4084 6356
495 345 598 399 M7

492 456 739 528 Alioquin
775 455 924 527 cujus
963 454 1042 511 rei
1071 454 1239 525 gratia
1269 452 1542 508 retulisset
1580 459 1788 520 partum
1819 456 2081 517 cognatm,

494 548 648 619 cujus
676 550 799 602 item
826 548 991 617 gratia
1019 546 1261 612 dixisset,
1296 544 1422 610 Quae
1442 553 1647 597 uocatur
1670 541 1894 595 sterilis?
1922 539 2087 594 Plane

492 655 589 709 per
616 640 793 696 omnia
817 638 1114 693 deducebat
1138 653 1255 693 eam
1287 635 1354 691 ad
1378 634 1704 691 credendum
1735 632 2086 687 annnntiatio-

494 732 547 783 ni
571 747 584 782 :
610 740 893 799 propterea
918 738 972 783 et
994 740 1202 799 tempus
1228 727 1380 793 dixit,
1409 734 1463 782 et
1484 736 1685 780 naturae
1709 723 2041 779 sterilitatem
2066 738 2080 775 :

495 830 774 890 propterea
824 830 877 874 et
906 830 1118 890 tempus
1147 819 1351 875 distulit
1379 818 1765 887 conceptionis.
1796 815 1913 871 Non
1941 816 2083 870 enim

492 914 671 965 statim
699 926 728 964 a
760 912 1020 983 principio
1057 912 1105 966 ei
1145 912 1513 965 annuntiatum
1535 917 1653 973 est,
1684 908 1779 964 sed
1810 907 2085 978 prieterito

493 1013 732 1073 tempore
753 1005 1020 1071 semestri,
1052 1012 1108 1058 ut
1140 1003 1277 1057 uteri
1307 1003 1515 1056 sarcina
1554 1002 1955 1070 conceptionem
1986 998 2081 1053 do-

489 1104 654 1150 ceret.
678 1096 742 1149 Et
759 1096 880 1150 vide
906 1104 1103 1165 quanta
1120 1094 1331 1149 Gabriel
1352 1094 1513 1148 utitur
1532 1093 1767 1147 solertia.
1797 1091 1911 1146 Non
1942 1092 2083 1145 enim

492 1190 544 1242 in
564 1189 876 1243 memoriam
895 1189 944 1243 ei
972 1189 1178 1243 reducit
1202 1188 1281 1243 vel
1302 1186 1537 1252 Sarratn,
1561 1186 1641 1239 vel
1662 1185 1974 1249 Rebeccam,
2002 1183 2084 1239 vel

494 1278 805 1334 Rachelem.
833 1279 1011 1344 Quare
1041 1288 1095 1332 et
1120 1293 1279 1347 quam
1308 1277 1377 1330 ob
1396 1290 1609 1329 causam
1633 1276 1655 1329 ?
1677 1274 1808 1329 Nam
1838 1274 1919 1327 hae
1945 1289 2081 1344 quo-

490 1385 597 1440 que
627 1374 841 1423 luerunt
861 1369 1090 1433 steriles,
1114 1379 1166 1423 et
1186 1368 1396 1434 vetulae,
1421 1375 1475 1420 et
1499 1381 1747 1435 magnum
1772 1365 2084 1419 miraculum

494 1462 547 1515 in
576 1462 679 1516 illis
707 1460 802 1515 fuit
830 1479 843 1515 :
878 1461 970 1515 sed
998 1461 1121 1531 quia
1150 1475 1339 1515 omnes
1371 1459 1453 1514 hre
1485 1461 1820 1514 narrationes
1853 1460 2087 1528 antiqua:

493 1562 679 1620 erant,
722 1552 938 1608 adducit
980 1568 1096 1607 eam
1128 1551 1193 1606 ad
1238 1552 1286 1605 id
1317 1550 1455 1621 quod
1487 1565 1655 1620 nuper
1680 1550 1999 1620 contigerat,
2032 1555 2090 1603 ut

494 1654 729 1699 mentem
756 1643 873 1715 ejus
893 1644 958 1699 ad
989 1643 1316 1698 credendum
1342 1652 1676 1712 provocaret.

574 1736 766 1809 Viginti
793 1737 938 1791 annis
968 1745 1247 1807 perseverat
1287 1752 1438 1789 orans
1468 1733 1640 1789 Isaac.
1670 1763 1742 1774 —
1762 1733 1866 1789 Sed
1898 1748 2087 1789 neces-

493 1829 695 1885 sarium
724 1839 807 1883 est
837 1838 894 1882 ut
921 1828 987 1882 ad
1019 1829 1317 1883 institutum
1347 1841 1653 1882 sermonem
1684 1825 1966 1880 redeamus
1989 1865 2003 1886 ,
2037 1833 2092 1879 ct

494 1921 858 1990 significemus
895 1920 1024 1989 justi
1074 1920 1367 1983 virtutem,
1419 1926 1475 1973 et
1520 1917 1790 1986 quomodo
1843 1916 2091 1985 precibus

495 2013 830 2068 sterilitatem
863 2011 1119 2066 Rebecca:
1150 2010 1403 2076 solverit,
1436 2018 1490 2063 et
1519 2008 1726 2063 vincula
1769 2017 1969 2061 naturae
1999 2023 2091 2061 su-

494 2103 777 2171 peraverit.
806 2102 899 2157 2|.
933 2102 1311 2171 Deprecabatur
1336 2111 1524 2163 autent,
1554 2101 1714 2165 dicit,
1748 2118 1841 2171 pro
1873 2099 2092 2153 Rebecca

493 2212 650 2248 ria-ore
674 2212 788 2258 sua,
811 2195 1045 2262 quoniam
1068 2194 1252 2248 sterilis
1278 2203 1385 2247 erat
1401 2234 1416 2256 ,
1441 2200 1488 2245 et
1515 2191 1768 2245 exaudivit
1796 2208 1909 2245 eum
1929 2188 2089 2243 Deus.

494 2285 609 2340 Non
637 2287 756 2354 quia
782 2301 904 2339 mox
934 2286 1005 2339 ita
1032 2285 1276 2339 subditur
1296 2294 1350 2339 et
1377 2285 1633 2352 scriptum
1658 2291 1763 2348 est,
1796 2292 1947 2352 putes
1969 2297 2090 2337 eum

494 2392 525 2431 e
555 2377 777 2446 vestigio
814 2386 867 2430 et
897 2376 1141 2445 protinus
1175 2382 1517 2444 assequutum
1552 2388 1674 2429 esse
1706 2373 1846 2443 quod
1875 2375 2093 2443 optabat

495 2476 549 2521 et
577 2468 865 2537 quazrebat.
910 2467 1038 2520 Nam
1072 2466 1252 2536 viginti
1285 2466 1440 2519 annis
1470 2465 1829 2532 perseveravit
1857 2480 2017 2517 orans
2042 2473 2095 2517 et

495 2558 791 2626 deprecans
819 2559 1002 2622 Deum,
1024 2565 1076 2611 et
1106 2566 1228 2612 tunc
1254 2556 1464 2611 tandem
1489 2565 1808 2624 assequutus
1838 2566 1919 2609 est
1949 2555 2091 2625 quod

495 2649 849 2704 desiderabat.
879 2650 946 2703 Et
983 2648 1121 2703 unde
1148 2649 1378 2702 sciemus
1405 2646 1542 2701 hoc?
1573 2646 1627 2701 Si
1664 2646 1941 2716 diligenter
1971 2662 2090 2715 per-

494 2756 771 2795 curramus
797 2757 915 2811 qnte
953 2741 1003 2794 in
1044 2740 1222 2795 divina
1262 2739 1535 2809 Scriptura
1577 2739 1939 2794 continentur.
1972 2737 2089 2792 Non

496 2834 640 2886 cnim
665 2844 873 2903 tempus
900 2832 1055 2886 nobis
1083 2831 1455 2887 absconditum
1479 2839 1581 2897 est,
1610 2829 1702 2884 sed
1726 2829 1958 2898 signavit
1978 2830 2095 2899 qui-

495 2925 657 2987 dem,
707 2924 930 2978 latenter
982 2934 1196 2988 tamen,
1247 2923 1316 2976 ita
1370 2930 1429 2977 ut
1482 2930 1734 2991 provocet
1772 2920 2095 2975 desiderium

496 3024 775 3081 nostrum,
823 3025 878 3070 et
905 3014 971 3068 ad
1014 3015 1229 3085 dignam
1264 3013 1663 3083 inquisitionem
1712 3011 1916 3065 incitet.
1964 3010 2096 3065 Nam

496 3108 636 3161 sicut
673 3109 854 3161 docuit
894 3122 991 3161 nos
1033 3121 1297 3160 annorum
1340 3119 1623 3158 numerum
1661 3118 1823 3172 quem
1862 3100 2047 3155 habuit
2076 3103 2093 3133 ¹

497 3198 710 3267 quando
743 3199 1040 3253 Rebeccam
1066 3198 1235 3262 duxit,
1269 3197 1338 3251 ita
1367 3196 1545 3252 ethoc
1568 3195 1722 3248 nobis
1754 3196 1927 3263 palam
1951 3194 2094 3249 fecit.

502 3290 630 3344 Erat
652 3292 816 3355 enim,
844 3291 1034 3361 inquit,
1058 3289 1207 3344 Isaac
1234 3306 1485 3343 annorum
1513 3290 1870 3359 quadraginta,
1894 3290 2098 3358 quando

499 3385 691 3451 accepit
722 3383 997 3436 Iiebeccum
1017 3383 1178 3450 ﬁliam
1202 3381 1475 3436 Bathuelis
1506 3380 1646 3452 Syri.
1706 3381 1942 3436 Didicisti
1973 3380 2097 3435 dili-

500 3485 689 3545 genter
733 3485 960 3544 tempus.
994 3472 1194 3528 Deinde
1234 3481 1514 3542 postquam
1558 3472 1733 3526 dixit:
1784 3470 2099 3539 Deprecatus

500 3576 573 3621 est
604 3565 755 3620 Isaac
786 3582 877 3632 pro
902 3582 1057 3620 uxore
1084 3582 1198 3631 sua,
1230 3566 1349 3637 quia
1376 3565 1561 3619 sterilis
1591 3574 1717 3631 erat,
1747 3572 1804 3618 ut
1829 3564 2097 3619 discamus

502 3674 761 3713 annorum
811 3673 1113 3724 numerum,
1159 3658 1448 3727 assignavit
1485 3656 1641 3711 nobis
1670 3665 1801 3727 quot
1835 3672 2099 3711 annorum

503 3747 661 3803 fuerit
693 3749 835 3802 Isaac
863 3749 1076 3818 quando
1103 3749 1210 3802 uati
1252 3756 1376 3803 sunt
1410 3748 1460 3803 ei
1493 3747 1584 3802 filii
1618 3747 1686 3802 de
1714 3747 1975 3802 Rebecca.
2004 3747 2095 3802 26.

504 3839 635 3894 Erat
664 3842 799 3893 enim
826 3838 979 3892 Isaac
1002 3881 1016 3904 ,
1050 3839 1242 3909 inquit,
1273 3854 1525 3893 annorum
1567 3839 1830 3910 sexaginta
1849 3880 1864 3904 ,
1894 3840 2099 3909 quando

504 3934 694 4005 peperit
726 3932 970 3986 Rebecca.
1014 3931 1072 3987 Si
1110 3932 1271 4003 igitur
1300 3931 1650 4002 quadraginta
1681 3947 1945 3986 annorum
1983 3944 2101 3987 erat

505 4022 716 4093 quando
745 4023 890 4078 illam
917 4021 1106 4088 duxit,
1138 4023 1411 4092 sexaginta
1440 4030 1622 4076 autem
1648 4022 1862 4090 quando
1893 4023 2101 4092 peperit

506 4132 658 4180 uxor,
688 4115 1027 4171 manifestum
1056 4123 1139 4169 est
1166 4129 1291 4169 eum
1324 4114 1479 4169 annis
1507 4114 1693 4183 viginti
1725 4129 2098 4183 perseverasse

507 4215 750 4260 orantem
783 4206 969 4269 Deum,
998 4215 1053 4259 et
1082 4214 1290 4259 uterum
1323 4205 1577 4259 Rebeccae
1606 4204 1847 4258 inutilem
1874 4219 2101 4273 genera-

506 4298 673 4363 tioni,
726 4297 972 4354 idoneum
1020 4297 1209 4351 fecisse
1253 4295 1353 4367 (a).
1403 4294 1624 4350 Vidistis
1667 4295 1929 4349 orationis
1971 4295 2095 4360 vim,

509 4388 777 4459 quomodo
825 4398 881 4443 et
925 4400 1165 4443 naturam
1211 4388 1379 4457 ipsam
1423 4385 1675 4455 superet?
1723 4386 1874 4441 Hunc
1916 4402 2103 4442 omnes

514 4481 813 4543 imitemur,
846 4489 900 4534 et
926 4481 997 4533 ita
1022 4480 1074 4533 in
1099 4479 1344 4548 precibus
1374 4478 1542 4532 simus
1570 4476 1791 4544 assidui,
1817 4478 2105 4549 animoque

512 4574 673 4629 sobrii
702 4584 753 4628 et
781 4572 1009 4627 humiles
1034 4591 1047 4627 :
1080 4570 1462 4641 audiamusque
1485 4570 1707 4624 Paulum
1727 4569 2102 4625 admonentem

514 4680 568 4723 et
609 4669 913 4723 dicentem:
963 4665 1207 4719 Levantes
1247 4674 1449 4718 sanctas
1492 4680 1671 4718 manus
1708 4664 1894 4734 absque
1934 4665 2013 4717 ira
2061 4673 2108 4717 et

497 4756 951 4830 disceptationibus
971 4757 1018 4829 (Ι
1034 4798 1046 4810 .
1074 4756 1206 4811 Tim.
1226 4754 1378 4829 2.8):
1407 4766 1462 4812 et
1486 4755 1794 4811 Studeamus
1813 4771 2025 4827 semper
2048 4758 2112 4810 li-

515 4852 686 4906 berari
732 4867 761 4905 a
810 4850 1227 4920 perturbatione,
1270 4858 1328 4903 ut
1370 4863 1525 4905 mens
1569 4848 1637 4903 sit
1678 4849 1733 4904 in
1775 4849 2062 4919 tranquillo
2090 4892 2104 4915 ,

514 4942 742 4995 maxime
767 4950 945 4995 autem
974 4955 1189 5010 precum
1218 4951 1488 5009 tempore,
1522 4939 1738 5010 quando
1759 4940 1925 4995 multa
1955 4940 2109 4996 nobis

511 5047 647 5102 opus
673 5041 757 5086 est
795 5048 826 5085 a
868 5032 978 5086 Deo
1005 5030 1348 5101 benignitate.
1382 5029 1516 5083 Nam
1546 5029 1592 5083 si
1632 5044 1733 5085 nos
1762 5030 1962 5085 viderit
1988 5047 2112 5100 pre-

512 5123 624 5178 cari
647 5123 940 5180 secundum
958 5123 1106 5193 leges
1131 5123 1199 5177 ab
1220 5137 1280 5177 se
1307 5122 1528 5190 positas,
1552 5122 1734 5179 statim
1760 5123 1915 5179 nobis
1939 5123 2110 5178 dono-

514 5232 635 5273 rum
673 5232 893 5273 suorum
939 5214 1238 5286 largitatem
1286 5214 1573 5269 liberaliter
1622 5215 1914 5270 concedet:
1965 5215 2108 5286 quod

515 5307 670 5361 nobis
713 5306 923 5376 assequi
978 5306 1154 5372 liceat,
1202 5305 1371 5375 gratia
1419 5313 1476 5361 et
1518 5304 1842 5375 benignitate
1895 5306 2107 5359 Domini

518 5398 685 5453 nostri
710 5395 839 5454 Jesu
860 5396 1089 5462 Christi,
1118 5411 1239 5451 cum
1265 5410 1371 5467 quo
1401 5396 1543 5450 Patri
1570 5396 1640 5451 sit
1662 5395 1861 5467 gloria,
1896 5395 2068 5450 honor
2090 5438 2107 5463 ,

518 5488 803 5557 imperium
826 5529 841 5554 ,
869 5488 1026 5543 simul
1053 5496 1107 5543 et
1134 5497 1321 5543 sancto
1349 5487 1588 5558 Spiritui,
1618 5503 1759 5545 nunc
1782 5495 1839 5543 et
1856 5502 2069 5559 semper
2089 5529 2106 5558 ,

522 5589 576 5633 et
602 5578 652 5631 in
685 5579 875 5633 sarcula
904 5579 1244 5634 smculorum.
1272 5581 1465 5634 Amen.

590 5694 605 5723 ι
640 5692 781 5741 Coisl.
806 5694 1001 5752 omittit,
1024 5705 1167 5754 quem
1190 5693 1370 5743 habuit.

590 5755 666 5811 (a)
700 5762 799 5802 Ituc
810 5755 1005 5821 desiuit
1017 5755 1158 5821 locus
1174 5755 1257 5803 ille
1276 5756 1486 5821 binc._ut
1508 5763 1720 5821 putatur,
1742 5771 1766 5805 a
1788 5758 2119 5821 Chrysostomo

520 5822 788 5877 excerptas
808 5814 858 5865 in
880 5817 1077 5867 ttotuilia
1101 5824 1167 5868 De
1192 5829 1288 5866 non
1311 5814 1596 5879 evulgandis
1619 5819 1818 5870 fratrum
1842 5814 2068 5876 uiuentis.

1269 339 1328 398 S.
1367 338 1646 396 JOANNlS
1684 331 2156 392 CllRYSOSTOMl
2196 333 2513 393 ARCIIIEP.
2554 338 3095 398 CONSTANTINOP.

3680 346 3786 404 MS

2803 454 3077 511 llOllllJA
3120 455 3181 511 L.

2187 580 2426 652 Concepit
2474 596 2644 641 autem
2698 588 2956 655 Rebecca,
3014 601 3061 645 et
3113 592 3435 651 colludebant
3486 595 3689 669 parvuli
3729 596 3784 649 in

2652 680 2743 733 illa
2784 680 2935 749 (Gen.
2963 683 3055 738 25.
3082 683 3172 739 2|.
3203 683 3317 755 22).

2262 814 2312 868 1.
2346 813 2517 869 Vultis
2543 814 2704 870 etiam
2726 814 2885 871 hodie
2908 832 3240 886 apponamus
3264 820 3470 874 caritati
3502 831 3699 876 vestra!
3727 839 3787 875 ea

2188 918 2307 972 qua:
2334 904 2388 959 iu
2412 906 2642 961 lectione
2665 906 2913 961 hesterna
2944 908 3128 962 relicta
3159 911 3319 963 sunt?
3348 911 3427 964 Ad
3452 912 3611 966 linem
3640 915 3786 967 enitn

2190 996 2483 1064 perducere
2513 1006 2682 1053 totum
2699 1012 3067 1069 argumentum
3093 1003 3459 1073 nequivimus;
3482 1005 3575 1057 sed
3604 1016 3789 1060 osten-

2189 1086 2364 1142 dimus
2402 1103 2499 1158 per
2536 1090 2777 1144 assiduas
2818 1106 3001 1161 preces
3046 1092 3194 1147 lsaac
3242 1095 3476 1163 potuisse
3524 1095 3790 1150 Rebecca:

2188 1179 2396 1233 vulvam
2426 1181 2654 1235 filiorum
2683 1182 3011 1252 generationi
3052 1184 3278 1239 reddere
3309 1185 3550 1241 idoneam
3582 1228 3599 1254 ,
3629 1198 3790 1241 natu-

2190 1286 2409 1341 ramque
2449 1273 2620 1342 ipsam
2651 1274 2893 1329 inutilem
2933 1273 3162 1342 factam,
3195 1287 3251 1330 ut
3281 1278 3351 1330 ita
3377 1278 3550 1332 dicam
3575 1318 3592 1344 ,
3624 1295 3786 1349 repa-
3810 1326 3837 1358 .

2191 1379 2310 1419 rare
2337 1382 2349 1418 :
2381 1364 2494 1419 hmo
2518 1367 2694 1420 omnia
2726 1367 2837 1419 lteri
2866 1368 2995 1421 satis
3025 1382 3120 1422 vos
3147 1368 3448 1434 docuimus,
3473 1381 3788 1425 monstran-

2192 1467 2272 1510 tes
2311 1472 2574 1512 annorum
2624 1474 2937 1523 numerum,
2970 1461 3198 1529 quibus,
3232 1472 3291 1514 ut
3332 1462 3435 1516 hoc
3476 1463 3792 1531 impetraret

2193 1547 2378 1602 beatus
2409 1549 2518 1614 ille,
2547 1564 2708 1605 orans
2737 1560 2789 1604 et
2815 1552 3111 1620 deprecans
3142 1555 3435 1621 permansit
3463 1572 3477 1608 :
3503 1565 3556 1609 et
3582 1556 3636 1609 in
3663 1570 3787 1610 ser-

2192 1654 2409 1693 monem
2432 1639 2500 1694 de
2523 1641 2791 1695 sterilibus
2811 1644 3034 1712 egressi,
3058 1644 3198 1697 dieta
3221 1644 3368 1698 vobis
3385 1661 3543 1699 causa
3568 1658 3791 1716 prepter

2190 1745 2349 1799 quam
2374 1730 2643 1800 justorum
2671 1733 2882 1787 illorum
2911 1749 3108 1788 uxores
3136 1736 3347 1789 steriles
3377 1736 3557 1803 fuere,
3582 1752 3791 1791 sermo-

2192 1835 2317 1875 nem
2339 1823 2560 1876 missum
2589 1824 2831 1877 iecimus.
2864 1825 3051 1893 Opera:
3097 1826 3321 1895 pretium
3372 1836 3551 1881 autem
3577 1837 3661 1881 est
3690 1843 3791 1883 nos

2192 1911 2350 1968 hodie
2387 1914 2595 1969 discere
2625 1914 2882 1970 Rebecca:
2927 1918 3228 1987 religiosam
3272 1929 3527 1981 mentem,
3578 1931 3636 1973 ut
3679 1937 3790 1974 non

2193 2005 2367 2058 solum
2396 2006 2549 2059 nobis
2570 2021 2599 2059 a
2624 2007 2817 2061 virtute
2840 2007 2970 2076 justi
2995 2009 3204 2062 lucrum
3229 2009 3467 2071 accedat,
3499 2009 3594 2063 sed
3624 2012 3790 2063 etiam

2193 2111 2257 2151 ex
2286 2096 2508 2151 historia
2531 2114 2650 2167 qua:
2676 2097 2975 2153 Rebeccam
3002 2098 3217 2169 respicit
3242 2141 3257 2166 ,
3285 2099 3351 2153 ad
3395 2101 3794 2154 inmolationem

2196 2202 2486 2256 provocare
2525 2190 2791 2257 possimus
2817 2189 3109 2243 auditores.
3146 2189 3435 2259 Postquam
3463 2192 3603 2245 enim
3651 2191 3794 2245 Dens

2195 2280 2465 2334 exaudivit
2502 2282 2801 2335 orationem
2841 2280 3007 2351 justi,
3034 2280 3124 2336 2|.
3154 2281 3222 2335 Et
3262 2293 3458 2336 uterum
3503 2284 3655 2352 gessit
3683 2283 3791 2337 Re-

2195 2369 2362 2437 becca,
2391 2370 2480 2424 22.
2522 2371 2878 2436 colludebant,
2934 2373 3137 2442 inquit,
3171 2373 3313 2440 pueri
3353 2375 3408 2426 in
3448 2391 3545 2439 ea,
3592 2384 3648 2428 et
3678 2390 3793 2428 ma-

2195 2478 2300 2533 gno
2345 2478 2464 2518 eam
2495 2463 2682 2519 dolore
2726 2465 3048 2519 afficiebaut.
3096 2464 3234 2519 Dixit
3275 2466 3445 2533 enim,
3472 2468 3679 2536 inquit,
3730 2468 3793 2520 Si

2196 2557 2270 2608 sic
2314 2556 2439 2609 mihi
2485 2557 2714 2625 futurum
2762 2557 2868 2622 sit,
2921 2574 3009 2610 cur
3056 2558 3179 2610 mihi
3224 2557 3366 2611 hoc?
3409 2558 3591 2628 Neque
3640 2562 3791 2613 euint

2199 2661 2335 2701 unus
2398 2656 2514 2702 erat
2570 2648 2907 2716 nasciturus,
2968 2648 3063 2702 sed
3112 2648 3248 2704 duos
3304 2650 3463 2704 simul
3519 2652 3571 2704 in
3639 2660 3793 2704 utero

2196 2753 2393 2809 pueros
2433 2741 2694 2809 gestabat,
2739 2749 2796 2793 et
2834 2754 2903 2794 ex
2945 2741 3185 2809 angustia
3226 2741 3449 2794 multum
3494 2743 3789 2795 cruciatum

2198 2832 2481 2887 sentiebat.
2507 2833 2611 2888 Sed
2657 2833 2746 2888 hic
2783 2833 2923 2898 vide,
2972 2834 3216 2899 obsecro,
3262 2835 3501 2889 mulieris
3542 2836 3791 2904 pietatem

2198 2933 2253 2978 et
2278 2924 2612 2994 religionem.
2644 2923 2760 2979 Non
2789 2925 2933 2979 enim
2962 2926 3101 2979 sicut
3141 2926 3392 2979 mulieres
3440 2927 3642 2990 inultae,
3672 2943 3793 2997 quae

2200 3015 2528 3084 negligenter
2568 3015 2766 3079 vivunt,
2819 3014 2979 3070 hodie
3028 3017 3202 3071 facere
3248 3029 3680 3081 consueverunt,
3723 3020 3793 3073 ad

2200 3106 2491 3161 humanum
2518 3107 2754 3177 confugit
2792 3107 3118 3172 subsidium,
3151 3124 3257 3162 non
3297 3113 3365 3162 ad
3403 3123 3496 3162 eos
3534 3111 3623 3179 qui
3670 3111 3793 3165 talia

2199 3201 2310 3254 suis
2352 3200 2694 3270 conjecturis,
2727 3217 2942 3273 suaeque
2968 3202 3188 3256 rationis
3214 3202 3677 3257 observationibus
3699 3205 3791 3272 ju-

2199 3290 2379 3345 dicare
2422 3293 2643 3358 volunt',
2672 3308 2844 3363 neque
2870 3308 2929 3347 se
2956 3294 3203 3362 exposuit
3235 3294 3536 3364 deceptioni
3562 3297 3794 3349 circula-

2202 3394 2397 3448 torum,
2426 3393 2480 3439 et
2506 3400 2691 3440 eorum
2718 3386 2806 3455 qui
2832 3386 3085 3455 pollicere
3113 3386 3312 3441 audent
3334 3403 3453 3457 qua:
3487 3404 3649 3457 supra
3690 3388 3794 3441 Int-

2200 3492 2412 3531 manant
2441 3484 2567 3531 sunt
2606 3485 2851 3531 naturam
2883 3477 3013 3531 :sed
3037 3476 3192 3541 Abiit,
3221 3477 3408 3547 inquit,
3433 3487 3487 3530 ut
3514 3480 3797 3532 consuleret

2200 3567 2496 3625 Dominum.
2526 3569 2661 3625 Vide
2685 3570 2921 3625 mulieris
2961 3570 3323 3641 sagacitatem.
3357 3571 3617 3639 Quoniam
3663 3573 3796 3625 vidit

2200 3678 2323 3717 eum
2360 3664 2450 3732 qui
2487 3665 2696 3718 vulvam
2735 3664 2851 3734 ejus
2892 3674 3174 3727 reserarat,
3217 3674 3272 3719 et
3319 3666 3409 3735 qui
3452 3665 3795 3720 infecundum

2202 3765 2443 3811 ventrem
2475 3766 2695 3826 repente
2718 3757 2789 3811 ita
2815 3757 3095 3812 fecundum
3125 3756 3393 3824 efl‘ecerat,
3430 3767 3637 3812 naturae
3670 3773 3795 3812 esse

2206 3848 2511 3913 Dominum,
2543 3851 2793 3919 quoniam
2821 3848 2953 3902 vidit
2974 3849 3107 3903 uteri
3138 3849 3403 3903 sarcinam
3428 3865 3616 3919 magna
3647 3865 3796 3919 quae-

2203 3940 2326 3995 dnm
2355 3943 2685 4010 promittere,
2707 3940 2860 4007 Abiit,
2882 3943 3070 4012 inquit,
3100 3951 3154 3995 ut
3184 3942 3466 3998 consuleret
3496 3942 3793 3997 Dominum.

2202 4032 2341 4099 Quid
2365 4040 2469 4099 est,
2498 4033 2630 4087 Abiit
2656 4042 2712 4087 ut
2755 4033 3035 4088 consuleret
3059 4033 3379 4091 Dominum?
3433 4037 3678 4093 Cucurrit
3728 4041 3797 4094 ad

2206 4141 2386 4181 veram
2414 4126 2713 4192 scientiam,
2744 4136 2798 4182 et
2825 4125 3097 4182 festinavit
3121 4129 3186 4183 ad
3216 4131 3547 4185 sacerdotem
3584 4132 3676 4186 Dei
3694 4134 3793 4186 ini-

2206 4218 2455 4285 uistrum,
2494 4233 2590 4287 per
2614 4234 2773 4288 quem
2805 4219 3032 4275 latenter
3058 4220 3136 4274 rei
3161 4221 3436 4275 scientiam
3463 4222 3673 4277 discere
3698 4240 3799 4277 cu-

2210 4309 2386 4378 piebat
2410 4310 2426 4340 ¹
2458 4327 2472 4363 :
2501 4318 2557 4364 et
2579 4323 2838 4364 enarrans
2855 4311 3032 4365 omnia
3053 4326 3174 4381 quae
3204 4312 3304 4366 sibi
3331 4314 3685 4384 contigerant,
3711 4315 3796 4368 di-

2205 4402 2335 4456 dicit
2359 4401 2639 4472 diligenter
2666 4405 2865 4467 omnia,
2884 4402 3229 4458 misericorde
3250 4404 3359 4458 Deo
3388 4421 3481 4475 per
3504 4410 3800 4463 sacerdotis

2208 4494 2444 4564 linguam
2492 4493 2773 4564 detegente
2809 4493 2860 4549 ei
2898 4496 3076 4549 omnia
3118 4495 3433 4562 manifeste,
3475 4509 3531 4552 et
3568 4498 3798 4553 alacrio-

2209 4602 2322 4642 rem
2351 4602 2469 4642 eam
2496 4588 2770 4643 reddente.
2788 4587 2852 4641 Et
2878 4595 2934 4641 ut
2959 4588 3098 4643 scias
3119 4598 3313 4659 quanta
3340 4599 3466 4645 tunc
3485 4600 3601 4644 erat
3615 4607 3798 4646 sacer-

2209 4680 2392 4735 dotum
2422 4680 2671 4751 dignitas,
2698 4696 2958 4751 nusquam
2988 4680 3118 4736 dicit
3142 4681 3472 4737 sacerdotem
3500 4684 3547 4736 ei
3575 4699 3802 4753 respon-

2210 4774 2375 4837 disse,
2389 4772 2484 4829 sed
2502 4783 2779 4844 postquam
2808 4773 2961 4840 dixit,
2976 4773 3111 4827 Abiit
3128 4783 3183 4826 ut
3196 4774 3481 4828 consuleret
3496 4773 3800 4839 Dominum,

2212 4866 2469 4935 subjecit,
2499 4865 2589 4920 25.
2612 4864 2680 4918 Et
2701 4864 2829 4918 dixit
2861 4863 3397 4935 Dominusei,nempe
3427 4881 3521 4936 per
3549 4867 3804 4921 sacerdo-

2213 4967 2339 5022 tem,
2357 4956 2499 5011 Duas
2510 4967 2679 5028 gentes
2690 4958 2742 5011 in
2758 4966 2899 5011 utero
2916 4970 3001 5010 tuo
3016 4958 3257 5011 contines.
3280 4956 3488 5013 Etenim
3501 4957 3672 5012 etalio
3686 4958 3806 5012 loco

2212 5052 2458 5121 angelum
2482 5059 2634 5104 vocat
2652 5048 2983 5105 sacerdotem
3003 5050 3179 5104 divina
3192 5049 3483 5119 Scriptura,
3515 5050 3809 5106 ostendens

2216 5145 2364 5199 illum
2383 5159 2445 5200 ea
2463 5144 2628 5214 loqui,
2660 5160 2778 5214 quae
2806 5145 3024 5213 inspirat
3044 5157 3105 5198 ac
3122 5145 3356 5213 suggerit
3371 5143 3597 5214 Spiritus
3610 5148 3804 5216 gratia.

2219 5236 2361 5291 Dixit
2388 5236 2547 5306 igitur
2576 5236 2831 5290 Dominus
2857 5236 2905 5290 ei
2935 5251 3031 5305 per
3058 5234 3428 5290 sacerdotem:
3463 5233 3597 5289 Dua:
3636 5250 3811 5307 gentes

2216 5328 2270 5381 in
2296 5337 2435 5383 utero
2461 5336 2546 5381 tuo
2568 5337 2707 5394 sunt,
2735 5336 2783 5381 et
2806 5327 2908 5381 duo
2925 5326 3102 5397 populi
3128 5328 3180 5380 in
3195 5335 3363 5380 ventre
3385 5335 3471 5381 tuo
3490 5326 3809 5395 dividentur,

2218 5429 2265 5474 et
2291 5419 2508 5489 papulas
2532 5420 2720 5490 papula
2752 5418 3039 5491 prmtabit,
3092 5428 3140 5473 et
3166 5421 3331 5491 major
3375 5423 3551 5475 seruiet
3600 5422 3810 5475 minori.

2220 5510 2355 5568 Vide
2381 5511 2686 5567 vaticinium
2726 5510 2870 5582 quod
2913 5508 3197 5565 manifeste
3246 5511 3487 5582 prtedicit
3530 5514 3581 5567 ei
3629 5514 3812 5573 omnia

2288 5699 2304 5727 ι
2340 5693 2478 5744 coisl.
2507 5701 2559 5743 et
2580 5697 2829 5754 lnterpres
2849 5688 3078 5754 vulgatus
3099 5690 3146 5739 in
3171 5689 3384 5739 Editione
3409 5689 3589 5740 ator-olli
3618 5705 3631 5739 :
3663 5700 3717 5741 El
3742 5694 3810 5751 fe-

2223 5757 2413 5822 stinavit
2444 5758 2508 5806 ad
2526 5751 2825 5822 sacerdotem
2851 5751 3249 5811 Deindnistrum,
3275 5766 3359 5818 per
3379 5766 3519 5815 quem
3561 5754 3811 5806 latentium

2229 5821 2472 5871 scientiam
2495 5820 2673 5864 volabat
2707 5820 2910 5867 discere.
