4084 6356
320 398 424 452 N9

316 512 511 565 futura.
541 509 802 565 Salientes
824 509 965 564 enim
997 508 1145 579 pueri
1168 509 1218 562 in
1246 516 1418 573 utero,
1448 517 1502 562 et
1530 504 1892 576 incompositis

315 603 553 674 gestibus
579 617 639 657 se
664 611 960 667 moventes,
981 601 1088 670 jam
1107 602 1283 654 omnia
1304 599 1501 669 liquido
1517 598 1890 667 przedicebant:

316 705 369 749 et
398 710 539 749 nunc
563 694 746 749 didicu
775 693 967 748 mulier
990 710 1091 745 non
1117 707 1175 746 se
1197 692 1330 746 duos
1381 692 1551 745 solum
1607 691 1893 760 parituram

316 798 531 855 pueros,
552 785 643 839 sed
666 794 718 838 et
738 784 854 838 illos
880 785 1117 853 ingentes
1159 781 1521 852 propagandos
1552 779 1686 847 fore,
1716 787 1771 835 et
1797 780 1895 831 mi-

316 890 502 929 norem
545 875 733 945 majori
758 874 1149 927 dominaturum
1189 888 1330 927 esse.
1371 873 1436 926 Et
1461 870 1669 940 quando
1711 878 1893 938 postea

316 970 757 1040 appropinquavit
800 980 1008 1038 tempus
1052 967 1308 1037 pariendi,
1361 966 1451 1020 25.
1496 965 1655 1028 lia-iit,
1697 962 1890 1033 inquit,

320 1064 511 1120 primus
553 1065 726 1132 rufus,
755 1062 898 1131 quasi
944 1062 1110 1130 pellis,
1130 1060 1356 1129 hispidus
1385 1074 1404 1113 :
1432 1069 1478 1111 et
1502 1058 1692 1111 vocavit
1713 1072 1892 1110 nomen

315 1155 447 1221 ejus,
472 1152 628 1207 Esau.
648 1151 717 1207 Et
734 1162 904 1223 postea
919 1153 1038 1206 exiit
1062 1156 1218 1224 frater
1232 1153 1361 1220 ejus,
1382 1159 1427 1206 et
1449 1166 1625 1204 manus
1640 1150 1746 1220 ejus
1765 1164 1895 1203 com-

316 1244 580 1313 prehendit
617 1246 905 1297 calcaneum
941 1244 1101 1307 Esat't,
1129 1255 1174 1297 et
1203 1243 1390 1297 vocavit
1430 1258 1610 1295 nomen
1648 1241 1777 1311 ejus,
1798 1238 1894 1292 Ja-

314 1344 405 1389 cob
422 1337 436 1366 ι
473 1352 491 1389 :
518 1338 666 1406 quasi
693 1337 798 1404 jam
825 1337 959 1391 etab
977 1337 1123 1391 initio
1146 1343 1407 1391 monstret
1432 1335 1571 1388 Deus
1610 1333 1889 1397 minorem,

312 1428 609 1481 secundum
640 1427 692 1481 id
722 1428 861 1497 quod
900 1427 1096 1482 dictum
1143 1435 1244 1492 est,
1274 1424 1459 1494 majori
1502 1438 1622 1479 esse
1653 1422 1895 1477 domina-

317 1527 513 1571 tnrum.
546 1518 682 1572 Dicit
717 1518 879 1583 enim,
910 1518 1124 1573 tenebat
1160 1532 1317 1571 manu
1354 1516 1659 1570 calcaneum
1701 1513 1844 1567 Esat't
1873 1528 1893 1566 :

315 1611 369 1664 id
397 1611 538 1681 quod
580 1621 696 1667 erat
733 1612 940 1680 signum
970 1610 1270 1681 superantis
1297 1624 1416 1664 eum
1464 1609 1553 1678 qui
1580 1606 1731 1661 fortis
1773 1620 1892 1660 esse

316 1701 611 1756 videbatur.
657 1703 722 1755 Et
768 1700 1046 1755 considera
1086 1700 1319 1754 divinant
1369 1698 1715 1768 Scripturam,
1760 1710 1894 1767 quo-

315 1793 475 1847 modo
502 1804 719 1863 propter
741 1808 802 1847 ea
826 1807 944 1862 quas
988 1802 1168 1860 postea
1210 1790 1382 1845 futura
1424 1797 1595 1853 erant,
1619 1789 1729 1859 jam
1758 1804 1893 1858 pra:-

315 1885 463 1949 dicit,
492 1894 545 1938 et
574 1885 641 1939 ab
668 1883 817 1938 initio
845 1891 1103 1939 monstrat
1128 1878 1279 1937 nobis
1309 1881 1580 1949 utriusque
1606 1877 1839 1934 studium
1874 1895 1887 1930 :

315 1987 368 2031 ct
388 1976 529 2047 quod
568 1977 656 2029 ille
680 1976 891 2045 quidem
917 1974 1181 2029 venationi
1212 1972 1440 2035 deditus,
1466 1971 1551 2025 hic
1573 1985 1700 2025 vero
1730 1971 1891 2024 rusti-

315 2083 412 2122 cus
449 2077 595 2121 esset
638 2068 815 2131 homo,
862 2066 1107 2134 simplex,
1139 2064 1354 2117 domum
1400 2062 1719 2116 inhabitans.
1764 2060 1894 2115 Pro-

318 2169 497 2227 pterea
530 2158 767 2211 Rebecca
804 2157 1053 2226 diligebat
1094 2154 1276 2219 Jacob,
1309 2155 1453 2208 Isaac
1487 2161 1660 2207 autem
1705 2152 1843 2206 Esau
1876 2168 1890 2204 :

315 2249 406 2304 28.
441 2250 692 2314 Quoniam
731 2249 927 2302 venatio
956 2249 1082 2318 ejus,
1122 2238 1313 2316 inquit,
1338 2245 1476 2298 cibus
1504 2254 1609 2299 erat
1634 2243 1730 2297 illi.
1758 2232 1893 2297 Vide

315 2343 584 2412 quomodo
622 2356 816 2411 pueros
853 2341 1195 2410 distinguant.
1229 2340 1296 2393 Et
1321 2350 1490 2394 mater
1527 2337 1737 2408 quidem
1768 2352 1892 2407 erga

317 2435 484 2490 Jacob
522 2436 779 2504 majorem
826 2433 1126 2489 declarabat
1167 2431 1608 2494 benevolentiam,
1646 2446 1711 2485 eo
1752 2429 1894 2499 quod

319 2528 610 2596 simplicem
636 2525 849 2581 videbat
874 2534 927 2580 et
951 2524 1095 2579 domi
1142 2530 1439 2578 versantem
1475 2540 1486 2573 :
1521 2531 1671 2591 pater
1716 2532 1892 2577 autem

317 2618 567 2687 diligebat
610 2617 768 2680 Esai‘t,
811 2625 919 2670 tum
962 2614 1099 2685 quod
1141 2613 1521 2683 primogenitus
1559 2620 1739 2677 esset,
1782 2620 1893 2666 tum

317 2708 459 2778 quod
489 2709 771 2761 venatione
812 2707 925 2776 ejus
948 2714 1270 2760 vescerctur.
1299 2704 1424 2758 Haec
1447 2702 1657 2772 quidem
1697 2702 1774 2756 illi
1817 2702 1898 2756 fa-

317 2804 531 2857 ciebant
559 2801 849 2855 naturalem
870 2782 1202 2853 dilectionem
1228 2804 1545 2867 sequentes;
1591 2796 1894 2850 vaticinium

320 2902 497 2947 autem
528 2890 778 2961 paulatim
813 2889 1148 2959 implebatur,
1184 2887 1310 2942 illud
1339 2887 1559 2951 scilicet,
1593 2885 1766 2955 Major
1784 2902 1893 2939 ser-

319 2986 419 3038 viet
451 2984 652 3037 minori.
693 2981 825 3036 Vide
858 2980 999 3035 enim
1046 2979 1241 3033 statim.
1265 2976 1355 3032 29.
1385 2975 1549 3040 Coxit,
1597 2976 1784 3046 inquit,
1802 2975 1896 3029 Ja-

319 3080 411 3133 cob
446 3079 717 3131 coetionem
752 3076 923 3129 :venit
964 3082 1130 3127 autem
1160 3071 1298 3126 Esau
1334 3085 1396 3124 ea:
1424 3086 1602 3140 campo
1638 3069 1891 3138 deﬁciens.

322 3170 412 3226 30.
445 3169 511 3222 Et
535 3169 661 3222 dixit
682 3166 821 3220 Esati
847 3166 915 3218 ad
948 3163 1109 3218 Iacob
1134 3177 1153 3216 :
1185 3160 1294 3215 Fac
1319 3178 1397 3215 me
1423 3170 1623 3233 gustare
1649 3159 1710 3214 de
1729 3159 1897 3214 edulio

322 3266 418 3317 hoc
460 3267 595 3333 rufo,
640 3262 759 3331 quia
801 3258 999 3343 deﬁcio.
1046 3255 1322 3323 Propterea
1355 3262 1583 3307 vocatum
1620 3260 1691 3305 est
1717 3268 1899 3305 nomen

322 3358 453 3426 ejus,
484 3354 703 3408 Edom'.
730 3351 818 3406 51.
850 3348 917 3402 Ει
951 3347 1079 3402 dixit
1113 3344 1273 3399 Jacob
1301 3360 1319 3398 :
1349 3344 1430 3398 Da
1457 3344 1581 3397 mihi
1623 3343 1771 3397 Itodie
1795 3343 1900 3413 pri-

322 3446 573 3517 mogenita
600 3455 705 3497 tua.
730 3443 822 3497 llle
841 3449 1017 3495 autem
1037 3438 1213 3493 dixit:
1241 3436 1377 3503 Quid
1405 3434 1533 3489 mihi
1573 3434 1717 3489 hisce
1743 3448 1896 3503 Opus,

325 3556 445 3594 cum
467 3553 611 3593 mors
621 3539 728 3606 jam
750 3550 836 3591 me
856 3532 1085 3599 invadat,
1103 3530 1203 3585 nisi
1222 3543 1475 3599 accepero
1494 3527 1668 3583 cibum
1692 3528 1762 3595 (υ.
1783 3527 1899 3591 52)?

326 3632 474 3687 Alius
495 3639 671 3684 autem
695 3628 1053 3698 juramentum
1077 3621 1336 3693 exigebat,
1364 3626 1422 3673 ut
1447 3618 1651 3673 stabilis
1674 3618 1722 3673 ei
1749 3617 1902 3673 ﬁeret

326 3726 417 3779 illa
446 3722 739 3778 concessio.
766 3720 857 3775 '53.
883 3716 954 3771 Et
970 3715 1182 3785 juravit,
1216 3712 1404 3782 inquit,
1434 3709 1591 3764 Esau.

397 3816 450 3869 2.
486 3815 625 3869 Ecce
660 3824 801 3866 nunc
834 3809 921 3864 hic
950 3809 1187 3862 inversus
1210 3813 1292 3859 est
1326 3802 1476 3867 ordo,
1504 3809 1558 3856 et
1582 3800 1901 3870 primogeni-

328 3922 461 3964 turzn
488 3908 717 3979 dignitas
745 3902 954 3958 transiit
985 3900 1049 3954 ad
1075 3914 1194 3953 eum
1222 3896 1313 3966 qui
1348 3895 1541 3949 virtute
1569 3893 1728 3947 animi
1768 3906 1903 3963 prat-

327 4001 583 4074 fulgebat.
611 3998 680 4052 Et
706 3995 947 4060 vendidit,
993 3991 1184 4061 inquit,
1217 3988 1355 4043 Esait
1401 3984 1731 4057 primogenita
1759 3998 1777 4037 .'
1804 3984 1906 4036 hoc

327 4104 444 4161 est,
490 4090 727 4148 vendidit
745 4088 847 4143 cibi
888 4084 1055 4156 gratia
1083 4082 1390 4151 dignitatem
1420 4095 1448 4131 a
1477 4085 1661 4131 natura
1689 4074 1786 4129 sibi
1812 4074 1905 4128 dav

331 4198 441 4241 tam
474 4204 487 4239 :
517 4184 634 4238 ideo
658 4190 713 4236 et
738 4178 1008 4241 subdidit,
1040 4174 1129 4230 54.
1161 4171 1227 4225 Et
1265 4168 1579 4241 parvipendit
1612 4166 1752 4220 Esau
1794 4165 1903 4235 pri-

330 4278 617 4350 mogenita;
659 4272 811 4344 quasi
849 4270 1049 4324 diceret
1080 4284 1094 4320 :
1124 4265 1363 4334 Ingratus
1399 4269 1513 4314 erat
1553 4274 1616 4313 ac
1658 4257 1906 4327 indignus

329 4386 419 4433 ea,
446 4383 604 4439 quam
633 4364 735 4420 sibi
775 4369 962 4416 natura
1006 4356 1247 4417 dederat,
1273 4352 1546 4422 dignitate.
1574 4350 1687 4403 Hoc
1728 4358 1905 4402 autem

333 4471 505 4516 totum
529 4467 630 4520 est,
662 4466 721 4509 ut
742 4454 881 4508 illius
923 4450 1378 4505 demonstraretur
1408 4443 1641 4512 ingratus
1675 4439 1903 4504 animus,

330 4564 389 4609 et
416 4552 510 4607 Dei
534 4548 803 4603 oraculum
843 4541 1242 4611 adimpleretur.

410 4644 461 4697 Μ
469 4641 624 4696 oralis
650 4636 895 4708 epilogus.
925 4633 1000 4685 De
1040 4635 1326 4698 contemptu
1368 4623 1671 4677 divitiarum.
1695 4650 1764 4660 —
1784 4619 1908 4674 lltec

288 4730 291 4731 ⁷
333 4735 612 4791 audientes
656 4729 920 4782 discamus
961 4734 1247 4791 numquam
1295 4715 1562 4786 negligere
1588 4710 1909 4765 donaaDeo

334 4827 491 4883 nobis
516 4823 659 4885 data,
691 4831 862 4887 neque
883 4823 1097 4885 pr0pter
1136 4824 1294 4879 parva
1320 4817 1374 4861 et
1394 4806 1515 4859 vilia
1560 4816 1748 4873 magna
1792 4815 1911 4870 per-

338 4922 485 4976 dere.
504 4918 677 4983 Quare
703 4913 866 4975 enim,
890 4909 975 4963 die
995 4904 1143 4969 mihi,
1162 4903 1431 4972 proposito
1453 4911 1615 4967 regno
1635 4895 1907 4957 ctelorum,

335 5013 600 5081 bonisque
627 5008 730 5062 illis
760 4999 1131 5062 inell‘abilibus,
1152 4998 1221 5051 ita
1251 4996 1302 5049 in
1331 4993 1631 5048 divitiarum
1649 4987 1910 5058 cupidita-

336 5119 452 5162 tem
478 5101 788 5163 insanimus,
821 5104 875 5150 et
902 5100 1293 5153 momentanea,
1317 5102 1433 5156 quae
1454 5099 1595 5153 sarpe
1615 5098 1719 5136 non
1747 5095 1912 5149 usque

336 5198 406 5253 ad
427 5207 695 5263 vesperam
718 5192 1046 5259 permanent,
1071 5179 1337 5251 perpetuis
1356 5190 1668 5245 semperque
1692 5174 1909 5228 duratu-

336 5292 417 5346 ris
460 5281 831 5359 praeferimus?
856 5280 921 5335 Et
948 5276 1074 5348 quid
1115 5275 1214 5328 hac
1259 5270 1485 5325 amentia
1521 5267 1753 5323 deterius
1791 5280 1910 5319 esse

402 5406 417 5435 ¹
445 5402 586 5459 Haec,
633 5408 678 5449 et
719 5395 908 5449 vocavit
945 5407 1113 5445 nomen
1154 5392 1259 5459 ejus
1299 5386 1606 5459 Jancobjxat
1632 5383 1917 5459 ἐπᾴξεᾳὶἷρ

333 5443 678 5525 a-.o.£;"&i=o'zi
723 5443 994 5525 iuliae),
1025 5443 1206 5505 desunt
1248 5455 1298 5499 iu
1322 5443 1593 5525 “Saviliif‘tL
1622 5443 1920 5525 Quibusdam

336 5509 715 5585 manuscriptis;
736 5509 788 5571 in
805 5509 951 5570 t‘oisl'.
965 5509 1152 5585 'autenr
1168 5514 1512 5585 reperiuntur:
1527 5509 1920 5585 beanc‘ipsam

336 5601 539 5636 causam
576 5576 725 5648 modo
757 5580 1099 5648 supplevimus
1139 5579 1437 5648 hasuvoces,
1469 5578 1513 5621 et
1537 5576 1719 5619 vocavit
1750 5579 1923 5618 nomen

334 5648 446 5713 ejus
475 5650 619 5699 Esau.
645 5645 795 5715 (ζοὶςε-,Ιζ
816 5642 868 5692 et
899 5642 1052 5713 Biblia
1073 5642 1292 5748 seauuti.
1495 5692 1505 5703 υ
1648 5690 1657 5700 ι
1898 5708 1923 5720 ⁸

408 5714 429 5742 ⁸
459 5712 589 5760 llaec.
619 5722 665 5760 et
685 5708 815 5757 dixit
843 5706 968 5753 Esau
1095 5702 1129 5749 E
1168 5697 1541 5760 om,‘de§t_1_n_ttn
1572 5688 1726 5760 fiorsl.
1750 5690 1804 5760 et
1831 5684 1903 5760 ἓξ

341 5777 431 5822 vil.
459 5746 1305 5823 illud?
1350 5756 1479 5807 Bibl.
1527 5753 1727 5809 addunt,
1764 5746 1926 5807 hodie,

339 5835 479 5900 quod
504 5835 754 5898 expressit
777 5832 1036 5890 interpres.

1362 394 1426 448 IN
1465 393 1616 449 CAP.
1656 389 1822 447 XXV.
1863 384 2106 448 GENES.
2148 388 2377 448 HOMIL.
2419 392 2483 449 L.

3470 401 3574 457 450

2001 505 2200 573 possit?
2247 506 2458 576 quando
2494 514 2549 561 et
2596 506 2697 563 illis
2746 508 3014 579 privamur
3038 510 3107 567 ob
3132 511 3354 569 nimium
3382 513 3434 570 in
3458 516 3572 572 haec

2001 609 2259 659 amorem,
2287 608 2341 653 et
2366 614 2650 675 numquam
2700 600 2782 656 his
2806 602 2907 657 frui
2949 619 3077 674 pure
3115 621 3414 675 possumus.
3444 611 3575 677 Quae

2002 686 2162 753 enim,
2191 703 2390 756 quasso,
2418 691 2612 745 utilitas
2653 708 2961 762 magnarum
3004 695 3343 754 facultatum?
3368 703 3449 755 An
3474 717 3574 757 ne-

2001 776 2148 831 scitis
2172 781 2529 835 accessionem
2571 784 2849 838 multarum
2884 790 3226 854 pecuniarum
3254 791 3384 846 nihil
3429 795 3574 850 aliud

2000 866 2154 921 nobis
2195 868 2403 935 afferre,
2434 887 2591 941 quam
2629 888 2873 930 curarum
2893 877 3238 947 incrementa,
3268 885 3573 953 occupatio-

2001 975 2096 1014 nes
2124 963 2334 1029 mentis,
2358 972 2413 1018 et
2440 965 2680 1035 vigilias?
2708 966 2821 1023 Non
2864 970 3051 1025 videtis
3080 971 3178 1028 hos
3214 977 3450 1031 omnium
3478 994 3576 1047 po-

2000 1050 2283 1118 tissimum,
2336 1064 2393 1108 ut
2435 1057 2506 1109 ita
2544 1055 2737 1125 dicam,
2781 1074 2966 1116 servos
3006 1077 3144 1132 esse,
3188 1067 3377 1136 quibus
3422 1070 3575 1138 plura

1998 1138 2257 1207 afﬂuunt,
2305 1153 2361 1197 et
2402 1146 2637 1214 quotidie
2691 1150 2904 1205 umbras
2961 1152 3100 1221 ipsas
3156 1155 3394 1211 timent?
3446 1159 3574 1213 Inde

1998 1232 2141 1286 enim
2176 1246 2463 1291 nascuntur
2500 1238 2704 1294 insidiae
2724 1280 2739 1307 ,
2764 1242 3073 1312 invidentia,
3105 1247 3281 1301 odium
3310 1264 3490 1319 grave,
3519 1261 3575 1306 et

1998 1321 2275 1380 innumera
2314 1327 2414 1381 alia
2460 1330 2619 1384 mala.
2653 1333 2718 1386 Et
2744 1348 2885 1403 saepe
2931 1335 3081 1392 vides
3125 1354 3249 1393 eum
3286 1342 3376 1411 qui
3412 1343 3573 1399 habet

1999 1412 2182 1468 decem
2219 1416 2378 1470 millia
2424 1420 2620 1474 talenta
2646 1424 2761 1477 auri
2803 1427 3092 1493 recondita,
3120 1429 3335 1486 beatum
3380 1450 3577 1491 vocare

1998 1518 2119 1559 eum
2164 1509 2253 1576 qui
2294 1508 2349 1562 in
2390 1511 2597 1566 ofﬁcina
2641 1525 2909 1584 operatur,
2944 1531 2996 1573 et
3019 1535 3085 1574 ex
3113 1521 3291 1578 labore
3319 1540 3575 1581 manuum

1997 1596 2177 1651 cibum
2224 1609 2393 1668 parat.
2440 1605 2618 1669 Qualis
2663 1608 2823 1676 igitur
2870 1611 3133 1681 voluptas,
3172 1626 3264 1669 aut
3304 1619 3460 1688 quale
3492 1622 3575 1675 lu-

1998 1701 2168 1756 crum,
2184 1694 2393 1761 quando
2416 1710 2587 1765 neque
2614 1699 2694 1753 his
2716 1701 2955 1768 fruimur,
2969 1714 3023 1759 et
3050 1717 3265 1777 propter
3287 1714 3421 1766 hanc
3445 1728 3577 1768 cott-

1996 1782 2376 1850 cupiscentiam
2402 1786 2563 1841 etiam
2590 1791 2876 1859 majoribus
2902 1797 3202 1863 privamur?
3226 1802 3362 1865 Quid
3396 1814 3576 1859 autem

1998 1871 2117 1928 dico
2140 1875 2448 1944 majoribus,
2471 1880 2683 1949 quando
2708 1897 2829 1938 cum
2850 1886 3004 1941 malis
3023 1904 3140 1957 quze
3159 1891 3243 1944 hic
3263 1908 3359 1947 nos
3379 1908 3573 1963 appre-

1997 1963 2252 2047 hendunt,
2282 1977 2385 2023 eta
2412 1970 2566 2026 bonis
2612 1990 2730 2045 qua:
2779 1978 2850 2032 ibi
2892 1988 3017 2034 sunt
3057 1982 3368 2051 excidimus,
3412 1996 3466 2040 et
3506 1990 3574 2042 ad

1997 2055 2292 2126 gehennam
2312 2060 2481 2130 ipsam
2500 2064 2788 2121 mittimur?
2810 2069 2877 2124 Et
2905 2072 3136 2127 nondum
3158 2075 3277 2130 dico
3298 2078 3574 2135 innumera

1998 2159 2213 2217 peccata
2237 2166 2355 2221 quae
2385 2153 2510 2209 hinc
2536 2158 2873 2229 colliguntur,
2903 2161 3077 2229 dolos,
3094 2167 3405 2236 calumnias,
3427 2173 3572 2240 rapi-

1999 2255 2095 2294 nas
2122 2252 2174 2295 et
2204 2242 2435 2300 fraudes.
2485 2246 2679 2303 Verum
2718 2252 2924 2306 etiamsi
2950 2255 3069 2323 quis
3093 2257 3161 2311 ab
3186 2258 3430 2315 omnibus
3466 2262 3575 2317 illis

1999 2330 2153 2398 liber,
2209 2332 2261 2386 id
2304 2335 2445 2403 quod
2487 2350 2745 2407 perquam
2784 2340 2999 2397 diﬂicile
3041 2354 3094 2398 et
3137 2360 3346 2412 rarum,
3384 2349 3574 2419 opibus

1998 2422 2249 2491 abundet,
2279 2434 2333 2479 et
2363 2427 2476 2496 ipse
2520 2428 2667 2483 solus
2694 2431 2773 2486 eis
2801 2441 2999 2500 utatur,
3032 2446 3086 2489 et
3109 2451 3201 2491 eas
3226 2453 3349 2492 cum
3385 2441 3451 2494 iis
3482 2443 3575 2510 qui

1998 2528 2130 2583 opus
2175 2515 2371 2571 habent
2412 2533 2520 2571 non
2562 2519 2707 2591 large
2732 2526 3119 2592 communicet,
3151 2543 3273 2582 cum
3313 2532 3575 2600 gehennae

1998 2605 2135 2675 ignis
2162 2609 2407 2677 excipiet.
2436 2611 2587 2678 Quod
2612 2628 2711 2668 nos
2733 2616 3015 2671 manifeste
3052 2618 3209 2674 docet
3248 2623 3496 2691 parabola
3518 2625 3575 2679 itt

1997 2701 2287 2773 Evangelia
2330 2706 2518 2773 posita,
2564 2722 2687 2761 cum
2729 2712 2911 2764 statuit
2934 2712 3067 2766 alios
3090 2714 3365 2784 adextris,
3394 2719 3576 2775 aliosa

1999 2798 2226 2852 sinistris
2258 2815 2271 2850 :
2307 2798 2512 2867 illisque
2534 2799 2667 2854 dixit
2695 2813 3049 2870 praeparatum
3077 2820 3196 2861 esse
3224 2820 3447 2878 regnum
3469 2826 3577 2865 cte-

1999 2888 2173 2942 lorum
2197 2888 2265 2942 ob
2289 2904 2469 2944 curam
2510 2891 2691 2960 egenis
2720 2893 3011 2962 impensam
3039 2912 3052 2948 :
3095 2893 3264 2952 Venite
3302 2900 3467 2966 enim,
3489 2901 3574 2955 in-

1999 2980 2130 3048 quit,
2161 2980 2401 3034 benedicti
2423 2979 2596 3035 Patris
2619 2983 2736 3049 mei,
2762 2984 2815 3036 in
2842 2983 3167 3040 hereditatem
3203 2990 3414 3060 accipite
3441 3007 3576 3062 pra:-

2003 3082 2233 3139 paratum
2250 3073 2385 3127 vobis
2410 3090 2616 3143 regnum
2633 3073 2694 3127 ab
2717 3075 2907 3146 origine
2926 3077 3100 3131 mundi
3124 3078 3330 3149 (Matth.
3350 3081 3440 3137 25.
3458 3084 3573 3151 54).

2000 3161 2106 3218 Cur
2124 3173 2177 3219 et
2213 3180 2316 3236 qua
2353 3166 2421 3221 de
2463 3166 2659 3221 causa?
2696 3166 2899 3221 Esurivi
2934 3170 3085 3236 enim,
3120 3180 3169 3225 et
3207 3172 3413 3228 dedistis
3450 3176 3577 3229 mihi

2001 3258 2259 3315 comedere
2301 3245 2459 3328 (Ibid.
2497 3274 2546 3312 υ.
2594 3258 2706 3329 35).
2742 3258 2836 3313 His
2876 3274 3003 3314 vero
3048 3261 3221 3330 ignem
3268 3271 3573 3321 aeternum:

2002 3349 2131 3403 dicit
2147 3348 2290 3403 enim
2313 3368 2326 3404 ;
2352 3347 2640 3402 Disceditea
2651 3365 2750 3413 me,
2764 3349 3049 3419 maledicti,
3061 3353 3117 3407 in
3131 3351 3572 3423 ignemazternum,

2002 3442 2087 3510 qui
2110 3450 2424 3511 prwparatus
2449 3448 2522 3493 est
2549 3439 2749 3494 diabolo
2777 3450 2823 3493 et
2848 3442 3039 3510 angelis
3065 3446 3176 3511 ejus
3197 3444 3356 3514 (Ibid.
3382 3460 3431 3499 υ.
3457 3446 3574 3515 41).

2004 3532 2249 3603 Magnum
2276 3533 2421 3588 verbi
2466 3533 2674 3601 pondus
2699 3551 2712 3585 :
2741 3535 2977 3587 omnium
3019 3534 3274 3591 Dominus
3300 3546 3354 3593 et
3378 3538 3577 3593 Condi-

2004 3632 2088 3679 tor
2106 3624 2260 3678 dicit‘
2285 3640 2299 3676 :
2321 3622 2541 3689 Esurivi,
2560 3632 2605 3676 et
2639 3639 2739 3676 non
2754 3625 2958 3678 dedistis
2983 3625 3107 3679 mihi
3133 3628 3389 3682 comedere
3411 3629 3575 3701 (Ibid.

2004 3730 2053 3769 υ.
2097 3714 2211 3784 42).
2255 3715 2420 3784 Cujus
2460 3714 2691 3769 animam
2736 3730 2841 3769 non
2887 3716 3173 3772 movebunt
3215 3717 3331 3774 haec
3372 3722 3571 3789 verba,

2004 3810 2209 3864 etiamsi
2240 3807 2442 3876 lapidea
2470 3806 2571 3860 sit?
2594 3805 2844 3860 Dominus
2886 3816 3006 3862 tttus
3045 3808 3288 3864 esuriens
3322 3810 3580 3867 obambu-

2006 3901 2100 3966 lat,
2127 3908 2181 3953 ει
2206 3908 2259 3952 ιιι
2275 3913 2332 3952 es
2354 3899 2405 3951 in
2434 3897 2639 3953 deliciis
2663 3914 2676 3950 :
2704 3912 2877 3968 neque
2904 3899 3006 3954 hoc
3026 3900 3217 3967 solum,
3240 3903 3331 3957 sed
3360 3902 3412 3957 in
3439 3902 3578 3959 deli-

2006 3992 2103 4046 ciis
2148 3991 2316 4060 ipsum
2345 3989 2606 4058 despicis;
2637 3990 2847 4043 tametsi
2887 4004 2993 4045 non
3022 3991 3246 4046 multum
3282 3993 3353 4048 sit
3379 3995 3522 4065 quod
3545 3978 3611 4050 a5

2009 4093 2061 4138 te
2092 4085 2252 4154 petit;
2286 4096 2476 4151 nempe
2501 4097 2691 4152 panem
2706 4083 2897 4148 solum,
2911 4098 3016 4153 quo
3035 4083 3231 4139 famem
3256 4087 3423 4155 possit
3447 4088 3578 4142 sub-

2008 4176 2205 4230 levare.
2236 4175 2301 4229 Et
2327 4174 2440 4245 ipse
2463 4174 2678 4245 quidem
2703 4174 2898 4243 frigore
2937 4176 3207 4244 rigescens
3233 4177 3578 4243 obambulat,

2009 4278 2064 4322 tu
2094 4279 2273 4323 autem
2300 4267 2484 4323 sericis
2508 4266 2721 4321 indutus
2746 4281 2813 4321 ne
2839 4269 3057 4336 respicis
3082 4269 3327 4336 quidem,
3382 4271 3580 4325 nullam

2009 4361 2528 4417 commiserationem
2555 4374 2666 4429 prae
2710 4369 2761 4413 te
2798 4357 2924 4424 fers,
2953 4359 3049 4413 sed
3096 4361 3584 4418 immisericorditer

2010 4454 2268 4526 pra-teris.
2291 4452 2357 4506 Et
2370 4466 2473 4521 qua
2486 4451 2636 4505 venia
2652 4459 2776 4504 sunt
2798 4450 2910 4504 hzec
2924 4450 3079 4520 digna
3096 4451 3210 4506 ?Ne
3220 4452 3376 4522 igitur
3391 4455 3461 4507 sit
3481 4454 3584 4510 hoc

2012 4545 2522 4608 studiumnostrum,
2575 4552 2632 4595 ut
2658 4542 2851 4595 multas
2895 4542 3166 4611 quibusvis
3207 4544 3411 4599 artibus
3453 4560 3585 4616 opes

2010 4641 2382 4708 conquiramus
2412 4653 2427 4689 :
2453 4634 2548 4690 sed
2573 4634 2701 4690 illud
2732 4636 2782 4688 in
2803 4649 2965 4704 300po
2987 4635 3293 4703 habeamus,
3317 4639 3586 4706 quomodo

2014 4743 2064 4787 et
2094 4733 2206 4785 haec
2234 4732 2370 4784 bene
2398 4729 2763 4798 disponamus,
2808 4737 2863 4779 et
2908 4726 3089 4794 egenis
3135 4727 3588 4782 consulamuszet

2014 4841 2082 4879 ne
2108 4824 2174 4877 ab
2199 4823 2301 4877 illis
2325 4820 2633 4876 excidamus
2670 4833 2789 4889 quae
2832 4832 3042 4886 semper
3084 4828 3333 4885 manent,
3372 4831 3426 4873 et
3464 4834 3586 4888 quae

2014 4918 2214 4973 nullam
2239 4914 2524 4968 admittunt
2548 4909 2966 4965 vicissitudinem
2980 4925 3041 4963 ac
3057 4910 3422 4965 mutationem.
3440 4911 3589 4977 Quo-

2017 5013 2155 5066 circa
2185 5010 2326 5064 diem
2346 5006 2532 5062 mortis
2558 5016 2753 5060 nostrre
2784 5004 3044 5057 incertum
3069 5018 3187 5057 esse
3214 5004 3376 5056 voluit
3408 5003 3556 5056 Domi

2016 5120 2150 5168 nus,
2181 5112 2237 5156 ut
2266 5116 2362 5156 nos
2392 5107 2712 5169 prtepararet
2738 5097 2804 5151 ad
2831 5095 3134 5150 continuam
3166 5096 3506 5150 sobrietatem
3531 5104 3586 5149 et

2015 5193 2358 5266 vigilantiam,
2372 5201 2425 5245 et
2444 5191 2514 5245 ita
2531 5189 2698 5259 magis
2714 5187 2779 5242 ad
2799 5187 3006 5240 virtutis
3025 5172 3254 5239 studium
3276 5199 3373 5238 nos
3394 5200 3585 5252 provo-

2016 5298 2181 5344 caret.
2210 5285 2345 5339 Dicit
2368 5284 2548 5338 enim:
2587 5280 2820 5351 Vigilate,
2851 5279 2970 5348 quia
3007 5277 3205 5330 nescitis
3246 5292 3402 5345 neque
3424 5276 3578 5341 diem,

2016 5393 2173 5446 neque
2196 5376 2372 5428 horam
2387 5372 2595 5444 (Matth.
2611 5370 2701 5425 25.
2723 5370 2831 5440 l5).
2852 5368 3006 5436 Atqui
3030 5381 3125 5419 nos
3142 5366 3294 5434 plane
3312 5365 3578 5419 diversum

2017 5482 2318 5538 operamnr,
2346 5475 2399 5519 et
2421 5463 2713 5518 dormimus
2740 5474 2927 5515 somno
2951 5460 3187 5528 graviore
3211 5471 3367 5526 quam
3397 5457 3465 5509 sit
3488 5471 3581 5509 na-

2019 5559 2204 5615 turalis
2230 5557 2338 5612 ille.
2365 5554 2498 5610 Nam
2520 5558 2607 5623 qui
2631 5552 2853 5608 naturali
2882 5563 3070 5605 somno
3094 5549 3336 5619 quiescit,
3362 5562 3458 5602 nec
3486 5547 3579 5601 bo-

2083 5779 2101 5811 ί
2137 5775 2297 5834 Coisl.,
2320 5772 2528 5825 omnium
2549 5768 2791 5828 Conditor,
2814 5764 3022 5817 omnium
3046 5762 3258 5828 Largitor
3281 5760 3416 5812 dicit.
