4084 6356
501 352 596 407 4TH

498 483 646 529 nutu,
680 481 772 518 nec
807 464 1000 517 malum
1031 469 1279 529 operatur
1312 481 1323 513 :
1366 476 1462 513 nos
1509 469 1683 513 autem
1728 458 1836 511 alio
1882 472 2071 511 somno

500 558 818 617 dorimmus,
849 553 1174 607 dormientes
1204 550 1269 604 ad
1292 551 1522 614 virtutis,
1553 550 1833 618 vigilantes
1858 547 1925 601 ad
1956 562 2071 600 ma-

499 650 623 702 litia:
648 663 827 718 opera.
855 646 1056 701 strenui
1084 646 1137 699 in
1170 645 1341 705 malis,
1374 643 1584 697 desides
1610 644 1660 695 in
1690 641 1844 695 bonis
1872 658 1885 694 :
1917 640 2075 709 idque

496 742 721 797 facimus
741 741 984 795 videntes
1008 738 1243 810 quotidie
1270 737 1465 792 mullos
1489 735 1610 789 hinc
1630 734 2074 802 abduci,magnas

496 845 674 890 autem
699 835 920 889 aliorum
942 847 1060 888 esse
1087 833 1137 886 in
1169 831 1416 901 prteseuti
1447 830 1549 881 vita
1575 826 1995 881 vicissitudines:
2020 833 2074 879 et

496 943 665 997 neque
679 936 820 981 tanta
836 941 1013 980 rerum
1033 923 1412 993 inzequabilitas
1425 921 1488 973 ad
1508 920 1711 973 virtutis
1728 932 1964 971 amorem
1977 931 2073 969 nos

494 1019 758 1073 adducere
796 1024 989 1086 potest,
1015 1031 1184 1085 neque
1214 1013 1450 1083 disponit
1480 1019 1537 1065 ut
1559 1010 1915 1078 despiciamus
1938 1023 2073 1077 pra:-

494 1112 686 1165 sentia.
705 1119 758 1163 et
773 1108 1137 1162 desideremus
1172 1106 1365 1168 futura,
1384 1101 1830 1174 przeferamusque
1849 1099 2072 1154 somniis

495 1212 548 1253 et
571 1201 769 1253 umbrze
790 1200 1089 1252 veritatem.
1117 1196 1232 1250 Non
1258 1196 1399 1249 enim
1422 1192 1669 1247 dillâ€˜eruut
1694 1189 1974 1261 praesentia
2003 1188 2071 1242 ab

494 1294 699 1347 umbris
738 1302 791 1346 et
819 1291 1060 1345 somniis.
1106 1288 1334 1343 Proinde
1388 1303 1455 1341 ne
1484 1286 1808 1354 decipiamus
1840 1292 2072 1338 nosmet-

496 1386 659 1453 ipsos,
680 1398 851 1453 neque
866 1391 1134 1437 sectemur
1152 1381 1364 1435 umbras
1383 1397 1395 1431 :
1415 1378 1508 1434 sed
1524 1378 1606 1432 vel
1622 1391 1743 1431 sero
1760 1376 1969 1429 tandem
1987 1389 2072 1428 sa-

496 1478 618 1529 lutis
634 1487 828 1531 nostra:
849 1490 1029 1530 curam
1050 1474 1359 1537 habeamus,
1377 1483 1429 1525 et
1442 1487 1569 1540 epes
1586 1470 1938 1539 indigentibus
1949 1483 2072 1523 eva-

494 1583 739 1633 cuemus,
787 1578 844 1622 ut
883 1583 981 1638 pro
1030 1567 1136 1620 illis
1177 1565 1711 1621 remunerationema
1739 1559 2067 1615 misericordi

496 1660 609 1713 Deo
654 1662 895 1729 accipere
945 1672 1245 1712 mereamur
1284 1673 1296 1708 :
1337 1669 1440 1725 qua
1483 1653 1636 1708 nobis
1676 1651 1922 1705 omnibus
1966 1648 2068 1703 frui

492 1752 835 1814 concedatur,
862 1751 1029 1821 gratia
1072 1759 1128 1805 et
1172 1747 1601 1803 miserationibus
1649 1744 1859 1800 Domini
1901 1743 2068 1798 nostri

490 1842 615 1897 Jesu
643 1841 856 1907 Christi,
880 1857 1000 1895 cum
1030 1855 1135 1910 quo
1166 1840 1308 1893 Patri
1330 1847 1387 1893 et
1413 1838 1627 1906 Spiritui
1653 1843 1839 1890 sancto
1866 1834 1935 1889 sit
1962 1833 2070 1903 glo-

489 1935 591 2000 ria,
624 1935 923 2003 imperium,
963 1934 1152 1996 honor,
1199 1946 1340 1985 nunc
1374 1940 1427 1985 et
1453 1945 1685 1999 semper,
1716 1937 1769 1983 et
1798 1928 1849 1981 in
1875 1925 2066 1982 saecula

494 2026 831 2079 saeculorum.
861 2026 1051 2080 Amen.

1072 2153 1350 2209 llOMlLlA
1381 2153 1466 2207 LI.

490 2292 653 2347 Facta
696 2303 767 2345 est
819 2301 985 2347 autem
1028 2296 1186 2362 fames
1228 2307 1377 2359 super
1426 2299 1627 2348 terram,
1659 2297 1837 2356 pratter
1882 2285 2067 2352 famem

519 2387 756 2451 priorem,
784 2398 894 2449 quae
922 2382 1085 2450 fuerat
1112 2391 1331 2449 tempore
1362 2380 1613 2433 Abraham
1646 2377 1793 2449 (Gen.
1823 2376 1914 2431 26.
1950 2377 2027 2448 1).

558 2516 610 2568 1.
642 2514 838 2569 lterum
866 2531 932 2570 ex
963 2516 1026 2569 iis
1055 2530 1172 2585 qua:
1199 2529 1366 2582 nuper
1393 2513 1621 2568 diximus
1649 2513 1945 2567 doctrinam
1971 2525 2065 2564 vo-

485 2606 567 2661 bis
593 2607 809 2662 all'eram
839 2624 852 2660 :
882 2617 940 2661 ut
969 2617 1145 2661 autem
1174 2606 1374 2676 liquido
1418 2606 1595 2659 sciatis
1626 2605 1715 2659 ubi
1744 2619 1911 2674 nuper
1940 2618 2057 2657 ser-

485 2713 699 2753 monem
728 2702 945 2752 missum
973 2698 1275 2761 fecerimus,
1293 2706 1347 2752 et
1372 2696 1510 2751 unde
1533 2696 1691 2751 hodie
1711 2695 2064 2752 resumendus

483 2792 572 2855 sit,
600 2805 662 2844 ea
693 2806 810 2859 qua:
839 2805 995 2859 supra
1035 2790 1175 2844 dicta
1218 2799 1359 2854 sunt,
1389 2797 1582 2843 vestra:
1606 2789 1812 2843 caritati
1860 2788 1912 2843 in
1944 2803 2063 2843 me-

482 2883 705 2935 moriam
739 2880 939 2936 referre
978 2896 1156 2951 opera:
1184 2880 1411 2949 pretium
1452 2879 1629 2934 fuerit.
1661 2880 1895 2934 Tametsi
1921 2880 2061 2934 enim

482 2986 599 3039 vos,
630 2954 750 3043 quia
777 2973 957 3027 multis
982 2974 1124 3027 curis
1144 2972 1521 3038 distraliimini,
1545 2987 1728 3027 eorum
1756 2971 1890 3027 forte
1910 2972 2060 3027 obliti

485 3067 636 3127 estis,
669 3064 761 3118 sed
810 3080 988 3119 meum
1018 3072 1100 3119 est
1126 3072 1183 3117 ut
1210 3066 1261 3117 in
1293 3064 1601 3117 memoriam
1629 3064 1777 3118 vobis
1810 3063 2059 3118 redueam

482 3169 567 3220 ea,
599 3170 704 3225 quo
748 3170 924 3209 sermo
952 3154 1110 3209 hodie
1138 3154 1393 3210 dicendus
1421 3155 1751 3211 manifestior
1780 3154 1933 3210 vobis
1969 3158 2059 3211 sit.

484 3245 643 3300 Scitis
673 3247 814 3300 enim
841 3262 942 3301 nos
972 3262 1141 3315 nuper
1171 3245 1423 3302 Rebecca:
1451 3248 1701 3317 pietatem
1728 3256 2057 3312 enarrantes,

484 3336 610 3391 inde
646 3337 713 3391 ad
760 3338 900 3392 Esaii
928 3346 983 3392 et
1023 3337 1186 3393 Jacob
1221 3338 1525 3404 devenisse,
1557 3339 1642 3394 ubi
1674 3348 1939 3393 narratum
1980 3348 2062 3393 est

483 3426 625 3483 Esau
658 3429 1024 3498 primogenita,
1069 3437 1125 3483 ut
1163 3429 1283 3483 cibo
1314 3429 1601 3493 frueretur,
1631 3429 1831 3484 Jacobo
1870 3431 2059 3485 vendi-

483 3518 641 3583 disse,
662 3530 715 3574 et
736 3528 949 3588 propter
972 3520 1072 3573 cibi
1100 3519 1436 3588 cupiditatem
1464 3521 1803 3590 semetipsum
1832 3536 1931 3576 suo
1962 3522 2057 3575 ho-

482 3626 611 3665 nore
660 3612 912 3679 privasse.
948 3611 1060 3665 Hoc
1102 3621 1279 3666 autem
1319 3626 1425 3665 non
1470 3620 1673 3667 temere
1716 3611 1937 3679 factum,
1965 3615 2057 3669 sed

482 3714 539 3758 ut
578 3705 854 3774 prephetia
899 3706 1279 3773 compleretur,
1315 3720 1433 3775 qua:
1471 3704 1600 3760 dicit
1632 3722 1645 3758 :
1674 3706 1835 3760 Jacob
1863 3707 2056 3771 dilexi,

482 3795 623 3849 Esau
647 3807 813 3849 autem
855 3798 971 3849 odio
1002 3795 1153 3849 habui
1198 3794 1449 3867 (Malach.
1494 3798 1546 3851 1.
1587 3796 1641 3849 2.
1672 3798 1747 3867 5).
1778 3797 1909 3852 Nam
1936 3814 2056 3854 cum

482 3886 623 3943 Deus
651 3890 947 3943 futurorum
976 3889 1042 3942 sit
1073 3891 1347 3958 prtescius,
1378 3888 1618 3958 praedixit
1646 3899 1701 3945 et
1728 3891 1865 3945 illius
1896 3892 2060 3945 virtu-

484 3989 612 4047 tem,
642 3990 695 4035 et
721 3980 877 4048 hujus
915 3981 1073 4033 animi
1102 3980 1408 4047 nequitiam.
1452 3981 1704 4046 Quamam
1735 3991 1910 4036 autem
1938 3992 2062 4036 sunt

482 4072 585 4127 illae
634 4072 1101 4143 primogenitum?
1141 4073 1321 4142 Igitur,
1370 4074 1491 4143 quia
1538 4082 1663 4128 tunc
1705 4083 1910 4145 tempus
1953 4091 2057 4130 non

485 4164 824 4233 permittebat
864 4165 1071 4218 caritati
1099 4174 1288 4218 vestr-ee
1332 4164 1531 4227 dicere,
1559 4180 1699 4219 nunc
1723 4180 1943 4221 necesse
1980 4178 2062 4221 est

483 4264 537 4309 ut
562 4255 799 4311 doceam.
831 4254 983 4324 Apud
1023 4264 1231 4310 veteres
1258 4270 1497 4309 summus
1526 4256 1697 4310 honor
1721 4266 1835 4311 erat
1863 4258 2062 4327 primo-

481 4348 740 4419 geniturae
771 4368 782 4401 :
814 4348 938 4402 hinc
983 4359 1157 4402 autem
1208 4348 1426 4404 honoris
1472 4364 1684 4404 causam
1723 4361 1777 4405 et
1805 4352 2058 4420 originem

485 4442 688 4500 habuit.
719 4443 849 4499 Cum
895 4446 1035 4499 Deus
1066 4444 1422 4499 Israelitarum
1449 4454 1661 4513 gentem
1707 4445 1775 4500 ab
1809 4446 2061 4518 Egyptio

482 4536 730 4599 liberare,
757 4545 811 4590 et
854 4536 1143 4590 secundum
1194 4539 1596 4605 promissionem
1630 4538 1948 4606 patriarchae
1980 4538 2059 4593 fa-

480 4639 621 4683 ctam
646 4644 674 4682 a
701 4629 979 4701 tyrannide
1004 4628 1294 4683 Pharaonis
1320 4631 1526 4700 eripere
1546 4630 1728 4694 vellet,
1752 4630 2063 4686 obluctantc

482 4733 538 4775 et
568 4721 807 4775 detinere
836 4721 1047 4774 volente
1070 4731 1191 4774 tunc
1218 4718 1469 4791 Egyptio
1502 4739 1514 4773 Îµ
1545 4730 1662 4789 post
1684 4722 1855 4777 varias
1883 4724 2063 4793 plagas

481 4814 643 4867 etiam
721 4812 859 4867 hanc
913 4822 1233 4881 postremam
1277 4818 1355 4867 eis
1412 4813 1631 4872 intulit;
1691 4814 1802 4869 fere
1867 4830 2063 4885 cogens

482 4901 762 4974 Egyptios
792 4911 850 4957 ut
896 4903 1007 4958 suis
1037 4903 1280 4957 manibus
1320 4903 1663 4959 extruderent
1706 4904 2061 4961 lsraÃ©litarum

482 5012 654 5067 genus
699 4995 893 5059 (Exod.
938 4996 1047 5065 12).
1097 4996 1228 5051 Nam
1278 4996 1435 5051 simul
1465 4998 1641 5052 omnia
1689 4996 2061 5069 Egyptiorum

483 5086 832 5158 primogenita
860 5087 1028 5142 occidi
1052 5086 1210 5157 jussit
1241 5084 1314 5156 (a)
1341 5103 1353 5139 :
1385 5086 1715 5158 vidissesque
1744 5090 1793 5143 in
1842 5089 2063 5159 singulis

542 5308 617 5373 (a)
650 5306 945 5373 Hicvidetur
966 5309 1225 5373 pugnantia
1251 5308 1379 5369 loqui
1416 5309 1789 5373 Chrysostomus,
1816 5323 1922 5358 cum
1940 5312 2065 5373 juris

483 5370 874 5432 priniogeniturze
914 5382 1096 5427 basemâ€œ,
1124 5370 1169 5416 id
1216 5378 1308 5427 est,
1335 5370 1525 5432 causam
1551 5378 1601 5417 et
1624 5372 1880 5432 originem,
1908 5370 2065 5424 refert

484 5431 542 5477 ad
566 5430 950 5496 internecionem
968 5433 1397 5496 primogenitoruin
1414 5430 1617 5496 IEgypti.
1638 5430 1775 5479 annis
1793 5431 1903 5495 plus
1920 5448 2065 5496 quam

485 5494 718 5555 trecentis
736 5501 839 5552 post
854 5502 1012 5555 ortum
1031 5495 1149 5541 Esau
1174 5501 1225 5541 et
1242 5494 1400 5541 Jacobi
1428 5507 1438 5539 :
1460 5494 1522 5541 de
1546 5506 1752 5554 quorum
1773 5494 2066 5555 primogeni-

486 5559 591 5600 tura
611 5554 746 5615 etde
766 5555 875 5614 jure
894 5554 1025 5602 illam
1063 5556 1323 5603 comitante
1348 5556 1550 5615 qua'stio
1576 5562 1667 5604 est.
1712 5554 1800 5603 Sed
1828 5554 1955 5606 bene
1980 5560 2065 5606 ad-

489 5617 635 5679 vertit
659 5613 738 5679 Î·Î¹Ï‚
765 5613 932 5679 postea
958 5616 1133 5679 idinon
1167 5629 1309 5679 posse
1334 5613 1590 5677 quadrare,
1616 5630 1723 5664 cum
1747 5618 1879 5672 dicit.
1904 5634 2066 5679 quam-

586 5674 825 5746 legislatio
846 5674 1252 5749 illattebrtâ€™eor'um
1270 5678 1331 5725 de
1354 5674 1370 5738 â€œÎ¹
1392 5674 1945 5749 rimogeuitisâ€˜msterior
1962 5682 2066 5749 lue-

487 5737 569 5791 rit,
586 5737 663 5797 jus
685 5747 846 5786 tanien
878 5738 1068 5801 aliquod
1094 5742 1486 5801 primogenitum
1518 5737 1661 5787 antea
1692 5737 1859 5789 fuisse.
1888 5750 1938 5790 rit
1980 5744 2067 5794 hac

486 5800 674 5847 ratione
699 5813 807 5860 qtae
830 5813 925 5849 non
950 5800 1187 5862 Quadrare
1221 5800 1527 5863 videbantur,
1564 5811 1824 5864 utcumque
1849 5808 2061 5869 corrigit.

1252 347 1311 401 S.
1353 343 1627 399 JOANNIS
1664 333 2136 397 CllllYSOSTOMI
2174 336 2487 392 ARCIIIEP.
2531 337 3064 396 CONSTANTINOP.

3655 345 3763 397 452

2184 454 2430 509 domibus
2455 457 2681 525 ejulatns
2709 468 2763 511 et
2792 459 3090 531 lacrymas;
3122 476 3291 530 neque
3318 462 3394 516 sic
3421 463 3672 532 putabant
3703 466 3767 516 fi-

2181 548 2280 602 niri
2310 548 2539 618 plagam,
2569 549 2659 604 sed
2706 550 2849 605 illinc
2893 554 3051 605 etiam
3098 554 3476 621 exspectabant
3519 564 3574 608 ut
3617 570 3767 608 mors

2179 656 2285 709 qua
2315 650 2555 710 cmperat
2595 657 2839 710 pergens,
2887 642 2953 696 ad
2994 657 3182 698 omnes
3230 646 3549 713 perveniret.
3583 646 3767 716 Itaque

2177 735 2299 802 quia
2331 735 2381 787 in
2426 733 2658 805 Egypto
2688 752 2788 790 una
2832 737 3067 790 omnium
3100 738 3565 807 primogenitorum
3616 755 3767 794 mors

2180 827 2295 893 fuit,
2320 826 2570 883 Israelita:
2594 838 2769 883 autem
2790 829 2965 884 divina
2992 829 3112 885 freti
3136 834 3324 901 gratia,
3349 832 3497 886 illaesi
3514 848 3765 901 perinan-

2177 929 2360 972 serunt
2392 936 2406 972 :
2438 934 2531 988 per
2560 920 2660 974 hoc
2683 920 2843 976 etiam
2875 921 3161 976 ostendens
3188 923 3422 977 omnium
3448 924 3585 978 Deus
3606 940 3761 977 suam

2176 1022 2299 1077 erga
2334 1008 2452 1064 illos
2498 1009 2946 1073 benevolentiam.
2995 1012 3272 1081 imperavit
3300 1013 3353 1067 in
3401 1023 3669 1082 posterum
3703 1026 3765 1067 ut

2177 1109 2393 1168 propter
2426 1102 2845 1157 interfectionem
2876 1104 3346 1173 primogenitorum
3375 1106 3613 1177 Egypti,
3649 1108 3767 1176 pri-

2178 1193 2432 1262 mogeniti
2459 1193 2762 1249 JudteOrum
2811 1197 2963 1265 pueri
3007 1198 3107 1252 sibi
3150 1198 3488 1253 offerrentur.
3524 1199 3659 1252 llinc
3704 1207 3763 1251 et

2177 1287 2346 1339 tribus
2393 1285 2520 1341 Levi
2552 1287 2604 1340 in
2654 1288 3008 1343 sacerdotium
3034 1300 3308 1359 segregata
3355 1298 3458 1355 est,
3482 1299 3535 1343 et
3573 1304 3639 1343 ex
3666 1289 3762 1342 illo

2176 1390 2280 1430 non
2310 1378 2479 1431 solum
2506 1378 2852 1450 primogenita
2879 1379 3149 1436 hominum
3171 1382 3343 1435 oblata
3365 1391 3485 1435 sunt
3507 1381 3638 1446 Deo,
3662 1381 3760 1435 sed

2174 1479 2229 1523 et
2270 1469 2571 1537 brutorum,
2614 1479 2668 1525 et
2718 1472 2769 1525 in
2817 1473 3126 1527 universum
3156 1473 3413 1527 omnium.
3446 1473 3510 1526 Et
3556 1487 3762 1541 przeceo

2176 1573 2322 1632 ptum
2371 1572 2505 1631 erat,
2538 1580 2635 1634 pro
2683 1564 2989 1621 hominibus
3027 1576 3085 1621 et
3111 1566 3397 1620 immundis
3438 1565 3760 1620 animalibus

2176 1657 2402 1725 pretium
2449 1655 2699 1727 dependi.
2740 1656 2994 1724 Quamvis
3034 1667 3212 1712 autem
3255 1657 3517 1727 legislatio
3545 1656 3659 1711 hinc
3686 1657 3760 1709 de

2174 1747 2542 1817 priniogcnitis
2608 1750 2872 1817 posterior
2925 1749 3387 1803 fueritzattamen
3434 1748 3545 1817 jam
3593 1763 3758 1815 supra

2174 1845 2228 1889 et
2273 1838 2401 1890 olim
2444 1837 2761 1891 videbantur
2804 1838 3015 1907 aliquod
3046 1838 3243 1893 habere
3281 1838 3635 1907 privilegium,
3662 1838 3757 1906 qui

2176 1928 2389 1981 vulvam
2435 1928 2619 1983 matris
2669 1929 2897 1998 primum
2944 1928 3341 1997 adaperiebant.
3388 1928 3534 1982 lianc
3593 1927 3759 1997 igitur

2172 2021 2523 2091 dignitatem,
2570 2038 2728 2092 quam
2768 2037 2797 2075 a
2826 2032 3010 2077 natura
3057 2021 3286 2077 habebat
3328 2022 3487 2083 Esau,
3540 2031 3754 2090 propter
3834 2082 3837 2085 Î‘

2173 2115 2640 2184 intemperantiam
2688 2130 2838 2168 suam
2878 2114 3147 2169 transtulit
3184 2115 3237 2167 in
3282 2114 3518 2168 fratrem.
3553 2113 3620 2169 Et
3662 2114 3757 2167 ille

2172 2205 2384 2274 quidem
2434 2205 2664 2275 perdidit
2704 2205 2844 2274 quod
2871 2222 2901 2259 a
2930 2216 3117 2259 natura
3160 2205 3425 2260 habebat:
3453 2205 3539 2259 hic
3574 2216 3754 2258 autem

2171 2306 2227 2351 et
2256 2297 2398 2367 quod
2442 2313 2545 2351 non
2577 2297 2806 2353 habebat
2830 2313 2859 2351 a
2889 2308 3095 2361 natura,
3126 2297 3349 2367 accepit.
3392 2296 3461 2351 Et
3489 2298 3609 2366 quia
3639 2296 3758 2350 hare

2171 2399 2325 2444 antea
2357 2391 2575 2445 oraculo
2615 2391 2874 2460 promissa
2923 2398 3092 2456 erant,
3124 2389 3246 2444 ideo
3275 2388 3535 2451 Rebecca,
3566 2388 3755 2456 appel-

2171 2482 2369 2539 latione
2397 2484 2445 2538 ei
2476 2483 2659 2547 indita,
2704 2482 2870 2538 Jacob
2911 2498 3035 2538 eum
3084 2482 3292 2536 vocavit
3320 2480 3497 2551 :quod
3548 2479 3755 2533 scilicet

2170 2576 2655 2646 supplantationem
2708 2575 3045 2644 interpretari
3102 2583 3274 2644 potes,
3329 2574 3466 2627 sicut
3508 2581 3562 2626 et
3608 2571 3752 2625 Esauâ€œ:

2170 2676 2295 2737 post
2314 2668 2477 2735 patris
2502 2666 2903 2723 benedictiones
2944 2665 3147 2735 ejulans
3172 2664 3402 2728 dicebat,
3432 2661 3578 2716 Juste
3604 2678 3753 2715 voca-

2168 2767 2275 2811 tum
2304 2768 2378 2813 est
2415 2774 2597 2812 nomen
2625 2759 2734 2827 ejus
2769 2755 2931 2811 Iacob
2960 2773 2980 2810 :
3004 2755 3345 2827 supplantavit
3372 2755 3502 2807 enim
3536 2770 3613 2806 me
3637 2752 3753 2821 jam

2164 2850 2406 2916 secundo,
2438 2861 2485 2904 et
2531 2852 2865 2922 primogenita
2905 2868 3017 2905 mea
3045 2851 3255 2920 accepit,
3287 2859 3333 2902 et
3376 2866 3506 2902 nunc
3544 2848 3750 2901 benedi-

2166 2944 2380 2995 ctionem
2405 2959 2567 2996 meam
2611 2942 2761 3012 (Gen.
2788 2942 2877 2996 27.
2907 2941 3021 3012 56).

2242 3033 2524 3088 Nominum
2552 3035 2871 3103 propriorum
2890 3033 3142 3099 impositio
3161 3062 3250 3086 .â€”
3266 3031 3397 3086 Vide
3421 3041 3613 3102 quanta
3635 3040 3752 3084 erat

2166 3128 2466 3195 priscorum
2516 3126 2818 3197 prudentia,
2872 3126 2958 3181 vel
3000 3127 3194 3195 potius,
3224 3135 3417 3195 quanta
3469 3123 3627 3178 fuerit
3657 3122 3749 3176 Dei

2165 3217 2450 3286 sapientia,
2499 3232 2603 3286 qua
2648 3217 2886 3273 effecerit
2914 3226 2972 3271 ut
3011 3228 3065 3271 et
3091 3218 3340 3271 mulieres
3370 3215 3503 3269 natis
3533 3214 3748 3269 nomina

2166 3325 2271 3363 non
2297 3317 2499 3363 temere
2526 3323 2626 3363 nec
2650 3307 2869 3363 fortuito
2910 3310 3260 3378 imponerent,
3294 3307 3387 3362 sed
3416 3306 3631 3361 nomina
3656 3305 3750 3361 da-

2165 3410 2306 3466 rent,
2334 3417 2454 3471 quze
2494 3401 2614 3455 ï¬liis
2641 3411 2822 3456 essent
2867 3402 3160 3456 futurorum
3203 3400 3494 3471 praedictio.
3524 3400 3592 3455 Et
3628 3416 3753 3455 ram

2165 3493 2406 3549 invenies
2430 3493 2621 3549 eodem
2652 3510 2758 3564 quo
2802 3504 2979 3565 patres
3031 3493 3245 3549 nomine
3286 3494 3541 3563 appellari
3573 3494 3709 3548 ï¬lios
3730 3535 3747 3559 ,

2163 3588 2246 3642 vel
2275 3586 2411 3643 forte
2436 3602 2695 3654 nusquam
2730 3605 2743 3642 :
2775 3588 2868 3643 sed
2896 3589 3009 3644 sive
3035 3598 3205 3643 mater
3233 3588 3350 3643 sive
3378 3597 3528 3657 pater
3555 3603 3749 3643 nomen

2166 3680 2276 3735 ï¬lio
2307 3681 2650 3750 impositurus
2676 3690 2813 3745 erat,
2844 3698 3021 3736 rarum
3048 3682 3313 3751 quoddam
3341 3691 3396 3735 et
3420 3698 3613 3737 novum
3645 3684 3748 3736 im-

2166 3774 2417 3842 ponebat,
2452 3783 2507 3828 ut
2552 3790 2648 3842 per
2696 3774 2821 3829 illud
2851 3774 3025 3845 aliqua
3077 3774 3247 3828 futura
3291 3775 3747 3844 prtesignilicaret.

2166 3865 2241 3919 lta
2268 3875 2321 3919 et
2349 3864 2578 3919 Lamech
2621 3866 2783 3918 lilium
2828 3867 3035 3920 vocavit
3080 3865 3212 3929 Noe,
3259 3866 3485 3921 dicens:
3520 3865 3619 3919 llic
3657 3882 3751 3919 nos

2164 3959 2473 4029 requiescere
2516 3959 2665 4027 faciet
2697 3957 2847 4027 (Gen.
2877 3959 2928 4014 5.
2958 3958 3075 4029 â€˜29).
3108 3958 3182 4012 Ita
3224 3960 3267 4013 si
3296 3960 3499 4029 singula
3532 3960 3749 4014 nomina

2165 4053 2435 4115 scruteris,
2468 4053 2685 4106 omnino
2719 4053 2769 4106 in
2817 4053 3062 4107 omnibus
3086 4054 3327 4107 invenies
3374 4054 3570 4122 aliquid
3616 4055 3749 4109 insi-

2168 4144 2318 4196 nuari
2354 4160 2367 4195 Îµ
2402 4160 2504 4197 non
2536 4145 2671 4197 sicut
2695 4160 2834 4198 nunc
2858 4144 3075 4209 faciunt,
3108 4146 3196 4215 qui
3224 4156 3425 4200 temere
3452 4156 3505 4199 et
3532 4156 3585 4199 ut
3612 4146 3750 4201 forte

2165 4235 2361 4300 evenit,
2392 4250 2421 4287 a
2450 4235 2756 4303 parentibus
2784 4237 3127 4304 agnomiuare
3154 4237 3329 4291 solent
3361 4256 3374 4291 :
3405 4238 3499 4292 sed
3529 4239 3752 4292 omnino

2166 4325 2289 4379 illuc
2317 4325 2644 4394 Spectabant,
2674 4338 2730 4381 ut
2755 4336 3060 4395 perpetuam
3090 4328 3397 4383 memoriam
3442 4345 3538 4398 per
3559 4331 3751 4399 appel-

2169 4421 2418 4474 lationem
2441 4420 2582 4474 illam
2604 4420 2723 4474 filiis
2741 4421 3001 4476 inderent.
3022 4422 3285 4477 Cteterum
3304 4423 3577 4477 videamus
3610 4440 3754 4478 nunc

2166 4521 2285 4580 post
2315 4512 2740 4581 primogenitum:
2764 4514 3364 4584 permutationem,quid
3384 4515 3573 4570 iterum
3597 4516 3755 4569 nobis

2169 4612 2349 4657 narret
2391 4603 2575 4657 beatus
2604 4603 2775 4656 Moses
2815 4603 2881 4658 de
2930 4615 3078 4672 patre
3125 4606 3353 4671 illorum,
3384 4616 3440 4660 et
3481 4608 3753 4675 quomodo

2167 4692 2303 4746 sicut
2334 4692 2403 4746 de
2434 4691 2730 4760 patriarcha
2752 4692 2947 4746 dictum
2976 4703 3074 4756 est,
3112 4695 3179 4747 ita
3204 4704 3258 4748 et
3282 4695 3349 4749 de
3374 4695 3474 4749 hoc
3499 4696 3751 4765 legimus,

2167 4800 2287 4839 eum
2321 4784 2459 4839 fame
2487 4787 2763 4855 ingruente
2788 4787 3004 4840 multam
3037 4788 3125 4841 Dei
3156 4804 3335 4842 curam
3363 4789 3615 4853 sensisse,
3639 4799 3753 4843 tum

2168 4885 2383 4947 propter
2412 4877 2659 4930 virtutem
2690 4879 2952 4945 pr0priam
2976 4921 2989 4943 ,
3023 4890 3131 4932 tum
3178 4890 3395 4948 propter
3440 4881 3755 4949 promissio-

2168 4985 2291 5023 nem
2317 4969 2633 5039 patriarcha:
2662 4969 2872 5024 factam.
2904 4973 2954 5024 l.
2989 4970 3153 5024 Facta
3191 4984 3265 5026 est
3288 4983 3455 5026 autem
3483 4978 3644 5043 fames
3665 4993 3755 5027 .m-

2169 5076 2257 5130 per
2282 5071 2483 5122 terram,
2517 5069 2699 5129 praeter
2727 5062 2911 5130 famem
2937 5064 3174 5133 priorem,
3202 5081 3315 5135 quae
3341 5065 3505 5133 fuerat
3531 5077 3756 5135 tempore

2168 5152 2385 5206 Abralue
2414 5151 2562 5217 (Cap.
2589 5151 2701 5223 26).
2729 5153 2799 5208 Ut
2829 5170 2895 5209 ne
2924 5164 3075 5223 putes
3104 5156 3170 5209 de
3211 5157 3297 5210 illa
3340 5156 3480 5211 fame
3518 5173 3641 5211 eum
3672 5159 3756 5211 di-

2168 5258 2306 5308 cere,
2332 5253 2606 5313 propterea
2638 5246 2871 5300 subdidit
2895 5246 3121 5301 :Pra'ter
3149 5253 3330 5319 famem
3357 5266 3471 5319 qua:
3496 5260 3603 5304 erat
3621 5260 3755 5304 tem-

2170 5353 2291 5406 pore
2320 5338 2638 5407 patriarchae,
2672 5340 2820 5407 quasi
2862 5340 3091 5404 diceret,
3120 5343 3221 5397 alia
3264 5343 3452 5398 similis
3482 5361 3622 5399 nunc
3648 5346 3751 5398 ite-

2170 5444 2285 5483 rum
2319 5428 2483 5483 fames
2508 5432 2653 5484 venit
2693 5446 2852 5499 super
2897 5441 3090 5486 terram
3121 5444 3357 5503 tempore
3384 5436 3550 5501 Isaac,
3577 5438 3758 5506 qualis

2171 5530 2286 5575 erat
2331 5531 2571 5589 tempore
2630 5524 2795 5592 patris
2844 5523 3001 5577 illius.
3052 5524 3483 5582 Necessariorum
3532 5531 3756 5599 penuria

2172 5629 2361 5669 omnes
2390 5615 2440 5668 in
2469 5628 2729 5669 summam
2760 5617 3052 5685 angustiam
3078 5620 3425 5675 concludebat
3455 5640 3467 5674 :
3500 5634 3663 5691 atque
3688 5640 3756 5677 ex

2172 5708 2284 5761 suis
2312 5708 2539 5777 migrare
2569 5718 2619 5761 et
2646 5708 2711 5761 ad
2742 5707 2828 5762 illa
2862 5709 2974 5763 loca
3007 5712 3233 5767 transire
3260 5714 3499 5783 cogebat,
3529 5714 3617 5769 ubi
3664 5730 3755 5768 Ï„ÏÎ¿

2174 5815 2288 5853 rum
2337 5813 2750 5852 necessariarum
2800 5799 3009 5868 cupiam
3054 5804 3372 5859 invenirent.
3429 5803 3582 5861 Unde
3634 5822 3755 5861 cum
