4084 6356
352 495 527 563 χᾶινει⁹
552 493 708 563 ἡμεῖς
738 491 793 546 δὲ
821 494 1005 565 ἕτερον
1045 494 1208 546 ὕπνον
1240 493 1571 563 καθεύδομεν
1593 534 1606 557 ,
1647 493 1783 564 πρὸς
1808 493 1919 563 μὲν

352 579 422 627 τά
448 577 548 643 τῆς
586 576 787 646 ἀρετῆς
818 577 949 646 ἔργα
1004 578 1383 639 καθεύδοντες,
1421 576 1559 647 πρὸς
1609 576 1665 629 δὲ
1708 576 1777 629 τά
1824 575 1923 644 τῆς

354 659 555 721 κακίας
581 661 962 730 ἐγρηγορότες,
981 664 1206 715 κάκεῖνα
1244 663 1340 731 μὲν
1360 662 1567 724 ἀόκνως
1599 658 1923 730 διαπραττό-

357 758 529 810 μενοι,
551 740 701 814 [499]
718 745 775 796 ἐν
799 743 854 796 δέ
880 744 1085 807 τούτοις
1104 745 1299 813 πολλὴν
1323 746 1422 815 τὴν
1446 744 1579 815 ραθυ
1589 742 1713 813 μίαν
1729 743 1821 796 καὶ
1836 741 1924 794 τὸν

355 824 523 877 ῦπνον
566 826 1017 897 ἐπιδεικνύμενοι,
1052 830 1145 881 καὶ
1171 827 1344 881 ταῦτα
1366 828 1597 897 ὁρῶντες
1627 824 1748 879 καθ’
1793 825 1923 878 ἐκά-

356 925 489 977 στην
523 907 737 979 ἡμέραν
781 911 909 973 τοὺς
949 911 1046 979 μὲν
1075 909 1321 964 ἐντεῦθεν
1348 909 1754 979 ἀπαγομένους,
1801 908 1927 969 τοὺς

353 991 411 1043 δὲ
453 993 548 1044 καὶ
587 994 644 1044 ἐν
686 991 764 1062 τῷ
801 993 1028 1063 παρόντι
1075 994 1173 1063 βίῳ
1223 993 1422 1064 πολλὴν
1466 993 1564 1063 τὴν
1625 989 1926 1061 μεταϐολὴν

353 1072 725 1142 ὑπομένοντας
744 1089 758 1103 °
802 1076 897 1128 καὶ
936 1075 1055 1129 οὐδὲ
1085 1077 1222 1148 αὐτὴ
1265 1078 1294 1147 ή
1320 1075 1607 1145 ἀνωμαλία
1637 1072 1926 1127 παιδεῦσαι

352 1158 502 1225 ἡμᾶς
530 1157 716 1228 ἱκανὴ,
754 1158 850 1210 καὶ
887 1161 967 1222 εἰς
998 1160 1161 1213 πόθον
1203 1160 1303 1230 τῆς
1346 1160 1550 1230 ἀρετῆς
1594 1159 1924 1225 ἀναγαγεῖν,

353 1241 450 1292 καὶ
481 1241 894 1309 παρασκευάσαι
934 1242 1207 1313 ὑπεριδεῖν
1234 1240 1343 1296 τῶν
1369 1243 1670 1313 παρόντων,
1704 1242 1797 1293 καὶ
1827 1256 1927 1317 πο-

354 1322 518 1391 θῆσαι
548 1322 617 1375 τά
659 1322 949 1393 μέλλοντα,
982 1326 1077 1378 καὶ
1117 1326 1454 1397 προτιμῆσαι
1492 1325 1593 1393 τῆς
1642 1325 1799 1385 σκιᾶς
1832 1324 1929 1376 καὶ

352 1405 462 1456 τῶν
491 1405 784 1476 ὀνειράτων
811 1407 909 1477 τὴν
948 1407 1225 1478 ἀλήθειαν.
1259 1409 1424 1471 Σκιᾶς
1455 1408 1565 1478 γὰρ
1590 1406 1683 1461 καὶ
1711 1405 1927 1475 ὀνειρά-

352 1505 461 1539 των
484 1487 634 1539 οὐδὲν
679 1487 749 1541 τά
782 1490 1027 1560 παρόντα
1059 1490 1354 1561 διενήνοχε.
1386 1489 1477 1560 Μὴ
1502 1490 1681 1543 τοίνυν
1704 1490 1929 1552 ἑαυτοὺς

352 1570 675 1638 ἀπατῶμεν,
712 1571 847 1641 μηδὲ
878 1572 977 1634 τάς
1012 1573 1169 1636 σκιάς
1202 1572 1625 1644 μεταδιώκωμεν
1646 1588 1658 1601 ’
1690 1572 1803 1625 ἀλλ’
1831 1571 1928 1640 ὀψὲ

352 1651 486 1717 γοῦν
522 1668 653 1703 ποτε
696 1652 794 1723 τῆς
838 1653 1045 1716 οἰκείας
1080 1653 1649 1726 σωτηρίαςφροντίδα
1688 1653 1930 1723 ποιησώ-

356 1735 527 1803 μεθα,
564 1735 657 1786 καὶ
685 1735 753 1788 τὰ
789 1737 1049 1806 χρήματα
1082 1737 1410 1807 κενώσωμεν
1449 1739 1530 1800 είς
1573 1737 1700 1799 τοὺς
1734 1736 1929 1806 δεομέ-

353 1834 500 1880 νους,
532 1818 619 1870 ῖνα
658 1819 759 1887 τῆς
802 1819 894 1870 ἐπὶ
921 1819 1131 1882 τούτοις
1166 1820 1401 1891 ἀμοιϐῆς
1431 1818 1753 1889 ἀξιωθῶμεν
1779 1818 1932 1889 παρὰ

352 1900 448 1952 τοῦ
473 1900 855 1971 φιλανθρώπου
877 1901 1011 1955 Θεοῦ
1032 1921 1045 1932 ·
1070 1900 1137 1975 ἧς
1158 1905 1369 1972 γένοιτο
1399 1905 1606 1966 πάντας
1627 1905 1659 1973 ή
1668 1906 1775 1973 μᾶς
1795 1906 1933 1956 ἀπο-

351 1982 583 2047 λαῦσαι,
632 1984 816 2054 χάριτι
855 1985 948 2039 καὶ
993 1985 1371 2057 φιλανθρωπίᾳ
1403 1985 1498 2038 τοῦ
1534 1985 1740 2056 Κυρίου
1774 1985 1932 2057 ήμῶν

367 2065 543 2136 Ἰησοῦ
590 2067 824 2137 Χριστοῦ
844 2107 859 2130 ,
913 2069 1031 2138 μεθ’
1058 2064 1118 2124 οὐ
1149 2068 1227 2139 τῷ
1259 2069 1435 2142 Πατρὶ
1460 2071 1493 2140 ή
1522 2068 1679 2134 δόξα,
1706 2069 1821 2139 ἄμα
1853 2067 1932 2138 τῷ

353 2149 498 2219 ἀγίῳ
524 2148 827 2219 Πνεύματι,
855 2149 950 2205 νῦν
975 2153 1070 2206 καὶ
1092 2152 1202 2217 ἀεὶ,
1227 2155 1322 2207 καὶ
1345 2154 1424 2216 εἰς
1449 2152 1574 2215 τοὺς
1595 2151 1797 2215 αίῶνας
1822 2151 1932 2205 τῶν

353 2233 589 2286 αἰώνων.
634 2232 830 2303 Ἀμήν.

949 2316 1192 2369 ΟΜῙΛῘᾹ
1224 2316 1351 2369 NA'.

367 2398 637 2467 Ἐγένετο
664 2398 733 2452 δὲ
773 2399 945 2468 λιμὸς
971 2399 1069 2453 ἐπὶ
1097 2398 1208 2467 τῆς
1236 2398 1366 2467 γῆς,
1403 2400 1582 2469 χωρίς
1610 2400 1719 2453 τοῦ
1752 2398 1932 2469 λιμοῦ

427 2470 544 2591 2:21;
585 2471 908 2591 πρότερον,
955 2469 1022 2535 ὃς
1065 2469 1302 2539 ἐγένετο
1352 2467 1421 2522 ἐκ
1470 2469 1550 2535 τῷ
1597 2471 1791 2539 χρόνῳ
1814 2467 1932 2522 τοῦ

542 2556 616 2591 oa
659 2556 719 2591 u.

534 2556 719 2607 ρααμ.

426 2629 497 2675 α’.
516 2622 686 2675 Πάλιν
702 2622 768 2674 ἐκ
780 2622 878 2691 τῆς
897 2622 1217 2687 ἀκολουθίας
1230 2622 1340 2676 τῶν
1358 2623 1544 2694 πρώην
1560 2624 1689 2692 ήμῖν
1718 2621 1936 2693 εἰρημέ-

352 2722 463 2757 νων
497 2704 756 2774 βούλομαι
786 2704 890 2773 τῆς
922 2706 1058 2776 πρὸς
1091 2706 1235 2775 ὑμᾶς
1264 2704 1504 2774 ἅψασθαι
1543 2705 1929 2766 διδασκαλίαςτ

352 2788 499 2840 ὥστε
542 2788 599 2840 δὲ
645 2786 846 2843 ειδέναι
893 2788 1036 2857 ὑμᾶς
1077 2789 1262 2857 σαφῶς
1309 2787 1410 2841 ποῦ
1440 2789 1530 2842 τὸν
1558 2787 1715 2855 λόγον
1743 2785 1933 2856 πρώην

355 2870 754 2941 κατελύσαμεν,
782 2871 877 2924 καὶ
903 2871 1023 2925 ὅθεν
1046 2872 1206 2925 αὐτὸν
1236 2873 1502 2942 προσήκει
1535 2872 1772 2941 σήμερον
1803 2870 1934 2922 ἀνα-

356 2954 565 3017 λαϐεῖν,
595 2956 889 3022 ἀναγκαῖον
918 2954 1232 3025 ὑπομνῆσαι
1258 2956 1359 3026 τήν
1384 2954 1656 3025 ὑμετέραν
1686 2954 1930 3024 ἀγάπην.

357 3038 424 3089 Εἰ
451 3037 561 3108 γὰρ
607 3037 702 3093 καὶ
730 3038 885 3092 αὐτοὶ
909 3038 995 3091 διὰ
1020 3038 1081 3091 τὸ
1112 3038 1335 3103 πολλαῖς
1368 3039 1612 3109 φροντίσι
1646 3037 1932 3108 περιέλκει

361 3121 489 3173 σθαι
528 3120 656 3183 ἴσως
694 3119 1036 3191 ἐπιλέλησθε,
1067 3120 1181 3174 ἀλλ’
1220 3122 1342 3191 ἐμοὶ
1372 3124 1636 3193 προσήκει
1674 3123 1753 3185 είς
1797 3120 1932 3174 ὑπό-

362 3222 558 3276 μνησιν
576 3206 720 3274 ὑμᾶς
747 3207 996 3273 ἀγαγεῖν,
1015 3206 1101 3259 ἵνα
1120 3205 1208 3259 διά
1237 3206 1336 3275 τῆς
1359 3207 1576 3277 μνήμης
1602 3206 1931 3275 σαφέστερος

359 3289 490 3357 ὑμῖν
522 3290 551 3340 6
573 3289 729 3356 λόγος
755 3289 977 3357 γένηται
1005 3290 1032 3340 6
1069 3286 1275 3358 μέλλων
1304 3290 1543 3359 σήμερον
1579 3289 1929 3359 ῥηθήσεσθαι.

362 3372 508 3425 Ἴστε
539 3373 620 3426 ὅτι
662 3372 962 3442 πρότερονι
1006 3372 1103 3442 τῆς
1143 3371 1436 3435 Ῥεϐέκκας
1478 3372 1539 3424 τὸ
1580 3373 1823 3441 φιλόθεον
1857 3372 1933 3424 δι-

357 3456 682 3527 ηγούμενος,
727 3456 983 3508 κάκεῖθεν
1010 3457 1101 3508 ἐπὶ
1149 3456 1239 3508 τὸν
1281 3455 1449 3508 Ἡσαῦ
1485 3457 1697 3511 καὶτὸν
1740 3456 1933 3510 Ἰακὼϐ

356 3539 637 3602 ἐλθόντες,
672 3540 787 3591 ἐκεῖ
817 3542 1259 3610 κατηντήσαμεν,
1307 3539 1434 3593 ἔνθα
1471 3544 1539 3593 τά
1592 3541 1932 3609 πρωτοτόκια

356 3623 591 3676 ἀπέδοτο
614 3624 692 3693 τῷ
734 3623 928 3676 Ἰακὼϐ
965 3625 994 3676 6
1038 3623 1230 3687 Ἡσαῦ,
1262 3623 1353 3676 τοῦ
1392 3624 1671 3694 ἑψήματος
1697 3624 1933 3677 ἀπολαύ-

360 3725 483 3768 σας,
508 3707 707 3760 καὶδιά
734 3708 832 3777 τὴν
851 3707 952 3776 τῆς
976 3707 1182 3777 τροφῆς
1207 3707 1502 3777 ἐπιθυμίαν
1526 3708 1625 3778 τῆς
1646 3707 1935 3779 προεδρίας

359 3790 550 3842 ἐαυτὸν
597 3790 958 3860 ἀπεστέρησε.
1011 3788 1181 3842 Τοῦτο
1225 3790 1281 3843 δὲ
1335 3790 1545 3858 ἐγίνετο
1579 3790 1676 3858 οὐχ
1718 3790 1932 3855 ἁπλῶς,

358 3874 474 3927 ἀλλ’
501 3874 589 3928 ἵνα
625 3877 660 3944 ή
708 3874 802 3927 τοῦ
836 3868 970 3926 Θεοῦ
998 3873 1303 3945 πρόρρησις
1339 3873 1428 3927 διά
1455 3872 1562 3925 τῶν
1587 3872 1764 3941 ἔργων
1798 3871 1935 3941 πλη-

361 3958 511 4029 ρωθῇ
552 3959 585 4027 ή
631 3958 899 4024 λέγουσα,
946 3957 1058 4011 Τὸν
1117 3957 1317 4011 Ἰακὼϐ
1370 3956 1685 4026 ἠγάπησα,
1726 3956 1832 4009 τόν
1866 3955 1935 4008 δὲ

370 4042 553 4095 Ἡσαῦ
579 4042 865 4110 ἐμίσησα.
916 4042 1133 4113 Ἐπειδὴ
1157 4042 1264 4112 γὰρ
1302 4042 1375 4105 ώς
1411 4042 1542 4105 Θεὸς
1573 4041 1637 4093 τά
1670 4041 1934 4110 μέλλοντα

358 4126 615 4197 προῄδει,
677 4125 1105 4196 προανεφώνησε
1157 4126 1252 4180 καὶ
1310 4126 1501 4178 τούτου
1550 4126 1646 4195 τὴν
1711 4123 1932 4195 ἀρετὴν,

359 4210 615 4264 κάκείνου
658 4209 758 4278 τῆς
803 4209 1028 4278 γνώμης
1077 4208 1175 4279 τὴν
1231 4208 1549 4278 μοχθηρίαν.
1606 4208 1672 4260 Τί
1712 4208 1768 4259 δέ
1816 4209 1931 4259 ἐστι

356 4292 519 4346 τοῦτο
541 4292 602 4344 τὸ
635 4292 746 4344 τῶν
788 4292 1197 4361 πρωτοτοκίων;
1230 4292 1291 4343 El
1323 4292 1417 4344 καὶ
1449 4292 1521 4360 μὴ
1544 4292 1661 4343 τότε
1687 4291 1715 4340 6
1742 4289 1931 4360 καιρὸς

357 4375 659 4445 ἐπέτρεπεν
679 4377 852 4428 εἰπεῖν
875 4375 968 4429 ἐπὶ
989 4375 1091 4444 τῆς
1119 4375 1387 4446 ὑμετέρας
1409 4376 1646 4442 ἀγάπης,
1674 4374 1786 4426 ἀλλ’
1811 4376 1933 4427 ἀνα-

357 4462 550 4529 γκαῖον
574 4460 669 4512 νῦν
702 4460 847 4529 ὑμᾶς
880 4459 1108 4523 διδάξαι.
1138 4460 1385 4529 Μεγίστη
1409 4459 1518 4527 γάρ
1547 4456 1685 4510 εἶναι
1712 4458 1845 4528 τιμὴ
1872 4458 1934 4510 τὸ

359 4542 586 4595 παλαιὸν
620 4543 898 4611 ἐνομίζετο
919 4559 933 4571 ·
981 4542 1108 4610 ἔσχε
1144 4541 1201 4594 δὲ
1228 4542 1327 4612 τῆς
1355 4541 1521 4611 τιμῆς
1548 4540 1647 4611 τὴν
1677 4541 1934 4594 ὑπόθεσιν

358 4626 628 4679 ἐντεῦθεν.
673 4626 866 4679 Ἦνίκα
906 4623 967 4678 τὸ
998 4626 1105 4677 τῶν
1151 4624 1503 4695 Ἰσραηλιτῶν
1540 4623 1690 4686 ἔθνος
1721 4625 1818 4694 τῆς
1843 4625 1935 4676 Αί-

357 4710 568 4778 γύπτου
610 4706 918 4773 ἀπαλλάξαι
960 4708 1210 4760 ἐϐούλετο
1252 4710 1280 4760 6
1308 4707 1418 4760 τῶν
1450 4708 1586 4759 ὅλων
1630 4706 1797 4769 Θεὸς,
1844 4707 1936 4757 καὶ

357 4792 460 4857 τῆς
488 4791 798 4862 τυραννίδος
839 4791 1197 4862 ἐλευθερῶσαι
1223 4790 1316 4843 τοῦ
1341 4790 1539 4860 Φαραῶ
1564 4788 1651 4841 διὰ
1674 4788 1771 4858 τὴν
1800 4789 1941 4859 πρὸς.

358 4877 451 4930 τὸν
486 4876 829 4945 πατριάρχην
860 4874 1224 4942 ἐπαγγελίαν,
1268 4876 1658 4935 ἀντιτείνοντος
1682 4874 1773 4925 καὶ
1807 4891 1935 4925 κατ-

360 4962 508 5029 έχειν
539 4960 859 5029 βουλομένου
891 4958 1012 5010 τότε
1050 4957 1145 5009 τοῦ
1184 4958 1501 5024 Αἰγυπτίου,
1536 4956 1671 5026 μετά
1696 4955 1795 5017 τάς
1820 4956 1935 5009 δια-

361 5045 563 5114 φόρους
601 5042 812 5111 πληγάς
840 5042 1043 5112 ταύτην
1075 5040 1364 5109 ἐπαγαγὼν
1398 5040 1491 5111 τὴν
1514 5041 1725 5111 πληγήν
1747 5042 1775 5091 6
1806 5043 1935 5092 Δεσ-

363 5132 535 5199 πότης
550 5129 884 5189 τελευταίαν,
910 5126 1060 5198 [500]
1081 5126 1359 5196 μονονουχὶ
1386 5128 1506 5193 ταῖς
1523 5126 1751 5187 οἰκείαις
1778 5126 1935 5195 χερσὶ

362 5212 745 5282 παρεσκεύασε
769 5214 894 5274 τοὺς
922 5209 1250 5278 Αἰγυπτίους
1272 5208 1470 5273 ἐξῶσαι
1499 5209 1559 5260 τὸ
1580 5208 1688 5261 τῶν
1724 5209 1934 5277 Ἰσραη-

360 5295 525 5348 λιτῶν
572 5296 740 5358 ἔθνος.
806 5294 1023 5365 Ἀθρόον
1061 5294 1168 5362 γάρ
1206 5293 1421 5346 πάντων
1465 5292 1574 5345 τῶν
1622 5291 1934 5358 Αἰγυπτίων

361 5380 433 5433 τά
463 5379 781 5448 πρωτότοκα
822 5377 1171 5449 ἀναιρεθῆναι
1206 5374 1500 5447 προσέταξε
1522 5417 1537 5440 ,
1578 5375 1672 5428 καὶ
1700 5370 1768 5445 ἦν
1808 5375 1935 5427 ἰδεῖν

360 5462 487 5517 καθ’
519 5463 756 5532 ἑκάστην
791 5462 965 5515 οἰκίαν
1002 5459 1245 5531 οἰμωγὰς
1292 5459 1384 5511 καὶ
1411 5458 1650 5527 δάκρυα·
1684 5458 1777 5509 καὶ
1815 5458 1935 5511 οὐδὲ

366 5547 527 5616 μέχρι
574 5545 762 5598 τούτου
798 5546 986 5614 στῆναι
1019 5544 1268 5614 ἐνόμιζον
1312 5543 1411 5613 τὴν
1441 5541 1686 5612 ἀπειλὴν,
1719 5541 1837 5594 ἀλλ’
1869 5543 1934 5594 ἐκ

362 5629 551 5682 τούτου
596 5628 936 5698 προσεδόκων
985 5628 1077 5681 καὶ
1126 5628 1218 5679 ἐπὶ
1258 5625 1465 5688 πάντας
1503 5623 1606 5694 ὁδῷ
1636 5624 1934 5693 ’βαδίζοντα

361 5711 677 5765 ἐλεύσεσθαι
708 5710 800 5763 τὸν
833 5709 1080 5765 θάνατον.
1133 5710 1285 5762 Ἐπεὶ
1324 5704 1417 5761 οὖν
1448 5705 1558 5760 τῶν
1586 5708 1644 5759 ἐν
1672 5707 1931 5779 Αίγύπτῳ

427 5834 456 5863 ³
478 5834 701 5894 Quinque
720 5845 833 5879 mss.
860 5836 912 5878 et
933 5828 1081 5879 Savil.
1096 5832 1142 5877 in
1166 5845 1315 5895 marg.
1332 5832 1401 5880 ὅτι
1429 5830 1607 5892 πρώην,
1622 5826 1736 5891 quia
1758 5841 1924 5891 nuper.

362 5896 445 5944 Sic
470 5896 587 5958 legit
611 5897 760 5945 etiam
790 5896 1038 5956 interpres
1058 5901 1214 5946 vetus.

1340 380 1407 433 ΙΝ
1447 380 1599 435 CAP.
1641 378 1805 434 XXVI
1873 378 2118 432 GENICS.
2162 376 2391 433 IIOMIL.
2433 377 2523 433 LI.

3480 379 3585 433 43?.

2024 491 2238 543 πάντων
2269 492 2376 543 τῶν
2411 492 2763 561 γεννωμένων
2803 492 3160 561 πρωτοτόκων
3195 490 3387 561 ἀθρόον
3432 496 3459 544 6
3488 494 3587 547 θά-

2022 591 2179 636 νατος
2209 574 2459 643 γέγονεν,
2508 575 2557 627 οί
2603 574 2659 627 δὲ
2702 574 3027 645 Ἰσραηλῖται
3054 574 3151 643 τῆς
3180 574 3383 627 ἀνωθεν
3419 577 3590 646 ῥοπῆς

2025 656 2385 720 ἀπολαύοντες
2409 656 2662 721 ἀϐλαϐεῖς
2685 656 2958 727 διέμενον,
2993 656 3205 719 δεικνὺς
3233 658 3326 710 καὶ
3349 657 3435 711 διά
3466 659 3590 711 τού-

2022 759 2114 794 του
2146 742 2241 812 τήν
2274 742 2401 812 περὶ
2442 743 2638 804 αὐτοὺς
2680 742 2891 795 εὔνοιαν
2922 744 2951 794 6
2974 742 3080 795 τῶν
3111 742 3246 795 ὅλων
3280 742 3439 807 Θεὸς,
3468 744 3592 797 ἀντὶ

2025 834 2123 901 τῆς
2166 833 2493 904 ἀναιρέσεως
2539 833 2644 886 τῶν
2671 833 3026 904 πρωτοτόκων
3058 833 3310 898 ἐκείνων,
3342 832 3408 887 τά
3442 853 3592 905 πρω-

2024 916 2220 968 τότοκα
2248 917 2356 968 τῶν
2406 916 2670 969 Ἰουδαίων
2693 915 2841 986 αὐτῷ
2866 915 3174 969 ἀνατιθέναι
3204 916 3389 970 λοιπὸν
3420 934 3591 987 προσο

2026 998 2228 1065 έταξεν.
2287 999 2565 1052 Ἐντεῦθεν
2603 1000 2695 1052 καὶ
2746 1000 2779 1070 ή
2816 998 2946 1052 Λευῒ
2982 999 3124 1070 φυλὴ
3175 1002 3254 1062 είς
3285 1002 3595 1071 ἱερουργίαν

2026 1083 2333 1154 ἀφωρίσθη,
2364 1084 2457 1137 καὶ
2483 1086 2540 1149 ἐξ
2570 1084 2777 1139 ἐκείνου
2804 1084 2863 1136 οὐ
2890 1084 3047 1153 μόνον
3074 1085 3181 1136 τῶν
3203 1084 3502 1156 ἀνθρώπων
3526 1086 3597 1139 τά

2029 1168 2344 1237 πρωτότοκα
2375 1167 2681 1221 ἀνετίθεντο
2734 1167 2811 1237 τῷ
2850 1166 2997 1237 Θεῷ,
3039 1166 3174 1219 ἀλλά
3202 1168 3295 1221 καὶ
3324 1168 3432 1220 τῶν
3478 1168 3597 1221 ἀλό-

2028 1269 2159 1319 γων,
2184 1253 2275 1304 καὶ
2312 1253 2529 1306 πάντων
2562 1250 2912 1316 ἁπαξαπλῶς.
2960 1252 3067 1303 Καὶ
3093 1250 3420 1321 πρόσταγμα
3443 1246 3512 1322 ἦν
3536 1254 3597 1305 τὸ

2030 1334 2247 1388 κελεῦον
2286 1336 2426 1405 ὑπέρ
2455 1354 2511 1389 τε
2554 1337 2661 1390 τῶν
2703 1334 3027 1406 ἀνθρώπων,
3066 1334 3204 1405 ὑπέρ
3232 1352 3292 1387 τε
3319 1335 3427 1387 τῶν
3459 1338 3599 1389 ἀκα-

2031 1417 2242 1488 θάρτων
2286 1418 2438 1482 ζώων
2467 1418 2565 1489 τὴν
2611 1419 2777 1489 τιμὴν
2814 1416 3180 1471 κατατιθέναι.
3249 1417 3383 1469 Ἀλλ’
3422 1419 3469 1471 εί
3503 1420 3598 1471 καὶ

2032 1500 2256 1571 ὓστερον
2294 1501 2431 1571 αῦτη
2459 1505 2491 1571 ή
2514 1502 2805 1573 νομοθεσία
2838 1501 3058 1569 γέγονεν
3088 1504 3120 1571 ή
3156 1502 3284 1572 περὶ
3309 1503 3416 1555 τῶν
3446 1520 3597 1572 πρω-

2029 1586 2285 1648 τοτόκων,
2323 1586 2437 1638 ἀλλ’
2471 1588 2619 1654 ὅμως
2653 1586 2752 1657 ήδη
2802 1584 3007 1641 ἀνωθεν
3058 1586 3150 1638 καὶ
3180 1588 3244 1639 ἐκ
3299 1588 3599 1657 προοιμίων

2030 1667 2245 1720 ἐδόκουν
2280 1667 2441 1721 πλέον
2481 1686 2533 1721 τι
2561 1669 2704 1739 ἔχειν
2751 1669 3073 1740 προτέρημα
3104 1670 3151 1721 οί
3182 1669 3280 1739 τὴν
3311 1670 3469 1739 νηδὺν
3502 1673 3597 1741 τῆς

2032 1750 2236 1821 μητρὸς
2276 1751 2654 1815 διανοίξαντες.
2691 1751 2907 1822 Ταύτην
2948 1747 3039 1804 οὖν
3078 1752 3175 1819 τὴν
3203 1752 3385 1823 τιμὴν,
3414 1755 3480 1822 ήν
3508 1757 3599 1807 καὶ

2031 1834 2096 1885 ἐκ
2119 1832 2332 1900 φύσεως
2360 1833 2516 1903 ἔσχεν
2543 1836 2572 1886 6
2609 1834 2801 1893 Ἠσαῦ,
2840 1835 3113 1905 μετήγαγε
3155 1834 3240 1887 διὰ
3268 1836 3367 1903 τὴν
3395 1837 3599 1889 οίκείαν

2030 1917 2299 1989 ἀκρασίαν
2342 1918 2435 1969 ἐπὶ
2475 1918 2567 1971 τὸν
2607 1917 2852 1986 ἀδελφόν.
2898 1918 3005 1970 Καὶ
3045 1920 3073 1971 6
3110 1919 3208 1988 μὲν
3240 1920 3333 1971 καὶ
3365 1920 3425 1972 τὸ
3452 1921 3609 1991 παρά

2031 2003 2129 2069 τῆς
2158 2003 2371 2069 φύσεως
2400 2002 2548 2073 αὑτῷ
2572 2002 2721 2055 δοθὲν
2751 2002 3058 2055 ἀπώλεσενο
3090 2005 3117 2056 6
3139 2002 3193 2054 δὲ
3223 2004 3315 2056 καὶ
3338 2004 3474 2074 ὅπερ
3501 2007 3601 2059 οὐκ

2032 2078 2177 2152 εἶχεν
2210 2085 2274 2137 ἐκ
2299 2084 2512 2153 φύσεως
2530 2125 2545 2149 ,
2578 2085 2727 2156 αὐτῷ
2756 2085 3083 2154 προσέλαϐε.
3113 2087 3218 2138 Καὶ
3244 2086 3434 2158 ἐπειδὴ
3462 2087 3601 2140 ἀνω-

2033 2164 2124 2218 θεν
2171 2165 2319 2236 αὐτῷ
2358 2166 2531 2220 ταῦτα
2559 2163 2627 2236 ἦν
2677 2168 3184 2239 κεχρησμῳδημένα
3209 2168 3265 2228 ι),
3311 2168 3397 2222 διὰ
3444 2170 3602 2224 τοῦτο

2032 2248 2125 2300 καὶ
2157 2250 2191 2317 ή
2243 2249 2507 2303 Ῥεϐέκκα
2548 2252 2649 2320 τὴν
2690 2251 3059 2323 προσηγορίαν
3087 2251 3235 2319 αὐτῷ
3264 2251 3563 2306 ἐπιτιθεῖσα
3583 2295 3598 2317 ,

2045 2329 2238 2384 Ἰακὼϐ
2272 2332 2432 2387 αὐτὸν
2459 2333 2739 2400 ἐκάλεσεν,
2776 2336 2914 2405 ὅπερ
2947 2334 3276 2405 πτερνισμὸς
3308 2336 3603 2406 ἑρμηνεύε-

2031 2431 2143 2477 ται,
2176 2414 2430 2487 καθάπερ
2459 2418 2552 2471 καὶ
2588 2418 2618 2470 6
2670 2416 2842 2470 Ἠσαῦ
2880 2416 3016 2488 μετά
3041 2418 3139 2479 τὰς
3171 2417 3264 2469 τοῦ
3295 2420 3498 2489 πατρὸς
3524 2422 3603 2483 εἰς

2032 2498 2193 2551 αὐτὸν
2244 2499 2495 2568 εὐλογίας
2545 2500 2919 2570 γεγενημένας
2966 2500 3367 2570 ἀποδυρόμενος
3410 2501 3561 2571 ἔλεγε
3586 2544 3600 2565 ,

2032 2582 2275 2647 Δικαίως
2305 2580 2531 2649 ἐκλήθη
2566 2581 2633 2635 τὸ
2662 2582 2851 2651 ὄνομα
2888 2582 3074 2636 αὐτοῦ
3127 2582 3362 2637 Ἰακώϐ·
3401 2585 3604 2654 ἐπτέρ-

2030 2680 2161 2717 νικε
2192 2665 2302 2734 γάρ
2329 2681 2405 2734 με
2438 2664 2553 2733 ἤδη
2595 2664 2877 2732 δεύτερον
2913 2664 3120 2724 τοῦτο,
3159 2665 3232 2719 τά
3282 2683 3346 2720 τε
3384 2682 3602 2735 πρωτο-

2031 2748 2200 2804 τόκιά
2207 2768 2326 2819 μου
2338 2750 2567 2819 εἰλήφει
2578 2750 2675 2803 καί
2694 2749 2809 2803 νῦν
2822 2751 3034 2819 εῖληφε
3048 2750 3162 2817 τὴν
3174 2753 3458 2820 εὐλογίαν
3461 2771 3602 2822 μου.
3616 2804 3622 2809 .

2103 2833 2298 2886 Σκόπει
2349 2833 2488 2903 πόση
2546 2832 2653 2887 τῶν
2690 2832 2935 2887 παλαιῶν
2988 2829 3056 2904 ἦν
3091 2836 3124 2903 ή
3183 2835 3416 2898 σύνεσις,
3473 2837 3605 2905 μᾶλ-

2031 2916 2121 2971 λον
2148 2916 2204 2970 δὲ
2233 2917 2371 2987 πόση
2403 2916 2495 2971 τοῦ
2523 2916 2657 2970 Θεοῦ
2688 2919 2721 2987 ή
2753 2916 2943 2985 σοφία,
2975 2916 3052 2980 ώς
3078 2917 3171 2970 καὶ
3216 2917 3313 2980 τὰς
3345 2922 3605 2985 γυναῖκας

2032 3000 2471 3071 παρασκευάζειν
2499 3000 2573 3071 μὴ
2597 3000 2782 3064 ἁπλῶς
2818 3000 2951 3071 μηδὲ
2998 3000 3074 3063 ὡς
3112 3000 3269 3070 ἔτυχε
3300 3001 3396 3064 τὰς
3437 3020 3605 3073 προσ-

2032 3084 2257 3155 ηγορίας
2282 3087 2391 3148 τοῖς
2420 3084 2689 3155 τεχθεῖσιν
2712 3084 3032 3149 ἐπιτιθέναι,
3060 3084 3174 3137 ἀλλ’
3196 3086 3606 3142 ἐναποτίθεσθαι

2032 3170 2097 3238 τῇ
2137 3167 2231 3220 τοῦ
2267 3167 2477 3221 παιδίου
2519 3167 2859 3238 προσηγορίᾳ
2910 3168 3017 3220 τῶν
3051 3167 3349 3236 μελλόντων
3389 3169 3627 3222 ἔσεσθαι-ν

2032 3251 2130 3323 τὴν
2176 3248 2645 3322 προαναφώνησιν.
2690 3250 2799 3303 Καὶ
2839 3250 3080 3313 σπανίως
3115 3251 3366 3321 εὑρήσεις
3396 3250 3607 3321 ὁμωνύ-

2035 3353 2167 3407 μους
2196 3338 2307 3399 τοῖς
2343 3337 2762 3406 γεννησαμένοις
2813 3334 2941 3397 τοὺς
2999 3335 3288 3405 τεχθέντας
3336 3336 3607 3406 καλουμέ-

2031 3437 2186 3483 νους,
2219 3421 2251 3490 ἤ
2289 3420 2422 3490 τάχα
2464 3438 2565 3473 που
2596 3419 2864 3489 οὐδαμοῦ·
2900 3418 3038 3472 ἀλλά
3087 3418 3185 3472 κᾶν
3224 3422 3251 3472 6
3290 3420 3473 3491 πατὴρ
3510 3421 3625 3491 τὴν»

2033 3504 2400 3574 προσηγορίαν
2426 3502 2501 3572 τῷ
2541 3504 2689 3556 παιδὶ
2732 3503 2900 3575 μέλλῃ
2925 3502 3264 3568 ἐπιτιθέναι,
3299 3504 3456 3574 ξένην
3487 3505 3609 3558 τινά

2033 3592 2126 3643 καὶ
2162 3590 2352 3660 καινὴν
2390 3590 2726 3660 ἐπιτίθησιν,
2775 3589 2915 3642 ὥστε
2947 3589 3014 3642 δι’
3045 3590 3216 3659 αὐτῆς
3259 3592 3610 3661 προμηνῦσαί

2032 3692 2152 3726 τινα
2192 3673 2299 3726 τῶν
2347 3674 2646 3742 μελλόντων
2699 3672 2957 3725 ἔσεσθαιο
3017 3674 3175 3743 καὶή
3223 3676 3405 3745 μήτηρ
3445 3676 3608 3728 πάλιν

2030 3758 2248 3825 ὁμοίως.
2293 3756 2448 3811 Οῦτω
2478 3758 2571 3809 καὶ
2598 3759 2627 3809 6
2655 3757 2845 3825 Λάμεχ
2876 3756 2967 3808 τὸν
3000 3757 3115 3809 υἱὸν
3149 3758 3617 3828 προσαγορεύων,

2031 3842 2155 3895 Νῶε
2191 3841 2449 3903 ἐκάλεσε,
2490 3841 2585 3893 καὶ
2630 3841 2876 3910 ἐπήγαγε
2916 3840 3119 3907 λέγων,
3177 3836 3369 3906 Οὗτος
3408 3842 3609 3896 διανα-

2033 3926 2252 3977 παύσει
2296 3922 2471 3991 ἡμᾶς.
2520 3924 2674 3976 Οῦτω
2714 3924 2808 3976 καὶ
2856 3922 3092 3990 ἑκάστην
3136 3925 3502 3993 προσηγορίαν
3527 3927 3611 3979 δι·-

2033 4001 2397 4073 ερευνώμενος
2449 4000 2587 4070 μετά
2628 3999 2945 4070 ἀκριϐείας,
2988 4000 3242 4070 εὑρήσεις
3290 4002 3505 4065 πάντως
3556 4021 3609 4055 τι

2033 4078 2441 4149 αίνιττομένην,
2474 4079 2533 4130 οὐ
2581 4077 2829 4146 καθάπερ
2874 4076 2967 4129 νῦν
2999 4078 3260 4139 ποιοῦσιν,
3296 4080 3482 4142 ἁπλῶς
3517 4086 3611 4134 καὶ

2032 4160 2108 4221 ὡς
2145 4158 2330 4227 ἔτυχεν
2359 4156 2465 4209 ἀπὸ
2496 4156 2601 4208 τῶν
2629 4156 3046 4226 γεννησαμένων
3081 4156 3470 4222 σπουδάζοντες
3512 4160 3611 4223 τὰς

2035 4236 2405 4306 προσηγορίας
2439 4235 2759 4303 ὀνομάζειν,
2806 4233 2941 4287 ἀλλά
2972 4236 3079 4295 πᾶς
3113 4236 3141 4286 ὁ
3188 4234 3387 4297 σκοπὸς
3425 4238 3610 4299 αὐτοῖς

2034 4315 2122 4389 ἦν,
2158 4319 2295 4372 ὥστε
2343 4317 2563 4389 διηνεκῆ
2619 4317 2924 4387 ὑπόμνησιν
2959 4318 3333 4370 ἐναποτιθέναι
3376 4318 3464 4371 διά
3511 4321 3610 4387 τῆς

2035 4402 2406 4473 προσηγορίας
2436 4400 2515 4471 τῷ
2546 4399 2806 4469 τεχθέντι.
2851 4399 2989 4451 Ἀλλ’
3022 4400 3218 4468 ἴδωμεν
3248 4400 3433 4453 λοιπὸν
3472 4403 3609 4471 μετά

2033 4485 2130 4556 τὴν
2176 4485 2284 4537 τῶν
2318 4483 2695 4554 πρωτοτοκίων
2725 4481 3020 4553 ἐναλλαγὴν
3041 4523 3055 4547 ,
3090 4483 3142 4535 τί
3176 4483 3338 4536 πάλιν
3372 4486 3500 4553 ἡμῖν
3535 4485 3611 4535 6:-

2033 4576 2250 4643 ηγεῖται
2276 4574 2304 4624 6
2338 4570 2603 4641 μακάριος
2633 4570 2875 4639 Μωῦσῆς
2900 4570 3135 4641 περὶτοῦ
3153 4570 3358 4641 πατρὸς
3384 4572 3608 4631 τούτων.

2037 4658 2131 4710 καὶ
2173 4657 2320 4720 ὅπως
2362 4654 2612 4723 καθάπερ
2658 4653 2751 4705 ἐπὶ
2795 4652 2889 4706 τοῦ
2934 4655 3304 4725 πατριάρχου,
3334 4655 3427 4707 καὶ
3455 4648 3610 4716 οὗτος

2036 4735 2192 4804 λιμοῦ
2251 4732 2644 4794 καταλαϐόντος
2689 4731 2887 4802 πολλῆς
2942 4732 3187 4796 ἀξιοῦται
3237 4734 3335 4803 τῆς
3398 4734 3610 4786 ἄνωθεν

2035 4813 2377 4884 κηδεμονίας,
2402 4810 2552 4881 1501]
2569 4810 2657 4862 διά
2671 4827 2727 4862 τε
2747 4812 2844 4879 τὴν
2863 4812 3070 4864 οἰκείαν
3092 4811 3313 4882 ἀρετήν,
3333 4812 3420 4864 διά
3436 4828 3493 4863 τε
3510 4812 3609 4881 τὴν

2035 4900 2114 4959 είς
2143 4896 2233 4949 τὸν
2276 4893 2620 4965 πατριάρχην
2654 4893 3024 4965 γεγενημένην
3056 4894 3406 4961 ἐπαγγελίαν.
3458 4895 3610 4962 Ἐγέο

2034 4994 2170 5030 rato
2218 4975 2318 5035 δὲ,
2368 4974 2530 5045 φησὶ,
2586 4973 2760 5041 λιμὸς
2801 4973 2897 5025 ἐπὶ
2942 4974 3052 5041 τῆς
3089 4974 3231 5043 γῆς,
3272 4974 3450 5041 χωρὶς
3501 4973 3609 5025 τοῦ

2034 5055 2211 5123 λιμοῦ
2242 5053 2347 5107 τοῦ
2370 5054 2659 5120 πρότερον
2678 5094 2690 5115 ,
2709 5052 2773 5117 ὂς
2805 5051 3039 5121 ἐγένετο
3077 5054 3147 5106 ἐν
3171 5053 3251 5118 τῷ
3283 5054 3480 5120 χρόνῳ
3502 5052 3609 5105 τοῦ

2048 5133 2313 5202 Ἁϐραάμ.
2356 5134 2475 5185 Ἵνα
2512 5130 2584 5202 μὴ
2619 5132 2847 5201 νομίσῃς
2898 5133 3021 5202 περὶ
3062 5133 3269 5185 ἐκείνου
3304 5130 3396 5184 τοῦ
3447 5131 3608 5200 λιμοῦ

2034 5212 2194 5265 αὐτὸν
2232 5211 2607 5279 διαλέγεσθαι.
2652 5210 2739 5262 διά
2777 5210 2933 5262 τοῦτο
2973 5213 3248 5280 ἐπήγαγε,
3286 5211 3470 5276 Χωρὶς
3501 5210 3606 5262 τοῦ
3638 5242 3643 5245 -

2033 5296 2213 5363 λιμοῦ
2235 5294 2343 5348 τοῦ
2379 5294 2744 5362 πατριάρχου
2765 5333 2779 5357 ,
2808 5293 2927 5346 ἀντὶ
2968 5294 3308 5361 τοῦ,Ἕτερος
3369 5292 3606 5353 τοιοῦτος

2032 5377 2125 5430 νῦν
2164 5376 2429 5430 κατέϐαλε
2464 5376 2617 5447 λιμὸς
2650 5377 2748 5446 τὴν
2777 5378 2882 5446 γῆν
2906 5377 2998 5429 ἐπὶ
3021 5377 3112 5428 τοῦ
3151 5375 3353 5431 Ἰσαὰκ,
3382 5369 3491 5437 οἶος
3516 5376 3607 5426 καὶ

2033 5462 2124 5514 ἐπὶ
2150 5460 2244 5513 τοῦ
2280 5460 2486 5529 πατρὸς
2515 5460 2698 5513 αὐτοῦ.
2741 5462 2850 5512 Καὶ
2882 5460 2912 5530 ή
2942 5462 3049 5511 τῶν
3078 5459 3385 5526 ἀναγκαίων
3415 5458 3607 5519 σπάνις

2034 5544 2240 5605 πάντας
2269 5544 2327 5595 ἐν
2360 5542 2571 5613 θορύϐῳ
2607 5541 2845 5610 μεγίστῳ
2876 5542 3105 5596 καθίστα
3130 5582 3145 5603 ,
3178 5544 3270 5595 καὶ
3301 5543 3364 5594 ἐκ
3396 5541 3503 5593 τῶν
3531 5542 3617 5593 οί-ο-

2036 5626 2196 5679 κείων
2242 5625 2657 5696 μετανίστασθαι
2691 5627 3011 5695 κατήπειγε,
3062 5628 3154 5679 καὶ
3193 5626 3325 5698 πρὸς
3369 5625 3605 5687 ἐκείνους

2032 5709 2156 5771 τοὺς
2177 5710 2370 5772 τόπους
2385 5711 2601 5779 χωρεῖν,
2618 5707 2743 5760 ἔνθα
2765 5709 2872 5761 τῶν
2894 5709 3207 5777 ἐπιτηδείων
3235 5711 3330 5778 τὴν
3351 5708 3615 5777 εὐπορίαν

2033 5788 2100 5863 ἦν
2132 5792 2331 5861 εὑρεῖν.
2367 5791 2531 5845 ’Ὅθεν
2570 5790 2667 5843 καὶ
2694 5793 2722 5843 6
2749 5791 2951 5853 δίκαιος
2979 5787 3131 5854 οὗτος
3158 5792 3488 5861 θεασάμενος
3521 5791 3631 5842 τδνι

2096 5887 2129 5928 ι)
2148 5887 2204 5937 In
2228 5889 2382 5938 tribus
2401 5902 2515 5938 mss.
2546 5888 3055 5951 κεχρησμωδοτημένα.
