4084 6356
503 430 609 486 ιεσ

499 542 679 615 λιμδν,
696 533 1035 606 Ἐπορεύθη,
1060 532 1211 602 φησὶ,
1233 532 1381 600 πρὸς
1397 530 1693 615 Ἀϐεμέλεχ
1722 531 1807 615 εὶς
1822 526 2070 615 Γέραρα.

514 611 777 679 Ἐνταῦθα
809 620 915 690 γάρ
946 618 1041 671 καὶ
1068 619 1095 669 6
1140 615 1387 687 Ἀϐραὰμ
1424 614 1559 685 μετά
1587 614 1684 683 τὴν
1717 613 1823 665 ἀπὶ)
1846 612 1945 681 τῆς
1985 611 2073 664 ΑΞ-

502 708 709 777 γύπτου
732 700 985 757 ἐπάνοδον
1018 699 1176 755 πάλιν
1206 697 1464 767 ἀπῆλθεν.
1497 695 1655 777 Εἰκὸς
1682 695 1738 748 δὲ
1770 696 1863 748 καὶ
1888 694 2075 777 τοῦτον

501 775 588 843 διά
614 788 768 843 τοῦτο
792 787 905 837 ἐκεῖ
927 781 1337 851 ἀπεληλυθέναι,
1361 779 1435 841 ὼς
1461 776 1667 831 ἐκεῖθεν
1691 778 1928 847 ὁρμῆσαι
1962 775 2077 845 βου-

502 872 725 942 λόμενον
757 870 847 921 ἐπὶ
875 866 971 937 τὴν
991 865 1259 932 Αἴγυπτον
1280 879 1291 892 ·
1328 863 1423 915 καὶ
1440 862 1521 912 ὅτι
1546 859 1701 912 τοῦτό
1731 858 2078 942 ἐστιν,ῗάκου-

503 941 593 1009 σον
621 956 718 1024 τῆς
756 951 976 1022 Γραφῆς
1010 947 1277 1017 λεγούσης
1300 964 1314 976 ·
1358 946 1544 1014 Ὠφθη
1568 957 1594 986 α
1633 944 1742 1015 γὰρ
1770 941 1949 1008 αὐτῷ,
1975 958 2077 1012 φη-

502 1038 607 1099 σὶν,
636 1038 668 1089 ό
700 1034 863 1099 Θεὸς,
886 1033 985 1086 καί
1011 1028 1167 1085 εἷπε·
1212 1028 1310 1097 Μὴ
1349 1026 1611 1095 καταϐῇς
1634 1029 1722 1091 είς
1751 1026 2073 1107 Αἵγυπτογ.

500 1121 575 1173 Οὑ
604 1117 860 1189 βούλομαί
885 1133 966 1177 σε,
989 1115 1139 1185 φησὶ,
1165 1113 1263 1185 τὴν
1287 1114 1503 1184 μακρὰν
1524 1111 1738 1182 ἐκείνην
1765 1108 2075 1163 στείλασθαι

498 1202 635 1265 ὁδὸν,
671 1200 783 1254 ἀλλ’
814 1197 1046 1251 ἐνταῦθα
1065 1197 1279 1267 -μένειν,
1326 1193 1463 1247 Ἀλλ’
1491 1194 1610 1247 οὑδὲ
1635 1192 1835 1261 ἀφίημί
1868 1207 1926 1242 σε
1954 1192 2075 1242 πεῖ-

502 1300 601 1353 ραν
638 1283 736 1353 τῆς
767 1280 1123 1351 στενοχωρίας
1151 1276 1355 1342 λαϐεῖν,
1383 1276 1517 1330 ἀλλά
1544 1277 1643 1346 τὴν
1664 1275 1953 1343 ὑπόσχεσιν
1977 1272 2076 1341 τὴν

498 1368 636 1439 πρὸς
673 1367 763 1421 τὸν
803 1366 1011 1436 πατέρα
1040 1380 1147 1416 σου
1187 1364 1266 1425 εἰς
1297 1361 1455 1433 ἔργον
1492 1360 1626 1425 άξω,
1655 1360 1748 1411 καὶ
1786 1358 1854 1411 τά
1884 1357 2076 1426 ἐκείνῳ

498 1450 879 1521 ἐπηγγελμένα
900 1452 977 1512 είς
1007 1449 1066 1501 σὲ
1098 1447 1409 1517 ἐκϐήσεται,
1435 1446 1528 1499 καὶ
1552 1446 1615 1496 σὺ
1647 1444 1752 1497 τῶν
1774 1441 1910 1513 πρὸς
1936 1443 2079 1493 ἐκεῖ-

499 1554 588 1589 νον
638 1533 981 1605 ὑποσχέσεων
1031 1531 1091 1584 16
1135 1530 1307 1601 πέρας
1346 1528 1491 1601 δέξῃ.
1552 1526 1649 1595 Μὴ
1690 1525 1954 1605 καταϐῇς
1990 1527 2077 1588 είς

499 1604 824 1689 Αιγυπτον,
864 1616 1229 1683 κατοίκησω·
1263 1613 1331 1665 δὲ
1367 1612 1437 1665 ἐν
1486 1610 1559 1681 τῇ
1595 1610 1707 1680 τῇ,
1755 1604 1796 1682 ᾗ
1831 1610 1940 1664 ἐάν
1976 1626 2076 1663 σοι

500 1705 667 1767 εἴπω,
700 1702 798 1756 καὶ
828 1701 1097 1767 παροίκει
1132 1698 1202 1750 ἐν
1234 1695 1308 1764 τῇ
1336 1695 1412 1764 τῇ
1448 1696 1654 1771 ταύτῃ.

573 1787 639 1857 β’.
661 1787 774 1838 Ἵνα
806 1785 879 1854 μὴ
897 1782 1092 1854 νομίσῃ
1106 1783 1133 1833 6
1152 1781 1355 1842 δίκαιος
1370 1780 1449 1832 ὅτι
1468 1778 1787 1849 βουλόμενος
1803 1778 1964 1831 αὑτὸν
1977 1779 2076 1847 τῆς

501 1868 859 1939 στενοχωρίας
888 1866 987 1935 τῆς
1018 1864 1127 1921 ἀπὸ
1150 1864 1243 1917 τοῦ
1266 1862 1427 1933 λιμοῦ
1457 1864 1651 1931 πεῖραν
1679 1860 1883 1924 λαϐεῖν,
1921 1860 2077 1913 τοῦτο

500 1954 800 2013 ἐπιτάττει,
833 1951 926 2002 καὶ
952 1948 1012 2001 οὑ
1060 1950 1331 2018 συγχωρεῖ
1369 1947 1449 2008 είς
1473 1946 1572 2015 τὴν
1604 1945 1877 2013 Αἴγυπτον
1906 1943 2073 1996 ἀπελ-

501 2037 633 2099 θεῖν,
659 2033 824 2104 φησί’
857 2032 950 2103 Μὴ
984 2030 1215 2099 ἀγωνία,
1239 2028 1372 2099 μηδέ
1403 2026 1673 2098 φρόντιζε,
1704 2026 1817 2079 ἀλλ’
1846 2025 2078 2079 ἐνταῦθα

504 2123 629 2192 μένε
653 2138 667 2150 ·
734 2118 881 2187 Ἐγὼ
920 2116 1031 2185 γὰρ
1079 2115 1292 2183 ἔσομαι
1312 2112 1466 2182 μετὰ
1506 2111 1644 2165 σοῦ.
1700 2110 1804 2163 Τὸν
1841 2110 2074 2181 χορηγὸν

500 2204 752 2257 ἀπάντων
794 2199 901 2253 τῶν
945 2196 1162 2266 ἀγαθῶν
1209 2196 1369 2264 ἐχων,
1420 2194 1494 2265 μὴ
1541 2192 1791 2264 φρόντιζε
1828 2192 2075 2263 μηδενός.

513 2280 653 2353 Ἐγὼ
684 2283 791 2354 γάρ
821 2285 849 2336 6
880 2281 1094 2334 πάντων
1117 2278 1389 2348 Δεσπότης
1419 2277 1612 2347 ἐσομαι
1647 2276 1784 2347 μετά
1814 2275 1907 2328 σοῦ
1928 2292 1939 2305 ·
1980 2275 2075 2328 καὶ

502 2370 562 2422 οὑ
604 2367 759 2421 τοῦτο
793 2365 971 2436 μόνον,
1011 2364 1145 2417 ἀλλά
1176 2362 1285 2416 Καὶ
1331 2360 1645 2430 εὐλογήσω
1676 2376 1770 2427 σε,
1810 2360 1929 2413 ἀντὶ
1957 2360 2071 2426 τοῦ,

496 2448 765 2517 Ἐπίδοξόν
796 2448 1097 2518 σεποιήσω,
1124 2446 1219 2500 καὶ
1245 2444 1343 2515 τὴν
1385 2445 1515 2516 παρ’
1544 2444 1677 2515 ἐμοῦ
1720 2461 1800 2497 σοι
1831 2444 2077 2513 εὐλογίαν

504 2534 745 2604 παρέξω.
780 2533 845 2585 Τί
878 2532 943 2586 ἂν
973 2530 1059 2601 εἴη
1086 2533 1275 2583 τούτου
1306 2528 1717 2599 μακαριώτερον
1750 2527 1841 2581 τοῦ
1871 2528 2078 2581 δικαίου

500 2619 597 2671 τοῦ
628 2617 892 2688 τοσαύτην
931 2615 1260 2684 ἐπαγγελίαν
1290 2614 1440 2683 παρά
1462 2614 1553 2666 τοῦ
1586 2612 1720 2666 Θεοῦ
1760 2612 2077 2683 δεξαμένου,

500 2703 583 2755 ὅτι
626 2704 880 2770 Ἐσομαι
915 2702 1065 2770 μετὰ
1097 2699 1237 2761 σοῦ,
1273 2698 1370 2751 καὶ
1409 2697 1724 2765 εὐλογήσω
1766 2713 1874 2760 σε;
1912 2695 2081 2749 Τοῦτό

502 2803 564 2838 σε
594 2786 810 2839 πάντων
833 2782 1215 2853 ,εὐπορώτερον
1244 2780 1537 2845 ἀποδείξει,
1560 2780 1717 2832 τοῦτό
1741 2797 1799 2832 σε
1828 2781 1884 2832 ἐν
1912 2779 2078 2851 πολλῇ

502 2868 789 2940 περιουσίᾳ
821 2862 959 2920 εἶναι
999 2866 1428 2936 παρασκευάσει,
1468 2863 1624 2916 τοῦτό
1675 2880 1756 2915 σοι
1788 2866 1820 2933 ἡ
1852 2864 2080 2934 μεγίστη

500 2951 647 3017 δόξα,
678 2950 834 3003 τοῦτο
866 2951 899 3019 ἡ
938 2948 1141 3016 ἇφατος
1172 2947 1519 3018 περιφάνεια,
1543 2946 1700 2999 τοῦτο
1731 2948 1764 3016 ἡ
1790 2947 2078 3014 ἀσφάλεια,

500 3036 657 3089 τοῦτο
688 3034 797 3086 τῶν
827 3032 1048 3101 ἀγαθῶν
1092 3033 1151 3085 16
1196 3032 1511 3099 κεφάλαιον,
1550 3029 1610 3083 τὸ
1650 3031 1750 3100 ἐμέ
1781 3026 1917 3083 εῖναι
1946 3031 2082 3099 μετά

505 3118 620 3181 σοῦ,
644 3119 738 3172 καὶ
758 3116 1045 3185 εὑλογῆσαί
1077 3132 1157 3169 σε.
1198 3117 1319 3177 Πῶς
1340 3114 1397 3166 δέ
1427 3131 1485 3167 σε
1511 3113 1817 3184 εὑλογήσω;
1847 3114 1947 3167 Σοὶ
1984 3115 2082 3167 καὶ

503 3201 583 3265 τῷ
608 3199 900 3267 σπέρματί
931 3214 1046 3251 σου
1070 3196 1240 3250 δώσω
1276 3197 1389 3263 τὴν
1419 3196 1535 3266 γῆν
1563 3198 1808 3262 ταύτην.
1827 3197 1915 3258 Ὠς
1939 3195 2083 3260 ξένος

504 3283 599 3336 καὶ
636 3284 839 3352 ἀλήτης
883 3281 1123 3350 νομίζεις
1160 3279 1545 3350 ἐπιχωριάζειν
1581 3282 1692 3342 τοῖς
1739 3279 1927 3349 μέρεσι
1963 3279 2087 3332 τούο

503 3383 617 3427 τοις
640 3382 653 3394 '
692 3364 798 3417 ἴσθι
830 3364 912 3416 ὃτι
936 3364 1017 3415 σοὶ
1036 3362 1127 3414 καὶ
1146 3362 1223 3431 τῷ
1248 3362 1523 3432 σπέρματί
1546 3379 1637 3415 σου
1661 3364 1807 3414 πᾶσα
1842 3362 1982 3432 αῦτη
2003 3362 2086 3414 δο-

506 3448 725 3517 θήσεται
758 3448 789 3516 ή
822 3446 911 3516 γῆ.
932 3446 1041 3497 Καὶ
1068 3445 1153 3497 ἴνα
1178 3444 1395 3515 θαρρεῖν
1422 3444 1569 3516 ἔχῃς,
1598 3443 1854 3514 μάνθανε,
1872 3445 1951 3497 ὃτι
1978 3443 2088 3497 Τὸν

505 3529 706 3595 ὅρκον,
725 3528 796 3581 ὃν
819 3527 1025 3596 ὤμοσα
1056 3528 1301 3595 Ἀϐραὰμ
1330 3525 1409 3591 τῷ
1432 3529 1607 3595 πατρί
1623 3541 1760 3587 σου.
1783 3526 1969 3579 τοῦτον
1996 3527 2088 3579 ἐπὶ

506 3612 590 3664 σοὶ⁵
608 3614 805 3682 στήσω.
827 3612 967 3682 Ὅρα
987 3610 1391 3678 συγκατάϐασιν
1405 3609 1559 3661 Θεοῦ.
1584 3611 1698 3662 Οὑκ
1712 3605 1862 3662 εἶπεν
1879 3609 2084 3674 ἀπλῶς,

505 3696 615 3758 Τάς
634 3694 922 3764 συνθήκας,
939 3692 1003 3755 ἃς
1022 3692 1513 3763 ἐποιησάμηνπρὸς
1531 3693 1620 3744 16v
1645 3693 1853 3763 πατέρα
1868 3693 1957 3744 τὸν
1976 3692 2085 3755 σὺν,

504 3778 625 3834 οὑτε
636 3778 731 3842 τὰς
749 3776 1096 3845 ἐπαγγελίας,
1109 3776 1171 3835 ἃς
1190 3774 1522 3844 ὑπεσχόμην·
1545 3773 1679 3827 ἀλλὰ
1696 3774 1767 3839 τί;
1791 3774 2090 3841 Τὸνὸρκον

505 3862 578 3915 ὃν
596 3861 821 3930 ὤμοσα.
840 3860 1028 3930 Ὅρκῳ
1044 3858 1201 3912 αὑτὸν
1218 3858 1626 3927 ἐπιστωσάμην,
1646 3857 1800 3928 φησὶ,
1832 3856 1925 3909 καὶ
1942 3856 2089 3926 ὀφεί-

504 3944 582 3998 λω
607 3947 685 4006 εἰς
700 3942 858 4014 ἔργον
880 3943 1105 4009 ἀγαγεῖν
1126 3942 1218 3995 καὶ
1242 3941 1524 4009 πληρῶσαι
1541 3940 1630 3992 τὸν
1657 3941 1815 4008 ὅρκον
1832 3940 1919 3991 τὸν
1936 3939 2085 4008 ἐμόν.

587 4026 748 4096 Ὁρᾷς
788 4024 921 4078 Θεοῦ
968 4024 1405 4094 φιλανθρωπίαν;
1475 4025 1547 4076 Οὑ
1583 4024 1717 4093 πρὸς
1750 4025 1849 4095 τὴν
1886 4022 2089 4077 οἰκείαν

507 4108 661 4173 ἀξίαν
716 4108 856 4179 ὀρῶν
910 4107 1238 4176 φθέγγεται*
1281 4106 1415 4158 άλλά
1478 4106 1615 4176 πρὸς
1671 4108 1764 4177 τὴν
1812 4109 2089 4161 ἀσθένειαν

510 4191 949 4261 συγκαταϐαίνων
975 4190 1071 4260 τὴν
1112 4190 1401 4262 ἡμετέραν.
1442 4188 1589 4260 [502]
1634 4191 1850 4261 Ἐπειδὴ
1896 4192 2002 4260 γὰρ
2039 4192 2088 4243 οἰ

509 4278 780 4347 ἄνθρωποι
809 4276 881 4338 ώς
904 4275 996 4327 ἐπὶ
1017 4277 1078 4326 16
1113 4262 1359 4326 πλεῖστον
1414 4274 1596 4327 ἐκεῖνα
1620 4275 1699 4336 εἰς
1742 4274 1900 4345 ἔργον
1935 4276 2087 4342 ἄγειν

512 4358 921 4424 σπουδάζουσιν,
954 4357 1050 4425 οὑχ
1084 4356 1224 4429 άπερ
1256 4355 1320 4409 ἂν
1345 4356 1530 4419 ἀπλῶς
1560 4356 1897 4426 ὑπόσχωνταί
1924 4374 2083 4422 τισιν,

511 4443 625 4495 ἀλλ’
659 4442 757 4494 ὅσα
790 4441 855 4494 ἂν
892 4440 1008 4510 μεθ’
1034 4442 1195 4511 ὅρκου
1228 4439 1663 4509 ἐπαγγέλλωνται
1682 4457 1694 4469 ·
1715 4440 1805 4493 τὸν
1835 4440 1995 4492 αὑτὸν
2024 4440 2087 4511 δὴ

509 4526 708 4597 τρόπον
732 4523 824 4576 καὶ
854 4525 881 4575 6
908 4522 1013 4574 τῶν
1034 4524 1168 4575 ὃλων
1196 4523 1326 4587 Θεὸς
1355 4521 1713 4594 πληροφορῶν
1743 4524 1833 4575 τὸν
1859 4521 2084 4587 δίκαιον,

512 4609 595 4661 ὅτι
642 4608 856 4669 πάντως
893 4604 1043 4658 ἐσται
1089 4605 1157 4658 τά
1210 4606 1339 4676 παρ’
1375 4604 1540 4658 αὑτοῦ
1568 4604 1853 4675 λεγόμενα,
1890 4606 2082 4676 φησίν·

513 4690 653 4743 Ἴσθι
692 4690 774 4742 ὅτι
795 4688 864 4741 τά
888 4688 1015 4758 παρ’
1054 4688 1186 4757 ἐμοῦ
1228 4688 1527 4759 όμνυθέντα
1561 4690 1639 4750 είς
1671 4688 1828 4759 ἔργον
1858 4686 2088 4759 ἀχθῆναι

510 4776 609 4828 δεῖ.
646 4774 711 4827 Τί
733 4769 846 4835 οῦν,
866 4773 1027 4843 φησίν
1046 4789 1059 4837 ;
1086 4774 1114 4824 6
1132 4773 1264 4835 Θεὸς
1280 4771 1457 4847 ὤμοσε
1482 4790 1496 4837 ;
1523 4774 1616 4825 καὶ
1637 4773 1777 4827 κατά
1802 4772 1941 4834 τίνος
1961 4772 2087 4843 ὀμό-

512 4875 601 4911 σαι
632 4856 892 4925 ὴδύνατο;
950 4856 1112 4926 Ὁρᾷς
1144 4855 1226 4907 ὃτι
1255 4855 1709 4923 συγκαταϐάσεως
1740 4852 1807 4924 ἦν
1841 4856 1902 4907 τὸ
1933 4858 2086 4925 εἰρη-

511 4940 673 5010 μένον
699 4956 712 4969 ·
736 4938 833 5007 τὴν
858 4938 965 5009 γὰρ
991 4938 1277 5007 βεϐαίωσιν
1301 4939 1398 5007 τῆς
1415 4938 1753 5007 ὑποσχέσεως
1780 4940 1938 5008 ὅρκον
1960 4939 2088 4991 ἐκά-

508 5022 654 5076 λεσε.
690 5023 797 5075 Καὶ
828 5020 1056 5088 στήσω,
1087 5023 1236 5091 φησὶ,
1277 5021 1382 5073 τὸν
1412 5021 1591 5088 ὅρκον
1612 5039 1732 5090 μου
1751 5063 1765 5086 ,
1788 5020 1858 5073 ὃν
1882 5020 2088 5088 ὤμοσα

509 5110 755 5177 Ἀϐραὰμ
780 5108 859 5173 τῷ
880 5109 1056 5176 πατρί
1077 5126 1215 5162 σου.
1234 5103 1367 5173 Εἶτα
1396 5108 1631 5163 διδάσκει
1651 5108 1811 5173 αὑτὸν
1846 5109 1939 5160 καὶ
1966 5107 2087 5160 τίνα

509 5194 656 5246 ἐστὶν
675 5192 710 5246 ἃ
731 5193 1015 5262 ὑπέσχετο,
1040 5199 1132 5246 καὶ
1149 5191 1273 5263 περὶ
1298 5193 1454 5246 τίνων
1482 5191 1630 5262 αὑτῷ
1651 5190 2084 5243 διεϐεϐαιώσατο.

510 5276 619 5330 Καὶ
658 5275 943 5343 πληθυνῶ
983 5276 1048 5329 τὸ
1088 5276 1325 5344 σπέρμα
1370 5289 1509 5339 σου,
1550 5276 1629 5340 ὼς
1662 5274 1802 5339 τοὺς
1829 5274 2087 5341 ἀστέρας

511 5363 618 5417 τοῦ
648 5363 927 5430 οὐρανοῦ.
966 5362 1135 5416 Τοῦτο
1170 5364 1276 5432 γὰρ
1308 5363 1401 5415 καὶ
1428 5361 1844 5432 τῷίπατριάρχῃ
1877 5361 2081 5427 ἔλεγεν,

512 5445 861 5500 ὅτιΤοσοῦτον
878 5446 1030 5500 ἐσται
1051 5448 1110 5499 16
1134 5446 1354 5516 σπέρμα
1384 5461 1499 5509 σου,
1516 5444 1590 5507 ὡς
1619 5446 1711 5496 καὶ
1731 5447 1841 5506 τοῖς
1868 5445 2087 5515 ἄστροις

575 5672 601 5736 ἔ
625 5670 732 5736 Sex_
751 5686 863 5736 mss.
889 5673 1095 5721 ἄκουσον
1119 5677 1202 5731 τήν
1242 5675 1420 5735 ἄφατον
1448 5672 1540 5736 τοῦ,
1577 5672 1702 5736 Θεοῦ
1726 5675 2082 5736 φιλανθρωπίαν·

512 5734 663 5798 ὤφθη.
704 5734 852 5798 S_avil.
899 5737 1102 5782 ἄκουσον
1128 5738 1211 5792 τήν
1250 5733 1427 5797 ἄφατον
1463 5734 1547 5781 τοῦ
1572 5733 1695 5782 Θεοῦ
1723 5733 2080 5798 εὐσπλαγχνίαν.

513 5796 681 5857 Ἆῑτθι.
709 5794 912 5857 ἄκουσον
935 5803 1014 5854 τῆς
1034 5800 1067 5845 Γ
1071 5805 1215 5860 ραξῆς
1248 5794 1490 5859 λεγούσης,
1516 5798 1662 5859 ὤφθη.

1234 418 1296 477 .S.
1326 414 1606 472 JOANNIS
1634 411 2118 472 CHRYSOSTOMI
2149 413 2466 471 ARCHIEP.
2507 411 3049 469 CONSTANTINOP.

3642 415 3755 470 454

2181 528 2272 579 καὶ
2288 530 2352 598 τῇ
2400 529 2567 599 ἄμμῳ
2619 528 3015 600 παρισωθῆναι.
3067 528 3170 581 Καὶ
3207 527 3396 593 δώσω,
3444 529 3626 597 φησὶν,
3676 530 3761 597 τῷ

2178 611 2473 679 σπέρματί
2498 630 2615 666 σου
2649 611 2853 666 πᾶσαν
2876 611 2992 681 τὴν
3017 611 3133 681 γῆν
3164 613 3407 679 ταύτην,
3462 613 3561 665 καί
3589 613 3761 667 ἐνευ-

2177 696 2701 763 λογηθήσονταιέν
2720 694 2800 759 τῷ
2830 697 3123 762 σπέρματί
3151 712 3266 749 σου
3296 695 3493 748 πάντα
3520 697 3589 748 τὰ
3608 698 3758 763 ἔθνη

2177 776 2287 844 τῆς
2311 775 2440 845 γῆς.
2477 777 2575 830 Διά
2594 776 2749 830 τοῦτο
2772 778 2829 831 δέ
2854 778 2950 841 τάς
2974 778 3294 847 ὑποσχέσεις
3326 779 3423 841 τάς
3448 779 3528 841 εἰς
3552 780 3760 831 ἐκεῖνον

2178 860 2549 930 γεγενημένας
2587 862 2665 923 είς
2702 862 2761 912 σὲ
2783 861 3075 931 πληρώσω,
3122 863 3265 915 ’Δγ-θ’
3296 854 3382 915 ὧν
3402 861 3760 927 ὑπήκουσεν

2179 942 2434 1011 Ἀϐραὰμ
2464 946 2497 997 ό
2534 943 2727 1010 πατήρ
2753 959 2869 997 σου
2902 943 3011 1011 τῆς
3042 944 3193 1014 ἐμῆς
3232 942 3451 1013 φωνῆς,
3484 945 3580 997 καὶ
3611 947 3759 1012 ἐρύ-

2177 1026 2327 1089 λαξε
2369 1027 2440 1079 τὰ
2488 1024 2914 1095 προστάγματα
2953 1043 3094 1095 μου,
3140 1027 3239 1079 καί
3280 1027 3353 1080 τὰ
3394 1027 3761 1095 δικαιώματά

2172 1126 2321 1176 μου,
2364 1108 2463 1161 καὶ
2513 1114 2586 1162 τὰ
2616 1110 2835 1178 νόμιμά
2856 1128 2997 1179 μου.
3044 1111 3183 1180 Ὅρα
3208 1109 3341 1163 Θεοῦ
3373 1112 3580 1180 σοφίαν,
3608 1114 3759 1175 ὅπως

2177 1191 2431 1261 διεγείρει
2456 1190 2548 1244 τοῦ
2585 1192 2790 1244 δικαίου
2813 1194 2909 1263 τὴν
2936 1193 3193 1255 διάνοιαν,
3223 1194 3315 1246 καὶ
3350 1194 3757 1264 προθυμότερον

2178 1274 2491 1343 ἐργάζεται,
2514 1276 2606 1327 καλ¹
2639 1276 3045 1345 παρασκευάζει
3076 1277 3316 1348 μιμητὴν
3339 1277 3523 1330 τοῦτον
3555 1278 3649 1330 τοῦ
3678 1281 3760 1330 oi-

2177 1358 2325 1409 κείου
2356 1359 2558 1430 πατρὸς
2610 1360 2964 1430 καταστῆναι.
3024 1361 3086 1413 Εἰ
3120 1360 3225 1431 γάρ
3276 1363 3499 1423 ἐκεῖνος,
3542 1361 3753 1431 ἐπειδὴ.

2178 1442 2361 1508 φησὶν,
2396 1442 2671 1512 ὑπήκουσε
2702 1444 2799 1512 τῆς
2820 1443 2958 1513 ἐμῆς
2985 1443 3185 1513 φωνῆς,
3204 1443 3407 1514 ταύτης
3426 1443 3628 1514 ⁴ήξιώθη
3657 1445 3759 1514 τῆς

2176 1523 2543 1594 ὑποσχέσεως,
2583 1526 2677 1578 καὶ
2711 1525 2797 1577 διά
2841 1525 2939 1595 τὴν
2969 1526 3177 1579 ἐκείνου
3225 1527 3421 1596 ἀρετὴν
3467 1529 3543 1588 είς
3580 1529 3638 1580 σὲ
3664 1528 3758 1580 τὸν

2177 1607 2235 1673 ἐξ
2265 1606 2429 1660 αὑτοῦ
2458 1606 2719 1677 τεχθέντα
2760 1607 2932 1661 ταῦτα
2962 1607 3201 1678 πληροῦν
3230 1608 3406 1679 μέλλω
3425 1625 3440 1640 ⁸
3480 1612 3527 1662 εί
3573 1611 3664 1663 καὶ
3690 1612 3758 1664 σὺ

2176 1690 2345 1768 αὑτὸς¹
2374 1692 2584 1743 ἐκείνου
2620 1691 2865 1762 ζηλωτὴς
2908 1692 3258 1760 κατασταίης,
3288 1692 3381 1746 καὶ
3415 1693 3514 1764 τὴν
3542 1693 3758 1745 ἐκείνου

2177 1775 2292 1828 ὁδὸν
2317 1774 2508 1839 ἔλθοις,
2544 1775 2814 1846 ἐννόησον,
2838 1777 2969 1845 ὅσης
2989 1774 3313 1839 ἀπολαύσεις
3343 1773 3443 1846 τῆς
3471 1778 3601 1848 παρ’
3618 1778 3759 1848 ἐμοῦ

2178 1856 2410 1920 εὑνοίας,
2453 1858 2544 1910 καὶ
2582 1858 2753 1926 πόσης
2800 1859 3051 1927 προνοίας
3090 1858 3386 1930 άξιωθήσῃ.
3434 1860 3490 1913 Ὀ
3529 1861 3636 1930 γάρ
3666 1861 3760 1913 διὰ

2176 1942 2274 2012 τὴν
2302 1942 2486 2013 ἐτέρου
2535 1943 2736 2013 ἀρετὴν
2785 1943 2991 2013 μέλλων
3030 1940 3088 1996 εὖ
3117 1944 3365 2013 πάσχειν,
3395 1945 3443 1996 εἰ
3466 1946 3557 1997 καὶ
3590 1946 3759 2010 αὐτὸς

2179 2026 2432 2101 ἐνάρετος
2462 2026 2691 2092 γένοιτο,
2732 2027 2909 2097 πολλῷ
2939 2027 3181 2089 πλείονος
3205 2027 3564 2098 ἀξιωθήσεται
3592 2030 3760 2099 κηδε-

2180 2108 2388 2185 μονίας.
2425 2108 2489 2161 Τί
2518 2110 2573 2162 δέ
2608 2110 2777 2172 ἐστιν,
2829 2112 2971 2165 Ἁνο’
3004 2105 3090 2164 ὧν
3118 2111 3432 2177 ὑπήκουσε
3469 2111 3575 2180 τῆς
3604 2112 3761 2182 ἐμῆς

2177 2190 2414 2259 φωνῆς,
2461 2192 2560 2244 καὶ
2607 2192 2873 2261 ἐφύλαξε
2914 2194 2986 2247 τὰ
3018 2194 3439 2263 προστάγματά
3464 2212 3604 2264 μου,
3656 2197 3757 2248 καί

2178 2275 2282 2340 τὰς
2306 2274 2558 2341 ἐντολάς
2578 2294 2697 2344 μου
2721 2316 2735 2339 ,
2768 2277 2867 2330 καὶ
2909 2277 2979 2330 τὰ
3014 2276 3367 2348 δικαιώματά
3383 2295 3537 2347 μου;
3589 2274 3758 2330 Εἶπον

2178 2356 2326 2427 αὑτῷ
2352 2374 2365 2387 ο
2412 2360 2656 2422 Ἔξελθε
2683 2359 2751 2412 ἐκ
2790 2359 2900 2427 τῆς
2934 2359 3045 2429 γῆς
3091 2375 3207 2415 σου
3235 2362 3331 2414 καί
3358 2362 3425 2415 ἐκ
3462 2362 3570 2429 τῆς
3609 2377 3760 2429 συγ-

2177 2441 2408 2509 γενείας
2446 2459 2583 2508 σου,
2643 2444 2741 2499 καί
2776 2443 2950 2513 δεῦρο
2988 2447 3073 2510 εἰς
3114 2444 3227 2513 τὴν
3269 2444 3387 2514 γῆν
3420 2444 3498 2512 ἣν
3540 2445 3617 2497 ἄν
3655 2461 3760 2497 σοι

2182 2523 2360 2587 δείξω
2392 2541 2405 2554 ·
2437 2525 2535 2577 καὶ
2576 2526 2862 2579 κατέλειπε
2900 2526 2969 2579 τά
3015 2529 3072 2581 ἐν
3110 2528 3284 2598 χερσὶ,
3336 2529 3429 2581 καλ⁵
3471 2528 3540 2580 τά
3585 2527 3759 2597 ἄδηλα

2181 2606 2393 2660 ἐδίωκε.
2438 2608 2546 2661 Καὶ
2586 2610 2687 2662 οὑκ
2734 2609 3053 2675 ἐνεδοίασεν,
3091 2612 3209 2664 οὑδέ
3246 2612 3548 2682 ήμέλλησεν
3571 2651 3586 2675 ,
3620 2612 3760 2664 ἀλλά

2182 2690 2321 2759 μετὰ
2342 2693 2519 2761 πάσης
2538 2693 2842 2763 προθυμίας
2861 2694 2921 2746 τὸ
2937 2696 3214 2765 ἐπίταγμα
3237 2696 3457 2766 πληρῶν
3478 2696 3758 2765 ὑπήκουσε

2179 2775 2276 2845 τῆς
2299 2775 2439 2844 ἐμῆς
2468 2777 2667 2847 φωνῆς.
2706 2778 2871 2831 Πάλιν
2898 2778 2965 2831 τά
2994 2780 3131 2849 ὑπὲρ
3158 2780 3255 2850 τὴν
3285 2781 3445 2849 φύσιν
3480 2780 3631 2850 αὑτῷ
3655 2782 3753 2833 ἐπ-

2180 2858 2545 2930 ηγγειλάμην,
2574 2861 2667 2913 καὶ
2714 2862 2849 2930 μετά
2882 2862 2943 2915 16
2969 2863 3067 2933 τὴν
3096 2863 3308 2933 ήλικίαν
3354 2864 3755 2935 ἀπαγορεῦσαι,

2181 2942 2273 2993 καὶ
2322 2942 2516 3011 μηκέτι
2558 2946 2695 3015 μήτε
2742 2944 2921 3013 αὑτὸν,
2970 2949 3104 3017 μήτε
3142 2949 3241 3019 τὴν
3276 2949 3490 3019 μητέρα
3518 2952 3616 3017 τὴν
3657 2949 3758 3017 σὴν

2181 3025 2315 3091 πρὸς
2354 3027 2697 3093 τεκνογονίαν
2744 3029 2885 3103 ἔχειν
2915 3030 3035 3083 τινὰ
3068 3032 3495 3103 ἐπιτηδειότητα,
3542 3033 3757 3085 ἀκούων

2182 3110 2313 3179 παρ’
2338 3109 2472 3179 ἐμοῦ
2495 3111 2575 3163 ὅτι
2612 3114 2671 3163 16
2701 3114 2758 3177 ἐξ
2784 3113 2947 3165 αὑτοῦ
2972 3114 3189 3185 σπέρμα
3214 3117 3291 3178 είς
3317 3115 3567 3169 τοσοῦτον
3598 3117 3759 3167 ἐκτα-

2184 3194 2429 3264 θήσεται,
2460 3194 2535 3257 ὡς
2578 3197 2755 3248 πᾶσαν
2784 3196 3066 3267 πληρῶσαι
3106 3198 3203 3268 τὴν
3234 3202 3353 3269 γῆν,
3379 3200 3495 3253 οὑδὲ
3527 3200 3645 3251 τότε
3674 3200 3755 3251 δι-

2181 3280 2455 3351 εταράχθη
2495 3281 2585 3332 τὸν
2613 3280 2888 3351 λογισμὸν,
2916 3282 3028 3335 ἀλλ’
3063 3285 3343 3337 ἐπίστευσε
3366 3301 3379 3315 ·
3410 3285 3475 3337 δι’
3510 3285 3537 3337 ὃ
3564 3285 3654 3336 καὶ
3677 3284 3756 3335 δι-

2182 3361 2440 3433 καιοσύνη
2474 3362 2620 3432 αὑτῷ
2663 3364 2935 3434 ἐλογίσθη,
2976 3367 3055 3418 ὅτι
3088 3370 3153 3436 τῇ
3182 3368 3407 3435 δυνάμει
3430 3371 3494 3438 τῇ
3530 3370 3635 3437 ἐμῇ
3669 3385 3758 3418 πι-

2185 3444 2436 3508 στεύσας,
2465 3448 2558 3498 καὶ
2598 3449 2719 3509 ταῖς
2759 3448 3082 3517 ὑποσχέσεσι
3114 3449 3395 3522 θαρρήσας
3425 3454 3545 3513 ταῖς
3574 3452 3757 3519 ἐμαῖς,

2184 3527 2456 3598 ἀνώτερος
2489 3528 2677 3596 γέγονε
2699 3530 2796 3598 τῆς
2820 3531 3102 3595 ἀσθενείας
3129 3534 3223 3601 τῆς
3252 3533 3611 3604 ἀνθρωπίνης.
3648 3535 3759 3587 Καὶ

2189 3610 2325 3679 μετά
2351 3610 2411 3662 τὸ
2434 3610 2491 3662 σὲ
2514 3610 2789 3681 τεχθῆναι,
2811 3614 2907 3683 τῆς
2925 3615 3125 3685 μητρὸς
3145 3616 3242 3682 τῆς
3268 3616 3363 3685 σῆς
3384 3616 3761 3686 δυσχεραινού-

2188 3707 2287 3760 σης
2314 3692 2445 3762 πρὸς
2470 3692 2561 3745 τὸν
2588 3695 2809 3765 Ἰσμαὴλ
2834 3697 2921 3747 τὸν
2950 3698 3013 3749 ἐκ
3038 3698 3136 3766 τῆς
3165 3698 3450 3768 παιδίσκης
3478 3699 3757 3767 τεχθέντα,

2187 3776 2279 3827 καὶ
2314 3774 2639 3845 βουλομένης
2665 3779 2823 3830 αὑτὸν
2850 3781 3116 3833 ἀπελάσαι
3144 3782 3242 3851 τῆς
3283 3784 3459 3846 οίκίας
3499 3783 3634 3852 μετά
3658 3785 3761 3848 τῆς

2189 3859 2386 3928 Ἅγαρ,
2413 3858 2552 3910 ὥστε
2580 3860 2741 3930 μηδὲν
2776 3862 2947 3915 κοινὸν
2990 3863 3130 3933 ἔχειν
3168 3864 3302 3935 πρὸς
3331 3866 3409 3928 σὲ,
3434 3866 3529 3918 τοῦ
3563 3883 3759 3936 πατρι-

2188 3942 2354 4013 άρχου
2380 3942 2466 3995 διά
2486 3943 2584 4012 τὴν
2616 3947 2885 4015 πατρικὴν
2912 3946 3286 4017 φιλοστοργίαν
3306 3948 3402 4018 ήδη
3427 3948 3609 4018 σχέσιν
3636 3948 3760 4001 τινά

2187 4025 2280 4077 καὶ
2312 4026 2445 4094 πρὸς
2476 4027 2679 4079 ἐκεῖνον
2712 4028 2945 4097 ἔχοντος,
2967 4029 3204 4093 ἀκούσας
3231 4032 3358 4099 παρ’
3392 4031 3546 4101 ἐμοῦ,
3576 4032 3659 4084 δτι
3686 4032 3760 4083 Τὸ

2185 4106 2372 4160 δοκοῦν
2406 4109 2547 4160 ποίει
2574 4112 2637 4179 τῇ
2671 4112 3185 4181 Σάρρᾳ,ἐπελάθετο
3206 4115 3302 4183 τῆς
3340 4116 3571 4184 φυσικῆς
3603 4116 3757 4183 φιλο-

2189 4192 2459 4261 στοργίας,
2477 4194 2563 4245 καὶ
2588 4194 2805 4259 ἐξέϐαλε
2828 4196 2915 4247 τὸν
2934 4196 3151 4266 Ἰσμαὴλ
3176 4197 3310 4265 μετά
3327 4197 3424 4267 τῆς
3444 4198 3755 4268 παιδίσκης,

2191 4275 2341 4347 [505]
2388 4278 2479 4329 καὶ
2523 4278 2795 4347 πανταχοῦ
2824 4268 3095 4351 ὑπήκουσε
3143 4282 3241 4350 τῆς
3269 4282 3405 4351 ἐμῆς
3435 4282 3636 4351 φωνῆς,
3664 4285 3761 4335 καὶ

2188 4360 2421 4430 ἐφύλαξε
2444 4361 2511 4414 τά
2541 4365 2935 4432 προστάγματά
2966 4382 3086 4434 μου.
3106 4366 3215 4419 Καὶ
3235 4366 3341 4435 γάρ
3368 4366 3427 4419 16
3451 4366 3759 4418 τελευταῖον

2187 4443 2546 4514 προσταχθεὶς
2592 4446 2680 4496 ὑπ’
2718 4445 2847 4515 ἐμοῦ
2884 4449 2963 4509 είς
3010 4436 3197 4500 θυσίαν
3235 4450 3542 4515 ἀνενεγκεῖν
3578 4448 3669 4500 τὸν
3698 4449 3759 4501 ἐν

2186 4526 2264 4595 τῷ
2307 4526 2463 4596 γήρει
2504 4528 2655 4597 αὑτῷ
2698 4529 2945 4595 δοθέντα,
3002 4530 3091 4582 τὸν
3118 4530 3259 4584 οὕτω
3286 4532 3668 4601 περιπόθητον,
3694 4532 3757 4584 οὑ

2190 4610 2606 4679 περιειργάσατο
2638 4611 2698 4663 τὸ
2729 4612 3074 4681 πρόσταγμα,
3107 4614 3167 4666 οὑ
3198 4614 3520 4684 διεταράχθη
3552 4615 3642 4667 τὸν
3672 4614 3760 4666 λος

2187 4691 2403 4760 γισμὸν,
2441 4693 2560 4745 οὑδέ
2603 4694 2993 4748 ἀνεκοινώσατο
3036 4700 3101 4768 τῇ
3140 4698 3305 4769 μητρὶ
3340 4701 3405 4767 τῇ
3440 4700 3525 4767 σῇ,
3557 4698 3617 4749 οὑ
3645 4700 3760 4761 τοῖς

2188 4776 2394 4838 παισὶν,
2427 4774 2485 4827 οὑ
2520 4774 2601 4826 σοὶ
2648 4776 2794 4846 αὑτῷ
2825 4778 2885 4830 τὸ
2913 4779 3104 4847 μέλλον
3136 4782 3225 4833 ὑπ’
3254 4780 3416 4833 αὑτοῦ
3448 4779 3762 4851 πραχθήσε-

2189 4858 2310 4910 σθαι
2336 4858 2632 4927 κατάδηλον
2660 4860 2934 4931 ἐποίησεν,
2959 4863 3072 4915 ἀλλ’
3097 4864 3390 4935 ἐρρωμένῳ
3409 4864 3486 4932 τῷ
3514 4862 3761 4931 λογισμῷ

2187 4941 2279 4992 καὶ
2302 4941 2666 5011 συντεταμένῃ
2696 4945 2760 5012 τῇ
2784 4944 3056 5016 προθυμίᾳ
3075 4949 3153 5009 είς
3183 4946 3340 5016 ἔργον
3367 4947 3518 5013 ἄγειν
3548 4945 3608 4997 16
3636 4945 3760 4997 ἐπί-

2185 5040 2369 5094 ταγμα
2395 5024 2648 5092 ἠπείγετο
2682 5028 2739 5078 τὸ
2766 5028 2895 5097 ἐμόν
2921 5046 2933 5058 ·
2966 5029 3045 5081 διὸ
3075 5031 3171 5099 τὴν
3198 5029 3419 5098 γνώμην
3450 5027 3610 5081 αὑτοῦ
3638 5044 3758 5080 στε-

2186 5106 2457 5175 φανώσας,
2490 5108 2551 5159 16
2576 5106 2734 5177 ἔργον
2772 5110 3017 5165 ἐκώλυσα
3044 5112 3311 5179 γενέσθαι.
3365 5113 3514 5165 Ἐπεὶ
3544 5108 3636 5163 οῦν
3669 5112 3760 5164 διά

2187 5191 2404 5241 πάντων
2435 5189 2630 5259 πολλὴν
2661 5191 2969 5259 ἐπεδείξατο
2991 5196 3089 5265 τὴν
3120 5196 3364 5265 ὑπακοὴν
3395 5194 3489 5247 καὶ
3512 5193 3759 5263 φυλακὴν

2186 5272 2293 5323 τῶν
2316 5272 2463 5341 ἐμῶν
2487 5278 2941 5345 προσταγμάτων,
2965 5279 3052 5331 διά
3067 5278 3223 5331 τοῦτο
3253 5279 3333 5342 σὲ,
3364 5278 3451 5331 τὸν
3474 5278 3530 5344 ἐξ
3549 5278 3761 5330 ἐκείνου.

2186 5355 2462 5424 τεχθέντα,
2488 5357 2597 5408 τῶν
2642 5358 2984 5429 ὑποσχέσεων
3010 5362 3117 5415 τῶν
3144 5364 3221 5425 είς
3256 5363 3417 5417 αὑτὸν
3453 5361 3758 5430 γεγενημέ-

2186 5455 2293 5490 νων
2318 5438 2454 5491 ποιῶ
2492 5439 2591 5511 κλη
2602 5441 2842 5513 ρονόμον.

2218 5612 2287 5673 γ’.
2306 5606 2555 5676 Μίμησαι
2570 5608 2748 5661 τοίνυν
2766 5609 2971 5663 ἐκείνου
2988 5610 3084 5680 τὴν
3107 5611 3368 5683 ὑπακοην,
3383 5614 3476 5667 καὶ
3497 5617 3608 5678 τοῖς
3628 5617 3761 5686 παρ¹

2185 5697 2318 5767 ἐμοῦ
2336 5697 2643 5768 λεγομένοις
2674 5702 2913 5765 πίστευε,
2935 5702 3021 5755 ἴνα
3043 5703 3459 5769 πολυπλασίονος
3482 5706 3581 5775 τῆς
3602 5708 3757 5775 ἀμοιο

2190 5788 2288 5859 ϐῆς
2323 5786 2574 5862 ἀξιωθῇς,
2609 5792 2747 5864 ὑπέρ
2776 5808 2834 5844 τε
2872 5792 2970 5861 τῆς
3000 5793 3092 5847 τοῦ
3142 5797 3343 5869 πατρὸς
3372 5798 3590 5869 ἀρετῆς,
3616 5799 3756 5871 ὑπέρ
