4084 6356
950 322 984 354 4,

348 359 458 415 453

347 473 526 543 justus
569 472 657 527 ille
700 471 893 527 famem
923 471 1145 534 videret,
1178 470 1443 543 Profectus
1486 480 1578 540 est,
1628 470 1813 540 inquit,
1864 470 1931 522 ad

350 565 635 618 Abimelech
661 564 716 617 in
745 562 955 617 Geram.
985 563 1064 617 Eo
1092 563 1234 617 enim
1262 572 1315 617 et
1344 563 1607 616 Abraham
1637 570 1757 630 post
1804 560 1929 615 red-

350 654 485 706 itum
511 668 665 707 suum
692 668 758 707 ex
797 651 1026 723 Egypto
1068 662 1305 707 venerat.
1335 652 1631 706 Verisimile
1662 661 1837 706 autem
1877 662 1932 706 et

357 744 503 799 hunc
535 753 813 814 pr0pterea
844 746 974 799 illuc
1001 744 1213 809 abiisse,
1245 744 1386 815 quod
1416 744 1537 799 inde
1564 746 1614 799 in
1641 743 1929 815 Egyptum

350 836 680 890 contendere
707 836 899 901 vellet;
929 846 985 890 et
1022 835 1164 905 quod
1192 834 1293 890 hoc
1319 836 1390 890 ita
1416 837 1505 901 sit,
1529 835 1649 889 audi
1693 835 1931 903 Scriptu-

350 941 467 978 ram
496 925 760 980 dicentem
801 928 817 958 ¹
852 945 864 980 :
894 926 948 979 2.
990 925 1134 980 Visus
1159 935 1231 979 est
1258 928 1398 981 enim
1427 926 1492 991 ei,
1537 927 1726 997 inquit,
1757 925 1928 990 Deus,

356 1025 403 1067 et
447 1014 578 1068 dixit
604 1030 623 1068 :
652 1013 735 1069 Ne
760 1015 1026 1069 descendas
1051 1016 1104 1069 in
1124 1015 1432 1085 Egyptum.
1461 1015 1596 1070 Nolo
1624 1025 1694 1081 te,
1725 1015 1926 1083 inquit,

360 1105 571 1174 longam
617 1106 759 1158 illam
800 1108 940 1159 viam
967 1106 1254 1174 proﬁcisci,
1285 1106 1376 1160 sed
1424 1106 1509 1161 hic
1537 1121 1752 1161 manere
1788 1106 1926 1160 volo.

356 1194 540 1262 Neque
568 1196 815 1263 permitto
840 1204 893 1250 ut
921 1196 1214 1265 angustiam
1244 1197 1551 1266 experiaris,
1580 1197 1669 1250 sed
1698 1197 1928 1266 promis-

353 1286 555 1338 sionem
581 1286 715 1354 patri
742 1294 834 1339 tuo
859 1286 1052 1340 factam
1075 1287 1327 1356 implebo,
1351 1296 1404 1341 et
1430 1304 1547 1356 qua:
1570 1288 1643 1341 illi
1674 1288 1928 1357 promissa

354 1386 499 1439 sunt,
530 1375 581 1429 in
631 1384 685 1430 te
732 1378 976 1431 evenient
1008 1396 1022 1432 :
1052 1387 1107 1432 et
1152 1387 1207 1432 tu
1254 1379 1654 1447 promissiones,
1705 1396 1822 1449 qua:
1853 1380 1931 1435 illi

352 1465 507 1521 facta:
534 1476 674 1529 sunt,
706 1484 765 1523 re
808 1470 919 1537 ipsa
945 1470 1190 1539 accipies.
1238 1470 1323 1524 Ne
1365 1472 1634 1527 descendas
1659 1475 1713 1527 in
1753 1473 1926 1544 Αἴθῃ-

350 1567 533 1627 ptum:
563 1558 731 1612 habita
758 1569 921 1613 autem
961 1563 1014 1615 in
1060 1573 1194 1617 terra
1244 1580 1394 1633 quam
1445 1565 1533 1618 tibi
1575 1567 1766 1631 dixero,
1797 1566 1850 1621 5.
1880 1576 1928 1620 et

350 1650 639 1719 peregrinus
664 1661 766 1704 esto
794 1652 847 1704 in
871 1661 1003 1705 terra
1023 1653 1138 1707 hac.

423 1740 478 1793 2.
508 1740 706 1796 Deinde
736 1751 793 1795 ut
820 1757 888 1797 ne
918 1752 1068 1811 putet
1090 1744 1286 1812 justus,
1315 1746 1480 1801 Deum
1524 1745 1625 1802 hoc
1668 1747 1929 1817 imperare

349 1830 499 1899 quasi
529 1839 793 1886 volentem
824 1848 943 1886 eum
974 1834 1125 1889 famis
1151 1837 1445 1905 angustiam
1466 1838 1713 1907 experiri,
1740 1847 1795 1892 et
1824 1854 1928 1893 non

356 1919 665 1987 permittere
694 1921 741 1975 ei
771 1922 1047 1976 transitum
1076 1923 1128 1977 in
1157 1924 1463 1996 IEgyptum,
1511 1927 1681 1997 inquit
1717 1945 1729 1982 :
1753 1927 1830 1982 Ne
1856 1930 1929 1983 sis

355 2009 568 2071 anxius,
605 2026 777 2078 neque
800 2026 981 2067 curam
1011 2011 1164 2081 habe,
1194 2016 1288 2069 sed
1317 2017 1401 2070 hic
1424 2032 1585 2072 mane
1618 2036 1629 2069 :
1660 2017 1769 2088 Ego
1798 2020 1929 2072 enim

348 2118 434 2155 ero
454 2112 632 2156 tecum.
681 2103 843 2173 Igitur
890 2120 1010 2159 cum
1055 2108 1499 2176 suppeditatorem
1529 2108 1786 2164 bonorum
1810 2126 1928 2165 om-

349 2192 498 2245 nium
530 2190 746 2254 habeas,
794 2208 861 2248 ne
910 2197 985 2249 sis
1033 2195 1452 2267 sollicituszego
1498 2199 1641 2252 enim
1674 2199 1927 2255 Dominus

347 2283 586 2336 omnium
614 2298 707 2337 ero
735 2294 906 2337 tecum
941 2302 955 2337 :
986 2301 1157 2356 neque
1199 2287 1299 2342 hoc
1326 2288 1519 2355 solum,
1549 2290 1641 2343 sed
1685 2289 1751 2343 Et
1782 2290 1927 2345 bene-

347 2376 515 2428 dicam
540 2385 606 2440 te,
636 2377 735 2429 hoc
762 2385 864 2442 est,
896 2377 1189 2446 gloriosum
1214 2388 1264 2435 te
1291 2380 1500 2448 faciam,
1527 2392 1581 2437 et
1606 2383 1929 2439 benedictio—

349 2481 473 2520 nem
517 2480 697 2519 meam
744 2468 1007 2535 prasbebo.
1057 2469 1193 2535 Quid
1237 2471 1338 2526 hoc
1376 2474 1518 2542 justo
1565 2474 1787 2541 beatius,
1835 2477 1925 2547 qui

348 2557 509 2612 talem
554 2559 961 2627 promissionem
992 2576 1021 2613 a
1059 2563 1167 2616 Deo
1202 2566 1403 2634 accepit
1437 2584 1451 2621 :
1486 2566 1589 2621 Ero
1635 2578 1792 2622 tecum
1813 2611 1827 2633 ,
1878 2579 1926 2624 et

345 2647 633 2701 benedicam
662 2650 748 2703 te?
791 2649 901 2704 Hoc
942 2660 993 2705 te
1023 2651 1309 2709 declarabit
1336 2657 1580 2712 omnibus
1607 2658 1921 2727 feliciorem,

346 2738 450 2793 hoc
469 2749 520 2793 te
544 2737 845 2794 afﬂuentem
868 2741 1026 2796 rebus
1041 2743 1283 2799 omnibus
1302 2744 1470 2811 faciet,
1494 2748 1606 2801 haec
1621 2758 1702 2803 est
1716 2765 1923 2805 summa

344 2829 534 2899 gloria,
566 2829 679 2884 haec
724 2840 808 2886 est
836 2847 959 2887 vera
986 2834 1262 2901 securitas,
1295 2835 1395 2891 hoc
1419 2847 1501 2892 est
1524 2840 1730 2894 culmen
1758 2850 1812 2895 et
1831 2855 1922 2896 ca-

347 2930 444 2991 put
471 2922 749 2989 bonorum,
780 2925 900 2994 quia
926 2940 1027 2995 ego
1056 2934 1228 2981 tecum
1256 2943 1394 2983 sum.
1442 2930 1509 2983 Et
1533 2931 1819 2986 benedicam
1852 2943 1919 2988 te.

349 3012 629 3078 Quomodo
680 3024 855 3068 autem
884 3025 936 3071 te
978 3016 1285 3074 benedicam
1311 3020 1333 3073 ?
1362 3021 1476 3075 Tibi
1519 3033 1567 3076 et
1607 3025 1786 3079 semini
1838 3036 1922 3081 tuo

344 3103 475 3155 dabo
507 3114 692 3157 terram
736 3107 884 3161 hanc.
916 3108 996 3162 Tu
1038 3110 1233 3167 videris
1260 3112 1311 3165 in
1357 3114 1454 3169 hac
1481 3116 1697 3185 regione
1721 3121 1921 3174 versari

345 3193 499 3263 quasi
528 3194 726 3265 hospes
770 3206 824 3251 et
850 3214 1011 3269 vagus
1042 3218 1054 3253 :
1092 3202 1228 3257 scias
1256 3213 1429 3258 autem
1457 3206 1593 3275 quod
1637 3207 1729 3262 tibi
1754 3218 1807 3263 et
1832 3224 1919 3265 se-

344 3285 475 3337 mini
500 3295 590 3339 tuo
628 3286 836 3342 dabitur
863 3290 977 3345 huic
1002 3293 1175 3346 omnis
1206 3302 1365 3348 terra.
1415 3296 1480 3349 Et
1506 3308 1562 3351 ut
1590 3298 1726 3354 bene
1752 3303 1920 3355 conﬁ-

342 3375 459 3439 das,
491 3376 636 3431 disce
663 3393 748 3431 me
768 3379 1127 3447 juramentum
1154 3383 1300 3450 illud,
1332 3386 1471 3453 quod
1494 3388 1663 3456 juravi
1692 3390 1919 3445 Abrahae

343 3467 481 3535 patri
512 3476 624 3533 tuo,
658 3477 830 3525 tecum
861 3480 1113 3528 statuere.
1160 3474 1288 3529 Vide
1313 3478 1582 3545 quomodo
1610 3494 1910 3535 sermonem

344 3572 503 3611 suum
537 3558 675 3613 Deus
703 3560 890 3615 iterum
911 3571 1224 3633 attemperat
1250 3576 1446 3621 nostra:
1469 3569 1775 3623 inﬁrmitati.
1796 3571 1917 3627 Non

343 3649 480 3703 dixit
504 3650 829 3720 simpliciter,
861 3653 1019 3709 Pacta
1064 3671 1181 3724 quae
1210 3656 1309 3712 feci
1355 3674 1473 3713 cum
1506 3670 1651 3729 patre
1680 3671 1787 3727 tuo,
1820 3678 1917 3718 ne-

344 3754 451 3808 que
482 3741 858 3808 promissiones
879 3760 1010 3813 quas
1040 3748 1254 3815 promisi
1284 3764 1298 3802 :
1325 3748 1421 3804 sed
1444 3751 1569 3820 quid
1592 3753 1614 3806 ἲ
1639 3752 1915 3807 Juramen-

343 3841 451 3883 tum
474 3832 609 3901 quod
642 3834 834 3903 juravi.
863 3835 1214 3907 Jurejurando
1240 3841 1410 3910 ipsum
1440 3842 1747 3898 conﬁrmavi
1768 3845 1915 3914 jura-

342 3931 604 3990 mentum,
634 3935 690 3979 et
717 3933 903 3981 teneor
926 3938 984 3982 ut
1007 3944 1168 3997 opere
1195 3933 1462 4000 perﬁciam
1489 3934 1629 4003 quod
1650 3936 1841 4005 juravi.

415 4011 539 4067 Non
562 4024 753 4084 spectat
779 4034 921 4071 suam
959 4019 1252 4089 dignitatem
1282 4021 1438 4089 Deus,
1470 4024 1557 4078 sed
1582 4036 1804 4080 nostram
1834 4028 1914 4081 in-

341 4103 884 4171 ﬁrmitatem—Vides
910 4109 1001 4164 Dei
1029 4111 1400 4168 clementiam?
1420 4114 1533 4170 Non
1559 4115 1625 4170 ad
1648 4118 1913 4187 propriam

337 4192 649 4263 dignitatem
676 4198 968 4267 respiciens
1003 4201 1252 4271 loquitur,
1298 4205 1391 4259 sed
1419 4206 1486 4260 ad
1533 4218 1765 4263 nostram
1795 4225 1913 4266 sese

339 4295 699 4355 attemperans
742 4288 1124 4349 inﬁrmitatem.
1171 4294 1301 4348 Nam
1346 4297 1467 4365 quia
1517 4296 1758 4354 homines
1803 4300 1913 4355 fere

338 4390 550 4445 semper
575 4377 661 4430 illa
704 4392 864 4448 opere
890 4381 1143 4449 perﬁcere
1168 4384 1399 4453 student,
1429 4402 1534 4442 non
1565 4404 1682 4459 qum
1707 4391 1911 4459 simpli-

337 4465 473 4519 citer
504 4468 861 4535 promiserunt
908 4470 1087 4536 alicui,
1137 4475 1229 4528 sed
1275 4491 1395 4545 qua:
1442 4492 1560 4531 cum
1609 4479 1911 4548 juramento

338 4557 699 4625 promiserunt
731 4576 745 4613 :
775 4560 933 4615 simili
962 4563 1121 4619 modo
1149 4573 1202 4619 et
1245 4565 1382 4620 Deus
1422 4566 1569 4637 justo
1612 4570 1816 4637 plenam
1850 4572 1910 4624 ﬁ-

335 4648 460 4702 dem
490 4648 708 4713 laciens,
739 4667 800 4706 ea
846 4668 963 4723 quae
991 4669 1019 4708 a
1049 4671 1108 4711 se
1153 4656 1295 4712 dicta
1332 4668 1456 4712 sunt
1492 4662 1709 4717 omnino
1737 4662 1908 4717 futura

333 4753 458 4794 esse
508 4740 677 4795 dicit:
708 4741 855 4797 Scias
899 4760 960 4799 ea
1007 4761 1124 4816 qua:
1160 4762 1189 4800 a
1230 4764 1315 4803 me
1354 4749 1653 4818 juramento
1704 4753 1906 4808 ﬁrmata

333 4840 479 4895 sunt,
510 4846 671 4900 opere
714 4833 976 4904 implenda
1025 4852 1164 4892 esse.
1221 4840 1356 4907 Quid
1413 4842 1609 4911 igitur?
1660 4845 1904 4913 inquies:

334 4919 478 4975 Deus
515 4921 753 4989 juravit?
780 4934 835 4978 et
859 4940 952 4994 per
979 4942 1135 4995 quem
1159 4928 1339 4998 jurare
1366 4932 1576 4999 potuit?
1601 4932 1761 4988 Vides
1805 4933 1906 4989 hoc

335 5023 458 5062 sese
486 5010 553 5063 ad
578 5020 810 5066 nostram
840 5015 1196 5072 inﬁrmitatem
1219 5023 1618 5090 attemperantis
1638 5039 1754 5078 esse
1779 5043 1793 5078 ς
1818 5025 1905 5078 ﬁr-

329 5099 616 5155 mationem
648 5105 1012 5170 promissionis
1054 5110 1262 5163 vocavit
1291 5112 1668 5178 juramentum.
1700 5112 1768 5166 Et
1794 5125 1898 5171 sta:

332 5199 492 5254 tuam,
531 5191 718 5264 inquit,
750 5196 1095 5266 juramentum
1123 5217 1308 5267 meum,
1348 5203 1480 5271 quod
1507 5204 1692 5273 jurans
1729 5206 1899 5274 juravi

330 5281 547 5335 Abralue
588 5285 720 5353 patri
759 5297 858 5340 tuo.
910 5288 1109 5344 Deinde
1137 5290 1294 5346 docet
1336 5308 1457 5348 eum
1486 5311 1602 5364 quae
1646 5308 1769 5351 sunt
1813 5298 1898 5352 illa

326 5388 449 5440 quae
476 5377 734 5444 promisit,
763 5389 816 5433 et
844 5380 910 5434 de
936 5383 1126 5451 quibus
1150 5384 1198 5438 ei
1226 5384 1437 5453 jurav-it.
1467 5387 1520 5441 4.
1551 5386 1617 5441 Et
1650 5390 1895 5458 multipli—

325 5466 453 5519 cabo
485 5483 654 5522 semen
699 5480 838 5525 tuum
874 5476 1000 5528 sicut
1038 5476 1215 5531 stellas
1246 5479 1375 5532 cadi.
1408 5479 1519 5534 Hoc
1558 5482 1698 5535 enim
1725 5494 1778 5537 et
1806 5499 1897 5550 pa-

388 5621 707 5699 }A‘S‘exjtss"
748 5628 879 5699 audi.
908 5630 1194 5699 ineffabilem
1237 5633 1724 5699 peihumanitatem.
1760 5638 1896 5693 Visus

318 5682 406 5760 fit,
428 5682 706 5760 sese...
726 5690 844 5740 audi
862 5682 1254 5760 ine/fabitembei
1285 5682 1893 5755 mraaaaumazi:

323 5749 409 5793 ucs-
431 5749 631 5811 eeqmui
646 5761 829 5802 sumus.

1367 356 1434 410 iN
1471 354 1622 411 CAP.
1664 354 1847 413 XXVI.
1892 353 2135 411 GENES.
2175 356 2402 411 llOMlL.
2446 356 2528 412 LI.

3503 362 3611 417 ιε»

2041 468 2286 525 triarchaa
2334 471 2383 524 in
2428 471 2685 540 principio
2726 470 2933 526 dicebat
2963 490 2974 524 :
3006 471 3231 526 Tantum
3276 474 3375 526 erit
3429 474 3623 529 Semen-

2042 568 2209 624 tuum,
2243 570 2298 613 ut
2326 561 2571 615 et-stellis
2595 570 2648 615 et
2674 575 2850 616 arente
2877 562 3203 630 adaequetur.
3248 560 3316 614 Et
3355 563 3505 627 dabo,
3534 565 3614 615 in-

2035 651 2168 719 quit,
2199 654 2374 705 semini
2395 664 2477 706 tuo
2504 663 2687 706 terram
2704 654 2873 719 istaut,
2906 663 2953 707 et
2981 653 3332 707 benedicentur
3353 655 3406 707 in
3428 655 3614 708 semine

2036 753 2119 796 tuo
2143 760 2314 797 omnes
2344 757 2506 814 gentes
2546 755 2693 799 terra:
2722 744 2873 815 (Gen.
2903 746 2995 800 22.
3024 746 3135 814 i7).
3172 746 3453 816 Propterea
3482 763 3610 817 pro-

2037 834 2317 888 missiones
2344 850 2460 903 quae
2505 835 2579 888 illi
2622 837 2774 890 facta;
2818 846 2959 900 sunt,
2994 836 3045 890 in
3073 844 3126 892 te
3170 836 3419 906 implebo.
3448 839 3501 893 5.
3536 837 3615 892 Eo

2036 923 2169 991 quod
2193 924 2382 977 audivit
2404 923 2659 977 Abraham
2687 934 2830 996 pater
2849 935 2964 980 tuus
2990 943 3155 980 vocem
3175 943 3356 992 meum,
3377 937 3427 982 et
3450 939 3620 983 αισιου

2034 1016 2160 1068 divit
2185 1017 2422 1069 mandata
2453 1033 2561 1070 mea
2592 1016 2691 1091 (α),
2723 1027 2769 1071 et
2793 1019 3183 1088 justiﬁcationes
3219 1036 3373 1085 meas,
3400 1030 3448 1074 et
3491 1022 3615 1091 legi-

2034 1094 2308 1158 tima'mea.
2341 1106 2475 1162 Vide
2507 1107 2599 1161 Dei
2629 1108 2961 1177 sapientiam,
2989 1109 3258 1178 quomodo
3282 1110 3439 1179 erigit
3464 1126 3615 1163 men-

2037 1206 2144 1250 tem
2169 1197 2318 1266 justi,
2349 1206 2403 1252 et
2443 1199 2751 1253 alacriorem
2779 1199 2953 1254 reddit
2984 1218 2998 1254 :
3027 1208 3082 1255 et
3109 1210 3165 1254 ut
3192 1201 3356 1270 patris
3382 1202 3614 1255 imitator

2036 1284 2146 1351 ﬁat,
2179 1285 2361 1341 efﬁcit.
2403 1287 2533 1341 Nam
2578 1289 2622 1341 si
2667 1289 2775 1353 ille,
2807 1290 2995 1359 inquit,
3036 1290 3158 1359 quia
3202 1306 3334 1345 meae
3380 1292 3615 1347 obedivit

2034 1376 2172 1439 voci,
2207 1386 2348 1430 tanta
2382 1377 2756 1445 pollicitatione
2790 1379 2978 1450 dignus
3010 1380 3218 1435 habitus
3267 1391 3368 1447 est,
3397 1391 3451 1436 et
3494 1397 3611 1435 eam

2034 1476 2252 1536 propter
2278 1468 2418 1523 illius
2445 1470 2693 1523 virtutem
2723 1471 2775 1524 in
2806 1480 2877 1537 te,
2910 1472 2999 1541 qui
3019 1487 3083 1526 ex
3113 1487 3178 1527 eo
3202 1482 3354 1526 natus
3381 1488 3460 1538 es,
3491 1489 3610 1529 sum

2008 1558 2351 1626 impleturus
2382 1576 2395 1613 :
2427 1560 2470 1613 si
2501 1570 2555 1615 et
2578 1561 2690 1629 ipse
2714 1561 2856 1616 illius
2875 1562 3108 1617 imitator
3136 1563 3314 1627 lueris,
3346 1572 3399 1617 et
3426 1563 3611 1617 eadem

2010 1658 2134 1717 qua
2165 1648 2253 1701 ille
2284 1649 2367 1702 via
2397 1650 2698 1717 incesseris,
2727 1652 2894 1719 cogita
2922 1661 3175 1720 quantum
3214 1651 3351 1721 apud
3404 1667 3490 1707 me
3518 1652 3612 1706 be-

2034 1739 2383 1793 nevolentiam
2408 1740 2682 1795 habiturus
2717 1742 2812 1805 sis,
2844 1750 2899 1797 et
2926 1751 3121 1811 quanta
3152 1758 3269 1797 mea
3297 1758 3425 1797 cura
3456 1754 3506 1798 te
3528 1744 3613 1798 di-

2030 1838 2287 1898 guaturus
2315 1830 2433 1884 sim.
2477 1830 2609 1885 Nam
2633 1832 2679 1886 si
2720 1832 2803 1885 cui
2832 1833 2901 1886 ob
2930 1833 3149 1886 alterius
3188 1834 3435 1887 virtutem
3478 1833 3615 1887 bene

2031 1918 2264 1973 futurum
2293 1930 2395 1983 est,
2423 1921 2466 1975 si
2491 1930 2543 1975 et
2572 1922 2684 1989 ipse
2712 1923 2906 1977 virtute
2936 1922 3186 1991 praeditus
3230 1922 3409 1988 fuerit,
3442 1925 3611 1977 multo

2030 2009 2233 2079 majore
2269 2009 2458 2079 dignus
2486 2011 2764 2066 habebitur
2790 2027 2937 2067 cura.
2985 2012 3125 2079 Quid
3143 2023 3329 2067 .autem
3376 2022 3457 2069 est
3487 2035 3499 2069 :
3532 2014 3612 2068 Eo

2028 2101 2177 2170 quod“
2197 2100 2408 2155 obedivit
2434 2104 2538 2157 voci
2568 2120 2709 2170 mete,
2757 2114 2804 2157 et
2843 2104 3105 2158 custodiuit
3131 2105 3372 2158 mandata
3396 2122 3525 2172 mea,
3565 2115 3611 2160 et

2010 2188 2285 2262 ‘prtccepta
2313 2209 2444 2259 mea,
2489 2202 2536 2247 et
2572 2193 2961 2264 justiﬁcationes
2998 2194 3179 2247 meas?
3228 2194 3473 2249 Dicebam
3514 2195 3562 2249 ei
3593 2216 3607 2249 :

2030 2281 2282 2353 Egredere
2309 2284 2372 2338 de
2412 2293 2546 2338 terra
2587 2294 2673 2337 tua
2715 2294 2761 2337 et
2787 2284 2850 2337 de
2874 2285 3167 2354 cognatione
3207 2294 3313 2349 tua,
3345 2294 3393 2338 et
3418 2286 3528 2338 veni
3557 2287 3610 2338 iu

2030 2383 2215 2427 terram
2237 2390 2388 2444 quant
2408 2384 2743 2429 monstravero
2766 2376 2853 2429 tibi
2878 2373 3036 2445 (Ibid.
3062 2376 3147 2429 l2.
3169 2375 3221 2445 l)
3251 2397 3263 2431 :
3293 2376 3610 2446 reliquitque

2029 2464 2117 2518 illa
2137 2480 2256 2534 qua:
2280 2466 2333 2521 in
2363 2465 2606 2521 manibus
2628 2476 2799 2532 erant,
2828 2476 2883 2521 et
2909 2466 3106 2521 incerta
3129 2475 3477 2535 persequutus
3505 2477 3607 2520 est.

2027 2555 2096 2611 Et
2122 2572 2226 2611 non
2254 2555 2540 2612 ﬁuctuabat
2569 2573 2741 2628 neque
2784 2557 3129 2611 cunctabatur
3158 2578 3171 2611 :
3199 2556 3290 2611 sed
3321 2572 3440 2612 cum
3465 2557 3609 2610 omni

2027 2648 2305 2703 alacritate
2358 2647 2664 2703 mandatum
2716 2648 3006 2718 implebat,
3058 2656 3111 2702 et
3162 2646 3441 2703 obediebat
3494 2648 3609 2702 voci

2026 2753 2181 2793 mete.
2213 2737 2407 2793 lterum
2434 2753 2552 2808 quae
2597 2753 2757 2808 super
2784 2747 3026 2795 naturam
3055 2738 3259 2793 suntei
3290 2737 3527 2806 promisi,
3555 2746 3608 2790 et

2025 2844 2145 2885 cum
2188 2829 2299 2899 jam
2328 2838 2457 2884 tetas
2500 2845 2621 2884 eum
2652 2845 2680 2881 a
2711 2845 2806 2899 spe
2844 2829 3116 2898 dejicetet,
3166 2815 3245 2885 ac,
3278 2816 3450 2897 neque
3493 2828 3607 2897 ipse

2026 2937 2199 2994 neque
2233 2932 2403 2978 mater
2428 2930 2515 2976 tua
2544 2921 2889 2992 procreandze
2911 2920 3043 2990 proli
3068 2920 3243 2975 idonei
3265 2928 3463 2983 essent,
3485 2935 3606 2974 cum

2023 3015 2275 3071 audireta
2301 3031 2387 3071 me
2407 3030 2587 3071 semen
2609 3015 2724 3085 ejus
2746 3015 2798 3068 in
2821 3023 3021 3067 tantum
3048 3013 3160 3067 fore
3182 3011 3601 3081 propagandum,

2022 3114 2081 3161 ut
2130 3120 2344 3161 omnem
2401 3115 2594 3161 terram
2651 3114 2793 3158 esset
2844 3104 3222 3173 impleturum;
3256 3116 3425 3171 neque
3478 3110 3604 3157 tunc

2021 3198 2200 3253 animo
2230 3198 2469 3253 turbatus
2517 3196 2630 3262 fuit,
2661 3196 2756 3250 sed
2798 3195 3021 3250 credidit
3055 3216 3066 3249 :
3099 3194 3217 3248 ideo
3245 3202 3299 3248 et
3342 3194 3393 3247 in
3433 3193 3599 3263 justi.-

2022 3292 2148 3345 tiam
2172 3292 2221 3346 ei
2250 3299 2546 3361 reputatum
2573 3298 2652 3344 est
2683 3287 2841 3361 (Ibid.
2872 3288 2959 3342 15.
2997 3286 3051 3357 6)
3076 3303 3091 3352 ;
3123 3286 3243 3356 quia
3267 3287 3447 3339 virtuti
3468 3300 3611 3339 mea

2020 3383 2307 3449 credendo,
2342 3392 2397 3438 et
2438 3386 2489 3437 in
2519 3381 2958 3452 promissionibus
2988 3381 3121 3434 meis
3146 3394 3296 3444 spem
3322 3376 3601 3444 habendo,

2021 3474 2251 3529 humana
2280 3475 2590 3528 inﬁrmitate
2615 3474 2860 3542 superior
2885 3471 3000 3525 fuit.
3034 3471 3098 3524 Et
3123 3478 3400 3538 postquam
3428 3478 3481 3522 tu
3509 3482 3603 3520 na-

2021 3574 2107 3619 tus
2135 3580 2215 3630 es,
2247 3579 2368 3619 cum
2396 3572 2569 3618 mater
2599 3570 2684 3616 tua
2716 3569 3052 3615 succenseret
3077 3559 3283 3614 lsmaeli
3309 3573 3373 3612 ex
3402 3557 3596 3612 ancilla
3620 3606 3621 3611 η

2022 3666 2167 3722 nato,
2196 3663 2253 3711 et
2294 3654 2451 3709 vellet
2476 3669 2597 3709 eum
2626 3652 2838 3723 abigere
2866 3666 2895 3703 a
2921 3650 3081 3706 domo
3107 3665 3228 3704 cum
3259 3652 3414 3718 Agar,
3448 3649 3517 3702 ita
3545 3658 3603 3703 ut

2021 3746 2151 3801 nihil
2199 3759 2482 3801 commune
2528 3744 2606 3798 illi
2638 3752 2814 3797 tecum
2859 3751 3019 3807 esset,
3067 3741 3192 3795 licet
3234 3740 3287 3793 in
3325 3738 3474 3793 illum
3504 3755 3599 3808 pa-

2021 3837 2251 3893 triarcha
2292 3846 2513 3907 paterna
2540 3844 2596 3890 et
2618 3835 2844 3905 genuina
2871 3833 3155 3888 dilectione
3198 3832 3335 3886 bene
3357 3831 3601 3887 afﬁcere-

2020 3940 2103 3986 tur
2134 3951 2147 3985 :
2175 3929 2395 3985 audiens
2423 3936 2596 3982 tamen
2626 3942 2655 3979 a
2681 3941 2798 3991 me,
2830 3925 2928 3979 sibi
2973 3922 3268 3978 faciendum
3311 3937 3430 3977 esse
3455 3924 3601 3991 quod

2020 4021 2192 4076 visum
2222 4028 2365 4075 esset
2390 4018 2583 4082 Same,
2608 4016 2802 4072 oblitus
2827 4015 3083 4069 naturalis
3101 4013 3417 4079 dilectionis,
3440 4013 3598 4081 cjecit

2018 4111 2298 4167 lsmaelem
2327 4124 2449 4164 cum
2478 4107 2691 4175 ancilla,
2716 4115 2771 4161 et
2797 4120 3009 4175 semper
3033 4104 3263 4159 obedivit
3289 4104 3405 4159 voci
3439 4104 3595 4168 meae,

2018 4218 2081 4259 ac
2106 4201 2389 4258 custodivit
2411 4208 2675 4271 prmcepta
2714 4213 2857 4252 mea.
2891 4197 3125 4263 Denique
3154 4210 3272 4248 cum
3310 4195 3595 4262 pra-cepis-

2016 4309 2132 4350 sem
2156 4294 2227 4359 ei,
2275 4301 2334 4347 ut
2360 4291 2489 4346 mihi
2539 4292 2592 4344 in
2623 4289 2943 4344 sacriﬁcium
2981 4285 3196 4341 oﬁ'erret
3231 4284 3393 4338 ﬁlium
3426 4284 3477 4343 in
3510 4300 3596 4340 se.—

2019 4394 2234 4441 nectute
2262 4384 2363 4439 sibi
2388 4396 2721 4444 concessum,
2746 4387 2799 4433 et
2823 4386 2929 4431 tam
2956 4376 3227 4440 dilectum,
3251 4375 3384 4441 nihil
3410 4390 3596 4445 causa-

2016 4484 2101 4531 tus
2130 4483 2231 4542 est,
2251 4488 2423 4543 neque
2445 4470 2704 4527 curiosius
2728 4468 2795 4523 de
2821 4475 3086 4536 przecepto
3108 4465 3399 4532 inquisivit,
3422 4480 3594 4531 neque

2015 4568 2255 4624 turbatus
2281 4574 2363 4621 est
2389 4575 2590 4629 mente,
2629 4576 2801 4631 neque
2838 4557 3246 4614 communicavit
3274 4572 3394 4610 eum
3423 4567 3592 4609 matre

2014 4671 2101 4715 tua
2129 4702 2143 4724 ,
2174 4674 2346 4728 neque
2392 4672 2513 4713 cum
2541 4655 2740 4725 pueris,
2772 4666 2947 4721 neque
3000 4660 3196 4716 tecum,
3246 4649 3370 4718 quid
3421 4648 3590 4701 factu—

2014 4767 2105 4805 rus
2130 4758 2273 4805 esset
2297 4766 2312 4814 ;
2343 4747 2437 4801 sed
2482 4744 2604 4799 torti
2631 4751 2809 4801 mente
2833 4751 2890 4796 et
2914 4739 3113 4810 ingenti
3146 4738 3416 4792 alacritate
3445 4737 3592 4790 festi.-

2012 4841 2175 4904 navit,
2204 4850 2262 4893 ut
2290 4837 2596 4892 mandatum
2616 4849 2792 4889 meum
2818 4831 3062 4900 impleret
3094 4849 3108 4886 :
3138 4826 3363 4898 proinde
3395 4827 3586 4880 volun-

2012 4941 2174 4988 tatem
2222 4931 2339 5000 ejus
2367 4928 2634 4992 coronavi,
2667 4939 2802 4995 opus
2829 4932 3003 4978 autem
3030 4930 3089 4976 ut
3117 4920 3457 4991 perﬁceretur
3483 4933 3587 4973 non

2010 5022 2218 5078 admisi.
2250 5022 2563 5089 Eapmpter,
2583 5016 2703 5086 quia
2729 5016 2782 5069 in
2807 5013 3049 5067 omnibus
3066 5024 3310 5079 magnam
3331 5008 3557 5062 obedien

2009 5117 2133 5171 tiam
2176 5113 2487 5177 declaravit,
2512 5119 2566 5165 et
2602 5106 2971 5164 mandatorum
3001 5116 3241 5158 meorum
3265 5099 3581 5163 custodiam,

2008 5219 2059 5263 te
2083 5222 2145 5262 ex
2179 5206 2270 5259 illo
2298 5214 2477 5258 natum
2508 5201 2937 5272 promissionum,
2970 5211 3088 5265 qua:
3130 5195 3203 5249 illi
3235 5194 3386 5247 laeuo
3430 5200 3583 5258 sunt,

2006 5297 2257 5353 heredem
2277 5294 2431 5349 facio.
3278 5344 3279 5347 η

2076 5391 2128 5445 '5.
2174 5384 2385 5442 lmitare'
2423 5385 2579 5455 igitur
2619 5383 2758 5436 illius
2795 5378 3147 5435 obedientiam
3173 5418 3187 5443 ,
3221 5384 3295 5431 et;
3312 5377 3374 5430 iis
3401 5388 3519 5444 quae
3546 5388 3581 5430 3

2004 5495 2089 5536 me
2126 5478 2267 5533 dicta
2306 5484 2431 5530 sunt
2467 5474 2657 5538 crede,
2687 5483 2744 5533 ut
2782 5472 2946 5525 multo
2987 5468 3225 5538 pluribus
3254 5464 3579 5521 remunerari

2001 5570 2190 5641 dignus
2218 5568 2449 5623 habeare
2469 5607 2484 5631 ,
2514 5575 2567 5621 et
2597 5579 2693 5635 pro
2721 5563 2884 5634 patris
2913 5561 2987 5615 tui
3016 5560 3242 5627 virtute,
3277 5566 3331 5613 et
3366 5572 3460 5628 pro
3488 5565 3603 5611 tua.

2059 5691 2131 5751 (α)
2172 5690 2299 5740 Bibl.
2327 5690 2538 5744 addunt,
2584 5688 2630 5735 et
2672 5684 2915 5751 prtecepta
2952 5692 3059 5751 mea
3105 5679 3225 5737 (καὶ
3267 5678 3350 5732 τὰς
3385 5677 3579 5727 ἐντολάς

1997 5743 2087 5819 μοι)
2106 5743 2143 5816 )’,
2167 5756 2299 5816 quod
2332 5753 2457 5802 intra
2488 5743 2711 5812 agnoscit
2730 5746 2779 5795 S.
2807 5743 3200 5804 Chrysostomus.
