4084 6356
532 362 635 419 055

532 476 829 533 obedientia
862 493 875 530 :
905 484 960 531 et
1000 489 1067 530 ne
1100 471 1393 529 descendas
1429 470 1480 523 in
1522 466 1807 539 Egyptum
1831 508 1847 532 ,
1888 466 1982 523 sed
2019 465 2107 521 hic

532 585 709 624 mane.
739 566 926 623 Vidisti
953 566 1044 620 Dei
1072 562 1510 627 misericordiam,
1540 558 1805 629 quomodo
1836 572 1930 627 per
1959 572 2106 611 men-

532 663 729 713 tionem
766 656 977 712 virtutis
1021 654 1185 725 patris
1230 653 1386 721 hujus
1429 660 1661 706 mentem
1702 647 2014 704 roboravit?
2051 647 2104 701 6.

533 750 790 805 Habitavit
812 758 979 803 autem
1002 746 1153 802 Isaac
1173 748 1226 800 in
1255 746 1475 802 Cereris.
1496 743 1630 799 Vide
1652 741 1917 812 quomodo
1941 739 2107 795 ferme

532 844 585 897 in
622 842 810 898 eadem
849 841 1078 911 pericula
1116 838 1300 895 incidit
1324 838 1448 903 ille,
1480 837 1531 892 in
1561 851 1678 905 qua).
1706 844 1761 890 et
1794 842 1942 903 pater
1968 830 2103 900 ejus.

530 935 660 989 Nam
691 949 810 989 cum
836 932 1160 987 domicilium
1186 929 1407 985 haberet
1434 928 1487 982 in
1514 925 1730 983 Geraris
1748 966 1764 991 ,
1798 924 1849 977 7.
1880 923 2107 992 Rogare-

530 1033 649 1077 runt
668 1066 683 1090 ,
716 1022 920 1091 inquit,
947 1022 1042 1076 uiri
1067 1020 1164 1073 loci
1192 1018 1332 1073 illius
1363 1018 1425 1071 de
1452 1015 1675 1071 Rebecca
1702 1029 1857 1067 uxore
1887 1012 1994 1080 ejus
2016 1051 2032 1076 ,
2060 1016 2108 1064 et

528 1115 678 1181 dixit,
711 1112 872 1168 Soror
896 1126 1006 1163 mea
1032 1118 1144 1173 est;
1174 1108 1346 1165 timuit
1372 1107 1515 1163 enim
1544 1120 1612 1161 ne
1639 1103 1777 1159 forte
1803 1101 2106 1157 occiderent

530 1220 652 1260 eum
676 1246 693 1272 ,
736 1203 858 1259 victi
902 1199 1293 1273 pulchritudine
1335 1198 1516 1253 uxoris
1548 1214 1563 1251 :
1601 1195 1682 1250 Ne
1719 1196 1847 1264 forte
1880 1193 2109 1248 occidant

530 1312 645 1350 eum
666 1336 681 1361 ,
712 1294 918 1363 inquit,
948 1293 1041 1347 viri
1066 1291 1162 1345 loci
1190 1299 1393 1361 propter
1421 1288 1689 1343 Rebeccam
1709 1328 1724 1353 ,
1753 1286 1871 1356 quia
1896 1283 2108 1356 pulchra

530 1389 660 1456 facie
688 1395 811 1440 erat.
833 1386 888 1440 8.
913 1377 1038 1439 Fuit
1065 1392 1231 1437 autem
1256 1384 1362 1437 illic
1389 1383 1538 1451 longo
1563 1392 1799 1450 (Mpore.
1827 1376 2107 1431 Abinteleclt

529 1487 695 1533 autem
718 1493 833 1530 cum
870 1475 1172 1545 prospiceret
1206 1490 1295 1544 per
1334 1476 1599 1543 fenestram
1621 1512 1636 1536 ,
1664 1469 1787 1523 vidit
1828 1466 1978 1522 Isaac
2020 1468 2105 1521 tu-

530 1567 726 1620 dentem
765 1582 879 1618 cunt
920 1564 1143 1619 Rebecca
1177 1578 1333 1617 uxore
1364 1578 1490 1625 sua,
1519 1562 1572 1617 9.
1602 1569 1648 1615 et
1675 1561 1862 1614 vocavit
1892 1576 2033 1625 eum,
2064 1568 2109 1613 et

528 1658 657 1712 dixit
682 1657 728 1711 ei
757 1671 774 1711 :
803 1654 1038 1727 Profecto
1071 1670 1199 1709 uxor
1228 1662 1315 1707 tua
1339 1663 1428 1708 est.
1456 1651 1557 1708 Cur
1578 1652 1782 1715 dixisti,
1812 1650 1973 1705 Soror
1999 1666 2110 1704 mea

529 1764 602 1804 est
618 1752 643 1804 .’
666 1749 951 1818 Postquam
979 1763 1045 1803 ex
1073 1747 1393 1816 conjecturis
1417 1744 1780 1816 deprehensus
1806 1754 1889 1800 est
1910 1744 2107 1814 justus,

529 1858 635 1897 non
677 1841 809 1896 ultra
850 1848 1053 1909 negat:
1084 1840 1178 1895 sed
1220 1840 1443 1904 fatetur,
1477 1847 1532 1893 et
1573 1852 1787 1893 causam
1832 1835 2111 1891 manifeste

528 1935 698 1999 affert,
721 1948 886 2005 quare
908 1948 1145 1989 sororem
1167 1932 1456 1987 vocandum
1480 1931 1764 1986 censuerit.
1795 1929 1935 1982 Dixit
1956 1930 2107 1992 enim,

529 2028 728 2098 inquit,
763 2026 845 2081 Ne
880 2030 1009 2098 forte
1042 2028 1233 2081 moriar
1265 2034 1468 2097 propter
1502 2025 1667 2094 ipsam
1692 2039 1711 2076 :
1740 2022 1925 2076 mortis
1953 2021 2111 2075 timor

528 2134 616 2175 me
642 2118 741 2173 hoc
770 2133 928 2190 agere
956 2117 1147 2187 coegit.
1188 2115 1349 2171 Forte
1380 2124 1557 2170 autem
1592 2113 1808 2167 edoctus
1836 2120 1983 2175 erat,
2014 2126 2109 2179 pa-

528 2219 665 2265 trem
704 2224 914 2279 quoque
959 2208 1116 2262 talem
1159 2205 1389 2260 fabulam
1439 2211 1796 2258 commentum
1838 2201 1916 2255 sic
1953 2199 2108 2255 saluti

528 2318 642 2358 sure
664 2301 1029 2365 consuluisse;
1053 2299 1203 2370 cujus
1222 2300 1365 2353 viam
1388 2307 1443 2352 et
1467 2297 1580 2367 ipse
1604 2304 1857 2365 sequutus
1876 2301 1976 2348 est.
2005 2291 2109 2346 Sed

530 2410 627 2451 rex
667 2394 839 2450 adhuc
886 2407 1091 2449 memor
1136 2407 1323 2448 eorum
1366 2404 1482 2461 quae
1522 2398 1761 2458 tempore
1798 2385 2110 2457 patriarchae

528 2496 680 2557 rapta
722 2486 879 2541 Sarra
921 2499 1111 2555 passus
1146 2484 1352 2549 fuerat,
1394 2483 1570 2537 statim
1610 2482 1679 2536 ob
1711 2480 2111 2551 castigationem

529 2578 654 2633 olim
682 2577 971 2632 immissam
997 2592 1055 2633 se
1083 2592 1229 2631 reum
1249 2575 1574 2631 constituens
1594 2572 1688 2646 (a),
1717 2574 1849 2629 dixit
1871 2574 1945 2628 illi
1978 2590 1991 2625 :
2022 2571 2109 2627 10.

530 2670 634 2726 Cur
672 2672 766 2725 hoc
800 2669 1002 2741 fecisti?
1036 2667 1229 2722 Parum
1270 2668 1430 2737 abfuit
1470 2668 1591 2735 quin
1629 2664 1943 2720 concubuerit
1970 2665 2109 2734 quis-

532 2763 670 2834 piam
699 2762 760 2815 de
787 2776 965 2831 genere
1000 2776 1108 2814 meo
1132 2775 1247 2813 cum
1274 2774 1430 2813 uxore
1452 2765 1558 2825 tua,
1582 2766 1629 2811 et
1655 2756 1936 2811 induxisse:
1961 2769 2112 2823 super

530 2870 624 2907 nos
651 2852 1027 2924 ignorantiam?
1049 2851 1195 2906 Hanc
1219 2850 1480 2912 fraudem,
1513 2848 1701 2919 inquit,
1725 2859 1778 2902 et
1801 2847 1926 2902 olim
1954 2845 2111 2900 susti-

530 2944 744 2998 nuimus
769 2958 797 2995 a
831 2952 979 3013 patre
1009 2950 1097 2997 tuo
1116 2983 1128 3007 ,
1162 2949 1217 2997 et
1240 2956 1381 2995 nunc
1409 2940 1510 2994 nisi
1540 2941 1594 2995 in
1620 2949 1861 3009 tempore
1888 2951 2109 3008 prospe-

530 3035 823 3100 xissemus,
850 3033 1037 3089 eadem
1078 3033 1232 3087 laturi
1266 3046 1507 3095 eramus,
1543 3031 1606 3083 Et
1645 3030 1927 3085 induxisses
1962 3043 2112 3098 super

530 3142 624 3179 nos
649 3126 1006 3196 ignorantiam.
1031 3124 1240 3178 Etenim
1266 3134 1321 3178 et
1349 3134 1472 3177 tunc
1497 3137 1591 3192 per
1618 3121 1966 3191 ignorantiam
1990 3132 2113 3187 pec-

531 3218 701 3271 caturi
733 3230 981 3281 eramus,
1014 3224 1069 3270 et
1102 3231 1243 3269 nunc
1268 3229 1478 3285 quoque
1516 3223 1733 3283 propter
1760 3211 2109 3281 ignorantiam

532 3309 701 3363 ferme
730 3310 785 3362 in
810 3322 968 3362 causa
1006 3307 1197 3363 fuisses
1216 3347 1230 3374 ,
1257 3318 1315 3362 ut
1342 3308 1395 3361 in
1423 3315 1694 3376 peccatum
1736 3303 2108 3359 incideremus.

535 3394 627 3449 Η.
651 3391 901 3463 Prtecepit
924 3401 1091 3443 autem
1114 3390 1396 3443 Abimeleclt
1420 3390 1608 3458 populo
1630 3407 1745 3457 suo,
1763 3388 2103 3444 dicens:0m—

535 3488 617 3540 nis
641 3485 729 3554 qui
763 3485 979 3553 tetigerit
1005 3483 1255 3536 hominem
1296 3482 1430 3535 hunc
1454 3492 1500 3535 et
1528 3498 1738 3536 uxorem
1768 3483 1899 3551 ejus,
1930 3481 2108 3538 martia

534 3592 654 3630 reus
679 3573 935 3628 erit.Vide
957 3574 1049 3627 Dei
1081 3574 1489 3641 providentiam,
1511 3574 1635 3629 vide
1663 3574 1986 3629 ineffabilem
2014 3588 2110 3629 ets-

535 3684 672 3724 ram.
703 3667 833 3722 Nam
857 3667 943 3736 qui
972 3667 1179 3719 dixerat
1205 3667 1253 3720 ei
1276 3683 1288 3719 :
1314 3665 1396 3719 Ne
1423 3667 1696 3720 descendas
1721 3666 1773 3719 in
1795 3664 2103 3737 ngyptum,

536 3771 582 3815 et
613 3761 782 3814 habita
812 3760 864 3813 in
890 3771 1025 3813 terra
1062 3760 1181 3823 ista,
1205 3767 1252 3812 et
1281 3775 1366 3812 ero
1396 3767 1559 3813 tecum
1584 3775 1601 3814 :
1624 3760 1710 3814 ille
1736 3771 1856 3815 erat
1881 3762 1969 3829 qui
1995 3760 2106 3816 haec

534 3852 713 3906 omnia
756 3851 1120 3920 dispensabat,
1151 3861 1203 3905 et
1229 3851 1427 3919 justum
1472 3850 1525 3905 in
1567 3861 1710 3907 tanta
1752 3852 2106 3911 constituebat

533 3943 837 3999 securitate.
879 3941 1168 3997 Considera
1216 3942 1356 3997 enim
1404 3958 1582 4011 regem
1632 3954 1999 4011 procurantem
2048 3952 2107 3998 ut

534 4036 801 4104 impavide
827 4035 895 4089 ibi
918 4045 1056 4104 agat,
1080 4034 1320 4103 liberque
1347 4034 1418 4087 sit
1436 4033 1504 4089 ab
1522 4035 1668 4087 omni
1688 4050 1835 4087 cura.
1862 4034 2104 4100 Mortem,

534 4111 725 4196 inquit,
759 4126 1131 4181 interminatus
1160 4136 1240 4181 est
1280 4126 1527 4180 omnibus
1568 4127 1887 4196 quicumque
1918 4130 2106 4196 tetige-

533 4225 643 4278 rint
667 4231 759 4277 aut
786 4239 931 4286 eum,
969 4232 1061 4276 aut
1089 4236 1309 4277 uxorem
1356 4221 1493 4291 ejus.
1539 4220 1673 4287 Quia
1700 4222 1843 4275 enim
1876 4222 1961 4276 hic
1990 4228 2106 4276 erat

534 4312 715 4377 timor,
746 4314 935 4367 mortis
962 4314 1181 4375 scilicet,
1213 4312 1304 4382 qui
1328 4321 1675 4367 concusserat
1700 4311 1816 4380 ejus
1846 4321 2102 4379 mentem,

533 4412 816 4473 propterea
845 4411 900 4458 et
927 4403 1076 4458 illum
1107 4404 1299 4457 auferri
1327 4404 1534 4457 curavit
1580 4402 1882 4457 misericors
1924 4402 2108 4455 Domi-

532 4507 659 4559 nus,
683 4505 739 4548 ut
780 4501 963 4563 postea
1011 4496 1231 4552 omnino
1278 4509 1466 4550 secure
1510 4502 1711 4563 ageret.
1754 4494 1821 4549 Et
1846 4494 1967 4548 vide
1992 4508 2105 4547 rem

530 4586 724 4643 miram
748 4595 804 4642 et
823 4589 1162 4659 stupendam,
1192 4588 1462 4659 quomodo
1489 4586 1661 4643 solers
1690 4601 1814 4642 cum
1841 4587 1911 4642 sit
1937 4594 1992 4642 et
2019 4599 2107 4641 sa-

530 4682 686 4749 piens
710 4719 724 4741 ,
760 4679 937 4731 omnia
971 4676 1261 4729 secundum
1291 4689 1442 4728 suam
1468 4674 1788 4726 voluntatem
1814 4681 2020 4737 vertat,
2052 4681 2107 4727 et

530 4770 582 4822 in
626 4767 782 4822 inviis
825 4767 961 4819 viam
1001 4766 1270 4831 inveniat,
1301 4780 1399 4836 per
1438 4765 1522 4818 illa
1568 4764 1678 4834 ipsa
1717 4779 1834 4832 qua:
1875 4764 2105 4818 maxime

527 4858 750 4913 adversa
780 4856 1049 4923 videntur,
1073 4858 1229 4911 saluti
1256 4871 1529 4911 servorum
1557 4871 1773 4910 suorum
1798 4856 2101 4911 consulens.

526 4949 661 5004 Hinc
713 4949 855 5004 enim
906 4958 1009 5015 est,
1063 4948 1201 5017 quod
1249 4963 1342 5002 rex
1390 4946 1480 5001 ille
1529 4956 1726 5000 tantam
1776 4946 1967 5001 habeat
2012 4962 2103 5000 cu-

526 5058 638 5095 ram
663 5042 812 5111 justi,
839 5043 987 5111 quasi
1018 5041 1310 5108 praedicans
1330 5054 1451 5094 eum
1478 5038 1722 5093 omnibus
1744 5039 1969 5093 civitatis
1993 5054 2105 5093 suae

523 5134 741 5201 incolis,
770 5143 824 5190 et
858 5133 1135 5190 declarans
1168 5148 1326 5204 quam
1363 5132 1627 5201 gloriosus
1667 5134 1767 5197 sit,
1801 5141 1854 5187 et
1894 5146 2105 5186 summo

586 5393 782 5457 (a)cum
802 5393 1032 5457 videlicet
1052 5401 1251 5457 propter
1267 5400 1450 5455 raptam
1473 5401 1653 5444 Sarram
1676 5402 1951 5456 increpatus
1961 5402 2011 5445 et
2031 5409 2102 5445 ca-

526 5455 732 5519 stigatus
752 5456 922 5507 fuisset
942 5455 1246 5519 Abimelech,
1282 5457 1632 5519 ubi__compcrit
1656 5455 1932 5515 tiebecCam,
1960 5471 2103 5519 quam

524 5516 739 5567 sororem
769 5530 905 5566 suam
938 5518 1129 5566 dixerat
1172 5524 1317 5575 Isaae,
1355 5516 1485 5566 illius
1507 5516 1637 5567 esse
1672 5530 1893 5576 uxorem,
1919 5516 2104 5569 veritus

523 5592 590 5644 ne
620 5592 646 5628 a
676 5581 903 5644 quopiam
942 5592 1008 5644 ex
1029 5578 1231 5644 subditis
1264 5591 1322 5626 ea
1340 5581 1530 5644 conjugi
1562 5580 1898 5640 abriperetur,
1934 5588 1986 5629 et
2003 5582 2102 5641 jam

521 5639 637 5688 olim
674 5639 894 5704 immissa:
938 5641 990 5689 in
1030 5640 1173 5704 simili
1229 5654 1343 5690 casu
1399 5639 1554 5703 [urente
1606 5639 1825 5700 memor,
1865 5655 1922 5704 se
1965 5639 2101 5704 quasi

683 5702 979 5763 existimans,
1004 5703 1154 5754 verba
1173 5715 1281 5765 qua:
1294 5699 1566 5766 sequuntur
1587 5699 1821 5754 tremoris
1831 5699 1974 5767 plena
1983 5699 2102 5767 "pro-

1364 355 1421 411 εἰ,
1452 354 1726 411 ,ιρΑΝΝιε
1749 349 2214 409 CHRYSOSTOMI
2240 349 2552 407 ARCHIEP.
2586 347 3118 425 VCONSTANTINOP.

3680 346 3790 402 556

2211 464 2413 519 honore
2441 463 2659 532 dignus,
2688 479 2844 534 quem
2872 472 2928 518 et
2964 463 3176 517 maximi
3203 455 3459 519 faciebat.
3486 465 3574 520 Sic
3597 473 3651 519 et
3680 465 3781 519 Ns.

2211 555 2617 612 buchodonosor
2652 564 2928 624 postquam
2968 568 3161 623 pueros
3196 553 3320 609 illos
3353 565 3462 609 tres
3501 556 3553 610 in
3597 554 3787 610 furna-

2210 662 2325 701 cem
2357 645 2607 716 injecerat
2633 646 2805 717 (Dan.
2835 647 2886 701 ὃ.
2915 645 3041 715 93),
3068 653 3121 700 et
3148 644 3319 713 reipsa
3345 647 3790 716 comprobarent

2210 738 2537 807 Captivorum
2578 738 2973 792 adulescentum
3014 738 3261 792 virtutem
3283 778 3297 803 ,
3332 746 3458 792 tunc
3493 739 3790 807 praedicare

2213 846 2307 886 eos
2334 831 2491 900 coepit
2516 872 2530 895 ,
2563 840 2616 884 et
2654 830 2845 900 ubique
2881 830 3055 900 lingua
3094 844 3188 884 sua
3227 831 3346 886 fecit
3376 831 3623 886 illustres.
3658 832 3789 885 Hzec

2214 921 2354 975 enim
2394 920 2726 991 potissimum
2756 937 2942 990 magna
2972 921 3064 976 Dei
3094 922 3258 976 virtus
3284 930 3397 985 est,
3423 923 3630 990 quando
3663 923 3792 976 facit

2212 1020 2271 1066 ut
2309 1027 2405 1081 per
2444 1012 2684 1068 inimicos
2721 1013 3055 1069 celebrentur
3090 1013 3228 1067 servi
3273 1015 3385 1069 Dei.
3428 1016 3493 1069 Et
3529 1016 3618 1084 qui
3661 1031 3789 1069 cum

2212 1101 2391 1159 furore
2415 1103 2630 1158 accendi
2653 1104 2883 1173 jusserat
2915 1104 3183 1159 fornacem
3216 1106 3355 1159 illam
3376 1146 3390 1171 ,
3419 1108 3669 1176 quoniam
3708 1109 3790 1160 vi-

2212 1193 2290 1248 dit
2315 1209 2409 1262 per
2436 1208 2723 1263 supernum
2750 1195 3007 1249 auxilium
3044 1210 3327 1264 puerorum
3366 1197 3613 1253 virtutem
3651 1199 3791 1268 ignis

2212 1285 2473 1338 actionem
2501 1284 2748 1351 vincere,
2778 1294 2996 1355 repente
3025 1294 3254 1342 mutatus
3280 1287 3522 1342 clamavit
3549 1288 3737 1344 dicens
3772 1307 3792 1344 :

2214 1373 2359 1428 Servi
2383 1373 2476 1427 Dei
2504 1375 2705 1428 excelsi.
2737 1375 2888 1439 Vide,
2914 1391 3021 1431 non
3046 1376 3216 1430 solum
3244 1378 3361 1433 illos
3385 1378 3622 1434 excelsos
3647 1395 3789 1449 pras-

2212 1469 2373 1533 dicat,
2401 1468 2495 1524 sed
2522 1479 2577 1524 et
2602 1470 2881 1523 Dominum
2909 1470 3274 1525 universorum
3303 1488 3316 1523 :
3345 1470 3490 1525 Serui
3510 1472 3673 1538 enim,
3709 1474 3793 1526 in-

2212 1562 2346 1631 quit,
2376 1560 2473 1615 Dei
2498 1563 2701 1628 excelsi,
2728 1563 3037 1633 egredimini.
3069 1563 3205 1630 Quid
3230 1563 3425 1619 factum
3452 1565 3576 1619 est?
3607 1580 3791 1621 nonne

2214 1663 2269 1708 tu
2297 1668 2389 1709 eos
2421 1664 2686 1710 tormento
2716 1654 3023 1709 tradidisti?
3052 1670 3230 1710 nonne
3259 1665 3313 1709 tu
3353 1655 3406 1710 in
3442 1666 3643 1711 tantum
3675 1658 3790 1712 fur-

2212 1759 2399 1799 nacem
2420 1745 2637 1800 accendi
2666 1746 3007 1816 praecepisti?
3031 1746 3291 1812 Profecto,
3317 1747 3505 1817 inquit,
3532 1750 3625 1804 sed
3648 1765 3791 1803 nunc

2212 1838 2370 1893 video
2395 1854 2481 1893 res
2510 1838 2848 1895 admirabiles
2870 1848 2925 1894 et
2952 1854 3134 1894 novas.
3164 1839 3496 1895 Elementum
3518 1842 3657 1895 enim
3686 1841 3791 1896 hoc

2214 1946 2323 1985 suae
2366 1933 2686 2001 operationis
2728 1932 2977 1999 oblitum,
3021 1934 3170 2002 quasi
3210 1934 3434 1987 vinculis
3469 1935 3788 2003 quibusdam

2213 2023 2452 2093 ligatum,
2483 2034 2679 2079 tantam
2714 2025 2953 2080 exhibuit
2979 2024 3353 2091 obedientiam,
3382 2034 3441 2079 ut
3467 2040 3635 2095 neque
3659 2041 3793 2079 con-

2214 2115 2438 2185 tingeret
2480 2117 2688 2171 illorum
2727 2116 2965 2186 capillos.
3004 2116 3157 2172 Unde
3197 2116 3376 2172 videre
3416 2132 3695 2186 possumus
3737 2118 3790 2172 id

2214 2204 2407 2260 factum
2436 2222 2594 2276 supra
2626 2208 2907 2262 humanam
2940 2217 3178 2261 naturam
3205 2222 3323 2262 esse
3342 2250 3356 2274 ,
3384 2217 3438 2262 et
3467 2208 3788 2263 ineffabilem

2214 2298 2497 2367 quamdam
2539 2313 2601 2352 ac
2638 2298 2867 2353 divinam
2908 2300 3015 2352 vim
3057 2298 3169 2353 huic
3206 2300 3453 2365 operari,
3483 2310 3789 2369 tantamque

2215 2403 2499 2459 puerorum
2539 2388 2737 2444 habere
2776 2388 3185 2459 providentiam.
3214 2389 3402 2445 Vidisti
3439 2390 3533 2445 Dei
3573 2391 3787 2445 miseri-

2213 2480 2448 2535 cordiam
2476 2521 2494 2548 ,
2542 2480 2808 2549 quomodo
2860 2497 3145 2551 numquam
3189 2481 3560 2553 derelinquens
3605 2500 3789 2539 servos

2213 2588 2375 2639 suos,
2419 2574 2676 2643 permittit
2715 2574 2770 2629 in
2810 2573 3080 2630 fornacem
3126 2576 3305 2645 injici;
3343 2578 3437 2633 sed
3474 2593 3567 2632 cos
3604 2580 3791 2633 volens

2213 2663 2464 2719 clariores
2492 2663 2686 2727 facere,
2716 2674 2771 2720 et
2799 2680 2948 2720 suam
2974 2665 3223 2721 virtutem
3248 2667 3629 2731 demonstrare,
3663 2670 3790 2723 bar-

2212 2757 2327 2813 bari
2351 2757 2597 2813 demulsit
2621 2759 2853 2813 animum
2875 2767 2930 2813 et
2950 2768 3148 2813 tantam
3174 2760 3505 2814 tolerantiam
3526 2762 3791 2815 ostendit?

2213 2847 2397 2918 Neque
2425 2848 2568 2903 enim
2595 2858 2701 2903 tam
2732 2849 3041 2905 admirabile
3070 2862 3220 2915 erat,
3247 2852 3291 2905 si
3321 2867 3350 2904 a
3379 2851 3636 2922 principio
3663 2868 3791 2921 pro-

2214 2939 2470 2995 hibuisset
2497 2956 2589 2995 eos
2626 2940 2683 2995 in
2715 2941 2978 2995 caminum
3022 2941 3165 3011 injici
3200 2961 3212 2996 :
3244 2943 3399 2997 sicuti
3443 2959 3581 2997 nunc
3622 2944 3789 2998 admi-

2213 3032 2432 3089 rabilius
2459 3042 2512 3088 et
2538 3034 2706 3088 rarius
2731 3033 2928 3088 factum
2950 3044 3031 3089 est
3054 3076 3068 3099 ,
3096 3049 3219 3088 cum
3254 3037 3303 3089 in
3332 3036 3507 3091 medio
3532 3037 3666 3107 ignis
3692 3053 3787 3091 ex-

2214 3126 2462 3182 sistentes
2484 3167 2501 3191 ,
2537 3126 2669 3180 nihil
2714 3127 2931 3181 insuave
2965 3128 3072 3196 pati
3114 3129 3387 3196 permittit.
3420 3129 3550 3182 Nam
3579 3129 3790 3199 quando

2213 3218 2345 3283 vult,
2373 3217 2531 3271 etiam
2557 3233 2651 3273 eos
2675 3219 2761 3287 qui
2793 3218 2844 3271 in
2879 3219 3065 3272 mediis
3094 3229 3218 3273 sunt
3242 3220 3488 3289 periculis
3515 3231 3568 3276 et
3595 3223 3789 3291 pinnis,

2214 3309 2538 3378 potentiores
2574 3308 2698 3362 facit
2724 3325 2739 3364 ε
2768 3318 2823 3363 et
2855 3324 2947 3363 eos
2984 3309 3072 3379 qui
3113 3310 3379 3378 patiuntur
3401 3354 3414 3375 ,
3445 3311 3510 3365 iis
3543 3312 3631 3380 qui
3672 3313 3789 3366 illos

2212 3397 2451 3468 affligunt
2471 3401 2772 3467 superiores
2798 3400 2988 3453 reddit.
3021 3400 3131 3454 Hoc
3155 3410 3210 3455 et
3234 3402 3285 3455 in
3314 3404 3568 3471 apostolis
3592 3404 3788 3459 factum

2213 3501 2313 3547 est.
2340 3493 2470 3547 Nam
2493 3496 2581 3563 qui
2607 3509 2700 3548 eos
2730 3496 2987 3563 urgebant
3011 3505 3067 3551 et
3090 3496 3422 3551 adducebant
3449 3498 3499 3551 in
3533 3499 3787 3563 medium,

2213 3596 2268 3639 et
2294 3586 2441 3651 quasi
2479 3585 2724 3640 dentibus
2762 3586 3018 3641 adversus
3063 3601 3157 3641 eos
3195 3588 3524 3653 fremebant,
3559 3589 3696 3642 inter
3732 3604 3790 3643 se

2212 3674 2498 3731 dicebant:
2533 3677 2667 3742 Quid
2705 3677 2944 3743 faciemus
2987 3679 3104 3732 uiris
3144 3679 3253 3732 istis
3286 3680 3305 3749 (
3325 3682 3437 3733 Act.
3477 3680 3527 3734 4.
3564 3679 3704 3751 i6)?
3736 3682 3789 3735 in

2214 3767 2455 3822 manibus
2481 3769 2597 3823 illos
2621 3768 2906 3833 habebant,
2934 3779 2989 3824 et
3010 3769 3323 3825 dubitabant
3348 3786 3549 3839 secum,
3576 3773 3701 3842 quid
3723 3774 3790 3829 de

2212 3860 2291 3914 eis
2316 3859 2568 3915 facerent.
2596 3861 2784 3925 Tanta,
2813 3870 3024 3931 tamque
3047 3862 3218 3917 valida
3242 3879 3326 3919 res
3345 3874 3426 3918 est
3448 3865 3631 3930 virtus,
3656 3874 3788 3919 tam-

2212 3967 2315 4022 que
2344 3952 2617 4008 imbecillis
2644 3955 2842 4008 malitia
2862 3996 2877 4021 ,
2908 3963 2967 4008 ut
2994 3956 3081 4009 illa
3110 3955 3323 4026 quidem
3342 3998 3357 4023 ,
3387 3956 3509 4011 licet
3536 3959 3786 4027 patiatur,

2210 4044 2404 4107 vincat,
2436 4046 2547 4099 lirec
2576 4061 2703 4100 vero
2727 4055 2781 4101 et
2805 4047 2848 4100 si
2876 4047 2997 4115 quid
3029 4058 3170 4117 agat,
3196 4048 3326 4102 nihil
3356 4048 3497 4103 aliud
3524 4049 3786 4118 proficiat,

2211 4150 2370 4205 quam
2395 4136 2534 4204 quod
2560 4152 2707 4191 suam
2737 4138 2923 4207 prodat
2948 4139 3325 4194 inﬁrmitatem.

2282 4227 2497 4282 Moralis
2528 4230 2827 4285 exhortatio.
2856 4262 2927 4272 -—
2951 4232 3009 4286 id
3040 4233 3288 4298 scientes,
3317 4232 3515 4298 dilecti,
3545 4249 3787 4305 magnam

2210 4320 2417 4375 virtutis
2457 4321 2743 4377 habeamus
2783 4325 3077 4389 rationem,
3118 4333 3171 4380 et
3208 4326 3332 4379 vitia
3381 4326 3638 4395 fugiamus
3670 4344 3685 4380 :
3718 4328 3787 4381 ita

2210 4412 2352 4466 enim
2395 4421 2448 4466 et
2487 4428 2768 4482 supernam
2811 4418 3029 4484 gratiam
3076 4418 3227 4472 nobis
3265 4418 3702 4481 ennciliabimus,
3734 4428 3789 4472 et

2211 4503 2381 4558 futura
2412 4522 2794 4576 consequemur
2829 4509 2961 4561 bona
2991 4526 3004 4564 :
3034 4525 3151 4579 qua:
3192 4510 3342 4564 nobis
3382 4510 3628 4564 omnibus
3659 4525 3788 4565 eve-

2211 4598 2373 4663 niant,
2398 4600 2565 4667 gratia
2591 4610 2644 4653 et
2669 4600 3028 4655 misericordia
3063 4602 3267 4656 Domini
3297 4604 3461 4657 nostri
3489 4603 3613 4658 Jesu
3633 4602 3789 4658 Chri-

2210 4688 2297 4753 sti,
2329 4690 2413 4743 cui
2453 4691 2540 4754 sit,
2569 4705 2686 4743 cum
2732 4691 2886 4744 Patre
2914 4701 2966 4744 et
3002 4694 3201 4761 Spiritu
3232 4705 3437 4759 sancto,
3467 4694 3652 4763 gloria,
3687 4694 3788 4747 im-

2208 4780 2433 4849 perium,
2463 4780 2649 4845 honor,
2676 4797 2816 4835 nunc
2841 4793 2894 4838 et
2919 4798 3149 4854 semper,
3178 4796 3232 4839 et
3260 4787 3312 4840 in
3342 4787 3535 4842 saecula
3564 4787 3789 4842 saeculo-

2208 4887 2344 4926 rum.
2375 4874 2562 4928 Amen.

2778 5008 3057 5065 HOMILIA
3095 5011 3202 5066 LII.

2208 5164 2483 5220 Seminavit
2512 5175 2677 5218 autem
2704 5165 2850 5219 Isaac
2877 5170 2930 5219 in
2960 5177 3092 5220 terra
3115 5167 3225 5230 illa,
3246 5176 3297 5221 et
3319 5167 3508 5221 invenit
3532 5172 3784 5239 centupli-

2407 5274 2526 5311 cans
2552 5258 2793 5311 hordeum
2822 5259 2874 5310 in
2896 5275 3029 5311 anno
3059 5259 3147 5311 illo
3174 5257 3324 5328 (Gen.
3347 5258 3438 5313 26.
3467 5261 3579 5330 12).

2279 5390 2328 5443 1.
2358 5389 2626 5458 Reliquias
2648 5390 2764 5444 heri
2785 5389 3044 5444 dictorum
3076 5405 3252 5459 operas
3273 5391 3499 5459 pretium
3520 5400 3602 5446 est
3622 5391 3784 5447 hodie

2206 5481 2430 5537 reddere
2465 5492 2657 5536 vestrae
2696 5483 2937 5547 caritati,
2982 5492 3034 5535 et
3079 5483 3302 5549 repetita
3342 5485 3603 5537 sermonis
3643 5486 3784 5540 serie

2205 5573 2394 5626 iterum
2427 5571 2608 5625 videre
2636 5581 2885 5641 quantam
2909 5574 3084 5639 justus
3112 5571 3257 5625 Isaac
3284 5587 3565 5642 supernam
3605 5576 3782 5643 provi-

2203 5662 2438 5718 dentiam
2468 5661 2539 5716 sit
2569 5670 2904 5731 assequutus.
2940 5660 3070 5714 Nam
3100 5663 3187 5730 qui
3226 5663 3275 5715 ei
3318 5662 3659 5731 prohibuerat
3689 5663 3785 5717 de-

2211 5769 2458 5812 scensum
2479 5755 2530 5810 in
2553 5750 2852 5827 Egyptum,
2876 5764 2929 5809 et
2952 5754 3155 5809 dixerat
3181 5771 3194 5807 :
3227 5752 3414 5810 Habita
3433 5757 3485 5809 in
3505 5765 3636 5809 terra
3665 5758 3780 5821 hac,
