4084 6356
308 364 422 420 155

305 507 371 544 τε
397 487 498 560 τῆς
515 487 719 552 οἰκείας
744 488 1007 558 ὑπακοῆς,
1030 487 1118 540 καὶ
1143 486 1216 558 μὴ
1231 487 1474 558 καταϐῇς
1499 488 1577 549 εἰς
1591 485 1886 553 Αἴγυπτον,

309 574 430 628 ἀλλ’
463 572 700 626 ἐνταῦθα
736 572 886 642 μένε.
937 567 1092 634 Εἶδες
1120 569 1254 623 Θεοῦ
1281 569 1708 640 φιλανθρωπίαν,
1741 569 1888 630 ὅπως

305 657 399 710 διὰ
428 658 528 727 τῆς
559 656 782 727 μνήμης
827 655 926 724 τῆς
961 653 1162 724 ἀρετῆς
1198 652 1291 706 τοῦ
1335 653 1538 722 πατρὸς
1563 650 1752 705 τούτου
1796 650 1888 702 τὸν

305 739 566 810 λογισμὸν
618 738 918 809 ἐνεύρωσε;
967 736 1288 803 Κατῴκησε
1331 736 1421 798 δὲ,
1468 737 1653 805 φησὶν,
1689 734 1886 788 Ἰσαὰκ

303 824 377 877 ἐν
403 821 708 891 Γερὰροις.
762 822 904 893 Ὀρα
945 823 1056 882 τοῖς
1100 821 1280 883 αὑτοῖς
1317 819 1412 872 καὶ
1451 818 1636 871 τοῦτον
1668 817 1886 888 περιπί-

306 924 509 960 πτοντα
533 906 738 976 σχεδὸν,
760 901 842 967 οἷς
873 905 902 956 6
934 903 1116 974 πατὴρ
1145 902 1488 972 περιέπεσεν.
1535 901 1750 968 Ἐπειδὴ
1777 898 1886 970 γὰρ

303 990 404 1060 τὴν
423 990 734 1058 κατοίκησιν
763 988 1051 1056 ἐποιήσατο
1071 987 1127 1038 ἐν
1141 986 1206 1037 Γε
1216 988 1418 1056 ράροις,
1438 983 1883 1050 Ἐπηρώτησαν,

304 1074 502 1144 φησὶν,
546 1076 598 1127 οί
631 1072 846 1139 ἄνδρες
892 1070 997 1124 τοῦ
1029 1069 1215 1122 τόπου
1259 1067 1392 1135 περὶ
1425 1066 1534 1135 τῆς
1570 1065 1885 1130 Ῥεϐέκκας

303 1155 417 1225 τῆς
439 1155 723 1224 Τυναικός
742 1154 948 1218 αὐτοῦ,
962 1153 1058 1206 καὶ
1076 1149 1262 1215 εἶπεν,
1282 1148 1535 1219 Ἀδελςρή
1555 1167 1672 1218 μου
1689 1148 1879 1201 ἐστίν’

302 1238 543 1309 ἐφοϐήθη
572 1238 681 1309 γὰρ
715 1239 924 1308 μήποτε
946 1237 1336 1290 ἀποκτείνωσιν
1363 1235 1548 1294 αὐτὸν,
1578 1234 1881 1302 ἡττώμενοι

299 1322 397 1374 τοῦ
426 1321 655 1383 κάλλους
686 1323 785 1392 τῆς
807 1319 1085 1388 γυναικός.
1106 1318 1351 1387 Μήποτε
1376 1315 1505 1387 γάρ,
1539 1316 1720 1386 φησὶν,
1743 1314 1883 1367 ἀπο·

300 1405 620 1457 κτείνωσιν
654 1403 844 1456 αὐτὸν
874 1405 928 1456 οἱ
962 1401 1176 1468 ἄνδρες
1211 1400 1317 1454 τοῦ
1353 1400 1540 1452 τόπου
1587 1397 1719 1464 περὶ
1761 1397 1880 1450 Ῥε-

300 1487 540 1554 ϐέκκας,
561 1488 651 1540 ὅτι
680 1487 864 1554 ὡραία
889 1485 964 1554 τῇ
994 1486 1127 1554 Wet
1154 1481 1254 1555 ἦν.
1300 1483 1562 1553 Ἐγένετο
1590 1480 1658 1534 δὲ
1689 1483 1879 1534 πολυ-

298 1571 543 1637 χρόνιος
577 1570 720 1623 ἐκεῖ.
761 1570 1130 1637 Παρακύψας
1166 1567 1234 1621 δὲ
1265 1565 1570 1634 Ἀϐιμέλεχ
1611 1561 1733 1618 εἶδε
1771 1563 1880 1616 τὸν

313 1653 508 1707 Ἰσαὰκ
535 1652 818 1713 παίζοντα
835 1651 984 1719 μετὰ
1009 1651 1316 1716 Ῥεϐέκκας
1339 1647 1447 1716 τῆς
1465 1646 1747 1718 γυναικὸς
1768 1647 1878 1700 αὐ-

297 1740 426 1803 τοῦ,
455 1739 554 1792 καὶ
590 1737 884 1791 ἐκάλεσεν
917 1737 1124 1799 αὑτὸν,
1160 1737 1258 1789 καὶ
1290 1731 1462 1789 εἶπεν
1492 1731 1652 1798 αὐτῷ
1678 1749 1691 1763 ·
1723 1728 1879 1798 *Αρά

296 1839 364 1891 γε
397 1821 550 1890 γυνή
610 1837 726 1874 σου
777 1820 989 1882 ἐστίν;
1029 1818 1092 1872 Τί
1131 1817 1219 1871 ὅτι
1253 1813 1438 1882 εἶπες,
1475 1813 1723 1883 Ἀδελρηὶ
1757 1831 1876 1882 μου

294 1907 504 1967 ἐστίν;
537 1902 756 1974 Ἐπειδὴ
780 1904 843 1955 ἐκ
864 1903 970 1955 τῶν
989 1901 1299 1972 τεκμηρίων
1321 1897 1575 1970 ἐφωράθη
1602 1900 1630 1952 6
1649 1897 1873 1963 δίκαιος,

294 1989 479 2040 οὐκέτι
515 1987 697 2040 λοιπὸν
737 1988 997 2058 ἀρνεῖται,
1022 1985 1136 2038 ἀλλ’
1167 1983 1434 2054 ὁμολογεῖ,
1460 1983 1554 2034 καὶ
1577 1981 1676 2052 τὴν
1700 1980 1876 2032 αἰτίαν

295 2071 537 2142 φανερὰν
567 2069 878 2138 καθίστησι,
923 2068 990 2121 δι’
1021 2068 1088 2137 ἣν
1119 2065 1351 2136 ἀδελφὴν
1393 2064 1618 2117 καλέσαι
1661 2061 1866 2116 κατεδέ·

297 2153 445 2218 ξατο.
476 2150 623 2208 Εῒπε
644 2152 774 2222 γὰρ,
809 2153 964 2222 φησὶ,
987 2149 1234 2215 Μήποτε
1253 2151 1534 2204 ἀποθάνω
1562 2147 1634 2200 δι’
1660 2146 1874 2211 αὐτὴν·

295 2237 324 2287 6
349 2235 444 2288 τοῦ
473 2235 704 2289 θανάτου
735 2234 898 2304 φόϐος
933 2235 1012 2296 είς
1035 2231 1192 2286 τοῦτό
1218 2249 1284 2302 με
1315 2230 1487 2283 ἐλθεῖν
1531 2229 1878 2298 κατηνάγκα-

296 2335 409 2371 σεν.
445 2319 603 2380 Ἴσως
632 2318 688 2370 δὲ
719 2315 1052 2388 μεμαθηκὼς
1080 2312 1170 2386 ἦν,
1219 2317 1300 2368 ὅτι
1326 2314 1422 2366 καὶ
1458 2315 1487 2366 6
1516 2313 1696 2383 πατὴρ
1721 2312 1876 2364 τοῦτο

292 2399 354 2452 τὸ
399 2399 581 2472 δρᾶμα
631 2401 1041 2461 κατασκευάσας
1098 2398 1352 2450 διέσωσεν
1395 2396 1605 2459 ἐαυτὸν,
1655 2395 1750 2448 καὶ
1787 2393 1876 2447 διὰ

291 2483 452 2537 τοῦτο
474 2485 568 2535 καὶ
592 2483 753 2546 αὐτὸς
778 2483 982 2554 ταύτην
1020 2478 1150 2554 ἦλθε
1183 2482 1283 2552 τὴν
1310 2480 1444 2534 ὁδόν.
1489 2479 1627 2532 Ἀλλ’
1662 2481 1690 2532 6
1728 2478 1875 2548 βασι-

291 2564 419 2628 λεὺς
444 2566 664 2620 ἔναυλον
695 2566 832 2636 ἔχων
862 2567 962 2638 τὴν
998 2566 1218 2636 μνήμην
1256 2557 1332 2616 ὧν
1373 2562 1636 2616 πέπονθεν
1662 2563 1753 2615 ἐπὶ
1779 2563 1872 2616 τοῦ

291 2649 632 2719 πατριάρχου
659 2650 757 2720 τὴν
778 2649 991 2720 Σάρραν
1020 2648 1374 2718 ἀφελόμενος,
1400 2647 1741 2718 παραχρῆμα
1769 2645 1874 2699 ὑπὸ

289 2731 391 2800 τῆς
419 2731 622 2785 ἀνωθεν
654 2734 1023 2804 ἐπιτιμήσεως
1061 2730 1251 2786 ἐαυτὸν
1279 2729 1576 2782 ὑπεύθυνον
1598 2729 1872 2799 καταστήο

291 2830 415 2876 σας.
445 2816 577 2884 φησὶ
608 2815 743 2886 πρὸς
765 2816 925 2868 αὑτόν
945 2833 958 2846 ·
991 2815 1052 2870 Τί
1080 2815 1255 2868 τοῦτο
1283 2813 1575 2879 ἐποίησας
1599 2828 1616 2873 ;
1644 2811 1872 2878 Μικροῦ

288 2895 579 2965 ἐκοιμήθη
609 2915 700 2963 τις
733 2898 840 2952 τοῦ
869 2898 1086 2967 γένους
1111 2915 1229 2966 μου
1263 2896 1414 2964 μετὰ
1450 2893 1558 2961 τῆς
1590 2895 1872 2964 γυναικός

288 2993 432 3042 σου,
460 2981 558 3035 καί
590 2981 886 3050 ἐπήγαγες
916 2981 992 3034 ἂν
1023 2981 1114 3049 ἐφ’
1141 2977 1298 3047 ἡμᾶς
1323 2978 1592 3049 ἄγνοιαν.
1634 2978 1868 3048 Ταύτην,

289 3067 446 3132 φησι,
463 3065 561 3130 τὴν
593 3063 807 3133 ἀπάτην
831 3065 923 3116 καὶ
954 3062 1054 3133 ἤδη
1082 3063 1390 3132 ὑπέστημεν
1415 3061 1521 3114 ὑπὸ
1550 3059 1644 3113 τοῦ
1667 3060 1870 3131 πατρὸς

289 3146 385 3201 τοῦ
416 3147 510 3200 σοῦ
531 3185 546 3210 ,
592 3147 686 3199 καὶ⁵
712 3146 807 3200 νῦν
849 3147 897 3198 εί
929 3146 1002 3216 μὴ
1035 3145 1240 3214 ταχέως
1274 3143 1602 3213 συνείδομεν,
1635 3143 1704 3196 τά
1733 3143 1871 3196 αύτά

289 3229 360 3282 ἂν
383 3229 677 3300 ἐμέλλομεν
701 3229 1014 3298 ὑπομένειν,
1047 3227 1157 3281 Καὶ
1180 3227 1476 3296 ἐπήγαγες
1502 3225 1580 3282 ἂν
1599 3225 1692 3296 ἐφ’
1713 3225 1870 3294 ἡμᾶς

288 3311 558 3382 ἄγνοιαν.
594 3313 705 3368 Καὶ
743 3312 850 3380 γὰρ
881 3313 977 3364 καὶ
1019 3311 1140 3364 τότε
1179 3311 1245 3364 δι’
1275 3310 1492 3378 ἄγνοιαν
1541 3309 1870 3382 ἁμαρτάνειν

287 3395 606 3466 ἐμέλλομεν,
642 3397 736 3448 καὶ
757 3395 850 3450 νῦν
880 3395 983 3447 ὑπὸ
1007 3395 1103 3465 τῆς
1127 3394 1346 3462 ἀγνοίας
1371 3392 1566 3464 μικροῦ
1591 3395 1697 3446 δεῖν
1724 3395 1867 3463 ἡμᾶς

289 3479 444 3550 [504]
479 3481 721 3550 ἁμαρτίᾳ
754 3483 1069 3548 περιπεσεῖν
1103 3478 1536 3550 παρεσκεύασας.
1573 3477 1868 3541 Συνέτιιξε

291 3562 386 3625 δὲ,
412 3565 593 3633 φησιν,
629 3564 930 3630 Ἀϐιμέλεχ
957 3561 1033 3627 τῷ
1055 3561 1180 3626 λαῷ
1208 3561 1392 3614 αὑτοῦ
1421 3560 1614 3630 λέγων
1632 3576 1645 3589 ⁸
1680 3559 1802 3623 Πᾶς
1835 3563 1868 3614 o'

285 3645 622 3713 ἁπτόμενος
654 3645 759 3698 τοῦ
786 3645 1097 3713 ἀνθρώπου
1125 3644 1360 3706 τούτου,
1382 3643 1420 3711 ἢ
1449 3642 1552 3710 τῆς
1587 3641 1867 3712 γυναικὸς

286 3728 496 3793 αὑτοῦ,
525 3729 781 3782 θανάτου
822 3729 1035 3796 ἔνοχος
1056 3727 1243 3780 ἔσται.
1265 3727 1404 3798 Ὅρα
1436 3727 1569 3779 Θεοῦ
1593 3727 1863 3797 πρόνοιαν,

288 3809 392 3880 δρα
429 3811 752 3880 κηδεμονίαν
784 3812 1010 3878 ἄφατον.
1062 3811 1121 3862 '0
1166 3810 1272 3879 γὰρ
1319 3809 1484 3861 εἰπὼν
1535 3808 1716 3877 αὐτῷ’
1768 3808 1864 3877 Μὴ

287 3891 554 3957 καταϐῇς
571 3897 659 3958 είς
681 3894 1012 3962 Αἴγυπτον,
1027 3893 1122 3946 καὶ
1149 3893 1412 3945 κιιτοίκει
1439 3892 1507 3944 ἐν
1526 3890 1598 3958 τῇ
1629 3890 1705 3961 γῇ
1727 3893 1864 3945 ταύ-

285 3993 385 4043 τῃ,
421 3977 519 4028 καί
547 3976 755 4046 ἔσομαι
798 3979 946 4045 μετὰ
972 3976 1086 4030 σοῦ
1107 3994 1120 4007 ⁸
1156 3972 1306 4039 οὗτος
1333 3973 1399 4046 ἦν
1434 3979 1462 4029 6
1499 3975 1671 4029 ταῦτα
1695 3976 1866 4028 πάντα

285 4057 608 4128 οἰκονομῶν,
642 4061 734 4111 καὶ
757 4061 845 4112 τὸν
871 4060 1074 4112 δίκαιον
1097 4061 1153 4111 ἐν
1180 4059 1414 4131 τοσαύτῃ
1443 4059 1710 4129 ἀσφαλείᾳ
1738 4059 1865 4111 καθ-

287 4142 464 4203 ιστάς.
484 4141 682 4194 Σκόπει
701 4141 810 4213 γάρ
827 4142 916 4196 τὸν
942 4141 1161 4212 βασιλέα
1178 4141 1334 4214 ἔργον
1356 4141 1512 4196 τοῦτο
1525 4141 1862 4212 ποιούμενον,

284 4223 429 4276 ὥστε
455 4225 512 4277 ἐν
542 4225 694 4295 ἀδείᾳ
730 4225 934 4293 διάγειν
963 4227 1146 4289 αὑτὸν,
1178 4227 1272 4280 καὶ
1312 4227 1489 4296 πάσης
1525 4227 1864 4296 ἀπηλλάχθαι

285 4307 588 4376 φροντίδος.
617 4307 855 4361 Θάνατον
879 4307 1007 4378 γὰρ,
1040 4311 1224 4380 φησὶν,
1247 4309 1538 4378 ἠπείλησεν
1565 4309 1786 4376 ἀπασιν,
1815 4311 1868 4363 εί

282 4407 373 4453 τις
400 4390 596 4460 ἅψαιτο
626 4389 812 4455 αὐτοῦ,
845 4392 876 4461 ἢ
902 4395 996 4461 τῆς
1027 4393 1280 4460 γυναικὸς
1311 4392 1492 4445 αὑτοῦ.
1512 4393 1725 4464 Ἐπειδὴ
1756 4393 1864 4463 γὰρ

283 4467 441 4535 οὗτος
473 4469 538 4544 ἧν
569 4475 597 4525 6
623 4473 805 4540 φόϐος,
831 4476 858 4526 6
879 4473 972 4526 τοῦ
997 4473 1226 4526 θανάτου
1253 4475 1418 4543 λέγω,
1449 4474 1748 4528 κατασείων
1769 4475 1862 4528 τοῦ

282 4557 496 4610 δικαίου
521 4557 621 4627 τὴν
647 4557 900 4621 διάνοιαν,
921 4557 1006 4610 διά
1027 4557 1182 4610 τοῦτο
1210 4560 1304 4611 καὶ
1323 4558 1506 4611 τοῦτον
1536 4557 1864 4628 ἐκϐληθῆναι

282 4639 587 4709 πεποίηκεν
639 4641 668 4692 6
701 4640 1078 4710 φιλάνθρωπος
1121 4642 1412 4710 Δεσπότης,
1469 4642 1562 4694 καὶ
1609 4643 1666 4694 ἐν
1715 4643 1863 4714 πάσῃ

280 4722 554 4794 ἀσφαλείᾳ
581 4723 740 4776 αὑτὸν
768 4724 951 4776 λοιπὸν
981 4723 1208 4790 διάγειν.
1231 4725 1337 4776 Καὶ
1356 4725 1457 4794 ὅρα
1479 4725 1540 4776 τὸ
1555 4724 1862 4794 θαυμαστὸν

278 4805 706 4876 καὶωράδοξον,
726 4806 842 4871 πῶς
857 4808 1157 4878 εὐμήχανος
1180 4807 1255 4858 ῶν
1281 4808 1371 4860 καὶ
1396 4808 1554 4875 σοφὸς
1577 4809 1667 4861 καὶ
1687 4809 1860 4863 πάντα

278 4889 429 4943 κατά
461 4891 522 4942 τὸ
560 4890 804 4962 βούλημα
847 4891 908 4943 τὸ
950 4893 1145 4942 οἰκεῖον
1178 4891 1618 4959 μετασκευάζων,
1664 4895 1756 4946 καὶ
1803 4895 1862 4948 ἐν

277 4972 510 5043 ἀπόροις
543 4974 706 5045 πόρον
736 4974 1022 5044 εὑρίσκων,
1041 4973 1126 5024 διά
1147 4972 1255 5025 τῶν
1285 4974 1536 5026 ἐναντίων
1565 4974 1743 5028 αὐτῶν
1767 4976 1862 5030 καὶ

278 5055 557 5125 πολεμίων
582 5053 718 5110 εἶναι
747 5056 1084 5128 νομίζεσθαι.
1112 5056 1200 5108 διά
1215 5057 1415 5110 τούτων
1442 5059 1539 5128 τὴν
1567 5059 1862 5128 ἀσφάλειαν

276 5141 399 5200 τοῖς
438 5137 582 5201 ἰδίοις
619 5139 913 5209 θεράπουσι
947 5138 1197 5207 γενέσθαι
1233 5140 1498 5210 προξενεῖ.
1538 5141 1705 5194 Πόθεν
1730 5143 1858 5213 γὰρ,

277 5219 408 5274 εἰπέ
441 5237 549 5289 μοι,
578 5223 606 5274 6
629 5221 876 5290 βασιλεὺς
899 5217 1052 5284 οὗτος
1070 5222 1335 5292 τοσαύτην
1349 5223 1438 5275 τοῦ
1457 5223 1663 5277 δικαίου
1695 5229 1870 5304 ποιεῖ-Ι

274 5321 375 5357 ται
397 5303 493 5374 τὴν
511 5304 785 5373 πρόνοιαν,
805 5307 1084 5375 μονονουχὶ
1105 5305 1490 5375 ἀνακηρύττων
1509 5309 1668 5360 αὑτὸν
1692 5310 1859 5362 ἅπασι

277 5389 396 5448 τοῖς
415 5385 512 5457 τὴν
533 5386 684 5439 πόλιν
705 5387 930 5448 οἰκοῦσι,
946 5389 1039 5441 καὶ
1063 5406 1126 5440 πε
1134 5388 1332 5458 ριφανῆ
1353 5389 1565 5452 δεικνὺς
1587 5392 1683 5444 καὶ
1707 5409 1859 5462 περι-

279 5467 621 5522 σπούδαστον
652 5468 830 5539 αύτῷ;
861 5469 1017 5522 υῦτω
1044 5471 1136 5523 καὶ
1167 5473 1193 5523 ό
1226 5470 1690 5543 Ναϐουχοδονόσορ
1723 5475 1867 5544 μετὸι¹

277 5550 348 5604 τὸ
375 5551 550 5618 βαλεῖν
575 5553 656 5614 είς
683 5552 776 5621 τὴν
796 5554 1024 5623 κάμινον
1052 5555 1172 5615 τοὺς
1209 5553 1401 5617 παῖδας
1431 5555 1556 5618 τοὺς
1582 5558 1748 5625 τρεῖς,
1765 5557 1858 5608 καὶ

276 5634 373 5687 διὰ
404 5634 510 5687 τῶν
548 5636 886 5705 πραγμάτων
921 5635 1108 5705 μαθεῖν
1144 5636 1251 5688 τῶν
1277 5639 1411 5690 νέων
1437 5637 1545 5689 τῶν
1578 5639 1856 5708 αἰχμαλώ-

279 5733 396 5772 των
434 5717 531 5787 τὴν
563 5717 782 5796 ἀρετὴν,
816 5717 934 5770 τότε
979 5719 1367 5790 ἀνακηρύττειν
1399 5721 1593 5784 αὐτοὺς
1631 5722 1852 5792 ἦρξατο,

281 5805 381 5856 καὶ
433 5801 704 5871 πανταχοῦ
741 5799 827 5854 διά
858 5801 955 5872 τῆς
997 5803 1199 5868 οἰκείας
1245 5803 1489 5876 γλώττης
1540 5811 1854 5876 περιφανεῖς

1261 363 1330 418 IN
1367 362 1519 418 CAP.
1561 359 1730 416 XXVI
1791 359 2034 416 GENES.
2067 361 2299 420 HOMIL.
2343 365 2450 420 LII.

3439 363 3550 422 456

1995 484 2273 555 καθιστᾷν.
2296 485 2462 539 Τοῦτο
2483 487 2590 557 γάρ
2618 487 2732 539 ἐστι
2756 486 2988 556 μάλιστα
3008 485 3108 555 τῆς
3133 483 3444 558 περιουσίας
3461 485 3562 555 τῆς

1992 566 2086 618 τοῦ
2118 567 2252 620 Θεοῦ
2285 568 2585 639 δυνάμεως,
2619 569 2746 621 ὅταν
2775 568 2861 621 διὰ
2889 567 2995 621 τῶν
3018 568 3226 638 ἐχθρῶν
3251 567 3561 638 ἀνακηρύτ-

1992 649 2176 702 τεσθαι
2205 651 2332 714 τοὺς
2354 652 2516 704 αὑτοῦ
2538 652 2754 715 δούλους
2781 650 3191 722 παρασκευάζῃ.
3225 651 3335 703 Καὶ
3367 653 3395 703 6
3425 648 3564 720 μετά

1994 731 2164 802 θυμοῦ
2197 733 2292 803 τὴν
2313 734 2538 804 κάμινον
2556 735 2765 804 ἐκείνην
2791 735 3084 802 ἐξαφθῆναι
3109 734 3355 802 ποιήσας,
3377 732 3562 803 ἐπειδὴ

1992 811 2157 878 εἶδεν,
2198 816 2278 867 ὅτι
2310 815 2396 868 διὰ
2448 816 2544 888 τὴν
2583 816 2786 870 ἀνωθεν
2819 816 3154 886 συμμαχίαν,
3205 816 3296 867 καὶ
3330 815 3430 884 τῆς
3470 815 3561 868 τοῦ

1993 897 2162 968 πυρὸς
2209 899 2488 970 ἐνεργείας
2536 900 2876 970 περιεγένετο
2913 901 2946 970 ἡ
2996 901 3101 950 τῶν
3132 898 3334 950 παίδων
3373 898 3559 970 ἀρετὴ,

1991 978 2187 1050 ἀθρόον
2222 982 2684 1052 μεταϐαλλόμενος
2708 981 3015 1051 ἐκραύγασε
3036 982 3209 1048 λέγων
3229 999 3242 1012 ’
3271 984 3336 1034 Οἱ
3354 981 3562 1035 δοῦλοι

1990 1063 2096 1117 τοῦ
2129 1063 2275 1118 Θεοῦ
2300 1065 2406 1118 τοῦ
2430 1066 2719 1133 ὑψίστου.
2757 1066 2896 1135 Ὅρα
2926 1065 2998 1134 μὴ
3029 1063 3185 1134 μόνον
3210 1065 3404 1126 αὐτοὺς
3435 1065 3562 1117 ἀνα-

1989 1163 2058 1216 κη
2070 1145 2344 1216 ρύττοντα,
2363 1148 2497 1200 ἀλλά
2524 1148 2721 1202 καὶτὸν
2743 1148 3016 1218 Δεσπότην
3033 1147 3138 1202 τῶν
3155 1148 3287 1200 ὅλων
3305 1166 3316 1180 ’
3347 1147 3562 1201 016017-

1985 1231 2084 1282 λοι
2111 1229 2217 1301 γὰρ
2246 1230 2350 1284 τοῦ
2385 1231 2550 1294 Θεοῦ,
2572 1232 2724 1301 φησὶ,
2751 1230 2858 1284 τοῦ
2878 1231 3163 1299 ὑψίστου,
3187 1229 3474 1294 ἐξέλθετε.
3495 1229 3560 1281 Τί

1987 1311 2244 1380 γέγονεν;
2287 1313 2350 1366 οὑ
2382 1315 2445 1366 σὺ
2480 1317 2544 1384 τῇ
2588 1313 2827 1385 τιμωρίᾳ
2857 1313 3213 1384 παρέδωκας;
3262 1315 3322 1366 ού
3368 1315 3431 1365 σὺ
3467 1313 3560 1366 ἐπὶ

1985 1394 2237 1450 τοσοῦτον
2263 1397 2595 1467 ἐκκαυθῆναι
2626 1397 2725 1468 τὴν
2755 1399 2984 1467 κάμινον
3022 1397 3387 1467 προσέταξας;
3428 1397 3557 1460 Ναὶ,

1985 1478 2149 1549 φησίν
2171 1496 2185 1510 ·
2223 1479 2357 1532 ἀλλά
2382 1479 2474 1533 νῦν
2502 1482 2613 1552 ὁρῶ
2642 1481 2766 1546 ξένα
2801 1483 2894 1534 καὶ
2931 1481 3206 1551 παράδοξα
3238 1481 3558 1551 πράγματα.

1985 1562 2058 1614 Τὸ
2083 1561 2191 1634 γὰρ
2223 1567 2482 1634 στοιχεῖον
2510 1565 2664 1618 τοῦτο
2690 1565 2788 1635 τῆς
2829 1565 3034 1628 οἰκείας
3061 1565 3339 1636 ἐνεργείας
3375 1564 3562 1618 ἐπιλα-

1985 1643 2228 1714 θόμενον,
2267 1647 2454 1719 ὥσπερ
2493 1647 2710 1718 δεσμοῖς
2749 1666 2856 1700 τισι
2888 1647 3146 1718 πεδηθέν,
3174 1647 3438 1716 τοσαύτην
3465 1649 3560 1700 ἐπ-

1983 1728 2218 1792 εδείξατο
2235 1729 2332 1800 τὴν
2356 1730 2617 1802 ὑπακοὴν,
2647 1731 2722 1792 ὡς
2745 1730 2877 1800 μηδὲ
2898 1729 3005 1783 τῶν
3035 1731 3234 1801 τριχῶν
3254 1729 3560 1800 ἐφάψασθαι

1983 1811 2179 1864 αὐτῶν.
2214 1813 2374 1865 Ὅθεν
2401 1814 2516 1867 ἐστι
2541 1814 2787 1876 συνιδεῖν,
2813 1816 2892 1867 ὅτι
2923 1815 3061 1884 ὑπὲρ
3095 1814 3439 1886 ἀνθρωπίνην
3462 1814 3562 1882 φύ-

1985 1911 2068 1946 σιν
2096 1895 2210 1948 ἐστὶ
2242 1896 2301 1948 τὸ
2332 1897 2572 1964 γεγονὸς,
2601 1899 2695 1951 καὶ
2715 1897 3020 1970 ἀπόρρητός
3049 1915 3132 1961 τις
3155 1900 3249 1952 καὶ
3276 1897 3391 1950 θεία
3409 1897 3560 1950 δύνα-

1986 1977 2076 2046 μίς
2101 1978 2302 2048 ἐστινὴ
2333 1979 2506 2033 ταῦτα
2538 1980 2897 2052 ἐργαζομένη,
2932 1981 3026 2034 καὶ
3054 1980 3163 2034 τῶν
3197 1980 3400 2033 παίδων
3434 1981 3562 2033 τού-
3606 1971 3611 1977 ’

1980 2076 2087 2112 των
2124 2061 2390 2132 τοσαύτην
2433 2062 2726 2134 ποιουμένη
2784 2065 2881 2135 τὴν
2923 2065 3199 2134 πρόνοιαν.
3229 2057 3383 2126 Εἶδες
3424 2061 3557 2115 Θεοῦ

1981 2142 2172 2209 φιλανθ
2183 2144 2412 2214 ρωπίαν,
2441 2144 2588 2206 ὅπως
2606 2145 2705 2198 οὐκ
2730 2145 3220 2216 ἐγκαταλιμπάνων
3237 2145 3361 2208 τοὺς
3398 2145 3558 2210 ίδίους

1982 2224 2318 2296 θεράποντας
2353 2227 2726 2300 συνεχώρησεν
2762 2230 2842 2292 είς
2871 2229 2966 2298 τὴν
2996 2230 3224 2299 κάμινον
3251 2228 3560 2299 εἰσενεχθῆ-

1981 2325 2091 2371 ναι,
2120 2309 2255 2364 ἀλλὰ
2277 2313 2371 2363 καὶ
2398 2313 2594 2374 αὐτοὺς
2622 2312 2942 2382 βουλόμενος
2966 2313 3372 2384 λαμπροτέρους
3403 2314 3559 2385 ἐργά-

1983 2391 2200 2455 σασθαι,
2237 2394 2332 2446 καὶ
2372 2394 2473 2463 τὴν
2515 2395 2722 2447 οίκείαν
2750 2396 2975 2466 δύναμιν
3005 2395 3432 2466 ἐνδεικνύμενος,
3462 2397 3558 2448 καὶ⁸

1979 2473 2071 2526 τοῦ
2102 2474 2376 2550 βαρϐάρου
2407 2477 2747 2546 κατεμάλαξε
2784 2479 2880 2549 τὴν
2912 2479 3168 2542 διάνοιαν,
3191 2479 3284 2532 καὶ
3310 2477 3406 2550 τὴν
3433 2495 3556 2531 τοσ-

1979 2557 2146 2626 αύτην
2185 2560 2566 2630 μακροθυμίαν
2605 2564 2947 2628 ἐπεδείξατο;
2980 2563 3112 2616 Οὐδὲ
3141 2561 3249 2633 γὰρ
3274 2562 3414 2615 οὕτω
3439 2561 3559 2614 θαυ-

1983 2643 2184 2712 μαστὸν
2215 2639 2302 2714 ἦν,
2341 2647 2389 2697 εί
2421 2644 2572 2713 παρά
2604 2647 2702 2716 τὴν
2741 2647 2914 2716 ἀρχὴν
2953 2646 3222 2698 ἐκώλυσεν
3257 2647 3450 2709 αὐτοὺς
3478 2648 3558 2710 είς

1977 2727 2077 2797 τὴν
2108 2727 2335 2796 κάμινον
2363 2729 2720 2798 ἐμϐληθῆναι,
2751 2731 2827 2790 ὡς
2858 2729 2954 2782 νῦν
3001 2730 3438 2801 θαυμαστότερον
3466 2731 3557 2798 γέο

1977 2828 2123 2879 γονε,
2141 2812 2234 2863 καὶ
2247 2811 2379 2865 πολὺ
2406 2812 2464 2864 τὸ
2492 2812 2810 2883 παράδοξον,
2839 2813 2920 2865 ὅτι
2955 2815 3047 2867 καὶ
3069 2815 3125 2864 ἐν
3155 2813 3304 2883 μέσῳ
3322 2812 3398 2883 τῷ
3425 2813 3556 2882 πυρὶ

1977 2895 2340 2964 τυγχάνοντας
2367 2895 2518 2948 οὐδὲν
2551 2896 2715 2966 ἀηδὲς
2750 2896 2940 2948 παθεῖν
2971 2896 3364 2966 συνεχώρησεν.
3391 2898 3556 2948 Ὅταν

1977 2977 2086 3048 γὰρ
2116 2978 2276 3040 αὐτὸς
2306 2977 2582 3048 βούληται,
2607 2980 2702 3031 καὶ
2728 2980 2852 3043 τοὺς
2883 2981 2940 3032 ἐν
2970 2979 3158 3049 μέσοις
3183 2979 3377 3041 δεινοῖς
3397 2978 3551 3050 [505]

1976 3060 2377 3130 γεγενημένους
2399 3061 2702 3131 ἀνωτέρους
2729 3061 3038 3132 καθίστησι,
3067 3063 3304 3125 καὶτοὺς
3331 3064 3556 3130 πάσχον-

1975 3161 2075 3207 τας
2103 3145 2211 3196 τῶν
2233 3144 2527 3198 ποιούντων
2551 3145 2950 3214 δυνατωτέρους
2976 3144 3366 3215 ἀπεργάζεται.
3386 3144 3556 3198 Τοῦτο

1977 3229 2071 3280 καὶ
2096 3229 2188 3282 ἐπὶ
2218 3227 2325 3280 τῶν
2355 3228 2666 3281 ἀποστόλων
2690 3229 2924 3296 ἐγένετο.
2979 3231 3041 3282 Οί
3075 3231 3286 3300 ἔχοντες
3327 3230 3434 3300 γάρ
3458 3231 3555 3283 αὺ-

1975 3311 2100 3372 τοὺς
2127 3310 2566 3381 ἀπειλημμένους
2597 3314 2654 3366 ἐν
2679 3312 2757 3382 τῷ
2792 3313 2961 3382 μέσῳ,
2999 3314 3094 3366 καὶ
3127 3315 3405 3384 μονονουχὶ
3428 3314 3555 3377 τοὺς

1973 3391 2192 3456 ὀδόντας
2219 3393 2477 3462 θήγοντες
2504 3397 2624 3446 κατ’
2654 3395 2854 3456 αὐτῶν,
2880 3397 3014 3466 πρὸς
3041 3397 3300 3467 ἀλλήλους
3337 3399 3550 3466 ἔλεγον·

1980 3477 2041 3529 Τί
2069 3476 2401 3546 ποιήσομεν
2424 3477 2548 3544 τοῖς
2564 3479 2894 3545 ἀνθρώποις
2915 3481 3182 3547 τούτοις;
3212 3483 3554 3553 ὑποχειρίους

1974 3562 2170 3624 αὐτοὺς
2191 3563 2425 3632 ἔχοντες,
2455 3565 2514 3615 ἐν
2543 3563 2748 3634 ἀπορίᾳ
2782 3563 3252 3635 καθειστήκεισαν.
3289 3566 3552 3619 Τοσοῦτόν

1973 3646 2164 3714 ἐστινὴ
2194 3644 2360 3714 ἀρετὴ
2380 3645 2612 3714 ἰσχυρὸν,
2636 3647 2730 3698 καὶ
2756 3645 2928 3709 οὕτως
2949 3650 2982 3716 ἡ
3018 3648 3186 3701 κακία
3215 3647 3453 3713 ἀσθενὲς,
3475 3648 3552 3712 ὡς

1973 3727 2183 3795 ἐκείνην
2205 3728 2300 3796 μὲν
2317 3730 2407 3779 καὶ
2425 3731 2481 3780 ἐν
2505 3727 2583 3798 τῷ
2605 3729 2834 3799 πάσχειν
2849 3731 3238 3800 περιγίνεσθαι,
3257 3732 3457 3803 ταύτην
3493 3733 3551 3787 δὲ

1971 3816 2064 3866 καὶ
2088 3816 2143 3865 ἐν
2175 3813 2252 3884 τῷ
2282 3817 2455 3866 ποιεῖν
2475 3815 2570 3885 τὴν
2589 3818 2792 3870 οἰκείαν
2819 3817 3101 3871 ἀσθένειαν
3123 3819 3546 3874 ἐπιδείκνυσθαι.

2035 3897 2213 3966 Ὅπερ
2282 3896 2482 3959 εἰδότες
2515 3937 2529 3962 ,
2585 3898 2888 3968 ἀγαπητοὶ,
2948 3900 3114 3953 πολὺν
3186 3901 3282 3970 τῆς
3349 3902 3546 3973 ἀρετῆς

1971 3977 2251 4046 ποιώμεθα
2296 3979 2471 4046 λόγον,
2516 3980 2609 4032 καὶ
2632 3980 2925 4050 φεύγωμεν
2973 3981 3077 4053 τὴν
3128 3983 3346 4036 κακίαν.
3393 3985 3548 4036 Οὕτω

1970 4060 2078 4130 γὰρ
2107 4062 2200 4113 καὶ
2233 4061 2331 4131 τὴν
2374 4061 2580 4114 ἀνωθεν
2618 4064 3035 4135 ἐπισπασόμεθα
3074 4067 3264 4137 ῥοπὴν,
3301 4067 3396 4119 καὶ
3437 4067 3548 4120 τῶν

1974 4144 2271 4215 μελλόντων
2298 4145 2690 4217 ἐπιτευξόμεθα
2718 4147 2938 4214 ἀγαθῶν
2963 4165 2974 4176 ·
3003 4141 3077 4201 ὧν
3106 4149 3314 4217 γένοιτο
3342 4150 3548 4213 πάντας

1969 4231 2117 4298 ἡμᾶς
2147 4230 2439 4297 ἐπιτυχεῖν,
2476 4229 2660 4298 χάριτι
2688 4231 2782 4282 καὶ
2811 4231 3188 4303 φιλανθρωπίᾳ
3222 4232 3316 4284 τοῦ
3337 4233 3543 4304 Κυρίου

1970 4314 2124 4383 ἡμῶν
2140 4312 2312 4382 Ἰησοῦ
2338 4311 2589 4382 Χριστοῦ,
2621 4311 2739 4382 μεθ’
2765 4308 2826 4366 οὗ
2855 4314 2932 4384 τῷ
2957 4316 3148 4386 Πατρὶ,
3173 4317 3288 4386 ἅμα
3309 4316 3386 4386 τῷ
3405 4317 3546 4388 ἀγίῳ

1969 4395 2264 4465 Πνεύματι,
2312 4394 2456 4458 δόξα,
2492 4395 2712 4464 κράτος,
2752 4396 2905 4468 τιμὴ.
2936 4396 3029 4450 νῦν
3075 4399 3165 4452 καὶ
3209 4399 3314 4463 ἀεὶ,
3343 4400 3436 4453 καὶ
3464 4401 3544 4464 είς

1967 4479 2092 4541 τοὺς
2131 4477 2331 4541 αἰῶνας
2355 4477 2462 4531 τῶν
2493 4477 2724 4532 αἰώνων.
2775 4479 2965 4549 Ἀμήν.

2557 4582 2798 4636 ΟΜΙΛΙΑ
2830 4585 2956 4638 NB’.

1973 4707 2254 4773 Ἕσπειρε
2298 4704 2367 4758 δὲ
2417 4707 2624 4763 Ἰσαὰκ
2663 4710 2734 4762 ἐν
2763 4709 2839 4779 τῇ
2879 4711 2959 4781 τῇ
2995 4713 3215 4782 ἐκείνῃ,
3244 4716 3340 4769 καὶ
3365 4712 3542 4784 εὗρεν

1997 4789 2522 4844 ἐκατοστεύουσαν
2543 4792 2756 4860 κριθὴν
2783 4795 2854 4848 ἐν
2888 4794 2968 4860 τῷ
2999 4797 3250 4863 ἐνιαυτῷ
3277 4800 3500 4866 ἐκείνῳ.

2037 4879 2105 4924 α’.
2137 4874 2216 4925 Τά
2248 4872 2474 4942 λείψανα
2496 4874 2605 4927 τῶν
2626 4875 2752 4946 χθὲς
2773 4877 2891 4948 είρη
2902 4880 3076 4948 μένων
3091 4882 3384 4948 ἀναγκαῖον
3404 4883 3539 4935 ἀπο-

1965 4957 2146 5009 δοῦναι
2184 4958 2423 5028 σήμερον
2446 4961 2512 5028 τῇ
2538 4958 2777 5030 ὑμετέρᾳ
2806 4962 3014 5035 ἀγάπῃ,
3046 4965 3138 5017 καὶ
3164 4965 3258 5018 τοῦ
3275 4965 3430 5033 λόγου
3442 4965 3538 5037 τὴν

1967 5039 2285 5092 ἀκολουθίαν
2307 5039 2671 5104 ἀναλαϐόντας
2690 5043 2815 5096 ἰδεῖν
2832 5045 2990 5099 πάλιν
3000 5047 3091 5100 τὸν
3105 5046 3310 5100 δίκαιον
3333 5048 3534 5111 Ἰσαὰκ,

1965 5123 2095 5192 ὅσης
2131 5121 2391 5174 ἀπολαύει
2422 5122 2522 5192 τῆς
2577 5125 2785 5178 ἀνωθεν
2819 5127 3162 5197 κηδεμονίας.
3213 5131 3269 5182 '0
3300 5129 3407 5199 γὰρ
3437 5129 3536 5200 τὴν

1967 5207 2045 5268 εἰς
2061 5206 2329 5272 Αἴγυπτον
2354 5205 2577 5259 κάθοδον
2607 5209 2772 5262 αὐτοῦ
2799 5210 3136 5275 διακωλύσας
3155 5251 3168 5274 ,
3204 5213 3296 5265 καὶ
3329 5212 3495 5267 εἰπὼν
3515 5254 3531 5278 ,

1965 5289 2239 5355 Παροίκει
2268 5288 2336 5341 ἐν
2365 5288 2439 5356 τῇ
2468 5287 2543 5358 τῇ
2572 5292 2757 5359 ταύτῃ
2780 5333 2793 5353 ,
2829 5293 2926 5346 καὶ
2962 5293 3173 5362 ἔσομαι
3202 5298 3350 5362 μετὰ
3380 5296 3495 5350 σοῦ
3513 5339 3528 5363 ,

1964 5371 2136 5433 οὕτως
2177 5371 2336 5423 αὑτὸν
2379 5372 2464 5424 διὰ
2506 5373 2721 5426 πάντων
2769 5377 3036 5445 περιφανῆ
3069 5377 3418 5448 καθίστησιν,
3457 5379 3534 5443 ὡς

1969 5457 2081 5523 μετ’
2132 5454 2192 5505 ού
2255 5454 2388 5506 πολὺ
2438 5456 2723 5522 ἐπίφθονον
2776 5457 2937 5510 αὑτὸν
2987 5459 3235 5525 γενέσθαι
3281 5461 3534 5532 παρὰτῷ

1973 5536 2184 5605 βασιλεῖ
2218 5537 2492 5608 Γεράρων.
2535 5538 2797 5607 Ὀρῶντες
2820 5540 2928 5608 γὰρ
2959 5541 3118 5594 αὑτοῦ
3149 5541 3270 5595 καθ’
3297 5543 3532 5614 ἑκάστην

1962 5619 2176 5690 ἡμέραν
2210 5620 2575 5691 αὐξανομένην
2601 5623 2698 5692 τὴν
2724 5623 3004 5692 εὐπορίαν,
3035 5625 3390 5678 ἐδεδοίκεισαν
3423 5626 3532 5680 λοι-

1965 5703 2065 5754 πὸν
2084 5703 2176 5756 τοῦ
2208 5704 2398 5774 ἀνδρὸς
2434 5705 2527 5776 τὴν
2569 5705 2754 5758 αὐτόθι
2782 5707 3098 5777 κατοίκησιν
3119 5747 3133 5770 ,
3169 5711 3261 5763 καὶ
3299 5728 3530 5780 μετανα-

1967 5789 2152 5858 στῆναι
2180 5789 2388 5841 ἐκεῖθεν
2415 5789 2928 5856 καταναγκάζουσιν.
2950 5791 3130 5857 ’Λξιον
3158 5793 3211 5846 δὲ
3242 5797 3330 5848 καὶ
3352 5796 3530 5851 αὐτῶν
