4084 6356
515 352 624 410 ⁴57

513 462 743 516 ἀκοῦσαι
793 461 899 515 τῶν
952 463 1208 535 ῥημάτων
1250 465 1349 535 τῆς
1399 466 1544 530 θείας
1594 464 1835 536 Γραφῆς,
1869 462 1955 514 ἵνα
1999 457 2086 511 διὰ

512 547 729 600 πάντων
768 545 1087 615 θεασώμεθα
1118 548 1212 600 τοῦ
1256 549 1391 601 Θεοῦ
1437 552 1537 620 τὴν
1590 549 1820 609 εὔνοιαν,
1849 546 1916 616 ἢν
1959 542 2087 612 περ)⁴

518 633 639 693 τοὺς
666 630 831 683 αὐτοῦ
859 631 1074 693 οἰκέτας
1108 632 1491 687 ἐπιδείκνυται.
1534 636 1817 698 Ἕσπειρε
1841 630 1909 682 δὲ
1934 668 1948 691 ,
1981 645 2087 695 φη-

518 714 622 775 σὶν,
651 713 857 766 Ἰσαὰκ
879 713 949 765 ἐν
968 711 1040 780 τῇ
1058 713 1135 780 γῆ
1162 715 1388 782 ἐκείνῃ,
1420 716 1516 769 καὶ
1544 711 2088 783 εὗρενέκατοστεύ-

515 810 711 847 ουσαν
740 796 953 863 κριθὴν
979 797 1048 849 ἐν
1082 797 1163 862 τῷ
1193 798 1445 863 ἐνιαυτῷ
1497 800 1724 861 ἐκείνῳ.
1771 797 1967 849 Σκόπει
2002 811 2091 863 μοι

514 875 605 927 τοῦ
635 875 765 929 Θεοῦ
794 878 892 946 τὴν
924 880 1143 946 σοφίαν·
1178 880 1264 933 ἵνα
1297 882 1443 951 δείξῃ
1478 880 1554 951 τῷ
1581 881 1774 949 δικαίῳ
1818 880 1900 931 ὃτι
1928 878 2091 947 δημι-

515 959 708 1030 ουργὸς
739 958 814 1013 ὣν
843 960 945 1029 τῆς
984 962 1217 1029 φύσεως,
1250 964 1344 1016 καὶ
1387 964 1445 1028 ἐξ
1478 965 1693 1034 ἀπόρων
1720 964 1885 1033 πόρον
1916 978 2093 1029 παρα-

519 1045 665 1111 σχεῖν
694 1041 937 1107 δύναται,
971 1046 1061 1096 καὶ
1085 1045 1162 1097 ὅτι
1189 1047 1282 1099 καὶ
1309 1047 1369 1112 ἐξ
1386 1048 1560 1118 ἀρχῆς
1583 1047 1741 1111 αὐτὸς
1767 1046 1863 1115 τὴν
1892 1045 1993 1113 γῆν
2018 1042 2095 1113 τῷ

518 1124 701 1195 οἰκείῳ
734 1128 1115 1196 προστάγματι
1150 1128 1391 1201 διήγειρε
1426 1133 1560 1201 πρὸς
1598 1130 1695 1200 τὴν
1732 1130 1840 1181 τῶν
1867 1128 2095 1199 καρπῶν

521 1208 774 1279 βλάστην,
790 1211 1242 1279 παρασκευάσαςε
1258 1213 1345 1265 τὸν
1356 1214 1558 1266 δίκαιον
1573 1211 2097 1266 ἑκατονταπλασίονα.

518 1290 627 1343 τῶν
658 1292 750 1345 ὐπ’
796 1292 959 1345 αὐτοῦ
994 1296 1309 1365 σπαρέντων
1339 1297 1429 1349 ἐπὶ
1456 1297 1555 1366 τῆς
1586 1296 1688 1365 γῆς
1710 1298 1737 1334 b
1771 1292 2097 1365 κομίσασθαι

519 1374 589 1426 τά
629 1374 936 1445 δράγματα.
988 1378 1122 1447 ὁμοῦ
1160 1380 1252 1431 καὶ
1302 1379 1463 1432 αὐτὸν
1490 1382 1565 1432 ’ἐν
1605 1379 1809 1432 πλείονι
1838 1376 2098 1439 καθιστὰς

521 1458 772 1530 εὐπορίᾳ,
796 1460 873 1530 τῷ
897 1460 1122 1530 μηδενὸς
1150 1463 1206 1513 ἐν
1228 1463 1385 1534 χρείᾳ
1413 1463 1685 1531 γενέσθαι,
1711 1462 1995 1524 κάκείνους
2010 1461 2098 1514 διὰ

519 1542 629 1595 τῶν
671 1543 847 1613 ἔργων
883 1544 1166 1607 διδάσκων,
1207 1546 1338 1616 ὅσης
1386 1549 1413 1600 0
1458 1548 1661 1610 δίκαιος
1699 1545 1957 1599 ἀπολαύει
2002 1546 2100 1614 τῆς

522 1626 726 1680 ἀνωθεν
752 1628 943 1698 ῥοπῆς.
979 1628 1049 1681 Εὐ
1059 1631 1297 1699 μήχανος
1316 1631 1425 1702 γὰρ
1445 1631 1519 1684 ὢν
1548 1632 1641 1685 καὶ
1672 1632 1851 1700 σοφὸς,
1882 1630 1969 1683 διά
1993 1629 2099 1681 τῶν

523 1710 701 1764 αὐτῶν
730 1710 987 1774 πολλάκις
1019 1714 1357 1783 πραγμάτων
1414 1716 1505 1767 καὶ
1530 1715 1655 1777 τοὺς
1686 1714 1915 1775 οἰκείους
1946 1714 2101 1782 εὐερ-

522 1797 691 1861 γετεῖ,
720 1796 957 1857 καὶτοὺς
986 1794 1065 1847 ἑτι
1094 1796 1539 1867 πεπλανημένους
1554 1795 1894 1851 διδάσκεσθαι
1926 1812 2103 1865 παρα-

525 1878 777 1942 σκευάζει
792 1878 887 1947 τῆς
903 1879 1108 1941 οἰκείας
1130 1880 1383 1949 προνοίας
1402 1881 1500 1951 τὴν
1515 1879 1917 1951 δύναμιν.[50(ί]
1932 1879 2103 1933 Τοῦτο

524 1962 618 2014 καὶ
649 1961 785 2031 μετά
817 1959 988 2014 ταῦτα
1014 1961 1157 2014 κατὰ
1187 1963 1287 2033 τὴν
1316 1963 1590 2031 Αἴγυπτον
1618 1963 1931 2034 εἰργάσατο,
1960 1964 2102 2015 ἐκεί-

521 2061 633 2108 νοις
680 2044 777 2114 μὲν
825 2044 922 2107 τάς
964 2046 1235 2117 τιμωρίας
1259 2046 1588 2115 ἐπαγαγὼν,
1624 2047 1716 2100 τὸν
1746 2046 1802 2099 δὲ
1831 2045 1958 2099 λαὸν
1994 2044 2103 2098 τῶν

536 2127 881 2201 Ἰσραηλιτῶν
906 2128 1089 2199 ἀπαθῆ
1120 2130 1512 2199 διαφυλάττων.
1554 2131 1881 2201 Ἐμάνθανον
1912 2129 2019 2199 γὰρ
2040 2129 2101 2182 οὐ

527 2199 688 2277 μόνον
733 2210 821 2264 διά
856 2212 955 2280 τῆς
994 2213 1114 2263 κατ’
1155 2212 1333 2265 αὐτῶν
1388 2199 1811 2285 ἀγανακτήσεως
1859 2212 1955 2265 τοῦ
1994 2212 2103 2264 τῶν

523 2293 659 2345 ὅλων
681 2292 815 2345 Θεοῦ
851 2294 944 2347 καὶ
974 2295 1305 2365 δημιουργοῦ
1334 2296 1430 2367 τὴν
1452 2296 1699 2366 δύναμιν,
1731 2296 1866 2349 ἀλλά
1891 2296 1983 2348 καὶ
2018 2294 2105 2347 διά

523 2376 623 2446 τῆς
651 2376 903 2446 προνοίας
928 2378 1024 2447 τῆς
1044 2380 1122 2441 εἰς
1148 2378 1408 2442 ἐκείνους.
1441 2381 1551 2433 Καὶ
1572 2372 1718 2432 οῦτοι
1744 2378 1904 2432 πάλιν
1924 2379 2104 2431 οὐκέκ

523 2460 624 2529 τῆς
653 2461 733 2523 εἰς
764 2461 959 2523 αὐτοὺς
982 2462 1238 2531 προνοίας
1270 2462 1363 2515 καὶ
1392 2462 1717 2533 κηδεμονίας
1744 2462 1900 2534 μόνον
1930 2461 2105 2515 ἐδιδά-

530 2560 720 2595 σκοντο
743 2542 837 2595 τοῦ
854 2542 990 2596 Θεοῦ
1018 2546 1116 2615 τὴν
1146 2546 1586 2613 ὑπερϐάλλουσαν
1608 2547 1738 2616 περὶ
1760 2546 1954 2608 αὐτοὺς
1980 2544 2101 2614 φιλ-

528 2625 861 2697 ανθρωπίαν,
896 2627 1029 2679 ἀλλὰ
1054 2628 1146 2680 καὶ
1171 2629 1237 2681 δι’
1261 2621 1334 2683 ὧν
1356 2630 1595 2693 ἐκείνους
1624 2629 1810 2703 ἑώρων
1835 2629 1953 2683 καθ’
1979 2628 2105 2681 ἐκά-

532 2728 663 2781 στην
693 2712 905 2783 ἡμέραν
947 2712 1045 2764 τὰς
1082 2712 1295 2781 πληγὰς
1331 2712 1671 2783 δεχομένους.
1709 2714 1815 2766 Καὶ
1863 2713 1951 2766 διὰ
1997 2712 2105 2765 τῶν

528 2796 709 2849 αὐτῶν
738 2796 1077 2866 πραγμάτων
1102 2796 1194 2849 καὶ
1216 2798 1329 2860 τοῖς
1347 2796 1567 2859 οἰκείοις
1593 2799 1687 2850 καὶ
1711 2799 1824 2859 τοῖς
1846 2796 2107 2859 ἐναντίοις

422 2906 429 2915 ε
530 2878 736 2932 ἐδείκνυ
754 2880 851 2948 τῆς
878 2878 1082 2942 οἰκείας
1106 2879 1385 2949 δυνάμεως
1400 2880 1495 2951 τὴν
1516 2880 1838 2951 ὑπερϐολήν.
1870 2880 1979 2933 Καὶ
1999 2880 2107 2950 γάρ

531 2962 669 3017 αὐτά
696 2964 765 3016 τὰ
797 2966 1030 3034 στοιχεῖα
1064 2963 1159 3034 τὴν
1193 2964 1562 3034 παρἰὲαυτῶν
1586 2964 1857 3019 διακονίαν
1887 2966 1979 3017 καὶ
2011 2963 2108 3033 τὴν

531 3048 773 3118 ὑπακοὴν
800 3048 1165 3101 ἐπιδείκνυται
1192 3050 1304 3109 τοῖς
1332 3048 1661 3117 ὁμοδούλοις,
1705 3050 1833 3102 ὅταν
1856 3049 1883 3100 0
1906 3047 2109 3100 Δεσπό-

531 3149 630 3203 της
662 3130 919 3194 εὐνοϊκῶς
956 3131 1092 3201 πρὸς
1120 3132 1317 3194 αὐτοὺς
1341 3131 1624 3203 διακέηται
1655 3144 1702 3187 ο.
1734 3135 1844 3186 Καὶ
1865 3134 2020 3186 τοῦτο
2044 3133 2109 3187 ἄν

532 3233 616 3278 τις
647 3215 891 3268 θεάσοιτο
941 3214 1161 3282 γεγονὸς
1189 3215 1281 3266 ἐπὶ
1311 3213 1403 3266 τοῦ
1432 3215 1639 3267 δικαίου
1684 3217 1896 3271 τούτου.
1935 3218 2109 3289 Ὅπερ

534 3299 720 3354 ἄλλοτε
747 3300 780 3368 ἡ
812 3298 972 3366 φύσις
995 3297 1095 3367 τῆς
1123 3299 1226 3368 γῆς
1263 3297 1363 3350 οὐκ
1390 3298 1718 3365 ἐπεδείξατο,
1745 3301 1903 3354 τοῦτο
1932 3302 2019 3356 διὰ
2046 3302 2107 3355 τὸ

537 3382 866 3454 πρόσταγμα
887 3381 979 3434 τοῦ
1012 3381 1119 3433 τῶν
1144 3381 1279 3434 ὅλων
1301 3380 1435 3434 Θεοῦ
1474 3381 1569 3435 νῦν
1600 3384 1986 3448 ἐπιδείκνυται,
2018 3388 2111 3439 καὶ

536 3465 800 3535 τοσαύτην
823 3466 1021 3536 ἤνεγκε
1048 3463 1146 3535 τὴν
1172 3463 1343 3533 φορὰν
1363 3504 1378 3530 ,
1405 3464 1481 3528 ὡς
1513 3465 1705 3536 ἀθρόον
1739 3468 1797 3520 ἐν
1826 3469 2111 3539 περιουσίᾳ

538 3549 705 3620 πολλῇ
741 3549 1074 3618 καταστῆναι
1105 3547 1195 3600 τὸν
1226 3547 1428 3603 Ἰσαάκ.
1452 3549 1771 3618 Εὺλόγησε
1797 3550 1903 3622 γάρ
1925 3552 2113 3605 αὑτὸν

538 3638 571 3687 ὀ
600 3634 762 3697 Θεὸς,
780 3633 876 3686 καὶ
898 3630 1110 3700 ὑψώθη
1132 3634 1164 3685 ό
1185 3631 1512 3699 ἄνθρωπος,
1532 3633 1630 3687 καί
1652 3636 2115 3704 προϐαίνωνμεί-

538 3717 649 3778 ζων
676 3717 924 3786 ἐγένετο,
940 3716 1051 3781 ἕως
1070 3711 1142 3771 οὗ
1159 3715 1347 3785 μέγας
1366 3716 1601 3785 ἐγένετο
1622 3718 1875 3787 σφόδρα.
1895 3718 2113 3790 Ἐπειδὴ

538 3800 647 3872 γάρ
664 3802 785 3854 τότε
820 3802 893 3867 ἐν,
907 3800 1115 3863 τούτοις
1144 3796 1213 3871 ἦν
1234 3799 1302 3853 τὰ
1324 3803 1422 3871 τῆς
1451 3801 1710 3871 εὐπορίας
1732 3805 1843 3867 τοῖς
1864 3803 2112 3868 δικαίοις,

539 3886 596 3937 ἐν
614 3888 680 3956 τῇ
701 3884 798 3955 τῆς
820 3885 923 3953 γῆς
948 3882 1180 3954 εὐπορίᾳ
1206 3883 1299 3936 καὶ
1323 3884 1379 3937 ἐν
1399 3884 1479 3954 τῷ
1500 3885 1607 3937 τῶν
1624 3884 1953 3956 θρεμμάτων
1979 3887 2116 3958 πλή-

541 3969 643 4031 θει,
676 3968 765 4021 διά
784 3966 940 4020 τοῦτό
963 3983 1149 4038 φησιν,
1174 3966 1526 4035 Εὺλότησεν
1554 3969 1740 4022 αὐτὸν
1768 3972 1801 4022 ό
1819 3971 1981 4036 Θεὸς,
2017 3973 2114 4026 καί

539 4051 751 4120 ὑψώθη
783 4053 814 4104 ό
837 4050 1164 4118 ἅνθρωπος,
1193 4048 1312 4105 ἀντὶ
1336 4050 1454 4114 τοῦ,
1485 4050 1728 4123 Εὐπορος
1752 4054 1985 4121 ἐγένετο·
2021 4057 2117 4109 καί⁹

540 4136 641 4204 οὐχ
669 4134 854 4195 ἀπλῶς
892 4133 1140 4204 εὔπορος,
1172 4133 1307 4186 ἀλλά
1340 4134 1455 4197 καὶ,
1491 4134 1732 4199 Μείζων,
1771 4138 1965 4206 φησὶν,
1998 4139 2117 4207 ἐγί-

543 4234 701 4279 rato,
724 4217 833 4283 ἕως
860 4212 931 4272 οὗ
956 4216 1143 4287 μέγας
1162 4215 1397 4286 ἐγένετο
1430 4216 1683 4285 σφόδρα.
1701 4217 1981 4289 Ἐννόησον
2009 4222 2117 4293 γάρ

545 4302 668 4354 ὅσον
697 4295 787 4370 ἦν,
816 4299 1343 4354 ἑκατονταπλασίονα
1370 4298 1478 4352 τῶν
1508 4300 1817 4370 παράὐτοῦ
1843 4303 2115 4356 καταϐαλο

544 4383 786 4453 λομένων
818 4382 1192 4452 ὑποδέχεσθαι.
1211 4383 1274 4434 Εἰ
1303 4382 1359 4434 δὲ
1386 4380 1541 4435 τοῦτό
1572 4399 1654 4435 σοι
1682 4384 1821 4453 μέγα
1846 4385 2114 4452 φαίνεται,

549 4466 740 4519 σκόπει
767 4465 865 4537 τὴν
893 4465 1141 4518 ἐπίτασιν
1166 4465 1267 4535 τῆς
1286 4463 1381 4517 τοῦ
1408 4464 1543 4519 Θεοῦ
1577 4466 1987 4537 φιλανθρωπίας
2005 4509 2019 4532 ,
2052 4470 2118 4540 ἢν

546 4548 640 4601 τοῦ
663 4548 853 4619 χρόνου
876 4547 1156 4617 προϊόντος
1187 4547 1315 4617 περί
1338 4549 1485 4617 ἡμᾶς
1514 4548 1840 4613 ἐπεδείξατο.
1860 4552 1983 4614 Τοῖς
2011 4552 2119 4623 γὰρ

550 4632 689 4704 μετά
729 4630 827 4703 τὴν
856 4629 1018 4683 αὐτοῦ
1052 4630 1354 4700 παρουσίαν
1388 4631 1487 4702 τὴν
1520 4632 1721 4702 ἀρετὴν
1755 4634 2029 4703 μετιοῦσιν
2058 4636 2118 4688 οὐ

551 4715 710 4786 μόνον
743 4713 1271 4769 ἑκατονταπλασίονα
1300 4714 1532 4766 ἐνταῦθα
1553 4716 1813 4786 παρέχειν
1842 4718 2120 4787 ὐπισχνεῖο

546 4816 658 4861 ται,
682 4796 819 4853 ἀλλὰ
845 4796 939 4852 καὶ
961 4795 1291 4865 τὴνιαίώνιον
1316 4794 1459 4867 ζωὴν
1482 4798 1574 4853 καὶ
1599 4798 1696 4868 τὴν
1719 4799 1994 4868 βασιλείαν
2014 4802 2120 4854 τῶν

548 4881 790 4952 οὐρανῶν
820 4882 899 4943 εἰς
934 4879 1253 4936 ἀπόλαυσιν.
1282 4876 1434 4945 Εἶδες
1473 4882 1780 4953 φιλοτιμίαν
1809 4886 2077 4938 Δεσπὸτου
2104 4903 2119 4951 ;

549 4964 687 5029 εἶδες
719 4965 967 5018 ἐπίτασιν
996 4963 1351 5033 εὐεργεσίας;
1378 4959 1515 5027 εἶδες
1551 4965 1713 5018 πόσον
1744 4968 1875 5037 ἡμῖν
1904 4970 2123 5039 κεχάρι..

551 5068 674 5104 σται
698 5052 731 5119 ἡ
764 5049 857 5101 τοῦ
884 5046 1219 5115 Μονογενοῦς
1248 5047 1552 5118 παρουσίας
1588 5049 1733 5113 ὅπως
1762 5052 1984 5118 ἀφάτων
2014 5053 2122 5105 τῶν

553 5129 894 5199 πραγμάτων
919 5127 1017 5196 τὴν
1048 5126 1347 5196 ἐναλλαγὴν
1377 5127 1707 5197 είργάσατο;
1743 5130 1925 5182 Ταῦτα
1946 5131 2131 5185 τοίνυν,

551 5213 781 5275 ἕκαστος
814 5211 934 5264 καθ’
965 5211 1154 5263 ἑαυτὸν
1184 5210 1527 5280 λογιζόμενος
1551 5253 1565 5274 ,
1600 5212 1693 5264 καὶ
1722 5212 1862 5282 ὁρῶν
1884 5214 1980 5284 τὴν
2006 5216 2121 5268 δια-

553 5295 744 5367 φορὰν,
767 5295 860 5349 καὶ
889 5294 1009 5347 τίνα
1041 5294 1139 5363 μὲν
1167 5291 1256 5365 ἦν,
1275 5293 1310 5348 ἃ
1333 5298 1446 5358 τοῖς
1470 5296 1575 5365 πρὸ
1608 5297 1705 5365 τῆς
1733 5297 1954 5366 χάριτος
1981 5316 2123 5370 παρ-

553 5384 699 5453 έχειν
751 5383 1111 5451 ὑπισχνεῖται,
1133 5382 1252 5449 τίνα
1272 5382 1330 5434 δὲ
1360 5383 1497 5451 μετά
1522 5384 1619 5454 τὴν
1645 5384 1822 5453 χάριν,
1857 5385 2125 5450 δοξαζέτω

555 5472 656 5525 κάν
687 5470 863 5539 τούτῳ
881 5470 979 5540 τὴν
1005 5471 1230 5539 ἄπειρον
1258 5469 1422 5524 αὐτοῦ
1457 5471 1886 5542 φιλανθρωπίαν,
1925 5476 2016 5528 καὶ
2051 5476 2125 5547 μὴ

555 5560 624 5628 τῇ
653 5557 760 5610 τῶν
794 5558 1002 5627 καιρῶν
1034 5556 1302 5627 ὲναλλαγῇ
1347 5557 1407 5610 τὸ
1437 5560 1542 5611 πᾶν
1571 5560 1943 5630 ἐπι-γραφέτω.
1986 5563 2123 5615 Ἀλλ’

556 5647 651 5699 ἐπὶ
674 5646 772 5715 τὴν
796 5644 1120 5697 ἀκολουθίαν
1142 5645 1235 5697 τοῦ
1257 5645 1341 5715 λόγ
1355 5662 1417 5697 ου
1443 5647 1753 5700 ἐπανελθεῖν
1780 5648 2004 5717 δίκαιον,
2033 5656 2127 5708 καὶ

562 5735 689 5789 ἰδεῖν
736 5735 882 5795 ὅπως
917 5734 968 5786 οἱ
1010 5736 1068 5785 ἐν
1110 5734 1368 5804 Γεράροις
1405 5735 1635 5807 ὁρῶντες
1667 5737 1758 5791 τοῦ
1791 5739 1997 5795 δικαίου
2030 5744 2126 5814 τὴν

621 5860 649 5890 ³
676 5860 787 5908 Sav.
817 5859 943 5918 conj.
974 5858 1315 5921 παρεσκεύασε.

623 5921 649 5959 ι»
673 5923 898 5978 Quinque
928 5934 1038 5967 mss.
1064 5923 1189 5983 παρὰ
1206 5928 1286 5977 τῆς
1309 5928 1409 5981 γῆς-

624 5984 647 6014 ⁶
675 5984 771 6033 Alii
796 5982 1041 6029 διάκειται.

1195 353 1252 408 S.
1293 351 1578 409 JOANNIS
1612 343 2096 407 CIIRYSOSTOMl
2136 343 2459 402 ARCIIIEP.
2496 348 3045 407 CONSTANTINOP.

3668 351 3778 406 ιδιι

2200 459 2401 530 πολλὴν
2458 463 2722 534 εὐπορίαν
2749 506 2765 529 ,
2800 465 2878 527 εἰς
2932 462 3094 531 ζῆλον
3130 461 3519 533 ἅηγέρθησαν,
3548 479 3642 515 και
3671 464 3779 516 άπ-

2197 542 2440 595 ελαύνειν
2468 546 2627 599 αὐτὸν
2662 547 2867 598 ἐκεῖθεν
2900 545 3237 615 ἐπεχείρουν.
3259 544 3599 609 Ἐζήλωσᾳν
3626 545 3739 613 τὰρ
3758 586 3779 610 ,

2199 628 2382 694 φησὶν,
2418 629 2604 681 αὑτὸν
2627 632 2679 681 οὶ
2709 629 3075 696 Φυλιστιείμ,
3108 624 3242 681 Εἶτα
3273 628 3441 691 δεῖξαι
3478 627 3779 698 βουλομένη

2199 711 2232 779 ἡ
2265 710 2382 762 θεία
2412 711 2632 781 Γραφὴ,
2683 712 2740 762 ἐν
2786 712 2892 762 τίνι
2919 711 3009 764 τὸν
3048 709 3207 780 ζῆλον
3240 710 3633 771 ἐπεδείκνυντο,
3675 712 3781 762 ἐπ-

2200 796 2391 863 ήγαγε·
2416 795 2525 849 Καὶ
2563 794 2757 848 πάντα
2788 794 2825 847 ἃ
2863 793 3099 862 ὤρυξαν
3128 793 3349 863 φρέατα
3380 796 3434 846 οἱ
3477 793 3684 859 παῖδες
3710 794 3783 845 ἐν

2200 876 2280 941 τῷ
2305 879 2499 945 χρόνῳ
2528 878 2634 930 τοῦ
2656 877 2875 944 πατρὸς
2894 876 3099 941 αὐτοῦ,
3128 876 3463 945 ἐνέφραξαν
3486 879 3659 937 αὐτὰ,
3677 874 3781 928 καὶ

2199 953 2555 1027 ἐνέπλησαν
2578 960 2711 1029 γῆς.
2740 961 2940 1014 Σκόπει
2974 961 3114 1029 πόση
3157 960 3262 1013 τῶν
3288 960 3474 1013 αὐτόθι
3508 962 3539 1029 ή
3583 960 3781 1020 κακία,

2201 1043 2275 1107 ὡς
2308 1045 2400 1097 καὶ
2428 1044 2537 1097 τῶν
2567 1045 2774 1098 ὐδάτων
2801 1044 3063 1115 φθονῆσαι
3094 1044 3171 1114 τῷ
3201 1043 3392 1113 δικαίῳ
3417 1085 3433 1109 ,
3464 1044 3558 1096 καὶ
3590 1043 3712 1096 οὐδὲ
3748 1043 3782 1095 0

2207 1126 2456 1196 βασιλεὺς
2486 1128 2514 1180 0
2542 1129 2599 1179 ἐν
2622 1126 2859 1199 τοσαύτῃ
2883 1128 3167 1198 περιουσία
3188 1126 3464 1190 καθεστὼς
3486 1129 3783 1196 κατασχεῖν

2204 1212 2294 1265 τὸν
2345 1212 2534 1281 φθόνον
2560 1211 2586 1250 ιι
2642 1212 2860 1282 ἴσχυσεν
2888 1251 2903 1274 ,
2949 1210 3085 1265 άλλά
3140 1228 3337 1281 φησιν·
3380 1213 3628 1267 Ἀπελθε
3677 1211 3782 1278 ἀφ’

2205 1294 2392 1364 ἡμῶν,
2408 1294 2495 1347 ὅτι
2513 1294 2916 1361 δυνατώτερος
2929 1293 3316 1362 ἡμῶνέγένου
3330 1294 3583 1363 σφόδρα.
3603 1295 3786 1363 Πολλή

2205 1380 2238 1446 ἡ
2259 1376 2641 1448 ἀγνωμοσύνη.
2658 1378 2815 1440 Τίνος
2835 1378 2943 1448 γὰρ
2963 1377 3148 1430 ἐνεκεν
3169 1376 3319 1448 [507]
3343 1378 3663 1439 ἀπελαύνεις
3690 1379 3784 1429 τὸν

2206 1463 2411 1516 δίκαιον
2436 1480 2451 1529 ;
2481 1462 2555 1532 μὴ
2576 1462 2684 1533 γάρ
2715 1460 3018 1530 ἐλυμήνατό
3050 1478 3101 1513 τι
3121 1464 3232 1523 τοῖς
3256 1463 3394 1524 σοῖς;
3432 1462 3506 1532 μὴ
3538 1461 3644 1531 γάρ
3667 1462 3786 1530 ἡδί-

2207 1545 2342 1614 κησέ
2368 1562 2454 1609 τις
2492 1544 2653 1597 Ἀλλά
2683 1543 2922 1597 τοιοῦτον
2954 1546 2983 1597 0
3021 1544 3239 1612 φθόνος·
3280 1545 3430 1597 οὐδὲν
3472 1546 3609 1614 μετά
3636 1546 3786 1612 λογι-

2210 1628 2347 1697 σμοῦ
2381 1628 2789 1699 διαπράττεται.
2830 1627 2958 1680 Δέον
2988 1629 3096 1698 γὰρ
3136 1628 3297 1680 αὐτὸν
3327 1627 3659 1698 θεασάμενον
3690 1646 3784 1681 το-

2210 1710 2411 1781 σαύτης
2436 1711 2646 1773 εὐνοίας
2669 1710 3011 1763 ἀπολαύοντα
3034 1711 3126 1764 τὸν
3155 1711 3358 1764 δίκαιον
3388 1712 3538 1783 παρά
3556 1711 3648 1764 τοῦ
3672 1711 3786 1763 τῶν

2207 1794 2344 1847 ὅλων
2366 1794 2522 1860 Θεοῦ,
2546 1795 2744 1866 μᾶλλον
2772 1794 3071 1865 περιέπειν,
3099 1794 3297 1864 μᾶλλον
3333 1794 3675 1865 θεραπεύειν,
3697 1795 3788 1847 ἵνα

2208 1878 2296 1931 διά
2316 1878 2414 1948 τῆς
2447 1880 2525 1941 εἰς
2551 1879 2756 1931 ἐκεῖνον
2779 1878 2946 1948 τιμῆς
2979 1879 3353 1948 ἐπισπάσηται
3377 1878 3469 1931 καὶ
3497 1878 3658 1940 αὐτὸς
3686 1877 3787 1946 τὴν

2210 1961 2417 2015 ἀνωθεν
2463 1963 2635 2032 ῥοπήν
2658 1978 2673 1992 ⁸
2706 1963 2734 2014 0
2766 1960 2821 2013 δέ
2853 1960 2914 2012 οὐ
2953 1961 3113 2030 μόνον
3144 1960 3299 2013 τοῦτο
3328 1962 3390 2015 οὐ
3436 1964 3612 2020 ποιεῖ,
3648 1960 3793 2013 ἀλλά

2211 2044 2305 2098 καί⁵
2360 2044 2684 2098 ἀπελαύνειν
2721 2045 3022 2114 ἐπιχειρεῖ,
3055 2044 3146 2095 καί
3188 2060 3358 2114 φησι·
3397 2045 3643 2098 Ἀπελοε
3682 2044 3786 2111 ἀφ’

2211 2128 2411 2197 ἡμῶν,
2461 2128 2550 2181 ὅτι
2608 2127 3011 2194 δυνατώτερος
3066 2125 3233 2195 ἡμῶν
3271 2128 3481 2196 ἐγένου
3526 2126 3782 2195 σφόδρα.

2212 2211 2463 2265 Τοιοῦτον
2500 2210 2608 2283 γὰρ
2640 2213 2673 2281 ὴ
2712 2210 2978 2280 βασκανία
3002 2228 3013 2241 ·
3054 2212 3154 2263 οὐκ
3191 2211 3440 2281 ἀνέχεται
3469 2212 3656 2280 πράως
3686 2209 3786 2277 τὴν

2213 2294 2417 2367 ἑτέρων
2434 2294 2769 2365 εὐπραγίαν,
2798 2293 2933 2347 ἀλλά
2961 2292 3057 2364 τὴν
3085 2293 3179 2346 τοῦ
3223 2294 3453 2363 πλησίον
3485 2292 3786 2363 εὐημερίαν

2213 2380 2417 2434 οἰκείαν
2448 2377 2791 2448 δυσπραγίαν
2836 2373 2976 2431 εἶναι
3015 2377 3261 2446 νομίζει,
3294 2378 3387 2431 καὶ
3427 2378 3649 2446 τήκεται
3672 2376 3787 2437 τοῖς

2211 2462 2306 2517 τοῦ
2336 2461 2562 2533 πλησίον
2586 2461 2807 2530 ἀγαθοῖς
2828 2476 2841 2489 ·
2883 2460 2911 2512 ὃ
2945 2459 3008 2530 δὴ
3050 2460 3143 2512 καὶ
3175 2460 3407 2515 ἐνταῦθα
3446 2460 3690 2528 γέγονεν.
3728 2458 3788 2510 '0

2213 2547 2321 2617 γὰρ
2363 2545 2652 2615 βασιλεὺς,
2698 2546 2727 2597 0
2756 2544 2854 2613 τῆς
2888 2543 3095 2605 πόλεως
3141 2544 3357 2614 ἀπάσης
3393 2544 3489 2613 τὴν
3540 2542 3790 2607 ἐξουσίαν

2215 2637 2373 2708 ἔχων,
2404 2636 2500 2689 καὶ
2529 2637 2736 2699 πάντας
2764 2635 2869 2688 ὐπὸ
2897 2637 2994 2707 τὴν
3025 2636 3249 2707 ἀπειλὴν
3279 2636 3376 2706 τὴν
3399 2634 3591 2688 ἑαυτοῦ
3625 2634 3789 2703 ἔχων,
3838 2638 3841 2639 ⁷

2214 2728 2292 2799 τῷ
2315 2727 2450 2799 ξένῳ
2470 2767 2484 2791 ,
2510 2727 2589 2797 τῷ
2616 2728 2788 2798 ἀλήτῃ
2812 2767 2826 2791 ,
2852 2728 2946 2781 καὶ
2974 2727 3219 2782 ἐντεῦθεν
3251 2730 3385 2791 ἐκεῖ,
3414 2726 3665 2781 κάκεῖθεν
3685 2719 3790 2779 ῶδε

2219 2815 2663 2887 μετανισταμένῳ
2689 2814 2853 2884 φησίν
2873 2831 2888 2845 °
2920 2817 3168 2870 Ἀπελθε
3186 2816 3287 2869 ἀπ’
3311 2816 3477 2883 ἐμοῦ,
3498 2814 3583 2867 ὅτι
3617 2816 3791 2867 δυναο

2216 2901 2465 2971 τώτερος
2489 2899 2659 2967 ἡμῶν
2680 2900 2891 2968 ἐγένου
2916 2902 3171 2970 σφόδρα.
3193 2904 3301 2955 Καὶ
3327 2903 3539 2971 ἀληθῶς
3560 2902 3793 2954 δυνατώ-

2215 3006 2372 3060 τερος
2396 2983 2485 3058 ἦν,
2514 2986 2613 3057 τὴν
2642 2987 2846 3041 ἀνωθεν
2878 2990 3193 3059 συμμαχίαν
3216 2989 3354 3059 ἔχων
3388 2990 3445 3041 ἐν
3470 2989 3664 3050 ἅπασι,
3696 2990 3791 3042 καὶ

2218 3076 2322 3130 ὐπὸ
2351 3070 2450 3145 τῆς
2486 3074 2581 3127 τοῦ
2621 3074 2755 3127 Θεοῦ
2788 3075 2967 3141 δεξιᾶς
3005 3077 3425 3149 φρουρούμενος.
3469 3077 3579 3129 Ποῦ
3610 3077 3793 3129 τοίνυν

2217 3163 2542 3227 ἀπελαύνεις
2567 3163 2658 3215 τὸν
2682 3162 2890 3216 δίκαιον
2913 3164 3044 3229 ;οὐκ
3074 3160 3229 3219 οἶσθα
3250 3167 3352 3226 ὅτι,
3380 3165 3511 3218 ὅπου
3537 3164 3605 3217 ἂν
3632 3164 3794 3217 αὐτὸν

2218 3251 2472 3305 ἀπελθεῖν
2508 3249 2779 3322 συμϐαίνῃ
2798 3294 2812 3316 ,
2846 3253 2903 3303 ἐν
2930 3254 3042 3314 τοῖς
3068 3252 3161 3304 τοῦ
3186 3254 3454 3305 Δεσπότου
3483 3251 3577 3304 τοῦ
3600 3250 3792 3306 ἑαυτοῦ

2219 3336 2359 3393 εἶναι
2390 3340 2553 3392 αὐτὸν
2579 3338 2791 3409 ἀνάγκη
2820 3356 2835 3403 ;
2864 3347 2965 3391 οὐκ
2994 3339 3284 3392 ἑπαίδευσέ
3310 3356 3367 3391 σε
3398 3338 3505 3391 τῶν
3535 3338 3798 3407 πραγμά-

2220 3445 2327 3481 των
2361 3429 2394 3497 ἡ
2430 3429 2615 3497 πεῖρα,
2646 3427 2726 3479 ὅτι
2764 3428 2797 3496 ἠ
2832 3425 2927 3477 τοῦ
2957 3426 3093 3478 Θεοῦ
3126 3427 3246 3496 χείρ
3276 3428 3420 3478 ἐστιν
3453 3428 3487 3495 ή
3520 3426 3796 3494 περιφανῆ

2221 3515 2313 3569 τὸν
2354 3515 2560 3568 δίκαιον
2604 3512 2953 3578 καθιστῶσα;
2982 3513 3139 3576 Τίνος
3172 3509 3265 3566 οῦν
3293 3514 3475 3565 ἕνεκεν
3502 3506 3675 3565 δι”ῶν
3703 3510 3803 3563 τὸν

2221 3602 2429 3656 δίκαιον
2460 3599 2785 3659 ἀπελαύνεις
2808 3640 2822 3663 ,
2857 3600 2956 3669 τὴν
3002 3600 3139 3669 πρὸς
3186 3600 3275 3653 τὸν
3303 3601 3468 3653 αὐτοῦ
3516 3600 3799 3666 Δεσπότην

2222 3687 2613 3759 ἀγνωμοσύνην
2644 3686 3052 3748 ἑπιδείκνυσαι,
3103 3688 3197 3739 κα¹ι
3245 3687 3364 3739 οὐδέ
3398 3689 3432 3756 ἡ
3488 3686 3658 3756 πολλὴ
3700 3685 3799 3738 τοῦ

2222 3776 2412 3847 ἀνδρὸς
2433 3775 2703 3828 ἐπιείκεια
2726 3790 2791 3825 πε
2802 3773 3105 3844 ριγενέσθαι
3126 3773 3364 3843 ἠδυνήθη
3383 3774 3480 3842 τῆς
3503 3772 3800 3842 βασκανίας

2222 3864 2323 3932 τῆς
2351 3863 2469 3933 σῆς,
2494 3861 2605 3914 ἀλλ’
2629 3859 2885 3931 ἡττηθεὶς
2907 3858 3012 3911 ὐπὸ
3034 3858 3127 3912 τοῦ
3154 3860 3359 3924 πάθους
3383 3861 3462 3923 εἰς
3485 3860 3643 3931 ἔργον
3665 3860 3805 3926 ἀγα-

2224 3952 2342 4019 γεῖν
2372 3949 2618 4011 σπεύδεις
2634 3947 2726 4001 τὸν
2760 3946 2976 4016 φθόνον,
3015 3946 3108 4000 καὶ
3135 3946 3298 3999 πάλιν
3334 3947 3675 4017 μετανάστην
3702 3962 3800 4012 γεο

2224 4038 2411 4092 νέσθαι
2442 4034 2885 4107 παρασκευάζεις
2912 4036 3004 4089 τὸν
3045 4035 3197 4088 οὐδέν
3236 4052 3295 4087 σε
3324 4034 3651 4103 ἠδικηκότας
3686 4033 3806 4085 Οὐκ

2225 4123 2369 4189 οἶδας
2408 4127 2490 4179 ὅτι
2522 4125 2628 4178 κᾶν
2658 4126 2738 4188 είς
2768 4125 2936 4194 αὐτὴν
2989 4124 3087 4193 τὴν
3137 4123 3341 4193 ἔρημον
3373 4122 3626 4175 ἀπελθεῖν
3670 4138 3803 4173 κατ-

2226 4211 2745 4284 αναγκάσῃς,οῦτως
2768 4212 3071 4281 εὐμήχανον
3095 4210 3207 4280 ἔχει
3223 4211 3515 4281 Δεσπότην,
3537 4210 3613 4272 ὼς
3640 4209 3804 4261 κάκεῖ

2225 4302 2515 4371 γενόμενον
2535 4338 2550 4364 ,
2583 4297 2761 4369 πολλῷ
2788 4298 2947 4351 πλέον
2981 4300 3439 4368 περιφανέστερον
3470 4298 3631 4350 αὐτὸν
3664 4299 3804 4351 ἀπο·-

2225 4388 2429 4455 δεῖξαι;
2459 4387 2621 4441 Οὐδὲν
2647 4386 2755 4458 γάρ
2788 4386 3131 4457 ἰσχυρότερον
3158 4385 3253 4439 τοῦ
3286 4387 3385 4455 τῆς
3428 4386 3634 4440 ἄνωθεν
3664 4403 3803 4455 συμ-

2230 4476 2432 4546 μαχίας
2458 4475 2824 4536 ἀπολαύοντος
2842 4514 2856 4538 ,
2884 4472 3070 4547 ὥσπερ
3109 4474 3263 4527 οὐδὲν
3291 4475 3677 4544 ἀσθενέστερον
3703 4474 3802 4527 τοῦ

2226 4565 2325 4634 τῆς
2350 4563 2557 4616 ἐκεῖθεν
2590 4561 2837 4633 βοηθείας
2870 4562 3259 4633 ἠρημωμένον.
3334 4550 3341 4557 ’

2301 4651 2364 4722 β’.
2386 4646 2560 4713 Εἶδες,
2591 4649 2863 4718 ἀγαπητέ,
2890 4650 2982 4702 καὶ
3014 4650 3107 4702 τοῦ
3136 4649 3396 4719 βασιλέως
3420 4650 3676 4721 Γεράρων
3709 4656 3801 4709 καὶ

2230 4741 2446 4793 πάντων
2464 4738 2572 4790 τῶν
2593 4737 2778 4790 αὐτόθι
2799 4736 3092 4791 οἰκούντων
3110 4738 3211 4808 τῆς
3237 4738 3463 4808 γνώμης
3482 4739 3582 4807 τὴν
3607 4739 3807 4809 μοχθη-

2232 4828 2387 4899 ρίαν;
2421 4827 2563 4897 Ὅρα
2608 4822 2821 4877 καὶτοῦ
2870 4823 3080 4877 δικαίου
3112 4826 3211 4895 τὴν
3245 4825 3445 4895 πολλὴν
3476 4827 3803 4888 ἐπιείκειαν,

2230 4914 2347 4977 πῶς
2367 4914 2465 4965 οὐκ
2490 4911 2756 4981 ἐφρόνησε
2789 4909 2950 4980 μέγα,
2979 4912 3100 4965 οὐδέ
3128 4912 3270 4983 ὁρῶν
3293 4912 3382 4967 διὰ
3407 4914 3514 4965 τῶν
3544 4916 3805 4983 πραγμά-

2228 5021 2337 5056 των
2365 5001 2565 5070 πολλὴν
2607 5001 2699 5053 τοῦ
2734 5000 2871 5053 Θεοῦ
2902 5000 3001 5070 τὴν
3034 5003 3207 5074 ῥοπὴν
3234 5003 3363 5072 περὶ
3392 5002 3552 5055 αὐτὸν
3579 5004 3803 5073 γινομέ-

2230 5108 2351 5160 νην,
2380 5088 2742 5157 κατεξανέστη
2776 5088 2870 5141 τοῦ
2903 5089 3165 5158 βασιλέως
3188 5130 3202 5153 ,
3233 5094 3298 5160 τῇ
3330 5089 3424 5143 τοῦ
3457 5091 3806 5161 συμμαχοῦν-

2230 5196 2321 5240 τος
2343 5177 2490 5245 αὐτῴ
2517 5176 2742 5245 δυνάμει
2764 5176 3035 5239 πεποιθώς
3054 5192 3069 5206 ο
3094 5176 3229 5229 ἀλλά
3253 5178 3501 5249 καθάπερ
3530 5196 3611 5241 τις
3639 5180 3803 5249 ἀνὴρ,

2231 5266 2325 5319 καὶ
2360 5263 2833 5334 ἀπροστάτευτος,
2874 5263 2968 5316 καὶ
3015 5263 3310 5333 οὐδαμόθεν
3356 5265 3613 5335 οὐδεμιᾶς
3663 5267 3804 5319 ἀπο-

2230 5353 2409 5407 λαύων
2442 5350 2720 5436 βοηθείας,
2750 5350 2893 5403 οῦτω
2927 5352 3064 5421 μετά
3110 5350 3310 5421 πολλῆς
3352 5352 3452 5422 τῆς
3482 5355 3803 5417 ἐπιεικείας,

2231 5442 2350 5495 οὐδέ
2402 5440 2561 5515 μέχρι
2602 5437 2776 5505 λόγων
2807 5437 3104 5500 ἀντιτείνας
3129 5438 3205 5508 τῷ
3254 5440 3496 5509 βασιλεῖ,
3541 5443 3711 5496 ἐποίει
3742 5444 3807 5497 τὸ

2234 5532 2363 5600 παρ’
2395 5528 2560 5582 αὐτοῦ
2614 5527 2967 5597 κελευόμενον
2994 5566 3021 5591 ,,
3066 5530 3160 5583 καὶ
3206 5529 3408 5593 εὐθέως
3442 5532 3647 5584 ἐκεῖθεν
3698 5535 3806 5585 ἀπ-

2232 5620 2504 5678 ανίστηατο,
2539 5614 2632 5667 καὶ
2662 5613 2989 5684 πορρωτέρω
3017 5615 3322 5684 γενόμενος,
3350 5618 3671 5671 κατέστελλε
3709 5620 3806 5673 τοῦ

2236 5704 2437 5764 πάθους
2469 5700 2565 5771 τὴν
2598 5700 2788 5767 φλόγα,
2820 5700 2955 5768 ὁμοῦ
2984 5702 3076 5753 καὶ
3106 5703 3203 5772 τὴν
3235 5704 3677 5775 ὑπερϐάλλουσαν
3707 5709 3806 5760 αὐ·

2234 5791 2327 5844 τοῦ
2358 5789 2652 5841 ἐπιείκειαν
2674 5786 3075 5855 ἐνδεικνύμενος
3095 5827 3109 5852 ,
3133 5792 3382 5845 κάκείνου
3415 5788 3478 5845 τὸ
3505 5794 3675 5856 πάθος
3703 5813 3807 5847 πα-

2238 5876 2663 5949 ραμυθούμενος.
2701 5872 2810 5929 Καὶ
2835 5874 3105 5941 ἀπῆλθεν
3136 5878 3381 5946 ἐκεῖθεν,
3412 5881 3509 5935 καί
3541 5883 3805 5951 κατῴκη-

2296 5992 2320 6031 d
2348 5996 2561 6047 Quatuor
2586 6002 2698 6037 mss.
2724 5989 2801 6035 τὸν
2823 5987 2985 6049 ψόγον.
