4084 6356
241 382 349 441 ὃὸἿ

236 511 287 554 et
317 513 403 553 era
432 509 593 553 tecum
623 514 643 553 :
671 498 758 553 ille
788 499 839 552 in
868 498 1113 553 omnibus
1145 506 1250 553 tam
1280 502 1482 554 clarum
1508 515 1630 555 eum
1663 499 1818 566 fecit,

237 601 296 646 ut
316 608 423 646 non
446 591 614 646 multo
639 600 760 662 post
781 591 1030 645 invidiam
1055 602 1293 647 moveret
1316 593 1453 662 regis
1478 592 1839 665 Gerarorum.

233 681 491 738 Videntes
511 683 653 737 enim
672 682 789 751 ejus
815 682 1162 735 substantiam
1190 682 1428 753 quotidie
1453 684 1652 751 augeri,
1678 694 1821 737 metu

233 775 411 829 aﬂ‘ecti
442 785 564 828 sunt
585 774 725 843 quod
750 774 818 829 ibi
847 788 1027 828 secum
1058 774 1339 839 habitaret,
1363 783 1417 828 et
1447 774 1824 842 transmigrare

230 864 361 919 inde
386 873 699 935 coegerunt.
736 865 956 934 Dignum
985 874 1160 919 autem
1187 874 1287 929 est,
1319 873 1375 918 ut
1400 865 1510 933 ipsa
1536 864 1823 934 Scripturze

230 958 401 1013 verba
446 956 755 1019 audiamus,
788 965 845 1009 ut
883 971 978 1025 per
1005 957 1182 1009 omnia
1214 955 1482 1009 videamus
1519 955 1613 1009 Dei
1653 955 1822 1009 bene-

226 1046 543 1112 volentiam,
571 1061 729 1117 quam
762 1060 887 1116 erga
917 1044 1142 1100 famulos
1168 1059 1295 1099 suos
1321 1044 1573 1099 declarat.
1605 1045 1691 1099 12.
1723 1043 1822 1097 Se-

226 1141 441 1194 minauit
478 1149 680 1207 autem,
713 1139 917 1210 inquit,
950 1137 1101 1191 Isaac
1136 1138 1191 1191 in
1230 1148 1363 1191 terra
1399 1139 1520 1203 illa,
1552 1147 1597 1191 et
1633 1138 1821 1191 invenit

226 1233 579 1301 centuplicans
608 1230 852 1284 hordeum
872 1230 924 1282 in
950 1246 1082 1282 anno
1103 1230 1211 1282 illo.
1239 1228 1368 1283 Vide
1397 1229 1548 1294 mihi,
1573 1228 1816 1293 obsecro,

227 1324 329 1380 Dei
359 1322 702 1393 sapientiam,
734 1330 794 1376 ut
822 1320 1064 1376 ostendat
1090 1320 1233 1391 justo
1257 1333 1317 1374 se
1348 1327 1551 1373 natura:
1580 1318 1820 1373 condito-

228 1434 349 1474 rem
380 1432 522 1480 esse,
552 1425 606 1471 et
635 1416 687 1470 in
716 1415 876 1470 rebus
905 1413 1213 1469 difﬁcilibus
1240 1412 1411 1466 facilia
1438 1412 1613 1466 omnia
1645 1409 1820 1465 facere

227 1524 390 1580 posse
422 1526 436 1562 :
468 1523 532 1563 ac
567 1508 658 1577 qui
698 1507 766 1562 ab
804 1506 957 1560 initio
989 1514 1187 1558 terram
1217 1518 1316 1558 suo
1354 1502 1600 1557 mandato
1636 1501 1821 1556 fecerit

226 1604 478 1658 idoneam
499 1600 564 1655 ad
591 1598 940 1671 proferendos
966 1596 1188 1660 fructus,
1211 1595 1350 1650 idem
1378 1609 1518 1649 nunc
1541 1592 1738 1649 efficiat
1762 1603 1820 1648 ut

229 1694 561 1763 centuplices
590 1691 777 1746 reddat
816 1706 914 1761 pro
951 1689 1078 1743 satis
1109 1688 1406 1757 manipulos
1436 1701 1451 1740 :
1481 1686 1638 1740 simul
1671 1686 1820 1740 illum

225 1788 284 1842 in
316 1795 460 1841 tanta
492 1784 763 1839 affluentia
796 1781 1126 1837 constituens
1149 1821 1164 1846 ,
1202 1789 1262 1833 ut
1298 1779 1494 1833 nullius
1539 1778 1771 1848 indigeat
1801 1794 1815 1830 :

225 1890 389 1950 atque
418 1879 552 1934 alios
579 1892 674 1946 per
702 1890 863 1946 opera
894 1874 1123 1941 docens,
1156 1882 1351 1943 quanta
1384 1887 1612 1942 superna
1650 1872 1818 1941 gratia

225 1976 402 2044 jusms
429 1972 653 2026 fruatur.
685 1968 1037 2039 Omnipotens
1064 1967 1209 2021 enim
1235 1975 1290 2021 et
1314 1967 1526 2035 sapiens
1562 1965 1700 2019 Deus
1726 1978 1820 2032 per

226 2083 319 2122 res
343 2065 561 2121 easdem
596 2063 901 2133 frequenter
938 2058 1199 2114 benefacit
1235 2058 1378 2122 suis;
1407 2064 1462 2111 et
1484 2063 1634 2110 curat
1659 2055 1819 2109 etiam

228 2167 291 2212 ut
333 2158 368 2211 ii
412 2171 622 2226 quoque
665 2155 753 2225 qui
798 2153 972 2208 adhuc
1009 2152 1060 2204 in
1104 2164 1288 2205 errore
1324 2157 1634 2212 versantur,
1667 2160 1818 2200 suam

228 2254 485 2306 virtutem
526 2259 578 2303 et
623 2247 915 2319 potentiam
951 2243 1247 2298 addiscant.
1292 2241 1404 2296 Hoc
1449 2249 1634 2309 postea
1675 2247 1728 2292 et
1765 2237 1819 2291 in

229 2344 468 2415 Egypto
509 2341 631 2395 fecit
662 2356 675 2393 :
708 2340 811 2393 illis
839 2337 979 2393 enim
1013 2350 1197 2406 ptenas
1227 2331 1522 2402 irrogabat,
1550 2328 1819 2385 lsraelitas

228 2454 363 2493 vero
408 2437 604 2490 illaesos
651 2429 1022 2487 conservabat.
1070 2426 1355 2481 Discebant
1395 2423 1538 2478 enim
1582 2436 1686 2475 non
1727 2435 1814 2473 so-

229 2531 345 2586 lum
390 2544 485 2598 per
524 2526 942 2595 indignationem
983 2521 1116 2583 Dei,
1147 2533 1247 2588 qua
1289 2516 1386 2587 ipsi
1431 2513 1817 2584 puniebantur,

229 2620 474 2676 omnium
500 2617 716 2688 Opificis
741 2616 994 2669 virtutem
1015 2653 1031 2677 ,
1068 2610 1160 2665 sed
1188 2609 1346 2663 etiam
1376 2622 1471 2677 per
1503 2602 1820 2659 sollicitudi-

232 2729 358 2769 nem
394 2728 551 2782 quam
592 2710 647 2763 in
687 2707 805 2761 illos
831 2704 1132 2759 exhibebat.
1166 2701 1232 2755 Et
1258 2699 1453 2754 iterum
1478 2713 1582 2751 non
1609 2711 1674 2751 ex
1709 2694 1822 2749 sola

230 2805 562 2879 providentia
594 2812 647 2857 et
684 2799 1072 2861 sollicitudine,
1105 2810 1261 2866 quam
1288 2791 1711 2863 experiebantur,
1743 2788 1825 2843 di-

232 2900 460 2955 scebant
501 2897 769 2967 ingentem
807 2892 900 2946 Dei
930 2890 1220 2946 bonitatem
1250 2904 1266 2942 :
1296 2884 1390 2940 sed
1421 2884 1578 2937 etiam
1608 2896 1704 2950 per
1732 2895 1826 2935 eos

232 2992 431 3063 quibus
466 2987 702 3059 quotidie
742 2984 990 3039 videbant
1015 2989 1095 3036 tot
1126 2980 1304 3049 plagas
1331 2974 1572 3045 irrogari.
1602 2974 1704 3027 Per
1729 2986 1824 3026 ea-

233 3086 361 3139 dem
386 3083 529 3138 enim
556 3093 717 3149 opera
744 3087 797 3130 et
824 3075 954 3139 suis,
982 3082 1036 3128 et
1069 3067 1388 3125 adversariis
1418 3065 1684 3120 indicabat
1712 3077 1822 3117 suae

233 3176 489 3248 potentiae
535 3168 974 3241 magnitudinem.
1027 3163 1160 3218 Nam
1202 3162 1465 3216 elementa
1512 3159 1625 3226 ipsa
1669 3169 1822 3209 suum

233 3265 592 3324 ministerium
640 3271 695 3317 et
739 3258 1056 3329 obsequium
1098 3253 1371 3311 conservis
1420 3250 1821 3311 demonstrant,

234 3355 452 3428 quando
478 3354 735 3409 benevole
777 3351 1031 3405 Dominus
1056 3362 1178 3416 erga
1209 3345 1326 3398 illos
1352 3341 1602 3395 afﬁcitur.
1632 3339 1701 3393 Et
1726 3339 1827 3392 hoc

234 3450 424 3520 utique
462 3446 650 3501 viderit
690 3444 809 3514 quis
852 3442 977 3496 huic
1018 3439 1163 3509 justo
1210 3436 1538 3503 contingere.
1588 3431 1643 3485 ld
1683 3430 1825 3485 enim

234 3543 383 3615 quod
422 3540 618 3611 alioqui
663 3548 847 3592 natura
892 3544 1046 3590 terra:
1086 3547 1189 3586 non
1229 3528 1443 3594 habuit,
1478 3527 1579 3579 hoc
1612 3532 1828 3593 propter

239 3636 552 3693 mandatum
577 3632 943 3686 universorum
976 3626 1067 3681 Dei
1099 3638 1238 3678 nunc
1272 3620 1471 3691 profert
1494 3627 1638 3672 tanta
1666 3616 1826 3670 uber-

238 3738 380 3791 tate,
422 3735 478 3779 ut
515 3731 735 3795 repente
775 3720 926 3773 valde
965 3717 1155 3787 opibus
1197 3711 1471 3767 abundans
1507 3708 1726 3764 efl'ectus
1760 3705 1830 3760 sit

237 3818 408 3874 Isaac.
436 3815 698 3869 Benedimit
726 3812 888 3876 enim,
916 3808 1116 3878 inquit,
1148 3822 1257 3859 eum
1286 3803 1423 3857 Deus
1443 3845 1457 3868 ,
1490 3802 1577 3855 15.
1606 3809 1653 3853 et
1682 3797 1827 3852 exal-

238 3922 377 3966 tatus
400 3920 471 3965 est
497 3909 665 3973 homo,
689 3919 735 3962 et
761 3904 1036 3975 procedens
1061 3902 1225 3970 major
1245 3898 1412 3969 ﬁebat,
1439 3896 1595 3951 donec
1618 3909 1829 3964 magnus

238 4008 408 4075 factus
447 4013 516 4056 est
550 4000 718 4053 valde.
749 3998 879 4052 Nam
906 3996 1026 4067 quia
1057 4004 1182 4049 tunc
1211 3990 1531 4047 abundantia
1564 3988 1827 4058 justorum

238 4107 359 4153 erat
388 4097 440 4150 in
472 4094 743 4150 fertilitate
772 4102 927 4145 terra:
947 4131 962 4153 ,
991 4099 1045 4143 et
1071 4089 1122 4142 in
1154 4084 1491 4141 multitudine
1528 4096 1779 4151 pecorum
1812 4095 1826 4133 :

236 4201 523 4262 propterea
564 4188 723 4249 dicit,
759 4183 1021 4238 Benedixit
1049 4197 1162 4234 eum
1194 4179 1331 4235 Deus
1356 4219 1369 4243 ,
1400 4186 1445 4229 et
1479 4174 1729 4229 exaltatus
1758 4180 1832 4225 est

242 4286 398 4338 homo
420 4325 434 4349 ,
464 4281 514 4336 id
540 4290 622 4335 est
641 4321 656 4345 ,
685 4276 971 4332 abundavit
1000 4291 1014 4328 :
1043 4281 1096 4326 et;
1122 4287 1226 4325 non
1257 4268 1567 4339 simpliciter
1597 4263 1831 4320 abunda—

239 4378 355 4442 vit,
388 4373 483 4429 sed
513 4382 566 4427 et
596 4369 800 4441 Major,
830 4366 1040 4437 inquit,
1068 4365 1215 4434 ﬁebat
1243 4363 1397 4415 donec
1422 4373 1634 4429 magnus
1666 4357 1831 4425 factus

238 4480 316 4525 est
344 4467 508 4522 valde.
541 4463 833 4519 Considera
861 4460 1001 4516 enim
1031 4466 1285 4527 quantum
1326 4454 1432 4519 sit,
1473 4466 1569 4520 pro
1609 4449 1675 4504 iis
1713 4462 1831 4517 quae

240 4559 542 4616 seminabat
566 4555 873 4625 centuplum
902 4552 1164 4620 accipere.
1196 4545 1347 4615 Quod
1384 4544 1431 4599 si
1465 4543 1566 4597 hoc
1593 4541 1683 4597 tibi
1714 4556 1829 4595 ma-

241 4673 409 4730 gnum
438 4654 664 4718 videtur,
690 4648 965 4705 considera
995 4646 1307 4699 immensam
1338 4638 1428 4693 Dei
1456 4635 1794 4691 clementiam
1813 4674 1830 4700 ,

243 4726 408 4822 quam
433 4759 685 4818 processu
712 4740 966 4810 temporis
996 4751 1117 4806 erga
1146 4750 1242 4788 nos
1266 4728 1571 4786 declaravit.
1596 4728 1666 4782 lis
1690 4726 1834 4780 enim

244 4819 337 4915 qui
367 4849 487 4911 post
509 4840 623 4909 ejus
648 4835 936 4891 adventum
959 4832 1209 4884 virtutem
1237 4832 1506 4887 exercent,
1531 4838 1633 4876 non
1662 4819 1835 4874 solum

245 4932 558 5001 centuplum
597 4928 683 4982 hic
726 4922 1019 4994 promittit,
1048 4919 1140 4975 sed
1171 4927 1222 4972 et
1254 4918 1417 4971 vitam
1456 4926 1712 4967 aeternam
1735 4950 1748 4971 ,
1781 4918 1836 4963 et

246 5025 401 5095 regni
421 5022 673 5078 calorum
701 5014 1111 5088 possessionem.
1135 5008 1322 5063 Vidisti
1347 5004 1717 5060 liberalitatem
1739 5001 1839 5054 Do-

246 5118 418 5183 mini?
454 5114 633 5169 vidisti
663 5108 1027 5166 beneﬁcentia:
1055 5099 1434 5173 augmentum?
1462 5098 1640 5152 vidisti
1671 5110 1837 5165 quan-

250 5221 365 5266 tum
396 5207 551 5262 nobis
585 5205 804 5273 largitus
828 5210 911 5256 est
940 5194 1194 5267 unigeniti
1234 5192 1358 5247 Filii
1396 5188 1490 5245 Dei
1532 5185 1838 5242 adventus?

250 5300 521 5373 quomodo
548 5296 868 5352 ineffabilem
892 5304 1074 5347 rerum
1101 5284 1567 5341 commutationem
1590 5287 1839 5349 operatus

251 5371 377 5451 est?
417 5390 543 5446 ﬂare
582 5388 741 5458 igitur
779 5382 1141 5452 unusquisque
1175 5375 1311 5447 apud
1343 5389 1402 5429 se
1425 5371 1759 5443 expendens,
1788 5378 1840 5424 et

250 5487 442 5544 videns
466 5480 817 5538 differentiam
843 5478 983 5531 inter
1006 5489 1067 5528 ea
1091 5486 1207 5541 qua:
1233 5469 1334 5523 illis
1357 5476 1479 5520 ante
1503 5465 1684 5535 gratiae
1711 5473 1836 5516 tem-

253 5595 360 5652 pus
400 5574 639 5647 promitti
675 5570 948 5633 solebant,
979 5575 1033 5620 et
1075 5578 1136 5618 ea
1174 5575 1292 5631 qua:
1330 5572 1469 5611 nunc
1503 5564 1624 5652 post
1660 5552 1841 5652 gratia:

256 5646 490 5740 tempus,
518 5666 776 5739 glorificet
799 5661 960 5716 etiam
986 5659 1038 5712 in
1072 5655 1173 5710 hoc
1202 5654 1515 5708 immensam
1542 5646 1655 5717 ejus
1682 5646 1842 5740 mise-

258 5736 547 5823 ricordiam
566 5802 580 5825 ,
611 5766 667 5813 et
703 5769 772 5810 ne
802 5762 1096 5821 temporum
1134 5741 1412 5800 mutationi
1442 5748 1610 5793 totum
1644 5736 1843 5789 adscri-

261 5859 372 5923 bat.
404 5856 469 5921 At
497 5867 588 5924 par
616 5858 696 5907 est
722 5855 778 5902 ut
809 5841 877 5899 ad
914 5839 1109 5931 seriem
1149 5832 1411 5894 sermonis
1448 5828 1725 5889 redeamus
1744 5865 1760 5892 ,
1790 5833 1842 5880 ut

1277 386 1341 441 IN
1380 384 1529 442 CAP.
1568 386 1752 441 XXVI.
1797 385 2037 445 GENES.
2079 392 2309 450 llOMlL.
2350 395 2462 452 Lll.

1934 502 2204 561 videamus
2236 511 2501 579 quomodo
2541 512 2794 571 Gerareni
2840 518 3075 576 videntes
3111 524 3329 581 afﬂuere
3362 529 3507 597 justo

1926 608 2089 664 Opes,
2122 599 2173 652 in
2214 603 2605 659 aemulationem
2653 613 2922 674 provocati
2964 613 3177 682 abigere
3217 633 3338 672 eum
3384 621 3505 677 inde

1925 688 2100 741 conati
2126 702 2268 743 sunt.
2298 693 2387 753 14,
2418 692 2674 749 Αἰηιηιαιὶ
2695 709 2808 751 sunt
2834 702 2966 753 enim
2992 720 3119 765 eum,
3148 705 3334 773 inquit,
3364 708 3503 779 Phy-

1926 779 2115 832 listiim.
2148 782 2343 839 Deinde
2369 796 2665 843 monstrare
2697 792 2884 846 volens
2911 794 3180 864 Scriptura
3212 800 3418 865 divina,
3454 805 3504 857 in

1924 884 2030 938 quo
2050 873 2441 929 aemulationem
2460 877 2817 947 declararunt,
2843 885 3075 940 subdidit
3099 905 3111 939 :
3140 891 3223 944 l5.
3251 890 3315 943 Et
3336 910 3505 947 omnes

1925 970 2102 1028 puteos
2121 1004 2136 1029 ,
2163 980 2286 1034 quos
2311 965 2590 1033 effoderunt
2615 972 2742 1024 servi
2771 983 2991 1044 tempore
3011 980 3167 1046 patris
3193 997 3302 1049 ejus
3318 1023 3335 1049 ,
3363 982 3506 1036 obtu~

1921 1064 2181 1116 raverunt,
2213 1069 2259 1109 et
2288 1057 2618 1127 impleverunt
2646 1071 2799 1115 terra.

1995 1142 2195 1198 Invidia
2239 1146 2605 1204 Gerarenorum
2633 1166 2841 1220 quanta.
2868 1187 2930 1196 —-—
2957 1157 3245 1216 Considera
3293 1178 3486 1233 quanta

1924 1234 2135 1290 illorum
2160 1237 2453 1294 incolarum
2480 1243 2713 1310 malitia,
2741 1246 2832 1314 qui
2880 1257 2933 1301 et
2974 1264 3138 1318 aquas
3177 1253 3323 1320 justo
3365 1255 3500 1309 invi-

1923 1325 2087 1380 dent:
2120 1344 2291 1398 neque
2319 1346 2411 1385 rex
2436 1373 2451 1396 ,
2477 1334 2564 1401 qui
2606 1334 2657 1387 in
2686 1343 2828 1388 tanta
2876 1347 3136 1406 potestate
3178 1354 3331 1407 erat,
3366 1347 3502 1398 invi-

1921 1418 2062 1473 diam
2102 1421 2119 1451 ¹
2142 1422 2416 1477 continere
2456 1427 2659 1494 potuit;
2693 1427 2788 1482 sed
2833 1428 2961 1483 dicit
2993 1450 3005 1483 :
3042 1433 3129 1485 lG.
3158 1434 3252 1486 Abi
3288 1438 3499 1503 anobis,

1921 1514 2039 1581 quia
2071 1516 2319 1582 potentior
2344 1516 2483 1570 nobis
2504 1520 2667 1588 factus
2691 1536 2741 1573 es
2767 1522 2929 1575 valde.
2970 1523 3153 1594 Magna
3181 1526 3504 1583 malevolen-

1928 1604 2019 1657 tia.
2049 1604 2209 1673 Cujus
2235 1608 2402 1676 gratia
2430 1609 2596 1679 abigis
2613 1609 2814 1679 justum
2842 1614 2865 1665 ?
2896 1630 3020 1667 num
3048 1616 3220 1686 aliqua
3247 1619 3298 1672 in
3324 1634 3382 1673 re
3411 1620 3505 1675 tibi

1922 1696 2139 1749 nocuit?
2178 1712 2305 1751 num
2330 1698 2572 1766 injuriam
2595 1700 2815 1755 intulit?
2844 1702 2947 1757 Sed
2982 1705 3051 1758 ita
3087 1720 3147 1761 se
3178 1707 3335 1763 habet
3366 1710 3503 1764 invi-

1919 1787 2039 1851 dia;
2067 1788 2198 1843 nihil
2220 1806 2340 1844 cum
2368 1793 2574 1847 ratione
2603 1805 2872 1863 operatur.
2899 1798 3026 1852 Cum
3054 1800 3194 1853 enim
3233 1804 3503 1871 oportuis-

1920 1889 2002 1933 set
2020 1896 2164 1947 eum,
2191 1897 2347 1951 quem
2370 1884 2583 1938 videbat
2610 1896 2752 1941 tanta
2783 1891 3017 1943 omnium
3052 1893 3142 1947 Dei
3172 1893 3501 1950 benevolen-

1922 1971 1992 2026 tia
2036 1970 2321 2040 fruentem,
2350 1976 2517 2045 magis
2549 1976 2730 2032 fovere
2768 1989 2823 2032 et
2846 1981 3056 2047 colere,
3088 1994 3146 2038 ut
3195 1985 3398 2041 honore
3448 1987 3502 2044 in

1921 2062 2067 2117 illum
2096 2064 2290 2120 collato
2308 2105 2324 2129 ,
2352 2066 2510 2120 etiam
2538 2066 2652 2135 ipse
2672 2068 2905 2146 divinum
2932 2072 3029 2125 sibi
3057 2073 3294 2128 favorem
3322 2078 3503 2132 conci-

1922 2153 2075 2208 liaret
2107 2153 2238 2209 :ille
2278 2170 2383 2209 non
2415 2155 2588 2210 solum
2620 2156 2723 2212 hoc
2762 2174 2867 2212 non
2916 2160 3077 2227 facit,
3106 2164 3199 2217 sed
3241 2167 3504 2234 expellere

1923 2253 2090 2319 tentat
2119 2260 2181 2299 ac
2207 2245 2336 2300 dicit
2364 2263 2376 2298 :
2402 2246 2490 2301 16.
2523 2247 2618 2301 Abi
2659 2265 2690 2301 a
2719 2250 2880 2317 nobis,
2910 2252 3027 2320 quia
3072 2256 3228 2306 multo
3259 2256 3505 2322 potentior

1922 2339 2090 2406 factus
2111 2352 2182 2401 es,
2214 2352 2364 2405 quam
2384 2353 2476 2391 nos
2498 2354 2691 2392 sumus.
2721 2337 2797 2394 lta
2824 2355 2981 2409 agere
3018 2343 3155 2397 solet
3180 2345 3503 2408 invidentia;

1926 2442 2033 2480 non
2068 2436 2246 2495 potest
2284 2427 2511 2498 benigne
2562 2429 2742 2484 videre
2782 2431 3004 2485 aliorum
3033 2431 3380 2502 felicitatem,
3412 2437 3505 2491 sed

1925 2518 2231 2572 felicitatem
2255 2519 2481 2587 proximi
2509 2535 2660 2574 suam
2692 2530 2839 2589 putat
2864 2521 3248 2588 infelicitatem,
3278 2535 3331 2580 et
3361 2526 3506 2581 tabe-

1925 2609 2026 2661 scit
2056 2607 2208 2663 bonis
2233 2608 2462 2677 proximi
2487 2627 2499 2662 :
2529 2609 2582 2663 id
2603 2611 2745 2678 quod
2774 2620 2823 2665 et
2855 2611 2939 2666 hic
2965 2613 3172 2667 accidit.
3207 2614 3316 2669 Rex
3340 2618 3503 2681 enim,

1925 2699 2026 2754 sub
2044 2700 2195 2770 cujus
2224 2707 2482 2769 potestate
2509 2708 2615 2756 tota
2638 2702 2823 2756 civitas
2850 2713 2985 2769 erat,
3016 2714 3067 2758 et
3094 2705 3294 2760 habens
3322 2723 3506 2763 omnes

1926 2791 2025 2845 sub
2048 2806 2205 2844 manu
2236 2806 2351 2858 sua,
2383 2793 2685 2861 peregrino,
2718 2808 2871 2863 vago,
2904 2794 3006 2848 huc
3034 2805 3087 2849 et
3117 2796 3241 2851 illuc
3260 2800 3507 2868 migranti

1924 2884 2055 2939 dicit
2082 2884 2215 2939 :Abi
2237 2901 2267 2937 a
2291 2884 2433 2938 nobis
2457 2925 2470 2947 ,
2499 2885 2617 2956 quia
2660 2888 2908 2956 potentior
2933 2889 3098 2958 factus
3129 2905 3201 2953 es,
3228 2907 3376 2960 quam
3416 2909 3508 2945 nos

1926 2991 2115 3029 sumus.
2146 2973 2214 3028 Et
2251 2990 2375 3029 vere
2403 2975 2669 3044 potentior
2689 2984 2836 3042 erat,
2873 2992 3159 3047 supernum
3203 2983 3506 3050 prtesidinm

1929 3066 2131 3121 habens
2177 3066 2229 3121 in
2279 3065 2547 3135 omnibus,
2574 3066 2905 3138 dexteraque
2951 3069 3043 3124 Dei
3086 3071 3338 3124 munitus.
3392 3074 3507 3139 Quo

1928 3158 2088 3228 igitur
2121 3158 2289 3229 abigis
2311 3158 2512 3229 justum
2536 3158 2559 3211 ?
2584 3160 2798 3229 ignoras
2836 3160 2975 3230 quod
3012 3177 3345 3232 quocumque
3387 3179 3506 3217 eum

1927 3251 2005 3305 ire
2029 3251 2288 3321 coegeris,
2326 3265 2538 3321 semper
2560 3251 2661 3305 erit
2690 3251 2741 3304 in
2764 3251 2829 3305 iis
2852 3268 2970 3321 qurc
3002 3252 3210 3306 Domini
3237 3253 3318 3306 sui
3343 3256 3507 3307 sunt?

1930 3358 2033 3396 non
2062 3341 2244 3396 docuit
2287 3351 2340 3397 te
2378 3359 2558 3397 rerum
2587 3343 2913 3411 experientia
2936 3384 2949 3406 ,
2980 3343 3072 3397 Dei
3123 3359 3338 3397 manum
3367 3359 3506 3408 esse,

1928 3448 2047 3502 qum
2074 3433 2334 3487 illustrem
2362 3433 2485 3487 facit
2513 3441 2567 3487 et
2594 3442 2875 3487 conservat
2893 3432 3094 3502 justum
3116 3435 3331 3502 ?Quare
3354 3436 3509 3501 igitur

1927 3521 2191 3593 abigendo
2215 3522 2442 3592 justum,
2475 3538 2598 3593 erga
2646 3523 2927 3578 Dominum
2974 3523 3091 3593 ejus
3146 3534 3199 3579 te
3240 3530 3508 3593 ingratum

1934 3612 2212 3668 declaras?
2235 3624 2289 3667 et
2313 3629 2484 3683 neque
2508 3628 2698 3684 magna
2720 3614 2819 3667 viri
2850 3614 3201 3668 mansuetudo
3228 3621 3370 3667 tuam
3408 3615 3507 3668 do-

1929 3721 2078 3761 mare
2105 3704 2278 3776 potuit
2318 3705 2592 3772 invidiam,
2624 3705 2717 3760 sed
2748 3705 2919 3759 victus
2954 3721 2983 3759 a
3025 3705 3231 3767 morbo,
3259 3705 3508 3759 invidiam

1930 3814 2093 3869 opere
2113 3798 2370 3867 comples,
2399 3806 2454 3852 et
2479 3797 2668 3852 iterum
2696 3797 2924 3865 migrare
2968 3812 3089 3850 eum
3119 3796 3294 3865 cogis,
3322 3797 3410 3866 qui
3454 3812 3509 3851 in

1930 3892 2078 3946 nullo
2100 3899 2150 3945 te
2176 3890 2348 3943 laesit?
2375 3888 2561 3944 Nescis
2579 3888 2719 3957 quod
2751 3888 2873 3942 licet
2903 3888 2955 3941 in
2988 3888 3305 3957 ipsissimam
3329 3888 3512 3942 solitu-

1930 3983 2110 4038 dinem
2140 3996 2263 4034 eum
2302 3979 2517 4050 fugaris,
2548 3978 2709 4033 habet
2738 3987 2912 4033 tamen
2956 3979 3025 4032 ita
3054 3979 3304 4034 solertem
3334 3979 3511 4034 Domi-

1931 4090 2078 4141 num,
2103 4084 2159 4128 ut
2177 4088 2237 4128 se
2256 4073 2338 4127 vel
2360 4072 2467 4126 illic
2486 4078 2784 4126 versantem
2803 4070 2969 4125 multo
2989 4070 3265 4123 clariorem
3288 4069 3512 4125 reddere

1933 4167 2135 4239 possit?
2151 4166 2290 4222 Nihil
2308 4165 2447 4220 enim
2466 4164 2731 4219 robustius
2749 4178 2813 4218 eo
2828 4165 2913 4233 qui
2933 4162 3121 4217 fruitur
3140 4177 3370 4231 superno
3383 4178 3510 4232 prae-

1932 4261 2067 4317 sidio
2091 4276 2105 4313 :
2129 4261 2266 4314 sicut
2282 4258 2410 4312 nihil
2424 4257 2680 4312 infirmius
2696 4272 2762 4312 eo
2774 4256 2860 4325 qui
2883 4256 2966 4309 tali
2982 4255 3175 4308 auxilio
3188 4254 3509 4309 destituitur.

2002 4352 2059 4405 2.
2102 4349 2249 4405 Nihil
2274 4349 2525 4403 robustius
2549 4365 2604 4402 eo
2629 4363 2781 4415 quem
2819 4346 2954 4399 Deus
2983 4346 3151 4416 juvat.
3178 4375 3251 4385 -—-
3279 4344 3468 4399 Vidisti
3492 4386 3506 4407 ,

1935 4444 2153 4510 dilecte,
2183 4452 2238 4498 et
2256 4442 2396 4513 regis
2419 4442 2771 4504 Gerarorum,
2802 4446 2855 4493 et
2884 4438 3119 4492 omnium
3141 4437 3230 4507 qui
3258 4436 3328 4491 ibi
3364 4437 3514 4490 habi-

1937 4536 2121 4590 tabant
2140 4533 2333 4589 mentis
2361 4531 2653 4586 malitiam?
2679 4528 2810 4584 Vide
2837 4537 2891 4582 et
2913 4527 3038 4596 justi
3086 4541 3329 4596 magnam
3359 4541 3513 4579 Illall-

1934 4626 2290 4690 suetudinem,
2320 4622 2588 4694 quomodo
2618 4635 2723 4675 non
2758 4618 3069 4689 superbivit,
3119 4632 3290 4687 neque
3328 4616 3513 4672 videns

1936 4720 2110 4789 reipsa
2135 4716 2371 4771 divinam
2402 4712 2501 4767 sibi
2529 4714 2753 4782 gratiam
2782 4709 3069 4775 assistere,
3102 4716 3285 4762 contra
3311 4722 3514 4778 regem,

1937 4810 2103 4866 fretus
2126 4804 2524 4863 commilitantis
2550 4803 2768 4868 virtute,
2796 4800 3079 4854 iosurrexit
3104 4815 3116 4850 :
3143 4799 3235 4853 sed
3261 4798 3409 4867 quasi
3436 4799 3518 4851 vir

1939 4901 2081 4956 omni
2114 4897 2407 4970 patrocinio
2434 4908 2643 4958 carens,
2675 4902 2730 4947 et
2759 4891 2962 4945 nullum
2992 4888 3244 4942 auxilium
3273 4887 3518 4941 alicunde

1939 5000 2272 5062 exspectans,
2307 4986 2471 5041 multa
2497 5000 2618 5039 cum
2650 4980 3074 5044 mansuetudine,
3108 4994 3175 5033 ne
3199 4977 3373 5033 verbis
3397 4978 3517 5047 qui-

1939 5088 2061 5142 dem
2088 5086 2339 5139 resistens
2359 5120 2373 5144 ,
2428 5078 2652 5133 faciebat
2674 5074 2815 5146 quod
2841 5073 2941 5129 sibi
2966 5088 2997 5126 a
3024 5087 3146 5141 rege
3178 5070 3521 5141 praecipieba-

1943 5190 2027 5233 tur
2051 5220 2065 5243 ,
2096 5186 2149 5231 ct
2177 5175 2352 5230 statim
2381 5172 2524 5227 illinc
2552 5169 2798 5225 discessit
2823 5186 2835 5222 :
2863 5178 2913 5221 et
2940 5166 3161 5221 ulterius
3183 5178 3518 5234 progressus,

1943 5268 2197 5339 repressit
2239 5262 2563 5335 aegritudinis
2616 5260 2883 5314 flammam
2910 5298 2925 5317 .
2969 5255 3127 5309 simul
3175 5262 3230 5309 ct
3268 5253 3516 5308 eximiam

1942 5378 2091 5417 suam
2122 5357 2575 5414 mansuetudinem
2605 5352 2902 5417 declarans,
2921 5359 2975 5405 et
2999 5348 3137 5402 illius
3157 5346 3518 5416 perturbatum

1944 5454 2177 5509 animum
2206 5452 2472 5519 mitigans.
2508 5447 2594 5499 l7.
2629 5444 2695 5497 Et
2745 5442 2867 5495 abiit
2920 5439 3054 5503 inde,
3100 5446 3145 5490 et
3188 5435 3429 5489 habitavit
3464 5435 3520 5488 in

1942 5548 2071 5603 valle
2098 5544 2425 5599 Gerarorum.
2472 5539 2538 5593 Et
2566 5536 2618 5590 id
2643 5532 2784 5606 quod
2829 5529 3098 5600 discipulis
3124 5528 3235 5582 suis
3272 5525 3520 5581 omnibus

1944 5639 2188 5696 Christus
2224 5633 2514 5689 adveniens
2548 5626 2807 5698 praecipit,
2836 5623 3057 5677 dicens:
3090 5612 3306 5686 Quando
3352 5631 3519 5686 perse-

1946 5740 2156 5805 quentur
2193 5745 2300 5794 vos,
2344 5725 2499 5796 fugite
2545 5722 2598 5774 in
2626 5720 2782 5771 alium
2818 5717 2983 5770 locum
3026 5711 3237 5785 (Matth.
3262 5710 3349 5768 10.
3378 5709 3468 5779 25)
3501 5725 3514 5763 :

2007 5831 2023 5863 ¹
2060 5836 2261 5889 Quatuor
2284 5832 2412 5887 Mss,
2436 5817 2825 5885 increpationem.
