4084 6356
608 399 713 456 459

606 511 705 563 hoe
731 509 816 563 ille
840 509 947 577 jam
973 506 1219 575 operibus
1244 506 1541 560 exhibebat.
1572 506 1635 558 Et
1661 506 1799 559 sicut
1829 504 1989 558 David
2023 505 2156 558 Saft-

609 602 672 655 iis
695 616 935 669 magnam
960 599 1207 651 invidiam
1238 596 1588 665 reprimebat,
1616 595 1872 649 secedens
1890 607 1944 649 et
1968 594 2166 649 subdu-

600 706 727 743 eens
748 705 825 752 se,
854 698 908 743 et
940 689 1077 742 illius
1105 687 1451 756 refrigerabat
1486 686 1728 739 ardorem
1757 686 1830 757 (l.
1865 683 1991 752 Reg.
2024 683 2124 751 l9)
2150 699 2162 734 :

599 782 786 836 eodem
813 796 939 834 sane
961 780 1118 834 modo
1137 788 1193 834 et
1212 780 1383 847 justus
1408 779 1494 832 ille
1521 779 1866 847 apostolicum
1910 776 2037 831 illud
2068 778 2167 830 im-

596 876 771 944 plebat
794 893 808 927 :
837 872 969 927 Date
994 875 1158 925 locum
1178 874 1267 926 ἅνω
1297 871 1467 942 (Rom.
1489 871 1575 925 1‘2.
1602 870 1688 939 19)
1716 886 1729 921 :
1759 879 1813 925 et
1838 870 2017 924 relicta
2039 869 2165 921 civi-

594 976 720 1029 tate.
749 966 877 1021 exiit
894 968 952 1030 in
975 966 1186 1019 vallem.
1213 966 1473 1019 Caeterum
1510 964 1627 1019 vide
1651 974 1897 1032 quantam
1926 962 2031 1016 illic
2060 962 2160 1016 ite-

592 1074 711 1112 rum
764 1056 1218 1112 mansuetudinem
1258 1072 1366 1124 prae
1407 1070 1466 1109 se
1502 1056 1638 1109 tulit.
1685 1054 1865 1123 Neque
1906 1055 2045 1108 enim
2078 1054 2163 1109 hic

591 1150 712 1203 fluis
737 1149 832 1202 fuit
860 1149 1217 1202 molestiarum
1248 1163 1261 1200 :
1292 1162 1415 1200 nam
1440 1161 1557 1200 cum
1589 1146 1744 1201 etiam
1774 1146 1877 1199 illic
1904 1157 2043 1200 esset
2064 1188 2078 1206 ,
2107 1154 2161 1200 et

590 1242 764 1296 fontes
779 1241 1010 1296 ell'odere
1028 1240 1204 1304 vellet,
1226 1240 1367 1294 rixas
1386 1247 1681 1293 moverunt.
1708 1238 1793 1293 18.
1818 1237 1972 1292 Fodit
1993 1239 2156 1301 enim,

590 1334 779 1401 inquit,
803 1342 1012 1401 puteos,
1041 1348 1163 1398 quos
1207 1342 1323 1383 ante
1364 1331 1505 1399 pueri
1547 1332 1703 1398 patris
1748 1332 1855 1400 ejus
1897 1332 2153 1398 fecerant,

585 1434 633 1477 et
662 1424 1008 1477 obturaverunt
1036 1422 1345 1491 Phylistiim,
1376 1432 1423 1474 et
1443 1422 1675 1490 imposuit
1702 1422 1771 1474 eis
1797 1422 2019 1484 nomina,
2046 1437 2159 1490 qua:

585 1527 729 1585 pater
752 1533 871 1569 suus
899 1516 1223 1581 imposuerat.
1262 1513 1345 1567 19.
1378 1512 1441 1567 Et
1469 1514 1723 1583 foderunt,
1756 1514 1924 1581 inquit
1952 1554 1965 1576 ,
2015 1514 2155 1581 pueri

584 1606 753 1671 Isaac,
785 1618 831 1658 et
864 1607 1149 1658 invenerunt
1187 1615 1388 1673 puteum
1432 1620 1575 1669 aqua:
1616 1604 1820 1657 viventis
1858 1619 1876 1658 :
1910 1604 2008 1657 hoc
2036 1613 2151 1669 est,

581 1698 768 1750 subtus
794 1696 1143 1750 scaturientis.
1174 1695 1265 1747 20.
1298 1694 1362 1747 Et
1386 1695 1703 1764 litigaverunt
1732 1704 1957 1764 pastores
1996 1693 2153 1748 Gera-

579 1804 770 1849 rorum,
806 1786 1020 1839 dicentes
1047 1802 1163 1839 suas
1189 1802 1295 1838 esse
1320 1801 1496 1853 aquas.

640 1876 983 1929 Mansuetudo
1003 1891 1117 1929 vera
1136 1890 1266 1944 qum.
1284 1874 1537 1929 Patientia
1556 1874 1743 1929 Isaaci.
1756 1875 1923 1930 —Hic
1943 1890 2150 1945 quoque

576 1968 707 2022 nihil
747 1966 1022 2020 cantendit
1063 1967 1272 2033 justus,
1303 1982 1472 2034 neque
1496 1967 1817 2029 obluctatur,
1845 1967 1937 2021 sed
1987 1968 2146 2021 etiam

575 2058 875 2126 pastoribus
904 2057 1063 2110 cedit.
1086 2058 1209 2111 llaec
1236 2058 1378 2112 enim
1408 2073 1533 2111 vere
1550 2058 1899 2113 mansuetudo
1920 2068 2022 2122 est,
2043 2075 2146 2113 non

574 2150 788 2217 quando
816 2149 937 2217 quis
962 2148 1195 2202 offensus
1223 2165 1251 2201 a
1283 2132 1666 2219 potentioribus
1696 2162 1971 2205 mansuete
2001 2150 2101 2205 fert
2129 2170 2142 2205 :

570 2238 662 2291 sed
694 2238 902 2308 quando
924 2238 1042 2307 quis
1087 2239 1155 2292 ab
1182 2239 1247 2293 iis
1289 2240 1448 2294 etiam
1479 2240 1567 2308 qui
1599 2240 1873 2295 inferiores
1897 2250 2146 2309 putantur

570 2330 802 2385 olTeusus
832 2331 972 2385 cedit
1000 2348 1013 2383 :
1038 2340 1163 2386 tunc
1193 2331 1334 2385 enim
1360 2331 1475 2400 ejus
1502 2333 1592 2399 qui
1612 2331 1877 2386 invaditur
1895 2348 2144 2386 mansue-

570 2420 735 2474 tudini
761 2431 923 2474 totum
952 2422 1269 2477 adscribitur
1296 2439 1307 2475 :
1342 2438 1465 2477 nam
1492 2422 1622 2477 alias
1643 2423 1843 2477 diceret
1863 2424 1999 2491 quis,
2022 2439 2142 2477 eum

569 2513 1023 2566 mansuetudinem
1050 2513 1331 2567 simulasse
1355 2555 1370 2579 ,
1400 2515 1521 2582 quia
1559 2529 1663 2567 non
1697 2522 1874 2582 posset
1898 2516 2143 2583 potentia:

568 2603 881 2657 offendentis
910 2604 1175 2657 resistere.
1209 2603 1313 2658 Sed
1344 2613 1399 2658 ut
1427 2606 1601 2658 discas
1626 2619 1745 2659 eum
1765 2605 1872 2673 regi
1894 2605 2139 2672 cessisse,

567 2710 672 2747 non
696 2704 907 2763 pr0pter
926 2696 1212 2763 potentiam
1235 2694 1348 2764 ejus
1372 2737 1387 2760 ,
1420 2695 1513 2751 sed
1545 2712 1640 2750 suo
1665 2712 1812 2751 more
1845 2708 2091 2767 agentem
2126 2714 2138 2750 :

567 2784 688 2839 vide
718 2785 985 2853 quomodo
1009 2785 1146 2839 idem
1175 2786 1312 2853 apud
1333 2796 1567 2854 pastores
1598 2786 1769 2841 faciat.
1799 2787 1865 2841 Et
1889 2788 2026 2842 sicut
2054 2788 2142 2841 ille

568 2881 801 2945 dicebat,
832 2879 1028 2933 Recede
1077 2898 1109 2933 a
1152 2882 1293 2935 nobis
1325 2898 1342 2935 :
1374 2890 1427 2935 et
1482 2883 1681 2947 statim,
1725 2882 1878 2951 quasi
1923 2891 2142 2950 accepto

564 2976 850 3036 mandato,
888 2974 1180 3029 abscessit:
1205 2976 1276 3028 ita
1314 2983 1368 3029 et
1394 2990 1562 3038 nunc,
1592 2976 1890 3044 pastoribus
1946 2976 2140 3030 laedere

564 3066 927 3133 cupientibus,
958 3074 1012 3119 et
1065 3073 1281 3134 puteum
1320 3066 1420 3118 sibi
1468 3066 1885 3131 vindicantibus,
1917 3066 2136 3121 recedit.

568 3157 742 3223 Atque
788 3165 844 3208 ut
889 3165 1146 3225 perpetuo
1170 3155 1306 3209 hanc
1334 3156 1647 3225 injustitiam
1676 3159 1871 3210 scirent
1918 3159 2134 3224 posteri,

562 3260 753 3299 nomen
779 3245 1001 3312 imponit
1023 3255 1180 3314 puteo
1206 3262 1271 3299 ex
1300 3261 1365 3300 eo
1385 3246 1527 3314 quod
1553 3247 1832 3301 acciderat.
1855 3248 2137 3303 Enimvero

569 3338 689 3405 quia
722 3335 1052 3389 manifestam
1080 3336 1404 3389 admiserant
1432 3336 1762 3405 injustitiam,
1795 3336 2000 3390 Vocavit
2042 3355 2137 3390 no-

562 3442 675 3477 men
704 3426 839 3495 putei
863 3466 878 3489 ,
911 3424 1033 3478 Loci
1081 3426 1346 3494 iujustitia.
1385 3426 1452 3480 Et
1496 3436 1610 3481 erat
1638 3438 1819 3496 postea
1839 3469 1852 3493 ,
1882 3429 2031 3498 quasi
2083 3429 2135 3482 in

566 3516 811 3569 columna
833 3530 991 3576 aerea,
1024 3515 1249 3583 posteris
1281 3531 1470 3569 nomen
1501 3515 1602 3570 loci
1632 3517 1871 3572 doctrina
1907 3527 1961 3572 et
1988 3534 2134 3573 man-

561 3605 857 3659 suetudinis
880 3606 1039 3673 justi,
1074 3613 1127 3659 et
1157 3606 1447 3675 iniquitatis
1475 3607 1707 3662 illorum.
1754 3608 1960 3663 Nomen
1988 3612 2132 3665 enim

558 3695 657 3750 loci
691 3697 931 3761 faciebat,
979 3706 1036 3751 ut
1057 3697 1295 3767 quisquis
1324 3706 1535 3766 rogaret
1560 3714 1845 3768 quarenam
1874 3701 1951 3754 sic
1974 3716 2134 3754 voca-

556 3798 723 3852 retur,
754 3787 983 3843 disceret
1011 3797 1065 3842 et
1108 3788 1263 3857 hujus
1305 3789 1554 3843 virtutem
1580 3831 1596 3856 ,
1624 3800 1679 3843 et
1708 3790 1973 3860 ingentem
2011 3792 2132 3845 illo-

553 3892 671 3933 rum
714 3878 989 3932 malitiam.
1030 3877 1649 3947 Animadverte,quteso,
1672 3880 1939 3949 quomodo
1969 3881 2129 3935 etiam

558 3969 645 4023 hic
672 3986 820 4023 suam
843 3978 1031 4038 augeat
1054 3966 1322 4033 virtutem.
1352 3986 1448 4040 per
1471 3972 1647 4025 omnia
1673 3973 2129 4028 mansuetudinem

553 4074 704 4113 suam
740 4060 996 4113 exhibens
1023 4102 1038 4125 ,
1068 4069 1121 4115 et
1152 4060 1225 4113 illi
1256 4061 1452 4130 ingenti
1490 4064 1746 4131 nequitia,
1776 4065 1933 4119 etiam
1981 4066 2129 4119 inviti

551 4151 750 4219 justum
782 4151 1126 4206 illustriorem
1172 4150 1397 4206 reddere
1443 4161 1704 4222 satagant.
1754 4153 1935 4223 Neque
1986 4155 2128 4209 enim

551 4242 785 4297 contenti
814 4241 875 4294 iis
895 4257 1014 4310 qua:
1049 4241 1303 4307 fecerant,
1330 4251 1605 4311 postquam
1634 4243 1793 4295 alium
1831 4243 2130 4299 effoderunt

550 4342 788 4403 puteum,
829 4332 1019 4385 iterum
1062 4333 1279 4398 instant,
1310 4334 1587 4402 rixamque
1610 4342 1842 4387 movent.
1874 4334 1965 4387 2L
1992 4333 2128 4387 Pro-

552 4425 709 4493 fectus
736 4424 896 4485 enitn,
925 4423 1115 4491 inquit,
1142 4423 1302 4488 illinc,
1336 4424 1464 4494 fodit
1495 4434 1698 4491 puteum
1726 4424 1884 4477 alium
1911 4442 1929 4479 :
1955 4426 2126 4495 litiga-

554 4519 672 4569 bant
694 4526 859 4569 autent
889 4516 1039 4568 etiam
1060 4515 1121 4567 de
1147 4514 1259 4581 illo,
1286 4526 1331 4568 et
1358 4517 1778 4581 nominaviteum,
1802 4516 2123 4572 Inimicitias.

550 4608 649 4662 llic
677 4608 867 4661 iterum
890 4608 1253 4663 animadverte
1275 4608 1401 4678 justi
1426 4610 1780 4677 prudentiam.
1812 4610 1925 4665 Non
1955 4613 2127 4665 omni-

548 4715 620 4754 no
672 4708 906 4768 puteum,
933 4708 989 4751 ut
1036 4699 1262 4763 videtur,
1307 4700 1660 4767 abstulerant,
1693 4702 1785 4755 sed
1835 4703 2125 4757 contende-

546 4792 675 4845 bant
724 4808 739 4843 :
785 4800 839 4844 et
892 4791 1003 4844 visa
1056 4790 1337 4844 manifesta
1391 4791 1687 4860 injustitia,
1741 4792 2122 4849 discesserunt.

546 4884 831 4953 PrOpterea
864 4882 1167 4937 Inimicitias
1193 4899 1313 4937 eum
1336 4886 1637 4954 appellavit,
1664 4886 1805 4955 quod
1828 4887 2125 4941 inimicitia-

541 4992 659 5030 rum
691 4977 875 5030 fuisset
905 4978 1133 5031 occasio.
1166 4976 1430 5031 Craterum
1462 4979 1697 5047 quotidie
1733 4980 2119 5049 propemodum

544 5068 666 5119 talia
695 5066 872 5121 ferens
899 5066 966 5120 ab
997 5066 1061 5121 iis
1085 5067 1175 5136 qui
1205 5069 1473 5135 regionem
1506 5069 1837 5133 incolebant,
1870 5088 1976 5124 non
2000 5087 2125 5139 gra-

543 5160 705 5213 vatim
730 5161 867 5225 tulit,
899 5175 1002 5213 non
1034 5160 1241 5229 ahjecto
1270 5161 1366 5215 fuit
1395 5162 1596 5227 animo,
1628 5178 1732 5215 non
1756 5164 2007 5232 cogitavit
2034 5180 2122 5219 se-

541 5266 685 5316 cum,
708 5265 880 5320 neque
907 5250 1039 5304 dixit
1065 5269 1078 5304 :
1110 5252 1242 5305 Ecce
1270 5267 1336 5305 ne
1384 5264 1662 5321 puteorum
1691 5254 1901 5323 quidem
1942 5264 1998 5308 ut
2023 5258 2123 5310 sim

543 5342 809 5405 dominus,
840 5341 967 5396 mihi
994 5342 1151 5395 datur
1192 5361 1205 5396 :
1245 5358 1312 5395 an
1337 5359 1444 5396 non
1469 5360 1707 5417 superno
1726 5346 1930 5398 auxilio
1955 5347 2121 5400 desti-

543 5443 688 5486 tutus
709 5450 823 5487 sum
845 5434 867 5486 ?
887 5449 953 5487 an
986 5450 1090 5487 non
1130 5434 1384 5488 Dominus
1413 5435 1616 5504 abjccta
1645 5452 1770 5490 cura
1794 5438 1895 5491 mei
1928 5439 2123 5493 oblitus

544 5524 667 5577 est?
705 5524 847 5578 Nihil
891 5525 1155 5594 ejusmodi
1200 5527 1286 5580 vel
1338 5526 1472 5581 dixit
1520 5528 1605 5581 vel
1659 5530 1909 5597 cogitavit
1963 5549 1977 5585 :
2028 5533 2121 5586 sed

544 5614 721 5668 omnia
749 5631 937 5685 magna
964 5630 1083 5670 cum
1121 5618 1527 5673 mansuetudine
1549 5619 1822 5685 toleravit,
1848 5630 1900 5673 et
1925 5620 2123 5676 idcirco

547 5707 739 5774 dignus
760 5707 856 5762 fuit
884 5708 1117 5775 habitus,
1148 5709 1238 5778 qui
1264 5709 1507 5779 ampliori
1538 5709 1716 5765 divino
1744 5711 1939 5765 auxilio
1968 5713 2120 5781 adju-

546 5807 775 5852 varetur.
823 5799 951 5855 Nam
984 5816 1097 5857 nare
1122 5815 1238 5872 quae
1267 5810 1579 5870 evenerunt,
1604 5804 1933 5872 exercitatio,
1960 5814 2016 5860 ut
2044 5806 2114 5859 ita

1306 395 1362 450 S.
1402 392 1678 449 JOANNIS
1701 394 2172 451 CHRYSOSTOMI
2203 394 2519 450 ARCHIEP.
2548 395 3074 453 CONSTANTINOP.

3742 401 3841 456 ια

2276 504 2469 568 dicam,
2494 508 2700 561 virtutis
2734 508 2863 577 justi
2902 510 3069 564 fuere.
3105 510 3240 565 Dicit
3262 513 3400 566 enim
3427 529 3439 564 :
3462 512 3551 567 22.
3583 512 3852 583 Profectus

2274 594 2433 660 illinc,
2461 598 2587 665 fodit
2614 608 2817 665 puteum
2852 601 3029 665 alium,
3079 611 3125 654 et
3163 617 3263 654 non
3301 605 3656 657 contenderunt
3696 622 3852 675 super

2273 686 2361 738 illo
2388 702 2407 739 :
2436 696 2481 739 et
2502 692 2838 758 agnominavit
2865 709 3042 745 nomen
3062 695 3169 763 ejus
3192 733 3207 758 ,
3236 692 3597 759 Latitudinem,
3628 696 3800 751 dicens
3828 714 3851 752 :

2276 774 2407 840 Quia
2432 794 2563 830 nunc
2584 779 2811 834 dilatavit
2832 798 2924 835 nos
2950 781 3200 836 Dominus
3220 824 3235 849 ,
3265 793 3311 837 et
3336 801 3555 839 crescere
3594 804 3686 841 nos
3729 788 3851 856 fecit

2270 884 2421 935 super
2453 878 2661 923 terram.

2340 957 2393 1010 5.
2436 957 2620 1011 Gratus
2639 963 2835 1015 animus
2863 960 3055 1015 Isaaci.
3094 962 3231 1018 Deus
3259 966 3409 1034 exigit
3433 975 3488 1019 ut
3508 968 3698 1037 gratias
3719 984 3847 1039 aga-

2268 1064 2396 1100 mus.
2418 1079 2489 1089 —
2513 1049 2644 1105 Vide
2658 1060 2862 1120 gratum
2889 1055 3121 1109 animum
3146 1056 3294 1126 justi.
3315 1057 3445 1113 Nam
3480 1074 3600 1114 cum
3636 1063 3849 1130 priores

2266 1136 2438 1193 fontes
2458 1138 2684 1209 diripere
2699 1151 3088 1206 tentarent,non
3105 1161 3244 1215 aegre
3256 1149 3389 1212 tulit,
3410 1165 3514 1204 non
3533 1151 3844 1208 obluctatus

2266 1240 2344 1281 est
2368 1246 2381 1282 :
2404 1230 2496 1283 sed
2511 1232 2559 1283 in
2578 1233 2686 1287 sola
2707 1242 2979 1301 puteorum
3002 1238 3355 1305 appellatione
3378 1242 3591 1296 malitia:
3619 1245 3841 1299 illorum

2265 1320 2597 1377 iudelebilem
2612 1326 2818 1395 reliquit
2837 1330 3161 1383 memoriam.
3184 1330 3280 1385 Hic
3295 1347 3420 1387 vero
3433 1335 3552 1403 quia
3570 1337 3713 1390 nulla
3730 1338 3849 1393 fue-

2264 1422 2382 1465 runt
2409 1414 2700 1479 obstacula,
2722 1417 2813 1471 sed
2838 1432 2960 1473 cum
2989 1422 3133 1475 omni
3161 1424 3403 1478 libertate
3430 1425 3698 1482 laboribus
3729 1432 3846 1483 suis

2262 1501 2360 1556 frui
2380 1502 2543 1567 licuit,
2568 1515 2732 1559 totum
2763 1507 2943 1561 tribuit
2974 1510 3099 1563 Deo.
3128 1510 3511 1581 Vocaviteuim,
3531 1514 3723 1586 inquit,
3747 1538 3846 1587 pst-

2260 1600 2391 1644 teum
2411 1594 2573 1656 illum,
2597 1594 2929 1651 Latitudinem
2954 1615 2973 1652 .'
3000 1610 3053 1653 et
3072 1600 3261 1656 deinde
3283 1603 3653 1672 interpretatus
3678 1624 3841 1661 voca-

2259 1682 2437 1737 bulum
2457 1727 2470 1746 ,
2502 1684 2629 1740 chit
2658 1706 2670 1738 :
2703 1688 2923 1757 Propter
2978 1692 3077 1745 hoc
3109 1692 3461 1749 Latitudinem
3507 1712 3665 1764 voco,
3703 1700 3841 1766 Quia

2258 1773 2482 1829 dilatavit
2524 1776 2767 1833 Dominus
2810 1791 2858 1833 et
2886 1783 3028 1835 auxit
3057 1801 3147 1837 nos
3190 1803 3340 1852 super
3386 1798 3586 1842 terram.
3645 1791 3839 1847 Vidisti

2257 1866 2396 1933 piam
2430 1876 2681 1934 mentem,
2709 1871 2975 1938 quomodo
3022 1888 3127 1927 non
3170 1874 3306 1929 facta
3347 1879 3615 1934 mentione
3657 1892 3839 1936 tanta-

2255 1974 2372 2012 rum
2398 1959 2759 2015 diflicultatum
2798 1980 2915 2033 qua:
2962 1966 3295 2031 obstiterant,
3326 1969 3584 2026 bonorum
3628 1984 3838 2029 tantum

2253 2050 2510 2113 meminit,
2546 2060 2600 2106 et
2629 2068 2723 2120 pro
2756 2054 2859 2108 illis
2902 2057 3102 2122 gratias
3130 2058 3238 2111 Deo
3262 2061 3405 2129 agit,
3435 2063 3626 2117 etdicit
3652 2083 3663 2115 :
3701 2066 3840 2131 Quia

2252 2138 2480 2193 dilatavit
2504 2140 2747 2196 Dominus
2768 2161 2877 2210 nos,
2909 2156 2955 2197 et
2982 2147 3125 2199 auxit
3146 2164 3238 2202 nos
3264 2166 3417 2218 super
3436 2155 3659 2207 terram?
3688 2156 3837 2210 Nihil

2256 2231 2397 2284 enim
2437 2240 2543 2285 tam
2586 2244 2860 2303 acceptum
2888 2235 3018 2302 Deo,
3043 2246 3098 2290 ut
3122 2239 3295 2292 anima
3346 2250 3492 2310 grata
3536 2251 3593 2296 et
3637 2246 3840 2313 gratias

2255 2335 2438 2389 agens.
2485 2322 2617 2377 Nam
2687 2340 2807 2379 cum
2884 2326 3176 2382 innumeris
3247 2329 3525 2387 beneliciis
3594 2336 3839 2403 quotidie

2250 2427 2434 2469 omnes
2464 2431 2560 2468 nos
2587 2426 2964 2487 prosequatur,
3006 2420 3120 2473 sive
3163 2421 3391 2475 velimus
3416 2422 3533 2478 sive
3558 2427 3790 2482 nolimus
3814 2469 3832 2492 ,

2250 2504 2364 2559 sive
2389 2520 2451 2559 ea
2479 2506 2708 2561 sciamus
2736 2509 2846 2562 sive
2890 2510 3213 2578 ignoremus,
3244 2512 3373 2565 nihil
3409 2523 3585 2569 tamen
3609 2516 3756 2570 aliud
3800 2534 3835 2572 a

2250 2596 2401 2651 nobis
2421 2598 2605 2667 exigit,
2645 2614 2801 2668 quam
2831 2609 2887 2653 ut
2922 2600 3211 2657 habeamus
3234 2604 3454 2671 gratiam
3482 2621 3579 2674 pro
3615 2607 3677 2659 iis
3714 2624 3837 2676 quas

2248 2688 2401 2741 nobis
2428 2702 2682 2743 concessa
2714 2699 2855 2757 sunt,
2884 2702 2941 2745 ut
2964 2708 3059 2761 pro
3088 2692 3174 2745 illa
3205 2694 3315 2762 ipsa
3344 2696 3633 2764 gratiarum
3664 2700 3836 2751 actio-

2250 2794 2316 2833 ne
2346 2780 2413 2833 ad
2439 2782 2694 2850 ampliora
2719 2782 2891 2837 danda
2924 2798 3261 2852 provocetur.
3290 2786 3401 2840 Hoc
3428 2798 3482 2841 ut
3515 2792 3686 2856 scias,
3715 2792 3837 2846 vide

2249 2870 2518 2938 quomodo
2539 2874 2715 2940 justus
2745 2873 2834 2927 ille
2861 2876 2997 2943 grati
3022 2875 3305 2930 admodum
3340 2879 3502 2932 animi
3527 2896 3683 2934 causa
3731 2884 3828 2936 de-

2245 2976 2353 3014 nuo
2378 2975 2666 3029 supernum
2696 2966 2951 3018 meruerit
2984 2966 3174 3019 visum.
3207 2967 3337 3022 Nam
3360 2972 3608 3038 quoniam
3639 2974 3824 3027 condi-

2244 3066 2405 3121 gnum
2435 3066 2545 3106 sua:
2569 3054 2775 3108 virtutis
2804 3056 3071 3122 specimen
3102 3058 3437 3124 exhibuerat,
3462 3069 3517 3113 et
3541 3062 3680 3129 apud
3722 3062 3828 3116 Ge-

2244 3159 2486 3212 rarenos,
2513 3155 2567 3199 et
2590 3162 2709 3199 cum
2738 3162 2828 3201 rex
2850 3162 2973 3201 eum
2999 3149 3311 3217 expelleret,
3336 3160 3389 3204 et
3415 3166 3546 3212 cum_
3582 3161 3827 3219 pastores

2244 3249 2432 3307 puteos
2453 3238 2723 3292 auferrent
2750 3256 2764 3291 :
2797 3240 3053 3309 benignus
3086 3243 3340 3295 Dominus
3361 3243 3522 3297 veluti
3540 3247 3828 3298 cootirma-

2244 3336 2392 3381 turus
2418 3329 2533 3397 ejus
2561 3329 2924 3396 alacritatem,
2954 3332 3063 3399 jam
3094 3332 3163 3385 ob
3202 3333 3462 3403 insignem
3491 3334 3634 3388 illam
3668 3352 3817 3388 man-

2241 3420 2574 3473 Suetudinem
2623 3436 2740 3473 eum
2785 3431 3058 3488 acceptum
3099 3420 3345 3477 habens:
3390 3434 3671 3492 postquam
3729 3426 3822 3481 ‘25.

2242 3509 2477 3563 Ascendit
2523 3511 2663 3563 illinc
2706 3510 2773 3562 ad
2823 3523 3027 3581 puteum
3061 3514 3338 3581 juramenti
3362 3557 3374 3578 ,
3406 3515 3495 3569 ⁸24.
3526 3518 3662 3569 uisus
3684 3521 3827 3571 estcs'

2240 3600 2486 3654 Dominus
2512 3602 2563 3654 in
2587 3612 2729 3655 nocte
2752 3602 2862 3669 illa,
2887 3613 2932 3656 et
2948 3604 3075 3656 dixit
3099 3622 3117 3658 :
3145 3603 3255 3675 Ego
3271 3622 3383 3657 sum
3406 3606 3542 3659 Deus
3568 3608 3825 3660 Abraham

2240 3696 2396 3764 patris
2424 3695 2515 3759 tui,
2548 3712 2609 3748 ne
2632 3695 2805 3748 timeas
2838 3711 2856 3749 :
2880 3706 3041 3748 tecum
3062 3699 3191 3750 enim
3213 3714 3345 3760 sum,
3368 3709 3413 3751 et
3434 3697 3723 3751 benedicam
3749 3710 3823 3764 te,

2238 3796 2285 3839 et
2312 3786 2653 3855 multiplicabo
2676 3802 2845 3840 semen
2896 3796 3036 3839 tuum
3092 3797 3293 3856 propter
3319 3788 3573 3841 Abraham
3626 3799 3825 3857 patrem

2237 3886 2397 3929 tuum.
2443 3876 2589 3931 Visus
2640 3886 2711 3930 est
2753 3878 2819 3941 ei,
2856 3877 3045 3946 inquit,
3077 3878 3129 3930 in
3168 3889 3313 3930 nocte
3358 3878 3470 3931 illa.
3525 3879 3822 3934 Considera

2237 3966 2331 4020 Dei
2358 3967 2763 4021 sollicitudinem
2788 3984 2800 4019 :
2834 3977 2891 4021 ut
2920 3968 3067 4021 illum
3099 3969 3360 4023 refocillet
3389 3986 3453 4023 ac
3484 3971 3820 4025 lidentiorem

2236 4058 2442 4123 reddat,
2472 4068 2693 4128 apparet
2718 4058 2785 4123 ei,
2816 4070 2869 4113 et
2893 4059 3053 4113 dicit:
3091 4060 3197 4129 Ego
3241 4078 3352 4113 sum
3393 4060 3530 4114 Deus
3556 4062 3818 4114 Abraham

2235 4150 2394 4221 patris
2423 4150 2519 4212 tui,
2554 4161 2755 4219 patrem
2784 4159 2928 4203 tuum
2969 4150 3257 4219 glorificavi
3285 4161 3338 4205 et
3374 4151 3510 4204 adeo
3553 4151 3825 4206 celebrem

2236 4240 2476 4307 reddidi,
2534 4257 2597 4295 ac
2653 4243 2983 4310 peregrinum
3041 4242 3404 4311 advenamque
3475 4242 3820 4297 illustriorem

2233 4333 2479 4386 omnibus
2506 4333 2692 4387 incolis
2717 4331 2840 4387 feci.
2879 4334 2987 4402 Ego
3005 4348 3122 4387 sum
3155 4333 3244 4386 ille
3268 4374 3282 4397 ,
3311 4334 3398 4402 qui
3428 4332 3576 4387 .hunc
3597 4334 3668 4387 ita
3697 4350 3820 4388 cre-

2232 4442 2383 4482 scere
2404 4429 2601 4491 curavi,
2626 4439 2679 4482 et
2702 4428 2752 4481 in
2791 4428 3036 4481 omnibus
3090 4443 3271 4481 curam
3324 4428 3441 4495 ejus
3501 4428 3665 4497 gessi.
3708 4428 3824 4497 Ego

2234 4536 2389 4575 sum:
2421 4520 2500 4572 Ne
2531 4522 2686 4589 igitur
2706 4522 2898 4575 timeas.
2930 4520 3063 4586 Quid
3085 4520 3183 4574 sibi
3206 4520 3479 4585 vultillud,
3504 4520 3586 4573 Ne
3607 4520 3825 4575 timeas?

2232 4611 2307 4666 Ne
2332 4613 2422 4665 tibi
2465 4615 2657 4667 mirum
2683 4614 2926 4668 videatur
2945 4613 3085 4683 quod
3135 4613 3202 4666 ab
3254 4614 3565 4668 Abimelech
3610 4614 3685 4667 sis
3727 4631 3823 4669 cx-

2232 4703 2432 4772 pulsus,
2465 4704 2602 4773 quod
2631 4720 2659 4756 a
2692 4705 2990 4772 pastoribus
3020 4705 3094 4758 sis
3150 4703 3341 4773 injuria
3385 4704 3627 4758 affectus.
3656 4704 3819 4759 Multa

2233 4797 2354 4850 talia
2385 4807 2437 4850 et
2464 4806 2611 4865 pater
2638 4804 2758 4850 tuus
2785 4797 3020 4865 pertulit,
3045 4805 3101 4851 et
3136 4796 3258 4851 inde
3283 4796 3563 4866 gloriosior
3598 4796 3818 4851 eﬂ‘ectus

2231 4896 2331 4939 est.
2390 4886 2467 4940 Nc
2524 4887 2682 4949 igitur
2705 4886 2805 4941 hoc
2843 4896 2894 4941 te
2932 4895 3167 4941 terreat:
3201 4885 3311 4957 Ego
3336 4888 3466 4940 enim
3493 4902 3652 4941 tecum
3682 4906 3815 4941 sunt.

2233 4978 2430 5033 Idcirco
2454 4978 2566 5032 huic
2597 4979 2707 5031 fieri
2735 4980 3002 5047 permitto,
3036 4980 3192 5032 simul
3231 4979 3415 5032 volens
3445 4990 3500 5033 et
3531 4980 3817 5034 declarare

2232 5079 2373 5123 tuam
2400 5071 2648 5122 virtutem
2673 5108 2688 5133 ,
2718 5079 2771 5122 et
2798 5070 3125 5124 manifestari
3170 5072 3365 5123 mentis
3393 5070 3607 5124 illorum
3640 5072 3816 5139 pravi-

2231 5170 2411 5224 tatem,
2437 5168 2492 5212 ut
2516 5159 2703 5213 horum
2732 5160 2971 5213 omnium
3009 5173 3169 5213 causa
3213 5169 3266 5213 te
3304 5174 3589 5224 coronem;
3623 5160 3814 5212 Tecum

2230 5253 2360 5305 enim
2388 5268 2518 5304 sum.
2553 5250 2676 5306 ldeo
2724 5262 2778 5304 et
2827 5251 3053 5305 invictus
3081 5252 3207 5315 eris,
3233 5260 3391 5319 atque
3443 5250 3816 5304 inl‘estantihus

2230 5345 2514 5414 potentior,
2549 5354 2602 5396 et
2633 5342 3004 5397 invadentibus
3035 5341 3242 5398 fortior.
3273 5342 3339 5396 Et
3383 5352 3581 5395 tantam
3610 5343 3683 5395 tui
3715 5358 3812 5395 cu-

2229 5452 2344 5491 ram
2397 5436 2620 5500 habebo,
2658 5446 2715 5490 ut
2760 5435 3049 5489 invidiosus
3094 5434 3198 5488 illis
3241 5436 3315 5489 sis
3368 5433 3579 5488 futurus
3637 5451 3650 5485 :
3702 5433 3817 5504 Ego

2230 5532 2362 5584 enim
2393 5539 2551 5583 tecum
2592 5547 2704 5582 sum
2730 5570 2745 5595 ,
2778 5539 2823 5583 et
2862 5529 3151 5581 benedicam
3180 5538 3225 5581 te
3248 5570 3262 5593 ,
3287 5538 3333 5581 et
3360 5526 3705 5597 multiplicabo
3730 5543 3813 5579 se-

2229 5636 2343 5672 men
2395 5630 2535 5672 tuum
2562 5630 2763 5691 propter
2792 5619 3045 5672 Abraham
3070 5630 3262 5688 patrem
3291 5629 3451 5670 tuum.

2298 5712 2437 5765 Deus
2457 5729 2546 5765 cur
2566 5729 2617 5765 se
2642 5712 2775 5763 dicat
2796 5710 2961 5763 Deum
2987 5710 3279 5762 Abrahami.
3307 5738 3376 5747 —
3402 5706 3690 5761 Considera
3722 5707 3811 5759 he-

2231 5807 2539 5877 nignitatem
2585 5805 2698 5860 Dei.
2730 5803 2861 5860 Nam
2906 5812 3180 5873 postquam
3207 5803 3370 5869 dixit,
3396 5800 3505 5871 Ego
3534 5816 3645 5853 sunt
3673 5798 3815 5853 Deus
