4084 6356
239 341 351 396 459

238 475 360 516 σἐν
383 457 455 512 ἐν
487 457 560 526 τῇ
590 457 845 528 φάραγγι
880 458 1176 525 Γεράρων.
1218 461 1326 512 Καὶ
1368 461 1505 529 ὅπερ
1540 462 1567 511 ὁ
1597 459 1826 530 Χριστὸς

239 543 689 612 παραγενόμενος
703 545 816 605 τοῖς
840 541 1106 611 μαθηταῖς
1131 543 1432 595 ἐνετέλλετο
1454 544 1831 611 λέγων,”υταν

239 626 545 679 δίώκωσιν
571 624 727 693 ὑμᾶς
745 665 760 687 ,
787 625 1037 693 φεύγετε
1063 624 1296 691 ἑτέρωθι
1317 667 1332 689 ,
1363 627 1524 680 10510
1561 632 1654 681 καὶ
1680 624 1832 691 οὗτος

240 709 349 779 ἤδη
376 709 463 761 διὰ
487 707 594 760 τῶν
624 709 801 779 ἔργων
835 708 970 778 ἐπλή
982 725 1094 778 ρου,
1124 708 1235 760 Καί
1265 710 1515 780 καθάπερ
1550 711 1713 764 Δαυῒδ
1739 712 1830 764 τοῦ

242 791 422 844 Σαοὺλ
457 791 546 844 τὸν
575 790 742 843 πολὺν
782 790 974 859 φθόνον
1005 790 1384 844 καταστέλλων
1411 831 1425 853 ,
1455 792 1542 845 διὰ
1571 794 1668 863 τῆς
1701 795 1834 846 ἀνα-

242 876 544 946 χωρήσεως
569 875 761 927 ἑαυτὸν
789 874 1095 942 ύπεξάγων,
1117 875 1322 928 ἐκείνου
1351 875 1449 945 τὴν
1480 877 1678 947 πολλὴν
1702 895 1835 948 παρ·

242 953 506 1021 εμυθείτο
540 954 847 1022 φλεγμονὴν
871 967 884 982 ο
915 953 1008 1004 τὸν
1042 953 1206 1005 αὐτὸν
1255 953 1319 1024 δὴ
1356 956 1555 1024 τρόπον
1584 957 1678 1009 καὶ
1701 958 1730 1009 ὁ
1753 956 1836 1008 δί-

245 1053 407 1097 καιος
421 1030 575 1098 0510;
591 1037 830 1106 ἐπλήρου
851 1035 913 1088 τὸ
929 1036 1282 1090 ἀποστολικὸν
1295 1041 1470 1090 ἐκεῖνο
1481 1038 1681 1107 λόγιον,
1697 1041 1836 1092 Δότε

245 1119 443 1171 τόπον
484 1117 558 1186 τῇ
592 1119 738 1188 ὀργῇ
767 1135 779 1149 ·
812 1119 904 1172 καὶ
939 1119 1253 1174 καταλιπὼν
1290 1120 1387 1192 τὴν
1433 1121 1588 1175 πόλιν
1621 1121 1834 1191 ἐξῆλθε,

251 1196 408 1268 [508]
433 1199 598 1266 φησὶν
620 1239 634 1262 ,
667 1201 726 1250 ἐν
753 1201 822 1269 τῇ
852 1199 1119 1270 φάραγγι.
1165 1199 1304 1251 Ἀλλ’
1333 1202 1434 1272 δρα
1472 1201 1636 1253 αὐτὸν
1681 1202 1841 1254 κάκεῖ

252 1282 399 1350 μετά
422 1281 624 1350 πολλῆς
643 1282 742 1352 τῆς
768 1283 1067 1345 ἐπιεικείας
1093 1282 1193 1352 τὴν
1221 1281 1468 1335 ἔνστασιν
1492 1283 1837 1353 ἐνδεικνύμε-

249 1381 366 1416 νον.
397 1364 533 1416 Οὐδέ
559 1364 666 1435 γάρ
694 1363 854 1436 μέχρι
879 1365 1069 1418 τούτου
1093 1365 1222 1433 ἔστη
1241 1366 1309 1418 τὰ
1330 1365 1497 1429 δεινὰ,
1523 1366 1657 1419 ἀλλά
1681 1369 1842 1419 κάκεῖ

250 1448 535 1518 γενομένῳ
564 1448 660 1500 καὶ
708 1448 776 1500 τά
809 1449 1020 1520 φρέατα
1052 1449 1308 1518 ἀνορύξαι
1337 1449 1644 1520 βουλομένῳ
1674 1451 1842 1520 μάχε-

255 1531 386 1582 σθαι
411 1530 748 1602 ἐπεχείρουν.
772 1531 986 1598 Ὠρυξε
1011 1531 1140 1602 γὰρ,
1167 1532 1319 1601 φησὶ,
1338 1533 1409 1585 τὰ
1430 1534 1675 1600 φρέατα,
1695 1533 1843 1598 ἅπερ

253 1615 425 1688 ἦσαν
438 1622 491 1672 οἱ
509 1617 720 1684 παῖδες
737 1618 842 1672 τοῦ
861 1619 1086 1686 πατρὸς
1113 1620 1298 1673 αὑτοῦ
1319 1621 1734 1688 πεποιηκότες,
1746 1621 1844 1674 καὶ

255 1704 601 1774 ἐνέφραξαν
611 1705 764 1758 αὐτὰ
774 1709 826 1759 οί
846 1706 1217 1774 Φυλιστιεὶμ,
1234 1706 1328 1759 καὶ
1340 1706 1711 1774 ἐπέθηκεναύ
1723 1706 1851 1771 τοῖς

259 1793 337 1845 τὰ
352 1793 633 1860 ὀνόματα,
659 1791 811 1860 ἅπερ
826 1788 903 1862 ἦν
926 1795 958 1845 ὁ
984 1792 1180 1861 πατὴρ
1200 1793 1442 1860 ἐπιθείς.
1463 1796 1571 1848 Καὶ
1588 1793 1844 1862 ὤρυξαν,

260 1881 522 1950 φησὶν,οί
563 1879 776 1944 παῖδες
817 1881 1036 1943 Ἰσαὰκ,
1080 1881 1176 1935 καὶ
1197 1878 1380 1950 εὗρον
1415 1881 1600 1950 φρέαρ
1631 1882 1850 1947 ὕδατος

262 1962 522 2029 ζῶντος,
587 1965 710 2016 ἀντὶ
776 1963 876 2016 τοῦ
903 2006 916 2027 ,
977 1965 1224 2018 κάτωθεν
1275 1965 1684 2030 ἀναϐλύζοντος.
1743 1965 1852 2020 Καὶ

264 2121 470 2176 αὐτῶν
489 2117 640 2175 εἶναι
660 2121 727 2174 τὸ
757 2121 931 2190 ὕδωρ.

357 2205 470 2258 Καὶ
522 2204 641 2258 οὐδέ
703 2203 936 2258 ἐνταῦθα
989 2204 1284 2274 φιλονεικεῖ
1342 2207 1370 2258 ὁ
1434 2207 1676 2272 δίκαιος,
1735 2207 1854 2260 οὐδέ

266 2289 590 2351 ἀντιτείνει,
673 2288 803 2342 ἀλλά
863 2289 959 2341 καὶ
1029 2291 1141 2352 τοῖς
1229 2290 1448 2359 ποιμέσι
1513 2295 1851 2364 παραχωρεῖ.

267 2374 444 2427 Τοῦτο
473 2371 582 2441 γάρ
651 2371 862 2442 ἀληθῶς
901 2371 1203 2437 ἐπιείκεια,
1257 2373 1352 2443 οὐχ
1395 2375 1522 2426 ὅταν
1570 2393 1654 2438 τις
1709 2375 1856 2445 παρά

266 2457 380 2510 τῶν
417 2458 474 2508 ἐν
525 2455 814 2526 δυναστεία
866 2455 1222 2525 ἀδικούμενος
1285 2456 1424 2526 φέρῃ
1496 2459 1704 2526 πράως,
1741 2457 1856 2511 ἀλλ’

268 2541 403 2592 ὅταν
432 2539 526 2591 καὶ
557 2540 661 2592 ὑπὸ
700 2540 808 2591 τῶν
853 2539 1222 2608 νομιζομένων
1267 2539 1671 2610 ὑποδεεστέρων
1717 2537 1857 2594 εἶναι

271 2622 712 2694 ἐπηρεαζόμενος
737 2625 1040 2692 παραχωρῇ
1065 2639 1077 2649 ·
1098 2621 1330 2674 ἐνταῦθα
1356 2622 1582 2692 μὲνγὰρ
1605 2626 1668 2693 τῇ
1697 2627 1860 2676 ἐπιει-

272 2709 400 2778 κείᾳ
451 2707 516 2760 ἄν
556 2725 640 2769 τις
679 2706 739 2758 τὸ
773 2708 880 2760 πᾶν
912 2706 1189 2774 λογίσαιτο
1237 2705 1332 2758 τοῦ
1380 2708 1856 2778 ἐπηρεαζομένου’

273 2793 394 2844 ἐκεῖ
419 2791 474 2844 δέ
510 2793 639 2854 ἴσως
673 2809 754 2853 τις
788 2791 968 2852 εἴποι,
1013 2791 1100 2844 διὰ
1132 2791 1192 2843 τὸ
1225 2791 1298 2861 μὴ
1337 2791 1593 2845 δύνασθαι
1624 2793 1859 2846 ἀντιτεί-

274 2893 390 2928 νειν
531 2875 818 2946 δυναστείᾳ
862 2875 955 2927 τοῦ
1004 2875 1358 2946 ἠδικηκότος,
1409 2875 1508 2946 τὴν
1557 2878 1861 2929 ἐπιείκειαν

276 2959 702 3011 ἐπιδείκνυσθαι.
749 2957 885 3010 Ἀλλ’
919 2958 1005 3010 ἵνα
1043 2957 1219 3030 μάθῃς
1264 2959 1345 3010 ὅτι
1381 2960 1474 3010 καὶ
1509 2961 1600 3012 ἐπὶ
1631 2959 1726 3012 τοῦ
1768 2960 1865 3030 βα-

277 3043 498 3105 σιλέως,
519 3043 578 3094 οὐ
604 3041 691 3095 διὰ
717 3041 813 3112 τὴν
837 3041 1044 3094 ἐκείνου
1072 3039 1410 3104 δυναστείαν,
1436 3042 1746 3109 ἐπεδείξατο
1765 3043 1864 3112 τὴν

277 3127 614 3190 ἐπιείκειαν,
657 3125 792 3178 ἀλλά
827 3124 916 3178 διά
947 3124 1037 3178 τὸν
1075 3124 1504 3195 οἰκεῖον-τρόπον
1524 3165 1539 3188 ,
1571 3127 1673 3195 δρα
1702 3126 1864 3179 αὐτὸν

279 3212 376 3263 καὶ
397 3210 490 3262 ἐπὶ
515 3209 623 3262 τῶν
646 3208 916 3278 ποιμένων
942 3207 1002 3261 τὸ
1026 3207 1156 3260 αὐτὸ
1187 3208 1459 3260 ποιοῦντα.
1478 3209 1586 3261 Καὶ
1611 3207 1865 3280 καθάπερ

279 3294 487 3356 ἐκεῖνος
515 3293 975 3360 ἐλεγεν,”Απελθε
995 3288 1095 3359 ἀφ’
1125 3287 1309 3358 ἡμῶν,
1329 3291 1421 3343 καὶ
1449 3289 1669 3354 εὐθέως,
1693 3291 1864 3344 καθά-

282 3393 389 3447 περ
447 3377 729 3445 ἐπίταγμα
768 3375 1088 3444 δεχόμενος,
1139 3374 1518 3443 ὑπανεχώρει·
1570 3373 1714 3428 οὑτω
1770 3375 1866 3428 καὶ

281 3460 400 3524 νῦν,
421 3459 531 3512 τῶν
562 3459 832 3528 ποιμένων
859 3457 1183 3527 ἐπηρεάζειν
1211 3456 1647 3528 ἐπιχειρούντων,
1683 3459 1776 3511 καὶ
1805 3457 1867 3512 τὸ

284 3544 460 3614 φρέαρ
490 3542 908 3610 οἰκειουμένων,
948 3541 1283 3609 παραχωρεῖ.
1318 3541 1426 3592 Καὶ
1477 3540 1564 3592 ἵνα
1613 3541 1867 3612 διηνεκὴς

355 3622 468 3687 τοῖς
504 3625 643 3695 μετά
666 3623 836 3676 ταῦτα
864 3623 896 3692 ή
927 3623 1125 3688 γνῶσις
1151 3622 1249 3690 τῆς
1274 3620 1511 3686 ἀδικίας,
1544 3622 1712 3692 ὄνομα
1747 3625 1867 3676 ἐπι-

283 3710 467 3778 τίθησι
493 3707 570 3778 τῷ
599 3707 792 3777 φρέατι
817 3708 880 3758 ἐκ
910 3705 1004 3758 τοῦ
1037 3704 1460 3775 συμϐεϐηκότος.
1506 3706 1721 3778 Ἐπειδὴ
1759 3709 1869 3777 γὰρ

286 3792 528 3861 φανερὰν
568 3789 911 3854 ἐπεδείξαντο
939 3789 1035 3857 τὴν
1067 3787 1278 3840 ἀδικίαν
1299 3807 1330 3849 ,ι
1348 3786 1629 3842 Ἐκάλεσε
1651 3827 1666 3853 ,
1711 3792 1865 3859 φησι,

284 3878 353 3928 τὸ
384 3875 570 3942 ὄνομα
587 3873 694 3926 τοῦ
727 3872 1001 3941 φρέατος,
1039 3873 1232 3924 Τόπου
1261 3871 1480 3925 ἀδικία.
1514 3871 1617 3926 Καὶ
1647 3869 1716 3943 ἦν
1755 3872 1865 3926 λοι-

288 3947 392 4012 πὸν
421 3960 670 4028 καθάπερ
701 3959 758 4008 ἐν
785 3955 954 4027 στήλῃ
984 3955 1157 4024 χαλκῇ
1191 3955 1252 4007 τὸ
1277 3954 1446 4025 ὄνομα
1475 3956 1568 4008 τοῦ
1597 3958 1763 4010 τόπου
1791 3959 1866 4009 δι-

285 4039 556 4095 δασκαλία
586 4039 699 4100 τοῖς
743 4035 871 4104 ἑξῆς
914 4036 1007 4087 καὶ
1035 4034 1136 4103 τῆς
1163 4032 1256 4086 τοῦ
1308 4035 1516 4088 δικαίου
1545 4037 1866 4102 ἐπιεικείας,

288 4126 384 4179 καὶ
408 4124 506 4192 τῆς
531 4120 754 4173 ἐκείνων
775 4117 1187 4188 ἀγνωμοσύνης.
1225 4116 1297 4170 Τὸ
1325 4117 1432 4188 γάρ
1460 4118 1629 4189 ὄνομα
1651 4118 1744 4172 τοῦ
1777 4120 1867 4173 τό-

289 4227 396 4263 που
425 4209 653 4260 ἐκαστον
702 4203 1079 4274 παρεσκεύαζε
1119 4202 1215 4272 τὴν
1243 4202 1424 4256 αἰτίαν
1455 4203 1554 4274 τῆς
1593 4221 1868 4275 προσηγο-

293 4294 417 4365 pia;
449 4290 785 4354 μανθάνοντα
808 4284 1097 4353 γινώσκειν
1120 4285 1215 4338 τοῦ
1254 4286 1351 4355 μὲν
1384 4287 1482 4355 τὴν
1515 4287 1738 4356 ἀρετὴν,
1762 4287 1870 4340 τῶν

289 4378 347 4429 δὲ
377 4387 403 4414 ι
435 4376 534 4442 τῆς
571 4371 768 4433 κακίας
793 4369 891 4439 τὴν
920 4367 1244 4438 ὑπερϐολήν.
1279 4370 1386 4420 Καὶ
1419 4369 1609 4421 σκόπει
1634 4369 1750 4432 πῶς
1776 4371 1871 4422 καὶ

289 4456 445 4521 οὗτος
485 4455 740 4510 ἐπιτείνει
764 4453 860 4522 τὴν
888 4452 1094 4504 οἰκείαν
1122 4451 1320 4521 ἀρετὴν
1344 4491 1357 4510 ,
1392 4451 1478 4504 διὰ
1504 4454 1722 4505 πάντων
1753 4454 1872 4506 ἐπι-

289 4541 506 4602 δεικνὺς
529 4536 722 4591 ἐαυτοῦ
748 4537 844 4605 τὴν
870 4534 1189 4594 ἐπιείκειαν,
1224 4535 1463 4586 κάκεῖνοι
1499 4537 1566 4604 τῇ
1599 4535 1869 4607 ὑπερϐολῇ

293 4626 396 4696 τῆς
432 4623 626 4684 κακίας
677 4617 928 4689 λαμπρὸν
955 4616 1048 4670 καὶ
1086 4617 1307 4680 ἄκοντες
1342 4617 1637 4688 πειρῶνται
1669 4618 1758 4670 τὸν
1795 4618 1873 4670 δί-

293 4727 448 4763 καιον
475 4705 810 4774 ἀποφαίνειν.
847 4701 979 4753 Οὐδὲ
1001 4701 1108 4770 γάρ
1134 4699 1492 4769 ἀρκεσθέντες
1517 4742 1531 4763 ,
1562 4702 1724 4755 πάλιν
1757 4702 1870 4754 ἓτε-

293 4807 390 4860 ρον
416 4786 668 4856 ὀρύξαντι
697 4782 871 4852 φρέαρ
896 4778 1248 4860 ἐπιτίθενται.
1267 4778 1519 4860 Ἀπάρρς
1535 4781 1866 4860 γὰρ’-φησὶνῗ

290 4857 557 4925 ἐκεῖθεν,
591 4862 782 4930 ὤρυξε
821 4858 1006 4928 φρέαρ
1055 4857 1258 4924 ἕτερον
1283 4875 1294 4886 ο
1325 4857 1632 4924 ἐκρίνοντο
1661 4857 1728 4910 δέ
1774 4859 1872 4909 καὶ

293 4953 428 5019 περὶ
457 4949 578 5002 ἐκεί
582 4965 712 5009 νου,
735 4945 834 4998 καὶ
852 4941 1244 5007 ἐπωνόμασεν
1271 4941 1438 5001 αὐτὸ,
1472 4941 1527 4990 Ἐ
1533 4940 1721 5007 χθρία.
1743 4941 1874 4993 Σκό-

294 5049 390 5085 πει
412 5030 576 5082 πάλιν
601 5026 696 5080 τοῦ
724 5023 932 5078 δικαίου
960 5021 1059 5091 τὴν
1087 5020 1318 5073 σύνεσιν.
1369 5020 1633 5073 Ἐνταῦθα
1661 5022 1722 5074 οὐ
1746 5022 1874 5075 πάν-

291 5129 367 5181 τη
387 5153 400 5170 .
431 5110 508 5173 ὼς
541 5109 684 5161 ἔοικε
707 5147 720 5166 ,
749 5106 808 5158 τὸ
836 5103 1014 5174 φρέαρ
1049 5101 1358 5168 ἀφείλοντο,
1388 5101 1522 5153 ἀλλά
1543 5101 1876 5171 διαμαχεσά-

297 5212 453 5266 μενοι
475 5235 488 5257 ,
523 5193 618 5246 καὶ
647 5189 783 5260 πρὸς
815 5187 876 5240 τὸ
920 5183 1194 5255 προφανὲς
1233 5182 1335 5250 τῆς
1382 5182 1594 5245 ἀδικίας
1641 5184 1874 5253 ὁρῶντες

294 5263 635 5346 ἀπέστησαν.
669 5272 768 5325 Διά
786 5271 945 5323 τοῦτο
973 5265 1226 5336 Ἐχθρίαν
1251 5263 1380 5346 αὑτδ
1409 5266 1872 5346 προσηγόρευσεν,

295 5344 714 5427 ἐπειδὴ-ἔχθρας
749 5351 1001 5414 ὑπόθεσις
1032 5347 1288 5415 κατέστη.
1321 5344 1433 5427 ,Καὶ
1472 5345 1592 5397 καθ’
1615 5347 1872 5415 ἑκάστην,

293 5441 374 5504 ὡς
398 5439 592 5498 εἰπεῖν,
613 5434 718 5487 ὑπὸ
745 5433 854 5485 τῶν
879 5431 1157 5500 ἐγχωρίων
1188 5426 1412 5481 τοιαῦτα
1443 5427 1745 5495 ὑπομένων,
1777 5428 1877 5479 οὐκ

299 5519 676 5589 ἐδυσχέρανεν,
695 5514 814 5566 οὐδέ
854 5509 1186 5589 μικρόοίςυχόν
1211 5526 1262 5560 τι
1290 5506 1618 5589 ἐπεδείξατο,
1649 5507 1768 5589 οὐδέ
1794 5508 1878 5558 ἐν-

297 5586 642 5667 ενόησεπρὸς
665 5593 874 5653 ἑαυτὸν,
890 5591 1008 5642 οὐδὲ
1023 5587 1193 5649 εἶπεν,
1207 5589 1289 5640 ὅτι
1304 5587 1436 5640 Οὐδὲ
1452 5586 1612 5667 μέχρι
1628 5586 1877 5654 φρεάτων

298 5663 592 5729 ἀπολαύείν
637 5673 754 5743 εἰμὶ
791 5671 976 5741 κύριος
999 5688 1011 5699 ·
1036 5665 1144 5738 ἆρα
1191 5667 1264 5738 μὴ
1304 5665 1506 5737 ἔρημος
1535 5663 1730 5731 γέγονα
1780 5666 1878 5735 τῆς

300 5759 507 5811 ἄνωθεν
539 5757 744 5828 ροπῆς;
781 5750 888 5824 ἆρα
925 5751 998 5822 μὴ
1032 5755 1130 5823 τῆς
1161 5751 1414 5821 προνοίας
1448 5747 1744 5828 ἐστέρημαι
1779 5749 1879 5828 τῆς

304 5836 460 5908 παρὰ
487 5826 578 5888 τοῦ
600 5833 869 5888 Δεσπότου
889 5850 903 5897 ;
922 5832 1084 5884 Οὐδὲν
1111 5831 1311 5882 τούτων
1337 5828 1437 5880 οὐκ
1464 5826 1762 5896 ἐνενόησεν,
1781 5827 1880 5878 οὐκ

302 5905 608 5983 ἐλογίσατο,
623 5913 758 5969 ἀλλά
781 5914 894 5984 μετ’
917 5911 1214 5972 ἐπιεικείας
1231 5908 1446 5975 ἀπάσης
1464 5907 1675 5984 ἅπαντα
1696 5905 1878 5984 ἐφερε.

307 5981 587 6064 Διὰίῐόθθ]
625 5981 792 6046 τοῦτο
825 5991 921 6043 καὶ
968 5989 1210 6050 πλείονος
1254 5985 1501 6056 ἀπήλαυε
1530 5982 1628 6050 τῆς
1677 5981 1881 6034 ἄνωθεν

373 6082 400 6108 ⁸
430 6073 558 6128 Ειίἱῐ.
586 6077 670 6125 105
698 6077 764 6124 δέ.
791 6071 888 6122 Sed
912 6073 1007 6120 τῶν
1040 6072 1089 6119 δέ
1114 6070 1260 6119 habet
1283 6070 1428 6120 Com.
1461 6072 1513 6114 et
1536 6065 1744 6122 coniecit
1768 6064 1880 6114 Sav.

1171 337 1240 392 IN
1279 340 1429 395 CAP.
1475 339 1640 394 XXVI
1704 340 1949 396 GENES.
1999 341 2228 396 IIOMIL.
2273 340 2380 398 LII.

3404 347 3508 400 £60

1939 463 2273 532 συμμαχίας.
2298 463 2480 514 Ταῦτα
2515 463 2653 533 γὰρ,
2683 462 2756 526 ὡς
2792 461 2996 522 εἰπεῖν,
3037 461 3104 514 τά
3148 461 3508 531 συμϐαίνοντα

1937 546 2214 615 γυμνασία
2243 563 2324 608 τις
2358 541 2426 614 ἦν
2467 546 2563 614 τῆς
2608 543 2702 596 τοῦ
2749 545 2955 597 δικαίου
2990 543 3208 614 ἀρετῆς.
3250 546 3509 612 Ἀπάμας

1937 628 2046 698 γὰρ
2066 669 2080 690 ,
2118 629 2301 698 φησὶν,
2333 628 2582 687 ἐκεῖθεν,
2615 628 2805 694 ὤρυξε
2832 627 3016 696 φρέαρ
3035 627 3257 694 ἕτερον.
3275 629 3372 679 καί
3398 632 3510 680 οὐκ

1936 713 2312 781 ἐμαχέσαντο
2338 713 2471 780 περὶ
2494 711 2680 765 αὐτοῦ
2699 728 2711 741 °
2735 711 2831 764 καί
2857 712 3208 778 ἐπωνόμασε
3239 712 3305 764 τὸ
3326 711 3511 780 ὄνομα

1939 795 2154 857 αὑτοῦ,
2195 796 2574 863 Εὐρυχωρία.
2604 794 2818 862 λέγων,
2866 795 3021 846 Διότι
3059 792 3178 846 νῦν
3213 793 3513 847 ἐπλάτυνε

1939 878 2154 945 Κύριος
2186 878 2363 946 ἡμῖν,
2400 878 2497 930 καὶ
2525 879 2798 944 ηὔξησεν
2827 877 2985 946 ἡμᾶς
3015 876 3114 929 ἐπὶ
3137 875 3246 944 τῆς
3270 875 3403 945 γῆς.

2009 967 2078 1029 γ’.
2100 962 2244 1032 Ὅρα
2272 961 2692 1031 εὐγνωμοσύνην
2710 961 2803 1014 105
2826 962 3058 1016 δικαίου.
3105 961 3296 1013 Ἡνίκα
3324 960 3420 1028 μὲν
3447 959 3515 1012 τά

1943 1047 2183 1116 πρότερα
2208 1046 2417 1115 φρέατα
2437 1047 2634 1097 ἐκεῖνοι
2657 1043 3114 1114 παρασπάσασθαι
3136 1043 3514 1114 ἐπεχείρησαν,

1943 1131 2042 1181 οὐκ
2069 1127 2443 1199 ἐδυσχέρανεν,
2464 1128 2563 1180 οὐκ
2583 1129 2907 1186 ἀντέτεινεν.
2929 1125 3065 1179 ἀλλά
3090 1126 3246 1196 μόνον
3265 1129 3330 1196 τῇ
3350 1143 3518 1195 προσ-
3625 1162 3634 1173 .

1943 1212 2142 1282 ηγορίᾳ
2169 1209 2278 1263 τῶν
2322 1211 2573 1280 φρεάτων
2617 1210 2998 1276 ἀνεξάλειπτον
3041 1209 3138 1280 τὴν
3175 1211 3392 1280 μνήμην
3423 1211 3518 1276 της

1946 1295 2168 1346 ἐκείνων
2196 1293 2392 1355 κακίας
2418 1293 2742 1346 ἐναπετίθει.
2775 1293 3038 1346 Ἐνταῦθα
3061 1293 3116 1345 δὲ
3139 1292 3521 1360 πάλιν,ἐπειδὴ

1946 1376 2119 1438 οὐδεὶς
2137 1375 2384 1445 ἐμποδὼν
2409 1376 2651 1442 γέγονεν,
2676 1374 2811 1427 ἀλλά
2834 1375 2971 1445 μετά
3000 1374 3180 1436 ἀδείας
3210 1374 3387 1440 πάσης
3415 1372 3522 1424 τῶν

1948 1459 2162 1512 οἰκείων
2196 1460 2372 1511 πόνων
2395 1458 2660 1527 ἀπήλαυε,
2698 1459 2759 1511 15
2801 1460 2909 1511 πᾶν
2949 1458 3235 1527 ἀνατίθησι
3280 1456 3358 1526 τῷ
3383 1455 3518 1525 Θεῷ.

1962 1543 2251 1595 Ἐκάλεσε
2283 1541 2388 1614 γάρ
2417 1541 2562 1595 αὐτὸ
2583 1584 2596 1606 ,
2633 1543 3034 1611 Εὐρυχωρίαν.
3073 1536 3206 1594 Εἶτα
3236 1539 3524 1610 ἐρμηνεύει

1950 1626 2121 1696 αὐτὴν
2153 1625 2250 1694 τὴν
2278 1626 2676 1698 προσηγορίαν·
2711 1625 2796 1678 διὰ
2823 1624 2980 1678 τοῦτο
3002 1663 3016 1685 ,
3053 1625 3214 1695 φησὶν
3233 1665 3247 1687 ,
3273 1623 3528 1693 Εὐρύχω-

1957 1708 2096 1779 ρίαν,
2127 1707 2284 1760 τοῦτο
2304 1707 2474 1769 καλῶ,
2513 1709 2634 1762 Ὅτι
2665 1707 2965 1761 ἐπλάτυνε
2994 1708 3207 1774 Κύριος
3233 1704 3398 1774 ἡμῖν,
3428 1706 3526 1757 καί

1952 1792 2225 1858 ηὔξησεν
2242 1788 2398 1859 ἡμᾶς
2424 1790 2523 1842 ἐπὶ
2546 1789 2656 1858 τῆς
2683 1789 2814 1860 γῆς.
2833 1786 2986 1852 Εἶδες
3008 1789 3234 1860 γνώμην
3261 1788 3526 1857 φιλόθεον,

1955 1873 2073 1937 πῶς
2098 1873 2206 1926 τῶν
2233 1874 2289 1926 ἐν
2327 1873 2478 1944 μέσῳ
2509 1872 2785 1944 δυσχερῶν
2831 1873 3088 1944 οὐδεμίαν
3124 1876 3341 1944 μνήμην
3375 1888 3530 1939 ποιηο

1892 2014 1906 2024 ς
1957 1959 2214 2028 σάμενος,
2235 1957 2345 2011 τῶν
2375 1958 2628 2029 χρηστῶν
2657 1957 2816 2027 μόνον
2849 1957 3212 2028 μεμνημένος,
3231 1957 3369 2026 ὑπὲρ
3389 1955 3531 2014 ἐκεί-

263 2042 644 2112 ὲμαχέσαντο
697 2046 751 2096 οἱ
811 2043 1088 2112 ποιμένες
1146 2045 1425 2114 Γεράρων
1449 2087 1464 2112 ,
1511 2045 1852 2114 φάσκοντες
1896 2035 1902 2041 ’

1957 2058 2048 2092 νου
2073 2040 2173 2109 τὴν
2201 2033 2552 2114 εὐχαριστῖαν
2582 2041 2865 2110 ἀναφέρει,
2882 2041 2976 2094 καί
3000 2056 3184 2108 φησιν,
3211 2039 3329 2090 Ὅτι
3349 2035 3532 2090 ἐπλά-

1957 2140 2099 2178 τυνε
2113 2125 2326 2192 Κύριος
2346 2124 2506 2193 ημῖν,
2537 2124 2634 2177 καὶ
2654 2124 2926 2191 ηὔξησεν
2946 2122 3104 2192 ημᾶς
3122 2122 3219 2175 ἐπὶ
3251 2120 3359 2191 τῆς
3387 2120 3532 2190 γῆςξ

1960 2209 2125 2262 Οὐδὲν
2147 2209 2256 2280 γάρ
2283 2207 2456 2271 οὑτως
2478 2209 2508 2261 ὁ
2526 2207 2657 2270 Θεὸς
2685 2207 3024 2278 ἀποδέχεται,
3045 2207 3120 2270 ώς
3139 2206 3315 2276 ψυχὴν
3341 2203 3533 2271 εὐγνώ-

1963 2311 2099 2363 μονα
2138 2292 2232 2345 καὶ
2263 2293 2610 2362 εὐχάριστονο
2645 2293 2738 2344 καὶ
2785 2291 2950 2362 μυρία
2981 2289 3100 2343 καθ’
3131 2287 3536 2358 ἐκάστην.ἠμέ-

1963 2394 2062 2447 ραν
2101 2375 2345 2437 ἅπαντας
2373 2375 2522 2445 ἡμᾶς
2554 2373 2856 2444 εὐεργετῶν
2881 2374 2974 2427 καὶ
3005 2374 3227 2435 ἐκόντας
3260 2373 3353 2424 καὶ
3388 2372 3537 2426 ἄκον-

1960 2478 2089 2524 τας,
2122 2461 2216 2512 καὶ
2247 2458 2453 2521 είδότας
2481 2458 2574 2511 καὶ
2609 2456 2935 2526 ἀγνοοῦντας
2958 2497 2972 2520 ,
3006 2457 3156 2509 οὐδὲν
3191 2454 3376 2524 ἓτερον
3405 2454 3536 2525 παρ’

1961 2544 2118 2614 ἡμῶν
2149 2541 2416 2613 ἐπιζητεῖ,
2447 2541 2480 2608 ἢ
2512 2541 2574 2593 τὺ
2600 2542 2829 2612 χάριτας
2859 2540 3056 2592 εἰδέναι
3081 2538 3227 2608 αὐτῷ
3252 2538 3390 2609 ὑπὲρ
3431 2539 3540 2590 τῶν

1963 2632 2042 2691 εἰς
2078 2629 2226 2699 ἡμᾶς
2259 2625 2667 2694 γεγενημένων,
2702 2625 2785 2676 ἵνα
2835 2625 2927 2676 καὶ
2965 2623 3104 2693 ὑπὲρ
3143 2623 3334 2675 τούτου
3375 2621 3540 2674 05105

1964 2713 2126 2766 πάλιν
2153 2710 2370 2763 πλείονα
2407 2708 2505 2779 τὴν
2531 2708 2763 2777 ἀμοιϐὴν
2793 2709 2928 2778 ἡμῖν
2976 2707 3254 2780 παράσχῃ.
3295 2707 3404 2759 Καὶ
3455 2706 3542 2758 ἵνα

1967 2795 2146 2867 μάθῃς
2168 2835 2183 2856 ,
2211 2795 2311 2864 ὅρα
2337 2792 2427 2845 τὸν
2458 2791 2664 2844 δίκαιον
2689 2789 2874 2842 τοῦτον
2905 2788 2992 2842 διά
3021 2792 3120 2857 τὴν
3157 2789 3356 2860 πολλὴν
3376 2788 3541 2842 αὐτοῦ

1964 2878 2382 2947 εὐγνωμοσύνην
2417 2875 2577 2928 πάλιν
2608 2874 2705 2940 τῆς
2727 2871 2929 2925 ἀνωθεν
2950 2873 3266 2940 ἐπιφανείας
3291 2872 3542 2940 ἀξιούμε-

1966 2979 2075 3017 νον.
2116 2960 2332 3030 Ἐπειδὴ
2363 2958 2470 3029 γὰρ
2503 2955 2778 3029 ἀρκοῦσαν
2807 2956 3036 3025 βάσανον
3055 2956 3153 3025 τῆς
3183 2954 3389 3018 οἰκείας
3411 2954 3543 3025 ἀρε-

1965 3045 2066 3115 τῆς
2093 3042 2404 3108 ἐπεδείξατο
2433 3040 2524 3094 ἐπί
2554 3057 2612 3092 τε
2645 3038 2752 3091 τῶν
2799 3041 2855 3091 ἐν
2886 3039 3146 3110 Γεράροις
3166 3079 3180 3099 ,
3228 3039 3319 3092 ἐπί
3351 3056 3410 3090 τε
3449 3035 3543 3090 τοῦ

1969 3127 2234 3200 βασιλέως
2271 3123 2657 3194 ἀπωθουμένου
2685 3122 2868 3183 αὐτὸν,
2900 3121 2990 3174 ἐπί
3024 3139 3082 3174 τε
3125 3120 3232 3174 τῶν
3274 3120 3546 3189 ποιμένων

1969 3209 2384 3282 παρασπῶντων
2403 3208 2472 3260 τά
2505 3205 2736 3276 φρέατα,
2769 3203 2957 3275 ῶσπερ
2989 3205 3257 3275 νευρῶσαι
3287 3203 3544 3273 βουλόμε-

1970 3313 2060 3359 νος
2089 3293 2256 3348 αὐτοῦ
2287 3293 2386 3365 τὴν
2428 3289 2736 3362 προθυμίαν
2778 3291 2807 3341 ὁ
2841 3287 3220 3357 φιλάνθρωπος
3249 3289 3544 3356 Δεσπότης,

1971 3381 2067 3433 καὶ
2102 3378 2201 3448 τῆς
2233 3375 2530 3437 ἐπιεικείας
2566 3373 2727 3426 αὑτὸν
2765 3371 3157 3441 ἀποδεχόμενος
3195 3371 3296 3440 τῆς
3326 3371 3546 3441 πολλῆς,

1970 3461 2158 3533 ἐπειδὴ
2197 3459 2395 3526 Ἀνέϐη
2425 3456 2653 3512 ἐκεῖθεν
2681 3456 2707 3494 b
2747 3455 2845 3508 ἐπὶ
2879 3455 2944 3508 τὸ
2989 3454 3179 3523 Φρέαρ
3206 3453 3314 3508 τοῦ
3343 3455 3546 3522 ὅρκου,

1971 3549 2136 3617 ῶφθη
2166 3543 2325 3609 αὐτῷ
2340 3544 2552 3610 Κύριος
2575 3541 2645 3594 ἐν
2675 3537 2750 3607 τῇ
2777 3540 2948 3594 νυκτὶ
2987 3539 3186 3606 ἐκείνῃ
3213 3581 3227 3604 ,
3259 3539 3354 3592 καὶ
3384 3539 3545 3592 εἷπε·

1984 3631 2124 3700 Ἐγώ
2150 3633 2266 3699 ειμι
2296 3632 2329 3682 ὁ
2361 3626 2503 3690 Θεὸς
2557 3624 2809 3692 Ἀϐραὰμ
2845 3623 2952 3677 τοῦ
3005 3623 3230 3691 πατρός
3281 3639 3396 3676 σου
3420 3637 3434 3651 ⁸
3461 3619 3548 3691 μὴ

1973 3716 2193 3788 φοϐοῦ·
2220 3711 2371 3781 μετὰ
2401 3709 2518 3764 σοῦ
2551 3708 2660 3776 γάρ
2685 3710 2822 3777 εἰμι,
2853 3706 2950 3760 καὶ
2971 3706 3290 3777 εὐλογήσω
3317 3723 3412 3769 σε,
3448 3707 3548 3759 καὶ

1974 3795 2262 3866 πληθυνῶ
2289 3795 2358 3848 τὸ
2385 3791 2621 3862 σπέρμα
2649 3808 2766 3846 σου
2795 3791 2892 3844 διὰ
2925 3790 3169 3858 Ἀϐραὰμ
3194 3790 3301 3844 τὸν
3329 3789 3552 3857 πατέρα

1974 3900 2112 3937 σου.
2149 3881 2340 3947 Ὠφθη
2366 3873 2544 3940 αὐτῷ.
2575 3876 2758 3946 φησιν,
2789 3875 2859 3926 ἐν
2884 3872 2956 3941 τῇ
2982 3874 3151 3926 νυκτὶ
3178 3873 3400 3941 ἐκείνῃ.
3426 3873 3553 3924 Σκό-

1975 3983 2067 4019 πει
2096 3963 2228 4017 Θεοῦ
2277 3957 2623 4031 κηδεμονίαν.
2657 3959 2774 4010 ’Ίνα
2803 3958 2918 4026 γάρ,
2953 3956 3113 4008 αὐτὸν
3160 3956 3550 4026 ἀνακτήσηται,

1975 4050 2071 4102 καὶ
2103 4047 2324 4118 θαρρεῖν
2374 4042 2768 4113 παρασκευάσῃ
2793 4080 2806 4103 ,
2845 4040 3190 4109 ἐπιφαίνεται
3239 4037 3418 4108 αὐτῷ,
3459 4037 3550 4091 καί

1977 4148 2141 4202 φησιν
2161 4145 2173 4158 ο
2207 4125 2346 4196 Ἐγώ
2373 4128 2488 4194 εἰμι
2519 4129 2549 4179 ὀ
2575 4125 2719 4191 Θεὸς
2761 4125 3007 4192 Ἀϐραὰμ
3035 4123 3140 4176 τοῦ
3167 4124 3388 4190 πατρός
3411 4139 3548 4180 σου,

1975 4218 2004 4269 ὁ
2031 4215 2122 4266 τὸν
2144 4211 2352 4280 πατέρα
2373 4209 2462 4261 τὸν
2493 4207 2582 4259 σὸν
2610 4207 2851 4271 ἐπίδοξον
2877 4204 3212 4275 πεποιηκὼς,
3233 4206 3324 4258 καὶ
3346 4205 3403 4257 ἐν
3426 4222 3552 4257 τοσ-

1977 4299 2118 4368 αύτῃ
2170 4293 2492 4364 περιφανείᾳ
2534 4293 2902 4361 καταστήσας.
2941 4291 3035 4343 καὶ
3067 4289 3214 4355 ξένον
3242 4289 3368 4341 ὄντα
3399 4305 3552 4358 περι-

1979 4382 2311 4453 φανέστερον
2358 4375 2467 4428 τῶν
2509 4376 2786 4446 ἐγχωρίων
2836 4373 3285 4442 ἀπεργασάμενος
3322 4381 3369 4423 ο.
3413 4369 3553 4436 Ἐγώ

1980 4468 2094 4535 εἰμι
2123 4464 2328 4523 ἐκεῖνος
2359 4460 2387 4512 ὁ
2416 4460 2622 4511 ἐκεῖνον
2659 4456 2831 4519 οὑτως
2867 4455 3168 4526 αὐξηθῆναι
3204 4454 3553 4525 παρασκευά-

1983 4566 2080 4612 σας
2109 4588 2124 4613 ,
2161 4545 2256 4598 καὶ⁸
2291 4542 2532 4614 μεγάλην
2566 4541 2653 4594 διά
2683 4542 2898 4594 πάντων
2939 4541 3038 4610 τὴν
3074 4540 3199 4609 περὶ
3232 4539 3391 4593 αὐτὸν
3422 4539 3555 4607 πρό-

1980 4644 2128 4680 νοιαν
2166 4621 2592 4691 ἐπιδειξάμενος.
2644 4619 2785 4688 Ἐγώ
2820 4621 2965 4688 εἰμι·
2996 4619 3091 4686 Μὴ
3131 4620 3308 4671 τοίνυν
3341 4616 3551 4687 φοϐοῦ.

1981 4707 2046 4759 Τί
2075 4708 2212 4767 ἐστι,
2246 4701 2339 4766 Μὴ
2371 4700 2557 4770 φοϐοῦ
2577 4715 2594 4761 ;
2618 4701 2707 4769 Μή
2744 4715 2804 4751 σε
2824 4699 2994 4751 ταῦτα
3024 4697 3293 4761 ξενιςέτω,
3316 4697 3376 4750 τὸ
3402 4695 3553 4766 παρά

1981 4783 2075 4838 τοῦ
2125 4781 2408 4851 Ἀϐιμέλεχ
2433 4779 2710 4848 ἐλαθῆναι,
2735 4779 2796 4831 τὸ
2823 4779 2973 4848 παρά
3003 4777 3110 4830 τῶν
3143 4777 3412 4846 ποιμένων
3439 4775 3554 4827 ἀδι-

1983 4865 2234 4935 κηθῆναι.
2261 4859 2435 4912 Πολλά
2460 4858 2682 4912 τοιαῦτα
2709 4860 2800 4910 καὶ
2831 4859 2860 4909 ό
2898 4860 3077 4928 πατὴρ
3177 4855 3264 4917 σὸς
3279 4853 3551 4935 ᾼπέπονθε.

1983 4932 2078 4998 καὶ
2113 4932 2211 4994 ’διὰ
2249 4939 2452 4992 τούτων
2500 4937 2873 5008 λαμπρότερος
2911 4934 3210 5004 ἀνεδείχθη.
3239 4933 3330 5002 Μὴ
3374 4932 3552 4984 τοίνυν

1980 5023 2156 5078 ταῦτά
2195 5037 2252 5073 σε
2285 5018 2517 5088 φοϐείτω
2541 5035 2554 5047 ο
2595 5017 2755 5070 Μετὰ
2804 5015 2919 5070 σοῦ
2963 5016 3071 5084 γάρ
3105 5011 3255 5083 [510]
3287 5015 3420 5079 εἰμι.
3455 5011 3554 5063 Διά

1981 5103 2140 5158 τοῦτο
2165 5099 2338 5152 ταῦτα
2370 5095 2612 5165 γίνεσθαι
2646 5095 2944 5165 συγχωρῶ,
2986 5093 3120 5163 ὁμοῦ
3160 5093 3250 5144 καὶ
3282 5091 3340 5142 σὲ
3371 5089 3552 5159 βουλό⁶

1987 5197 2146 5253 μενος
2173 5178 2260 5230 διὰ
2282 5180 2379 5247 τῆς
2406 5174 2704 5236 ἐπιεικείας
2729 5171 3060 5238 ἐνδείξασθαι
3086 5172 3184 5240 τὴν
3206 5170 3554 5253 οἰκείανλάρεο

1981 5247 2102 5331 τὴν,
2134 5257 2403 5311 κάκείνων
2429 5256 2530 5324 τῆς
2558 5253 2784 5324 γνώμης
2812 5251 2909 5321 τὴν
2934 5249 3233 5331 μοχθηρίαν
3259 5247 3552 5331 κατάδηλον

1985 5326 2158 5395 ἅπασι
2185 5335 2457 5404 γενέσθαι,
2490 5334 2578 5385 ἵνα
2607 5333 2666 5384 σέ
2693 5333 2785 5385 καὶ
2815 5330 2954 5400 ὑπὲρ
2975 5328 3176 5380 τούτων
3202 5326 3547 5404 στεφανώσωξ

1985 5418 2142 5474 Μετὰ
2174 5403 2290 5468 σοῦ
2326 5411 2436 5482 γάρ
2459 5414 2592 5481 εἰμι.
2623 5411 2699 5464 Δι’
2751 5410 2779 5462 ὃ
2811 5410 2905 5462 καὶ
2947 5407 3240 5476 ἀχείρωτος
3273 5405 3368 5474 έσῃ
3394 5442 3408 5466 ,
3439 5403 3553 5482 καὶ

1983 5498 2094 5552 τῶν
2128 5481 2505 5564 πολεμούντων
2525 5489 2916 5558 δυνατώτερος,
2947 5489 3040 5538 καὶ
3073 5485 3180 5564 τῶν
3221 5481 3552 5564 ἐπηρεαζόνῗ

1984 5561 2485 5645 τωνοίσχυρότερος.
2516 5571 2625 5624 Καὶ
2653 5571 2685 5640 ἡ
2731 5571 2825 5638 μὲν
2854 5568 2983 5637 παρ’
3024 5563 3158 5634 ἐμοῦ
3189 5563 3427 5645 Δτιρδνοια
3461 5561 3554 5645 καί

1987 5640 2274 5724 ἐπίφθονόν
2315 5640 2388 5707 σε’
2425 5653 2748 5725 ἐργάσεται’
2790 5649 2947 5701 Μετὰ
2986 5645 3100 5698 σοῦ
3130 5642 3239 5725 γάρ
3270 5645 3418 5709 εἰμι,
3456 5640 3555 5725 καί

1986 5719 2300 5805 εὐλογήσω
2347 5719 2467 5799 σε(
2490 5719 2586 5784 καί
2617 5725 2905 5796 πληθυνῶ
2942 5726 3006 5778 τὸ
3041 5723 3275 5790 σπέρμα
3307 5734 3421 5773 σου
3458 5719 3556 5772 διὰ

2003 5817 2256 5885 Ἀϐραὰμ
2284 5817 2390 5868 τὸν
2421 5811 2644 5877 πατέρα
2684 5824 2820 5862 σου.

2035 5877 2232 5949 Σκόπει
2248 5894 2380 5947 Θεοῦ
2402 5887 2827 5959 φιλανθρωπίαν.
2846 5883 3048 5942 Εἰπὼν.
3066 5879 3210 5950 Ἐγώ
3230 5882 3343 5949 είμι
3361 5882 3393 5932 ὀ
3411 5877 3554 5941 Θεὸς

2055 5982 2247 6030 bSavil.
2275 5987 2328 6029 et
2363 5988 2464 6028 tres
2503 5991 2618 6025 mss.
2667 5976 2809 6032 ἀνέϐη
2851 5975 3024 6021 ἀνωθεν
3061 5972 3155 6020 ἐπί.

2055 6049 2078 6075 ⁸
2105 6029 2329 6098 Ξεκιιιεε.
2344 6044 2453 6091 ὂντα
2464 6042 2558 6088 τῶν
2579 6029 2816 6100 ἐγχωρίων
2827 6035 3144 6098 λαμπροτερον
3157 6029 3546 6094 ἀπεργασάμενος-
