4084 6356
584 349 682 403 461

596 465 834 534 Ἀϐραὰμ
849 463 951 516 τοῦ
967 462 1183 528 πατρός
1199 477 1337 524 σου,
1354 463 1448 515 καὶ
1477 459 1656 523 δείξας
1685 464 1830 524 ὅπως
1862 461 2138 532 ᾠκειώσα-

583 561 644 597 το
654 547 741 597 τὸν
758 544 1116 614 πατριάρχην,
1138 543 1210 606 ὡς
1233 542 1564 606 καταξιῶσαι
1593 541 1724 594 Θεὸν
1743 542 1933 595 ἐαυτὸν
1960 542 2142 607 καλεῖν

597 627 864 696 Ἁϐραάμ,
880 627 972 677 καὶ
986 627 1012 678 ὁ
1028 625 1126 693 τῆς
1148 625 1466 695 οἰκουμένης
1483 625 1756 696 Δεσπότης
1777 625 1870 676 καὶ
1887 625 2143 696 δημιουρ-

583 705 678 772 γὸς
701 704 815 767 ἐνὸς
833 703 1116 773 ἀνθρώπου
1151 703 1378 771 φάσκειν
1409 699 1543 757 εἶναι
1571 702 1730 767 Θεὸς,
1761 703 1821 755 οὐ
1845 701 2142 770 συγκλείων

585 782 744 852 μέχρι
761 782 852 834 τοῦ
871 782 1201 851 πατριάρχου
1220 782 1316 852 τὴν
1329 783 1532 845 οἰκείαν
1549 781 1884 841 δεσποτείαν,
1900 781 2034 834 ἀλλά
2046 781 2142 852 τὴν

583 859 778 930 πολλὴν
796 860 920 930 περὶ
941 859 1100 913 αὑτὸν
1122 859 1331 912 εὔνοιαν
1346 852 1576 922 δεικνύς,
1596 859 1770 921 Οὕτω,
1787 859 1966 929 φησὶν,
1982 859 2142 911 αὐτὸν

581 936 960 1006 ᾡκειωσάμην,
992 938 1066 1000 ὡς
1093 938 1306 989 πάντων
1337 938 1443 990 τῶν
1469 936 1640 989 ἄλλων
1672 933 1914 1000 ἀντάξιον
1939 938 2141 991 ἐκεῖνον

581 1018 704 1088 ἐμοὶ
728 1019 1063 1091 νομισθῆναι.
1096 1021 1171 1072 Δι’
1197 1019 1224 1071 ὃ
1243 1019 1351 1072 Καὶ
1381 1017 1665 1086 πληθυνῶ
1679 1018 1744 1071 τὸ
1767 1019 2002 1087 σπέρμα
2025 1035 2140 1074 σου

579 1095 676 1150 διὰ
704 1099 944 1167 Ἀϐραὰμ
993 1099 1097 1151 τόν
1121 1099 1341 1165 πατέρα
1377 1111 1511 1150 σου.
1557 1095 1760 1159 Πολλὰς
1815 1097 2012 1165 ὀφείλω
2043 1099 2142 1167 τᾲς

579 1165 810 1242 ἀμοιϐάς
835 1165 1023 1246 ἐκείνῳ
1050 1177 1149 1245 τῆς
1171 1178 1249 1239 εἰς
1295 1177 1391 1246 ἐμὲ
1413 1175 1649 1245 ὑπακοῆς
1666 1189 1680 1206 ⁸
1708 1173 1773 1226 δι’
1804 1176 2005 1226 ἐκεῖνον
2049 1165 2140 1223 οὖν

581 1252 874 1321 Πληθυνῶ
887 1257 950 1307 τὸ
972 1254 1206 1325 σπέρμα
1222 1271 1336 1309 σου
1357 1273 1370 1286 ’
1395 1255 1529 1325 ὁμοῦ
1551 1256 1642 1308 καί¹
1659 1253 2034 1326 παρεθάρρυνε
2049 1248 2141 1301 τὸν

579 1332 814 1396 δίκαιον,
851 1334 944 1385 καὶ
996 1334 1082 1387 διά
1113 1337 1210 1404 ’τῆς
1244 1335 1459 1404 μνήμης
1503 1333 1595 1386 τοῦ
1631 1332 1834 1403 πατρὸς
1879 1335 1957 1393 εἰς
1985 1329 2140 1399 ζῆλον

579 1410 741 1462 αὐτὸν
773 1411 1006 1482 διήγειρε
1037 1411 1128 1464 τοῦ
1153 1413 1248 1483 τήν
1279 1412 1466 1481 ὁμοίαν
1496 1411 1685 1480 ἐκείνῳ
1711 1410 1910 1480 ἀρετὴν
1939 1405 2140 1460 ἐπιδεί-

581 1490 790 1554 ξασθαι.
819 1487 948 1561 Εἶτα
980 1492 1163 1561 ἐπειδὴ
1207 1491 1441 1544 τοσαῦτα
1467 1489 1613 1558 αύτῷ
1644 1489 1823 1556 ἀγαθά
1853 1487 2136 1556 ὑπέσχετο,

593 1559 988 1637 ’ῼχοδόμήσεν
1013 1559 1164 1633 ἐκεῖ,
1192 1571 1351 1640 φησὶ,
1395 1568 1825 1635 θυσιαστήριον
1844 1606 1858 1628 ,
1895 1567 1990 1618 καί
2036 1567 2140 1618 ἐπ-

579 1647 907 1702 εκαλέσατο
931 1651 996 1701 τὸ
1031 1651 1212 1716 ὄνομα
1231 1651 1468 1717 Κυρίου,
1500 1649 1596 1700 καί
1626 1648 1852 1715 ἔπηξεν
1879 1646 2006 1699 έκεῖ
2029 1646 2142 1711 τὴν

580 1725 818 1790 σκηνήν
841 1728 1044 1781 αὐτοῦ.
1084 1729 1147 1780 Τί
1178 1729 1343 1790 ἐστιν,
1377 1727 1781 1797 ᾨχοδόμησεν
1800 1727 2141 1780 ὲκεῖθυσια-

579 1804 856 1869 στήριον;
909 1807 1018 1868 Τὰς
1052 1807 1431 1876 εὐχαριστίας,
1489 1807 1683 1876 φησὶν,
1732 1807 1848 1858 ἐκεῖ
1879 1805 2138 1874 ἀνήνεγκε

579 1881 655 1950 τῷ
681 1884 918 1952 Δεσπότῃ
941 1924 953 1942 ,
985 1884 1122 1954 ὑπὲρ
1153 1881 1226 1936 ὧν
1259 1885 1525 1955 τοσαύτην
1560 1886 1688 1954 περὶ
1724 1884 1883 1936 αὐτὸν
1912 1883 2140 1952 κηδεμο-

578 1961 696 2012 νίαν
736 1961 1058 2025 ἐπεδείξατο.
1083 1964 1191 2016 Καὶ
1221 1963 1458 2031 ὤρυξαν
1481 1966 1609 2018 ἐκεῖ
1621 1967 1684 2018 οἱ·
1701 1963 1906 2027 παῖδες
1945 1963 2138 2015 Ἰσαὰκ

577 2039 782 2108 φρέαρ.
823 2042 908 2092 Ἐν
933 2042 1088 2112 ἀδείᾳ
1113 2041 1296 2094 λοιπὸν
1326 2044 1353 2094 ὁ
1377 2043 1579 2106 δίκαιος
1607 2037 1813 2112 γίνεται
1833 2059 1848 2073 ο
1875 2043 1904 2094 ό
1928 2041 2035 2111 γὰρ
2063 2043 2140 2092 εί-

577 2118 715 2182 πὼν,
749 2119 907 2172 Μετὰ
929 2120 1044 2173 σοῦ
1071 2123 1205 2189 εἰμι,
1234 2122 1327 2173 καὶ
1358 2122 1670 2190 εὐλογήσω
1708 2136 1810 2180 σε.
1848 2120 1946 2173 καὶ
1985 2122 2138 2184 πλη-

577 2197 736 2250 θυνῶ
769 2197 832 2249 τὸ
861 2196 1094 2265 σπέρμα
1133 2215 1270 2261 σου,
1299 2194 1453 2262 οὗτος
1501 2200 1693 2269 ἀθρόον
1735 2198 1882 2268 αὐτῷ
1915 2198 2010 2250 καὶ
2040 2197 2139 2266 τὴν

577 2276 930 2344 περιφάνειαν
954 2277 1262 2347 ἐχαρίσατο,
1285 2279 1378 2331 καὶ
1403 2279 1568 2331 πᾶσιν
1596 2278 1756 2332 αὐτὸν
1783 2275 2138 2347 περίϐλεπτον

577 2355 821 2422 γίνεσθαι
862 2357 1182 2426 πεποίηκεν.
1217 2358 1359 2428 ’Ὀρα
1392 2358 1640 2426 γοῦν-τὸν
1686 2357 1968 2427 Ἀϐιμέλεχ
2000 2356 2141 2407 ἐκεῖ-

578 2449 684 2492 νον,
711 2432 800 2484 τὸν
820 2432 1006 2486 ἐλάσαι
1041 2435 1458 2504 ἐπιχειρήσαντα
1492 2435 1586 2488 καὶ
1615 2435 1856 2495 εἰπόντα,
1894 2435 2139 2488 Ἀπελθε

577 2510 677 2576 ἀφ’
720 2509 918 2578 ἡμῶν,
949 2511 1042 2564 νῦν
1091 2514 1226 2582 πρὸς
1258 2513 1417 2566 αὐτὸν
1456 2514 1768 2584 ἐρχόμενον.
1822 2513 2136 2580 Ἐπορεύθη

578 2587 685 2657 γὰρ
708 2629 723 2652 ,
767 2592 947 2658 φησὶν,
989 2589 1281 2656 Ἆϐιμέλεχ
1302 2631 1315 2654 ,
1347 2591 1443 2643 καί
1472 2594 1504 2644 ό
1542 2590 1934 2660 νυμφαγωγὸς
1953 2589 2138 2644 αὑτοῦ

578 2667 674 2719 καὶ
714 2670 746 2720 ό
773 2668 1240 2736 ἀρχιστράτηγος
1267 2685 1280 2698 ·
1322 2670 1418 2722 καὶ
1455 2665 1621 2722 εἶπεν
1657 2670 1861 2735 αὐτοῖς
1902 2669 2094 2723 Ἰσαάκ
2120 2685 2134 2700 ο

579 2747 702 2799 Ἵνα
729 2747 784 2797 τί
817 2745 1027 2812 ἤλθετε
1056 2748 1204 2813 πρός
1238 2764 1314 2816 με
1339 2764 1358 2810 ;
1387 2747 1554 2817 ὑμεῖς
1583 2747 1651 2800 δὲ
1677 2748 2005 2818 ἐμισήσαεέ
2026 2765 2134 2818 με,

575 2827 672 2880 καί
701 2827 1089 2880 ἀπεστείλατε
1123 2826 1222 2896 ἀφ’
1260 2829 1444 2898 ὑμῶν.
1479 2828 1586 2881 Θέα
1630 2847 1717 2898 μοι
1749 2831 1888 2900 πόση
1929 2829 2022 2882 τοῦ
2056 2830 2137 2882 δι-

576 2904 789 2974 καίουή
829 2903 1083 2974 πραότης.
1128 2906 1297 2976 Ὁρῶν
1336 2908 1461 2971 τοὺς
1506 2907 1881 2970 ἀπελάσαντας
1927 2908 2022 2960 καὶ
2051 2925 2138 2962 το-

577 2984 762 3037 σοῦτον
792 2985 916 3052 περὶ
947 2984 1106 3037 αὐτὸν
1151 2985 1210 3036 τὸ
1245 2987 1399 3053 μῖσος
1447 2987 1890 3057 ἐπιδειξαμένους
1910 3027 1923 3047 ,
1953 2987 2048 3040 νῦν
2079 2989 2138 3042 ἐν

574 3065 723 3127 τάξει
755 3063 946 3117 ἱκετῶν
969 3065 1102 3135 πρὸς
1135 3065 1293 3118 αὐτὸν
1328 3066 1822 3135 παραγινομένους,
1861 3068 1959 3119 οὐκ
1979 3067 2139 3136 ἐφρό-

575 3161 702 3213 νησε
733 3144 872 3212 μέγα
919 3143 1038 3195 κατ’
1084 3143 1260 3196 αὐτῶν
1284 3183 1298 3206 ,
1345 3145 1464 3197 ούδέ
1506 3145 1716 3214 ἐπήρθη
1751 3146 1849 3216 τὴν
1879 3144 2134 3211 διάνοιαν,

576 3222 792 3275 ἔναυλον
817 3221 952 3289 έχων
981 3221 1078 3291 τὴν
1129 3223 1345 3292 μνήμην
1383 3223 1489 3276 τῶν
1529 3223 1676 3293 παρὰ
1712 3223 1806 3276 τοῦ
1834 3219 1969 3276 Θεοῦ
2004 3225 2138 3294 πρὸς

575 3301 736 3352 αὐτὸν
772 3299 1060 3370 ῥηθέντων,
1097 3300 1214 3351 οὐδὲ
1246 3303 1309 3371 τῇ
1349 3301 1574 3370 δυνάμει
1611 3301 1704 3354 τοῦ
1737 3301 2003 3354 Δεσπότου
2038 3320 2138 3355 πε-

576 3376 776 3438 ποιθὼς
798 3377 1243 3441 κατεξανίσταται
1267 3379 1360 3432 τοῦ
1386 3379 1649 3449 βασιλέως
1666 3421 1680 3446 ,
1704 3379 1841 3433 ἀλλά
1861 3379 2021 3435 πάλιν
2043 3380 2138 3450 τὴν

541 3457 549 3464 ’
577 3458 777 3524 συνήθη
803 3455 1097 3509 ἐπιείκειαν
1119 3457 1556 3528 ἐπιδεικνύμενος
1582 3460 1719 3529 μετά
1747 3459 1948 3529 πολλῆς
1969 3461 2140 3532 πραΰ-

576 3533 733 3602 τητός
757 3550 888 3602 φησι
922 3533 1057 3604 πρὸς
1083 3535 1276 3599 αὐτούς
1297 3552 1312 3568 ’
1353 3537 1476 3590 Ἵνα
1518 3539 1575 3591 τί
1603 3537 1815 3606 ἤλθετε
1844 3540 1992 3606 πρός
2026 3555 2136 3608 με;

572 3612 739 3679 ὑμεῖς
756 3613 824 3665 δὲ
845 3613 1173 3682 ἐμισήσατέ
1188 3633 1277 3681 με,
1296 3617 1390 3669 καί
1417 3617 1807 3671 ἀπεστείλατε
1834 3619 1932 3685 ἀφ’
1952 3617 2136 3686 ὑμῶν.

573 3689 729 3753 Τίνος
757 3689 977 3754 ἐνεκεν,
1025 3693 1196 3761 φησὶ,
1234 3694 1635 3766 παραγενέσθαι
1693 3694 1831 3764 πρός
1883 3713 1951 3764 με
2008 3713 2140 3750 κατ-

571 3767 840 3832 εδέξασθε,
871 3769 961 3821 τὸν
989 3769 1274 3835 ἐλαθέντα,
1306 3773 1394 3825 τὸν
1415 3772 1743 3843 μισηθέντα;
1780 3773 1889 3827 Καὶ
1912 3770 2088 3828 εἶπαν
2119 3790 2134 3805 ⁸

585 3846 825 3911 Ἰδόντες
857 3847 1195 3918 ἑωράκαμεν
1221 3850 1309 3903 ὅτι
1332 3853 1545 3918 Κύριος
1570 3851 1719 3919 μετὰ
1745 3851 1861 3905 σοῦ
1879 3891 1893 3914 ,
1929 3851 2026 3904 καί
2052 3853 2136 3904 εἵ-

571 3937 766 3991 παμεν
788 3940 801 3953 ·
836 3925 1112 3980 Γενέσθω
1139 3928 1255 3996 ἀρὰ
1290 3928 1408 3982 ἀνὰ
1438 3929 1632 3998 μέσον
1675 3929 1846 3999 ήμῶν
1887 3929 1985 3982 καί
2022 3930 2137 3984 ἀνὰ

567 4000 760 4070 μέσον
791 4001 927 4068 σοῦ,
960 4004 1057 4057 καί
1076 4004 1475 4074 διαϐησόμεθα
1495 4007 1792 4075 διαθήκην
1817 4006 1969 4074 μετὰ
1997 4007 2134 4074 σοῦ,

565 4079 652 4148 μὴ
679 4079 958 4145 ποιήσειν
973 4085 1102 4150 μεθ’
1139 4083 1308 4152 ἡμῶν
1329 4085 1544 4148 κακόν,
1584 4087 1786 4139 καθότι
1812 4085 1984 4154 ἡμεῖς
2024 4087 2136 4140 οὐκ

569 4157 1011 4228 ἐϐδελυξάμεθὰ
1034 4175 1125 4223 σε,
1150 4163 1247 4215 καὶ
1269 4163 1340 4214 ὃν
1366 4163 1587 4230 τρόπον
1624 4163 2005 4232 ἐχρησάμεθὰ
2037 4180 2136 4217 σοι

571 4234 794 4302 καλῶς,
842 4238 939 4290 καί
985 4238 1134 4312 [511]
1174 4240 1682 4310 ἑξαπεστείλαμέν
1709 4259 1784 4294 σε
1815 4245 1937 4311 μετ’
1975 4243 2134 4313 είρή-

569 4333 680 4382 νης
700 4359 715 4383 ,
755 4321 850 4370 καὶ
887 4319 1004 4372 νῦν
1025 4320 1427 4389 εὐλογημένος
1459 4319 1539 4371 σὺ
1566 4321 1686 4374 ὑπὸ
1716 4322 1958 4387 Κυρίου.

640 4409 703 4462 δ’.
725 4409 864 4478 Ὅρα
893 4411 1028 4480 πόση
1061 4411 1159 4481 τῆς
1182 4411 1480 4473 ἐπιεικείας
1505 4413 1537 4479 ἡ
1571 4411 1753 4481 ἰσχὺς,
1795 4412 1889 4464 καὶ
1907 4412 2003 4481 ὅση
2036 4413 2133 4482 τῆς

569 4493 767 4563 ἀρετῆς
807 4495 840 4562 ή
883 4492 1126 4564 δύναμις.
1179 4497 1239 4547 Οί
1295 4495 1402 4564 γάρ
1449 4494 1638 4565 πρώην
1688 4494 2008 4556 ἐλάσαντες,
2040 4495 2132 4548 νῦν

571 4576 1000 4645 παραγενόμενοι
1031 4576 1167 4646 πρὸς
1212 4577 1300 4630 τὸν
1335 4576 1513 4642 ξένον,
1569 4577 1706 4646 πρὸς
1754 4577 1844 4630 τὸν
1886 4578 2128 4640 ἀπόλιδα,

571 4657 705 4728 πρὸς
739 4659 830 4710 τὸν
874 4659 1104 4728 ἀλήτην,
1136 4660 1195 4712 οὐ
1248 4661 1404 4729 μόνον
1435 4659 1822 4728 ἀπολογοῦνται
1856 4661 1993 4734 ὑπὲρ
2025 4663 2132 4714 τῶν

570 4741 669 4810 ἤδη
694 4742 1088 4810 γεγενημένων,
1121 4743 1213 4795 καὶ
1242 4741 1566 4813 συγγνώμην
1589 4742 1824 4795 αίτοῦσιν
1857 4743 1996 4813 ὑπὲρ
2024 4745 2131 4798 τῶν

567 4823 968 4895 ἡμαρτημένων
993 4863 1005 4885 ,
1039 4824 1171 4876 ἀλλά
1211 4827 1302 4877 καί¹
1327 4826 1754 4894 ἀνακηρύττουσι
1784 4825 1874 4879 τὸν
1902 4825 2127 4889 δίκαιον,

567 4905 981 4958 καὶκδεικνύουσι
1006 4906 1094 4959 τὸν
1123 4907 1434 4961 ἐπιτεθέντα
1467 4909 1646 4972 αὐτοῖς
1677 4909 1857 4978 φόϐον,
1884 4911 1976 4962 καὶ
2004 4911 2131 4979 όμο-

564 4988 780 5055 λογοῦσι
819 4990 913 5041 καὶ
941 4989 1036 5058 τήν
1066 4990 1270 5042 οἰκείαν
1323 4990 1605 5044 ἀσθένειαν
1632 5031 1646 5054 ,
1695 4992 1787 5044 καὶ
1821 4991 1898 5062 τῷ
1937 4992 2129 5063 δικαίῳ

567 5072 808 5141 μεγάλην
860 5071 1193 5143 μαρτυροῦσι
1243 5072 1339 5143 τὴν
1382 5073 1628 5142 δύναμιν.
1676 5075 1739 5126 Τί
1778 5075 1884 5145 γὰρ
1933 5075 1998 5128 ἂν
2045 5076 2128 5144 είη

563 5156 752 5207 τούτου
786 5155 1128 5225 ἰσχυρότερον
1158 5155 1249 5207 τοῦ
1275 5155 1390 5224 μεθ’
1417 5156 1609 5210 ἑαυτοῦ
1636 5156 1725 5209 τὸν
1742 5157 1872 5210 Θεὸν
1896 5157 2126 5226 ἕχοντοςς

576 5243 820 5308 Ἰδόντες
839 5283 853 5304 ,
895 5244 1077 5311 φησὶν,
1114 5243 1200 5295 ότι
1229 5245 1440 5311 Κύριος
1469 5245 1617 5313 μετά
1649 5244 1783 5298 σοῦ.
1810 5245 1974 5298 Πόθεν
2003 5249 2128 5314 ὑμῖν

562 5321 595 5389 ή
618 5321 832 5390 τοιαύτη
853 5321 1079 5389 γνῶσις;
1099 5321 1226 5383 Ναὶ,
1242 5323 1423 5392 φησὶν,
1441 5323 1578 5376 αὐτὰ
1598 5325 1727 5393 ἡμῖν
1743 5324 1808 5376 τά
1831 5323 2127 5392 πράγματα

563 5399 681 5451 ἀντὶ
708 5399 1053 5462 διδασκαλίας
1078 5401 1318 5467 γέγονεν.
1348 5400 1572 5471 Είδομεν
1599 5402 1706 5471 γὰρ
1733 5402 1813 5453 ὅτι
1843 5401 2130 5472 ἐλαυνόμε-

561 5493 650 5539 νος
676 5476 780 5528 τῶν
811 5477 1137 5530 ἐλαυνόντων
1173 5477 1517 5548 ἰσχυρότερος
1550 5481 1778 5546 γέγονας
1798 5522 1812 5543 ,
1851 5481 1943 5532 καὶ
1989 5482 2126 5552 ἐπη-

562 5553 888 5624 ρεαζόμενος
919 5555 1027 5607 τῶν
1068 5555 1477 5624 ἐπηρεαζόντων
1519 5557 1874 5626 περιγέγονας
1893 5596 1906 5619 ,
1939 5560 2032 5611 καὶ
2059 5562 2124 5614 ἐκ

558 5631 657 5699 τῆς
692 5630 798 5683 τῶν
829 5633 1166 5700 πραγμάτων
1193 5633 1511 5694 ἀκολουθίας
1537 5635 1868 5704 συνείδομεν,
1898 5637 1978 5690 ὅτι
2005 5638 2128 5690 πολ-

560 5712 656 5780 λῆς
685 5711 977 5776 ἀπολαύεις
1020 5713 1120 5783 τῆς
1155 5713 1360 5768 ἄνωθεν
1390 5716 1584 5786 ῥοπῆς.
1631 5716 1798 5771 Τοῦτο
1827 5718 1883 5770 δὲ
1911 5719 2004 5771 καὶ
2025 5721 2124 5788 τῆς

557 5793 652 5846 τοῦ
693 5795 826 5847 Θεοῦ
859 5797 1167 5865 οἰκονομίας
1209 5795 1400 5866 ἔργον,
1450 5798 1524 5850 τὸ.
1546 5799 1642 5868 τὴν
1681 5799 1914 5853 διάνοιαν
1947 5802 2124 5853 αὐτῶν

559 5872 787 5942 ποιῆσαι
809 5874 1224 5944 καταπλαγῆναι
1259 5876 1348 5928 τὸν
1364 5875 1590 5939 δίκαιον,
1606 5878 1698 5930 καὶ
1721 5879 1920 5946 γνῶσιν
1942 5881 2125 5943 αὐτοῖς

561 5949 788 6005 ἐνθεῖναι
830 5950 1100 6018 τοιαύτην.
1148 5953 1300 6005 Ἐπεὶ
1351 5950 1482 6021 οὖν,
1527 5956 1722 6029 φησὶν,
1764 5957 2007 6030 ἔγνωμεν
2041 5959 2124 6011 ὅτι

1252 347 1311 402 s.
1348 312 1626 404 JOANNIS
1661 340 2143 404 cnnvsosmm
2181 340 2494 402 Αιιοιιιερ.
2530 347 3069 407 CONSTANTINOP.

2249 461 2450 532 Κύριος
2485 463 2621 530 μετά
2649 463 2743 516 σοῦ
2763 505 2778 528 ,
2810 464 3085 518 Γενέσθω
3115 464 3229 533 ἀρὰ
3269 464 3382 518 ἀνὰ
3401 465 3598 534 μέσον
3619 465 3812 535 ἡμῶν.

2317 541 2460 611 Ὅρα
2483 541 2597 606 πῶς
2625 543 2728 595 ὑπὸ
2751 541 2842 594 τοῦ
2875 544 3168 606 συνειδότος
3198 543 3515 614 ὠθούμενοι,
3539 553 3631 598 καὶ
3663 547 3816 598 οὐδε-

2246 615 2335 681 νὸς
2375 619 2559 688 ἐτέρου
2615 621 3135 688 καταναγκάζοντος,
3184 623 3304 675 οὐδὲ
3352 624 3419 675 τὰ
3469 626 3814 694 γεγενημένα

2247 694 2676 765 ἐξαγγέλλοντος,
2709 701 2857 754 αὐτοὶ
2893 702 3113 763 ἐαυτοὺς
3135 700 3372 770 ἐλέγχειν
3388 702 3713 770 ἐπείγονται.
3743 706 3814 758 Εἰ

2246 773 2354 843 γάρ
2395 776 2467 846 μὴ
2501 777 2809 846 ἠδικήσατε,
2853 780 3005 849 φησὶ,
3028 781 3170 842 τίνος
3197 780 3380 834 ἕνεκεν
3411 782 3506 832 καὶ
3538 781 3816 852 συνθήκας

2246 853 2521 930 ἀπαιτεῖτε
2550 855 2698 926 παρά
2732 857 2824 909 τοῦ
2843 857 3084 922 δικαίους
3127 859 3283 912 Ἀλλά
3311 859 3549 912 τοιοῦτόν
3581 863 3728 913 ἐστιν
3772 863 3814 930 ἡ

2246 929 2428 983 ἀδικία
2447 947 2460 960 ·
2488 933 2609 985 καθ’
2639 934 2872 1005 ἑκάστην
2905 935 3115 1006 ἡμέραν
3137 936 3442 1000 καταξαίνει
3466 938 3527 990 τὸ
3550 929 3816 1003 συνειδὸς,

2248 1008 2337 1059 καὶ
2364 1008 2620 1076 σιγῶντος
2646 1012 2739 1066 τοῦ
2766 1012 2920 1082 ἠδικη
2935 1015 3113 1082 μένου,
3143 1014 3192 1066 οἱ
3215 1014 3312 1084 τὴν
3335 1014 3548 1068 ἀδικίαν
3575 1016 3819 1086 ἐργασά-

2249 1102 2397 1154 μενοι
2429 1089 2528 1156 τὴν
2573 1088 2726 1158 δίκην
2759 1089 3048 1158 ἐφεστάναι
3097 1090 3425 1159 νομίζοντες,
3455 1092 3539 1160 ἐφ’
3574 1088 3818 1161 ἑκάστης

2245 1164 2458 1234 ἡμέρας
2501 1165 2779 1234 ἐναγώνιοι
2827 1168 3082 1236 γίνονται,
3127 1170 3219 1222 καὶ
3255 1171 3530 1239 μονονουχὶ
3562 1171 3818 1240 ὑπογρά-

2246 1259 2433 1310 φουσιν
2459 1246 2668 1319 ἑαυτοῖς
2702 1247 2801 1316 τὴν
2834 1245 3110 1313 ἐκδίκησιν
3149 1248 3256 1300 τῶν
3297 1248 3718 1319 ἡμαρτημένων.
3747 1251 3817 1300 'U

2244 1320 2308 1388 δὴ
2335 1322 2427 1374 καὶ
2457 1317 2601 1376 οὗτοι
2653 1325 2940 1393 μαθόντες,
2971 1325 3276 1387 Γενέσθω,
3313 1317 3504 1396 φησὶν,
3524 1317 3660 1394 γάρὰ
3694 1327 3818 1380 ἀνὰ

2240 1399 2434 1468 μέσον
2481 1401 2648 1471 ήμῶν
2678 1404 2776 1456 καὶ
2824 1403 2939 1458 ἀνὰ
2964 1403 3157 1471 μέσον
3207 1403 3341 1456 σοῦ.
3368 1401 3498 1456 Εἶτα
3537 1405 3816 1471 λέγουσιν,

2244 1481 2432 1532 ὁποίαν
2480 1480 2753 1549 βούλονται
2782 1481 3032 1549 γενέσθαι
3057 1482 3154 1552 τήν
3186 1483 3344 1551 ἀράν.
3378 1484 3483 1537 Καὶ
3531 1482 3820 1548 διαθησό-

2240 1563 2391 1628 μεθα
2417 1559 2710 1629 διαθήκην
2734 1563 2882 1630 μετὰ
2905 1563 3042 1625 σοῦ,
3082 1561 3162 1631 μὴ
3190 1562 3466 1626 ποιήσειν
3485 1565 3611 1632 μεθ’
3639 1561 3820 1631 ήμῶν

2245 1639 2454 1700 κακόν,
2500 1639 2644 1693 διότι
2692 1641 2862 1708 ήμεῖς
2909 1644 3018 1694 οὐκ
3058 1642 3496 1710 ἑϐδελυξάμεθὰ
3531 1660 3622 1696 σε.
3670 1643 3820 1709 Ὅρα.

2245 1716 2363 1779 πῶς
2393 1718 2606 1770 ἐναντία
2636 1719 2844 1776 ἑαυτοῖς
2869 1719 2969 1771 ὑπὸ
2996 1718 3088 1770 τοῦ
3127 1719 3352 1788 θορύϐου
3404 1721 3499 1772 καὶ
3525 1722 3622 1790 τῆς
3660 1722 3816 1787 ἄγαν

2245 1795 2361 1857 νίας
2389 1795 2742 1864 φθέγγονται·
2778 1799 2874 1863 Μὴ
2909 1797 3189 1864 ποιήσειν
3220 1797 3347 1866 μεθ’
3384 1798 3551 1866 ήμῶν
3597 1801 3815 1851 κακὰν.

2245 1873 2399 1936 Τίνος
2424 1874 2606 1927 ἕνεκεν
2626 1874 2768 1928 οῦτω
2801 1875 3048 1942 φοϐεῖσθε
3076 1875 3166 1927 τὸν
3198 1875 3421 1937 δίκαιον,
3452 1877 3686 1946 ὁρῶντες
3719 1879 3820 1928 καὶ

2245 1951 2380 2020 πρὸς
2435 1957 2554 2016 τοὺς
2601 1955 3001 2025 ἐπηρεάζοντας
3058 1953 3324 2023 τοσαύτην
3364 1955 3462 2023 τὴν
3514 1956 3818 2008 ἐπιείκειαν

2244 2031 2713 2102 ἐπιδεικνύμενον;
2756 2033 2892 2085 Ἀλλ’
2923 2035 2951 2086 ὁ
2979 2035 3271 2097 ἀδέκαστος
3299 2034 3576 2104 δικαστὴς,
3603 2036 3663 2088 τὸ
3695 2053 3821 2088 συν-

2245 2111 2399 2175 ειδὸς,
2427 2113 2621 2176 αὐτοὺς
2649 2113 2912 2184 διήγειρε,
2945 2114 3037 2165 καὶ
3063 2113 3140 2175 είς
3167 2113 3372 2165 ἔννοιαν
3402 2114 3646 2182 ἤρχοντο,
3679 2113 3818 2181 ὅσην

2244 2191 2372 2260 περὶ
2403 2191 2494 2243 τὸν
2522 2192 2728 2244 δίκαιον
2764 2193 2862 2262 τὴν
2902 2191 3290 2259 ἀγνωμοσύνην
3328 2190 3686 2254 ἐπεδείξαντο,
3718 2193 3819 2244 καὶ

2243 2267 2329 2320 διὰ
2354 2268 2508 2321 τοῦτο
2544 2269 2646 2322 ὑπὸ
2670 2267 2763 2321 τοῦ
2804 2269 2966 2336 φόϐου
2994 2270 3087 2320 καὶ
3123 2269 3220 2338 τῆς
3249 2269 3448 2331 δειλίας
3473 2270 3532 2321 ού
3577 2270 3819 2339 συνορῶ-

2247 2363 2350 2409 σιν,
2378 2348 2522 2410 ὃπως
2552 2349 2769 2402 ἐναντία
2800 2348 3032 2416 λέγουσι.
3068 2348 3161 2412 Μὴ
3193 2347 3489 2416 ποιήσειν,
3531 2349 3683 2416 φησὶ,
3709 2364 3815 2400 κα-

2244 2428 2354 2480 κὸν
2379 2429 2508 2494 μεθ’
2558 2425 2748 2496 ήμῶν,
2794 2428 2996 2481 καθότι
3030 2427 3200 2496 ἡμεῖς
3243 2443 3316 2479 σε
3344 2428 3454 2479 οὐκ
3488 2425 3816 2490 ἐϐδελυξά-

2239 2508 2408 2575 μεθα.
2443 2507 2596 2568 Τίνος
2627 2502 2717 2558 οὖν
2747 2507 2930 2559 ἕνεκεν
2977 2505 3320 2575 ἀπηλάσατες
3368 2505 3503 2557 Ἀλλ’
3535 2507 3563 2558 ὁ
3606 2505 3815 2570 δίκαιος

2247 2584 2346 2636 οὐκ
2380 2585 2600 2636 ἀπαιτεῖ
2629 2584 2876 2646 εὐθύνας,
2913 2584 3033 2636 οὐδέ
3056 2583 3356 2652 ἐλέγχειτά
3378 2583 3505 2654 παρ’
3533 2583 3712 2637 αὐτῶν
3737 2588 3818 2637 εἰ-

2249 2663 2479 2732 ρημένα.
2513 2662 2620 2716 Καὶ
2671 2664 2743 2716 ἓν
2772 2665 3014 2732 τρόπον,
3069 2665 3251 2732 φησὶν,
3301 2663 3681 2731 ἐχρησάμεθά
3712 2679 3816 2716 σοι

2243 2737 2460 2805 καλῶς,
2500 2742 2594 2794 καί
2620 2743 3130 2810 ἑξαπεστείλαμέν
3158 2758 3231 2796 σε
3274 2745 3399 2811 μετ’
3423 2745 3684 2809 εἰρήνης,
3711 2743 3814 2795 καὶ

2242 2819 2360 2872 νῦν
2395 2820 2475 2873 σὺ
2503 2821 2913 2890 εὐλογημένος
2952 2824 3066 2876 ὑπὸ
3110 2823 3351 2888 Κυρίου.
3400 2824 3558 2892 Ὁρᾷς
3591 2823 3671 2874 ὅτι
3710 2824 3816 2890 τὴν

2242 2897 2445 2950 ἄνωθεν
2465 2898 2617 2967 δίκην
2648 2900 2932 2952 ἐδεδίεσαν.
2963 2901 3216 2970 ’ᾘδεισαν
3243 2900 3350 2969 γάρ
3385 2902 3463 2954 ὅτι
3514 2901 3616 2954 κᾶν
3650 2901 3814 2966 αὐτὸς

2242 2974 2308 3028 δι’
2342 2976 2636 3030 ἐπιείκειαν
2661 2977 2732 3047 μὴ
2762 2977 3033 3047 ἀμύνηται
3060 2979 3125 3031 τά
3156 2980 3233 3040 είς
3257 2980 3419 3031 αὐτὸν
3441 2979 3809 3048 γεγενημένα,

2243 3054 2378 3106 ἀλλά
2401 3057 2430 3106 ὁ
2450 3055 2717 3124 τοσαύτην
2740 3057 2866 3127 περί
2889 3057 3050 3109 αὐτὸν
3074 3058 3326 3128 πρόνοιαν
3353 3057 3811 3127 ἐπιδεικνύμενος,

2245 3131 2474 3195 εὐθύνας
2507 3134 2701 3194 αὐτοὺς
2733 3135 3025 3200 ἀπαιτήσει
3063 3135 3169 3187 τῶν
3201 3139 3278 3198 είς
3309 3135 3400 3188 τὸν
3432 3135 3636 3187 δίκαιον
3655 3153 3813 3203 γεγε-

2243 3211 2509 3280 νημένων.
2535 3212 2634 3265 Διά
2659 3207 2815 3265 τοῦτο
2857 3213 3289 3283 ἐξευμενίζοντες
3324 3215 3414 3267 τὸν
3457 3214 3682 3279 δίκαιον,
3719 3216 3817 3268 καὶ

2245 3287 2516 3357 συνθήκας
2553 3292 2805 3343 ἀπαιτεῖν
2835 3291 3178 3358 ἐπείγονται,
3225 3291 3360 3361 ὁμοῦ
3395 3293 3488 3345 καὶ
3521 3294 3660 3362 ὑπὲρ
3703 3294 3817 3347 τῶν

2244 3369 2346 3444 ήδη
2379 3371 2761 3441 γεγενημένων
2793 3372 3238 3442 ἀπολογούμενοι,
3267 3374 3362 3425 καὶ
3385 3373 3523 3444 ὑπὲρ
3549 3374 3658 3426 τῶν
3686 3373 3818 3441 ἑξῆς

2247 3442 2395 3518 [512]
2450 3449 2547 3520 τήν
2596 3451 2892 3519 ἀσφάλειαν
2947 3452 3154 3513 ἐαυτοῖς
3211 3442 3666 3521 περιποιούμενοι.
3702 3453 3820 3505 Καὶ

2245 3524 2536 3588 ἐποίησεν
2565 3528 2788 3592 αὐτοῖς,
2839 3527 2989 3597 φησὶ,
3027 3527 3237 3596 δοχὴν,
3292 3528 3389 3580 καὶ
3437 3528 3663 3598 ἔφαγον
3714 3532 3818 3584 καὶ

2242 3607 2440 3659 ἔπιον·
2494 3607 2593 3660 καὶ
2634 3607 3005 3673 ἀναστάντες
3042 3609 3122 3672 τῷ
3177 3609 3323 3674 πρωῒ
3348 3646 3360 3669 ,
3403 3609 3640 3677 ὤμοσεν
3677 3609 3819 3663 ἕκα-

2242 3701 2389 3750 στος
2413 3686 2561 3753 πρὸς
2583 3685 2691 3739 τὸν
2717 3689 2985 3754 πλησίον
3022 3687 3227 3749 αὐτοῦ,
3259 3687 3355 3739 καί
3383 3686 3819 3751 ἐξαπέστειλεν

2242 3768 2458 3830 αὐτοὺς
2521 3768 2737 3831 Ἰσαὰκ,
2789 3767 2887 3821 καί
2937 3766 3249 3836 ὰπῴχοντο
3301 3768 3402 3820 ἀπ’
3432 3768 3618 3821 αὑτοῦ
3662 3770 3818 3838 μετὰ

2242 3845 2557 3913 σωτηρίας.
2597 3845 2738 3915 Ὅρα
2761 3843 2853 3898 τοῦ
2877 3844 3082 3899 δικαίου
3110 3846 3209 3916 τὴν
3243 3844 3663 3916 φιλοφροσύνην,
3693 3848 3817 3911 πῶς

2241 3923 2637 3994 ἀμνησικάκως
2677 3925 2858 3986 αὐτοῖς
2904 3923 3146 3994 διελέχθη
3169 3964 3184 3988 ,
3221 3926 3314 3977 καὶ
3345 3924 3406 3976 ού
3447 3925 3604 3992 μόνον
3641 3925 3817 3996 λήθην

2241 4003 2532 4074 ἐποιήσατο
2564 4003 2672 4055 τῶν
2701 4005 2781 4067 είς
2807 4003 2968 4057 αὐτὸν
2988 4003 3387 4072 γεγενημένων,
3414 4001 3549 4056 ἀλλά
3569 4003 3664 4056 καὶ
3685 4004 3816 4056 πολ-

2240 4081 2339 4152 λὴν
2401 4082 2527 4152 περὶ
2600 4083 2795 4145 αὐτοὺς
2875 4083 2973 4153 τὴν
3057 4081 3358 4151 φιλοξενίαν
3421 4081 3810 4136 ἐπιδείκνυται.

2253 4160 2529 4226 Ἐποίησε
2557 4159 2686 4227 γὰρ,
2731 4161 2914 4230 φησὶν,
2957 4161 3166 4225 αὐτοῖς
3198 4159 3409 4228 δοχὴν,
3439 4160 3539 4213 καί
3582 4161 3816 4229 ἔφαγον

2240 4239 2335 4292 καί
2354 4237 2546 4294 ἔπιον.
2571 4235 2670 4292 Διὰ
2696 4240 2794 4308 τῆς
2832 4239 3126 4303 ἑστιάσεως
3177 4239 3583 4311 πληροφορῆσαι
3613 4239 3814 4303 αὐτοὺς

2242 4316 2506 4386 βούλεται,
2555 4318 2630 4381 ὡς
2667 4319 2920 4388 οὐδεμίαν
2955 4321 3177 4388 μνήμην
3209 4321 3444 4371 ποιεῖται
3474 4319 3580 4370 τῶν
3606 4319 3686 4380 είς
3711 4319 3812 4372 αὐ-

2239 4397 2326 4448 τὸν
2357 4397 2727 4466 εἰργασμένων
2776 4397 2924 4468 παρὰ
2975 4398 3172 4451 αὐτῶν.
3230 4398 3338 4450 Καί
3378 4396 3812 4461 ἐξαπέστειλεν

2238 4474 2477 4540 αὐτοὺς,
2520 4475 2675 4544 φησὶ,
2701 4475 2799 4531 καί
2823 4475 3132 4544 ἀπῴχοντο
3146 4475 3296 4543 μετὰ
3314 4475 3630 4542 σωτηρίας.
3667 4475 3814 4545 ᾘνί-

2241 4549 2366 4614 ξατο
2385 4551 2470 4604 διὰ
2498 4551 2690 4604 τούτου
2719 4554 2751 4622 ή
2793 4554 2912 4606 θεία
2958 4550 2995 4604 Γ
3003 4553 3164 4622 ραφὴ,
3183 4553 3286 4605 ·ὅτι
3323 4553 3459 4622 μετά
3489 4551 3683 4604 πολλοῦ
3714 4552 3808 4606 τοῦ

2238 4628 2402 4695 φόϐου
2430 4629 2518 4681 τὸν
2561 4630 2803 4683 κίνδυνον
2832 4631 3233 4700 προσδοκῶντες
3283 4629 3667 4699 παρεγένοντο,
3713 4631 3810 4684 καὶ

2238 4707 2363 4775 περὶ
2385 4705 2476 4759 τοῦ
2511 4707 2727 4771 παντὸς,
2758 4708 2832 4770 ὡς
2859 4711 3050 4771 εἰπεῖν,
3074 4708 3413 4774 ἀγωνιῶντες
3433 4707 3531 4778 τὴν
3559 4708 3696 4776 πρὸς
3715 4710 3808 4761 τὸν

2236 4784 2443 4838 δίκαιον
2474 4786 2768 4853 ἀπολογίαν
2807 4786 3078 4840 ἔσπευσαν
3113 4787 3458 4854 ποιήσασθαι.
3501 4781 3653 4848 Εἶδες
3690 4784 3808 4848 πῶς

2235 4864 2384 4916 οὐδὲν
2440 4865 2783 4933 ἰσχυρότερον
2831 4867 3049 4934 ἀρετῆς,
3088 4865 3208 4918 ούδέ
3245 4864 3650 4933 δυνατώτερον;
3687 4864 3807 4927 πῶς

2235 4941 2385 4992 οὐδὲν
2417 4941 2818 5011 ἀσφαλέστερον
2847 4942 2939 4994 τοῦ
2959 4944 3056 5013 τῆς
3089 4943 3292 4997 ἀνωθεν
3323 4942 3638 5012 συμμαχίας
3668 4943 3806 4995 ἀπο-

2235 5017 2514 5083 λαύοντος;
2556 5015 2699 5073 Εἶτα
2731 5021 2802 5073 ἐν
2831 5021 3033 5090 ἐκείνῃ
3083 5020 3157 5089 τῇ
3183 5021 3390 5089 ἡμέρᾳ,
3417 5021 3601 5090 φησὶν.
3628 5022 3808 5075 ἀπελ-

2235 5099 2441 5163 θόντες
2463 5102 2515 5151 oi
2554 5097 2762 5163 παῖδες
2801 5100 2907 5153 τοῦ
2952 5099 3148 5154 Ἰσαὰκ
3185 5100 3424 5166 ὤρυξαν
3460 5099 3667 5168 φρέαρ,
3705 5100 3808 5153 καὶ

2233 5170 2427 5237 εἶπαν,
2468 5177 2590 5242 Οὐχ
2635 5176 2885 5244 εὕρομεν
2919 5177 3091 5246 ὕδωρ.
3137 5177 3244 5229 Καί
3288 5175 3580 5230 ἐκάλεσεν
3616 5178 3804 5242 αὐτὸ,

2237 5252 2466 5316 Ὅρκον.
2496 5254 2596 5307 Διά
2645 5254 2819 5309 τοῦτο
2850 5256 3101 5310 ἐκάλεσε
3125 5256 3190 5308 τὸ
3240 5256 3426 5322 ὄνομα
3480 5254 3555 5322 τῇ
3586 5257 3761 5308 πόλει
3786 5296 3802 5320 ,

2235 5329 2422 5396 Φρέαρ
2457 5332 2659 5403 ὅρκου,
2687 5333 2797 5399 ἕως
2821 5333 2930 5401 τῆς
2959 5335 3225 5403 σήμερον
3256 5333 3500 5403 ἡμέρας.
3533 5335 3676 5404 Ὅρα
3708 5337 3806 5388 καὶ

2234 5407 2468 5460 ἐνταῦθα
2489 5410 2553 5462 ἐκ
2583 5411 2690 5462 τῶν
2720 5413 3093 5483 γεγενημένων
3112 5413 3209 5483 τὴν
3237 5413 3606 5483 προσηγορίαν
3640 5414 3806 5467 αὐτὸν

2233 5486 2542 5541 ἐπιτιθέντα
2562 5488 2640 5556 τῷ
2668 5491 2835 5560 τόπῳ.
2868 5491 3082 5563 Ἐπειδὴ
3109 5492 3218 5563 γὰρ
3236 5492 3295 5546 ἐν
3316 5492 3496 5562 ἐκείνῃ
3523 5495 3589 5562 τῇ
3617 5493 3806 5564 ἡμέρᾳ

2233 5565 2294 5616 τὸ
2325 5565 2500 5635 φρέαρ
2541 5567 2827 5636 ὀρύξαντες
2877 5570 3027 5622 οὐδὲν
3068 5563 3223 5640 εὗρον
3243 5611 3258 5634 ,
3297 5572 3354 5623 ἐν
3449 5571 3574 5634 τοὺς
3605 5563 3807 5642 ὅρκους

2233 5644 2556 5713 ἐποιήσαντο
2605 5647 2736 5716 πρὸς
2785 5647 3068 5718 ἀλλήλους,
3110 5650 3290 5721 Φρέαρ
3332 5650 3496 5719 ὅρκου
3530 5649 3802 5721 ἐπέθηκεν

2235 5721 2403 5801 ὄνομα
2429 5721 2505 5791 τῷ
2541 5725 2708 5794 τόπῳ,
2741 5726 2827 5777 ἵνα
2861 5727 3162 5797 ὑπόμνησις
3198 5723 3364 5801 ᾗτῶν
3393 5729 3799 5796 γεγενημένων.

2234 5799 2383 5866 Εἶδες
2419 5805 2535 5867 πῶς
2561 5805 2684 5860 οὔτε
2714 5808 2812 5876 τὴν
2838 5809 2947 5861 ἀπὸ
2975 5809 3068 5862 τοῦ
3097 5799 3259 5880 νόμου
3289 5809 3637 5863 διδασκαλίαν
3660 5810 3801 5880 ἔχων

2234 5883 2262 5932 ό
2303 5882 2510 5945 δίκαιος
2539 5880 2728 5950 οὗτος,
2763 5887 2886 5939 οὕτε
2921 5889 3058 5958 πρὸς
3098 5889 3279 5958 ἕτερόν
3306 5907 3424 5942 τινα
3457 5889 3584 5941 ἰδεῖν
3624 5889 3798 5959 ἔχων,

2229 5959 2365 6012 ἀλλά
2410 5961 2487 6030 τῷ
2516 5965 2680 6033 πατρὶ
2733 5967 3220 6039 κατακολουθήσας,
3277 5970 3370 6022 καὶ
3426 5969 3535 6023 ἀπὸ
3577 5966 3671 6022 τοῦ
3729 5972 3798 6042 τῇ
