4084 6356
508 327 612 381 ιϐὄ

508 450 614 503 tus,
637 450 689 494 ct
713 440 902 495 ductus
928 456 954 492 a
985 442 1304 495 conscientia
1329 442 1576 511 magistra
1607 440 1853 495 humanze
1880 450 2080 493 naturm

509 533 662 585 insita
682 574 697 596 ,
729 542 924 586 tantam
956 532 1195 585 exhibuit
1235 532 1659 601 philosophiam?
1700 533 1828 599 Qum
1853 531 1993 584 enim
2025 530 2093 583 ab

508 637 576 675 eo
605 622 740 675 facta
781 633 939 685 sunt,
973 638 1075 675 nou
1104 622 1274 675 solum
1305 624 1763 678 mansuetudinem
1792 623 2094 676 indicabant

504 714 660 783 justi,
689 714 781 768 sed
809 725 863 768 et
892 725 1151 783 prmeepta
1177 714 1373 768 Christi
1402 717 1511 768 suis
1543 716 1690 769 illum
1718 715 1967 782 operibus
1996 716 2094 766 im-

512 806 661 875 plere
703 806 1073 860 o~tendebant.
1115 806 1246 861 Nam
1279 808 1327 861 id
1364 808 1505 877 quod
1545 807 1788 862 Christus
1821 807 2094 876 discipulis

512 898 621 950 suis
657 898 972 967 prmcipieus
1005 907 1059 952 ct
1097 898 1390 953 admonens
1417 900 1664 963 dicebat,
1700 916 1764 953 ne
1791 900 1938 954 solos
1974 898 2092 952 dili-

507 997 691 1057 gentes
720 987 1039 1057 diligerent,
1069 990 1161 1043 sed
1191 1000 1245 1043 et
1271 1007 1393 1059 erga
1426 992 1668 1046 inimicos
1698 993 1971 1045 caritatem
1998 1008 2094 1045 ex-

512 1078 755 1133 hiberem
790 1080 806 1149 (
833 1078 1019 1132 Matth.
1053 1081 1105 1135 5.
1134 1081 1241 1151 44)
1274 1100 1284 1134 :
1316 1082 1415 1137 hoc
1447 1084 1533 1137 ille
1574 1098 1713 1136 nunc
1742 1084 1907 1136 multo
1940 1092 2093 1136 antea

514 1168 807 1238 implebat,
858 1181 909 1225 et
965 1182 1103 1225 tanta
1162 1172 1517 1242 hospitalitate
1566 1175 1822 1227 tractabat
1867 1190 1961 1228 eos
2003 1174 2093 1244 qui

513 1276 706 1330 magno
751 1262 921 1333 ipsum
964 1264 1087 1318 odio
1133 1268 1432 1336 prosequuti
1479 1268 1684 1319 fuerant
1719 1285 1730 1319 :
1773 1280 2093 1335 omnemque

512 1353 757 1408 vindicue
783 1357 1118 1422 cupiditatem
1145 1359 1325 1411 animo
1350 1374 1446 1411 suo
1470 1359 1800 1411 exclude-hat.

582 1447 637 1500 5.
680 1446 898 1500 Moralis
926 1449 1175 1517 epilogus.
1212 1480 1281 1487 —
1323 1450 1434 1514 Qua
1465 1451 1619 1517 igitur
1648 1466 1743 1503 nos
1774 1450 1921 1503 venia
1950 1447 2092 1517 digni

511 1537 713 1591 erimus
734 1579 750 1603 ,
783 1540 870 1607 qui
913 1548 1031 1607 post
1059 1539 1280 1609 gratiam
1303 1582 1317 1605 ,
1350 1551 1463 1608 post
1495 1550 1691 1594 tantam
1719 1540 2013 1594 doctrinam
2041 1548 2097 1593 et

510 1626 801 1683 Salvatoris
830 1640 1087 1698 prarcepta
1115 1670 1130 1694 ,
1161 1647 1332 1700 neque
1357 1631 1422 1685 ad
1452 1632 1605 1701 hujus
1636 1632 1761 1701 justi
1791 1646 2094 1685 mensuram

514 1722 793 1788 pervenire
819 1722 1099 1775 valemus?
1126 1723 1193 1776 Et
1216 1723 1341 1792 quid
1366 1724 1505 1789 dico,
1529 1724 1594 1778 ad
1617 1724 1731 1793 ejus
1753 1724 2096 1778 mensuram?

515 1814 694 1880 Neque
743 1829 906 1882 prope
949 1816 1159 1868 adstare
1207 1832 1507 1884 possumus.
1557 1819 1721 1872 Tanta
1765 1819 1905 1871 enim
1957 1833 2097 1872 nunc

515 1904 727 1956 malitia:
771 1904 1088 1959 abundantia
1132 1907 1351 1961 obduxit
1392 1910 1567 1961 omnia
1594 1950 1608 1972 ,
1641 1919 1697 1962 ut
1730 1918 1784 1963 et
1816 1909 2096 1979 diligentes

511 1996 730 2063 diligere
756 2011 840 2050 res
869 1998 1152 2052 admodum
1182 2015 1300 2053 rara
1327 2001 1417 2053 sit.
1453 2001 1601 2056 Unde
1644 2003 1801 2070 igitur
1828 2003 1980 2056 nobis
2009 2018 2095 2055 sa-

513 2088 636 2140 lutis
680 2105 839 2157 spes,
883 2090 927 2143 si
960 2092 1253 2159 publicanis
1295 2092 1587 2148 deteriores
1627 2094 1918 2149 fuerimus?
1961 2095 2096 2148 sicut

514 2178 642 2232 dicit
670 2180 931 2235 Christus.
968 2182 1028 2235 Si
1066 2183 1275 2253 diligitis
1300 2184 1561 2254 diligentes
1590 2202 1703 2251 vos,
1732 2186 1855 2254 quid
1878 2187 2098 2255 amplius

514 2272 720 2337 facitis?
746 2289 912 2326 nonne
938 2282 984 2328 et
1012 2276 1266 2344 publicani
1308 2277 1401 2329 hoc
1427 2280 1619 2348 faciunt
1647 2280 1666 2348 (
1698 2278 1834 2332 Ibid.
1865 2296 1911 2333 υ.
1936 2280 2007 2333 46
2036 2280 2095 2348 )?

517 2362 583 2415 Et
621 2363 861 2417 Christus
899 2367 1114 2434 quidem
1153 2368 1335 2422 volens
1370 2384 1465 2422 nos
1498 2370 1563 2423 ad
1593 2384 1857 2425 summum
1888 2372 2096 2425 virtutis

515 2453 700 2508 venire
736 2454 995 2525 fastigium
1021 2499 1035 2522 ,
1070 2458 1172 2511 illis
1210 2462 1515 2528 superiores
1543 2461 1655 2515 vult
1684 2477 1803 2517 esse
1836 2482 1848 2517 :
1878 2478 1975 2517 nos
2004 2479 2097 2516 au-

518 2555 623 2598 tem
650 2546 928 2602 inferiores
953 2565 1073 2604 esse
1098 2551 1391 2607 studemus.
1424 2554 1489 2606 Et
1515 2554 1640 2623 quid
1667 2554 1787 2609 dico
1812 2597 1826 2621 ,
1859 2556 2099 2625 publica-

516 2637 634 2689 nis?
680 2639 980 2694 Deteriores
1019 2652 1073 2695 et
1114 2643 1435 2709 latronibus,
1467 2654 1521 2699 et
1552 2646 1915 2715 sepulcrorum
1955 2648 2098 2701 dire-

520 2730 773 2797 ptoribus,
805 2741 857 2785 et
886 2732 1183 2788 homicidis.
1215 2735 1419 2788 Etenim
1453 2735 1503 2789 hi
1536 2752 1724 2791 omnes
1752 2738 1975 2807 diligunt
2004 2755 2098 2795 eos

517 2825 605 2892 qui
645 2839 768 2893 erga
796 2840 854 2879 se
883 2826 1019 2881 bene
1056 2826 1232 2882 all‘ecti
1271 2838 1394 2882 sunt
1417 2872 1431 2895 ,
1456 2824 1513 2883 et
1542 2845 1907 2898 smpenumero
1936 2832 2094 2886 etiam

517 2930 615 2983 pro
661 2915 868 2970 dilectis
915 2918 1297 2985 periclitantur.
1354 2920 1489 2987 Quid
1540 2921 1699 2991 igitur
1741 2921 1899 2976 fuerit
1944 2924 2096 2976 nobis

518 3006 909 3071 miserablius,
954 3009 1041 3077 qui
1091 3019 1288 3064 tantam
1331 3026 1358 3063 a
1408 3012 1632 3066 Domino
1678 3013 2095 3069 misericordiam

517 3100 656 3154 nacti
685 3115 889 3164 sumus,
916 3113 969 3156 et
1000 3104 1277 3158 innumera
1309 3104 1445 3157 mala
1473 3106 1782 3160 facientibus
1806 3106 2097 3161 deteriores

517 3188 853 3245 invenimur?
899 3193 1131 3247 Obsecro
1174 3194 1371 3263 igitur,
1417 3200 1710 3265 cogitemus
1757 3208 1811 3251 et
1855 3198 2095 3267 supplicii

516 3284 929 3352 magnitudinem
954 3326 968 3346 ,
1005 3294 1059 3340 et
1114 3288 1440 3342 confusionis
1478 3304 1596 3358 qua:
1632 3289 1757 3343 alibi
1804 3288 1976 3344 futura
2016 3300 2099 3345 est

516 3378 861 3442 gravitatem,
892 3391 955 3431 ac
982 3378 1062 3431 vel
1092 3379 1280 3433 saltem
1311 3395 1449 3434 nunc
1485 3388 1718 3434 nostram
1745 3396 2096 3451 agnoscamus

517 3468 926 3533 generositatem
950 3510 967 3533 ,
1008 3478 1063 3524 et
1104 3470 1532 3539 obtemperemus
1568 3472 1824 3528 doctrinae
1866 3474 2095 3542 Christi,

520 3572 586 3612 ac
614 3573 718 3611 non
749 3559 918 3613 solum
951 3576 1049 3615 nos
1073 3562 1350 3632 diligentes
1379 3563 1586 3619 sincere
1611 3565 1888 3635 diligamus
1910 3606 1924 3629 ,
1953 3568 2097 3621 omni

519 3666 556 3702 υ
575 3650 645 3703 lio
670 3660 723 3704 et
748 3652 941 3705 invidia
967 3652 1034 3707 ab
1058 3654 1335 3709 animabus
1362 3657 1555 3711 nostris
1581 3657 1864 3713 eliminatis
1888 3676 1900 3711 :
1925 3659 2017 3713 sed
2045 3668 2101 3714 et

521 3757 616 3796 eos
642 3744 730 3813 qui
763 3744 1026 3800 hostiliter
1056 3762 1151 3801 nos
1180 3758 1569 3819 persequuntur
1590 3792 1605 3815 ,
1635 3750 1855 3821 diligere
1884 3754 2099 3808 studea-

519 3849 670 3886 mus:
703 3850 874 3906 neque
901 3837 1040 3891 enim
1067 3839 1221 3892 aliter
1262 3840 1485 3895 salutem
1515 3842 1764 3912 consequi
1798 3857 1895 3896 nos
1932 3844 2103 3912 possi-

519 3924 623 3981 bile
649 3928 768 3991 erit,
803 3930 901 3983 nisi
936 3930 1031 3984 hac
1060 3930 1367 3987 incedamus
1396 3934 1476 3987 via
1504 3942 1597 3988 :et
1625 3935 1791 4003 magis
1815 3951 1975 4005 quam
2005 3951 2101 3991 eos

526 4020 611 4087 qui
644 4035 741 4073 nos
769 4020 1017 4091 diligunt,
1047 4023 1167 4077 illos
1197 4024 1418 4093 diligere
1446 4026 1770 4094 Studeamus,
1800 4037 1983 4097 utpote
2012 4032 2099 4099 qui

525 4111 679 4165 nobis
705 4113 1102 4167 innumerorum
1132 4115 1391 4169 hoanrum
1418 4116 1523 4169 sint
1545 4128 1810 4173 auctores.
1847 4118 1935 4173 Sic
1958 4121 2100 4174 enim

523 4211 579 4256 et
618 4214 952 4272 peccatorum
998 4215 1300 4260 nostrorum
1341 4207 1707 4263 remissionem
1746 4211 2019 4274 invenire,
2049 4222 2103 4267 et

528 4296 796 4350 humiliata
829 4306 1006 4353 mente
1032 4311 1086 4353 et
1113 4301 1337 4353 contrita
1377 4301 1549 4354 anima
1582 4301 1745 4356 Deum
1773 4303 1977 4371 precari
2002 4319 2101 4372 po-

526 4388 768 4444 terimus.
796 4390 927 4455 Quia
955 4406 1075 4445 cum
1104 4393 1277 4445 anima
1314 4392 1383 4445 ab
1408 4393 1548 4445 omni
1576 4394 1699 4446 odio
1730 4394 1897 4449 libera
1927 4405 2103 4449 mente

524 4482 806 4551 tranquilla
829 4492 911 4536 est
932 4524 944 4544 ,
979 4484 1255 4537 Dominum
1284 4484 1467 4538 sedulo
1494 4485 1738 4551 invocat,
1772 4487 2103 4555 multumque

525 4572 627 4627 sibi
656 4586 883 4639 superne
912 4574 1161 4627 auxilium
1191 4576 1436 4628 conciliat
1466 4592 1479 4633 :
1507 4576 1644 4643 quod
1677 4576 1829 4631 nobis
1857 4578 2103 4633 omnibus

526 4666 849 4719 concedatur
871 4708 884 4729 ,
916 4668 1080 4734 gratia
1113 4677 1165 4720 et
1196 4667 1515 4735 benignitate
1553 4670 1758 4723 Domini
1788 4672 1951 4724 nostri
1978 4670 2103 4725 Jesu

526 4756 756 4821 Christi,
784 4758 865 4809 cui
894 4758 1059 4825 gloria
1088 4773 1209 4810 cum
1240 4758 1394 4812 Patre
1420 4770 1471 4812 et
1500 4770 1683 4813 sancto
1707 4761 1934 4829 Spiritu,
1965 4778 2105 4816 nunc

527 4857 582 4901 et
606 4863 836 4917 semper,
865 4860 917 4902 et
944 4850 993 4901 in
1019 4851 1211 4903 san'ula
1240 4852 1570 4903 sa‘culormn.
1607 4853 1794 4906 Amen.

1096 4940 1373 4994 HOMILIA
1413 4942 1540 4995 Llll.

529 5030 657 5084 Erat
684 5040 848 5084 autem
876 5029 1015 5084 Esau
1038 5048 1284 5085 annorum
1312 5034 1663 5101 quadraginta,
1688 5046 1732 5087 et
1759 5036 1903 5088 duxit
1925 5035 2106 5089 Iudith

600 5122 763 5191 ﬁliam
806 5121 924 5175 Beel
957 5122 1033 5194 (a)
1072 5120 1301 5185 Chettwi,
1354 5134 1398 5175 et
1446 5124 1713 5177 Basematlt
1756 5128 1913 5193 ﬁliam
1960 5127 2107 5179 Elom

600 5213 761 5278 Erwi,
788 5224 835 5266 et
857 5215 1219 5283 exasperabaut
1247 5213 1395 5267 Isaac
1435 5225 1481 5268 et
1528 5215 1802 5270 Rt‘bercam
1837 5215 1984 5287 (Gen.
2014 5218 2104 5272 26.

602 5306 691 5360 at.
720 5306 835 5377 55).
868 5372 871 5375 _

605 5422 656 5476 l.
684 5423 795 5491 Age
823 5433 875 5475 et
906 5422 1059 5476 hodie
1090 5422 1132 5475 si
1166 5423 1333 5491 placet
1363 5425 1729 5492 aggrediamur
1755 5440 1815 5478 ea
1845 5442 1959 5494 qum
1989 5426 2103 5481 lteri

595 5542 667 5603 (a)
699 5542 1149 5606 llehraicnstextns
1169 5540 1315 5588 ηκι.
1359 5535 1556 5595 Vulgata
1601 5545 1738 5585 recte
1766 5536 1931 5606 _neeri.
1981 5543 2106 5585 \‘oce

530 5606 860 5650 autemlatina
893 5602 1014 5657 Mel,
1040 5611 1263 5651 accurate
1291 5606 1633 5660 interpretatur
1650 5602 1809 5645 γενδῘο
1826 5605 1980 5646 GI‘IPCII
2000 5612 2104 5657 Bait.

528 5672 674 5712 Porro
698 5664 801 5711 huic
825 5665 983 5711 versio
1005 5673 1162 5713 Grteca
1188 5667 1395 5712 maxime
1420 5663 1630 5709 omnium
1649 5660 1705 5706 ad
1732 5660 2008 5708 Itehratcatn
2034 5660 2107 5708 le-

528 5726 949 5787 ctionemaccedit.
970 5734 1080 5774 Nam
1104 5728 1229 5787 quod
1258 5740 1345 5784 sup
1364 5726 1551 5785 legatur
1576 5735 1669 5787 pro,
1690 5732 1823 5779 Beer,
1842 5732 1923 5770 aut
1948 5722 2103 5787 liceri,

530 5788 583 5835 id
616 5786 741 5835 haud
771 5788 920 5835 dubie
948 5796 1109 5837 ortum
1122 5784 1194 5837 "ex
1224 5788 1619 5837 transmutatione
1643 5784 1889 5834 literarum
1905 5785 2101 5833 Hebrai-

1252 328 1307 383 S.
1347 326 1622 383 JOANNIS
1663 324 2129 379 CllllYSOSTOill
2174 325 2489 381 AllClllEP.
2532 327 3061 384 CONSTANTINOP.

3664 325 3769 379 464

2196 439 2334 494 dicta
2378 452 2689 511 sequuntur,
2713 454 2763 497 et
2801 443 3028 511 singula,
3056 451 3309 511 quantum
3341 440 3493 495 nobis
3514 440 3778 494 concedi-

2194 541 2299 598 tur,
2326 535 2648 601 aperiamus,
2674 544 2731 587 ut
2758 534 2974 589 domum
3003 548 3123 585 cum
3151 533 3374 585 utilitate
3403 532 3577 600 aliqua
3602 531 3784 585 redire

2195 623 2482 691 possimus.
2511 624 2794 679 Videamus
2830 625 3008 694 igitur,
3038 639 3157 693 qua:
3185 624 3409 690 primum
3452 622 3585 675 lecta
3633 636 3781 676 sunt.

2195 715 2282 768 54.
2312 714 2436 767 Erat
2463 724 2628 769 autem
2660 715 2815 779 Esau,
2842 716 3030 784 inquit,
3072 731 3318 767 annorum
3348 714 3707 783 quadraginta,
3735 725 3789 767 et

2198 806 2393 875 accepit
2419 804 2601 859 Juditlt
2628 808 2788 873 ﬁliam
2826 806 2946 860 Beel
2973 805 3201 870 Cliettazi,
3230 814 3276 857 et
3309 803 3581 857 Basematlt
3619 805 3789 872 ﬁliam

2197 896 2349 949 Elom
2376 896 2561 950 Eva’i:
2597 898 2686 952 '55.
2721 909 2765 951 et
2803 898 3168 967 cxasperabant
3206 894 3357 948 Isaac
3398 905 3445 949 et
3482 894 3788 946 Rebeccam.

2198 988 2331 1044 Vide
2348 999 2540 1059 quanta
2559 1006 2621 1044 ex
2642 991 2822 1059 paucis
2844 990 2925 1043 his
2944 989 3118 1042 verbis
3140 987 3338 1041 addisci
3358 984 3791 1056 possunt.Quare

2199 1082 2340 1136 enim
2371 1083 2525 1137 nobis
2552 1100 2831 1138 numerum
2877 1098 3137 1136 annorum
3188 1081 3330 1134 Esau
3373 1079 3640 1147 signavit?
3667 1078 3788 1132 Non

2198 1174 2400 1242 absque
2437 1190 2627 1239 causa,
2668 1174 2762 1229 sed
2816 1186 2871 1227 ut
2924 1180 3251 1228 senectutem
3290 1171 3558 1225 discamus
3606 1169 3785 1232 Isaac,

2199 1278 2424 1333 eumque
2444 1265 2551 1332 jam
2579 1274 2885 1333 provectum
2914 1264 3075 1317 fuisse
3097 1272 3271 1315 :etate.
3301 1260 3431 1314 Nam
3453 1260 3495 1312 si
3518 1274 3794 1313 memores

2200 1354 2454 1408 fuerimus
2475 1371 2656 1409 eorum
2684 1372 2802 1424 quin
2828 1364 2982 1409 antea
3005 1354 3142 1408 dicta
3171 1360 3313 1415 sunt,
3335 1362 3385 1405 et
3413 1367 3555 1413 eum,
3572 1349 3794 1419 quando

2202 1448 2402 1516 accepit
2418 1446 3087 1516 Rebeccam,quadraginta
3106 1460 3366 1499 annorum
3387 1442 3797 1511 fuisse,quando

2201 1547 2377 1592 autem
2410 1538 2515 1591 nati
2544 1548 2669 1593 sunt
2696 1539 2745 1593 ei
2776 1538 2889 1605 filii,
2924 1552 3184 1591 annorum
3215 1536 3520 1605 sexaginta:
3555 1537 3795 1588 sciemus

2202 1647 2322 1685 eum
2357 1646 2495 1685 nunc
2523 1634 2885 1686 centenarium
2917 1646 3057 1697 esse,
3087 1642 3142 1684 ct
3168 1631 3221 1684 in
3251 1628 3666 1700 profundissiina
3705 1642 3797 1681 se-

2202 1736 2435 1781 nectute.
2466 1727 2726 1793 Quoniam
2756 1726 2898 1781 enim
2941 1724 3161 1795 posthac
3194 1733 3503 1787 narraturus
3527 1729 3628 1781 est.
3654 1736 3797 1788 quo—

2204 1820 2364 1873 modo
2392 1835 2498 1889 prie
2540 1822 2690 1873 senio
2722 1818 3000 1872 hebetatos
3024 1817 3208 1871 oculos
3233 1816 3497 1879 habuerit,
3529 1813 3649 1867 ideo
3692 1827 3796 1865 nu-

2204 1926 2409 1989 merum
2433 1925 2695 1964 annorum
2725 1911 2865 1963 Esau
2893 1914 3147 1977 assignat,
3171 1917 3227 1962 ut
3258 1908 3380 1961 inde
3407 1918 3614 1975 tempus
3642 1904 3798 1958 Isaac

2203 2014 2352 2057 certo
2389 2002 2527 2057 scire
2576 2003 2863 2072 possimus.
2905 2001 3195 2071 Propterea
3234 1998 3395 2062 dicit,
3439 1998 3566 2051 Erat
3603 2007 3781 2049 autem

2205 2096 2346 2150 Esau
2372 2112 2620 2149 annorum
2665 2095 3022 2164 quadraginta.
3074 2092 3276 2146 Deinde
3320 2101 3372 2145 ut
3420 2091 3651 2145 sciamus
3696 2087 3798 2142 lilii

2203 2190 2319 2258 ejus
2361 2188 2735 2251 temeritatem,
2767 2186 2857 2255 qui
2889 2200 3083 2239 uxores
3121 2183 3351 2237 ducebat
3390 2197 3421 2235 a
3464 2180 3732 2251 gentibus,
3759 2194 3797 2231 a

2204 2282 2394 2350 quibus
2422 2296 2525 2333 non
2556 2280 2854 2348 oportebat,
2884 2276 3174 2331 declaravit
3205 2275 3379 2339 nobis,
3415 2289 3577 2328 unam
3624 2273 3823 2327 fuisse.

2203 2389 2265 2427 ex
2296 2388 2489 2443 genere
2508 2372 2888 2435 Chettmorum,
2905 2370 3061 2422 aliam
3086 2378 3261 2423 autem
3291 2384 3354 2421 ex
3378 2382 3574 2437 genere
3601 2365 3793 2419 Evmo-

2204 2481 2359 2528 rum;
2391 2464 2632 2531 quamvis
2675 2461 2807 2515 nihil
2846 2462 2951 2515 tale
2998 2475 3117 2513 eum
3167 2476 3323 2528 agere
3373 2458 3672 2527 oportebat,
3701 2456 3795 2525 qui

2206 2557 2480 2612 didicisset
2498 2565 2745 2625 quantam
2764 2552 3086 2624 diligentiam
3118 2550 3417 2623 patriarcha
3438 2549 3793 2613 adhibuisset,

2205 2649 2517 2717 prmeipiens
2545 2660 2701 2699 servo
2726 2659 2845 2705 suo,
2876 2656 2929 2697 ut
2956 2642 3023 2696 de
3044 2643 3361 2712 cognatione
3380 2656 3476 2695 sua
3511 2640 3620 2692 ﬁlio
3643 2639 3797 2692 Isaac

2201 2738 2555 2793 adduceretur
2582 2752 2743 2789 uxor:
2762 2736 2881 2803 quia
2905 2734 3063 2787 etiam
3097 2744 3266 2787 mater
3290 2733 3524 2802 ipsorum
3548 2730 3795 2783 Rebecca

2203 2844 2268 2884 ex
2293 2829 2529 2883 Charran
2562 2834 2799 2881 venerat.
2830 2824 3021 2879 Verum
3054 2836 3113 2877 ut
3158 2824 3339 2877 statim
3367 2822 3437 2876 ab
3476 2822 3627 2875 initio
3666 2835 3797 2873 suos

2205 2924 2532 2978 inordinatos
2584 2936 2761 2976 mores
2813 2917 3091 2983 indicaret,
3124 2916 3439 2971 inconsultis
3487 2915 3795 2983 parentibus

2206 3016 2326 3068 illas
2353 3013 2521 3067 duxit.
2554 3013 2620 3066 lit
2646 3020 2703 3065 ut
2728 3010 2958 3064 sciamus
2986 3024 3144 3077 quam
3183 3007 3321 3060 male
3348 3014 3570 3059 moratae
3600 3005 3793 3057 mulie-

2206 3120 2293 3159 res
2335 3103 2546 3167 fuerint,
2577 3102 2707 3157 dicit
2751 3101 3025 3168 Scriptura
3067 3115 3080 3151 :
3134 3096 3202 3151 Et
3246 3106 3390 3150 erant
3437 3104 3797 3164 exasperantes

2205 3197 2355 3253 Isaac
2393 3208 2439 3250 et
2490 3196 2783 3249 Rebeccam.
2837 3194 2901 3247 Et
2938 3191 3063 3262 quid
3103 3201 3186 3245 est
3225 3190 3324 3243 hac
3374 3189 3573 3242 malitia
3616 3188 3792 3256 pejus,

2206 3288 2418 3358 quando
2448 3287 2550 3340 illm
2574 3300 2695 3354 quae
2720 3299 2931 3338 omnem
2974 3282 3233 3336 honorem
3281 3279 3592 3349 impendere
3635 3279 3801 3332 debe-

2206 3380 2353 3447 bant,
2374 3394 2480 3433 non
2502 3378 2672 3433 solum
2696 3376 2797 3430 hoc
2823 3392 2926 3429 non
2946 3375 3191 3445 agebant,
3206 3372 3299 3427 sed
3325 3382 3381 3426 et
3405 3371 3473 3425 ad
3489 3371 3798 3425 contentio-

2206 3490 2327 3529 nem
2377 3481 2573 3542 paratae
2615 3468 2805 3525 erant?
2854 3468 2980 3522 llazc
3022 3477 3199 3521 autem
3228 3466 3407 3519 omnia
3454 3478 3559 3518 non
3592 3464 3799 3531 absque

2205 3580 2364 3620 causa
2400 3562 2617 3617 historia
2658 3562 2814 3614 nobis
2862 3557 3156 3627 significat;
3206 3555 3301 3610 sed
3348 3563 3405 3608 ut
3434 3564 3642 3624 postea,
3673 3568 3797 3607 cum

2209 3657 2407 3712 videris
2420 3655 2716 3710 Rebeccam
2735 3651 2898 3707 Jacob
2920 3650 3106 3719 majori
3128 3647 3497 3704 benevolentia
3520 3646 3797 3717 prosequi,

2206 3750 2383 3805 discas
2410 3762 2528 3802 eam
2562 3760 2665 3799 non
2705 3743 2897 3813 injuria
2923 3758 3037 3796 rem
3080 3756 3200 3797 eam
3226 3740 3441 3795 fecisse.
3466 3737 3583 3793 Jam
3617 3748 3798 3790 autem

2208 3855 2276 3896 ne
2312 3839 2506 3895 seriem
2543 3844 2826 3891 contextus
2865 3832 3271 3903 prreveniamus,
3314 3830 3510 3899 scripta
3552 3828 3665 3897 ipsa
3707 3842 3799 3881 se-

2208 3944 2454 3999 quamur.
2492 3929 2541 3982 ι.
2574 3926 2792 3979 Factum
2818 3934 2888 3978 est
2913 3934 3078 3977 autem
3114 3932 3377 3992 postquam
3423 3920 3587 3974 senuit
3617 3916 3796 3983 Isaac,

2208 4035 2253 4079 et
2274 4022 2484 4077 hebetati
2509 4028 2625 4075 sunt
2647 4018 2779 4072 oculi
2804 4019 2915 4089 ejus
2935 4017 3001 4069 ad
3024 4017 3289 4069 videndum
3311 4013 3468 4087 (Cap.
3509 4012 3619 4082 27)
3642 4029 3655 4064 :
3686 4012 3799 4081 jam

2210 4118 2373 4180 enim,
2392 4114 2582 4182 inquit.
2604 4126 2711 4180 prae
2732 4111 2885 4164 senio
2913 4108 3094 4162 videre
3122 4122 3228 4160 non
3251 4113 3490 4175 poterat:
3525 4113 3573 4156 et
3603 4103 3801 4155 vocavit

2212 4209 2351 4263 Esau
2371 4207 2530 4270 lilium
2557 4220 2705 4257 suum
2730 4211 2851 4255 natu
2876 4200 3140 4269 majorem,
3158 4206 3206 4249 et
3231 4198 3356 4249 dixit
3376 4195 3457 4249 ei:
3485 4194 3541 4247 2.
3570 4192 3677 4246 Fili
3705 4193 3793 4257 mi,

2210 4317 2321 4353 ecce
2351 4299 2512 4359 senui,
2551 4305 2596 4347 et
2626 4294 2791 4347 nescio
2821 4293 2954 4344 diem
2981 4290 3155 4343 mortis
3175 4302 3317 4341 mem.
3352 4288 3403 4342 5.
3455 4285 3612 4338 Nunc
3641 4287 3800 4357 igitur

2209 4404 2352 4443 sume
2391 4402 2534 4439 arma
2579 4393 2685 4449 tua,
2726 4382 3012 4453 pharetram
3058 4388 3104 4431 et
3146 4394 3339 4444 arcum,
3371 4386 3417 4430 et
3460 4376 3699 4446 egredere
3744 4375 3799 4429 in

2211 4495 2466 4548 campum,
2509 4485 2556 4530 et
2598 4491 2778 4529 venare
2820 4471 2943 4525 milii
2984 4469 3325 4533 uenationem,
3359 4469 3411 4522 4.
3455 4477 3502 4520 et
3540 4472 3625 4536 [ac
3672 4468 3800 4519 mihi

2212 4574 2399 4636 edulia,
2443 4572 2570 4623 sicut
2602 4584 2691 4636 ego
2743 4580 2879 4630 amo,
2922 4573 2967 4617 et
2997 4561 3125 4628 a/fer
3164 4560 3309 4626 mihi,
3350 4568 3406 4612 ut
3434 4560 3716 4623 comedam,
3746 4567 3800 4610 ut

2212 4661 2467 4716 benedicat
2507 4670 2552 4711 te
2594 4659 2763 4710 anima
2807 4670 2937 4720 mea,
2980 4654 3270 4723 priusquam
3307 4666 3396 4721 ego
3442 4652 3655 4702 moriar.
3702 4648 3801 4703 Hic

2212 4755 2454 4815 obsecro,
2472 4750 2683 4811 dilecte,
2715 4744 3081 4799 animadverte
3112 4743 3425 4797 immensam
3459 4739 3551 4794 Dei
3582 4740 3802 4809 sapien—

2215 4848 2361 4910 tiam,
2390 4852 2445 4898 et
2490 4840 2758 4911 quomodo
2809 4846 2958 4907 pater
2999 4835 3212 4905 quidem
3252 4834 3536 4903 genuinam
3583 4846 3698 4901 pra:
3742 4846 3804 4886 se

2216 4940 2394 4992 ferens
2442 4933 2810 4993 dilectionem,
2861 4929 2977 4983 haec
3027 4926 3309 4997 imperavit
3359 4926 3536 4990 Esau;
3580 4926 3802 4994 sapiens

2214 5039 2389 5081 autem
2416 5036 2469 5079 et
2494 5025 2831 5092 omnipotens
2862 5021 3117 5074 Dominus
3144 5034 3239 5088 per
3268 5019 3567 5073 Rebeccam
3601 5018 3801 5087 prmdi-

2214 5121 2444 5173 ctioncm
2494 5130 2643 5168 suam
2690 5112 2896 5182 impleri
2941 5118 3108 5173 curat,
3137 5111 3337 5163 docens
3384 5125 3500 5176 nos,
3534 5122 3799 5180 quantum

2213 5211 2423 5264 valeant
2448 5208 2611 5260 virtus
2637 5214 2690 5260 et
2710 5219 2915 5258 morum
2939 5204 3189 5257 suavitas.
3220 5202 3313 5256 ille
3340 5203 3482 5255 enim
3510 5212 3565 5256 et
3592 5203 3663 5257 ob
3690 5204 3802 5271 pri-

2216 5300 2630 5370 mogenituram,
2664 5306 2718 5350 et
2746 5297 2816 5349 ob
2862 5294 3024 5363 patris
3066 5308 3189 5362 erga
3218 5308 3277 5346 se
3311 5293 3651 5348 affectionem
3686 5295 3799 5363 pri—

2216 5368 2415 5449 matiim
2458 5407 2516 5446 se
2557 5390 2753 5444 habere
2795 5396 3005 5457 putans,
3034 5387 3190 5442 simul
3224 5386 3511 5441 destitutus
3542 5388 3800 5443 omnibus

2215 5493 2459 5544 inventus
2480 5496 2581 5552 est,
2606 5486 2725 5555 quia
2751 5499 2871 5553 qua:
2900 5484 2951 5535 in
2977 5496 3035 5536 se
3060 5489 3232 5547 erant,
3255 5479 3449 5535 afferre
3475 5480 3680 5535 noluit:
3710 5481 3802 5537 hic

2214 5591 2414 5645 autem,
2437 5576 2559 5648 quia
2594 5575 2884 5631 domestica
2905 5580 3018 5626 erat
3048 5572 3243 5625 virtute
3270 5571 3545 5640 praeditus,
3574 5582 3630 5625 et
3670 5586 3800 5641 gra-

2212 5732 2391 5775 carum,
2415 5727 2524 5777 qua:
2549 5712 2830 5777 {requenter
2854 5709 3020 5761 accidit
3056 5711 3107 5760 in
3130 5708 3307 5773 Bibliis,
3331 5718 3385 5762 ut
3408 5711 3457 5760 in
3473 5707 3783 5774 Prolegome

2217 5786 2289 5830 nis
2310 5780 2369 5831 ad
2381 5773 2601 5837 'Hexapla
2616 5773 2930 5823 ostendimus.
