4084 6356
295 435 403 493 δθὸ

294 552 458 623 φύσει
489 554 555 623 τῇ
595 552 912 627 ἀνθρωπίνῃ
955 553 1275 625 ἐγκειμένου
1315 556 1395 627 τῷ
1437 556 1698 610 συνειδότι
1740 556 1881 611 διδα-

296 635 495 688 σκάλου
507 635 701 705 όδηγού
709 653 889 707 μενος,
903 637 1169 707 τοσαύτην
1186 638 1505 707 φιλοσοφίαν
1516 640 1877 707 ἐ,πεδείκνυτο;

292 720 374 771 Τά
408 719 518 787 γὰρ
550 721 890 790 γεγενημένα
925 721 987 772 ού
1020 721 1179 791 μόνον
1206 721 1306 792 τὴν
1333 722 1637 775 ἐπιείκειαν
1668 722 1877 775 ἐδείκνυ

294 800 385 851 τοῦ
407 800 617 853 δικαίου
643 802 833 855 τούτου
851 817 865 832 ·
897 802 1033 856 ἀλλά
1060 804 1154 857 καὶ
1176 803 1246 857 τὰ
1273 803 1367 856 τοῦ
1394 803 1633 875 Χριστοῦ
1660 819 1878 875 παραγ-

290 883 545 954 γέλματα
569 884 635 938 δι’
663 886 842 939 αὐτῶν
866 886 974 939 τῶν
1000 886 1177 958 ἔργων
1202 887 1366 941 αὑτὸν
1387 887 1631 959 πληροῦν
1663 887 1879 958 ἀπέφη’

291 983 372 1019 νε.
425 968 536 1021 Καὶ
572 968 708 1039 ὅπερ
755 968 785 1020 6
822 970 1057 1039 Χριστὸς
1106 969 1261 1038 ἔλεγε
1304 970 1722 1039 διαταττόμενος
1763 973 1878 1033 τοῖς

294 1049 565 1122 μαθηταῖς
592 1054 688 1106 καὶ
734 1054 1034 1124 παραινῶν,
1073 1054 1133 1106 οὐ
1185 1055 1344 1125 μόνον
1386 1056 1513 1118 τοὺς
1547 1053 1876 1123 ἀγαπιῖιντας

290 1134 536 1206 ἀγαπᾷν,
557 1135 691 1188 ἀλλά
717 1138 812 1191 καὶ
838 1136 974 1208 πρὸς
990 1138 1117 1201 τοὺς
1144 1138 1369 1208 ἐχθροὺς
1389 1138 1488 1207 τὴν
1510 1139 1731 1207 ἀγάπην
1756 1140 1877 1191 ἐπι-

291 1214 625 1280 δείκνυσθαι,
667 1220 827 1275 τοῦτο
866 1214 1021 1286 οὗτος
1058 1222 1264 1276 ἄνωθεν
1310 1220 1585 1293 ἐπλήρου,
1617 1220 1875 1292 καὶπρὸς

290 1303 422 1365 τοὺς
461 1302 714 1357 τοσοῦτον
746 1307 905 1375 μῖσος
932 1306 1061 1377 περὶ
1088 1306 1250 1359 αὑτὸν
1282 1306 1584 1377 ἐσχηκότας
1605 1304 1874 1374 τοσαύτην

292 1386 642 1441 ἐπεδείκνυτο
677 1388 775 1460 τὴν
816 1389 1139 1459 φιλοξενίαν,
1161 1389 1340 1443 καὶτὸ
1380 1390 1480 1462 τῆς
1506 1388 1874 1461 μνησικακίας

292 1470 465 1533 πάθος
488 1468 711 1541 ἐξώριζε
739 1473 838 1542 τῆς
866 1471 1061 1527 ἐαυτοῦ
1095 1473 1297 1543 ψυχῆς.

363 1561 428 1610 ε’.
447 1554 602 1617 Τίνος
627 1553 720 1608 οὖν
738 1554 804 1609 ἂν
817 1554 1007 1626 εἴημεν
1019 1558 1179 1625 ἡμεῖς
1197 1554 1527 1626 συγγνώμης
1541 1553 1700 1619 ἄξιοι,
1713 1555 1746 1624 ή
1755 1554 1874 1625 μεῖς

290 1638 343 1689 οἱ
384 1636 524 1708 μετὰ
569 1638 670 1708 τὴν
696 1638 889 1709 χάριν,
926 1638 1021 1692 καὶ
1055 1638 1152 1709 τὴν
1186 1637 1451 1709 τοσαύτην
1490 1636 1870 1703 διδασκαλίαν,

291 1723 388 1774 καὶ
416 1722 483 1775 τά
506 1720 599 1773 τοῦ
632 1721 881 1792 Σωτῆρος
907 1721 1361 1793 παραγγέλματα,
1390 1721 1511 1775 ούδέ
1531 1721 1592 1775 τὸ
1614 1718 1747 1774 αύτὺ
1778 1718 1871 1791 μέ-

290 1820 422 1876 τρον
441 1805 519 1876 τῷ
548 1805 740 1877 δικαίῳ
759 1807 935 1875 τούτῳ
955 1805 1156 1875 φθάσαι
1176 1806 1496 1877 δυνάμενοις
1522 1806 1629 1859 Καὶ
1649 1805 1702 1859 τί
1729 1804 1872 1873 λέγω

290 1888 352 1942 τὸ
378 1888 511 1942 αὐτὸ
546 1888 774 1960 μέτρονς
819 1888 979 1943 Ἀλλά
1009 1890 1145 1959 μηδέ
1167 1890 1333 1958 ἐγγὺς
1361 1890 1549 1960 στῆναι
1576 1888 1867 1959 ἰσχύοντες.

289 1971 541 2043 Τοσαύτη
580 1974 690 2044 γὰρ
722 1971 815 2026 νῦν
847 1973 1151 2025 ἐπεπόλασε
1174 1974 1274 2042 τῆς
1294 1973 1543 2043 κακίαςὴ
1572 1971 1867 2042 ὑπερϐολὴ,

285 2054 366 2118 ὼς
397 2056 621 2110 σπάνιον
652 2050 792 2109 εἷναι
818 2055 911 2109 καὶ
935 2057 1060 2118 τοὺς
1079 2055 1409 2123 ἀγαπῶντας
1438 2057 1676 2127 ἀγαπᾷν.
1700 2054 1871 2107 Πόθεν

285 2137 385 2195 οὖν
414 2142 543 2212 ἡμῖν
561 2140 714 2193 ἔσται
737 2139 1010 2212 σωτηρίας
1034 2141 1208 2204 ἐλπὶς,
1241 2143 1288 2193 εί
1322 2140 1609 2211 μέλλοιμεν
1634 2138 1729 2193 καὶ
1761 2137 1871 2191 τῶν

289 2224 540 2277 τελωνῶν
584 2222 799 2294 χείρους
831 2222 1105 2291 γίνεσθαι;
1155 2221 1336 2286 καθώς
1366 2236 1528 2292 φησιν
1574 2222 1603 2276 6
1636 2220 1871 2292 Χριστὸς

288 2306 487 2375 λέγων,
528 2305 675 2361 Ἐὰν
721 2305 985 2376 ἀγαπᾶτε
1035 2307 1179 2371 τοὺς
1205 2304 1560 2375 ἀγαπῶντας
1586 2303 1776 2374 ὑμᾶς,
1812 2302 1873 2357 τι

287 2389 591 2458 περισσὸν
626 2390 884 2452 ποιεῖτες
932 2389 1065 2459 οὐχὶ
1105 2388 1204 2443 καί
1237 2391 1290 2441 οἱ
1334 2387 1587 2442 τελῶναι
1620 2387 1686 2441 τὸ
1723 2386 1871 2441 αὐτὸ

284 2474 570 2539 ποιοῦσυ
604 2474 716 2528 Καὶ
760 2475 790 2526 6
833 2474 930 2544 μὲν
972 2474 1205 2543 Χριστὸς
1238 2471 1557 2542 βουλόμενος
1606 2472 1753 2543 ἡμᾶς
1790 2472 1871 2532 είς

287 2559 389 2626 τὴν
407 2557 582 2629 ἄκραν
603 2557 847 2629 κορυφὴν
868 2557 967 2627 τῆς
989 2557 1189 2626 ἀρετῆς
1204 2555 1465 2621 ἀνελθεῖν,
1488 2553 1709 2608 ἐκείνων
1733 2555 1871 2607 ἀνω·

287 2640 481 2710 τέρους
518 2637 652 2694 εἶναι
689 2639 966 2710 βούλεται*
1008 2641 1170 2710 ἡμεῖς
1220 2638 1278 2691 δὲ
1310 2639 1580 2691 κάκείνων
1616 2637 1869 2699 ἐλάττους

289 2720 428 2777 εἶναι
462 2725 783 2794 σπεύδομεν.
801 2723 951 2796 [515]
976 2724 1085 2776 Καὶ
1108 2723 1158 2776 τί
1185 2722 1328 2791 λέγω
1347 2720 1623 2785 τελωνῶνς
1654 2721 1870 2790 χείρους

289 2809 386 2860 καὶ
401 2807 510 2861 τῶν
524 2806 757 2878 λῃστῶν,
776 2809 871 2860 καὶ
897 2807 1003 2859 τῶν
1019 2805 1416 2876 τυμϐωρύχων,
1436 2804 1529 2857 καὶ
1556 2803 1663 2857 τῶν
1681 2804 1870 2873 ἀνδρο·

290 2891 489 2959 φόνων.
527 2891 633 2944 Καὶ
656 2890 765 2962 γάρ
785 2889 986 2943 τούτων
1013 2889 1243 2951 ἕκαστος
1264 2888 1356 2940 τὸν
1385 2886 1518 2958 πρὸς
1546 2887 1708 2940 αὐτὸν
1731 2888 1869 2954 ἀγα-

288 2974 537 3045 πητικῶς
572 2974 910 3044 διακείμενον
950 2973 1161 3043 ἀγαπᾷ,
1196 2973 1291 3025 καὶ
1337 2972 1596 3031 πολλάκις
1628 2973 1719 3025 καὶ
1750 2988 1870 3024 κινο

286 3056 526 3111 δυνεύειν
554 3059 695 3129 ὑπὲρ
734 3056 826 3111 τοῦ
858 3058 1143 3128 ἀγαπητοῦ
1177 3057 1547 3128 καταδέχεται.
1582 3055 1647 3109 Τί
1676 3052 1768 3110 οῦν
1801 3055 1868 3109 ἀν

289 3142 377 3211 εἴη
408 3141 562 3213 ήμῶν
594 3142 969 3213 ἐλεεινότερον,
993 3142 1124 3194 ὅταν
1156 3142 1206 3194 οἱ
1249 3140 1515 3210 τοσαύτης
1548 3140 1868 3207 ἀξιωθέντες

289 3225 443 3297 παρὰ
463 3225 555 3278 τοῦ
576 3223 711 3277 Θεοῦ
736 3224 1144 3295 φιλανθρωπίας
1163 3225 1272 3277 τῶν
1293 3224 1461 3296 μυρία
1482 3224 1867 3295 ἐργασαμένων

288 3310 437 3364 κακά
472 3307 854 3382 εὑρισκώμεθα
887 3309 1138 3380 χείρους;
1169 3307 1506 3372 Ἐννοοῦντες
1532 3308 1734 3371 τοίνυν,
1762 3322 1867 3360 πα-

288 3391 535 3461 ρακαλῶ,
560 3392 656 3445 καὶ
683 3395 781 3464 τῆς
800 3392 1072 3463 τιμωρίας
1096 3391 1197 3462 τῆς
1223 3392 1341 3444 ἐκεῖ
1369 3390 1659 3461 γινομένης
1686 3388 1747 3442 τὸ
1773 3389 1868 3460 μέ-

286 3475 471 3544 γεθος,
503 3474 717 3545 καὶτῆς
745 3475 1009 3546 αἰσχύνης
1033 3475 1134 3545 τῆς
1157 3474 1392 3529 ἐνταῦθα
1412 3474 1509 3547 τὴν
1536 3473 1864 3546 ὑπερϐολὴν,

283 3560 390 3630 ὀψὲ
424 3558 556 3628 γοῦν
580 3574 711 3611 ποτε
735 3558 835 3629 τὴν
862 3557 1070 3612 οίκείαν
1100 3559 1413 3630 ἐπιγνῶμεν
1436 3560 1735 3627 εὐγένειαν,
1770 3558 1867 3611 καὶ

285 3643 605 3715 πειθώμεθα
636 3642 702 3713 τῇ
736 3641 832 3696 τοῦ
861 3642 1098 3714 Χριστοῦ
1120 3642 1458 3716 διδασκαλίᾳ,
1483 3645 1577 3696 καὶ
1610 3642 1682 3714 μὴ
1706 3641 1866 3714 μόνον

285 3728 416 3791 τοὺς
445 3728 775 3796 ἀγαπῶντας
815 3725 1118 3796 ἀγαπῶμεν
1153 3727 1412 3799 γνησίως,
1444 3728 1623 3780 πᾶσαν
1655 3726 1865 3796 βασκαο

286 3811 410 3865 νίαν
429 3811 524 3865 καὶ
550 3810 742 3880 φθόνον
775 3802 1111 3883 ἐξορίξοντες
1139 3810 1239 3881 τῆς
1260 3810 1469 3863 ἐαυτῶν
1498 3809 1699 3881 ψυχῆς,
1727 3809 1866 3864 ἀλλά

285 3894 393 3948 κᾶν
427 3893 712 3965 ἐχθρωδῶς
734 3910 879 3957 τινες
904 3887 1008 3947 ῶσι
1040 3893 1177 3963 πρὸς
1207 3894 1356 3964 ἡμᾶς
1387 3892 1740 3964 διακείμενοι,
1773 3894 1867 3947 καὶ

284 3977 509 4041 τούτους
535 3978 755 4048 ἀγαπᾷν
796 3974 1214 4048 σπουδάζωμεν·
1251 3977 1346 4030 καὶ
1378 3975 1489 4049 γὰρ
1526 3976 1649 4029 οὐδὲ
1666 3976 1867 4049 ἐτέρως

288 4061 530 4132 σωθῆναι
546 4047 772 4115 δυνατὸν
794 4061 970 4131 ἡμᾶς,
992 4059 1069 4130 μὴ
1091 4059 1298 4131 ταύτην
1325 4047 1579 4123 ἐλθόντας
1598 4059 1695 4126 τὴν
1710 4047 1828 4113 ὀδόν
1847 4075 1861 4090 ο

286 4145 384 4199 καὶ
423 4145 623 4216 μᾶλλον
650 4143 760 4196 τῶν
803 4141 1149 4219 ἀγαπώντων
1195 4144 1344 4212 ἡμᾶς
1381 4142 1604 4205 τούτους
1645 4142 1866 4211 ἀγαπᾷν

288 4225 702 4297 σπουδάζωμεν,
726 4226 823 4280 ἀτε
848 4226 915 4298 δὴ
952 4224 1166 4297 μυρίων
1185 4225 1218 4296 ή
1226 4228 1319 4296 μίν
1342 4224 1453 4278 τῶν
1476 4224 1699 4294 ἀγαθῶν
1731 4241 1867 4295 προ-

285 4309 476 4376 ξένους
510 4309 852 4380 γινομένους.
885 4307 1046 4385 Οὕτω
1069 4306 1178 4380 γάρ
1211 4310 1305 4363 καὶ
1328 4308 1438 4362 τῶν
1463 4307 1867 4382 ἡμαρτημένων

284 4397 422 4466 ἡμῖν
447 4395 545 4464 τὴν
571 4391 917 4464 συγχώρησιν
947 4390 1212 4463 εὕρασθαι
1230 4391 1591 4463 δυνησόμεθα,
1612 4393 1705 4446 καὶ
1727 4393 1867 4463 μετά

284 4477 732 4548 κατεσταλμένης
774 4474 1014 4540 διανοίας
1046 4476 1141 4529 καὶ
1171 4476 1638 4548 συντετριμμένης
1686 4476 1865 4547 ψυχῆς

283 4564 386 4626 τάς
419 4560 556 4632 πρὸς
571 4561 661 4614 τὸν
681 4559 814 4613 Θεδν
845 4559 1053 4623 ίκεσίας
1080 4559 1373 4613 ποιεῖσθαι.
1399 4560 1569 4612 Ὅταν
1584 4560 1693 4629 γὰρ
1718 4559 1864 4630 ψυχὴ

282 4645 448 4708 ἐκτὸς
478 4644 707 4713 γένηται
739 4642 921 4711 πάσης
941 4636 1260 4713 ἀπεχθείας,
1287 4643 1381 4696 καὶ
1406 4643 1498 4696 τὸν
1528 4641 1788 4713 λογισμὸν
1808 4644 1865 4695 ἐν

283 4728 502 4798 γαλήνῃ
535 4726 819 4798 ἱδρυμένον
852 4724 971 4799 ἔχῃ,
1009 4727 1146 4796 μετά
1174 4725 1374 4795 πολλῆς
1406 4726 1504 4796 τῆς
1536 4727 1748 4797 νήψεως
1774 4726 1865 4779 τὸν

283 4809 567 4878 Δεσπότην
606 4809 885 4871 καλοῦσα,
929 4807 1131 4878 πολλὴν
1165 4810 1463 4861 ἐπισπᾶται
1507 4808 1605 4879 τὴν
1659 4809 1866 4862 ἄνωθεν

288 4892 497 4965 ῥοπήν·
538 4887 606 4963 ἦς
636 4891 849 4959 γένοιτο
878 4890 1086 4953 πάντας
1117 4893 1265 4962 ἡμᾶς
1309 4891 1629 4962 ἀξιωθῆναι,
1680 4892 1865 4962 χάριτι

283 4976 384 5031 καὶ
422 4974 800 5046 φιλανθρωπίᾳ
829 4974 924 5027 τοῦ
969 4974 1175 5042 Κυρίου
1206 4974 1363 5045 ἡμῶν
1400 4974 1574 5042 Ἰησοῦ
1601 4975 1863 5047 Χριστοῦ,

289 5059 415 5132 μεθ’
445 5051 507 5112 οῦ
541 5060 619 5128 τῷ
654 5060 830 5130 Πατρὶ
877 5062 910 5129 ὴ
950 5055 1100 5121 δόξα,
1134 5057 1249 5128 ἅμα
1284 5057 1365 5127 τῷ
1393 5059 1533 5129 ἀγίῳ
1564 5058 1863 5130 Πνεύματι,

283 5142 385 5196 νῦν
407 5141 502 5195 καὶ
525 5142 632 5204 ἀεὶ,
655 5142 749 5194 καὶ
776 5144 855 5204 εἰς
878 5142 1007 5203 τοὺς
1029 5139 1230 5203 αἰῶνας
1251 5140 1361 5193 τῶν
1388 5141 1619 5195 αἰώνων.
1667 5143 1860 5215 Ἀμήν.

887 5288 1129 5343 OMIAIA
1161 5288 1209 5341 Ν
1215 5289 1284 5344 Γ’.

280 5400 400 5459 Ἦν
423 5402 495 5457 δὲ
510 5473 516 5474 γ
532 5402 717 5457 Ἡσαῦ
743 5402 895 5474 ἐτῶν
920 5402 1394 5474 τεσσαράκοντα,
1418 5403 1516 5456 καὶ
1544 5404 1723 5459 ἔλαϐε
1750 5405 1865 5474 τὴν

370 5473 589 5529 Ἰουδὶο
609 5473 903 5543 θυγατέρα
951 5474 1111 5541 Βεὴλ
1153 5473 1259 5527 τοῦ
1293 5474 1597 5541 Χετταίου,
1624 5473 1862 5543 καὶίτὴν

356 5546 639 5622 ῌἯεμὰθ
662 5542 1171 5622 θυγατέραςελὼίι
1200 5543 1306 5622 τοῦ
1315 5544 1568 5622 Εὐαίου,
1588 5547 1683 5598 καὶ
1700 5542 1865 5616 ἦσαν

355 5612 659 5682 ἐρίζουσαι
694 5612 776 5678 τῷ
821 5613 1029 5668 Ἰσαὰκ
1058 5612 1158 5668 καὶ
1194 5612 1269 5683 τῇ
1315 5614 1613 5681 Ῥεϐέκκα.
1659 5631 1671 5640 ·

360 5721 434 5777 α’.
456 5724 592 5797 Φέρε
625 5722 721 5777 καὶ
754 5724 1011 5795 σήμερον,
1031 5726 1079 5777 εί
1096 5724 1261 5787 δοκεῖ,
1291 5724 1360 5779 τά
1378 5724 1505 5794 ἐξῆς
1521 5724 1626 5778 τῶν
1643 5726 1767 5795 χθὲς
1788 5729 1862 5780 εί-

283 5807 543 5877 ρημένων
572 5807 912 5871 ἐπελθόντες,
940 5808 1083 5861 κατά
1100 5807 1160 5861 τὸ
1174 5811 1308 5878 ἡμῖν
1330 5807 1610 5879 ἐγχωροῦν
1624 5808 1863 5863 ἀναπτύ-

281 5888 472 5961 ξιιὸμεν
499 5890 729 5943 ’ἑκαστον
766 5888 879 5943 τῶν
919 5893 1344 5963 γεγραμμένων,
1373 5891 1460 5947 ἴνα
1484 5891 1582 5963 τὴν
1610 5891 1860 5949 ἐντεῦθεν

580 5986 858 6049 ΡΔτιοι.
904 5984 1023 6049 Gn.
1064 5987 1223 6053 LIV.

1358 437 1431 495 IN
1468 437 1621 495 CAP.
1658 439 1846 499 XXVII
1869 438 2117 499 GENES.
2165 441 2402 499 IIOMIL.
2442 439 2579 499 LIII.

3455 440 3564 497 ιοι

1986 559 2254 628 ὠφέλειαν
2296 559 2746 632 καρπωσάμενοι,
2784 557 2958 622 οὕτως
2990 557 3170 612 οἴκαδε
3196 556 3563 629 ἀναχωρήσω-

1988 658 2110 711 μεν.
2145 643 2377 714 Ἴδωμεν
2407 644 2589 695 τοίνυν
2625 641 2726 714 τὴν
2755 643 2929 712 ἀρχὴν
2972 642 3082 696 τῶν
3110 641 3561 711 ἀνεγνωσμένων.

1984 720 2094 778 Ἦν
2142 724 2212 777 δὲ
2251 726 2457 788 Ἠσαῦ,
2513 726 2699 795 φησιν,
2746 724 2898 778 ἐτῶν
2932 722 3407 792 τεσσαράκοντα,
3464 722 3563 776 καὶ

1983 806 2163 861 ἔλαϐε
2189 806 2307 876 τὴν
2343 796 2562 863 Ἰουδὶθ
2594 808 2884 877 θυγατέρα
2916 807 3079 874 Βεὴλ
3111 805 3218 859 τοῦ
3251 806 3561 868 Χετταίου,

1984 888 2083 943 καί
2110 888 2223 957 τὴν
2235 892 2516 960 Βασεμὰθ
2537 891 2829 960 θυγατέρα
2861 890 3046 957 Ἐλὼμ
3069 888 3173 942 τοῦ
3191 890 3436 949 Εὐαίου,
3462 886 3562 939 καὶ

1982 967 2147 1042 ἦσαν
2163 972 2461 1041 ἐρίζουσαι
2488 973 2569 1040 τῷ
2613 973 2817 1027 Ἰσαὰκ
2842 974 2943 1028 καὶ
2972 972 3047 1041 τῇ
3086 971 3386 1039 Ῥεϐέκκα.
3413 971 3559 1039 Ὅρα

1983 1054 2126 1109 πόσα
2157 1055 2223 1108 ἐκ
2248 1055 2357 1109 τῶν
2395 1056 2592 1125 ὀλίγων
2621 1057 2825 1111 τούτων
2868 1057 3126 1128 ῥημάτων
3156 1055 3270 1108 ἐστι
3301 1068 3556 1123 καταμαο

1983 1139 2118 1194 θεῖν.
2145 1138 2306 1204 Τίνος
2321 1140 2428 1210 γὰρ
2450 1140 2635 1193 ἕνεκεν
2651 1142 2781 1211 ἡμῖν
2809 1140 2900 1194 τὸν
2922 1140 3155 1211 ἀριθμὸν
3178 1138 3285 1192 τῶν
3303 1137 3438 1190 ἐτῶν
3459 1133 3554 1188 τοῦ

1990 1224 2164 1278 Ἡσαῦ
2188 1225 2463 1295 ἐσήμανεν
2486 1240 2501 1291 ;
2524 1226 2636 1295 Ούχ
2655 1223 2859 1289 ἁπλῶς,
2874 1224 2990 1278 ἀλλ’
3007 1224 3093 1277 ἵνα
3118 1221 3365 1276 ἐντεῦθεν
3388 1235 3546 1273 κατα-

1984 1308 2246 1379 μάθωμεν
2272 1308 2365 1362 τοῦ
2402 1308 2587 1363 Ἰσαάκ
2609 1309 2670 1362 τὸ
2701 1308 2899 1381 γῆρας,
2922 1308 3017 1362 καὶ
3035 1308 3119 1361 ὅτι
3141 1306 3328 1358 λοιπὸν
3357 1302 3556 1374 προϐε-

1979 1388 2166 1462 ϐηκὼς
2194 1385 2284 1461 ἦν.
2338 1392 2463 1445 Ἐὰν
2491 1390 2600 1463 γὰρ
2621 1391 3085 1464 μνημονεύσωμεν
3108 1390 3214 1442 τῶν
3245 1383 3554 1457 ἔμπροσθεν

1977 1474 2304 1546 είρημένων,
2334 1475 2429 1528 καὶ
2454 1475 2561 1539 ὅτι,
2588 1474 2755 1546 ἡνίκα
2786 1474 2886 1545 μὲν
2916 1473 3074 1527 ἔλαϐε
3100 1473 3198 1544 τὴν
3231 1468 3552 1531 Ῥεϐέκκαν,

1977 1558 2073 1612 καὶ
2105 1558 2266 1621 αὐτὸς
2292 1558 2703 1629 τεσσαράκοντα
2729 1558 2865 1612 ἐτῶν
2890 1557 3203 1626 ἐτύγχανεν,
3226 1553 3313 1606 ὅτε
3341 1552 3400 1605 δὲ
3431 1550 3554 1603 ἐτέυ

1977 1640 2182 1712 χθησαν
2213 1642 2264 1694 oi
2298 1631 2505 1705 παίδες,
2551 1640 2816 1711 ἐξήκοντα
2847 1639 2985 1692 ἐτῶν
3030 1636 3122 1710 ἦν,
3168 1634 3427 1706 εἰσόμεθα
3469 1633 3555 1686 ὅτι

1976 1724 2072 1779 νῦν
2102 1725 2396 1779 ἐκατοστοῦ
2417 1725 2603 1779 λοιπὸν
2633 1725 2786 1788 ἔτους
2806 1722 3004 1787 ἐπιϐάς
3020 1722 3077 1776 ἐν
3101 1721 3384 1793 βαθυτάτῳ
3406 1716 3555 1790 γήρᾳ

1976 1808 2293 1880 ἐτύγχανεν.
2324 1809 2541 1880 Ἐπειδὴ
2568 1809 2675 1879 γάρ
2695 1808 2877 1879 μέλλει
2904 1808 3042 1879 μετά
3063 1806 3233 1860 ταῦτα
3248 1802 3554 1875 διηγεῖσθαι

1974 1895 2128 1962 ἡμῖν,
2162 1892 2316 1966 [5M]
2345 1894 2421 1957 ῶς
2449 1893 2554 1947 ύπὺ
2581 1892 2675 1945 τοῦ
2706 1893 2893 1964 γήρως
2924 1890 3267 1961 ἀμϐλυτέρας
3298 1887 3423 1957 ἔσχε
3453 1885 3552 1948 τάς

1975 1977 2146 2047 ὄψεις,
2188 1977 2277 2031 διὰ
2319 1977 2476 2031 τοῦτο
2503 1977 2613 2031 τῶν
2650 1977 2787 2030 ἐτῶν
2831 1975 2925 2030 τοῦ
2970 1974 3139 2028 Ἠσαῦ
3182 1974 3273 2026 τδν
3320 1968 3553 2042 ἀριθμὸν

1975 2061 2270 2132 ἐσήμανεν,
2312 2061 2400 2115 ἴνα
2438 2060 2686 2113 ἐντεῦθεν
2714 2059 2912 2112 εἰδέναι
2946 2057 3158 2129 ἔχωμεν
3184 2053 3428 2125 ἀκριϐῶς
3455 2049 3551 2104 τοῦ

1988 2142 2176 2197 Ἰσαὰκ
2203 2144 2295 2197 τὸν
2326 2143 2537 2215 χρόνον.
2562 2143 2662 2196 Διά
2686 2141 2843 2215 τοῦτο
2872 2142 3077 2211 ἔλεγεν,
3110 2135 3231 2195 Ἦν
3257 2138 3326 2190 δὲ
3357 2134 3551 2190 Ἠσαῦ

1972 2225 2126 2280 ἐτῶν
2155 2226 2630 2296 τεσσαράκοντα.
2665 2222 2799 2279 Εἶτα
2835 2226 2923 2278 ἵνα
2955 2224 3217 2296 μάθωμεν
3244 2218 3338 2274 τοῦ
3368 2217 3551 2280 παιδὸς

1973 2308 2073 2379 τὴν
2124 2310 2478 2380 προπέτειαν,
2515 2310 2609 2363 καὶ
2644 2312 2725 2363 ὅτι
2770 2307 2923 2379 παρά
2958 2307 3068 2359 τῶν
3103 2304 3296 2363 ἐθνῶν,
3343 2296 3418 2355 ὧν
3450 2301 3552 2353 οὐκ

1975 2393 2163 2464 ἐχρῆν,
2214 2393 2313 2457 τὰς
2343 2388 2592 2465 γαμετὰς
2625 2395 2886 2464 ἠγάγετο,
2927 2391 3195 2463 ἐδήλωσεν
3224 2390 3376 2458 ἡμῖν,
3401 2387 3483 2438 ὅτι
3514 2384 3551 2453 ἡ

1978 2476 2077 2547 μὲν
2120 2477 2184 2529 ἐκ
2224 2475 2317 2529 τοῦ
2347 2478 2538 2545 γένους
2582 2478 2692 2531 τῶν
2735 2475 3016 2529 Χετταίων
3063 2469 3153 2545 ἦν,
3188 2474 3223 2543 ἡ
3254 2472 3311 2524 δὲ
3347 2470 3412 2522 ἐκ
3441 2466 3552 2519 τῶν

1974 2561 2216 2613 Εὐαίωψ
2249 2560 2428 2613 καίτοι
2456 2577 2520 2629 γε
2548 2561 2716 2630 ἐχρῆν
2739 2560 2901 2612 αὐτὸν
2928 2557 3192 2629 μαθόντα,
3222 2557 3354 2623 ὅσην
3382 2567 3551 2630 σπρυ-

1970 2644 2068 2715 δὴν
2099 2646 2126 2696 ό
2152 2617 2500 2715 πατριάρχης
2519 2617 2814 2714 ἐποιήσατο
2833 2617 3277 2711 διαστελλόμενος
3401 2617 3554 2691 πάιᾶ

1973 2729 2051 2799 τῷ
2084 2727 2298 2792 ἐαυτοῦ,
2338 2714 2480 2780 ὥστε
2523 2728 2588 2780 ἐκ
2621 2728 2721 2795 τῆς
2770 2725 2944 2797 φυλῆς
2988 2714 3154 2779 αύτοῦ
3197 2722 3443 2793 γαμετὴν
3474 2719 3553 2789 τῷ

1987 2812 2171 2865 Ἰσαὰκ
2203 2812 2448 2878 ἐνέγκαι,
2485 2811 2580 2863 καὶ
2616 2811 2699 2863 ὅτι
2730 2812 2764 2880 ἡ
2796 2812 2979 2881 μήτηρ
3007 2807 3185 2862 αὐτῶν
3219 2809 3253 2877 ἡ
3285 2803 3553 2857 Ῥεϐέκκα

1973 2896 2037 2948 ἐκ
2052 2895 2148 2964 τῆς
2171 2892 2395 2964 Χαρρὰν
2412 2893 2656 2963 ὡρμᾶτο,
2680 2893 2845 2964 μηδὲν
2866 2892 3108 2945 τοιοῦτον
3137 2885 3548 2961 βουλεύσασθαι.

1986 2977 2124 3031 Ἀλλ’
2157 2976 2243 3030 ἵνα
2270 2979 2332 3029 ἐκ
2366 2975 2668 3048 προοιμίων
2695 2974 2846 3048 δείξῃ
2876 2975 2983 3029 τῶν
3008 2974 3223 3027 οἰκείων
3249 2970 3465 3041 τρόπων
3490 2969 3552 3021 τδ

1973 3060 2229 3123 ἄτακτον,
2258 3059 2544 3130 προλαϐὼν
2579 3057 2792 3121 ἐκείνας
2821 3058 3079 3127 ἠγάγετο.
3112 3057 3222 3109 Καὶ
3247 3055 3334 3108 ἵνα
3367 3051 3543 3123 μάθω-

1976 3158 2075 3214 μεν
2112 3144 2219 3196 τῶν
2263 3142 2539 3210 γυναικῶν
2587 3142 2649 3195 τὸ
2696 3140 3017 3213 δύστροπον,
3058 3139 3223 3211 φησὶν
3260 3139 3294 3208 ή
3332 3133 3546 3206 Γραφὴ.

1971 3226 2081 3282 Καὶ
2115 3221 2279 3296 ἦσαν
2304 3223 2604 3294 ἐρίζουααι
2638 3225 2719 3292 τῷ
2760 3222 2970 3279 Ἰσαὰκ
2999 3226 3099 3278 καί
3138 3222 3213 3291 τῇ
3253 3218 3547 3285 Ῥεϐέκκα,

1972 3309 2083 3364 Καὶ
2110 3308 2164 3363 τί
2193 3310 2259 3364 ἂν
2294 3309 2380 3381 εἴη
2419 3310 2625 3380 ταύτης
2664 3310 2765 3380 τῆς
2799 3307 3102 3380 μοχθηρίας
3150 3302 3546 3379 χαλεπώτερον,

1971 3394 2099 3448 ὅταν
2122 3388 2180 3447 al
2202 3393 2383 3448 πᾶσαν
2409 3394 2575 3463 τιμὴν
2604 3392 2898 3462 ἀπονέμειν
2924 3391 3256 3460 ὀφείλουσαι,
3286 3387 3362 3458 μὴ
3387 3386 3550 3456 μόνον

1970 3477 2130 3531 τοῦτο
2170 3477 2244 3549 μὴ
2291 3474 2542 3540 ποιῶσιν,
2584 3474 2721 3527 ἀλλά
2763 3476 2859 3527 καὶ
2899 3474 3036 3545 πρὸς
3069 3469 3401 3541 φιλονεικίαν
3442 3482 3549 3521 πα-

1972 3561 2420 3635 ρασκευάζωνται
2444 3575 2460 3625 ς
2497 3557 2687 3611 Ταῦτα
2717 3557 2774 3610 δέ
2806 3559 2986 3612 πάντα
3012 3556 3113 3626 οὐχ
3143 3552 3330 3616 ἁπλῶς
3353 3554 3484 3635 ἡμῖν
3512 3552 3547 3620 ἡ

1972 3634 2186 3714 ίστορία
2225 3642 2503 3713 σημαίνει,
2528 3640 2643 3694 ἀλλ’
2682 3640 2771 3694 ἴνα
2800 3639 2940 3711 μετά
2962 3639 3157 3705 ταῦτα,
3193 3636 3413 3689 ἐπειδὰν
3431 3634 3548 3705 ἴδῃς

1969 3728 2069 3798 τὴν
2105 3726 2401 3780 Ῥεϐέκκαν
2424 3725 2561 3797 πρὸς
2592 3724 2684 3779 τὸν
2730 3722 2925 3778 Ἰακὼϐ
2963 3721 3167 3793 πολλὴν
3208 3720 3306 3791 τὴν
3335 3716 3547 3771 εὔνοιαν

1971 3810 2440 3881 ἐπιδεικνυμένην,
2480 3807 2657 3881 μάθῃς
2699 3806 2779 3868 ὡς
2815 3808 2917 3860 οὐκ
2944 3806 3173 3869 ἀπεικὸς
3206 3805 3437 3874 πρᾶγμα
3467 3801 3547 3854 δι-

1970 3894 2288 3966 επράττετο.
2325 3892 2473 3955 Τέως
2502 3891 2559 3945 δέ
2600 3890 2687 3944 ἵνα
2716 3889 2791 3961 μὴ
2817 3890 2916 3960 τὴν
2946 3887 3263 3943 ἀκολουθίαν
3298 3883 3545 3956 προφθά-

1973 3989 2177 4050 σωμεν,
2195 3978 2380 4041 αὐτοῖς
2397 3974 2661 4047 ἐπώμεθα
2684 3976 2796 4038 τοῖς
2808 3973 3237 4045 γεγραμμένοις.
3277 3969 3547 4040 Ἐγένετο

1971 4063 2040 4116 δὲ
2057 4062 2208 4132 μετὰ
2227 4061 2295 4116 τὸ
2319 4058 2578 4130 γηρᾶσαι
2602 4059 2711 4113 τὸν
2749 4058 2968 4124 Ἰσαὰκ,
2995 4056 3093 4111 καί
3111 4055 3548 4125 ἠμϐλύνθησαν

1970 4150 2025 4201 οὶ
2054 4144 2346 4215 ὀφθαλμοί
2379 4142 2567 4198 αὐτοῦ
2601 4142 2708 4196 τοῦ
2734 4138 2918 4210 όρᾷν·
2953 4141 3057 4194 οὐκ
3090 4139 3170 4193 ἔτι
3200 4140 3330 4210 γάρ,
3358 4137 3544 4207 φησιν,

1972 4229 2077 4282 ὑπὸ
2105 4228 2201 4282 τοῦ
2229 4229 2415 4299 γήρως
2442 4227 2576 4297 ὁρᾷν
2608 4224 2840 4294 ἠδύνατο
2857 4239 2873 4255 ⁸
2904 4224 3017 4280 Καὶ
3041 4222 3339 4277 ἐκάλεσεν
3364 4219 3547 4275 Ἠσαῦ

1970 4314 2078 4367 τὸν
2104 4312 2239 4367 υὶὸν
2253 4311 2440 4367 αὐτοῦ
2462 4310 2569 4363 τόὺ
2592 4309 3020 4377 πρεσϐύτερον,
3044 4308 3144 4361 καὶ
3162 4303 3333 4359 εἶπεν·
3355 4302 3543 4369 αὐτῷ·

1970 4396 2066 4453 Υίέ
2085 4413 2226 4465 μου,
2264 4393 2392 4448 ἰδοὺ
2419 4393 2536 4463 ἐγὼ
2562 4391 2880 4462 γεγήρακα,
2912 4391 3011 4445 καί
3038 4394 3111 4446 οὐ
3131 4388 3401 4461 γινώσκω
3432 4387 3549 4455 τὴν

1969 4477 2197 4549 ἡμέραν
2212 4476 2322 4546 τῆς
2338 4475 2626 4544 τελευτῆς
2645 4493 2787 4546 μου.
2805 4474 2937 4529 Νῦν
2957 4470 3069 4530 οὖν
3082 4473 3227 4528 λάϐε
3242 4471 3308 4526 τὸ
3322 4471 3549 4535 σκεῦός

1967 4572 2110 4627 σου,
2134 4559 2247 4627 τήν
2274 4564 2335 4613 τε
2355 4560 2655 4629 φαρέτραν
2679 4558 2865 4612 καὶτὸ
2886 4557 3084 4622 τόξον,
3108 4555 3204 4610 καί
3222 4555 3433 4620 ἔξελθε
3460 4557 3547 4618 είς

1970 4646 2038 4699 τὸ
2074 4643 2306 4706 πεδίοιό,
2335 4642 2436 4696 καὶ
2462 4641 2764 4709 θήρευοίόν
2782 4646 2885 4710 μοι
2914 4642 3124 4709 θήραν,
3157 4640 3256 4693 καὶ
3285 4637 3549 4705 ποίησόν

1968 4738 2067 4800 μοι
2100 4722 2417 4796 ἐδέσματα,
2449 4726 2529 4800 ὡς
2564 4724 2719 4800 φιλῶ
2746 4723 2881 4793 ἐγὼ,
2922 4724 3018 4777 καὶ
3051 4722 3263 4792 ἕνεγκέ
3288 4739 3412 4791 μοι,
3446 4721 3548 4773 ἵνα

1970 4798 2156 4882 φάγων
2184 4812 2343 4875 ὅπως
2371 4798 2681 4877 εὺλῠγήσῃ
2696 4824 2773 4861 σε
2788 4810 2825 4875 ἡ
2842 4807 3012 4877 ψυχή
3034 4824 3175 4875 μου,
3190 4804 3330 4873 πρὶν
3348 4803 3385 4872 ἤ
3408 4804 3547 4857 ἁπο-

1970 4894 2175 4949 θανεῖν
2196 4910 2292 4962 με.
2330 4891 2595 4946 Ἐνταίοά
2623 4908 2714 4962 μοι
2747 4891 2959 4957 σκόπει,
2988 4889 3261 4959 άγαπητέ,
3284 4887 3383 4958 τὴν
3412 4888 3548 4955 ἄφα-

1968 4994 2060 5031 τον
2088 4976 2182 5030 τοῦ
2213 4973 2349 5029 Θεοῦ
2382 4974 2593 5043 σοφίαν,
2624 4974 2720 5026 καὶ
2742 4973 2889 5036 ὅπως
2917 4973 2946 5025 6
2975 4972 3076 5043 μὲν
3107 4971 3288 5042 πατὴρ
3310 4971 3409 5040 τὴν
3442 4987 3545 5038 φυ-

1971 5061 2131 5132 σικὴν
2176 5058 2559 5130 φιλοστοργίαν
2592 5056 3033 5126 ἐπιδεικνύμενος
3064 5056 3236 5109 ταῦτα
3265 5053 3547 5119 διετάξατο

1967 5145 2049 5216 τῷ
2086 5145 2288 5198 Ἡσαῦ’
2324 5144 2352 5195 6
2378 5143 2437 5196 δέ
2477 5141 2639 5210 σοφὸς
2668 5141 2763 5195 καὶ
2807 5142 3116 5212 εὐμήχανος
3144 5137 3420 5210 Δεσπότης
3457 5138 3547 5192 διά

1967 5230 2067 5299 τῆς
2112 5226 2407 5289 Ῥεϐέκκας
2443 5225 2544 5296 τὴν
2575 5226 2781 5279 οἰκείαν
2805 5225 3110 5297 πρόρρησιν
3138 5226 3219 5287 είς
3252 5222 3414 5294 ἔργον
3459 5221 3547 5286 ἐξ‹

1967 5310 2255 5381 ενεχθῆναι
2278 5307 2706 5380 παρασκευάζει,
2731 5306 2996 5361 διδάσκων
3018 5308 3166 5378 ἡμᾶς
3181 5308 3279 5375 ὅση
3296 5304 3395 5375 τῆς
3417 5305 3546 5375 ἀρε-

1967 5395 2066 5465 τῆς
2097 5395 2130 5463 ἡ
2158 5394 2310 5463 ἰσχὺς
2330 5393 2426 5445 καὶ
2453 5390 2554 5461 τῆς
2582 5390 2691 5444 τῶν
2706 5390 2922 5462 τρόπων
2945 5390 3265 5453 ἐπιεικείας.
3300 5386 3412 5442 Καὶ
3435 5386 3547 5458 γὰρ

1970 5478 2177 5538 ἐκεῖνος
2207 5476 2309 5546 μὲν
2337 5475 2431 5527 καὶ
2466 5475 2576 5527 ἀπὸ
2605 5473 2713 5527 τῶν
2745 5471 3148 5545 πρωτοτοκίων,
3177 5472 3271 5525 καὶ
3296 5468 3405 5525 ἀπὸ
3441 5471 3543 5539 τῆς

1967 5562 2061 5615 τοῦ
2096 5560 2304 5632 πατρὸς
2332 5560 2462 5631 περὶ
2498 5560 2661 5613 αὑτὸν
2694 5558 2985 5620 διαθέσεως
3014 5557 3083 5611 τὰ
3108 5557 3354 5628 πρωτεῖα
3393 5555 3542 5625 ἐχειν

1966 5644 2224 5715 νομίζων,
2261 5640 2456 5713 ἀθρόον
2488 5643 2742 5698 ἁπάντων
2765 5642 2969 5713 ἕρημος
3001 5642 3315 5714 ηὑρίσκετο,
3348 5638 3539 5711 ἐπειδὴ

1967 5730 2036 5782 τά
2060 5728 2190 5799 παρ’
2219 5727 2415 5782 ἐαυτοῦ
2442 5729 2773 5795 εἰσενεγκεῖν
2806 5728 2906 5780 οὐκ
2932 5726 3243 5798 ἠϐουλήθη*
3277 5718 3432 5789 οὗτος
3457 5721 3537 5787 δέ,

1967 5811 2156 5881 ἐπειδὴ
2196 5810 2408 5863 οἴκοθεν
2444 5805 2512 5880 ἦν
2552 5810 2841 5883 ἐνάρετος,
2883 5811 2977 5863 καὶ
3020 5809 3117 5881 τὴν
3160 5808 3366 5864 ἄνωθεν
3425 5802 3539 5877 εἶχε

1969 5893 2140 5967 ῥοπὴν
2172 5893 2567 5967 συμμαχοῦσαν
2594 5895 2761 5967 αὐτῷ,
2802 5894 2896 5949 καὶ
2928 5894 3152 5957 ἄκοντος
3189 5888 3293 5947 τοῦ
3328 5891 3536 5964 πατρὸς

3129 5991 3167 6055 6
