4084 6356
509 383 616 440 665

505 504 608 576 -ι-ὴν
628 501 758 574 παρ’
783 500 948 556 αὐτοῦ
977 502 1225 570 εὐλογίαν
1247 505 1567 561 ἐπισπᾶται.
1603 507 1768 561 Οὐδὲν
1792 506 1900 578 γάρ
1931 509 2075 578 ἰσχυ-

510 587 730 658 ρότερον
758 583 851 638 τοῦ
902 584 1053 656 παρά
1097 585 1195 656 τῆς
1233 585 1414 652 δεξιᾶς
1445 588 1662 658 ἐκείνης
1695 589 2077 661 βοηθουμένου.

509 669 653 739 Ὅρα
680 667 808 736 γοῦν
833 667 1076 738 ἀκριϐῶς
1092 667 1328 732 ἅπαντα,
1349 670 1437 723 ἴνα
1453 671 1630 742 μάθῃς
1647 672 1746 741 τῆς
1771 673 2083 738 οἰκονομίας

507 752 606 820 τὴν
628 750 958 822 ὑπερϐολὴν,
991 752 1086 804 καὶ
1115 750 1228 815 πῶς
1249 754 1278 805 6
1305 753 1404 822 μὲν
1434 755 1532 824 τῆς
1561 755 1772 808 ἐκεῖθεν
1797 756 2086 810 ἀπολαύων

509 832 704 904 ῥοπῆς,
754 832 954 903 πολλῆς
1001 835 1060 887 ἐν
1115 835 1316 888 ἆπασιν
1355 833 1601 900 ἀξιοῦται
1634 839 1733 906 τῆς
1771 839 2081 908 συνεργίας,

508 913 648 968 ὥστε
675 914 774 985 τὴν
813 915 907 969 τοῦ
940 916 1144 988 πατρὸς
1177 917 1426 986 εὐλογίαν
1457 921 1537 982 εἰς
1560 920 1722 974 αὐτὸν
1764 923 2086 992 μετενεχθῆ-

507 1015 596 1052 ναι
621 1015 633 1027 °
660 999 688 1050 6
708 999 765 1052 δὲ
799 999 1018 1054 πάντων
1047 1001 1426 1074 διαμαρτάνει,
1457 1003 1846 1074 προδεδομένος
1873 1003 2085 1058 οίκοθεν

508 1079 598 1135 διὰ
623 1083 722 1153 τὴν
745 1083 854 1136 τῶν
875 1084 1092 1153 τρόπων
1115 1085 1436 1157 μοχθηρίαν.
1481 1087 1760 1141 Ῥεϐέκκα
1789 1089 1879 1153 δὲ,
1900 1091 2082 1159 φησὶν,

509 1164 739 1233 ἤκουσε
778 1167 1116 1232 λαλοῦντος
1157 1168 1355 1222 Ἰσαὰκ
1403 1169 1552 1236 πρὸς
1596 1169 1778 1224 Ἡσαῦ
1809 1173 1915 1226 τὸν
1953 1173 2088 1225 υἱὸν

509 1249 718 1303 αὑτοῦ.
751 1250 1076 1318 Ἐπορεύθη
1099 1249 1168 1304 δὲ
1198 1251 1379 1308 Ἠσαῦ
1401 1256 1488 1320 εις
1507 1255 1571 1307 τὸ
1597 1255 1807 1308 πεδίον
1833 1254 2087 1324 θηρᾶσαι

511 1333 702 1402 θήραν
731 1332 810 1398 τῷ
843 1334 1018 1402 πατρί
1051 1335 1258 1390 αὑτοῦ.
1305 1331 1454 1391 Εἴπε
1490 1337 1558 1390 δὲ
1612 1339 1893 1393 Ῥεϐέκκα
1940 1341 2088 1406 πρὸς

510 1417 618 1469 τὸν
643 1417 778 1470 υἱὸν
803 1416 994 1484 αὐτῆς
1011 1416 1116 1470 τὸν
1144 1417 1409 1473 ἐλάσσω.
1428 1419 1526 1472 Διά
1550 1421 1601 1473 τί
1620 1423 1950 1494 προσέθηκε,
1979 1425 2089 1477 Τὸν

511 1498 787 1562 ἐλάσσω;
826 1500 1042 1568 Ἐπειδὴ
1065 1501 1318 1572 ἀνωτέρω
1346 1495 1520 1566 εἶπεν,
1548 1503 1628 1556 ὅτι
1654 1503 1807 1576 [515]
1845 1504 2088 1558 Ἑκάλε-

511 1595 626 1634 σεν
671 1582 864 1636 Ἰσαὰκ
887 1582 994 1635 τὸν
1020 1583 1152 1636 υἱὸν
1179 1584 1363 1638 αὑτοῦ
1391 1583 1497 1638 τὸν
1531 1588 1957 1655 πρεσϐύτερον,
2001 1589 2088 1640 ἵνα

515 1662 773 1733 μάθωμεν
797 1663 904 1717 τίνι
935 1662 1030 1718 νῦν
1051 1663 1353 1735 διαλέγεται
1376 1669 1408 1738 ἡ
1454 1669 1738 1734 Ῥεϐέκκα,
1764 1670 1916 1739 φησὶ,
1936 1671 2090 1739 Πρὸς

512 1748 621 1800 τὸν
633 1746 898 1810 ἐλάσσω,
921 1748 1064 1802 τοῦτ’
1079 1748 1214 1815 ἔστι,
1236 1750 1327 1805 τὸν
1360 1751 1575 1804 Ἰακώϐ·
1598 1752 1833 1822 Ἵδεέγὼ
1853 1753 2091 1822 ἤκουσα

512 1831 618 1883 τοῦ
645 1833 868 1899 πατρός
892 1849 1008 1886 σου
1032 1835 1367 1900 λαλοῦντος
1396 1836 1544 1903 πρὸς
1581 1837 1762 1891 Ἡσαῦ
1793 1836 1900 1890 τὸν
1919 1838 2090 1892 ἀδελ-

513 1915 632 1982 φόν
659 1929 795 1979 σου,
831 1915 929 1968 καί
961 1915 1280 1984 λέγοντος-
1322 1917 1566 1986 Ἕνεγκέ
1593 1936 1697 1988 μοι
1743 1919 1951 1988 θήραν,
1989 1920 2088 1973 καί

514 1999 778 2066 ποίησόν
799 2016 900 2068 μοι
929 2000 1250 2069 ἐδέσματα,
1283 2002 1383 2054 ἵνα
1424 2003 1630 2072 φαγὼν
1661 2005 1976 2074 εὐλογήσω
2017 2021 2091 2058 σε

512 2083 790 2136 ἐναντίον
835 2085 1079 2151 Κυρίου,
1116 2086 1230 2152 πρὸ
1269 2086 1374 2139 τοῦ
1412 2087 1738 2141 ἀποθανεῖν
1761 2104 1857 2158 με.
1907 2088 2090 2141 Ταῦτα

520 2165 616 2234 μὲν
649 2165 858 2234 ἥκουσα
877 2167 968 2220 τοῦ
1001 2169 1204 2239 πατρός
1229 2186 1322 2222 σου
1354 2169 1489 2240 πρὸς
1509 2170 1600 2223 τὸν
1627 2171 1853 2240 ἀδελφόν
1878 2189 1971 2225 σου
2000 2173 2090 2224 τὸν

528 2249 696 2301 ἸΙσαῦ
725 2250 1128 2321 διαλεγομένου.
1163 2250 1296 2306 Νῦν
1315 2246 1447 2317 οὖν,
1471 2253 1581 2315 υἱὲ,
1599 2254 1780 2307 ἄκουέ
1797 2273 1915 2324 μου
1941 2255 2092 2308 καθά

516 2348 615 2384 σοι
633 2331 746 2402 ἐγὼ
765 2333 1142 2403 ἐντέλλομαι,
1162 2336 1258 2388 καὶ
1283 2336 1596 2404 πορευθείς
1609 2339 1695 2403 εἰς
1714 2337 1786 2390 τὰ
1805 2341 2089 2406 πρόϐατα,

515 2415 662 2468 λάϐε
684 2433 783 2483 μοι
807 2417 1034 2469 ἐκεῖθεν
1048 2417 1156 2470 δύο
1172 2419 1414 2486 ἐρίφους
1429 2420 1591 2474 tua.)
1599 2419 1704 2486 οὺς
1725 2421 1822 2474 καὶ
1845 2422 2090 2487 καλοὺς,

517 2497 615 2550 καὶ
645 2497 877 2564 ποιήσω
908 2499 1129 2566 αὐτοὺς
1174 2500 1475 2570 ἐδέσματα
1508 2502 1587 2568 τῷ
1628 2505 1808 2570 πατρί
1841 2519 1982 2568 σου,
2012 2506 2087 2569 ὡς

517 2580 698 2648 φιλεῖ,
724 2581 822 2634 καί
863 2583 1152 2649 εἰσοίσεις
1180 2583 1259 2648 τῷ
1297 2586 1476 2654 πατρί
1503 2600 1642 2652 σου,
1681 2585 1776 2639 καὶ
1821 2585 2091 2654 φάγεται,

517 2664 678 2729 ὅπως
709 2665 1020 2736 εὐλογήσῃ
1045 2680 1119 2720 σε
1146 2669 1180 2722 ὀ
1213 2667 1411 2736 πατήρ
1439 2685 1556 2723 σου
1589 2672 1703 2738 ,πρὸ
1735 2669 1842 2724 τοῦ
1873 2670 2092 2724 ἀποθα-

515 2747 647 2801 νεῖν
665 2750 871 2804 αὐτόν.

575 2831 791 2903 β’.“()ρα
811 2833 1016 2904 μητρὸς
1032 2834 1433 2906 φιλοστοργίαν,
1457 2835 1727 2906 μᾶλλονδέ
1743 2835 1878 2889 Θεοῦ
1889 2839 2095 2891 οἰκονο-

519 2915 670 2983 μίαν.
699 2917 869 2980 Λύτὸς
900 2916 1006 2987 γάρ
1038 2913 1106 2988 ἦν
1134 2920 1162 2972 6
1190 2919 1286 2972 καὶ
1315 2918 1519 2988 ταύτην
1549 2921 1687 2991 πρὸς
1715 2920 1818 2989 τὴν
1853 2920 2092 2990 συμϐου-

516 2997 615 3068 λὴν
650 2999 956 3072 διεγείρων,
990 3001 1085 3054 καὶ
1113 3001 1174 3055 τὸ
1206 3003 1315 3056 πᾶν
1346 3003 1759 3073 κατορθωθῆναι
1790 3003 1978 3057 ποιῶν.
2012 2999 2096 3057 Εἷ-

516 3083 606 3147 δες
648 3084 745 3153 τῆς
783 3086 987 3155 μητρὸς
1019 3085 1118 3156 τὴν
1161 3085 1412 3158 ἀρίστην.
1438 3086 1782 3158 συμϐουλήν;
1823 3087 1967 3157 Ὅρα
2001 3088 2096 3140 καὶ

516 3166 612 3219 τοῦ
669 3166 862 3219 Ἰακὼϐ
909 3166 970 3219 τὸ
1010 3169 1499 3239 περιεσκεμμένον,
1543 3170 1656 3224 καὶ.
1681 3169 1830 3232 ὅπως
1870 3169 1958 3222 διὰ
1998 3170 2096 3240 τῆς

519 3249 864 3320 ἀποκρίσεως
891 3247 1000 3301 τῶν
1039 3251 1254 3303 οἰκείων
1283 3251 1499 3322 τρόπων
1531 3251 1770 3304 δείκνυσι
1804 3252 1901 3322 τὴν
1927 3252 2098 3305 ἐπιεί-

451 3355 470 3364 ‹
521 3319 694 3385 κειαν.
728 3326 874 3385 Εἷπε
907 3332 1038 3400 γὰρ,
1070 3333 1222 3402 φησί,
1277 3319 1425 3400 πρός
1457 3333 1572 3401 τὴν
1597 3334 1826 3402 μητέρα
1858 3319 2057 3389 ἀὑτοῦ
2078 3352 2092 3364 ·

526 3415 740 3468 Ἔστιν
768 3417 800 3468 ό
831 3408 1093 3484 ἀδελφός
1107 3434 1226 3484 μου
1266 3415 1449 3471 Ἡσαῦ
1475 3416 1630 3486 ἀνὴρ
1653 3416 1867 3482 δασὺς,
1889 3417 2002 3487 ἐγὼ
2030 3418 2098 3472 δὲ

521 3497 678 3567 ἀνὴρ
703 3497 868 3563 λεῖος
887 3515 901 3530 ο
931 3497 1164 3566 μήποτε
1196 3500 1542 3569 ψηλαφήσῃ
1583 3517 1659 3569 με
1688 3503 1720 3556 ό
1749 3502 1966 3569 πατὴρ,
1997 3505 2097 3558 καί

524 3581 735 3649 ἔσομαι
756 3582 1033 3635 ἐναντίον
1052 3582 1236 3636 αὑτοῦ
1257 3583 1338 3649 ὡς
1353 3583 1762 3653 καταφρονῶν,
1783 3586 1879 3637 καὶ
1898 3586 2098 3650 ἐπάξω

522 3662 755 3734 ἐμαυτῷ
801 3663 1086 3730 κατάραν,
1117 3664 1216 3717 καί
1263 3667 1373 3719 οὐκ
1421 3667 1726 3737 εὐλογίαν.
1777 3669 1953 3741 Πολλὴ
2001 3670 2096 3725 τοῦ

524 3747 712 3810 παιδὸς
738 3748 770 3815 ή
799 3747 1207 3817 εὐγνωμοσύνη,
1237 3749 1330 3802 καὶ
1357 3749 1389 3818 ἡ
1414 3749 1550 3820 πρὸς
1575 3749 1664 3802 τὸν
1687 3751 1899 3823 πατέρα
1914 3753 2096 3816 αἰδώς.

523 3830 765 3895 Δέδοικα,
788 3829 942 3901 φησὶ,
965 3831 1037 3902 μὴ
1061 3832 1138 3894 εἰς
1157 3829 1217 3884 τὸ
1245 3831 1485 3885 ἐναντίον
1518 3849 1608 3903 μοι
1627 3833 1694 3887 τά
1722 3835 1821 3904 τῆς
1856 3835 2094 3907 σπουδῆς

525 3913 730 3984 ἐπέλθῃ
745 3927 793 3976 ιι,
819 3913 892 3984 μὴ
913 3913 1048 3979 δόξω
1064 3912 1438 3968 ἐναντιοῦσθαι
1457 3917 1524 3986 τῇ
1539 3913 1632 3968 τοῦ
1651 3917 1856 3989 πατρὸς
1880 3918 2097 3990 γνώμῃ,

525 3999 618 4051 καὶ
641 3997 762 4049 ἀντί
789 3997 888 4066 τῆς
918 3996 1167 4065 εὐλογίας
1195 3997 1441 4068 κατάραν
1471 3999 1884 4070 ἐπισπάσωμαι.
1920 4002 1986 4055 Τί
2009 3999 2101 4056 οὖν

523 4081 560 4150 ἡ
601 4079 883 4146 Ῥεϐέκκα,
919 4081 952 4150 ὴ
983 4079 1258 4150 θαυμασία
1301 4081 1395 4133 καὶ
1448 4081 1838 4154 φιλόστοργος;
1883 4085 2099 4156 Ἐπειδὴ

525 4163 627 4215 οὐκ
656 4161 715 4227 ἐξ
737 4163 944 4226 οἰκείας
960 4161 1184 4233 γνώμης
1213 4163 1373 4234 μόνον
1403 4164 1560 4216 τοῦτο
1577 4165 1948 4238 διεπράττετο,
1967 4169 2103 4222 ἀλλά

527 4246 620 4298 καὶ
648 4249 713 4316 τῇ
733 4245 936 4299 ἀνωθεν
960 4245 1284 4316 ὑπηρετεῖτο
1313 4248 1636 4317 προρρήσει,
1665 4250 1844 4302 πᾶσαν
1866 4251 2102 4322 σπουδὴν

527 4331 759 4381 ποιεῖται
803 4328 895 4384 τὸν
936 4328 1099 4398 φόϐον
1143 4329 1344 4395 ἐξελεῖν
1391 4329 1486 4381 τοῦ
1529 4330 1738 4397 παιδὸς,
1767 4333 1859 4385 καὶ
1904 4332 2102 4407 θάρσος

526 4410 936 4472 ἐνθεῖναι,ῶστε
960 4410 1055 4482 τὴν
1089 4410 1400 4484 συμϐουλὴν
1424 4413 1502 4475 εἰς
1530 4411 1690 4484 ἔργον
1713 4414 1941 4483 ἀγαγεῖν
1961 4431 1974 4446 ·
2008 4417 2103 4468 καὶ

524 4494 623 4564 οὐχ
654 4494 991 4562 ὑπισχνεῖται
1023 4493 1171 4565 αὐτῷ
1195 4495 1277 4548 ὅτι
1308 4496 1592 4566 δυνήσεται
1619 4498 2101 4569 παρακρούσασθαι

523 4577 615 4630 τὸν
640 4577 854 4648 πατέρα
877 4577 972 4630 καὶ
995 4577 1179 4632 λαθεῖν
1196 4593 1209 4609 ·
1235 4577 1374 4632 ἀλλά
1399 4578 1454 4632 τί
1475 4595 1490 4645 ;
1523 4579 1650 4633 Ἐπ’
1672 4579 1780 4650 ἐμὲ
1805 4581 1846 4650 ἠ
1878 4581 2104 4650 κατάρα

524 4678 662 4727 σου,
693 4661 908 4714 τέκνον
929 4678 944 4691 ·
971 4661 1165 4730 μόνον
1200 4660 1560 4718 ὑπάκουσον
1588 4663 1702 4731 τῆς
1727 4663 1937 4734 φωνῆς
1957 4682 2100 4735 μου,

522 4751 621 4804 καὶ
649 4748 960 4818 πορευθεὶς
983 4747 1192 4818 ἕνεγκέ
1225 4767 1342 4819 μοι.
1365 4750 1487 4805 Κᾶν
1515 4750 1740 4822 γένηται
1766 4751 2006 4807 τοιοῦτόν
2025 4769 2101 4820 τι,

523 4835 712 4905 φησὶν,
745 4831 899 4886 οὐδὲν
929 4832 1093 4896 αὐτὸς
1115 4833 1537 4908 παραϐλαϐήσῃ.
1571 4835 1664 4907 Μὴ
1684 4835 1868 4890 τοίνυν
1895 4835 2100 4908 δείσῃς,

519 4917 657 4970 ἀλλά
678 4915 896 4987 θαρρῶν
927 4915 1304 4970 Ὑπάκουσόν
1319 4935 1440 4985 μου
1465 4916 1576 4986 τῆς
1591 4917 1820 4986 φωνῆς,
1843 4919 1938 4973 καὶ
1959 4920 2101 4972 ποίει

520 5001 588 5055 τά
616 4999 748 5071 παρ’
779 4998 914 5070 ἐμοῦ
945 5016 1026 5052 σοι
1055 5000 1547 5072 συμϐουλευθέντα.
1580 5001 1752 5056 Τοῦτο
1774 5002 1989 5073 ἀληθῶς
2015 5021 2103 5074 φι-

520 5083 806 5154 λοστοργία
827 5084 1052 5155 μητρὸς,
1072 5085 1131 5138 τὸ
1153 5085 1292 5157 ὑπὲρ
1315 5085 1406 5139 τοῦ
1426 5087 1616 5150 παιδὸς
1632 5087 1866 5158 ἑτοίμως
1887 5088 2102 5142 ἅπαντα

521 5166 934 5236 καταδέχεσθαι.
962 5166 1145 5220 Ταῦτα
1166 5169 1396 5224 εἰποῦσα
1426 5170 1612 5239 ἴσχυσε
1639 5169 1840 5234 ἐξελεῖν
1860 5171 1953 5223 τοῦ
1977 5187 2102 5223 παι-

521 5251 608 5312 δὸς
643 5252 733 5302 τὸν
768 5249 954 5316 φόϐον.
987 5251 1096 5303 Καὶ
1124 5252 1434 5320 πορευθεὶς
1449 5253 1627 5307 ἔλαϐε
1655 5253 1754 5306 καὶ
1785 5253 2004 5324 ἤνεγκε
2027 5254 2103 5324 τῇ

519 5333 696 5402 μητρί
719 5334 903 5404 αυτοῦ
921 5349 938 5367 ο
962 5334 1060 5388 καὶ
1087 5335 1376 5402 ἐποίησεν
1393 5336 1693 5406 ἐδέσματα
1737 5337 1889 5391 καθὰ
1908 5339 2102 5406 ἐφίλει

521 5422 554 5470 ό
582 5417 779 5485 πατὴρ
799 5418 1009 5472 αὐτοῦ.
1050 5420 1159 5472 Καὶ
1182 5418 1478 5483 λαϐοῦσα,
1517 5421 1701 5491 φησὶν,
1739 5422 1778 5488 ’ἡ
1822 5421 2102 5476 Ῥεϐέκκα

522 5501 637 5566 τὴν
658 5500 892 5568 στολὴν
918 5501 1023 5555 τοῦ
1053 5501 1188 5555 υἱοῦ
1212 5501 1404 5570 αὐτῆς
1428 5503 1535 5556 τοῦ
1556 5503 1962 5572 πρεσϐυτέρου
1989 5505 2103 5573 τὴν

522 5585 740 5649 καλὴν,
784 5584 821 5651 ἢ
854 5581 932 5654 ἦν
975 5587 1110 5653 παρ’
1151 5584 1307 5656 αὐτῇ
1347 5587 1416 5639 ἐν
1464 5585 1544 5651 τῷ
1591 5588 1754 5654 οῑκῳ,
1809 5588 2103 5642 ἐνέδυσεν

535 5668 746 5721 Ἰακὼϐ
776 5668 880 5721 τὸν
905 5669 1038 5722 υἱὸν
1063 5669 1252 5738 αὐτῆς
1275 5671 1381 5723 τὸν
1404 5669 1713 5739 νεώτερον,
1747 5671 1844 5724 καί
1871 5673 1942 5726 τὰ
1969 5671 2102 5738 δέρ-

524 5767 678 5820 ματα
708 5750 825 5805 τῶν
855 5753 1073 5821 ἐρίφων
1102 5752 1412 5822 περιέθηκε
1457 5753 1591 5822 περὶ
1625 5753 1767 5821 τοὺς
1799 5753 1826 5793 δ
1847 5755 2100 5825 βραχίο-

588 5908 614 5936 ⁸
640 5907 721 5953 Sic
739 5904 907 5963 Coisl.,
930 5907 1110 5954 melius
1131 5920 1271 5964 quam
1298 5907 1437 5959 odili.
1462 5908 1545 5966 qui
1572 5905 1756 5954 habent.
1782 5906 1981 5955 ἐπέλθοι.
2010 5904 2079 5955 En

589 5969 616 6007 ιτ
642 5969 867 6023 Ouinune
894 5982 1005 6016 mss.
1035 5977 1087 6016 et
1103 5969 1224 6016 Bibl.
1251 5969 1520 6029 περιέθηκεν
1545 5969 1618 6014 ἐπὶ
1642 5967 1764 6022 τούς.

1215 385 1272 441 S.
1313 384 1600 445 JOANNIS
1637 387 2122 445 CHRYSOSTOMI
2165 386 2491 443 ARCHIEP.
2530 379 3080 442 CONSTANTINOP.

3665 375 3771 430 666

2194 523 2304 568 νας
2323 506 2528 569 αὐτοῦ,
2549 503 2645 557 καὶ
2673 502 2771 555 ἐπὶ
2799 499 2872 554 τὰ
2893 491 3209 568 γυμνάτοῦ
3233 489 3537 559 τραχήλου
3558 489 3773 550 αὑτοῦ,

2193 589 2288 641 καὶ
2307 588 2489 642 ἔδωκε
2510 587 2580 640 τὰ
2595 585 2894 654 ἐδέσματα
2912 581 3009 634 καί
3032 577 3171 642 τοὺς
3190 575 3428 643 ἄρτους,
3449 574 3555 639 οὓς
3571 575 3777 640 ἐποίη-

2190 687 2322 731 σεν,
2361 673 2448 736 εἰς
2492 670 2596 733 τὰς
2632 669 2834 736 χεῖρας
2882 662 3080 717 Ἰακὼϐ
3111 659 3215 713 τοῦ
3251 657 3385 712 υἱοῦ
3420 656 3631 722 αὐτῆς,
3674 656 3777 711 καὶ

2190 753 2506 822 εἰσήνεγκε
2544 748 2624 816 τῷ
2655 750 2829 817 πατρί
2869 745 3077 800 αὐτοῦ.
3121 743 3230 795 Θέα
3281 759 3370 811 μοι
3403 739 3636 793 ἐνταῦθα
3673 739 3777 822 τῆς

2201 821 2498 897 Ῥεϐέκκας
2534 833 2672 905 μετά
2701 834 2798 903 τῆς
2855 826 3237 898 φιλοστοργίας
3279 823 3374 877 καὶ
3420 823 3520 892 τὴν
3570 821 3778 905 πολλὴν

2194 921 2405 988 σοφίαν.
2465 899 2683 986 Ἐπειδὴ
2735 899 2844 984 γὰρ
2878 907 3031 964 εἶπεν
3066 911 3342 978 ἀνωτέρω,
3383 907 3465 958 ὅτι
3497 907 3526 958 6
3573 905 3672 975 μὲν
3705 899 3777 988 ὴν

2191 986 2376 1064 δασὺς,
2405 1002 2434 1052 6
2465 1000 2521 1052 δὲ
2549 999 2711 1061 λεῖος,
2741 996 2838 1066 τὴν
2864 994 3076 1064 στολὴν,
3113 993 3298 1062 φησὶν,
3328 989 3577 1041 ἐνέδυσεν
3608 986 3778 1040 αὐτὸν

2191 1085 2286 1138 τοῦ
2330 1081 2522 1149 Ἠσαῦ,
2554 1083 2648 1135 καί
2672 1081 2740 1133 τά
2771 1079 3016 1149 δέρματα
3047 1074 3374 1146 περιέθηκεν
3403 1069 3574 1140 αὐτῷ,
3619 1068 3774 1142 [516]

2194 1170 2288 1222 καὶ
2319 1166 2656 1237 πανταχόθεν
2691 1181 2791 1233 σχη
2803 1161 3076 1232 ματίσασα
3105 1156 3287 1220 αὐτὸν,
3316 1155 3392 1218 ὼς
3419 1155 3520 1224 τὴν
3555 1155 3778 1222 ἀπάτην

2194 1252 2274 1314 εἰς
2308 1250 2468 1322 ἔργον
2492 1248 2687 1311 ἐλθεῖν,
2714 1245 2878 1299 δοῦσα
2905 1243 2974 1296 τὰ
3001 1241 3270 1311 ἐδέσματα
3297 1239 3392 1292 καὶ
3422 1238 3550 1322 τούς
3574 1237 3780 1322 ἄρτους

2194 1335 2273 1398 εἰς
2302 1319 2400 1395 τάς
2426 1335 2636 1403 χεῖρας,
2666 1326 3046 1399 παρεσκεύασε
3078 1323 3447 1395 προσαγαγεῖν
3475 1319 3552 1391 τῷ
3583 1320 3776 1390 πατρί.

2196 1417 2395 1470 Σκόπει
2427 1433 2516 1486 μοι
2547 1413 2710 1467 πάλιν
2744 1410 2998 1473 ἐνταῦθα,
3036 1407 3152 1469 πῶς
3183 1407 3284 1475 τῆς
3321 1403 3523 1457 ἀνωθεν
3550 1404 3780 1475 χάριτος

2193 1497 2261 1572 ἦν
2290 1500 2351 1554 τὸ
2395 1501 2522 1553 πᾶν.
2553 1498 2724 1551 Ὅταν
2753 1495 2862 1566 γὰρ
2909 1495 3073 1564 ἡμεῖς
3117 1490 3192 1543 τὰ
3221 1492 3352 1560 παρ’
3404 1488 3631 1572 ἐαυτῶνᾼ
3661 1490 3778 1572 εἰσ-ζ

2197 1568 2526 1652 ε’νέγκωμεν,
2549 1579 2783 1650 δαψιλῶς
2822 1575 3200 1645 ἀπολαύσομεν
3233 1573 3328 1626 καὶ⁹
3365 1571 3464 1642 τῆς
3498 1570 3648 1640 παρά
3679 1568 3778 1621 τοῦ

2196 1664 2329 1718 Θεοῦ
2359 1682 2481 1717 συνε
2493 1663 2670 1735 ργίας.
2695 1663 2814 1714 Ἵνα
2841 1660 2948 1730 γάρ
2991 1658 3066 1729 μὴ
3095 1653 3448 1727 ρᾳθυμῶμεν,
3487 1653 3622 1724 μηδὲ
3646 1654 3782 1705 ἀνα-

2198 1747 2550 1810 πεπτωκότες
2571 1741 2741 1816 ὦμεν,
2766 1743 3015 1814 βούλεται
3033 1742 3126 1794 καί
3145 1741 3293 1810 ἡμᾶς
3309 1755 3361 1791 τι
3381 1735 3778 1808 συνεισφέρειν,

2199 1834 2264 1887 ἶν’
2305 1833 2447 1886 οῦτω
2481 1831 2577 1886 καὶ⁹
2605 1831 2674 1884 τὰ
2709 1831 2837 1899 παρ’
2877 1825 3070 1880 ἑαυτοῦ
3106 1823 3470 1894 ἐπιδείξηταιο
3526 1821 3621 1874 καὶ
3653 1820 3780 1872 οὗτε

2197 1918 2258 1972 τὸ
2288 1918 2396 1971 πᾶν
2431 1916 2531 1985 τῆς
2572 1913 2778 1968 ἄνωθεν
2821 1911 3032 1980 γίνεται
3086 1906 3355 1978 βοηθείας,
3390 1905 3524 1959 ἀλλὰ
3557 1905 3639 1957 δεῖ
3685 1905 3784 1956 καὶ

2199 2002 2345 2071 ἡμᾶς
2377 2017 2429 2052 τι
2454 1997 2883 2063 συνεισενεγκεῖν
2900 2009 2913 2022 °
2944 1991 3069 2044 οὐτε
3090 1991 3220 2062 παρ’
3244 1987 3402 2060 ἡμῶν
3424 1988 3583 2042 πάλιν
3609 1987 3781 2040 ἀπαι-

2198 2087 2280 2137 τεῖ
2305 2085 2366 2137 τὸ
2394 2085 2523 2145 πᾶν,
2551 2079 2705 2144 εἰδὼς
2736 2080 2834 2150 τῆς
2870 2076 3148 2149 ἡμετέρας
3180 2073 3462 2136 ἀσθενείας
3487 2072 3586 2144 τὴν
3610 2073 3785 2141 ὐπερ-

2200 2166 2380 2237 ϐολὴν,
2414 2165 2550 2219 ἀλλά
2582 2163 2682 2234 τὴν
2718 2161 2926 2215 οἰκείαν
2968 2157 3380 2230 φιλανθρωπίαν
3421 2155 3780 2226 μιμούμενος,

2199 2249 2293 2302 καί
2311 2248 2631 2319 βουλόμενος
2645 2246 2898 2318 ἀφορμήν
2914 2261 3034 2296 τινα
3063 2242 3266 2304 λαϐεῖν,
3295 2241 3435 2294 ὥστε
3458 2239 3559 2308 τὴν
3573 2237 3784 2292 οἰκείαν

2200 2331 2508 2402 φιλοτιμίαν
2542 2329 2934 2395 ἐπιδείξασθαι,
2954 2327 3213 2397 ἀναμένει
3235 2325 3303 2378 τὰ
3330 2325 3458 2395 παρ’
3479 2322 3633 2394 ἡμῶν
3670 2323 3784 2374 εἰσ-

2199 2415 2482 2486 ενεχθῆναι
2501 2432 2514 2446 ο
2550 2415 2686 2484 ὅπερ
2720 2414 2813 2466 καὶ
2837 2411 2933 2464 νῦν
2962 2409 3272 2480 γεγένηται.
3309 2407 3526 2477 Ἐπειδὴ
3548 2407 3657 2476 γάρ
3686 2403 3785 2457 καὶ

2199 2501 2226 2552 6
2261 2497 2455 2552 Ἰακὼϐ
2487 2497 2581 2550 καὶ
2603 2498 2636 2566 ὴ
2664 2494 2953 2558 Ῥεϐέκκα,
2978 2493 3122 2564 ειπερ
3148 2493 3314 2564 ἐχρῆν
3343 2492 3434 2560 ἀφ’
3460 2487 3670 2542 ἐαυτῶν
3691 2505 3785 2556 γε-

2200 2581 2406 2646 νέσθαι,
2432 2581 2788 2650 πεποιήκασι,
2817 2576 2911 2631 καί
2933 2579 2960 2630 6
2986 2575 3084 2647 μὲν
3111 2577 3393 2646 ὑπήκουσε
3412 2573 3511 2643 τῆς
3543 2571 3786 2642 συμϐου-

2200 2665 2299 2736 λῆς
2328 2676 2350 2704 ο
2387 2665 2485 2732 τῆς
2519 2664 2746 2734 μητρὸς,
2770 2663 2804 2733 ἡ
2826 2661 2881 2715 δέ
2917 2659 2986 2712 τὰ
3024 2661 3151 2732 παρ’
3176 2657 3375 2726 ἐαυτῆς
3404 2657 3580 2709 πάντα
3613 2655 3784 2724 ἐπλή-

2203 2765 2368 2820 ρωσε,
2394 2749 2518 2800 τότε
2548 2746 2734 2800 λοιπὸν
2757 2745 2852 2798 καὶ
2877 2745 2905 2796 6
2933 2743 3136 2813 ἀγαθὸς
3165 2741 3441 2810 Δεσπότης
3469 2738 3530 2792 τὺ
3563 2739 3787 2792 πάντων

2201 2831 2623 2903 δυσχερέστερον
2669 2829 2826 2883 τοῦτο
2878 2829 2996 2899 μετ’
3050 2825 3302 2888 εὐκολίας
3343 2823 3642 2893 ἀνυσθῆναι
3688 2838 3787 2874 πε-

2203 2916 2417 2986 ποίηκε,
2465 2915 2525 2968 τὸ
2569 2915 2643 2986 μὴ
2697 2912 2951 2982 γενέσθαι
2985 2909 3286 2981 κατάδηλον
3322 2907 3424 2978 τῆς
3462 2907 3680 2976 ἀπάτης
3723 2907 3786 2960 τὸ

2201 3000 2385 3070 δρᾶμα
2411 3001 2490 3070 τῷ
2536 2999 2742 3052 Ἰσαάκ.
2797 2996 3014 3068 Ἐπειδὴ
3049 2995 3157 3065 γὰρ
3195 2993 3535 3064 προσήνεγκε
3567 2990 3788 3070 τάίέδέ-

2204 3069 2385 3154 σματα
2406 3069 2485 3154 τῷ
2503 3082 2692 3152 πατρὶ,
2711 3076 2874 3135 Εἴπεο
2897 3081 2992 3146 Τίς
3016 3075 3075 3132 εἷ
3089 3077 3191 3144 σὺ,
3216 3076 3464 3137 τέκνον;
3487 3073 3597 3129 Καὶ
3615 3069 3788 3128 εἶπεν

2215 3165 2415 3221 Ἰακὼϐ
2440 3164 2520 3231 τῷ
2554 3165 2729 3232 πατρί
2760 3162 2946 3218 αὑτοῦ
2967 3179 2982 3195 ο
3029 3160 3176 3231 Ἐγώ
3203 3161 3321 3230 εἰμι
3371 3157 3563 3214 Ἠσαῦ
3603 3161 3634 3212 ό
3657 3159 3790 3221 υἱός

2203 3264 2322 3305 σου
2347 3251 2380 3303 ὁ
2413 3252 2785 3318 πρωτότοκος
2804 3262 2819 3277 ’
2847 3243 3148 3313 ,πεποίηκά
3173 3258 3293 3309 σοι,
3332 3241 3484 3296 καθὰ
3520 3239 3791 3308 λελάλη-

2205 3331 2318 3399 κάς
2348 3351 2470 3403 μοι.
2509 3330 2800 3397 Ἀναστὰς
2840 3329 3110 3394 κάθισον,
3139 3329 3235 3382 καί
3260 3327 3411 3397 φάγε
3433 3327 3502 3380 ἐκ
3540 3327 3651 3394 τῆς
3680 3325 3788 3392 θή-

2199 3434 2312 3487 ρας
2332 3435 2475 3486 μου,
2506 3416 2666 3480 ὅπως
2687 3414 2998 3484 εὐλογήσῃ
3027 3431 3104 3484 με
3131 3413 3169 3482 ή
3199 3410 3368 3482 ψυχή
3399 3428 3538 3465 σου.
3584 3411 3790 3464 Ἐννὸει

2210 3517 2300 3571 μοι
2334 3500 2450 3571 μεθ’
2485 3500 2615 3570 ὅσης
2654 3499 2894 3567 ἀγωνίας
2939 3499 3111 3552 ταῦτα
3159 3496 3458 3567 ἐφθέγγετο
3496 3497 3524 3548 6
3568 3495 3787 3552 Ἰακώϐ,

2218 3585 2276 3637 '0
2309 3585 2416 3654 γὰρ
2447 3585 2505 3637 ἐν
2539 3583 2842 3655 προοιμίοις
2871 3582 3041 3636 εἰπὼν
3075 3583 3141 3653 τῇ
3175 3581 3364 3653 μητρὶ,
3394 3580 3674 3650 Φοϐοῦμαι
3713 3582 3790 3651 μὴ

2206 3668 2391 3732 ἐπάξω
2409 3665 2631 3737 ἐμαυτῷ
2657 3668 2925 3736 κατάραν,
2945 3665 3038 3718 καὶ
3063 3665 3162 3718 οὐκ
3189 3663 3456 3731 εὐλογίαν,
3482 3661 3575 3716 νῦν
3601 3664 3658 3715 ἐν
3680 3663 3792 3733 ὅσῳ

2207 3751 2359 3822 φόϐῳ
2404 3749 2756 3819 καθειστήκει
2802 3748 3055 3802 τοσοῦτον
3102 3748 3288 3819 δρᾶμα
3323 3745 3790 3817 ὐποκρινόμενος;

2220 3835 2359 3888 Ἀλλ’
2399 3832 2586 3904 ἐπειδὴ
2615 3831 2748 3895 Θεὸς
2785 3828 2852 3903 ὴν
2897 3833 2926 3885 6
2971 3831 3248 3902 συνεργῶν
3295 3831 3407 3893 τοῖς
3456 3830 3788 3901 γινομένοις,

2209 3919 2427 3973 ἅπαντα
2460 3919 2538 3980 εἰς
2567 3916 2726 3986 ἔργον
2759 3915 2928 3986 ἐξῄει.
2961 3913 3025 3968 Τί
3052 3911 3166 3982 οῦν,
3197 3913 3264 3968 ἀν
3285 3915 3428 3967 είποι
3449 3931 3554 3977 τις,
3590 3913 3690 3966 καὶ·
3714 3912 3795 3984 τῷ

2207 4003 2391 4072 ψεύδει
2423 3999 2500 4071 τῷ
2537 3999 2762 4070 τοιούτῳ
2791 3998 2922 4082 Θεςις
2962 4001 3306 4082 συνήργησε;
3349 3997 3439 4068 Μὴ
3474 3996 3661 4082 ἁπλῶς
3707 3996 3794 4060 ἐξ-

2209 4085 2366 4150 ίταξε
2393 4085 2456 4138 τὸ
2477 4083 2782 4153 γινόμενον,
2811 4080 3085 4154 ἀγαπητέ,
3112 4080 3248 4135 ἀλλά
3273 4082 3364 4134 τὸν
3395 4081 3595 4134 σκοπὸν
3625 4097 3797 4133 κατα-

2211 4168 2474 4240 μάνθανε,
2508 4167 2603 4219 καί
2623 4167 2706 4220 ὅτι
2731 4165 2791 4218 οὐ
2808 4164 3076 4236 ,βιωτικῆς
3102 4163 3289 4218 ἕνεκέν
3313 4181 3459 4228 τινος
3479 4164 3796 4228 πλεονεξίας

2209 4251 2368 4306 τοῦτο
2391 4250 2618 4320 ἐγίνετο,
2645 4249 2782 4302 ἀλλά
2805 4246 2898 4301 τοῦ
2925 4246 3132 4319 πατρὸς
3152 4246 3252 4319 τὴν
3277 4247 3526 4315 εὐλογίαν
3555 4247 3796 4298 ἐπισπά-

2213 4334 2408 4388 σασθαι
2442 4331 2805 4395 ἐσπούδαζεν·
2840 4330 3016 4394 ἄλλως
3059 4329 3116 4383 δέ
3147 4331 3195 4384 εἰ
3241 4329 3457 4401 μέλλοις
3503 4328 3694 4392 ἁπλῶς
3726 4328 3796 4380 τὰ

2211 4418 2474 4488 γινόμενα
2523 4415 2820 4480 ἐξετάζειν,
2871 4414 2964 4468 καὶ
3006 4413 3082 4485 μὴ
3122 4414 3214 4469 τὸν
3263 4413 3463 4467 σκοπὸν
3514 4412 3795 4483 πανταχοῦ

2211 4501 2509 4572 ἐπιζητεῖν,
2532 4500 2634 4570 ὅρα
2655 4497 2682 4537 ἀ
2716 4515 2798 4551 σοι
2819 4497 2910 4551 τὸν
2934 4499 3283 4569 πατριάρχην
3312 4497 3658 4550 παιδοκτόνον
3677 4497 3796 4549 ὀνο-

2213 4587 2427 4658 μάζειν,
2451 4583 2548 4639 καί
2568 4584 2663 4637 τὸν
2684 4583 2870 4646 Φινεὲς
2891 4581 3236 4654 ἀνδροφόνον.
3277 4581 3416 4634 Ἀλλ’
3439 4579 3561 4634 οὐτε
3585 4581 3795 4643 ἐκεῖνος

2210 4669 2585 4734 παιδοκτόνος,
2616 4667 2755 4722 ἀλλά
2790 4667 2886 4721 καὶ
2917 4665 3039 4720 λίαν
3080 4665 3455 4737 φιλόστοργος,
3506 4665 3555 4718 εἰ
3579 4663 3678 4718 καί
3711 4681 3794 4726 τις

2209 4753 2403 4818 ἄλλος’
2447 4752 2573 4806 οὔτε
2599 4745 2754 4814 οὗτος
2800 4749 3147 4822 ἀνδροφόνος,
3185 4749 3323 4804 ἀλλά
3349 4748 3412 4802 τδ
3447 4747 3651 4819 μᾶλλον
3698 4749 3796 4802 καὶ

2209 4837 2350 4907 ἄγαν
2381 4837 2630 4907 ζηλωτής
2665 4847 2713 4890 θ.
2753 4833 3044 4905 Ἐκάτερος
3065 4832 3175 4903 γὰρ
3201 4830 3381 4886 αὐτῶν
3405 4831 3466 4886 τὸ
3494 4831 3688 4885 δοκοῦν
3715 4831 3797 4903 τῷ

2209 4919 2327 4992 Θεῷ
2345 4919 2712 4989 διεπράττετο.
2742 4918 2940 4988 Διόπερ
2969 4917 2998 4970 6
3030 4919 3128 4988 μὲν
3149 4916 3238 4970 διὰ
3257 4917 3356 4987 τὴν
3385 4917 3633 4987 ὑπακοὴν
3674 4916 3802 4968 πολ-

2209 5003 2308 5075 λῆς
2333 5002 2580 5068 ἀξιοῦται
2607 5001 2708 5072 τῆς
2730 5000 2934 5055 ἄνωθεν
2960 5000 3194 5072 ἀμοιϐῆς
3213 5017 3228 5030 ·
3250 5001 3279 5052 6
3296 5000 3352 5053 δὲ
3384 4999 3472 5053 διά
3502 5000 3594 5053 τὸν
3631 4998 3798 5070 ζῆλον

2210 5087 2664 5160 ἀνακηρύττεται.
2709 5086 2899 5154 Ἕστη
2935 5083 3064 5154 γὰρ,
3100 5083 3253 5156 φησὶ,
3288 5083 3512 5149 Φινεὲς,
3548 5083 3650 5137 καὶ
3696 5084 3797 5148 ἐξ-

2211 5172 2483 5226 ιλάσατο.
2510 5170 2570 5222 Εἰ
2597 5169 2775 5221 τοίνυν
2800 5167 2958 5236 φόνος
2981 5167 3303 5239 εὐδοκίμησε
3328 5167 3424 5220 καὶ
3448 5166 3798 5220 παιδοκτονία

2210 5258 2268 5309 ἐν
2291 5255 2542 5316 ἐκείνοις,
2575 5253 2760 5324 ἐπειδὴ
2782 5251 2926 5306 κατά
2941 5251 3076 5304 Θεοῦ
3101 5250 3327 5322 γνώμην
3351 5251 3588 5320 ἐγένετο,
3615 5251 3712 5305 καὶ
3735 5253 3796 5305 οὐ

2209 5341 2321 5400 τοῖς
2354 5337 2601 5406 γεγονόσι
2629 5335 2991 5406 προσέχομεν,
3019 5333 3157 5388 ἀλλά
3184 5333 3263 5404 τῷ
3291 5333 3482 5404 σκοπῷ
3512 5333 3617 5387 τῶν
3647 5351 3797 5402 γινο-

2213 5422 2412 5492 μένων,
2447 5422 2540 5472 καὶ
2569 5422 2633 5490 τῇ
2666 5418 2773 5471 τῶν
2798 5419 3178 5492 πεποιηκότων
3197 5418 3414 5490 γνώμῃ,
3442 5418 3622 5490 πολλῷ
3656 5419 3797 5489 μᾶλ-

2209 5505 2300 5556 λον
2334 5504 2427 5556 καὶ
2464 5502 2698 5555 ἐνταῦθα
2727 5501 2884 5554 τοῦτο
2917 5500 3228 5568 λογίζεσθαι
3259 5502 3387 5572 χρή.

2279 5595 2347 5655 γ’.
2363 5586 2452 5656 Μὴ
2465 5587 2643 5639 τοίνυν
2657 5583 2816 5636 τοῦτο
2832 5584 3043 5646 σκόπει,
3061 5585 3143 5636 ὅτι
3156 5583 3349 5653 ψεῦδος
3363 5580 3510 5653 ὴντά
3526 5583 3798 5652 λεγόμενα

2212 5670 2362 5741 παρά
2387 5670 2480 5722 τοῦ
2524 5666 2744 5732 Ἰακὼϐ,
2772 5666 2886 5719 ἀλλ’
2919 5669 3095 5720 ἐκεῖνο
3130 5669 3320 5733 ἐννόει,
3357 5669 3442 5721 ὅτι
3470 5667 3798 5738 βουλόμενος

2275 5839 2299 5908 ς
2325 5832 2956 5908 ριιὶηᾳυοιῐῃηςερπῇκουσε
2974 5835 3320 5908 τῇσυμϐουλῇ.

2277 5896 2300 5932 Α
2331 5891 2501 5943 Morel.
2525 5891 2744 5958 cLVSavjl.
2773 5895 2907 5958 ᾥραη
2924 5894 3074 5944 Cuisl.
3106 5891 3195 5958 ὅρα
3219 5891 3297 5944 σοι
3319 5896 3397 5942 καὶ
3422 5912 3466 5942 τ.
3490 5910 3545 5942 τι.

2275 5961 2293 5980 ⁸
2316 5959 2460 6008 Coisl.
2479 5957 2599 6004 ἀλλὰ
2622 5956 2701 6002 καὶ
2727 5956 2954 6012 ζηλωτής.
