4084 6356
287 416 388 471 163

278 526 405 568 nam
431 528 721 584 supernam
751 512 936 568 habuit
958 513 1350 580 subsidiariam,
1381 513 1540 569 etiam
1576 514 1741 568 invito
1767 528 1861 582 pa-

279 617 358 661 tre
389 606 533 660 illius
560 606 991 661 benedictionem
1028 605 1240 675 abripit.
1273 605 1413 659 Nihil
1457 606 1599 660 enim
1641 605 1864 660 validius

275 715 342 753 eo
373 699 464 768 qui
511 697 701 751 dextra
743 697 830 752 illa
875 698 1175 767 adjuvatur.
1198 696 1334 752 Vide
1379 698 1539 767 igitur
1582 696 1867 767 diligenter

275 791 478 856 omnia,
506 799 565 844 ut
586 789 761 845 discas
786 789 1193 860 dispensationis
1214 788 1584 844 excellentiam
1610 804 1625 854 ;
1656 797 1711 844 et
1734 803 1867 858 quo-

276 880 439 934 modo
459 880 546 934 hic
566 880 779 949 quidem
805 880 891 933 illa
917 880 1084 949 gratia
1116 878 1302 945 fretus,
1330 894 1578 949 magnum
1609 878 1663 933 in
1688 878 1865 933 omni-

277 972 377 1025 bus
423 971 680 1026 auxilium
726 980 781 1027 et
824 972 1257 1041 cooperationem
1309 971 1642 1042 adipiscitur,
1688 971 1761 1025 ita
1810 979 1879 1026 ut

278 1062 445 1130 patris
490 1062 543 1116 in
587 1077 710 1117 eum
763 1062 1114 1118 transferatur
1160 1061 1463 1118 benedictio
1498 1081 1512 1118 :
1546 1063 1636 1118 ille
1686 1074 1866 1119 autem

276 1152 459 1207 omnia
504 1154 718 1223 amittit,
747 1153 978 1224 perdens
1006 1156 1350 1225 semetipsum
1397 1163 1615 1226 propter
1655 1169 1867 1210 morum

278 1245 630 1315 iniquitatem.
656 1246 709 1301 5.
749 1244 974 1299 Rebecca
1002 1256 1190 1311 autem,
1223 1246 1411 1316 inquit,
1442 1246 1631 1300 audivit
1655 1247 1866 1316 loquen-

276 1341 375 1389 tem
396 1334 549 1390 Isaac
576 1353 690 1389 cum
720 1334 862 1390 Esau
884 1336 992 1405 ﬁlio
1017 1353 1129 1390 suo.
1160 1334 1191 1390 Ι
1196 1337 1263 1391 vit
1291 1346 1459 1391 autem
1484 1336 1627 1391 Esau
1646 1337 1699 1391 in
1723 1354 1866 1390 cam-

279 1445 421 1495 pum,
451 1438 505 1481 ut
530 1439 796 1481 venaretur
839 1429 1065 1499 praedam
1095 1429 1227 1497 patri
1270 1446 1380 1483 suo.
1422 1428 1475 1483 6.
1520 1428 1662 1482 Dixit
1701 1439 1868 1483 autem

282 1519 508 1573 Rebecca
536 1519 606 1571 ad
647 1520 811 1587 ﬁlium
836 1536 985 1573 suum
1013 1520 1292 1590 juniorem.
1320 1521 1495 1586 Quare
1520 1521 1735 1591 adjecit,
1768 1520 1869 1575 Ju-

280 1610 515 1664 niorem?
558 1610 694 1676 Quia
737 1611 983 1680 superius
1026 1611 1253 1676 dixerat,
1294 1611 1498 1666 Vocavit
1523 1612 1676 1667 Isaac
1705 1612 1868 1683 ﬁlium

277 1718 424 1755 suum
455 1712 576 1756 natu
619 1704 884 1771 majorem,
916 1712 971 1758 ut
1010 1704 1278 1760 discamus
1303 1706 1389 1760 cui
1433 1721 1577 1761 nunc
1618 1707 1869 1778 loquatur

278 1795 544 1864 Rebecca,
577 1796 765 1867 inquit,
791 1797 871 1850 Ad
884 1797 1166 1868 juniorem,
1191 1798 1292 1854 hoc
1312 1808 1414 1865 est,
1443 1800 1629 1855 Jacob.
1659 1800 1864 1869 Audivi,

279 1887 471 1958 inquit,
496 1898 686 1958 patrem
714 1898 855 1941 tuum
880 1892 1161 1959 loquentem
1197 1907 1314 1944 cum
1341 1890 1483 1946 Esau
1508 1897 1666 1964 fratre
1689 1905 1794 1960 tuo,
1821 1903 1867 1948 et

270 1980 522 2033 dicentem
544 1995 562 2033 :
588 1980 639 2033 7.
662 1979 805 2046 Aﬂ'er
831 1980 953 2033 mihi
982 1982 1315 2049 venationem,
1338 1992 1384 2037 et
1412 1988 1496 2055 [ac
1522 1984 1646 2037 milii
1672 1985 1863 2049 edulia,

276 2080 333 2123 ut
358 2087 477 2124 cum
504 2070 787 2138 comedero,
829 2071 1120 2126 benedicam
1148 2083 1194 2126 te
1216 2090 1388 2128 coram
1428 2074 1670 2144 Domino,
1700 2076 1867 2146 prius-

275 2181 431 2229 quam
468 2166 658 2218 moriar
684 2181 798 2234 ego.
837 2165 962 2220 Hazc
1001 2166 1213 2236 quidem
1240 2167 1417 2221 audivi
1467 2177 1670 2238 patrem
1719 2177 1865 2225 tuum

276 2258 439 2311 fratri
461 2271 551 2311 tuo
576 2256 721 2312 Esau
746 2258 1075 2327 loquentem.
1119 2258 1177 2314 8.
1220 2258 1377 2314 Nunc
1412 2261 1587 2331 igitur,
1612 2261 1709 2331 ﬁli,
1742 2261 1867 2315 audi

273 2364 357 2400 me
376 2348 507 2400 sicut
531 2364 621 2418 ego
644 2348 733 2401 tibi
755 2350 1014 2420 pracipio,
1044 2350 1097 2405 9.
1126 2358 1172 2404 et
1206 2352 1333 2405 vade
1356 2351 1423 2405 ad
1449 2369 1583 2418 oves,
1612 2361 1657 2408 et
1679 2354 1866 2408 sumito

274 2440 406 2492 mihi
429 2440 547 2493 inde
574 2440 702 2494 duos
726 2440 898 2494 [nudos
923 2452 1119 2496 teneros
1144 2451 1192 2496 et
1222 2445 1397 2511 bonos,
1432 2452 1478 2498 et
1499 2446 1686 2515 faciant
1709 2461 1772 2499 ea
1794 2447 1867 2500 eis

275 2533 451 2586 edulia
472 2534 602 2603 patri
620 2545 724 2599 tuo,
743 2543 794 2586 ut
810 2545 980 2588 amat:
1000 2535 1087 2590 10.
1107 2544 1154 2589 et
1180 2536 1365 2606 inferes
1390 2538 1526 2607 patri
1542 2548 1627 2591 tuo
1656 2547 1703 2591 et
1736 2554 1868 2592 com-

277 2626 413 2692 edet,
433 2636 489 2678 ut
509 2626 766 2681 benedicat
797 2638 842 2681 te
863 2639 1004 2698 pater
1031 2639 1144 2683 tuus
1170 2631 1460 2701 priusquam
1471 2633 1716 2686 moriatur
1734 2634 1859 2703 ipse.

346 2718 404 2771 2.
448 2717 674 2772 Rebecca
701 2721 754 2773 in
780 2719 926 2775 rebus
952 2737 1064 2791 quae
1088 2723 1155 2774 ad
1179 2722 1574 2778 benedictionem
1598 2724 1780 2780 Jacobi
1802 2728 1865 2782 ab

277 2809 467 2863 Isaaco
505 2821 750 2881 spectant,
786 2821 834 2866 et
864 2829 960 2866 suo
1004 2815 1167 2867 amori
1199 2824 1244 2867 et
1288 2815 1386 2884 ipsi
1429 2816 1526 2869 Dei
1567 2817 1866 2872 ministravit

276 2903 520 2969 oraculo;
541 2905 805 2973 cooperari
823 2922 914 2959 nos
941 2907 1047 2960 vult
1074 2908 1269 2962 auxilio
1298 2926 1390 2963 suo
1421 2908 1594 2976 Deus;
1634 2928 1736 2966 non
1774 2929 1866 2966 co-

275 3004 520 3061 aperatur
552 2995 831 3050 mendacio.
856 3027 930 3037 --
950 2998 1083 3053 Vide
1112 3016 1360 3070 magnum
1392 3002 1577 3056 matris
1603 3020 1864 3071 amorem,

278 3087 391 3142 imo
433 3089 885 3158 dispensationem
914 3091 1029 3146 Dei.
1074 3091 1192 3162 lpse
1215 3095 1358 3148 enim
1398 3104 1513 3149 erat
1541 3097 1632 3165 qui
1672 3098 1722 3152 ei
1763 3098 1867 3154 hoc

277 3181 563 3237 consilium
594 3183 761 3251 dedit,
793 3193 847 3239 et
871 3185 1050 3239 omnia
1085 3186 1221 3241 bene
1242 3201 1400 3257 agere
1425 3188 1647 3243 curavit.
1674 3188 1867 3246 Vidisti

279 3275 468 3329 matris
501 3275 758 3344 optimum
783 3276 1107 3332 consilium?
1148 3276 1281 3332 Vide
1309 3286 1363 3334 et
1388 3278 1555 3336 Jacob
1578 3280 1866 3350 providen-

279 3368 448 3421 tiam:
476 3375 531 3421 et
566 3368 834 3437 quomodo
859 3369 1212 3439 respondens,
1235 3384 1452 3426 suorum
1483 3387 1691 3427 morum
1732 3374 1869 3429 indi-

277 3467 367 3511 cat
413 3460 897 3515 mansuetudinem.
946 3464 1033 3517 11.
1083 3462 1229 3517 Dixit
1273 3465 1436 3530 enim,
1484 3467 1672 3536 inquit,
1721 3470 1869 3523 matri

278 3565 388 3604 siue
418 3565 436 3604 .'
467 3550 559 3605 Est
594 3550 755 3621 frater
781 3570 922 3607 meus
960 3555 1036 3608 vir
1064 3556 1315 3626 hispidus,
1352 3573 1442 3628 ego
1479 3568 1645 3612 autem
1676 3559 1750 3612 vir
1776 3558 1869 3613 lte-

278 3642 355 3695 uis
377 3658 396 3695 :
426 3641 513 3696 12.
540 3659 603 3708 ne
628 3647 758 3714 forte
780 3654 1048 3701 contrectat
1083 3664 1163 3700 me
1199 3659 1345 3717 pater
1370 3666 1528 3716 meus,
1565 3660 1611 3703 et
1637 3666 1722 3704 ero
1754 3661 1872 3705 ante

279 3749 399 3786 eum
434 3736 577 3802 quasi
609 3747 949 3805 contemnens,
986 3748 1036 3791 et
1064 3738 1301 3792 inducam
1348 3739 1471 3793 mihi
1512 3741 1611 3810 ipsi
1654 3741 1870 3795 maledi-

280 3829 520 3897 ctionem,
549 3847 650 3885 non
685 3831 1098 3888 benedictionem.
1127 3833 1311 3904 Magna
1341 3834 1489 3903 pueri
1517 3835 1790 3901 honestas,
1817 3844 1873 3891 et

282 3922 336 3977 in
364 3932 570 3994 patrem
605 3927 925 3981 reverentia.
964 3926 1173 3993 Timeo,
1204 3928 1393 3997 inquit,
1425 3944 1494 3983 ne
1518 3928 1571 3982 in
1601 3928 1872 3983 diversum

282 4015 535 4069 eveniant
564 4016 735 4071 studia
758 4033 899 4085 mea,
930 4032 998 4073 ne
1036 4018 1218 4074 videar
1246 4019 1515 4075 adversari
1556 4021 1723 4090 patris
1752 4035 1874 4075 sen-

284 4108 485 4173 tentias,
517 4115 570 4162 et
597 4124 692 4178 pro
737 4108 1111 4167 benedictione
1156 4112 1586 4167 maledictionem
1616 4113 1745 4168 mihi
1773 4113 1873 4168 ad-

280 4198 497 4252 ducam.
521 4200 658 4266 Quid
683 4201 841 4272 igitur
861 4202 1123 4270 Rebecca,
1150 4203 1477 4259 admirabilis
1504 4205 1592 4259 illa
1616 4216 1666 4260 et
1688 4220 1874 4259 amans

284 4290 420 4344 lilii?
448 4291 581 4358 Quia
608 4308 713 4347 non
742 4309 807 4348 ex
842 4309 936 4348 sua
974 4303 1176 4349 tantum
1205 4297 1466 4350 sententia
1503 4296 1748 4363 faciebat,
1780 4296 1873 4369 sed

282 4389 340 4435 et
390 4380 572 4437 divino
603 4385 940 4440 ministrabat
966 4388 1204 4452 oraculo,
1238 4387 1359 4442 ideo
1396 4389 1539 4442 omni
1579 4389 1756 4443 studio
1785 4405 1877 4443 co-

284 4481 444 4525 natur
487 4475 725 4529 eximere
768 4491 936 4545 puero
966 4486 1185 4543 metum,
1211 4489 1267 4533 et
1307 4478 1505 4534 addere
1548 4480 1776 4548 animos,
1820 4488 1878 4534 ut

283 4568 569 4622 consilium
598 4568 835 4637 perficiat
867 4587 879 4623 :
916 4586 1015 4625 nec
1043 4572 1305 4640 promittit
1333 4572 1382 4626 ei
1408 4572 1548 4642 quod
1591 4573 1761 4641 possit
1783 4572 1877 4627 de-

285 4657 475 4712 ludere
496 4668 723 4728 patrem,
746 4670 801 4715 et
831 4662 1000 4716 latere
1026 4679 1039 4716 :
1069 4662 1164 4717 sed
1191 4663 1355 4733 quid?
1383 4664 1470 4718 l5.
1494 4661 1560 4716 In
1584 4680 1662 4717 me
1684 4664 1877 4718 recidat

284 4750 577 4806 maledictio
616 4755 758 4819 hac,
790 4754 867 4823 ﬁli
906 4755 977 4808 mi
1011 4770 1031 4808 :
1074 4766 1269 4809 tantum
1318 4756 1464 4813 obedi
1499 4757 1609 4811 voci
1648 4773 1793 4822 mete,
1832 4768 1878 4811 et

284 4840 477 4895 vadens
522 4841 652 4909 affer
675 4844 821 4898 mihi.
869 4845 937 4899 Et
980 4845 1027 4899 si
1072 4845 1232 4901 fuerit
1274 4846 1473 4917 aliquid
1513 4846 1637 4913 tale,
1684 4847 1874 4918 inquit,

286 4933 424 4988 nihil
457 4934 552 4989 tibi
594 4936 823 4992 nocebit.
856 4936 937 4992 Ne
978 4936 1138 5007 igitur
1166 4939 1374 5007 timeas,
1414 4940 1506 4995 sed
1537 4940 1675 4995 bene
1710 4940 1878 4995 ﬁdens

287 5025 452 5079 ΟὑεΔὶ
472 5028 580 5081 voci
606 5044 750 5097 mete,
778 5038 831 5085 et
858 5029 942 5084 fac
961 5045 1082 5099 qum
1099 5030 1191 5085 tibi
1217 5032 1586 5087 consuluntur.
1612 5031 1737 5087 Haec
1755 5047 1880 5087 vere

284 5125 530 5172 materna
560 5118 777 5176 dilectio
812 5130 915 5187 est,
949 5130 1007 5177 ut
1045 5137 1142 5193 pro
1171 5138 1337 5193 puero
1362 5133 1546 5193 parata
1584 5125 1658 5179 ‘sit
1700 5125 1878 5179 omnia

285 5208 451 5262 ferre.
494 5207 589 5263 His
611 5209 766 5266 dictis
810 5211 979 5267 ﬁlium
1023 5227 1056 5267 a
1103 5213 1294 5268 timore
1339 5214 1602 5269 liberavit.
1638 5216 1725 5271 14.
1754 5214 1881 5269 Cum

284 5302 445 5371 igitur
488 5304 970 5376 abiisset,.sumpsit
1013 5318 1060 5361 et
1087 5308 1254 5362 attulit
1283 5310 1433 5363 matri
1480 5324 1589 5363 suis
1632 5326 1651 5363 :
1697 5319 1744 5363 et
1766 5312 1883 5382 fecit

286 5397 484 5462 edulia,
506 5398 637 5452 sicut
663 5400 867 5454 amabat
904 5411 1048 5472 pater
1075 5404 1203 5473 ejus.
1228 5401 1316 5457 15.
1344 5400 1414 5455 Et
1452 5412 1506 5455 ut
1538 5404 1750 5473 sumpsit
1778 5402 1880 5457 Re-

288 5489 461 5554 becca,
495 5490 688 5559 inquit,
712 5492 896 5546 stolam
931 5494 1030 5563 ﬁlii
1065 5495 1145 5547 sui
1181 5494 1393 5548 senioris
1418 5493 1707 5563 pulchram,
1728 5510 1881 5565 quam

290 5581 506 5636 habebat
533 5584 674 5653 apud
716 5601 769 5639 se
793 5585 951 5652 domi,
987 5587 1150 5641 induit
1194 5586 1354 5641 Jacob
1394 5587 1558 5649 ﬁlium
1604 5602 1753 5640 suum
1790 5587 1884 5657 ju-

288 5674 508 5737 niorem,
542 5674 631 5729 16.
661 5683 709 5728 et
737 5674 950 5743 pellibus
979 5677 1238 5732 hwdorum
1265 5677 1471 5731 brachia
1488 5677 1603 5747 ejus
1624 5692 1643 5730 :
1673 5686 1720 5731 et
1746 5679 1884 5730 nuda

288 5764 414 5817 colli
434 5766 543 5833 ejus
570 5766 922 5832 circumdedit,
942 5768 1027 5822 17.
1050 5777 1095 5822 et
1115 5768 1254 5822 dedit
1278 5769 1469 5833 edulia,
1492 5778 1538 5821 et
1569 5785 1722 5837 panes
1759 5784 1883 5835 quos

291 5856 487 5927 fecerat
530 5858 583 5912 in
629 5876 811 5917 manus
852 5860 1013 5916 Jacob
1040 5862 1137 5931 ﬁlii
1165 5862 1264 5931 sui,
1294 5871 1339 5917 et
1382 5858 1561 5918 obtulit
1605 5861 1877 5933 patrisuo.

1271 397 1336 453 IN
1371 397 1522 453 CAP.
1564 395 1777 453 XXVII.
1819 394 2059 452 GENES.
2102 394 2332 451 HOMIL.
2373 395 2503 451 Llll.

3459 405 3565 458 466

1973 508 2130 576 Vide,
2177 509 2423 576 obsecro,
2457 510 2545 565 hic
2591 509 2849 567 Rebeccae
2886 526 3009 568 cum
3048 528 3239 586 magna
3280 514 3565 572 dilectione

1971 600 2309 671 conjunctam
2363 616 2540 657 raram
2586 604 2921 673 sapientiam.
2965 605 3098 661 Nam
3145 607 3266 678 quia
3317 609 3563 678 superius

1973 693 2126 759 dixit,
2146 694 2293 748 illum
2321 694 2534 764 quidem
2563 695 2829 766 hispidum
2857 712 2997 764 esse,
3025 697 3167 754 hunc
3192 714 3319 754 vero
3340 700 3526 755 laevent

1973 785 2129 853 stola,
2149 786 2337 857 inquit,
2363 787 2505 841 Esau
2526 787 2697 842 induit
2716 804 2858 852 eum,
2881 798 2934 843 et
2956 789 3182 859 pellibus
3210 792 3562 848 circumdedit

1973 890 2116 943 eum,
2146 884 2200 930 et
2229 891 2350 931 cum
2384 876 2615 947 undique
2642 892 2762 932 eum
2790 878 2857 933 ad
2878 879 3247 951 deccptionem
3276 882 3561 937 instruxis-

1974 975 2075 1033 set,
2107 965 2243 1021 datis
2270 966 2460 1023 eduliis
2490 976 2544 1022 et
2565 968 2791 1038 panibus
2814 970 2866 1023 in
2900 986 3108 1038 manus,
3136 970 3313 1027 effecit
3338 983 3395 1028 ut
3423 973 3561 1044 patri

1973 1054 2209 1111 aﬁ‘erret.
2238 1057 2533 1113 Considera
2576 1059 2663 1113 hic
2687 1074 2918 1125 rursum,
2950 1061 3215 1131 quomodo
3252 1064 3431 1117 omnia
3469 1079 3565 1118 su-

1973 1163 2138 1218 perna
2165 1151 2331 1221 gratia
2358 1152 2657 1207 evenerint.
2681 1152 2815 1207 Nam
2837 1154 3049 1224 quando
3071 1156 3213 1225 quod
3241 1172 3272 1211 a
3301 1158 3455 1213 nobis
3478 1168 3563 1213 est

1973 1241 2267 1310 offerimus,
2301 1244 2519 1315 largiter
2553 1244 2789 1300 divinam
2818 1249 3250 1318 cooperationem
3274 1252 3560 1322 consequi-

1972 1348 2114 1388 mur.
2149 1334 2285 1388 Nam
2308 1344 2366 1389 ut
2395 1351 2464 1391 ne
2494 1336 2706 1393 desides
2741 1346 2796 1392 et
2823 1340 2997 1407 supini
3025 1340 3214 1406 simus,
3260 1341 3372 1396 vult
3399 1345 3560 1397 etiam

1972 1439 2071 1480 nos
2092 1426 2290 1496 aliquid
2318 1427 2583 1495 conferre,
2609 1445 2715 1499 quo
2743 1431 2821 1486 sic
2847 1431 2934 1486 illa
2961 1447 3055 1487 sua
3081 1432 3349 1501 exhibeat,
3377 1443 3430 1489 et
3453 1450 3559 1489 non

1973 1524 2142 1570 totum
2168 1519 2237 1572 sit
2265 1520 2482 1588 superni
2512 1521 2719 1589 auxilii,
2753 1520 2846 1576 sed
2873 1532 3117 1592 oporteat
3150 1524 3313 1579 etiam
3342 1541 3439 1579 nos
3465 1525 3560 1579 ali-

1973 1608 2097 1678 quid
2122 1609 2277 1665 simul
2301 1610 2525 1677 alferre;
2556 1627 2730 1683 neque
2746 1628 2776 1666 a
2795 1613 2948 1668 nobis
2970 1614 3165 1669 iterum
3184 1615 3347 1686 exigit
3366 1624 3559 1683 totum,

1971 1699 2148 1755 sciens
2176 1701 2498 1757 inﬁrmitatis
2524 1713 2721 1760 nostra:
2751 1704 3200 1772 magnitudinem:
3221 1706 3315 1762 sed
3342 1721 3437 1777 pro
3463 1722 3558 1762 sua

1972 1791 2321 1862 benignitate,
2352 1803 2405 1849 et
2429 1795 2614 1850 volens
2652 1797 2990 1851 occasionem
3037 1797 3266 1867 aliquam
3292 1801 3557 1868 accipere,

1973 1891 2030 1936 ut
2052 1897 2202 1937 suam
2224 1882 2463 1940 declaret
2489 1885 2880 1949 liberalitatem,
2900 1896 3179 1957 exspectat
3201 1896 3260 1943 ut
3276 1888 3563 1945 aderamus

1970 1989 2089 2042 qua:
2127 1989 2157 2027 a
2200 1974 2351 2029 nobis
2381 1985 2543 2030 sunt:
2570 1975 2623 2030 id
2652 1976 2793 2047 quod
2820 1986 2874 2032 et
2900 1991 3042 2032 nunc
3068 1977 3266 2033 factum
3291 1988 3394 2034 est.
3427 1976 3559 2033 Nam

1970 2065 2091 2134 quia
2141 2064 2307 2121 Jacob
2345 2074 2400 2122 et
2448 2067 2689 2123 Rebecca
2738 2068 2977 2123 fecerunt
3014 2083 3077 2124 ea
3113 2084 3233 2140 quae
3272 2085 3303 2123 a
3341 2084 3399 2125 se
3445 2069 3561 2125 ﬁeri

1971 2155 2291 2224 oportebat:
2326 2164 2379 2211 et
2425 2157 2514 2212 ille
2560 2158 2776 2228 quidem
2806 2159 3040 2215 obedivit
3080 2160 3305 2215 consilio
3349 2162 3558 2224 matris,

1971 2244 2087 2299 lucc
2140 2256 2321 2302 autem
2348 2248 2529 2303 omnia
2557 2264 2677 2319 qua:
2727 2250 2795 2303 ad
2839 2265 2899 2306 se
2946 2251 3245 2307 attinebant
3286 2251 3558 2322 implevit:

1973 2345 2098 2392 tunc
2141 2338 2279 2391 ultra
2332 2338 2503 2394 bonus
2550 2340 2805 2396 Dominus
2850 2356 3039 2412 magna
3083 2342 3334 2397 facilitate
3377 2342 3563 2412 perﬁci

1970 2430 2176 2483 curavit
2220 2430 2363 2499 quod
2388 2431 2626 2486 omnium
2672 2442 2789 2487 erat
2817 2432 3209 2502 difﬁcillimum,
3241 2449 3309 2489 ne
3356 2433 3560 2489 fraudis

1972 2518 2130 2589 hujus
2160 2520 2333 2575 fabula
2358 2530 2482 2575 nota
2513 2533 2659 2577 esset
2684 2522 2885 2579 lsaaco.
2917 2525 3047 2579 Nam
3079 2536 3361 2597 postquam
3383 2527 3561 2581 attulit

1971 2609 2146 2665 edulia
2196 2612 2353 2680 patri,
2384 2613 2471 2668 19.
2503 2612 2648 2667 Dixit
2690 2616 2756 2668 ad
2797 2632 2911 2670 eum
2932 2633 2951 2670 :
2984 2617 3106 2683 Quis
3148 2627 3201 2672 tu
3229 2636 3302 2686 es,
3333 2618 3410 2689 ﬁli
3433 2620 3459 2673 ?
3487 2619 3557 2672 Et

1971 2701 2101 2755 dixit
2145 2702 2305 2756 Iacob
2332 2703 2400 2756 ad
2444 2715 2634 2773 patrem
2667 2723 2812 2760 suum
2843 2724 2862 2761 :
2906 2706 3019 2779 Ego
3056 2726 3168 2763 sum
3199 2708 3340 2765 Esau
3366 2711 3563 2781 primo-

1969 2795 2324 2864 genitusrtuus
2351 2811 2370 2850 :
2403 2796 2502 2867 feci
2545 2796 2633 2850 tibi
2675 2798 2804 2852 sicut
2852 2799 3083 2870 loquutus
3125 2802 3249 2854 mihi
3277 2818 3348 2858 es.
3395 2800 3563 2873 Surge

1970 2902 2111 2958 ergo,
2131 2887 2265 2952 sede,
2291 2897 2338 2942 et
2358 2889 2562 2943 comede
2590 2889 2653 2943 de
2680 2891 2942 2945 venatione
2964 2908 3093 2955 mea,
3118 2903 3171 2946 ut
3197 2893 3454 2948 benedicat
3483 2911 3562 2948 me

1970 2980 2141 3034 anima
2167 2989 2275 3036 tua.
2294 2981 2585 3036 Considera
2610 2982 2713 3048 hic,
2746 2983 2991 3051 obsecro,
3011 2994 3205 3055 quanta
3228 3000 3350 3039 cum
3375 2986 3561 3040 anxie-

1974 3078 2081 3127 tate
2100 3072 2262 3128 verha
2290 3072 2407 3127 haec
2433 3073 2683 3143 loquutus
2708 3074 2778 3129 sit
2801 3074 2987 3129 Jacob.
3008 3075 3111 3143 Qui
3134 3077 3273 3131 enim
3298 3077 3561 3147 principio

1971 3161 2177 3218 dixerat
2202 3165 2363 3219 matri
2388 3164 2621 3220 :~Timeo
2652 3180 2721 3220 ne
2746 3165 2994 3221 inducam
3029 3180 3189 3237 super
3217 3182 3305 3223 mc
3340 3167 3564 3224 maledi-

1971 3253 2221 3322 ctionem,
2261 3262 2317 3311 et
2366 3271 2472 3310 non
2529 3256 2995 3313 benedictionem:
3041 3272 3185 3314 nunc
3226 3259 3469 3329 expende
3508 3260 3561 3313 in

1972 3354 2173 3415 quanto
2195 3346 2386 3401 timore
2407 3348 2731 3403 constitutus
2761 3347 2939 3415 fuerit,
2964 3348 3054 3419 qui
3085 3357 3284 3403 tantam
3329 3349 3562 3404 fabulam

1973 3435 2193 3505 ageret?
2220 3436 2415 3491 Verum
2448 3437 2573 3507 quia
2620 3438 2761 3493 Deus
2790 3448 2905 3493 erat
2932 3438 3022 3508 qui
3066 3439 3455 3509 cooperabatur
3500 3439 3565 3493 iis

1973 3543 2093 3598 qua:
2122 3528 2341 3597 ﬁebant,
2370 3532 2549 3585 omnia
2575 3545 2739 3601 opere
2774 3540 2898 3587 sunt
2936 3532 3172 3603 impleta.
3205 3532 3341 3600 Quid
3381 3532 3562 3602 igitur,

1974 3621 2118 3676 dicet
2158 3623 2371 3692 aliquis,
2402 3632 2792 3692 cooperatusne
2820 3625 2961 3679 Deus
2989 3630 3075 3679 est
3113 3623 3430 3679 mendacio?
3475 3623 3567 3678 Di-

1974 3714 2131 3782 lecte,
2161 3730 2231 3770 ne
2256 3715 2476 3787 indages
2520 3724 2727 3771 tantum
2751 3717 2891 3788 quod
2916 3717 2991 3783 ﬁt,
3022 3717 3115 3772 sed
3161 3718 3379 3773 attende
3402 3717 3564 3772 etiam

1975 3821 2216 3876 scopum,
2248 3816 2303 3862 et
2331 3806 2474 3878 quod
2523 3808 2574 3861 id
2603 3823 2714 3862 non
2753 3807 2955 3862 factum
2983 3808 3053 3863 sit
3083 3808 3389 3877 temporalis
3417 3822 3565 3862 com-

1975 3897 2120 3952 modi
2141 3898 2225 3953 vel
2250 3898 2486 3953 avaritirc
2511 3913 2693 3967 causa,
2723 3898 2819 3954 sed
2840 3899 2979 3970 quod
3019 3900 3109 3955 ille
3134 3899 3298 3969 patris
3322 3898 3566 3954 benedi—

1977 3993 2210 4067 ctionem
2238 3993 2338 4048 sibi
2368 4007 2680 4062 comparare
2710 3993 2948 4047 studeret
2980 4010 2995 4048 :
3035 3992 3234 4063 alioqui
3264 3992 3309 4047 si
3340 3993 3410 4047 ita
3439 3992 3567 4046 sim-

1978 4084 2187 4155 pliciter
2220 4102 2339 4155 quae
2390 4085 2523 4140 ﬁunt
2567 4086 2966 4141 examinalurus
3011 4101 3090 4151 es,
3138 4101 3312 4156 neque
3354 4100 3568 4156 semper

1980 4191 2199 4246 scopum
2229 4177 2480 4247 exquiras
2504 4218 2519 4241 ,
2564 4176 2687 4232 vide
2716 4193 2784 4232 ne
2813 4188 2867 4232 et
2896 4175 3254 4247 patriarcham
3282 4176 3375 4230 ﬁlii
3403 4177 3567 4232 inter-

1980 4269 2258 4337 fectorem,
2290 4278 2345 4324 et
2369 4269 2628 4325 Phineem
2666 4269 2987 4324 homicidam
3015 4269 3217 4324 dicas‘.
3248 4267 3445 4323 Verum
3470 4282 3568 4323 ne-

1980 4378 2085 4433 que
2114 4362 2382 4416 Abraham
2432 4362 2524 4416 lilii
2570 4360 2832 4416 homicida
2876 4360 2993 4427 fuit,
3022 4360 3116 4415 sed
3145 4368 3199 4414 et
3223 4358 3377 4414 valde
3403 4357 3570 4421 eiraf-

1982 4455 2152 4509 fectus
2176 4464 2323 4519 erat,
2354 4455 2398 4507 si
2430 4454 2548 4523 quis
2586 4452 2721 4507 alius
2748 4470 2761 4506 :
2808 4467 2981 4522 neque
3010 4452 3236 4506 Phinees
3280 4449 3566 4514 homicida,

1980 4547 2076 4602 sed
2105 4548 2221 4602 zelo
2252 4547 2460 4615 plenus.
2490 4545 2722 4615 Uterque
2750 4544 2893 4599 enim
2920 4544 3061 4614 quod
3090 4544 3199 4598 Deo
3221 4541 3566 4612 probabatur,

1982 4638 2229 4694 faciebat.
2260 4637 2617 4705 Quamobrem
2646 4637 2738 4692 ille
2771 4652 2865 4707 per
2885 4635 3261 4699 obedientiam,
3286 4634 3508 4711 multam
3539 4647 3569 4687 a

1985 4731 2095 4786 Deo
2139 4729 2622 4785 remunerationem
2678 4730 3001 4797 promeruit;
3052 4726 3138 4781 hic
3181 4742 3311 4781 vero
3350 4735 3571 4795 propter

1982 4826 2154 4880 zelum
2197 4825 2530 4895 prmdicatur.
2584 4823 2787 4877 Dicitur
2824 4822 2969 4876 enim
2998 4839 3011 4874 :
3042 4820 3189 4876 Stetit
3241 4819 3500 4885 Phinees,~
3526 4826 3572 4872 et

1983 4918 2201 4990 placavit
2228 4917 2400 4987 (Psal.
2433 4916 2557 4971 105.
2589 4914 2701 4984 50).
2746 4914 2802 4968 Si
2828 4913 2989 4983 igitur
3018 4911 3360 4967 homicidium
3386 4919 3442 4964 et
3470 4908 3573 4963 ﬁlii

1983 5009 2161 5066 czedes
2206 5008 2540 5079 placuerunt,
2589 5007 2713 5077 quia
2760 5003 3055 5059 secundum
3107 5003 3201 5056 Dei
3250 5000 3570 5056 sententiam

1987 5101 2214 5167 ﬁebant,
2263 5115 2364 5155 nec
2415 5098 2738 5153 attendimus
2778 5096 2845 5149 ad
2882 5094 3052 5159 facta,
3097 5092 3189 5148 sed
3238 5092 3304 5146 ad
3354 5105 3572 5161 scopum

1985 5209 2172 5249 eorum
2199 5208 2319 5263 qua:
2347 5190 2689 5261 gerebantur,
2722 5198 2776 5245 et
2800 5187 2868 5242 ad
2895 5186 3225 5240 voluntatem
3266 5196 3452 5238 eorum
3480 5181 3572 5251 qui

1986 5285 2273 5341 fecerunt:
2322 5284 2492 5339 multo
2519 5282 2689 5354 magis
2716 5289 2772 5337 et
2819 5280 2906 5335 hic
2952 5274 3388 5349 perpendendum
3431 5273 3570 5329 istud

1988 5379 2167 5435 fuerit.
3578 5414 3579 5417 η

2059 5473 2113 5528 5.
2142 5471 2220 5527 Ne
2247 5471 2404 5542 igitur
2441 5470 2544 5525 hoc
2570 5469 2848 5525 considera
2868 5508 2884 5534 ,
2926 5464 3068 5536 quod
3094 5462 3242 5527 falsa
3282 5461 3479 5517 fuerint
3508 5476 3571 5517 ea

1987 5579 2106 5633 qua:
2132 5561 2442 5619 dicebantur
2465 5576 2496 5617 a
2523 5560 2742 5627 Jacobo,
2772 5558 2867 5614 sed
2894 5556 3023 5612 illud
3057 5555 3229 5626 cogita
3248 5595 3264 5623 ,
3303 5552 3574 5609 volentem

2054 5748 2072 5779 ι
2108 5750 2250 5795 Juxta
2268 5740 2544 5806 Morel._e_t_
2565 5736 2704 5806 savii.
2750 5736 2821 5785 sic
2836 5733 3114 5806 legendum
3133 5738 3249 5806 .est,

1989 5790 2864 5872 jarntibildicendumerit
2896 5790 3243 5872 patriam/tam
3271 5805 3373 5845 esse
3385 5790 3477 5855 ﬁlii
3496 5790 3573 5838 in-

1994 5860 2310 5935 terfectorem,
2327 5870 2374 5917 et
2398 5864 2621 5916 Phineem
2638 5860 2942 5911 homicidam.
