4084 6356
511 418 616 473 467

499 531 682 603 ςυθιιῐη
711 530 1105 603 prmdictioncm
1136 528 1379 600 impleri,
1407 530 1582 583 omnia
1597 538 1651 582 ut
1669 529 1745 583 sic
1766 528 1952 582 fierent
1975 526 2089 581 dis-

494 599 838 692 ’pensavisse.
865 623 928 676 Et
950 634 1004 676 ut
1036 623 1174 676 scias
1194 599 1360 676 Deum
1390 622 1568 675 omnia
1589 620 1757 674 facilia
1775 618 2089 682 reddidisse,

513 715 671 769 etiam
693 730 754 769 ea
775 729 892 784 qua:
912 713 1141 767 dillleilia
1168 721 1318 767 erant
1337 730 1352 768 :
1374 712 1492 766 vide
1511 711 1775 782 quomodo
1791 710 1966 780 justus
1987 725 2090 763 non

517 808 751 876 potuerit
780 807 1036 876 suspicari
1078 805 1316 860 fraudem
1339 847 1353 870 ,
1401 804 1494 859 sed
1535 817 1818 874 persuasus
1846 803 1912 857 sit
1939 801 2093 855 dictis

513 900 679 955 Jaeob
696 940 711 965 ,
742 908 930 954 etcum
953 899 1126 954 edulia
1150 899 1248 953 ista
1270 897 1608 963 comedisset,
1635 894 2092 951 benedimionibus

514 1003 638 1043 eum
681 999 1004 1044 remaneret.
1078 988 1146 1042 Et
1191 1002 1297 1042 non
1345 987 1489 1057 prius
1537 1002 1566 1039 a
1611 986 1891 1040 venatione
1936 983 2095 1038 rediit

516 1080 654 1135 Esau
679 1120 696 1146 ,
735 1095 894 1150 quam
947 1079 1122 1133 omnia
1172 1088 1351 1133 essent
1399 1077 1612 1147 impleta
1642 1095 1654 1131 :
1684 1086 1742 1130 ut
1783 1092 1876 1146 per
1914 1074 2090 1128 omnia

515 1173 768 1238 sciamus,
808 1172 1078 1226 voluntate
1119 1172 1210 1226 Dei
1259 1171 1373 1227 haec
1410 1181 1556 1240 gesta
1595 1171 1776 1224 fuisse.
1815 1169 1899 1224 20.
1950 1166 2093 1220 Dixit

512 1271 702 1330 autem,
733 1262 930 1333 inquit,
974 1262 1124 1317 Isaac
1148 1277 1168 1317 :
1194 1262 1331 1330 Quid
1359 1264 1483 1329 hoc,
1523 1262 1657 1332 quod
1685 1270 1787 1314 tant
1817 1261 1914 1314 cito
1951 1261 2092 1314 inve-

513 1353 670 1422 nisti,
698 1354 775 1424 ﬁli
794 1355 819 1408 ?
856 1354 956 1410 Ille
987 1366 1154 1409 autent
1194 1357 1322 1410 dixit
1354 1371 1373 1410 :
1404 1354 1553 1422 Quod
1593 1355 1798 1407 tradidit
1847 1353 2094 1408 Dominus

518 1445 656 1501 Deus
678 1461 793 1501 tuus
819 1464 988 1502 coram
1016 1465 1110 1502 me.
1136 1447 1323 1503 Adhuc
1350 1448 1400 1503 iu
1431 1449 1683 1516 angustiis
1708 1445 1880 1500 stabat
1907 1445 2091 1510 Jaeob,

516 1537 910 1608 augebaturque
929 1539 1212 1607 plurimum
1236 1539 1398 1593 timor
1416 1539 1529 1608 ejus
1549 1556 1562 1592 :
1582 1554 1764 1592 verum
1788 1537 1900 1591 lucc
1916 1537 2093 1591 omnia

517 1635 802 1700 propterea
831 1630 962 1684 facta
994 1638 1146 1696 sunt,
1181 1639 1238 1685 ut
1274 1629 1537 1685 discamus
1566 1629 1725 1685 rebus
1755 1629 1881 1698 ipsis
1910 1629 2093 1683 Domi-

519 1735 646 1773 num
691 1735 794 1773 non
825 1720 1135 1789 simpliciter
1179 1735 1328 1775 suam
1374 1719 1647 1774 declarare
1687 1718 2092 1774 sollicitudinem

516 1818 572 1864 et
619 1809 1040 1878 providentiam,
1085 1811 1186 1866 nisi
1227 1810 1415 1866 viderit
1460 1821 1516 1866 et
1554 1817 1792 1864 nostrum
1842 1808 2095 1863 accedere

516 1899 799 1955 fervorem.
845 1900 924 1956 Ne
963 1902 1104 1956 enim
1150 1911 1435 1971 prmtcrcas
1465 1901 1639 1957 obiter
1667 1901 1804 1956 hunc
1833 1915 2092 1970 agonem,

516 1990 736 2057 dilecte,
769 1991 863 2046 sed
889 1993 1195 2047 consideres
1223 1996 1290 2047 de
1317 2008 1491 2047 rerum
1523 2007 1728 2048 summa
1760 1991 1922 2046 fuisse
1951 1990 2092 2060 peri-

518 2081 694 2135 culum
721 2098 986 2152 :cumque
1012 2085 1203 2138 timore
1230 2099 1292 2138 ae
1319 2092 1551 2138 tremore
1577 2083 1789 2152 plenum
1820 2083 2003 2149 fuisse,
2029 2097 2096 2136 ne

518 2182 737 2242 pr0pter
782 2173 1205 2229 benedictionem
1249 2175 1400 2229 ﬁeret
1428 2175 1571 2228 omni
1615 2173 1968 2229 maledictioni
1996 2172 2094 2227 ob-

519 2265 730 2320 noxius.
774 2265 976 2320 Deinde
1003 2266 1210 2336 inquit,
1237 2265 1329 2320 ει.
1356 2265 1498 2320 Dixit
1527 2265 1678 2320 Isaac
1697 2265 2098 2335 :Appropinqua

518 2357 664 2423 mihi,
704 2367 753 2412 et
775 2359 1092 2412 contrectabo
1133 2368 1210 2426 te,
1248 2359 1355 2428 ﬁli,
1396 2377 1462 2413 an
1509 2359 1576 2413 sis
1604 2358 1740 2427 ﬁlius
1768 2375 1906 2413 meus
1931 2357 2091 2425 Esau,

519 2447 597 2502 uel
621 2464 740 2501 non.
773 2447 981 2502 Etenim
1005 2449 1074 2504 ob
1095 2464 1278 2504 vocem
1301 2451 1570 2519 paululum
1591 2450 1863 2505 dubitabat
1883 2450 2056 2518 justus
2079 2468 2093 2505 :

521 2537 614 2592 sed
637 2539 756 2606 quia
775 2537 1098 2609 dispensatio
1120 2540 1385 2610 implenda
1407 2550 1543 2606 erat,
1569 2556 1673 2596 non
1698 2541 1936 2611 permisit
1959 2541 2097 2596 Deus

523 2637 582 2684 ut
627 2629 781 2686 dolus
823 2632 1127 2688 sentiretur.
1181 2633 1270 2686 22.
1321 2633 1752 2704 Appropinquavit
1795 2643 1998 2700 autem,
2052 2642 2097 2686 et

520 2722 842 2776 contrectauit
865 2740 1000 2789 eum,
1031 2732 1076 2776 et
1107 2723 1270 2778 dixit:
1300 2723 1410 2778 Vox
1437 2724 1635 2794 quidem
1658 2740 1753 2777 vox
1775 2723 1957 2790 Jacob,
1987 2740 2097 2776 ma-

519 2829 613 2867 nus
637 2823 801 2867 autem
822 2831 998 2868 manus
1024 2809 1164 2868 Esait
1187 2831 1204 2869 .'
1224 2824 1270 2868 et
1296 2832 1396 2869 non
1421 2816 1622 2885 agnouit
1651 2831 1781 2868 eum.
1811 2813 1944 2869 Vide
1968 2829 2100 2885 quo-

521 2905 681 2959 modo
719 2907 966 2961 ostendat
1011 2917 1176 2962 totum
1221 2923 1250 2960 a
1298 2908 1388 2963 Dei
1439 2909 1607 2977 gratia
1661 2922 1907 2962 manasse
1936 2923 1949 2960 :
1978 2922 2097 2976 qua:

518 2995 787 3050 efficiebat
809 3037 824 3060 ,
865 3005 923 3050 ut
951 2998 1064 3066 ipse
1093 2997 1222 3051 nihil
1250 2996 1439 3052 horum
1466 3006 1808 3067 agnosceret,
1843 3008 1898 3053 et
1933 2997 2098 3054 Jacob

520 3097 738 3156 paterna
770 3087 1033 3142 frueretur
1070 3089 1456 3143 benedictione.
1490 3089 1553 3142 Et
1585 3105 1683 3143 non
1714 3089 1918 3159 agnovit
1944 3105 2090 3155 cum,

519 3177 716 3246 inquit;
755 3188 896 3231 erant
921 3181 1053 3232 enim
1092 3197 1268 3234 manus
1297 3181 1404 3249 ejus
1445 3181 1572 3234 sicut
1600 3197 1778 3233 manus
1821 3178 1977 3235 Esau.
2002 3180 2093 3235 24.

521 3267 589 3319 Et
619 3269 764 3332 dixit,
798 3268 936 3324 Tune
959 3285 1011 3323 es
1039 3271 1176 3339 ﬁlius
1204 3289 1342 3325 meus
1366 3271 1538 3325 Esau?
1557 3271 1686 3326 Vide
1717 3271 1928 3337 iterum,
1958 3289 2096 3344 quo—

522 3359 683 3414 modo
699 3361 925 3416 ostendit
941 3361 1116 3416 divina
1128 3363 1418 3433 Scriptura,
1439 3364 1578 3435 quod
1600 3364 1890 3421 dubitasset
1900 3365 2093 3436 justus.

521 3448 666 3503 Dixit
692 3452 831 3505 enim
852 3494 868 3518 ,
917 3454 1114 3522 inquit,
1151 3453 1289 3507 Nunt
1319 3464 1372 3507 tu
1407 3472 1458 3510 es
1503 3457 1639 3525 ﬁlius
1667 3473 1804 3510 meus
1835 3456 2012 3510 Esau?
2040 3467 2097 3513 ut

519 3555 585 3594 ex
611 3556 676 3595 eo
699 3557 909 3612 quoque
934 3545 1161 3599 sciamus
1183 3586 1197 3609 ,
1244 3556 1447 3614 patrem
1474 3547 1665 3602 victum
1704 3549 1927 3603 naturali
1962 3549 2094 3603 affe-

517 3632 694 3688 ctione
719 3638 894 3688 omnia
916 3635 1104 3691 fecisse
1128 3655 1140 3690 :
1169 3638 1335 3692 Deum
1364 3648 1561 3704 autem,
1585 3640 1673 3708 qui
1704 3639 1876 3694 futura
1905 3639 2093 3711 prazvi-

521 3722 641 3788 det,
687 3733 742 3779 et
787 3724 1039 3781 virtutum
1077 3737 1196 3783 nota
1238 3743 1424 3785 servos
1463 3745 1589 3785 suos
1628 3729 1879 3800 insignire
1921 3730 2092 3798 solet,

517 3814 694 3868 omnia
720 3815 861 3872 hunc
885 3817 939 3872 in
965 3819 1180 3874 modum
1207 3819 1621 3891 dispensavisse.
1646 3822 1712 3876 Et
1740 3821 1874 3876 dixit
1899 3821 2090 3876 Jacob:

518 3903 653 3975 Ego.
693 3906 977 3977 Postquam
1024 3912 1164 3965 enim
1209 3911 1371 3980 dixit,
1409 3911 1550 3967 Num
1593 3923 1644 3966 tu
1687 3930 1738 3968 es
1782 3911 1920 3968 Esait
1958 3915 2094 3982 ﬁlius

517 3997 693 4050 meus?
716 4006 770 4051 et
789 3999 939 4063 dixit,
965 3997 1076 4071 Ego
1093 4017 1112 4054 :
1129 4001 1280 4067 dixit,
1309 4003 1399 4057 25.
1429 4002 1568 4070 A/fer
1593 4004 1737 4067 mihi,
1768 4014 1814 4058 et
1838 4005 2095 4060 comedam

518 4087 583 4140 de
621 4090 876 4144 venatione
905 4101 990 4145 tua
1012 4133 1027 4159 ,
1071 4093 1170 4162 ﬁli,
1201 4104 1254 4147 ut
1287 4094 1543 4148 benedicat
1572 4107 1618 4149 te
1642 4097 1810 4150 aninta
1836 4115 1945 4151 mea
1970 4113 1986 4151 :
2007 4099 2093 4153 vix

516 4179 727 4233 tandem
754 4197 782 4235 a
807 4198 930 4238 cura
960 4185 1184 4240 solvitur
1206 4186 1401 4254 Jacob,
1441 4199 1487 4241 et
1528 4190 1696 4243 attulit
1725 4192 1854 4260 patri
1886 4191 2052 4245 edulia
2073 4230 2092 4260 ,

514 4273 779 4342 attulitque
805 4277 1006 4344 vinum,
1048 4287 1093 4331 et
1137 4278 1274 4334 bibit.
1307 4279 1394 4334 26.
1426 4279 1492 4332 Et
1534 4281 1663 4334 dixit
1688 4283 1733 4334 ei
1763 4298 1782 4336 :
1811 4283 2000 4336 Accede
2027 4285 2094 4337 ad

515 4378 625 4428 me,
652 4373 699 4417 et
727 4365 955 4421 osculare
981 4385 1060 4422 me
1080 4410 1094 4435 ,
1129 4369 1226 4438 ﬁli.
1265 4369 1356 4425 27.
1385 4369 1449 4424 Et
1472 4372 1711 4426 accedens
1738 4374 1988 4428 osculatus
2021 4384 2093 4428 est

513 4469 664 4520 eum;
710 4465 756 4509 et
802 4458 1042 4515 odoratus
1080 4470 1152 4516 est
1194 4463 1398 4516 odorem
1443 4463 1842 4518 vestimentorum
1871 4466 2012 4533 eius,
2045 4475 2094 4520 et

515 4545 764 4600 benedixit
788 4563 900 4601 eum
918 4591 932 4616 ,
960 4567 1020 4604 ac
1048 4553 1194 4606 dixit.
1224 4553 1355 4608 Vide
1381 4553 1570 4608 divina:
1597 4554 1880 4624 Scriptura:
1909 4557 2092 4612 obser-

512 4637 800 4691 vationem.
831 4637 1114 4711 Postquam
1144 4643 1520 4713 interrogavit,
1555 4644 1695 4698 Num
1738 4656 1792 4699 tu
1831 4664 1882 4701 es
1911 4646 2048 4700 Esau
2069 4649 2094 4700 Ρ

511 4736 565 4780 et
592 4726 744 4792 dixit,
774 4727 885 4800 Ego
905 4746 926 4784 :
947 4731 1138 4787 iterum
1165 4737 1514 4790 contrectavit
1537 4751 1681 4804 eum,
1708 4747 1761 4792 et
1785 4737 2092 4792 subdubita-

510 4817 622 4884 bat,
652 4833 772 4873 cum
799 4835 864 4875 ex
891 4836 1022 4878 voce
1042 4838 1178 4892 pene
1198 4825 1588 4881 simulationem
1617 4827 2086 4897 deprehendisset:

505 4917 562 4962 et
590 4908 783 4964 iterum
829 4911 1204 4983 interrogavit,
1249 4915 1391 4970 Num
1419 4927 1470 4971 tu
1496 4934 1549 4972 es
1576 4919 1713 4987 ﬁlius
1743 4936 1878 4974 meus
1915 4918 2092 4974 Esau?

507 5009 564 5054 et
591 5000 743 5068 dixit,
769 5001 916 5074 Ego:
935 5015 989 5059 et
1016 5014 1198 5075 postea
1238 5008 1413 5063 attulit
1441 5007 1490 5063 ei
1510 5050 1524 5075 ,
1556 5018 1612 5064 et
1638 5009 1906 5065 comedit:
1930 5020 2085 5077 tunc,

501 5092 711 5162 inquit,
763 5093 1034 5152 Osculatus
1077 5109 1148 5153 est
1186 5116 1321 5169 eum,
1349 5110 1395 5155 et
1445 5102 1690 5156 benedixit
1734 5120 1866 5156 eum.
1907 5103 1976 5159 Ut
2021 5119 2092 5158 ne

507 5183 628 5250 quis
655 5186 901 5253 opinetur
923 5203 1044 5242 eum
1075 5191 1126 5243 in
1161 5206 1442 5260 personam
1481 5193 1620 5246 Esau
1662 5193 2084 5248 benedictionem

501 5274 727 5344 fecisse,
759 5279 853 5334 sed
899 5279 951 5336 in
998 5281 1146 5337 illum
1182 5300 1338 5352 quem
1374 5285 1641 5340 osculatus
1665 5294 1747 5340 est
1770 5304 1782 5340 :
1805 5296 2082 5356 propterea

503 5379 890 5425 commemorat
908 5373 1084 5428 divina
1115 5375 1403 5445 Scriptura,
1437 5376 1577 5446 quod
1607 5377 1876 5432 osculatus
1901 5387 2001 5441 est,
2031 5388 2085 5432 et

503 5457 774 5516 benedixit
820 5464 1000 5532 illum,
1044 5481 1204 5536 quem
1256 5469 1524 5522 osculatus
1569 5476 1669 5523 est.
1718 5467 1970 5522 Odor-atus
2012 5479 2083 5523 est

503 5550 633 5602 enim
659 5553 862 5608 adorent
899 5556 1300 5611 vestimentorum
1345 5561 1453 5630 ejus
1495 5568 1541 5612 et
1582 5558 1830 5612 benedixit
1862 5575 2009 5622 eum,
2038 5569 2082 5613 et

496 5639 622 5693 diait
651 5659 669 5696 :
699 5642 828 5697 Ecce
854 5646 980 5700 odor
1003 5647 1098 5716 ﬁlii
1122 5649 1217 5701 mei
1239 5692 1253 5712 ,
1291 5651 1415 5703 sicut
1452 5649 1578 5703 odor
1605 5650 1716 5720 agri
1744 5650 1910 5718 pleni,
1938 5667 2082 5718 quem

495 5732 748 5790 benedixit
774 5736 1042 5794 Dominus.
1065 5740 1155 5795 28.
1190 5741 1254 5795 Et
1283 5742 1420 5796 dabit
1440 5744 1527 5795 tibi
1558 5743 1691 5796 Deus
1716 5743 1777 5796 de
1808 5759 1921 5796 rore
1946 5744 2077 5808 caeli,

497 5832 542 5877 et
570 5823 632 5877 de
655 5826 954 5897 pinguedine
980 5841 1146 5898 terra,
1175 5842 1219 5886 et
1246 5833 1611 5890 multitudinem
1629 5834 1866 5904 frumenti
1887 5843 1934 5889 et
1955 5834 2074 5888 vini.

1231 412 1288 470 S.
1328 410 1602 470 JOANNIS
1637 409 2105 468 CHRVSOSTOMI
2146 407 2464 466 ARCHIEP.
2503 410 3039 472 CONSTANTINOP.

3680 421 3787 474 468

2206 525 2338 592 Det,
2369 524 2575 595 inquit,
2607 526 2864 582 Dominus
2885 527 3025 583 Deus
3051 526 3183 594 tibi,
3209 528 3297 598 qui
3325 527 3499 583 edulia
3527 533 3789 598 attulisti,

2200 618 2287 686 qui
2329 633 2360 671 a
2409 634 2494 674 me
2526 620 2765 674 osculum
2813 620 3189 690 accepistizEt
3230 623 3447 676 serviant
3482 624 3569 676 tibi
3594 638 3788 693 gentes.

2204 707 2337 764 Vide
2379 710 2648 778 quomodo
2694 713 3116 766 necessariorum
3159 714 3365 783 copiam
3399 715 3496 784 ipsi
3544 727 3795 786 precatus

2204 802 2310 867 sit,
2338 801 2532 857 deinde
2560 805 2909 873 principatum
2936 805 3172 875 gentium
3194 845 3210 871 ,
3246 806 3542 876 pra-dicens
3570 818 3624 862 et
3645 808 3791 862 futu-

2199 910 2312 949 ram
2339 895 2454 964 ejus
2482 897 2886 967 prosperitatem
2907 906 3167 953 eteorum
3193 898 3280 968 qui
3310 898 3378 952 ab
3407 915 3471 954 eo
3497 911 3793 955 nascuntur

2200 985 2604 1040 incrementum.
2637 986 2705 1040 Et
2729 990 2940 1042 adorent
2980 997 3028 1043 te
3063 989 3333 1059 principes.
3376 989 3493 1045 Non
3537 1006 3712 1046 suum
3739 993 3792 1048 ei

2199 1087 2518 1145 apprecatur
2546 1080 2779 1148 gentium
2817 1079 3200 1148 subiectionem
3222 1121 3236 1144 ,
3268 1080 3361 1135 sed
3400 1083 3557 1136 etiam
3586 1083 3789 1152 princi—

2201 1183 2349 1237 pum.
2381 1166 2447 1221 Et
2473 1170 2544 1223 sis
2568 1171 2800 1224 dominus
2831 1171 3006 1238 fratris
3037 1171 3128 1223 tui.
3158 1169 3292 1226 Vide
3328 1173 3594 1241 quomodo
3619 1176 3794 1229 servit

2195 1259 2390 1328 justus,
2419 1261 2579 1316 etiam
2623 1262 2910 1331 ignorans,
2963 1262 3054 1316 Dei
3094 1262 3375 1317 voluntati.
3417 1263 3604 1320 Omnia
3643 1267 3787 1319 enim

2202 1351 2316 1405 hzec
2342 1359 2562 1422 propter
2589 1351 2690 1408 hoc
2715 1352 3163 1422 dispensabantur
3185 1394 3200 1418 ,
3229 1362 3287 1407 ut
3315 1352 3400 1407 hic
3426 1365 3645 1423 pr0pter
3676 1357 3786 1410 vir-

2200 1451 2366 1497 tutem
2398 1443 2587 1513 dignus
2608 1483 2622 1508 ,
2654 1444 2874 1512 recipiat
2914 1443 3357 1499 benedictionem.
3406 1444 3470 1498 Et
3504 1447 3790 1499 adorabunt

2200 1544 2248 1589 te
2287 1535 2382 1604 ﬁlii
2423 1537 2583 1606 patris
2621 1538 2711 1590 tui.
2754 1537 2919 1591 Filios
2960 1537 3235 1591 consuevit
3281 1536 3554 1607 Scriptura
3593 1553 3790 1593 vocare

2200 1640 2413 1680 omnem
2444 1628 2841 1696 generationem
2869 1645 2881 1680 :
2907 1628 3044 1682 sicut
3069 1637 3121 1681 et
3147 1627 3233 1681 hic
3257 1669 3271 1691 ,
3319 1629 3452 1682 filios
3480 1630 3642 1698 patris
3673 1632 3742 1683 tui
3770 1649 3787 1685 :

2199 1731 2263 1770 ac
2291 1718 2334 1771 si
2364 1717 2483 1787 quis
2503 1717 2706 1773 diceret
2724 1734 2816 1772 eos
2840 1719 2928 1788 qui
2950 1736 3015 1774 ex
3036 1719 3240 1774 semine
3269 1720 3411 1774 Esau
3430 1721 3588 1775 futuri
3610 1734 3788 1776 erant.

2200 1806 2316 1861 Non
2345 1807 2487 1861 enim
2515 1807 2650 1863 alios
2689 1807 2827 1862 filios
2860 1808 3047 1863 habuit
3092 1809 3269 1874 Isaac,
3307 1825 3461 1879 quam
3509 1810 3606 1864 hos
3650 1813 3789 1864 tluus

2199 1898 2370 1953 solos.
2396 1897 2496 1965 Qui
2538 1899 2792 1952 maledicit
2831 1909 2909 1966 te,
2948 1901 3012 1954 sit
3047 1900 3382 1955 maledictus:
3411 1903 3499 1970 qui
3541 1903 3789 1957 benedicit

2202 1997 2267 2054 te,
2299 1988 2364 2042 sit
2391 1988 2696 2042 benedictus.
2725 1989 2866 2045 Ecce
2889 1990 3197 2045 coronidem
3224 1990 3630 2057 benedictionis,
3660 2009 3790 2048 ecce

2201 2092 2462 2134 summam
2493 2080 2728 2136 omnium
2750 2081 3031 2148 bonorum,
3065 2097 3186 2138 esse
3211 2083 3566 2139 benedictum.
3598 2085 3786 2141 Vidisti

2204 2171 2296 2226 Dei
2325 2171 2702 2227 clementiam?
2739 2172 2840 2240 Qui
2870 2173 3116 2228 timuerat
3145 2189 3212 2229 ne
3238 2175 3668 2231 maledictionem
3698 2193 3791 2231 ac-

2201 2261 2402 2331 ciperet
2426 2278 2524 2334 pro
2548 2263 2938 2329 benedictione,
2968 2280 3071 2319 non
3101 2265 3274 2319 solum
3299 2279 3416 2320 cum
3444 2276 3589 2321 tanta
3624 2269 3787 2337 largi-

2203 2361 2310 2407 tate
2332 2352 2728 2409 benedictiones
2747 2369 2776 2408 a
2800 2365 2946 2423 patre
2968 2363 3204 2424 reportat
3227 2354 3352 2410 :sed
3375 2365 3428 2410 et
3455 2357 3530 2410 illi
3558 2357 3784 2412 maledi-

2200 2452 2412 2509 cuntur,
2434 2445 2522 2514 qui
2545 2453 2808 2500 attentant
2832 2461 2953 2500 eum
2979 2445 3318 2501 maledicere.
3339 2447 3473 2502 Hinc
3495 2447 3785 2516 discamus,

2201 2533 2341 2602 quod
2369 2535 2580 2604 quando
2605 2536 2726 2606 quis
2761 2535 3054 2592 secundum
3081 2537 3406 2593 voluntatem
3433 2541 3524 2594 Dei
3546 2555 3640 2595 sua
3671 2541 3784 2596 dis-

2205 2640 2426 2693 pensare
2469 2626 2610 2692 vult,
2660 2637 2806 2682 tanto
2835 2641 3066 2698 superno
3126 2628 3365 2683 subsidio
3387 2629 3700 2700 adjuvatur,
3730 2641 3791 2686 ut

2203 2715 2305 2772 hoc
2338 2716 2494 2786 plane
2527 2719 2700 2789 reipsa
2727 2721 3052 2790 experiatur.
3083 2719 3214 2786 Quis
3243 2721 3383 2774 enim
3415 2736 3520 2776 non
3549 2722 3787 2777 admire-

2204 2814 2289 2860 tur
2329 2815 2384 2862 et
2423 2807 2763 2878 Obstupescat
2805 2811 2897 2866 Dei
2942 2810 3262 2866 ineﬂ'abilem
3311 2811 3786 2882 dispensationem,

2202 2897 2342 2966 quod
2379 2913 2484 2954 non
2525 2899 2671 2969 prius
2704 2901 2847 2956 Esau
2875 2905 2943 2957 de
2973 2904 3254 2958 venatione
3288 2903 3596 2972 advenerit,
3626 2922 3785 2976 quam

2201 2990 2499 3047 solveretur
2523 2991 2716 3048 fabula:
2745 2995 2886 3049 illius
2914 3004 3282 3065 argumentum
3305 3038 3319 3064 ,
3365 3007 3417 3051 ct
3455 2999 3669 3068 quando
3700 2999 3790 3054 ille

2201 3091 2413 3152 accepta
2439 3083 2808 3140 benedictione
2835 3101 2864 3138 a
2893 3096 3042 3154 patre
3065 3088 3350 3145 discessit?
3373 3089 3485 3146 Hoc
3511 3090 3655 3143 enim
3688 3105 3790 3145 nos

2201 3171 2394 3228 docere
2414 3175 2601 3230 volens
2625 3175 2813 3230 beatus
2842 3177 3014 3233 Moses
3045 3180 3260 3250 adjicit:
3281 3182 3370 3237 '50.
3399 3180 3468 3235 Et
3497 3187 3689 3252 factum
3715 3193 3789 3236 est

2201 3275 2464 3334 postquam
2489 3267 2695 3321 cessavit
2727 3267 2874 3322 Isaac
2905 3268 3192 3325 benedicere
3214 3271 3373 3326 Jacob
3404 3274 3568 3341 ﬁlium
3595 3290 3742 3327 suum
3766 3289 3788 3327 :

2199 3368 2246 3412 et
2277 3359 2465 3427 factum
2503 3369 2575 3413 est
2615 3361 2819 3430 quando
2846 3363 2993 3416 exivit
3020 3361 3178 3416 Jacob
3221 3381 3252 3418 a
3291 3365 3421 3436 facie
3446 3365 3598 3420 Isaac
3625 3365 3788 3436 patris

2197 3449 2296 3513 sui,
2327 3465 2439 3504 ecce
2465 3448 2605 3504 Esau
2633 3455 2791 3520 frater
2815 3469 2936 3506 suus
2965 3457 3097 3507 venit
3119 3455 3181 3509 de
3201 3457 3478 3510 venatione.

2269 3537 2323 3592 4.
2355 3536 2610 3606 Quidquid
2639 3551 2897 3609 peractum
2924 3543 3022 3609 sit,
3052 3555 3162 3614 post
3187 3547 3453 3599 adventum
3480 3546 3637 3613 Esau,
3665 3564 3788 3599 nar-

2198 3638 2277 3682 rat
2333 3633 2715 3686 commentando
2769 3633 3186 3704 Chrysostomus;
3234 3639 3591 3693 benedictionis
3643 3639 3790 3694 Esau

2199 3721 2465 3790 explicatio
2512 3740 2772 3779 numerum
2813 3728 3022 3782 claudit.
3056 3759 3128 3769 -
3165 3730 3298 3785 Vide
3344 3732 3616 3801 quomodo
3667 3741 3792 3800 post

2199 3812 2341 3868 illius
2373 3815 2580 3870 exitum
2616 3817 2751 3872 alter
2787 3820 2963 3873 statim
3005 3819 3242 3876 advenit.
3287 3822 3401 3876 Non
3442 3824 3543 3877 hoc
3583 3824 3790 3893 absque

2197 3913 2357 3954 causa
2381 3899 2464 3954 vel
2504 3909 2703 3958 temere
2739 3901 2957 3967 factum.
2982 3905 3074 3960 sed
3106 3916 3162 3961 ut
3192 3908 3441 3977 ignorans
3480 3909 3698 3964 afferret
3732 3919 3792 3964 et

2199 3989 2314 4060 ipse
2334 3991 2530 4060 edulia,
2558 4003 2612 4049 et
2635 4010 2665 4048 a
2697 4006 2844 4064 patre
2872 3996 3172 4053 addisceret
3211 4015 3325 4054 rem
3365 4009 3530 4054 totam
3571 4009 3632 4055 ut
3668 4010 3786 4055 acta

2200 4093 2335 4137 erat.
2368 4083 2499 4138 Nam
2527 4085 2571 4139 si
2598 4085 2650 4139 in
2681 4087 2897 4143 fratrem
2929 4088 3219 4156 incidisset,
3258 4090 3474 4144 forsitan
3512 4101 3567 4146 et
3610 4093 3786 4160 ipsum

2198 4174 2574 4242 interemisset,
2606 4176 2776 4232 victus
2805 4179 2877 4233 ira
2910 4196 2922 4233 :
2953 4180 3042 4249 qui
3072 4181 3214 4234 enim
3246 4181 3346 4234 hoc
3367 4191 3550 4250 postea
3581 4181 3788 4236 delibe-

2198 4268 2352 4334 ravit,
2380 4269 2548 4324 multo
2573 4271 2740 4340 magis
2767 4271 2892 4326 dum
2920 4283 3168 4342 ageretur
3198 4274 3488 4343 negotium,
3519 4274 3570 4328 id
3601 4283 3784 4330 atten-

2200 4368 2382 4414 tasset.
2409 4359 2513 4416 Sed
2545 4376 2736 4417 manus
2776 4363 2868 4418 Dei
2909 4373 3045 4430 erat,
3083 4380 3201 4434 qute
3234 4379 3455 4433 puerum
3487 4364 3737 4419 servabat
3767 4383 3783 4419 :

2197 4459 2250 4504 et
2298 4451 2438 4506 hunc
2487 4451 2701 4522 quidem
2757 4452 2971 4524 dignum
3019 4453 3392 4511 benedictione
3443 4455 3661 4522 effecit,
3719 4457 3785 4511 il-

2198 4543 2304 4596 lum
2359 4553 2535 4599 autem
2555 4558 2610 4604 et
2637 4547 3010 4604 benedictione
3026 4548 3260 4620 privavit
3277 4560 3331 4604 et
3346 4547 3782 4618 primogenitum.

2197 4636 2286 4690 51.
2336 4636 2405 4691 Ut
2450 4647 2617 4694 autem
2661 4638 2880 4704 aduenit,
2930 4640 3120 4711 inquit,
3170 4641 3285 4712 fecit
3333 4651 3379 4695 et
3429 4641 3539 4711 ipse
3585 4642 3782 4708 edulia,

2196 4737 2244 4780 et
2283 4729 2450 4782 attulit
2488 4731 2620 4794 patri
2660 4747 2773 4796 suo,
2815 4740 2862 4785 et
2900 4732 3074 4785 dixit:
3100 4733 3292 4801 Surgat
3333 4742 3476 4801 pater
3513 4749 3656 4787 metu
3677 4775 3697 4798 ,
3739 4743 3787 4786 et

2196 4821 2420 4874 comedat
2453 4823 2516 4874 de
2557 4823 2816 4875 uenatione
2839 4823 2935 4890 ﬁlii
2971 4825 3072 4887 sui,
3103 4835 3156 4876 ut
3194 4823 3455 4878 benedicat
3494 4839 3573 4877 me
3611 4827 3789 4877 anitna

2197 4923 2300 4965 tua.
2331 4913 2480 4978 Vide,
2497 4915 2741 4980 obsecro,
2764 4913 2953 4968 iterum
2969 4915 3168 4984 justum
3192 4915 3508 4983 perturbari,
3529 4925 3584 4970 et
3605 4927 3788 4970 mente

2195 5006 2440 5059 cruciari.
2483 5005 2616 5059 Nam
2659 5015 2718 5061 ut
2754 5007 2975 5072 audivit,
2999 5008 3087 5062 32.
3119 5007 3265 5062 Dixit
3295 5025 3309 5062 :
3337 5008 3462 5075 Quis
3482 5025 3535 5062 es
3559 5008 3656 5061 tu?
3685 5007 3789 5061 Ille

2193 5108 2362 5150 autent
2401 5097 2526 5150 dicit
2556 5113 2574 5151 .'
2606 5096 2717 5166 Ego
2744 5113 2856 5151 sum
2895 5099 3034 5166 ﬁlius
3068 5108 3182 5152 tuus
3221 5099 3584 5168 primogenitus
3614 5097 3780 5152 Esau.

2196 5187 2326 5243 Vide
2349 5187 2616 5255 quomodo
2644 5188 2870 5256 superbe
2899 5203 2958 5243 se
2985 5197 3135 5257 gerat
3161 5189 3211 5242 in
3239 5204 3298 5243 re
3329 5189 3579 5257 praesenti
3619 5205 3633 5242 :
3676 5202 3782 5242 non

2191 5279 2322 5335 satis
2341 5278 2437 5348 ipsi
2475 5277 2571 5332 fuit
2595 5278 2795 5344 dicere,
2822 5278 2932 5350 Ego
2958 5295 3069 5333 sunt
3094 5278 3232 5333 Esau
3255 5295 3274 5334 :
3295 5280 3388 5336 sed
3406 5277 3629 5340 addidit,
3663 5277 3787 5330 Pri-

2192 5373 2491 5442 mogenitus.
2539 5372 2630 5427 55.
2679 5370 2946 5442 Obstupuit
2984 5381 3153 5425 autem
3187 5371 3339 5426 Isaac
3380 5381 3588 5440 stupore
3629 5372 3786 5423 velte-

2191 5463 2365 5525 menti,
2388 5472 2437 5515 et
2463 5463 2590 5515 dixit
2612 5477 2631 5516 :
2652 5461 2776 5527 Quis
2802 5463 2955 5531 igitur
2984 5472 3186 5515 venatus
3207 5471 3280 5516 est
3300 5461 3424 5515 mihi
3445 5461 3782 5523 venationem,

2189 5562 2237 5606 et
2262 5553 2432 5606 attulit
2459 5553 2604 5617 milii,
2632 5561 2679 5606 et
2702 5551 2895 5605 comedi
2921 5551 2983 5605 de
3013 5552 3242 5605 omnibus
3270 5561 3542 5620 antequam
3563 5559 3619 5603 tu
3638 5550 3782 5604 veni-

2188 5663 2268 5700 res
2298 5664 2312 5700 :
2341 5655 2387 5700 et
2417 5645 2645 5701 benedixi
2674 5662 2807 5709 eum,
2835 5654 2882 5698 et
2907 5646 2970 5697 sit
2991 5644 3316 5699 benedictus?
3345 5643 3477 5698 Vide
3507 5643 3785 5713 quomodo

2190 5741 2241 5794 in
2272 5740 2619 5810 perplexitate
2653 5737 2972 5793 constitutus
3005 5739 3200 5805 justus,
3223 5746 3279 5793 et
3303 5752 3526 5792 narrans
3550 5735 3779 5797 factum,

2194 5831 2396 5887 addidit
2435 5841 2608 5888 tamen
2646 5831 2876 5901 graviter
2913 5829 3053 5885 illius
3093 5829 3327 5886 animum
3353 5827 3681 5884 vulnerans:
3713 5823 3782 5880 Et
