4084 6356
319 404 431 463 εστ

320 520 350 572 6
365 516 500 578 Θεὸς
521 532 546 567 ε
561 513 608 578 ίς
623 512 783 582 ἔργον
798 512 897 584 τήν
916 514 1225 587 πρόρρησιν
1244 513 1409 567 αὐτοῦ
1429 513 1679 579 ἀγαγεῖν,
1699 513 1925 571 ἅπαντα

321 601 493 662 οὕτως
521 597 847 670 ᾠκονόμησε
879 598 1157 667 γενέσθαι.
1180 597 1292 652 Καὶ
1322 598 1410 652 ἵνα
1443 596 1622 669 μάθῃς
1652 595 1804 668 [517]
1834 597 1915 648 ὅτι

329 686 359 737 6
391 681 527 745 Θεὸς
553 676 623 751 ἦν
649 682 679 733 6
704 680 883 734 πάντα
907 679 1304 751 ἐξευμαρίζων,
1338 683 1434 733 καὶ
1459 680 1527 732 τά
1550 679 1783 732 δύσκολα
1826 676 1919 731 εὐ-

324 766 459 822 κολα
489 762 686 827 ποιῶν,
711 764 813 835 ὅρα
839 762 959 827 πῶς
994 765 1023 816 6
1050 763 1257 827 δίκαιος
1286 762 1387 817 οὐκ
1420 762 1662 834 ἠδυνήθη
1688 762 1919 815 συνιδεῖν

323 853 421 920 τήν
445 846 690 918 ἀπάτην,
716 845 854 901 ἀλλά
872 847 966 900 καὶ
994 845 1242 899 πείθεται
1270 848 1383 909 τοῖς
1418 845 1572 916 παρὰ
1591 844 1686 899 τοῦ
1725 842 1921 898 Ἰακὼϐ

325 932 559 1007 ῥηθεῖσι,
610 930 707 983 καὶ
742 929 1059 993 ἀπολαύσας
1116 928 1225 982 τῶν
1272 929 1590 1000 ἐδεσμάτων
1623 928 1918 997 ἀμείϐεται

325 1016 487 1070 αὐτὸν
516 1016 637 1079 ταῖς
677 1014 973 1082 εὐλογίαις.
1006 1013 1117 1067 Καὶ
1154 1013 1215 1066 οὐ
1248 1012 1518 1083 πρότερον
1557 1012 1921 1084 παραγίνεται

324 1100 433 1153 ἀπὸ
458 1099 556 1171 τῆς
577 1097 750 1169 θήρας
779 1097 810 1150 6
849 1094 1043 1159 Ἡσαῦ,
1072 1096 1267 1167 μέχρις
1295 1096 1385 1149 ὅτε
1415 1095 1593 1150 πάντα
1618 1094 1770 1159 τέλος
1797 1094 1923 1150 ἐλα-

328 1183 445 1246 ϐεν,
481 1181 571 1234 ἶνα
596 1179 683 1233 διά
719 1181 941 1234 πάντων
977 1179 1194 1251 γνῶμεν
1228 1180 1311 1233 ὃτι
1343 1178 1488 1233 κατά
1519 1177 1654 1232 Θεοῦ
1693 1175 1922 1249 γνώμην

304 1240 389 1317 ίτὸ
418 1240 706 1336 γινόμενον
727 1259 818 1333 ῆν.
851 1240 1000 1318 Εἷπε
1020 1240 1111 1329 δὲ,
1141 1263 1335 1334 φησὶν,
1361 1260 1572 1317 Ἰσαάκ
1590 1278 1603 1292 ·
1641 1240 1920 1325 τίτοῧτὸ,

330 1348 421 1401 ὅτι
438 1349 588 1417 ταχύ
602 1343 797 1415 εὗρες,
818 1341 864 1401 ὦ
883 1344 1125 1410 τέκνον;
1159 1346 1212 1399 '0
1234 1345 1302 1399 δὲ
1317 1341 1507 1400 εἶπεν·
1534 1347 1595 1399 Ὃ
1616 1344 1922 1414 παρέδωκε

331 1434 550 1499 Κύριος
573 1434 605 1486 ό
628 1432 772 1497 Θεός
800 1445 917 1484 σου
944 1428 1224 1483 ἐναντίον
1260 1428 1426 1498 ἐμοῦ.
1466 1428 1589 1481 Ἔτι
1628 1426 1922 1497 ἐναγώνιος

333 1518 578 1587 εἱστήκει
611 1517 640 1569 6
686 1514 900 1580 Ἰακὼϐ,
944 1514 1041 1567 καὶ
1081 1512 1277 1584 ηὔξετο
1308 1511 1457 1583 αὐτῷ
1482 1511 1551 1565 τά
1593 1509 1689 1565 τοῦ
1730 1511 1919 1582 φόϐου,

334 1601 429 1654 καὶ
452 1599 629 1652 πάντα
650 1598 883 1666 ἐγίνετο,
910 1597 997 1653 ἵνα
1025 1596 1292 1667 μάθωμεν
1316 1596 1385 1650 δι’
1416 1596 1597 1650 αὐτῶν
1628 1596 1710 1649 ὅτι
1738 1596 1767 1647 6
1797 1594 1921 1664 φιλ-

335 1684 623 1755 ἅνθρωπος
659 1680 941 1751 Δεσπότης
984 1681 1083 1751 οὐχ
1132 1678 1318 1743 ἁπλῶς
1354 1679 1453 1751 τήν
1483 1679 1691 1734 οἰκείαν
1719 1677 1922 1732 ἐπιδεί-

335 1784 531 1822 κνυται
549 1766 827 1836 πρόνοιαν,
849 1765 916 1818 ἂν
937 1764 1012 1836 μή
1039 1762 1241 1835 πολλὴν
1260 1762 1349 1834 ἴδῃ
1369 1764 1465 1816 καὶ
1487 1762 1588 1833 τὴν
1608 1761 1738 1832 παρ’
1760 1762 1795 1831 ή
1803 1760 1922 1831 μῶν

336 1850 659 1921 θερμότητα
682 1847 998 1919 γινομένην.
1019 1846 1111 1918 Μὴ
1133 1848 1242 1919 γάρ
1264 1864 1354 1918 μοι
1380 1844 1770 1918 παραδράμῃς,
1787 1844 1925 1913 ἀγα·

335 1934 508 2005 πητὲ,
535 1932 726 1985 τοῦτον
757 1930 853 1985 νῦν
893 1930 987 1983 τὸν
1030 1930 1243 1999 ἀγῶνα,
1278 1928 1417 1985 ἀλλά
1447 1928 1643 1982 σκόπει
1682 1928 1767 1981 ὅτι
1797 1926 1928 1997 περὶ

334 2016 435 2073 τοῦ
482 2015 685 2079 παντὸς
723 2010 792 2084 ἦν
831 2012 983 2085 αὐτῷ
1023 2015 1053 2067 6
1096 2012 1358 2076 κίνδυνος,
1391 2012 1486 2066 καὶ
1527 2010 1784 2065 ἐδεδοίκει
1830 2010 1926 2062 καλ⁵

334 2100 538 2170 ἔτρεμε
568 2100 644 2170 μὴ
672 2096 744 2150 δι’
782 2095 1036 2165 εὐλογίαν
1067 2094 1313 2170 κατάρας
1352 2094 1653 2157 ὑπεύθυνος
1679 2092 1924 2163 γένηται.

338 2178 479 2239 Εἶτά
512 2198 697 2251 φησιν,
743 2176 891 2234 Εἷπε
935 2178 1006 2233 δὲ
1057 2177 1293 2234 ἰσαάκο
1339 2176 1630 2246 Ἔγγισόν
1663 2192 1784 2244 μοι,
1828 2173 1927 2228 καὶ

336 2265 693 2336 ψηλαφήσω
722 2280 816 2327 σε,
840 2264 1077 2328 τέκνον,
1099 2264 1151 2316 εὶ
1174 2261 1256 2315 σὺ
1282 2255 1341 2316 εἴ
1360 2263 1393 2315 ό
1415 2262 1547 2326 υἱός
1560 2277 1682 2330 μου
1716 2257 1928 2324 Ἠσαῦ,

338 2352 379 2418 ἢ
424 2351 519 2406 οὐ.
562 2348 698 2403 Ἀπὸ
720 2349 832 2421 γάρ
855 2350 955 2419 τῆς
982 2348 1165 2419 φωνῆς
1200 2346 1384 2419 ἡρέμα
1415 2361 1533 2408 πως
1577 2342 1878 2407 ἐνεδοίαζεν
1903 2344 1932 2396 6

336 2434 577 2497 δίκαιος·
606 2432 721 2487 ἀλλ’
751 2430 941 2502 ἐπειδὴ
972 2429 1139 2504 ἐχρῆν
1167 2428 1266 2501 τὴν
1294 2426 1610 2498 οἰκονομίαν
1650 2428 1730 2488 εἰς
1772 2425 1933 2495 ἔργον

338 2516 614 2582 ἐξελθεῖν,
637 2517 699 2570 οὐ
733 2516 1090 2587 συνεχωρήθη
1128 2513 1360 2566 συνιδεῖν
1390 2511 1487 2582 τήν
1522 2510 1762 2579 ἀπάτην.
1793 2511 1934 2578 Ἤγ-

340 2615 479 2672 γισε
500 2600 589 2666 δὲ,
610 2599 795 2670 φησὶν,
832 2597 1053 2663 Ἰακὼϐ,
1082 2600 1185 2652 καὶ
1196 2594 1602 2665 ἐψηλάφησεν
1618 2592 1808 2647 αὐτὸν
1835 2590 1935 2643 καὶ

339 2681 539 2737 εἶπεν·
578 2683 640 2737 Ἡ
668 2680 786 2751 μὲν
812 2680 1006 2751 φωνὴ,
1046 2678 1216 2750 φωνή
1260 2677 1461 2734 Ἰακώϐ
1478 2694 1490 2708 ’
1529 2679 1589 2730 al
1618 2676 1686 2729 δὲ
1716 2674 1930 2743 χεῖρες,

342 2767 545 2837 χεῖρες
593 2765 792 2820 Ἠσαῦ
812 2783 827 2797 ·
862 2765 959 2818 καὶ
991 2766 1101 2818 οὐκ
1130 2762 1361 2832 ἐπέγνω
1402 2760 1609 2815 αὐτόν.
1636 2759 1777 2830 Ὅρα
1817 2757 1934 2819 πῶς

340 2850 620 2904 δείκνυται
647 2848 731 2903 ὅτι
768 2847 869 2918 τῆς
898 2847 994 2900 τοῦ
1029 2846 1165 2901 Θεοῦ
1217 2847 1439 2917 χάριτος
1469 2839 1539 2915 ἦν
1575 2842 1638 2895 τὸ
1670 2844 1805 2905 πᾶν.
1837 2840 1935 2910 τῆς

343 2932 876 3005 παρασκευαζούσης
922 2930 1020 2986 καὶ
1058 2930 1221 2984 αὐτὸν
1262 2928 1430 3000 μηδὲν
1472 2926 1583 2980 τῶν
1633 2924 1938 2994 γινομένων.

344 3014 605 3079 συνιδεῖν,
626 3014 720 3067 καὶ
742 3014 834 3067 τὸν
871 3012 1063 3069 Ἰακὼὸ
1082 3011 1391 3065 ἀπολαῦσαι
1410 3010 1511 3079 τῆς
1542 3008 1817 3081 πατρικῆς
1842 3005 1933 3058 εὐ-

343 3099 556 3168 λογίας.
588 3099 699 3153 Καὶ
724 3100 838 3152 οὐκ
868 3098 1100 3167 ἐπέγνω
1128 3096 1335 3157 αὐτὸν,
1363 3093 1528 3164 φησίν
1548 3109 1563 3122 ·
1634 3086 1796 3159 ἦσαν
1827 3091 1936 3158 γὰρ

345 3185 409 3238 al
447 3181 637 3251 χεῖρες
670 3182 859 3236 αὐτοῦ
897 3180 978 3246 ὠς
1004 3183 1064 3233 al
1096 3178 1292 3249 χεῖρες
1336 3176 1544 3233 Ἡσαῦ.
1577 3173 1689 3229 Kal
1728 3168 1933 3227 εἶπεν·

346 3268 422 3322 El
446 3265 527 3320 σὺ
555 3259 611 3317 εἴ
632 3268 665 3318 ό
686 3264 819 3332 υἱός
844 3281 966 3333 μου
1018 3262 1203 3317 Ἡσαῦ
1230 3274 1293 3326 α;
1327 3260 1471 3330 Ὅρα
1502 3258 1664 3312 πάλιν
1695 3255 1811 3319 πῶς
1834 3253 1939 3309 δεί-

346 3365 541 3402 κνυσιν
574 3349 607 3419 ὴ
647 3346 767 3399 θεία
809 3345 1002 3419 Γραφὴ
1042 3346 1123 3399 ὃτι
1164 3342 1441 3409 ἐδίσταζεν
1471 3344 1498 3395 6
1533 3342 1760 3405 δίκαιος.
1789 3335 1938 3394 Εἷπε

347 3431 480 3501 γὰρ,
511 3433 582 3485 El
604 3431 685 3484 σύ
712 3426 771 3483 εἷ
791 3433 823 3484 ὁ
850 3431 981 3495 υἱός
1002 3446 1123 3499 μου
1160 3426 1351 3486 Ἠσαῦ
1373 3442 1393 3490 ;
1418 3427 1505 3480 ἵνα
1530 3426 1623 3479 καὶ
1655 3425 1720 3478 ἐκ
1745 3421 1937 3475 τούτου

348 3515 516 3571 πάλιν
542 3513 783 3585 γνῶμεν,
828 3513 910 3566 ὅτι
940 3514 969 3565 6
1002 3510 1185 3583 πατὴρ
1219 3511 1317 3583 μὲν
1345 3508 1601 3582 ήττηθελς
1626 3511 1692 3579 τῇ
1733 3508 1938 3577 φυσικῇ

350 3597 711 3669 φιλοστοργίᾳ
735 3597 954 3650 ᾶπαντα
973 3595 1326 3664 διεπράττετο
1343 3609 1357 3623 ·
1386 3593 1415 3646 6
1440 3593 1497 3646 δὲ
1521 3591 1655 3654 Θεὸς
1678 3593 1707 3644 6
1726 3590 1796 3643 τὰ
1819 3588 1940 3660 μέλ-

353 3683 522 3735 λοντα
558 3679 832 3751 προορῶν,
858 3678 953 3733 καὶ
984 3677 1092 3735 ἀπὸ
1110 3677 1210 3747 τῆς
1232 3677 1340 3729 τῶν
1363 3674 1579 3747 τρόπων
1611 3672 1811 3746 ἀρετῆς
1839 3688 1938 3744 χα-

354 3763 710 3837 ρακτηρίζων
760 3761 855 3814 καὶ
913 3761 1128 3823 δεικνὺς
1162 3759 1289 3821 τοὺς
1340 3754 1538 3813 ἑαυτοῦ
1574 3754 1939 3837 θεράποντας,

362 3836 541 3911 οὕτως
585 3846 802 3899 ᾶπαντα
848 3845 1136 3913 οίκονομεῖ.
1182 3838 1293 3894 Kal
1340 3837 1492 3908 εἷπε,
1524 3839 1723 3911 φησίν·
1779 3836 1937 3906 Ἐγώ.

365 3928 591 4002 Ἐπειδὴ
620 3931 729 4001 γὰρ
762 3924 1020 3994 εἷπεν,Εὶ
1046 3925 1130 3980 σὺ
1157 3921 1217 3979 εἷ
1234 3928 1266 3979 ό
1290 3926 1422 3990 υἱός
1443 3940 1565 3993 μου
1594 3921 1788 3977 Ἠσαῦ
1804 3937 1824 3986 ;
1849 3920 1944 3973 καὶ

356 4012 538 4080 εἶπεν,
590 4010 766 4082 Ἐγώ·
803 4007 947 4073 εἷπε,
994 4008 1348 4078 Προσάγαγέ
1369 4024 1496 4078 μοι,
1538 4006 1639 4061 καὶ
1683 4004 1945 4075 φάγομαι

350 4100 476 4157 ἀπὸ
506 4095 616 4167 τῆς
658 4096 843 4165 θήρας
886 4111 1026 4158 σου,
1069 4093 1305 4155 τέκνον,
1329 4092 1432 4145 ἵνα
1462 4089 1772 4160 εὐλογήσῃ
1800 4103 1875 4141 σε
1903 4089 1942 4156 η

351 4182 528 4255 ψυχή
545 4200 665 4253 μου
689 4197 706 4213 ·
731 4180 884 4251 μόλις
908 4179 1037 4232 ποτέ
1058 4177 1158 4247 τῆς
1175 4176 1417 4246 ἀγωνίας
1440 4174 1625 4229 λοιπὸν
1652 4172 1945 4244 ἀπηλλάγη

351 4271 385 4324 6
418 4265 636 4330 Ἰακὼϐ,
665 4264 778 4319 Kal
810 4260 1192 4330 προσήνεγκε
1216 4257 1298 4324 τῷ
1327 4258 1503 4326 πατρὶ
1522 4257 1595 4311 τὰ
1623 4255 1944 4325 ἐδέσματα,

353 4350 458 4404 καί
482 4347 842 4417 εἰσήνεγκεν
865 4346 1057 4409 οἶνον,
1089 4342 1189 4397 καὶ
1223 4342 1376 4397 ἔπιε.
1412 4341 1525 4395 Kal
1552 4336 1722 4393 εἶπεν
1748 4337 1909 4404 αὐτῷ
1927 4354 1942 4369 ο

356 4432 650 4502 Ἓγγισόν
664 4447 787 4500 μοι,
805 4428 905 4483 και
922 4428 1193 4498 φίλησόν
1206 4443 1303 4496 με,
1321 4426 1559 4479 τέκνον.
1577 4422 1946 4492 Καὶέγγίσας

351 4516 658 4586 ἐφίλησεν
685 4511 874 4567 αὐτόν
898 4528 912 4542 ⁸
955 4511 1057 4565 καὶ
1086 4507 1411 4578 ὼσφράνθη
1446 4508 1563 4574 τὴν
1594 4502 1948 4586 ὀσμὴν-ἐτῶν

356 4583 610 4669 ἱματίων
656 4594 866 4660 αὐτοῦ,
898 4593 998 4647 καὶ
1023 4594 1365 4663 εὐλόγησεν
1387 4589 1595 4655 αὐτὸν,
1627 4588 1725 4643 καὶ
1754 4583 1953 4665 εἶπεν..

357 4686 507 4754 Ὅρα
532 4682 632 4753 τῆς
666 4680 819 4742 θείας
854 4677 893 4730 Γ
901 4677 1080 4748 ραφῆς
1117 4676 1218 4746 τὴν
1260 4674 1669 4746 παρατήρησιν.
1728 4670 1947 4741 Ἐπειδὴ

356 4764 755 4839 ἠρώτησεν,Εί
776 4762 859 4815 σὺ
885 4757 942 4815 εἷ
976 4760 1183 4824 Ἠσαῦ;
1204 4759 1299 4813 καὶ
1329 4756 1505 4823 εἶπεν,
1539 4756 1702 4824 Ἐγὼ,
1729 4757 1822 4839 καί
1838 4756 1945 4809 πά-

360 4838 447 4905 λιν
494 4847 846 4919 ἐψηλάφησεν
893 4845 1080 4905 αὐτὸν,
1130 4842 1224 4897 καὶ
1253 4843 1440 4914 ἡρέμα
1486 4858 1603 4904 πως
1646 4838 1947 4901 ἐνεδοίαζεν

359 4934 471 4992 ὑπὸ
492 4933 592 5002 τῆς
620 4931 807 5002 φωνῆς
826 4930 906 4993 είς
930 4928 1187 4982 ὐπόνοιάν
1210 4944 1330 4981 τινα
1347 4927 1440 4980 καὶ
1466 4927 1749 4996 ὐκόκρισιν
1775 4925 1948 4994 ἐμπε-

361 5017 497 5081 σὼν,
515 5017 609 5069 καὶ
627 5015 788 5067 πάλιν
804 5010 1109 5082 ἠρώτησεν,
1130 5013 1199 5065 El
1213 5010 1295 5064 σὺ
1316 5006 1374 5063 εἷ
1397 5010 1571 5075 όυὶός
1580 5026 1700 5077 μου
1732 5006 1948 5069 Ἠσαῦ;

360 5102 465 5156 καὶ
496 5096 686 5163 εἶπεν,
722 5095 887 5165 Ἐγὼ,
913 5091 1032 5149 εἶτα.
1049 5097 1422 5164 προσήνεγκεν
1450 5091 1730 5161 αὐτῷ,καὶ
1757 5090 1945 5159 ἔφαγε·

359 5185 508 5249 τότε,
543 5182 731 5253 φησὶν,
775 5180 1108 5248 Ἐρίλησεν
1127 5177 1335 5239 αὐτόν,
1364 5177 1461 5230 καὶ
1483 5176 1823 5242 εὐλόγησεν
1843 5175 1951 5226 αὐ-

366 5270 493 5324 τόν.
523 5265 641 5320 Ἵνα
680 5263 757 5335 μὴ
797 5262 995 5333 νομίσῃ
1024 5278 1106 5324 τις
1129 5261 1211 5314 ὃτι
1240 5262 1319 5323 είς
1343 5259 1405 5312 τὸ
1438 5257 1531 5312 τοῦ
1565 5256 1741 5311 Ἡσαῦ
1790 5256 1949 5325 πρόσ-

360 5369 514 5408 ωπον
542 5350 640 5420 τήν
677 5347 925 5415 εὐλογίαν
957 5344 1109 5416 [518]
1142 5345 1455 5416 ἐποιήσατο,
1485 5342 1600 5397 ἀλλ’
1632 5344 1713 5406 είς
1747 5344 1953 5395 ἐκεῖνον

362 5437 457 5490 τὸν
481 5434 573 5488 ὐπ’
605 5429 770 5486 αὐτοῦ
806 5428 1099 5499 φιληθέντα
1123 5444 1137 5457 ο
1176 5426 1267 5481 διά
1292 5426 1450 5480 τοῦτο
1478 5426 1883 5497 ἐμνημόνευσεν
1918 5425 1952 5494 ή

364 5518 490 5572 θεία
522 5515 738 5588 Γραφὴ,
779 5515 861 5566 ὅτι
890 5512 986 5565 καὶ
1020 5510 1267 5582 ἐφίλησε,
1299 5510 1394 5563 καὶ
1421 5509 1723 5581 ηὐλόγησεν
1748 5510 1954 5562 ἐκεῖνον

363 5602 461 5659 τὸν
487 5601 581 5654 ὐπ’
610 5596 777 5653 αὐτοῦ
809 5594 1125 5665 φιληθέντα.
1158 5591 1500 5662 Ὠσςρράνθη
1520 5592 1608 5659 δὲ,
1632 5592 1819 5663 φησὶν,
1839 5590 1955 5659 τὴν

367 5686 576 5757 ὀσμὴν
601 5680 724 5736 τῶν
742 5680 987 5749 ἱματίων
1018 5678 1229 5742 αὐτοῦ,
1262 5676 1362 5731 καί
1381 5675 1720 5746 εὐλόγησεν
1745 5676 1951 5739 αὐτὸν,

368 5770 473 5827 καί
486 5765 660 5824 εἶπεν
674 5782 690 5797 ·
725 5762 875 5820 Ἰδοὺ
890 5760 1051 5831 ὀσμὴ
1065 5760 1173 5815 τοῦ
1194 5761 1331 5815 υἱοῦ
1345 5777 1488 5830 μου,
1499 5760 1582 5826 ὠς
1596 5760 1756 5829 ὀσμὴ
1769 5759 1954 5830 ἀγροῦ

370 5852 671 5921 πλήρους,
690 5847 1101 5921 ὃηηύαόγησε
1127 5847 1366 5912 Κύριος.
1386 5843 1499 5899 Kal
1515 5842 1694 5897 δώσει
1715 5858 1815 5897 σοι
1842 5846 1955 5897 Κύ-

441 5907 598 5988 “Hic
894 5907 1187 5995 ean-uilicum
1209 5907 1272 5978 vin
1316 5907 1503 5995 Horgl._
1540 5928 1600 5975 δι’
1653 5928 1953 5995 ὁμοιοτέλευ-

378 6018 481 6057 τον,
500 6011 615 6060 quae
635 5988 685 6045 ii:
709 5993 862 6043 Savil.
888 6000 944 6043 et
982 5990 1032 6042 in
1063 5997 1275 6055 quatuor
1292 6003 1410 6041 mss.
1428 5989 1674 6041 habentur
1697 5997 1749 6039 et
1773 5988 1835 6043 ah
1877 5992 1954 6039 in-

377 6068 602 6126 terprete
626 6060 756 6111 lecta
775 6061 906 6105 sunt.

1346 397 1423 458 IN
1457 396 1611 457 CAP.
1638 398 1832 456 XXVII
1855 396 2112 454 GENES.
2152 397 2387 456 IIOMIL.
2434 399 2566 456 LIII.

3493 403 3597 461 4-68

2013 532 2149 582 ριος
2190 514 2310 569 ἀπὸ
2349 512 2459 583 τῆς
2487 514 2715 582 δρόσου
2756 512 2865 569 τοῦ
2894 503 3177 583 οὐρανοῦ,
3212 512 3463 569 καὶτήπό
3492 515 3604 588 τῆς

2021 599 2301 667 πιότητος
2314 598 2424 667 τῆς
2442 597 2576 668 γῆς,
2595 598 2694 651 καὶ
2714 597 2947 667 πλῆθος
2969 598 3268 652 σίτου-καὶ
3287 598 3481 653 οΖνου.
3500 600 3608 653 Δώ-

2024 699 2130 748 σει,
2148 682 2303 751 φησὶ,
2324 681 2407 734 σοὶ
2432 680 2510 752 τῷ
2524 681 2593 734 τά
2613 682 2885 753 ἐδέσματα
2908 682 3352 752 προσενεγκόντι,
3380 681 3465 751 τῷ
3476 685 3606 756 παρ’

2020 764 2156 836 ἐμοῦ
2179 763 2479 835 φιληθέντι,
2511 764 2620 818 Kal
2639 763 3151 819 6ov1waatw0'dr
3168 779 3268 818 σοι
3288 763 3610 836 ἕθννηῖορτ

2022 850 2141 912 πῶς
2155 849 2253 919 τὴν
2266 846 2376 902 τῶν
2390 846 2703 915 ἀναγκαίων
2718 847 2979 917 ἀφθονίαν
2996 846 3148 918 αὐτῷ
3169 847 3473 918 ἐπηύξατο,
3488 841 3609 900 εἶτα

2023 935 2124 1002 τὴν
2150 932 2325 1005 ἀρχὴν
2345 933 2457 987 τῶν
2482 932 2675 996 ἐθνῶν,
2692 930 3024 1003 προμηνύων
3052 931 3153 1003 ήδη
3174 931 3274 1003 τὴν
3305 930 3607 1002 μέλλουσαν

2021 1017 2171 1088 αὐτῷ
2191 1017 2410 1071 ἔσεσθαι
2432 1015 2862 1097 εὐημερίαν,καὶ
2880 1015 2989 1069 τῶν
3015 1014 3075 1080 ἐξ
3092 1014 3260 1097 αὐτοῦ
3272 1014 3619 1085 τικτομένων,

2020 1101 2121 1173 τήν
2135 1100 2397 1156 ἐπίδοσιν.
2414 1099 2524 1153 Καὶ
2546 1096 3151 1168 προσκυνησάτωσάν
3166 1112 3266 1153 σοι
3287 1098 3627 1167 ἆρχοντες..

2023 1184 2097 1236 Οὐ
2131 1182 2292 1253 μόνον
2313 1183 2415 1256 τήν
2451 1182 2561 1236 τῶν
2596 1180 2766 1236 ἐθνῶν
2805 1180 3084 1252 ὑποταγὴν
3115 1178 3266 1252 αὐτῷ
3293 1178 3630 1251 ἐπεύχεται..

2020 1266 2159 1321 ἀλλά
2178 1267 2274 1320 καὶ
2299 1268 2409 1321 τῶν
2426 1265 2724 1338 ἀρχόντων.
2745 1265 2855 1320 Kal
2868 1266 3043 1335 γίνου
3059 1266 3264 1335 κύριος
3293 1264 3402 1319 τοῦ
3430 1264 3605 1320 ἁδελ-

2020 1350 2142 1421 φοῦ
2161 1365 2304 1406 σου.
2344 1352 2489 1423 Ὀρα
2511 1349 2628 1414 πῶς
2643 1350 2998 1422 ὐπηρετεῖται
3014 1350 3109 1403 καὶ
3134 1348 3346 1418 ἀγνοῶν
3360 1349 3389 1402 6
3402 1347 3637 1412 δίκαιοςέ

2019 1439 2086 1507 τῇ
2102 1435 2197 1488 τοῦ
2220 1434 2356 1490 Θεοῦ
2385 1436 2600 1510 γνώμῃ.
2624 1436 2741 1489 Καὶ·
2763 1436 2978 1491 ἅπαντα
2992 1435 3166 1489 ταῦτα
3184 1434 3273 1488 διά
3300 1434 3459 1487 τοῦτο
3475 1433 3611 1503 ᾡκο-
3646 1452 3649 1454 '

2022 1523 2258 1593 νομεῖτο,
2293 1520 2381 1575 ἵνα
2400 1514 2549 1585 οὗτος
2586 1522 2615 1573 6
2634 1519 2722 1574 διὰ
2738 1521 2838 1593 τὴν
2867 1521 3067 1592 ἀρετὴν
3090 1520 3259 1586 ἄξιος,
3284 1518 3448 1582 αὐτὸς
3468 1535 3610 1588 καρ-

2021 1606 2275 1677 πὼσηται
2300 1607 2398 1677 τὴν
2427 1605 2701 1674 εὐλογίαν.
2729 1605 2839 1659 Kal
2873 1601 3386 1672 προσκυνήσουσι
3420 1618 3520 1655 σοι
3554 1602 3641 1654 οεῖ

2020 1690 2138 1745 vlol
2161 1688 2268 1744 τοῦ
2300 1691 2526 1757 πατρός
2545 1702 2684 1743 σου.
2720 1688 2884 1749 Υἱοὺς
2910 1686 3100 1740 εἴωθεν
3136 1688 3169 1758 ἡ
3206 1684 3641 1757 Γραφήκαλεῖν.

2022 1776 2203 1827 πᾶσαν
2236 1774 2335 1844 τὴν
2364 1773 2682 1842 συγγένειαν
2704 1771 2756 1812 λ·
2784 1770 2859 1835 ὼς
2894 1772 2988 1824 καὶ
3020 1770 3274 1833 ἐνταῦθα,
3298 1770 3426 1831 τοὺς
3462 1768 3613 1831 υίούς

2021 1855 2117 1910 τοῦ
2150 1856 2356 1927 πατρός
2387 1872 2501 1919 σου,
2533 1856 2608 1920 ὡς
2638 1855 2705 1909 ἂν
2736 1854 2879 1907 εἴποι
2909 1871 3015 1919 τις,
3041 1854 3168 1915 τοὺς
3210 1853 3291 1906 ἐκ-
3312 1850 3407 1904 τοῦ
3442 1850 3611 1921 σπέρε

2026 1956 2195 2010 ματος
2224 1939 2320 1992 τοῦ
2355 1938 2524 1993 Ἦσαῦ
2546 1939 2767 1994 ἔσεσθαι
2795 1938 3104 2011 μέλλοντας.
3136 1936 3270 1990 Οὐδὲ
3293 1934 3403 2007 γάρ
3426 1935 3643 2007 ἕτερονη

2023 2019 2192 2074 παῖδα
2233 2018 2391 2090 ἔσχεν
2436 2021 2465 2073 6
2521 2020 2738 2084 Ἰσαὰκ,
2794 2019 2908 2073 ἀλλ’
2951 2019 2990 2091 ἢ
3015 2017 3240 2080 τούτους
3285 2016 3496 2086 μόνους.
3548 2014 3641 2067 ’οι

2024 2102 2436 2174 καταρώμενός
2459 2117 2555 2165 σε.
2585 2102 3033 2172 ἐπικατάρατος·
3066 2104 3102 2156 ά
3127 2100 3200 2155 δὲ.
3223 2099 3492 2170 εὐλογῶν
3514 2112 3611 2161 σε,

2024 2186 2450 2256 εὐλογημένος.
2494 2186 2625 2239 Ἰδοὺ
2660 2187 2693 2256 ἡ
2726 2187 2957 2258 κορωνὶς
2977 2185 3077 2255 τῆς
3105 2185 3374 2252 εὐλογιας,
3418 2181 3525 2235 ἰδοὺ
3552 2181 3641 2234 τὸ.

2027 2269 2321 2339 κεφάλαιον
2349 2270 2457 2323 τῶν
2490 2269 2712 2338 ἀγαθῶν
2744 2269 3020 2332 ἁπάντων,
3049 2267 3110 2322 τὸ
3146 2264 3508 2335 εὐλογημένον
3534 2259 3614 2317 εἷ·-

2026 2372 2135 2408 ναι.
2156 2349 2308 2417 Εἶδες
2351 2353 2485 2407 Θεοῦ
2517 2351 2922 2426 φιλανθρωπίαν
2948 2369 2961 2416 ;
3002 2348 3336 2412 Ὀκδεδοικὼς
3381 2348 3456 2419 μὴ
3482 2363 3616 2400 κατ-

2028 2439 2167 2509 άραν
2230 2438 2603 2507 ἐπισπάσηται
2642 2438 2763 2492 ἀντὶ.
2825 2435 3106 2505 εὐλογίας,
3149 2436 3209 2487 οὐ
3270 2433 3428 2505 μόνον
3478 2430 3636 2502 μετὰ.

2028 2520 2298 2592 τοσαύτης
2328 2519 2609 2591 δαψιλείας
2636 2520 2735 2582 τάς
2762 2518 3011 2588 εὐλογίας
3037 2518 3318 2589 κομίζεται
3349 2518 3501 2587 παρά
3521 2515 3634 2568 τοῦζ

2030 2602 2258 2675 πατρὸς,
2294 2603 2430 2656 ἀλλά
2469 2604 2562 2656 καὶ
2595 2604 2825 2663 ἐκείνοις
2857 2602 3057 2672 ἀρᾶται
3082 2603 3211 2664 *τοῖς
3249 2598 3637 2675 ἐπιχειροῦσιν,

2030 2687 2193 2741 αὐτὸν
2214 2685 2573 2756 καταρᾶσθαι.
2612 2685 2887 2738 Ἐντεῦθεν
2913 2684 3271 2754 μανθάνωμεν
3294 2682 3387 2736 ὄτῩ
3401 2682 3639 2737 ἐπειδάν,

2030 2787 2113 2832 τις
2148 2768 2299 2823 κατὰ,
2321 2768 2391 2821 τά
2417 2768 2494 2839 τῷ
2520 2767 2639 2838 Θεᾷ»
2669 2767 2928 2821 δοκοῦντα
2951 2768 3020 2820 τά
3042 2767 3160 2819 καθ’
3197 2766 3387 2819 ἑαυτὸν
3415 2767 3621 2819 οἰκονο-

1990 2885 2001 2895 -
2035 2855 2156 2923 μεῖν
2186 2852 2462 2923 βούληται,
2484 2849 2754 2920 τοσαύέτης
2779 2849 3043 2903 ἀπολαύει
3070 2850 3170 2919 τῆς
3197 2849 3421 2903 ἀνωθεν
3439 2864 3639 2918 συνερ-⁹

2034 2938 2212 3008 γείας,
2237 2938 2313 3000 ὼς
2336 2937 2506 3007 αὐτῆς
2531 2935 2639 2989 τῶν
2668 2936 3011 3006 πραγμάτων
3032 2935 3130 3004 τῆς
3153 2933 3347 3005 πείρας
3369 2933 3635 3002 αἴσθησιν,

2033 3024 2236 3077 λαϐεῖν.
2270 3024 2367 3086 Τίς
2392 3021 2500 3093 γὰρ
2527 3023 2627 3077 οὐκ
2654 3022 2721 3075 ἂν
2743 3020 3042 3091 ἐκπλαγείη
3070 3021 3164 3074 καὶ
3190 3019 3490 3090 θαυμάσειε
3525 3017 3635 3072 τοῦ,

2033 3107 2169 3163 Θεοῦ
2195 3107 2294 3178 τὴν
2315 3108 2531 3175 ἀφατονι
2550 3106 2882 3177 οἰκονομίαν,
2902 3106 2994 3161 61v.
3010 3106 3071 3158 οὐ
3100 3104 3365 3176 πρότερον
3392 3105 3421 3156 6
3449 3100 3636 3157 Ἠσαῦ.

2033 3191 2141 3246 ἀπὸ
2162 3192 2262 3261 τῆς
2291 3188 2464 3260 θήρας
2490 3189 2857 3260 παραγέγονε,
2891 3190 3081 3261 μέχρις
3113 3189 3205 3242 ὅτε
3234 3187 3406 3259 πέρας
3431 3186 3637 3261 ἐλαϐεν.

2034 3277 2069 3347 ή
2089 3276 2184 3328 τοῦ
2214 3274 2491 3345 δράματος
2523 3274 2801 3341 ὑπόθεσις,
2821 3276 3072 3338 κάκεῖνος
3095 3273 3388 3344 δεξάμενος
3410 3273 3509 3335 τὰς
3530 3272 3631 3325 εὐ-ν

2035 3360 2219 3429 λογίας
2250 3359 2403 3431 παρά
2430 3359 2525 3413 τοῦ
2548 3359 2753 3431 πατρὸς
2783 3358 3128 3431 ἀνεχώρησε;
3156 3358 3327 3413 Τοῦτο
3344 3357 3453 3429 γὰρ
3479 3358 3634 3428 ἡμᾶς,

2034 3444 2242 3511 διδάξαι
2264 3442 2587 3514 βουλόμενος
2613 3447 2640 3496 6
2670 3444 2937 3514 μακάριος
2956 3443 3199 3512 Μωῦσῆς
3221 3444 3493 3513 ἐπήγαγεο
3516 3437 3627 3493 Kal

2035 3527 2272 3598 ἐγένετο
2294 3527 2445 3595 μετὰ
2467 3526 2529 3579 τὸ
2562 3527 2908 3580 παύσασθαι
2936 3525 3043 3580 τὸν
3085 3526 3280 3582 Ἰσαὰκ
3312 3522 3637 3592 εὐλογοῦνσ-

2037 3628 2112 3665 τα
2142 3608 2341 3664 Ἰακὼϐ
2358 3610 2464 3663 τὸν
2485 3609 2621 3664 υίὸν
2645 3610 2853 3675 αὐτοῦ,
2879 3608 2977 3663 καὶ
2998 3608 3233 3679 ἐγένετο
3263 3608 3344 3675 ὠς
3368 3607 3638 3675 ἐξῆλθεν

2036 3693 2156 3751 ἀπὸ
2175 3693 2500 3762 προσώπου
2528 3690 2723 3748 Ἰσαὰκ
2749 3691 2853 3746 τοῦ
2883 3692 3107 3759 πατρὸς
3125 3692 3340 3755 αὐτοῦ,
3364 3692 3457 3744 καί
3500 3690 3639 3746 ὶδοὺυ

2049 3774 2242 3831 Ἡσαῦ
2274 3776 2308 3828 ό
2343 3773 2609 3841 ἀδελφὸς
2640 3772 2827 3826 αὐτοῦ
2857 3768 3045 3842 ἦλθεν
3065 3770 3184 3825 ἀπὸ
3208 3772 3318 3838 τῆς
3346 3770 3554 3838 θήρας.

2108 3861 2171 3914 δ’.
2195 3860 2336 3932 Ὅρα
2361 3858 2477 3922 πῶς
2506 3857 2642 3930 μετά
2655 3859 2754 3929 τὴν
2769 3857 2958 3911 τούτου
2986 3856 3164 3921 ἔξοδον
3191 3858 3397 3919 ἐκεῖνος
3426 3853 3632 3917 εὐθέως

2040 3943 2392 4017 παρεγένετο,
2437 3942 2536 4011 οὐχ
2579 3941 2768 4005 ἁπλῶς
2807 3940 2930 3994 οὐδὲ
2965 3941 3109 4011 είκῆ,
3148 3939 3262 3993 ἀλλ’
3297 3939 3387 3992 ἵνα
3420 3936 3630 4006 ἀγνοῶν

2041 4026 2367 4100 προσαγάγῃ
2412 4027 2507 4080 καὶ
2544 4026 2705 4089 αὐτὸς
2743 4025 2813 4078 τά
2863 4024 3156 4095 ἐδέσματα,
3202 4024 3296 4077 καὶ
3343 4021 3498 4093 παρά
3534 4022 3630 4075 τοῦ

2041 4111 2246 4182 πατρὸς
2289 4110 2436 4181 μάθῃ
2476 4110 2698 4164 ἅπασαν
2727 4108 2822 4162 τοῦ
2860 4108 3184 4179 πράγματος
3222 4106 3320 4178 τὴν
3352 4104 3628 4158 ὑπόθεσιν.

2042 4199 2105 4250 El
2130 4195 2241 4265 γάρ
2277 4194 2414 4266 ἔφθη
2462 4193 2789 4249 καταλαϐεῖν
2819 4194 2911 4246 τὸν
2939 4190 3185 4261 ἀδελφὸν,
3211 4191 3339 4255 ἴσως
3375 4192 3441 4244 ἀν
3469 4186 3633 4242 αὐτὸν

2045 4279 2142 4332 καὶ
2195 4277 2556 4349 διεχειρίσατο
2604 4276 2916 4348 ἡττώμενος
2955 4274 3059 4327 ὑπὸ
3098 4272 3193 4327 τοῦ
3235 4271 3429 4344 θυμοῦ·
3465 4272 3495 4322 6
3523 4269 3634 4341 γὰρ

2046 4362 2187 4433 μετά
2211 4361 2386 4415 ταῦτα
2429 4360 2589 4413 τοῦτο
2632 4359 3081 4430 βουλευσάμενος,
3115 4355 3295 4428 πολλῷ
3336 4354 3537 4427 μᾶλλον
3573 4354 3634 4407 ὲν

2043 4447 2195 4516 ἀκμῇ
2218 4443 2312 4497 τοῦ
2337 4444 2660 4514 πράγματος
2688 4442 2847 4496 τοῦτο
2869 4442 2934 4494 ἂν
2963 4440 3274 4512 εἰργάσατο.
3324 4438 3462 4492 Ἀλλ’
3483 4441 3516 4508 ὴ
3538 4437 3636 4491 τοῦ

2043 4515 2330 4595 Θεούχεὶρ
2365 4519 2434 4594 ἦν
2476 4525 2509 4592 ἡ
2542 4522 2634 4575 τὸν
2667 4520 2837 4575 παῖδα
2885 4519 3246 4583 διασώζουσα,
3300 4519 3393 4572 καὶ
3444 4515 3640 4569 τοῦτον

2048 4605 2147 4673 μὲν
2194 4594 2341 4667 ἀξιον
2394 4604 2493 4672 τῆς
2537 4601 2788 4669 εὐλογίας
2837 4598 3290 4672 ἀπεργασαμένη,
3339 4598 3546 4649 ἐκεῖνον
3577 4594 3636 4650 δὲ

2046 4684 2103 4757 [5
2114 4685 2130 4737 ί
2141 4681 2196 4753 9]
2212 4683 2490 4752 ἀποστερή
2498 4698 2637 4734 σασα
2652 4679 2860 4749 καὶτῆς
2875 4677 3123 4745 εὐλογίας
3140 4676 3236 4730 καὶ
3247 4676 3356 4730 τῶν
3368 4691 3636 4747 πρῶτοιτο-

2046 4756 2199 4817 κίων.
2226 4763 2712 4832 Παραγενόμενος
2734 4759 2822 4825 δὲ,
2847 4758 3031 4829 φησὶν,
3058 4759 3309 4825 ἐποίησε
3329 4757 3427 4809 καί
3451 4756 3635 4822 αὐτὸς

2044 4843 2368 4910 ἐδέσματα,
2418 4840 2519 4896 καὶ
2555 4837 2935 4908 προσήνεγκε
2976 4837 3056 4903 τῷ
3083 4836 3261 4905 πατρὶ
3288 4835 3498 4901 αὐτοῦ,
3535 4833 3637 4888 καί

2044 4918 2233 4975 εἶπεν·
2278 4919 2610 4985 Ἄναστήτω
2649 4922 2682 4973 ό
2714 4917 2911 4985 πατήρ
2937 4934 3080 4985 μου,
3117 4916 3217 4970 καὶ
3254 4913 3487 4984 φαγέτω
3527 4910 3638 4979 τῆς

2046 4998 2232 5068 θήρας
2257 5000 2365 5053 τοῦ
2388 4997 2523 5053 υἱοῦ
2550 4999 2759 5061 αὐτοῦ,
2782 4997 2942 5062 ὅπως
2962 4994 3283 5064 εὐλογήσῃ
3296 5011 3373 5063 με
3397 4994 3436 5061 τι,
3463 4992 3634 5062 ψυχή

2048 5094 2185 5132 σου.
2212 5078 2350 5144 Ὅρα
2376 5095 2467 5148 μοι
2491 5075 2652 5130 πάλιν
2681 5075 2770 5129 τὸν
2790 5075 2998 5127 δίκαιον
3026 5076 3083 5127 ἐν
3108 5072 3321 5145 θορύϐῳ
3348 5072 3638 5142 γενόμενον

2052 5158 2145 5211 καὶ
2185 5156 2672 5227 διαταραττόμενον
2728 5154 2820 5207 τὸν
2868 5153 3146 5223 λογισμόν.
3188 5153 3450 5213 Ἀκούσας
3503 5150 3635 5221 γὰρ,

2052 5240 2236 5307 φησιν,
2268 5234 2435 5291 Εἷπε·
2479 5236 2575 5302 Τίς
2600 5232 2659 5289 εἷ
2684 5235 2796 5299 σύ;
2844 5234 2908 5287 '0
2945 5232 3014 5286 δὲ
3041 5228 3229 5285 εἶπεν·
3273 5231 3420 5300 Ἐγώ
3456 5232 3573 5299 εἰμι
3604 5232 3638 5283 ό

2051 5319 2182 5383 υἱός
2213 5332 2330 5369 σου
2363 5318 2396 5369 ό
2433 5315 2806 5382 πρωτότοκος
2837 5311 3046 5366 Ἡσαῦ.
3087 5312 3226 5379 Ὅρα
3255 5309 3371 5372 πῶς
3403 5309 3637 5379 μεγαλο-

2052 5395 2265 5465 φρονῶν
2298 5394 2390 5446 ἐπὶ
2417 5391 2495 5463 τῷ
2528 5392 2814 5463 πράγματι
2846 5402 2894 5455 ο,
2928 5389 3027 5441 οὐκ
3055 5386 3296 5458 ἠρκέσθη
3331 5386 3410 5457 τῷ
3438 5389 3635 5449 εἰπεῖν,

2065 5472 2206 5542 Ἐγώ
2223 5475 2339 5542 εἰμι
2369 5472 2582 5534 Ἠσαῦ,
2609 5471 2746 5525 ἀλλά
2775 5467 3131 5540 προσέθηκεν,
3157 5467 3221 5519 '0
3243 5467 3636 5534 πρωτότοκος.

2066 5551 2319 5620 Ἐξέστη
2367 5552 2435 5604 δὲ
2478 5551 2683 5606 Ἰσαὰκ
2721 5549 3017 5602 ἔκστασιν
3059 5544 3336 5615 μεγάλην
3378 5543 3635 5613 σφόδρα,

2054 5632 2152 5685 καὶ
2183 5628 2332 5685 εἷπε·
2380 5631 2476 5697 Τίς
2500 5627 2614 5686 οὖν
2638 5631 2672 5683 ό
2697 5628 2994 5695 θηρεύσας
3012 5642 3115 5695 μοι
3147 5622 3357 5692 θήραν,
3383 5621 3484 5676 καὶ
3508 5624 3635 5675 εισ-

2055 5710 2307 5780 ενέγκας
2334 5727 2459 5779 μοι,
2495 5708 2591 5761 καὶ
2624 5708 2851 5776 ἔφαγον
2876 5705 2994 5759 ἀπὸ
3015 5703 3258 5756 πάντων
3285 5702 3398 5769 πρὸ
3426 5701 3534 5755 τοῦ
3563 5701 3639 5756 σὲ

2058 5789 2278 5855 ἐλθεῖν,
2327 5789 2426 5843 καὶ
2467 5790 2777 5855 εὐλόγησα
2825 5784 3030 5847 αὑτὸν,
3077 5783 3175 5835 καὶ
3231 5781 3636 5852 εὐλογημένος

2058 5868 2248 5931 ἕστω;
2280 5870 2420 5940 Ὅρα
2448 5867 2564 5931 πῶς
2590 5867 2684 5920 καὶ
2709 5866 2789 5928 είς
2815 5864 3050 5935 ἀπορίαν
3075 5861 3315 5931 γεγονὼς
3348 5864 3377 5916 6
3408 5861 3632 5940 δίκαιος.

2062 5947 2155 5999 καὶ
2185 5938 2538 6019 διηγούμενος
2571 5945 2719 6016 αὐτῷ
2755 5945 2816 5997 τὸ
2848 5942 3081 6013 συμϐὰν,
3117 5943 3265 6011 ὅμως
3307 5938 3637 6012 προσέθηκε,

2126 6044 2155 6084 h
2176 6042 2275 6095 Sex
2300 6060 2415 6096 mss.
2438 6048 2521 6104 τὴν
2542 6044 2717 6105 γενεάν.
2788 6044 2809 6072 ⁸
2835 6039 3347 6104 (ἶοιεινπροστάγματι.
