4084 6356
483 395 589 454 ιον

484 507 706 583 καιρίαν
736 505 927 577 ἐκείνῳ
949 504 1120 568 διδοὺς
1141 504 1240 576 τὴν
1271 502 1505 574 πληγὴν,
1526 501 1606 565 16,
1637 501 1744 556 Καὶ
1767 500 2069 569 εὐλόγηκα

483 593 692 655 αὐτὸν,
724 591 822 644 καί
859 587 1266 658 εὐλογημένος
1294 585 1472 640 ἔστω.
1509 585 1679 638 Τοῦτο
1715 584 1771 638 δὲ
1819 584 1992 637 ἐποίει
2041 583 2071 636 6

485 675 694 738 δίκαιος
741 673 840 744 τῆς
879 671 972 726 τοῦ
1019 671 1157 724 Θεοῦ
1208 669 1402 740 σοφίας
1439 668 1738 739 ὁδηγούσης
1768 665 1932 720 αὑτοῦ
1971 666 2072 737 τὴν

486 758 752 828 γλῶτταν,
795 757 880 809 ἵνα
925 756 1100 810 πάντα
1145 754 1286 824 μετά
1332 752 1616 825 ἀκριϐείας
1651 753 1856 815 ἐκεῖνος
1885 749 2072 822 μαθὼν

487 840 683 894 ειδέναι
709 840 830 911 ἔχῃ,
857 839 933 904 ὼς
950 838 1103 893 οὐδὲν
1135 837 1284 910 αὑτῷ
1312 837 1472 890 πλέον
1495 835 1646 890 ἔσται
1676 833 1799 888 οὔτε
1830 834 1939 888 ἀπὸ
1963 834 2072 888 τῶν

488 923 872 994 πρωτοτοκίων
907 934 953 986 ι,
993 920 1114 975 0615
1144 921 1252 975 6116
1289 921 1388 992 τῆς
1421 920 1613 991 θήρας.
1664 920 1946 984 Ἀκούσας
1979 918 2069 982 δὲ,

489 1007 674 1076 φησὶν,
717 1005 900 1059 Ἠσαῦ
949 1005 1244 1072 ἀνεϐόησε
1279 1001 1490 1076 φωνὴν
1533 1001 1810 1072 μεγάλην
1836 1001 2072 1070 σφόδρα

489 1075 589 1143 καί
618 1088 857 1156 πικράν.
889 1089 954 1141 Τί
987 1089 1124 1153 ἐστι,
1161 1087 1375 1155 Φωνὴν
1402 1075 1676 1157 herdan
1711 1085 1946 1155 σφόδρα
1973 1087 2074 1138 καί

490 1173 746 1243 πικράν;
771 1173 874 1226 Τὸν
894 1171 1062 1244 θυμὸν
1083 1171 1302 1243 ᾐνίξατο
1325 1171 1414 1224 διά
1440 1171 1533 1223 τοῦ
1565 1171 1830 1242 ῥήματος,
1859 1168 2072 1239 καὶτῆς

487 1245 680 1329 ὀργῆς,
737 1252 804 1326 ἧς
854 1255 1095 1326 ἐπλήσθη
1146 1254 1315 1308 ταῦτα
1360 1252 1565 1324 μαθὼν,
1602 1254 1700 1323 τὴν
1745 1253 2068 1323 ὑπερϐολήν.

488 1339 602 1395 Καὶ
629 1335 818 1402 εἷπεν,
854 1339 1212 1408 Εὺλόγησον
1255 1336 1332 1405 δὴ
1375 1337 1545 1406 κάμὲ,
1577 1336 1784 1403 πάτερ·
1825 1331 1970 1389 Ehe
2003 1335 2071 1388 δὲ

489 1423 669 1489 αὐτῷ’
720 1421 945 1478 Ἐλθὼν
979 1425 1011 1476 ό
1045 1422 1304 1490 ἀδελφός
1331 1435 1447 1474 σου
1475 1421 1623 1490 μετά
1651 1419 1856 1482 δόλου,
1894 1420 2072 1474 ἔλαϐε

489 1507 606 1576 τὴν
627 1506 912 1574 εὐλογίαν
942 1521 1076 1558 σου.
1104 1504 1416 1574 Προλαϐὼν,
1443 1505 1627 1574 φησὶν,
1659 1505 1688 1557 6
1720 1503 1945 1572 ἀδελφός
1976 1519 2068 1555 σου

489 1591 591 1660 τὴν
612 1589 859 1658 εὐλογίαν
881 1589 1060 1640 πᾶσαν
1090 1587 1438 1641 ἐπεσπάσατο
1467 1587 1606 1657 μετά
1633 1585 1833 1657 πολλῆς
1862 1587 1959 1657 τῆς
1984 1586 2070 1638 δα⁶

489 1673 722 1739 ψιλείας.
764 1671 871 1724 Καὶ
905 1672 990 1724 ἵνα
1017 1671 1180 1740 γνῷς,
1215 1671 1297 1723 ὅτι
1327 1673 1360 1740 ή
1395 1670 1599 1724 ἀνωθεν
1629 1672 1788 1742 χάρις
1812 1666 1880 1740 ἦν
1912 1672 1944 1740 ή
1979 1669 2070 1722 τὸν

491 1757 698 1808 δίκαιον
754 1754 1098 1824 ἀπατηθῆναι
1138 1756 1542 1824 συνεργήσασα,
1584 1755 1688 1825 ὅρα
1733 1753 1850 1816 πῶς
1911 1752 2071 1815 αὐτὸς

491 1838 649 1891 τοῦτο
673 1837 925 1907 ὁμολογεῖ
958 1836 1151 1905 λέγων,
1193 1837 1412 1892 Ἐλθὼν
1447 1841 1479 1892 ό
1499 1837 1762 1907 ἀδελφός
1782 1852 1898 1890 σου
1922 1837 2072 1904 μετὰ

492 1920 699 1980 δόλου,
738 1919 1018 1990 μονονουχὶ
1041 1919 1476 1990 ἀπολογούμενος
1503 1921 1579 1990 τῷ
1600 1920 1774 1983 παιδὶ,
1801 1918 1895 1972 καὶ
1925 1919 2072 1984 διδά-

495 2020 640 2056 σκων
690 2003 872 2065 αὑτὸν,
923 2003 1260 2072 ὄτιᾏγνοῶν
1311 2005 1396 2056 ἐπ’
1432 2006 1636 2056 ἐκεῖνον
1691 2003 1790 2066 16;
1827 2001 2074 2070 εὐλογίας

492 2087 859 2156 ἐποιησάμην,
913 2087 1007 2138 καὶ
1054 2087 1136 2140 ὅτι
1169 2088 1262 2149 Et;
1318 2086 1378 2138 σὲ
1431 2085 1631 2149 ταύτας
1675 2085 1890 2156 ’ἐτοιμος
1927 2087 2074 2155 ήμην

492 2168 838 2239 ποιήσασθαι·
860 2169 974 2222 ἀλλ’
991 2171 1221 2235 ἐκεῖνος,
1246 2167 1473 2222 Ἐλθὼν
1489 2168 1640 2239 μετὰ
1669 2168 1873 2231 δόλου,
1897 2169 2074 2222 ἔλαϐε

491 2253 610 2321 τὴν
634 2253 918 2322 εὐλογίαν
937 2269 1076 2306 οου·
1110 2253 1180 2307 τά
1210 2253 1292 2306 σοὶ
1320 2253 1840 2324 παρασκευασθέντα
1869 2254 2074 2315 ἐκεῖνος

493 2338 731 2404 ἐδέξατο’
753 2337 814 2390 οὑ
847 2337 997 2408 παρὰ
1028 2337 1126 2407 τὴν
1158 2336 1297 2407 ἐμὴν
1329 2335 1385 2388 δὲ
1413 2336 1591 2389 αἰτίαν
1620 2335 1829 2404 γέγονε.
1855 2337 1961 2391 Καὶ
1993 2331 2074 2388 εἷ-

493 2437 592 2487 πε,
621 2423 805 2494 φησὶν,
837 2420 1039 2476 Ἡσαῦ·
1071 2422 1318 2486 Δικαίως
1344 2421 1650 2488 ἐπεκλήθη
1683 2419 1750 2473 τὸ
1772 2419 1958 2488 ὄνομα
1978 2421 2078 2472 αὑ-

493 2504 602 2560 τοῦ
630 2505 841 2560 Ἰακώϐ·
871 2503 1180 2572 ὲπτέρνικε
1207 2502 1318 2573 γάρ
1337 2521 1413 2572 με
1432 2503 1547 2572 ἤδη
1575 2502 1854 2570 δεύτερον
1877 2502 2074 2556 τοῦτο’

493 2588 570 2642 τά
619 2605 682 2642 τε
719 2585 1085 2655 πρωτοτόκιά
1124 2605 1242 2655 μου
1273 2586 1525 2656 εἰλήφει,
1576 2586 1673 2640 καί
1715 2586 1832 2640 νῦν
1865 2586 2079 2653 εἴληφε

493 2671 610 2740 τὴν
629 2672 917 2742 εὐλογίαν
940 2688 1074 2738 μου.
1109 2669 1184 2722 Οὑ
1217 2670 1414 2741 μάτην,
1460 2671 1612 2742 φησὶ,
1668 2670 1765 2740 τῆς
1803 2685 2079 2740 προσηγο-

497 2754 618 2825 ρίας
645 2754 848 2825 ταύτης
875 2753 1104 2824 ἡξιώθη’
1131 2753 1459 2824 πτερνισμὸς
1484 2753 1591 2824 γάρ
1626 2753 1986 2824 ἑρμηνεύεται
2014 2751 2080 2804 16

494 2840 666 2910 ὄνομα
707 2839 895 2904 αὑτοῦ,
943 2840 1081 2910 ὅπερ
1133 2833 1285 2902 οὗτος
1334 2840 1413 2902 είς
1463 2838 1564 2908 ἐμὲ
1614 2837 1948 2900 ἐπεδείξατο,
1985 2835 2080 2888 καί¹

494 2923 604 2976 τῶν
657 2923 1040 2994 πρωτοτοκίων
1090 2923 1470 2994 ἀποστερήσας
1513 2923 1608 2976 καὶ
1649 2923 1748 2991 τῆς
1805 2921 2077 2989 εὐλογίας.

495 3009 562 3062 Τί
591 3004 683 3062 οὖν
703 3013 732 3062 6
767 3008 937 3062 Ἠσαῦ
968 3009 1102 3080 πρὸς
1146 3009 1358 3073 Ἰσαάκ;
1393 3009 1515 3076 Οὐχ
1543 3007 1844 3062 ὐπελίπου
1861 3025 1964 3076 μοι
1993 3009 2082 3060 εὐ-

497 3094 734 3164 λογίαν,
767 3094 992 3161 πάτερ;
1041 3091 1400 3160 Ἀποκριθεὶς
1436 3091 1504 3144 δὲ
1537 3093 1734 3145 Ἰσαὰκ
1778 3087 1949 3145 εἶπεν
1973 3092 2081 3144 αὐ-

498 3176 599 3242 τῷ·
623 3175 897 3239 Μάνθανε,
927 3175 1110 3245 φησὶν,
1139 3176 1219 3228 ὅτι
1259 3177 1438 3237 πάσας
1465 3177 1542 3237 εἰς
1565 3175 1724 3227 αὑτὸν
1756 3175 1953 3243 ἐξέχεα
1985 3172 2082 3234 τάς

499 3259 770 3328 εὐλογίας,
793 3261 863 3313 El
885 3261 1092 3326 κύριον
1110 3257 1296 3312 αὐτὸν
1321 3258 1580 3325 ἐποίησά
1613 3276 1751 3313 σου.
1785 3259 1927 3328 Ὅρα
1966 3256 2084 3320 πῶς

501 3345 705 3408 εὐθέως
739 3342 847 3398 ἀπὸ
878 3342 1067 3396 τούτου
1108 3342 1354 3412 ἄρχεται,
1387 3343 1482 3395 καὶ
1513 3342 1664 3396 οὐδὲν
1689 3342 1876 3412 ἕτερον
1912 3341 2081 3409 λέγει,

501 3430 637 3484 ἀλλά
661 3431 760 3502 τὴν
795 3428 1037 3481 δουλείαν
1072 3427 1220 3498 αὐτῴ
1246 3427 1502 3500 σημαίνει
1527 3429 1620 3480 καὶ
1649 3429 1748 3498 τὴν
1783 3428 2080 3497 ὑποταγὴν·

501 3513 598 3567 καί
649 3530 834 3584 φησιν,
885 3512 956 3565 El
1001 3512 1208 3579 κύριον
1262 3512 1449 3566 αὐτὸν
1487 3511 1746 3577 ἐποίησά
1792 3528 1930 3573 σου,
1987 3509 2082 3563 καί

504 3597 736 3662 πάντας
776 3595 916 3662 τοὺς
955 3594 1258 3662 ἀδελφοὺς
1291 3595 1476 3649 αὐτοῦ
1515 3593 1772 3660 οἰκέτας.
1811 3595 1959 3660 σίτῳ
1987 3592 2086 3646 καὶ

503 3681 647 3747 οϊνῳ
679 3679 970 3747 ἑστήριξα
997 3679 1202 3732 αὐτόν’
1235 3680 1334 3732 σοὶ
1359 3678 1429 3732 δὲ
1462 3677 1519 3731 τί
1541 3678 1796 3743 ποιήσω,
1836 3676 2086 3740 τέκνον;

505 3766 672 3819 Οὑδέν
695 3765 779 3818 ἐτε
791 3782 880 3836 ρον
909 3764 1094 3820 λοιπὸν
1124 3763 1526 3818 ὑπολέλειπταιο
1559 3765 1607 3815 εί
1632 3762 1900 3832 δεσπότην
1927 3760 2088 3813 αὑτὸν

504 3849 737 3919 ἐποίησά
773 3865 889 3910 σου,
939 3849 1032 3902 καὶ
1065 3847 1273 3910 πάντας
1311 3845 1473 3900 αὑτοῦ
1508 3846 1724 3909 οἰκέτας
1758 3846 1884 3908 106;
1930 3843 2087 3896 ἀδελ-

505 3935 662 4003 φοὺς,
680 3934 774 3986 καὶ
789 3932 942 4004 [5'20]
961 3934 1068 3986 τῶν
1084 3931 1400 3999 ἀναγκαίων
1421 3930 1568 4000 αὑτῷ
1594 3932 1692 4001 τὴν
1714 3929 1974 3998 ἀφθονίαν
1992 3931 2089 3981 ἐπ-

504 4016 780 4089 ηυξάμην,
806 4017 860 4070 τί
893 4015 1076 4069 λοιπὸν
1101 4014 1287 4085 ἓτερον
1318 4014 1563 4067 λείπεται
1585 4031 1597 4078 ;
1623 4011 1768 4067 Eine
1793 4011 1860 4064 δὲ
1896 4012 2087 4067 Ἡσαῦ

507 4102 660 4170 πρὸς
705 4103 813 4155 τὸν
863 4100 1087 4168 πατέρα
1133 4099 1339 4153 αὐτοῦ·
1392 4097 1488 4165 Μὴ
1532 4097 1779 4165 εὐλογία
1833 4097 1938 4164 μία
1987 4097 2088 4150 σοί

508 4186 660 4247 ἐστι,
689 4183 908 4252 πάτερ;
936 4184 1292 4252 Εὐλόγησον
1324 4181 1399 4250 δὴ
1434 4179 1601 4246 κάμέ.
1645 4179 1861 4250 Ἐπειδὴ
1885 4180 2086 4249 ἢκουσε

508 4267 604 4321 τοῦ
648 4267 849 4338 πατρὸς
904 4267 1170 4330 εἰπόντος,
1225 4265 1332 4319 Καὶ
1389 4267 1697 4333 εὐλόγησα
1744 4262 1948 4328 αὐτὸν,
1991 4261 2090 4314 καὶ

510 4349 916 4419 εὐ.-ιογημένος
956 4349 1147 4413 ἔσται,
1207 4343 1326 4401 εἶτα
1376 4350 1470 4402 καὶ
1518 4349 1616 4418 τὴν
1651 4347 1900 4414 εὐλογίαν
1943 4345 2090 4415 αὑτῷ

514 4439 692 4488 πᾶσαν
731 4435 916 4504 δήλην,
941 4433 1184 4503 ἐποίησε,
1229 4433 1351 4484 τότε
1393 4433 1575 4501 φησὶν,
1625 4433 1980 4500 Εὐλόγησον
2013 4429 2092 4498 δὴ

514 4520 687 4588 κάμὲ,
715 4518 916 4586 πάτερ·
941 4517 1027 4587 μὴ
1068 4518 1176 4586 γὰρ
1214 4519 1323 4587 μία
1363 4518 1462 4569 σοί
1496 4517 1666 4569 ἐστιν
1694 4515 1970 4584 salaria;
2001 4515 2092 4586 Μὴ

514 4607 623 4674 γὰρ
647 4603 746 4673 οὑχ
782 4603 966 4664 ἱκανὸς
1007 4601 1070 4653 σὺ
1110 4601 1255 4670 κάμὲ
1275 4600 1506 4666 ἀξιῶσαι
1535 4602 1632 4669 τῆς
1653 4599 1803 4669 παρά
1832 4597 1925 4651 σοῦ
1953 4597 2094 4650 εὑλο-

514 4690 661 4757 γίας,
695 4689 787 4740 τὸν
817 4685 960 4738 οὑτω
986 4683 1137 4754 παρά
1170 4683 1264 4735 σοῦ
1291 4684 1668 4752 ἀγαπώμενον,
1699 4680 1790 4734 τὸν
1823 4681 2095 4750 πρωτότο-

516 4790 630 4835 κον,
661 4771 752 4825 16v
781 4769 869 4823 διά
896 4769 995 4839 τήν
1022 4767 1192 4837 θήραν
1222 4767 1371 4836 παρά
1398 4766 1491 4819 σοῦ
1518 4767 1920 4828 ἀποσταλέντα;
1962 4765 2095 4816 Συν-

516 4859 637 4927 ἐχεε
678 4855 765 4907 διὰ
795 4854 902 4905 τῶν
937 4852 1194 4921 ῥημάτων
1223 4850 1314 4903 τὸν
1343 4849 1578 4919 πατέρα.
1606 4847 2098 4915 Κατανυχθέντος

516 4941 648 5010 γὰρ,
693 4938 876 5008 φησὶν,
936 4934 1134 4988 Ἰσαὰκ
1176 4934 1472 5000 ἀνεϐόησε
1527 4931 1696 5001 φωνῇ
1750 4932 1953 4992 Ἡσαῦ,
2001 4930 2099 4982 καί

515 5027 842 5080 ἔκλαυσεν.
871 5017 992 5075 Εἷδε
1022 5020 1113 5072 τὸν
1143 5017 1354 5089 πατέρα
1375 5020 1431 5071 ἐν
1462 5017 1740 5086 ἀμηχανίᾳ
1765 5015 2097 5087 ὑπάρχοντα,

487 5109 613 5195 pta).
644 5108 704 5159 οὑ
732 5106 1047 5175 δυνάμενον,
1078 5102 1195 5155 οὑδὲ
1220 5102 1545 5170 ἀνεχόμενον
1571 5099 1873 5170 ἀνατρέψαι
1901 5098 1971 5150 16
1999 5099 2099 5170 ήδη

517 5190 800 5260 γεγονότα·
843 5187 938 5239 καὶ
967 5188 996 5239 ὁ
1038 5187 1134 5256 μὲν
1162 5188 1227 5255 τῇ
1262 5183 1355 5254 βοῇ
1399 5183 1490 5237 καὶ
1522 5182 1796 5252 κλαυθμὸν
1829 5181 2099 5251 προσέθη-

520 5290 636 5336 κεν,
695 5273 775 5334 εἰς
824 5271 1046 5323 πλείονα
1094 5268 1436 5339 συμπάθειαν
1489 5267 1715 5334 ἀγαγεῖν
1759 5266 1849 5317 τὸν
1891 5264 2104 5335 πατέρα

523 5356 862 5428 βουλόμενος.
891 5354 1180 5423 υίκτείρας
1203 5352 1257 5404 δὲ
1279 5351 1441 5404 αὑτὸν
1466 5353 1494 5402 6
1527 5349 1729 5411 Ἰσαὰκ,
1760 5345 1910 5400 εἶπεν
1931 5347 2100 5417 αὐτῷ·

533 5439 683 5494 Ἰδοὺ
728 5439 847 5494 ἀπὸ
897 5438 1008 5505 τῆς
1056 5437 1335 5502 πιότητος
1374 5434 1485 5502 τῆς
1532 5431 1643 5501 γῆς
1686 5431 1855 5484 ἔσται
1888 5431 1924 5496 ἡ
1964 5449 2104 5483 κατ-

525 5524 768 5589 οίκησίς
819 5538 955 5587 σου,
1013 5523 1109 5574 καί
1153 5520 1272 5575 ἀπὸ
1308 5517 1415 5586 τῆς
1455 5519 1679 5587 δρόσου
1709 5516 1816 5569 τοῦ
1847 5517 2106 5582 οὐρανοῦ

526 5606 777 5670 ἄνωθεν,
818 5607 914 5659 καὶ
956 5605 1055 5658 ἐπὶ
1104 5604 1179 5672 τῇ
1221 5605 1488 5672 μαχαίρᾳ
1537 5617 1654 5654 σου
1696 5598 1871 5666 ζήσῃ,
1899 5597 1997 5652 καί
2027 5597 2108 5662 τῷ

529 5684 769 5754 ἀδελφῷ
801 5701 916 5740 σου
949 5686 1324 5750 δουλεύσειςο
1351 5684 1523 5737 ἐσται
1551 5681 1618 5734 δὲ
1656 5681 1836 5748 ἡνίκα
1859 5679 1938 5733 ἂν
1967 5683 2108 5732 καθ-

529 5764 680 5830 έλῃς
709 5765 806 5817 καὶ
831 5767 1102 5832 ἑκλύσῃς
1133 5764 1240 5818 τὸν
1265 5763 1442 5833 ζυγὸν
1473 5763 1658 5816 αὐτοῦ
1683 5763 1802 5816 ἀπὸ
1842 5759 1948 5814 τοῦ
1977 5776 2111 5826 τρα-

534 5841 730 5912 χήλου
756 5858 890 5896 σου.
925 5843 1161 5912 Ἐπειδὴ,
1187 5842 1341 5914 φησὶ,
1380 5843 1474 5895 καὶ
1502 5841 1662 5904 αὐτὸς
1689 5842 1785 5910 τῆς
1812 5840 1941 5910 παρ’
1976 5837 2133 5906 ἐμοῦ,

538 5922 787 5988 εὐλογίας
822 5923 1127 5976 ἀπολαῦσαι
1169 5921 1474 5991 ἐπιθυμεῖς,
1499 5921 1733 5990 μάνθανε
1762 5922 1844 5972 ὅτι
1873 5920 1971 5988 οὑχ
1997 5915 2108 5971 οἷόν

601 6007 627 6038 ⁸
647 6009 907 6077 βοιληδε.
938 6015 989 6058 el
1013 6008 1122 6057 δᾶν.
1152 6007 1483 6068 πρωτοτόκων.
1522 6005 1693 6056 Morel.
1723 6005 1902 6057 melius
1924 6018 2107 6065 πρωτο-

546 6082 743 6117 τικεων.

1183 387 1242 444 S.
1281 383 1564 445 JOANNIS
1600 378 2078 441 CHRYSOSTOMI
2116 377 2438 436 ARCHIEP.
2477 374 3026 436 CONSTANTINOP.

3641 376 3753 432 4ῗο

2171 509 2230 563 τέ
2258 527 2325 582 με
2354 510 2573 564 ἐναντία
2597 513 2663 582 τῇ
2687 511 2782 564 τοῦ
2811 511 2948 565 Θεοῦ
2964 508 3156 581 γνώμῃ
3179 507 3599 580 διαπράξασθαιο
3617 506 3754 561 ἀλλά

2170 593 2264 648 καὶ
2287 593 2370 646 σοὶ
2403 593 2504 664 μὲν
2531 595 2832 666 ἐπεύχομαι
2859 595 2958 664 τὴν
2987 593 3094 646 6116
3122 592 3222 663 τῆς
3245 591 3438 662 δρόσου
3473 590 3566 643 τοῦ
3588 592 3754 661 οὐρα-

2169 675 2263 730 νοῦ
2289 676 2612 730 ἀπόλαυσινο
2631 677 2739 730 ίσθι
2767 677 2825 730 δὲ
2852 675 3059 746 μέλλων
3084 673 3379 746 πολεμικὸν
3398 673 3758 740 ἀναδέξασθαι

2173 757 2306 828 βίον·
2359 759 2489 814 Ἐπί
2543 758 2621 828 τῇ
2665 760 2931 829 μαχαίρᾳ
2972 759 3081 828 γάρ
3124 773 3240 813 σου
3295 756 3482 826 ζήσῃ,
3534 758 3636 811 καὶ
3675 755 3758 822 τῷ

2169 841 2408 911 ἀδελφῷ
2437 857 2556 896 σου
2582 842 2960 908 δουλεύσεις.

2241 932 2302 978 ε’.
2321 924 2482 978 Ἀλλά
2505 923 2694 996 μηδεὶς
2712 923 2927 978 ἀκούων
2941 922 3114 978 ταῦτα
3130 921 3440 988 ξενιζέσθω,
3456 920 3600 994 ὀρῶν
3618 923 3769 992 μετὰ

2169 1009 2344 1062 ταῦτα
2380 1008 2473 1062 16v
2511 1007 2738 1078 ἀδελφὸν
2780 1008 2988 1079 ἀλήτην
3019 1008 3310 1078 γενόμενον
3357 1006 3448 1060 διά
3473 1005 3566 1058 τὸν
3603 1002 3763 1074 παρὰ

2170 1091 2360 1145 τούτου
2388 1090 2575 1161 φόϐον,
2597 1090 2692 1144 καὶ
2713 1091 2794 1154 είς
2811 1091 2910 1160 τὴν
2932 1089 3218 1160 ἀλλοτρίαν
3239 1089 3614 1159 ἐπειγόμενον,
3648 1104 3760 1157 μη-

2169 1178 2227 1232 δέ
2251 1179 2362 1241 τοῖς
2392 1176 2700 1248 προοιμίοις
2720 1175 3022 1246 προσέχων,
3042 1174 3310 1242 νομιζέτω
3331 1173 3644 1228 διαπίπτειν
3657 1171 3758 1242 τὴν

2172 1234 2497 1333 πρόρρησίν.
2532 1234 2699 1314 ’ὃταν
2730 1234 2839 1330 γ’ἀρ
2868 1234 3196 1329 ὁηΔεσπότης
3222 1275 3274 1311 τι
3309 1234 3783 1329 ὑπόσχηται,κάτή

2171 1344 2391 1397 ἐναντία
2431 1343 2538 1397 τῶν
2574 1343 2923 1412 ὑποσχέσεων
2968 1342 3168 1416 ἴδωμεν
3201 1345 3256 1395 ἐν
3302 1346 3415 1406 τοῖς
3449 1341 3762 1414 προοιμίοις

2173 1428 2513 1491 ἐκϐαίνοντα,
2548 1428 2622 1498 μὴ
2656 1425 3037 1499 θορυϐὡμεθω
3067 1427 3125 1479 οὑ
3151 1425 3258 1497 γάρ
3285 1422 3396 1478 οἷόν
3418 1426 3480 1478 τέ
3503 1441 3635 1477 ποτε
3661 1423 3766 1493 μέ-

2173 1528 2265 1582 χρι
2295 1511 2482 1575 τέλους
2511 1510 2851 1581 διαμαρτεῖν.
2877 1509 3046 1563 Τοῦτο
3065 1510 3120 1563 δέ
3147 1509 3376 1579 γίνεται,
3409 1510 3495 1562 ἵνα
3516 1507 3766 1578 λαμπρό-

2173 1611 2320 1665 τεροι
2355 1593 2444 1646 διὰ
2478 1593 2691 1646 πάντων
2720 1595 2769 1646 οἱ
2795 1593 2993 1647 δίκαιοι
3025 1592 3383 1660 δεικνύμενοι,
3416 1593 3515 1662 τὴν
3547 1608 3767 1661 περιου-

2176 1676 2295 1730 σίαν
2326 1676 2430 1746 τῆς
2463 1675 2558 1729 τοῦ
2599 1676 2736 1729 Θεοῦ
2777 1676 3058 1747 δυνάμεως
3089 1675 3390 1746 κατάδηλον
3419 1675 3551 1744 ἡμῖν
3587 1673 3765 1726 ἅπασι

2172 1759 2426 1830 γενέσθαι
2478 1758 2958 1830 παρασκευάσωσι.
2992 1759 3104 1813 Καλ⁸
3149 1759 3234 1827 ἐφ’
3273 1757 3505 1810 ἐκάστου
3541 1756 3653 1809 τῶν
3683 1755 3766 1808 δι-

2174 1845 2346 1897 καίων
2374 1841 2534 1896 τοῦτο
2577 1843 2851 1912 εὑρήσεις,
2898 1845 2947 1895 εί
3000 1842 3321 1913 βουληθείης
3367 1843 3587 1904 ἁπάσας
3622 1839 3769 1911 μετὰ

2174 1927 2460 1998 ἀκριϐείας
2487 1925 2723 1979 κατιδεῖν
2750 1926 2848 1989 16;
2884 1927 3146 1998 ἱστορίας,
3177 1927 3205 1979 ὃ
3240 1925 3303 1996 δὴ
3338 1926 3428 1978 καὶ
3462 1923 3557 1978 νῦν
3595 1924 3785 1992 γεγέ-.

2174 2027 2353 2079 νηται.
2395 2009 2485 2080 Μὴ
2519 2009 2624 2081 γὰρ
2655 2008 2901 2080 δήτοῦτο
2932 2009 3069 2079 ίδῃς,
3095 2010 3176 2063 ὅτι
3211 2008 3307 2062 νῦν
3340 2007 3543 2070 εὐθέως
3583 2006 3766 2076 φυγάς

2175 2094 2404 2160 ἐγίνετο,
2435 2091 2573 2145 ἀλλά
2605 2093 2704 2162 τὴν
2744 2093 2882 2162 μετά
2917 2093 3088 2145 ταῦτα
3121 2091 3478 2162 περιφάνειαν
3521 2090 3766 2157 λογίζου,

2176 2175 2271 2229 καὶ
2291 2176 2371 2228 ὅτι
2390 2173 2482 2227 τοῦ
2504 2173 2698 2244 χρόνου
2721 2174 3170 2245 παραδραμόντος
3199 2173 3362 2236 αὐτὸς
3387 2168 3539 2236 οὗτος
3561 2175 3589 2226 6
3609 2171 3767 2241 φοσεο

2179 2259 2270 2328 96;
2293 2257 2439 2327 αὑτῷ
2467 2255 2707 2326 γεγονὼς
2733 2257 3004 2326 τοσαύτην
3033 2257 3160 2326 περὶ
3195 2255 3357 2308 αὑτὸν
3390 2255 3766 2308 ἐπιδείκνυται

2176 2345 2274 2413 τὴν
2307 2341 2459 2406 αίδὼ,
2495 2343 2590 2395 καί⁹
2613 2342 2695 2394 ὅτι
2735 2343 2814 2404 είς
2841 2341 3109 2410 τοσαύτην
3142 2336 3272 2412 ἦλθε
3303 2339 3462 2404 δόξαν
3495 2339 3635 2409 μετὰ
3664 2340 3766 2408 τήν

2178 2427 2270 2479 ἐπὶ
2314 2428 2412 2496 τῆς
2456 2422 2611 2494 ξένης
2660 2423 3049 2495 ταλαιπωρίαν,
3079 2424 3156 2485 ὡς
3184 2423 3278 2476 καὶ
3325 2427 3449 2486 τοὺς
3492 2421 3551 2486 ἐξ
3594 2421 3768 2475 αὑτοῦ

2176 2507 2465 2577 τεχθέντας
2487 2508 2565 2571 είς
2593 2507 2820 2578 ἄπειρον
2854 2505 3057 2575 πλῆθος
3081 2505 3397 2576 ἐκταθῆναι,
3428 2505 3522 2558 καὶ
3549 2505 3637 2558 διὰ
3665 2508 3769 2574 τῆς

2177 2591 2368 2644 τούτου
2398 2589 2772 2661 προσηγορίας
2796 2590 2942 2644 άπαν
2971 2589 3033 2642 τὸ
3058 2589 3206 2652 ἔθνος
3235 2587 3764 2658 χαρακτηρίζεσθαι.

2179 2677 2316 2729 Νυνὶ
2352 2675 2408 2728 δὲ
2441 2673 2768 2727 διδάσκουσα
2793 2675 2940 2744 ἡμᾶς
2976 2675 3009 2743 ἡ
3042 2672 3160 2725 θεία
3185 2671 3378 2743 Γραφὴ
3410 2671 3502 2724 τοῦ
3530 2671 3768 2740 ἀδελφοῦ

2176 2761 2267 2814 τὸν
2291 2759 2482 2829 θυμὸν,
2519 2759 2614 2813 καὶ
2645 2758 2726 2811 ὅτι
2763 2757 2901 2829 πρὸς
2928 2757 3088 2825 φόνον
3121 2756 3424 2818 ἀπέϐλεπε,
3467 2755 3620 2826 φησί·
3654 2756 3765 2808 Kal

2177 2843 2440 2897 ἐνεκότει
2473 2839 2657 2897 Ἡσαῦ
2698 2839 2781 2905 τῷ
2811 2839 3014 2894 Ἰακὼὸ
3038 2838 3169 2907 περὶ
3199 2837 3310 2906 τῆς
3341 2839 3646 2906 εὐλογίας,
3692 2833 3770 2906 ἧς

2180 2927 2532 2995 ηὐλόγησεν
2555 2925 2743 2979 αὐτὸν
2772 2926 2806 2978 ό
2834 2923 3032 2992 πατὴρ
3064 2921 3272 2977 αὐτοῦ.
3317 2921 3426 2974 Καὶ
3455 2922 3541 2975 ἴνα
3585 2922 3770 2992 μάθω-

2183 3028 2304 3081 μεν,
2350 3011 2432 3064 ὅτι
2479 3010 2577 3079 οὑχ
2614 3007 2798 3073 ἁπλῶς
2831 3007 2968 3079 ὀργὴ
2999 3003 3068 3078 ἦν
3098 3005 3430 3078 πρόσκαιρος
3470 3005 3648 3070 τοῦτο,
3681 3005 3771 3058 διά

2180 3095 2281 3162 τῆς
2330 3093 2528 3158 λέξεως
2577 3093 2850 3161 ἐσήμανεν
2903 3083 3035 3161 ἡμῖν
3087 3089 3188 3159 τῆς
3234 3089 3433 3151 κακίας
3466 3087 3634 3142 αὑτοῦ
3670 3089 3772 3159 τὴν

2183 3178 2508 3251 ὑπερϐολήν.
2549 3177 2840 3231 Ἐνεκότει
2860 3173 2992 3246 γάρ,
3014 3175 3199 3246 φησὶν,
3221 3173 3344 3226 ἀντὶ
3367 3172 3484 3237 τοῦ,
3507 3173 3771 3235 ἐνέκειτο,

2182 3262 2470 3332 ἐπέμενεν.
2505 3259 2581 3322 ὡς
2614 3260 2709 3313 καὶ
2739 3257 2827 3311 διὰ
2860 3258 2970 3312 τῶν
3001 3258 3263 3328 ῥημάτων
3291 3257 3387 3328 τὴν
3422 3257 3480 3309 ἐν
3507 3256 3586 3327 τῷ
3619 3255 3772 3324 βάθει

2184 3342 2566 3417 κρυπτομένην
2587 3340 2811 3412 γνώμην
2836 3340 3072 3412 φανερὰν
3094 3343 3448 3411 καταστῆσαι.
3475 3336 3625 3393 Εἷπε
3640 3340 3773 3408 γὰρ,

2184 3429 2372 3498 φησιν,
2425 3427 2496 3480 ἐν
2539 3424 2613 3494 τῇ
2655 3424 2913 3491 διανοίᾳ’
2964 3423 3408 3492 Ἐγγισάτωσαν
3456 3425 3517 3475 al
3558 3423 3772 3491 ἡμέραι

2184 3513 2291 3566 τοῦ
2327 3510 2588 3575 πένθους
2619 3509 2725 3563 τοῦ
2749 3509 2975 3576 πατρός
2993 3526 3134 3577 μου,
3168 3508 3271 3561 ἵνα
3300 3506 3636 3560 ἀποκτείνω
3673 3506 3777 3558 Ἰα-

2186 3596 2311 3650 κὼσ
2338 3595 2446 3649 τὸν
2478 3595 2748 3661 ἀδελφόν
2766 3609 2900 3661 μου.
2933 3591 3142 3653 Ὄντως
3175 3589 3285 3660 ἀρα
3319 3591 3413 3642 καὶ
3440 3589 3550 3642 τῶν
3585 3605 3779 3659 μαινο-

2189 3679 2366 3747 μένων
2391 3677 2570 3730 αὐτῶν
2605 3676 2706 3728 οὑκ
2753 3674 2973 3726 ἔλαττον
3009 3674 3038 3726 6
3072 3671 3412 3742 θυμούμενος
3445 3671 3771 3742 παραπαίει..

2187 3761 2391 3815 Σκόπει
2424 3757 2575 3832 [521]
2606 3757 2735 3828 γὰρ,
2778 3757 2926 3820 ὅπως
2955 3755 3206 3826 καθάπερ
3247 3755 3371 3818 τοὺς
3413 3753 3778 3824 μαινομένους

2187 3846 2216 3898 6
2257 3845 2466 3914 δαίμων
2515 3843 2722 3903 ἐκεῖνος
2773 3836 3100 3893 ἐπεισελθὼν
3139 3837 3410 3908 ἔκφρονας
3458 3835 3779 3907 ἐργάζεται,

2191 3929 2286 3982 καὶ
2320 3925 2539 3981 ἐναντία
2558 3927 2670 3986 τοῖς
2693 3922 2990 3993 ὁρωμένοις
3017 3921 3442 3992 διαπράττεσθαι
3468 3921 3777 3974 ἀναπείθει.

2191 4013 2265 4065 Οὑ
2297 4011 2405 4082 γάρ
2442 4009 2642 4081 ὁρῶσιν
2675 4005 2863 4075 ὑγιῶς,
2900 4003 3023 4057 οὑτε
3058 4005 3244 4074 ἕτερόν
3276 4023 3328 4057 τι
3357 4005 3781 4075 διαπράττονται

2189 4093 2299 4148 τῶν
2321 4093 2629 4165 χρησίμων,
2657 4089 2793 4144 ἀλλά
2825 4088 3074 4160 καθάπερ
3094 4089 3191 4151 16;
3214 4086 3496 4158 αἰσθήσεις
3526 4104 3784 4158 πεπηρω-

2196 4179 2367 4248 μένοι,
2434 4177 2526 4228 καὶ
2577 4173 2640 4227 τὸ
2706 4171 3041 4242 διακριτικὸν
3104 4170 3536 4240 διαφθείραντες,
3607 4169 3784 4231 οὑτως

2193 4263 2407 4316 ἅπαντα
2435 4255 2774 4330 ἐργάζονται.
2802 4255 2957 4309 Οὕτω
2981 4256 3074 4308 καὶ
3111 4257 3159 4308 οί
3189 4253 3544 4325 θυμούμενοι,
3571 4253 3635 4305 οὑ
3657 4253 3785 4315 τοὺς

2196 4345 2467 4415 παρόντας
2500 4339 2975 4409 ἐπιγινώσκουσιν,
3007 4338 3066 4390 οὐ
3101 4337 3420 4404 συγγενείας
3451 4335 3782 4406 μέμνηνται,

2193 4429 2255 4480 οὑ
2285 4426 2486 4496 φιλίας,
2525 4425 2587 4476 οὑ
2621 4421 2929 4492 συνηθείας,
2965 4421 3064 4472 οὑκ
3105 4419 3437 4488 ἀξιώματος.
3481 4420 3582 4470 οὑκ
3622 4419 3784 4472 ἄλλου

2195 4513 2338 4574 τινὸς
2374 4509 2582 4563 ἔννοιαν
2617 4504 3006 4576 λαμϐάνουσιν,
3040 4503 3156 4556 ἀλλ’
3192 4502 3304 4556 ὅλοι
3347 4502 3452 4554 ὑπὸ
3479 4501 3574 4553 τοῦ
3608 4499 3786 4572 θυμοῦ

2195 4592 2615 4666 τυραννούμενοι
2639 4589 2776 4642 κατὰ
2797 4589 3055 4660 κρημνῶν
3080 4588 3353 4658 φέρονται.
3384 4587 3449 4639 Τί
3483 4582 3575 4639 οὖν
3607 4583 3672 4638 ἂν
3698 4588 3786 4654 εἴη

2195 4681 2304 4732 τῶν
2327 4677 2584 4731 τοιούτων
2615 4672 2994 4742 ἐλεεινότερον,
3025 4673 3152 4724 ὅταν
3181 4672 3400 4734 ἁλόντες
3427 4669 3530 4722 6116
3555 4669 3653 4721 106
3684 4669 3790 4722 116-

2200 4763 2346 4827 θους,
2384 4761 2478 4814 καὶ
2507 4757 2838 4828 αἰχμάλωτοι
2861 4754 3164 4824 γενόμενοι,
3203 4755 3296 4806 καὶ
3332 4754 3468 4823 πρὸς
3505 4754 3664 4820 φόνον
3691 4754 3789 4804 ἐπ-

2200 4847 2471 4914 είγονται;
2502 4841 2600 4894 Διά
2644 4839 2799 4892 τοῦτο
2844 4839 2872 4890 6
2917 4837 3186 4908 μακάριος
3230 4837 3442 4899 Παῦλος
3492 4837 3594 4906 τὴν
3631 4836 3789 4905 ῥίζαν

2199 4928 2517 4984 ἀποσπάσαι
2542 4923 2863 4995 βουλόμενος
2902 4919 2996 4972 τοῦ
3038 4918 3231 4982 κακοῦ,
3259 4920 3488 4990 γράφων
3532 4917 3788 4988 παρῄνει,

2200 5012 2342 5065 οὑτω
2362 5012 2559 5077 λέγων,
2591 5005 2767 5062 Πᾶσα
2789 5003 2935 5072 ὀργὴ
2963 5003 3061 5057 καὶ
3094 5003 3282 5072 θυμὸς
3311 5003 3409 5056 καὶ
3440 5003 3672 5071 κραυγὴ
3697 5003 3792 5069 ἁρ-

2202 5097 2358 5162 θήτω
2387 5096 2488 5162 ἀρ’
2517 5091 2685 5160 ὑμῶν
2719 5089 2844 5141 σὺν
2869 5087 3036 5155 πάσῃ
3065 5087 3261 5154 κακίᾳ.
3295 5088 3369 5140 Οὑ
3406 5087 3587 5157 μόνον,
3624 5087 3782 5155 φησι,

2203 5178 2506 5250 θυμοῦσθαι
2551 5176 2695 5245 ὑμᾶς
2735 5173 2796 5225 οὑ
2844 5171 3124 5241 βούλομαι,
3168 5170 3290 5223 οὑδέ
3338 5171 3414 5241 μὴ
3445 5169 3791 5240 ὀργίζεσθαι,

2203 5264 2340 5318 ἀλλά
2373 5260 2506 5332 μηδέ
2539 5259 2676 5329 μετά
2708 5258 2955 5326 κραυγῆς
2993 5257 3106 5318 τοῖς
3146 5255 3372 5324 πλησίον
3418 5251 3792 5319 διαλέγεσθαι,

2207 5348 2455 5419 κραυγήν
2484 5341 2715 5398 ἐνταῦθα
2749 5341 2944 5408 λέγων,
2970 5340 3070 5409 τὴν
3099 5339 3204 5392 ὑπὸ
3228 5338 3323 5390 τοῦ
3366 5336 3542 5406 θυμοῦ
3572 5335 3797 5404 γινομέ-

2207 5449 2325 5502 νην.
2361 5431 2528 5481 Ὅταν
2556 5426 2664 5497 γάρ
2693 5425 2753 5477 16
2788 5423 2956 5485 πάθος
2986 5421 3196 5474 ἔνδοθεν
3239 5421 3598 5489 διεγείρηται,
3639 5420 3736 5470 καὶ
3763 5419 3796 5487 ή

2211 5525 2406 5598 καρδία
2453 5521 2681 5592 οἰδαίνῃ,
2725 5519 2825 5570 οὑκ
2879 5516 2958 5568 ἔτι
3008 5515 3193 5567 λοιπὸν
3250 5515 3283 5582 ἡ
3337 5513 3560 5579 γλῶσσα
3611 5513 3798 5580 ἡρέμα

2210 5616 2545 5687 φθέγγεσθαι
2571 5613 2845 5682 ἀνέχεται,
2875 5607 3012 5661 ἀλλά
3041 5607 3138 5677 τὴν
3169 5606 3410 5659 διάθεσιν
3442 5604 3540 5674 τῆς
3567 5605 3800 5674 καρδίας

2211 5710 2580 5781 ἐμφαίνουσα,
2617 5703 2753 5775 μετὰ
2783 5701 3027 5772 κραυγῆς
3073 5699 3150 5769 τῷ
3192 5699 3420 5768 πλησίον
3449 5695 3800 5764 διαλέγεσθαι

2214 5801 2644 5874 παρασκευάζει.
2699 5795 3027 5864 Βουλόμενος
3088 5790 3182 5847 οὑν
3233 5795 3294 5846 ἐν
3333 5791 3803 5874 γαλήνῃμδιάγειν

2213 5870 2451 5956 διηνεκεῖ
2474 5885 2598 5944 106;
2625 5877 2773 5949 αὑτῷ
2799 5877 3151 5947 πειθομένους
3169 5878 3198 5928 6
3227 5879 3498 5947 μακάριος
3521 5870 3698 5936 οὗτος,
3721 5873 3804 5924 εἰ·

2220 5971 2357 6032 πὼν,
2375 5965 2563 6021 Πᾶσα
2592 5962 2761 6031 ὀργὴ,
2811 5961 2978 6027 ἔδειξε
3002 5961 3055 6013 τί
3101 5963 3216 6012 ἐστι
3241 5959 3417 6015 Πᾶσα
3445 5956 3615 6027 ὀργὴ,
3641 5958 3674 6026 ή
3703 5957 3801 6023 ἀφ’

2221 6056 2334 6109 οἴου
2365 6053 2429 6122 δή
2459 6067 2583 6103 ποτε
2617 6048 2936 6120 πράγματος
2986 6046 3292 6117 κινουμένη·
3325 6045 3421 6100 καί
3462 6046 3568 6108 πᾶς
3607 6041 3802 6110 θυμὸς
