4084 6356
351 371 468 427 469

346 488 585 541 benedixi
610 503 741 552 eum,
776 495 822 541 et
849 486 915 540 sit
937 485 1237 539 benedictus.
1274 483 1383 536 lloc
1405 492 1583 538 autem
1614 482 1841 539 faciebat
1862 484 1947 555 ju-

345 589 491 645 stus,
522 580 780 649 sapientia
827 578 918 633 Dei
959 579 1099 633 illius
1146 578 1375 648 linguam
1413 579 1709 649 dirigente,
1739 587 1798 632 ut
1826 593 1946 633 cum

350 670 449 723 ille
477 671 656 724 omnia
685 670 968 739 diligenter
991 669 1302 735 didicisset,
1344 670 1485 725 scire
1535 658 1874 740 possetnihil
1900 670 1947 724 ei

346 760 567 829 profore
594 760 679 814 vel
714 759 1205 829 primogeniluram,
1232 760 1317 815 vel
1339 762 1695 815 venationem.
1724 760 1813 814 54.
1842 759 1949 812 Au-

344 854 474 908 ditis
507 852 823 907 sermonibus
858 853 1035 922 patris,
1068 853 1210 907 Esau
1251 854 1485 907 clamavit
1529 869 1645 907 voce
1677 870 1866 924 magna
1905 862 1951 906 et

342 945 551 997 acerba.
592 943 730 1011 Quid
762 954 846 997 est
872 985 887 1011 ,
936 942 1063 997 Voce
1089 960 1272 1014 magna
1301 953 1348 998 et
1373 944 1592 998 acerba?
1626 944 1947 1014 Indignatio-

347 1052 478 1090 nem
525 1034 846 1106 signiﬁcavit
890 1050 985 1105 per
1024 1036 1266 1102 verbum,
1295 1043 1351 1090 et
1390 1036 1522 1090 iram
1566 1051 1812 1107 magnam
1846 1050 1948 1105 qua

345 1141 645 1181 succensus
670 1135 754 1180 est
792 1141 914 1181 cum
946 1126 1061 1180 tunc
1087 1126 1381 1181 didicisset.
1414 1122 1482 1180 Et
1508 1126 1666 1191 dixit,
1692 1125 1913 1179 Benedic
1934 1167 1949 1190 ,

346 1218 580 1283 obsecro,
605 1227 653 1271 et
679 1233 780 1284 me,
813 1226 974 1286 pater.
1012 1216 1103 1272 55.
1143 1215 1289 1271 Dixit
1313 1225 1481 1271 autem
1512 1217 1556 1271 ei
1578 1233 1597 1272 :
1622 1216 1810 1271 Frater
1834 1226 1951 1271 tuus

348 1310 487 1365 venit
514 1326 628 1363 cum
670 1310 809 1376 dolo,
843 1317 892 1363 et
932 1310 1121 1379 accepit
1160 1308 1550 1363 benedictionem
1580 1317 1739 1363 tuam.
1769 1307 1940 1375 Prior,

348 1398 545 1469 inquit,
584 1398 747 1454 frater
784 1407 904 1454 tuus
937 1399 1360 1454 benedictionem
1391 1414 1605 1455 onmem
1635 1398 1862 1454 ubertim
1891 1406 1945 1453 et

345 1490 570 1558 copiose
595 1490 845 1559 abripuit.
881 1489 950 1545 Et
970 1496 1027 1545 ut
1043 1483 1733 1560 sciassupernamgratiam
1756 1488 1824 1545 ad
1844 1488 1946 1544 hoc

349 1579 519 1633 fuisse
544 1589 920 1648 cooperatam,
966 1588 1025 1633 ut
1062 1579 1237 1648 justus
1274 1579 1630 1648 deciperetur,
1659 1578 1781 1634 vide
1810 1593 1948 1649 quo-

349 1668 518 1723 modo
545 1668 660 1738 ipse
688 1668 792 1723 hoc
817 1667 1045 1724 fateatur
1068 1668 1252 1725 dicens
1280 1686 1295 1723 :
1335 1668 1483 1724 Venit
1513 1670 1672 1739 frater
1692 1680 1809 1724 tuus
1833 1687 1948 1725 cum

350 1761 475 1816 dolo
500 1776 518 1814 :
541 1760 693 1830 quasi
722 1770 941 1817 excuset
968 1777 1029 1818 se
1055 1762 1196 1833 apud
1232 1761 1397 1818 ﬁlium
1420 1804 1437 1830 ,
1477 1772 1533 1819 et
1573 1763 1724 1819 illum
1760 1764 1949 1821 doceat

351 1852 561 1919 dicens,
604 1852 859 1922 Ignorans
885 1852 960 1907 illi
986 1852 1389 1910 benedictiones
1416 1852 1673 1925 impendi,
1698 1863 1755 1910 et
1789 1868 1947 1924 para-

352 1953 444 1999 tus
471 1959 621 2001 eram
663 1944 756 1999 tibi
793 1959 885 1999 eas
926 1945 1107 2016 largiri
1136 1963 1150 2000 :
1178 1946 1272 2001 sed
1298 1946 1389 2002 ille
1428 1944 1570 2002 Venit
1594 1963 1708 2001 cum
1738 1946 1877 2012 dolo,
1900 1956 1949 2001 et

351 2037 551 2105 accepit
580 2035 972 2097 benedictionem
993 2047 1168 2104 tuam;
1190 2053 1309 2108 quae
1328 2038 1423 2095 tibi
1450 2049 1745 2110 praeparata
1772 2049 1942 2105 erant,

354 2126 451 2182 ille
476 2126 749 2197 praeripuit
774 2145 787 2181 :
816 2142 923 2181 non
952 2127 1054 2183 hoc
1078 2144 1197 2184 mea
1222 2129 1376 2199 culpa
1406 2129 1603 2185 factum
1628 2138 1730 2185 est.
1758 2131 1846 2187 ⁵56.
1877 2129 1945 2185 Et

353 2221 511 2289 dixit,
538 2222 744 2292 inquit,
774 2220 918 2277 Esau
945 2238 964 2276 :
989 2222 1143 2277 Recte
1168 2232 1395 2276 vocatum
1417 2232 1489 2277 est
1518 2240 1700 2278 nomen
1724 2230 1832 2291 ejus
1855 2222 1951 2275 Ja-

354 2312 484 2378 cob;
505 2314 844 2382 supplantavit
872 2315 1003 2367 enim
1032 2330 1108 2367 me
1125 2315 1239 2383 jam
1265 2315 1482 2369 secundo
1506 2330 1525 2368 :
1549 2324 1596 2368 et
1618 2315 1950 2386 primogenita

356 2423 472 2459 mea
498 2407 714 2473 tulerat,
741 2416 784 2460 et
810 2424 941 2460 nunc
966 2408 1158 2475 accepit
1187 2407 1579 2461 benedictionem
1609 2424 1790 2461 meam.
1832 2406 1948 2461 Non

358 2498 417 2551 in
448 2514 663 2565 vanum,
688 2499 877 2567 inquit,
909 2514 1102 2553 nomen
1134 2498 1236 2554 hoc
1259 2498 1475 2554 sortitus
1503 2509 1582 2553 est
1610 2499 1950 2568 :supplanta-

358 2592 559 2645 tionem
578 2590 721 2646 enim
744 2592 1148 2661 interpretamur
1166 2608 1357 2646 nomen
1379 2592 1493 2661 ejus
1511 2590 1617 2663 (a):
1645 2591 1696 2646 id
1712 2590 1851 2660 quod
1866 2590 1949 2646 hic

358 2683 417 2736 in
442 2697 527 2736 me
547 2682 853 2747 declaravit,
879 2692 932 2737 et
956 2683 1370 2753 primogenitura
1394 2692 1448 2738 et
1466 2683 1837 2737 benedictione
1862 2697 1949 2737 me

362 2774 597 2842 privans.
637 2774 772 2839 Quid
806 2774 961 2843 igitur
981 2774 1047 2829 ad
1080 2774 1226 2828 Isaac
1254 2775 1396 2829 Esau
1422 2791 1434 2827 :
1466 2773 1589 2828 Non
1617 2775 1877 2828 reservasli
1903 2784 1949 2828 et

361 2865 491 2916 mihi
517 2864 924 2932 benedictionem,
950 2867 1126 2935 pater?
1151 2866 1239 2920 57.
1264 2866 1544 2934 Respondit
1579 2874 1745 2918 autem
1773 2863 1947 2928 Isaac,

361 2964 409 3008 et
437 2956 564 3008 dixit
591 2956 731 3009 Esau
757 2973 775 3010 :
803 2958 976 3021 Disce,
1006 2958 1194 3026 inquit,
1222 2957 1365 3027 quod
1401 2972 1588 3011 omnes
1622 2954 1950 3011 benedictio-

360 3061 462 3100 nes
494 3046 547 3101 in
577 3062 698 3102 eum
726 3046 908 3111 effudi,
938 3048 1064 3102 Cum
1102 3066 1215 3101 eum
1255 3048 1456 3118 fecerim
1496 3047 1757 3101 dominum
1784 3057 1945 3099 tuum.

363 3137 500 3191 Vide
520 3137 785 3208 quomodo
814 3140 990 3193 statim
1018 3141 1083 3193 ah
1116 3140 1215 3193 hoc
1244 3139 1535 3204 exorditur,
1563 3146 1617 3194 et
1647 3137 1778 3192 nihil
1805 3136 1949 3191 aliud

361 3230 413 3285 ei
441 3246 597 3300 qttam
626 3232 933 3286 servitutem
963 3231 1223 3300 signiﬁcat
1252 3241 1307 3285 et
1330 3230 1713 3300 subjectionem
1741 3247 1751 3281 :
1781 3244 1844 3284 ac
1870 3228 1951 3283 di-

362 3321 438 3375 cit
465 3339 477 3374 :
501 3321 561 3375 Si
585 3338 698 3373 eum
737 3323 834 3393 feci
873 3321 1132 3375 dominum
1168 3333 1325 3387 tumn,
1354 3331 1401 3375 et
1426 3338 1596 3376 omnes
1631 3326 1812 3392 fratres
1840 3321 1949 3390 ejus

360 3427 549 3477 servos,
573 3412 819 3479 frumento
857 3422 903 3465 et
936 3412 1049 3465 vino
1079 3413 1294 3466 stabilivi
1329 3429 1443 3465 eum
1468 3429 1485 3467 :
1511 3413 1600 3466 tibi
1636 3424 1802 3467 autem
1830 3412 1950 3482 quid

366 3503 573 3573 faciant,
597 3503 710 3571 ﬁli?
734 3502 873 3557 Nihil
901 3504 1040 3557 aliud
1068 3504 1203 3558 ultra
1230 3504 1471 3558 relictum
1492 3513 1575 3559 est
1598 3522 1611 3559 :
1633 3520 1754 3558 cum
1777 3502 1951 3558 domi-

364 3611 491 3649 num
519 3611 639 3651 eum
671 3596 881 3651 fecerim
911 3605 1079 3663 tuum,
1108 3609 1161 3651 et
1188 3613 1373 3652 omnes
1397 3596 1590 3653 fratres
1617 3597 1862 3664 famulos,
1896 3605 1951 3652 et

364 3702 543 3740 rerum
570 3702 986 3742 necessariarum
1016 3690 1308 3743 ubertatem
1339 3699 1585 3758 precatus
1605 3690 1653 3744 ei
1680 3691 1803 3758 sim,
1821 3690 1948 3760 quid

363 3779 668 3855 aliud‘ultra
697 3779 938 3833 relictum
967 3781 1086 3833 est?
1116 3781 1202 3835 58.
1227 3779 1368 3833 Dixit
1393 3790 1558 3834 autem
1596 3780 1735 3834 Esau
1762 3782 1830 3833 ad
1858 3799 1949 3850 pa-

363 3881 489 3924 trem
512 3889 658 3925 suum
682 3888 700 3925 :
722 3871 862 3925 Num
896 3873 1170 3926 benedictio
1197 3890 1299 3927 una
1332 3874 1419 3926 tibi
1446 3882 1539 3941 est,
1568 3874 1745 3942 pater?
1781 3873 1947 3927 Bene-

363 3964 464 4028 dic,
486 3963 707 4032 obsecro,
731 3973 775 4018 et
798 3981 895 4019 me.
919 3965 1180 4032 Quoniam
1203 3964 1400 4019 audivit
1420 3974 1621 4034 patrem
1641 3965 1905 4019 dicentem
1931 3983 1943 4018 :

362 4054 431 4109 Et
466 4056 694 4110 benedixi
727 4073 859 4123 eum,
888 4066 934 4111 et
972 4057 1257 4110 benedictus
1283 4057 1394 4123 erit,
1424 4066 1584 4126 atque
1619 4072 1833 4110 omnem
1872 4057 1947 4111 illi

361 4149 555 4203 deinde
582 4149 1005 4204 benedictionem
1036 4147 1389 4203 manifestavit
1421 4166 1435 4203 :
1469 4157 1594 4203 tunc
1629 4148 1816 4218 inquit,
1844 4148 1947 4203 Be-

362 4243 529 4310 nedic,
551 4243 827 4309 obsecro,et
842 4252 1098 4312 me,pater
1120 4258 1140 4297 :
1156 4259 1275 4295 num
1302 4258 1405 4295 una
1435 4241 1520 4294 tibi
1539 4241 1812 4296 benedictio
1834 4242 1947 4296 est?

358 4334 476 4389 Non
508 4344 657 4404 potes
683 4344 736 4389 et
759 4335 889 4389 mihi
923 4343 1067 4388 tuam
1096 4334 1518 4390 benedictionem
1548 4335 1823 4404 impartiri,
1856 4336 1945 4404 qui

360 4426 429 4478 ita
452 4440 482 4481 a
506 4434 558 4480 te
578 4427 790 4497 diligor,
818 4426 908 4495 qui
939 4426 1339 4495 primogenitus,
1364 4426 1453 4495 qui
1483 4441 1511 4479 a
1545 4436 1595 4480 te
1624 4427 1677 4479 in
1702 4428 1944 4481 venatio-

359 4530 483 4569 nem
527 4516 721 4572 missus
756 4518 913 4571 sum?
953 4517 1308 4572 Conturbavit
1345 4528 1549 4586 patrem
1574 4518 1769 4572 verbis.
1798 4518 1946 4573 Com-

359 4617 544 4675 puncto
568 4617 737 4663 autem
761 4607 932 4677 Isaac,
957 4610 1145 4679 inquit,
1163 4610 1396 4664 clamavit
1422 4625 1538 4663 voce
1565 4628 1747 4680 magna
1778 4610 1940 4677 Esau,

357 4714 404 4758 et
450 4704 606 4772 ﬂevit.
650 4703 794 4758 Vidit
840 4714 1041 4773 patrem
1081 4705 1303 4759 consilio
1344 4704 1653 4758 destitutum
1679 4746 1694 4772 ,
1744 4715 1797 4760 et
1836 4721 1943 4760 non

358 4809 535 4864 posse,
569 4810 742 4865 neque
781 4795 919 4850 velle
957 4810 1208 4850 revocare
1236 4812 1353 4865 qum
1381 4796 1516 4850 facta
1540 4806 1664 4851 sunt
1695 4814 1708 4849 :
1738 4805 1792 4851 et
1829 4797 1940 4851 cla-

357 4886 496 4939 mori
522 4887 681 4940 etiam
709 4885 905 4953 adjecit
935 4886 1230 4955 ploratum,
1260 4896 1317 4941 ut
1340 4886 1406 4940 ad
1433 4886 1687 4956 majorem
1717 4887 1939 4942 commi-

357 4978 679 5031 serationem
736 4988 941 5047 patrem
997 4976 1251 5031 ﬂecteret.
1307 4978 1551 5033 Miserius
1603 4979 1780 5048 itaque
1825 4979 1938 5049 ejus

356 5068 507 5123 Isaac
530 5068 662 5122 dixit
691 5070 739 5123 ei
774 5086 787 5122 :
816 5069 904 5124 59.
936 5069 1067 5122 Ecce
1096 5069 1158 5123 de
1186 5070 1488 5139 pinguedine
1511 5080 1655 5125 terra:
1682 5072 1773 5126 erit
1802 5073 1944 5126 habi-

357 5162 485 5215 tatio
518 5170 626 5228 tua,
661 5171 707 5215 et
745 5162 806 5215 de
844 5179 958 5215 rore
996 5162 1105 5216 σαειὶ
1141 5162 1373 5231 desuper,
1396 5162 1484 5217 40.
1510 5173 1555 5216 ει
1581 5168 1633 5217 in
1658 5164 1829 5233 gladio
1858 5175 1941 5219 tuo

355 5252 510 5319 vives,
542 5262 589 5305 e:
633 5252 780 5322 fratri
810 5262 894 5305 tuo
923 5252 1104 5306 servies
1136 5267 1154 5305 :
1181 5252 1271 5305 erit
1299 5262 1469 5305 autem
1494 5254 1697 5323 quando
1724 5254 1942 5321 depones

353 5352 404 5395 et
427 5342 652 5397 exsolves
670 5344 853 5413 jugum
879 5343 992 5412 ejus
1015 5359 1047 5395 a
1068 5344 1199 5396 collo
1226 5353 1330 5396 tuo.
1358 5342 1638 5409 Quoniam,
1671 5345 1857 5415 inquit,
1889 5354 1943 5399 et

359 5435 475 5503 ipse
504 5450 677 5489 meam
704 5434 1127 5490 benedictionem
1156 5435 1447 5498 desideras,
1488 5437 1632 5492 disce
1674 5454 1780 5492 non
1822 5452 1941 5493 esse

356 5525 611 5594 possibile
640 5535 700 5580 ut
724 5540 876 5596 agam
901 5542 1019 5597 qua:
1041 5527 1233 5582 divina:
1258 5528 1511 5582 voluntati
1537 5528 1760 5584 adversa
1785 5539 1937 5595 sunt;

355 5615 450 5670 sed
471 5624 526 5671 et
550 5615 643 5670 tibi
666 5617 881 5687 quidem
903 5632 1179 5689 apprecor,
1195 5628 1252 5674 ut
1273 5634 1393 5675 rore
1412 5620 1526 5675 οωιὶ
1551 5619 1743 5675 fruaris
1767 5638 1781 5674 :
1801 5621 1939 5676 scias

348 5756 349 5759 ‘
427 5729 504 5800 (α)
542 5734 659 5811 3P9
695 5736 820 5790 ειεεὸ
838 5742 1054 5811 Hebraeis
1072 5750 1149 5795 est
1165 5741 1327 5807 planta
1350 5741 1503 5807 pedis,
1528 5742 1635 5794 sive
1662 5744 1810 5795 etiam
1823 5757 1937 5809 sup-

353 5810 604 5876 ptmuaao,
615 5814 748 5867 unde
758 5812 934 5865 factum
949 5810 1103 5891 2pm.

1361 368 1423 423 [Ν
1462 369 1613 425 CAP.
1654 370 1866 427 XXVII.
1911 371 2153 428 GENES.
2198 373 2426 428 llOMIL.
2468 372 2599 428 Lllf.

3544 373 3646 426 4·ῗο

2056 496 2232 541 autem
2265 494 2316 541 te
2344 486 2625 542 militarem
2653 486 2813 541 vitam
2841 494 3081 541 acturum
3114 499 3234 542 esse
3261 503 3273 540 :
3299 502 3419 540 nam
3451 484 3513 540 In
3533 488 3645 558 glu-

2055 577 2138 630 dio
2166 586 2250 631 tuo
2272 578 2419 642 vives,
2443 588 2489 631 et
2511 577 2662 648 fratri
2685 586 2771 631 tuo
2794 578 2993 631 servies.

2124 669 2178 722 5.
2218 667 2484 724 Caeterum
2526 668 2701 724 nullus
2742 668 2856 722 haec
2900 668 3120 722 audiens
3165 670 3406 734 miretur,
3453 667 3641 723 videns

2056 769 2177 829 post
2205 760 2321 814 haec
2350 760 2565 815 fratrem
2600 760 2714 830 ejus
2740 770 3017 829 vagantem
3048 761 3117 815 ob
3144 760 3286 815 illius
3313 769 3511 814 metum
3539 802 3554 826 ,
3585 771 3640 814 et

2052 853 2106 907 in
2138 862 2334 907 terram
2360 853 2589 907 alienam
2618 853 3027 906 contendentem
3056 870 3068 904 :
3102 867 3273 921 neque
3298 851 3446 906 initia
3471 860 3645 906 atten-

2052 943 2205 1008 dens,
2228 942 2818 998 existimetvaticinium
2837 943 3107 998 excidere.
3138 942 3269 996 Nam
3296 942 3510 1013 quando
3540 942 3644 996 Do-

2030 1034 2230 1088 'minus
2258 1033 2459 1103 aliquid
2488 1034 2764 1103 pollicetur
2784 1074 2798 1098 ,
2827 1034 2929 1088 etsi
2956 1034 3221 1087 contraria
3249 1034 3313 1087 iis
3341 1050 3459 1103 quae
3488 1033 3643 1102 polli-

2052 1134 2201 1179 cetur
2226 1124 2498 1179 videamus
2533 1124 2585 1177 in
2616 1124 2877 1193 principio
2906 1125 3119 1179 evenire
3139 1165 3153 1189 ,
3184 1140 3287 1179 non
3322 1126 3591 1179 turbcmur
3627 1143 3639 1177 :

2051 1230 2224 1285 neque
2255 1216 2397 1271 enim
2431 1216 2681 1285 possibile
2709 1223 2793 1270 est
2821 1226 2878 1270 ut
2905 1216 2971 1269 ad
2996 1216 3154 1270 ﬁnem
3180 1231 3346 1285 usque
3375 1216 3638 1286 promissa

2052 1307 2321 1362 excidant.
2357 1306 2469 1361 Hoc
2493 1316 2672 1361 autem
2703 1307 2791 1373 ﬁt,
2825 1316 2880 1361 ut
2908 1306 3182 1398 duntjusti
3211 1321 3305 1376 per
3332 1307 3508 1360 omnia
3535 1305 3641 1359 ful-

2051 1399 2282 1469 gidiores
2306 1398 2631 1462 redduntur,
2657 1398 3034 1454 abundantiam
3056 1398 3266 1452 virtutis
3294 1398 3383 1452 Dei
3412 1398 3635 1451 manife-

2053 1500 2189 1545 stam
2209 1491 2361 1545 nobis
2382 1492 2625 1547 omnibus
2642 1491 2854 1545 faciant.
2882 1490 2950 1543 Et
2972 1491 3356 1558 inunoquoque
3372 1489 3635 1558 iustorum

2053 1580 2158 1636 hoc
2188 1582 2459 1645 invenies,
2486 1583 2533 1637 si
2560 1581 2789 1637 volueris
2821 1580 3072 1655 historias
3096 1580 3330 1650 singulas
3358 1580 3643 1649 diligenter

2048 1674 2495 1740 animadvertere,
2525 1673 2669 1744 quod
2714 1688 2843 1727 sane
2882 1687 3024 1727 nunc
3065 1686 3275 1742 quoque
3310 1672 3505 1724 factum
3533 1677 3636 1725 est.

2051 1765 2130 1821 Ne
2158 1765 2259 1821 hoc
2278 1765 2542 1831 attendas,
2565 1764 2709 1835 quod
2740 1780 2879 1819 nunc
2899 1764 3074 1818 statim
3108 1764 3362 1833 profugus
3391 1763 3498 1828 sit,
3543 1764 3637 1817 sed

2049 1858 2222 1929 cogita
2269 1859 2494 1929 gloriam
2530 1873 2650 1929 quae
2679 1857 2901 1928 posthac
2934 1866 3217 1927 sequetur;
3270 1866 3327 1910 ut
3372 1856 3641 1925 quomodo

2026 1950 2307 2020 'temporis
2350 1964 2600 2020 processu
2648 1950 2734 2004 hic
2774 1950 2889 2019 ipse
2933 1951 3013 2003 sic
3053 1947 3306 2003 terribilis
3342 1947 3415 2001 illi
3450 1948 3639 2011 factus,

2050 2050 2254 2096 tantam
2296 2056 2419 2112 erga
2464 2056 2586 2096 eum
2626 2040 2859 2095 declaret
2902 2038 3261 2093 reverentiam
3310 2055 3323 2091 :
3371 2036 3642 2107 quomodo

2051 2136 2179 2190 item
2201 2134 2253 2188 in
2281 2143 2481 2187 tantam
2503 2132 2705 2187 venerit
2733 2132 2955 2203 gloriam
2980 2138 3100 2201 post
3125 2144 3406 2194 (erumnas,
3430 2143 3561 2197 quas
3585 2128 3637 2180 in

2052 2238 2192 2283 terra
2223 2226 2391 2281 aliena
2415 2226 2555 2292 tulit,
2584 2234 2643 2280 ut
2671 2225 2759 2296 qui
2786 2240 2849 2279 ex
2878 2224 2993 2292 ipso
3022 2223 3130 2276 nati
3156 2230 3300 2287 sunt,
3325 2221 3377 2275 in
3410 2221 3638 2275 innuen-

2052 2336 2167 2374 sam
2192 2317 2584 2373 multitudinem
2626 2325 2986 2387 propagentur
3009 2354 3024 2380 ,
3057 2322 3111 2368 et
3139 2313 3255 2383 ejus
3284 2312 3498 2366 nomine
3528 2320 3636 2365 tota

2050 2426 2183 2482 gens
2209 2408 2611 2480 cognominatur
2630 2416 2684 2463 et
2704 2407 3035 2477 insigniatur.
3066 2404 3216 2459 Nunc
3241 2414 3418 2459 autem
3443 2404 3639 2457 docens

2052 2518 2149 2557 nos
2187 2502 2365 2556 divina
2405 2501 2677 2570 Scriptura
2726 2500 2903 2554 fratris
2937 2498 3385 2568 indignationem,
3430 2511 3533 2566 qua
3572 2496 3647 2549 ad

2051 2595 2395 2650 homicidium
2430 2595 2731 2663 spectabat,
2766 2593 2937 2662 inquit
2971 2610 2982 2645 :
3014 2594 3102 2647 41.
3132 2590 3201 2643 Et
3221 2591 3338 2644 odio
3359 2590 3498 2661 gravi
3520 2604 3641 2659 pro-

2024 2688 2348 2758 sequebatur
2383 2687 2525 2740 Esau
2565 2686 2726 2740 Jacob
2762 2695 2964 2755 prapter
2992 2684 3404 2747 benedictionem,
3429 2700 3527 2753 qua
3552 2700 3639 2735 oe-

2051 2783 2312 2837 nedixerat
2352 2797 2465 2834 eum
2502 2790 2642 2849 pater
2683 2796 2824 2832 suus.
2868 2780 2933 2832 Et
2975 2787 3032 2832 ut
3073 2778 3303 2832 sciamus
3334 2791 3437 2830 non
3479 2776 3639 2830 fuisse

2030 2873 2347 2943 ‘simplieem
2378 2870 2709 2926 subitaneam
2746 2869 2878 2923 iram
2898 2910 2911 2933 ,
2942 2884 3038 2938 per
3066 2867 3354 2922 dictionem
3386 2867 3538 2921 nobis
3561 2866 3639 2919 si-

2050 2964 2320 3035 gniﬁcavit
2342 2962 2559 3017 malitim
2585 2960 2700 3031 ejus
2727 2974 3025 3015 excessum.
3057 2957 3211 3013 Gravi
3231 2959 3347 3012 odio
3378 2974 3639 3027 proseque-

2051 3056 2219 3121 batur,
2249 3054 2377 3108 dicit
2406 3070 2420 3106 :
2448 3051 2549 3106 hoc
2569 3060 2669 3117 est,
2699 3050 2927 3104 instabat
2949 3057 3004 3104 et
3031 3048 3407 3118 perseverabat
3431 3046 3633 3110 odium,

2054 3150 2123 3203 ita
2155 3156 2209 3203 ut
2238 3154 2294 3202 et
2319 3152 2553 3200 mentem
2578 3148 2629 3197 in
2659 3142 2920 3213 profundo
2960 3142 3212 3196 latentem
3248 3156 3344 3211 per
3366 3140 3524 3195 verba
3566 3139 3639 3193 sis

2050 3240 2347 3311 gniﬁcaret.
2378 3237 2523 3292 Dixit
2543 3237 2677 3292 enim
2704 3237 2757 3289 in
2782 3236 2931 3289 corde
2949 3251 3039 3289 suo
3063 3250 3080 3288 :
3100 3234 3511 3305 Appropinquent
3531 3232 3637 3285 dies

2054 3334 2218 3386 luctus
2262 3331 2419 3401 patris
2460 3330 2583 3395 mei,
2623 3337 2678 3381 ut
2723 3328 2950 3381 occidam
2994 3325 3153 3379 Jacob
3197 3327 3404 3395 fratrem
3450 3339 3634 3376 meum.

2051 3422 2189 3478 Vere
2214 3422 2431 3477 omnino
2461 3421 2506 3475 is
2539 3419 2628 3489 qui
2663 3418 2907 3473 irascitur
2949 3432 3054 3471 non
3100 3415 3275 3470 minus
3301 3430 3459 3485 quam
3488 3415 3521 3467 ii
3546 3414 3637 3483 qui

2053 3514 2238 3570 furiosi
2262 3522 2406 3578 sunt,
2425 3512 2638 3566 insanit.
2668 3509 2955 3566 Considera
2978 3508 3121 3562 enim
3140 3506 3407 3577 quomodo
3427 3506 3635 3559 daunon

2053 3608 2145 3662 ille
2189 3606 2327 3662 sicut
2368 3605 2691 3658 insanientes
2735 3601 3141 3670 subingressus,
3183 3607 3360 3652 mente
3401 3597 3639 3651 destituit

2052 3715 2185 3769 quos
2209 3698 2463 3765 corripit,
2491 3706 2547 3750 et
2571 3694 2759 3749 suadet
2784 3702 2841 3747 ut
2868 3694 3023 3761 plane
3056 3690 3322 3745 contraria
3353 3687 3546 3742 faciant
3572 3688 3638 3740 iis

2051 3806 2170 3860 qua:
2207 3788 2374 3843 oculis
2419 3786 2684 3841 videntur.
2730 3784 2911 3852 Neque
2955 3783 3094 3836 enim
3141 3788 3283 3836 recte
3308 3779 3489 3833 vident
3525 3779 3633 3840 illi,

2053 3895 2227 3949 neque
2275 3876 2416 3931 aliud
2460 3875 2707 3945 quiddam
2756 3872 3004 3927 faciunt:
3041 3871 3133 3926 sed
3177 3870 3329 3940 quasi
3373 3868 3636 3924 hebetatis

2051 3974 2315 4038 sensibus,
2357 3980 2412 4026 et
2451 3969 2722 4040 iudicandi
2756 3968 2806 4023 vi
2847 3968 3062 4031 amissa,
3105 3966 3305 4021 faciunt
3331 3964 3526 4019 omnia.
3562 3962 3635 4016 Ita

2051 4082 2179 4122 sane
2205 4076 2260 4121 et
2278 4064 2369 4136 qui
2397 4064 2718 4130 irascuntur,
2738 4077 2843 4117 non
2872 4068 3164 4131 agnoscunt
3192 4068 3503 4130 praesentes,
3529 4073 3642 4112 non

2051 4175 2320 4216 memores
2356 4165 2481 4213 sunt
2517 4155 2869 4226 cognationis,
2895 4170 2999 4208 non
3030 4153 3336 4217 amicitiam,
3369 4167 3476 4205 non
3503 4166 3633 4205 con-

2051 4251 2406 4315 suetudinem,
2430 4263 2537 4303 non
2564 4248 2894 4318 dignitatem,
2916 4260 3087 4313 neque
3112 4243 3396 4314 quidquam
3419 4243 3560 4296 aliud
3576 4244 3633 4295 in

2050 4353 2282 4399 mentem
2308 4340 2622 4405 admittunt,
2651 4337 2746 4393 sed
2775 4337 2865 4391 ira:
2891 4337 2939 4390 vi
2968 4336 3158 4407 pressi,
3188 4336 3242 4389 in
3273 4350 3508 4403 prmeeps
3535 4335 3635 4388 ηιξ·-

2049 4433 2343 4490 serabiliter
2368 4432 2626 4486 feruntur.
2675 4427 2811 4497 Quid
2841 4428 3000 4497 igitur
3028 4428 3132 4481 illis
3160 4426 3407 4481 miserius
3436 4426 3632 4486 fuerit,

2050 4527 2261 4593 quando
2300 4524 2428 4579 victi
2471 4532 2525 4578 et
2566 4523 2705 4590 capti
2746 4521 2813 4574 ab
2851 4519 3161 4587 aegritudine
3188 4519 3346 4571 animi
3378 4517 3632 4571 etiamad

2051 4616 2394 4671 homicidium
2422 4613 2711 4669 festinant?
2740 4611 3027 4679 PrOpterea
3056 4610 3242 4663 beatus
3268 4608 3463 4662 Paulus
3491 4606 3632 4661 radi-

2048 4724 2163 4762 cem
2191 4706 2347 4775 hujus
2372 4704 2497 4759 mali
2528 4704 2709 4758 volens
2729 4702 3025 4770 exstirpare
3046 4741 3061 4765 ,
3093 4699 3360 4763 admonet,
3393 4698 3469 4751 sic
3492 4697 3629 4751 seri—

2050 4799 2218 4853 bens:
2251 4797 2429 4851 Omnis
2456 4797 2536 4849 ira
2568 4805 2615 4848 et
2644 4794 2927 4864 indignatio
2948 4833 2963 4860 ,
3004 4801 3051 4845 et
3092 4791 3284 4844 clamor
3318 4789 3631 4859 auferatura

2048 4889 2182 4944 vobis
2205 4903 2318 4941 cum
2346 4886 2480 4941 omni
2508 4885 2701 4939 malitia
2727 4871 2941 4955 (Ep/tes.
2965 4882 3017 4936 4.
3048 4882 3158 4952 51).
3188 4880 3304 4934 Non
3330 4879 3524 4943 solum,
3550 4879 3630 4931 in-

2046 4980 2181 5049 quit,
2211 4979 2334 5033 nolo
2363 4992 2459 5032 vos
2493 4990 2810 5031 succensere
2853 4982 2909 5028 et
2946 4972 3224 5042 indignari,
3254 4980 3308 5026 et
3333 4969 3512 5034 irasci,
3535 4969 3630 5023 sed

2047 5085 2219 5139 neque
2237 5084 2357 5124 cum
2380 5068 2613 5123 clamore
2642 5066 2894 5136 proximis
2917 5065 3058 5134 loqui
3088 5080 3100 5116 :
3125 5063 3413 5118 clamorem
3440 5060 3525 5113 hic
3544 5059 3628 5113 di-

2046 5178 2173 5218 cens
2194 5202 2209 5228 ,
2245 5160 2335 5230 qui
2365 5159 2432 5213 ab
2472 5159 2547 5213 ira
2591 5158 2845 5212 nascitur.
2873 5154 3096 5223 Quando
3121 5154 3263 5209 enim
3292 5151 3511 5206 morbus
3542 5151 3629 5205 hic

2047 5255 2366 5309 intrinsecus
2405 5251 2663 5304 excitatur
2706 5258 2759 5303 et
2803 5262 2894 5302 cor
2936 5254 3131 5311 tumet,
3162 5259 3266 5299 non
3286 5244 3395 5313 jam
3422 5243 3549 5298 sinit
3574 5252 3635 5297 ut

2047 5348 2223 5416 lingua
2264 5343 2466 5414 placide
2510 5343 2784 5411 loquatur;
2832 5339 2925 5395 sed
2961 5338 3296 5393 affectionem
3325 5336 3503 5390 cordis
3531 5334 3629 5389 de-

2048 5444 2351 5489 monstrans
2371 5473 2386 5499 ,
2418 5433 2578 5487 efficit
2601 5442 2658 5486 ut
2686 5431 2920 5485 clamose
2945 5443 3065 5481 cum
3090 5427 3335 5496 proximo
3358 5426 3627 5494 loquatur.

2048 5528 2244 5582 Volens
2274 5527 2430 5596 igitur
2455 5525 2639 5580 beatus
2671 5522 2757 5576 ille
2785 5521 2881 5575 sibi
2912 5520 3340 5588 obtemperantes
3365 5517 3416 5571 in
3447 5530 3630 5585 perpe-

2048 5627 2136 5673 tua
2157 5618 2355 5672 versari
2378 5615 2772 5685 tranquillitate,
2802 5612 2933 5666 dixit
2960 5630 2971 5665 :
3010 5611 3186 5664 Omnis
3210 5609 3290 5664 ira
3322 5610 3445 5679 (hoc
3468 5618 3570 5672 est,
3596 5621 3627 5661 a

2047 5711 2414 5780 qualicumque
2458 5722 2618 5765 causa
2659 5705 2976 5774 moveatur),
3004 5715 3049 5759 et
3072 5704 3246 5759 omnis
3272 5704 3551 5774 indignatio
3580 5710 3627 5755 et

2048 5804 2219 5862 omnis
2256 5803 2446 5860 clamor
2490 5802 2696 5860 tollatur
2728 5817 2759 5855 a
2788 5797 2921 5856 vobis
2948 5797 3179 5855 :deinde
3204 5796 3441 5853 radicem
3465 5794 3625 5863 hujus
