4084 6356
486 335 586 390 871

484 449 607 503 mali
651 447 833 503 volens
880 446 1170 512 arefacere,
1220 459 1275 504 et
1317 448 1557 502 inutilem
1605 445 1854 508 reddere,
1897 443 2073 499 dicit:

488 541 618 595 Cum
645 541 782 595 omni
815 541 1026 594 malitia.
1066 539 1202 596 Nam
1242 541 1332 611 qui
1377 540 1457 596 sic
1498 539 1748 605 afficitur,
1777 553 1991 607 semper
2020 536 2075 590 in

485 645 642 706 portu
672 635 822 688 sedet
841 649 872 688 a
895 635 1120 689 terrenis
1141 633 1387 689 fluctibus
1410 631 1578 698 liber;
1602 640 1662 688 et
1679 647 1852 702 neque
1873 641 2077 702 tempe-

488 735 681 780 statem
707 727 877 792 timet,
905 740 1079 796 neque
1103 725 1472 797 naufragium;
1515 724 1610 781 sed
1649 723 1798 795 quasi
1840 724 1895 779 in
1926 731 2075 778 tran-

485 817 749 887 quillitate
794 818 1047 888 navigans
1069 859 1083 884 ,
1115 818 1200 874 vel
1226 818 1278 872 in
1309 816 1518 889 placido
1545 825 1702 892 portu
1737 816 1962 882 sedens,
2000 816 2075 871 ita

488 917 805 975 praesentem
828 909 991 963 vitam
1017 908 1198 976 trahit,
1225 924 1331 966 non
1358 909 1531 966 solum
1572 907 1640 966 ab
1677 907 1823 964 omni
1861 917 2075 978 pertur-

485 999 704 1055 batione
731 1000 889 1066 liber,
912 1001 1007 1055 sed
1030 1009 1085 1056 et
1111 1001 1485 1056 immortalium
1515 1008 1570 1056 et
1604 1001 1948 1057 ineffabilium
1978 999 2073 1056 bo-

486 1106 676 1145 norum
703 1090 906 1146 fructus
941 1092 1041 1146 sibi
1086 1108 1181 1162 per
1217 1093 1396 1148 omnia
1423 1093 1713 1150 concilians
1745 1111 1758 1147 :
1791 1093 1880 1165 qui
1921 1093 2075 1158 nobis

486 1183 735 1238 omnibus
761 1184 1125 1240 concedantur
1146 1227 1160 1250 ,
1187 1188 1356 1255 gratia
1382 1196 1437 1241 et
1469 1187 1834 1242 misericordia
1865 1186 2074 1242 Domini

485 1275 655 1329 nostri
697 1275 824 1330 Jesu
862 1277 1078 1344 Christi,
1110 1278 1323 1348 quicum
1351 1278 1515 1347 Patri,
1548 1288 1603 1336 et
1637 1287 1824 1336 sancto
1853 1279 2075 1349 Spiritui

485 1367 554 1420 sit
578 1367 780 1437 gloria,
825 1368 1031 1435 honor,
1073 1370 1385 1440 imperium,
1427 1387 1568 1428 nunc
1596 1381 1650 1429 et
1678 1387 1911 1443 semper,
1941 1372 2074 1428 etin

485 1460 682 1516 secula
711 1461 1048 1516 saeculorum.
1076 1466 1268 1519 Amen.

1054 1595 1333 1651 HOMILIA
1372 1597 1506 1654 LIV.

628 1705 854 1761 Rebecca
881 1718 1048 1763 autem
1074 1721 1247 1765 vocato
1275 1713 1386 1782 filio
1405 1729 1495 1767 suo
1509 1714 1716 1784 juniore
1738 1715 1865 1770 dixit
1885 1717 1930 1770 ei

1071 1801 1222 1874 (Gen.
1246 1803 1337 1858 a7.
1371 1804 1488 1876 42).

557 1908 609 1962 Ι.
638 1909 829 1964 Gratia:
850 1911 1033 1967 divina:
1055 1915 1322 1970 auxilium.
1359 1916 1676 1973 Conscientia
1695 1921 1944 1991 suﬁciens
1963 1938 2073 1975 ma-

481 2000 951 2069 giam—Vidistis
972 2003 1083 2059 heri
1107 2006 1372 2076 publicani
1395 2009 1533 2065 bene
1553 2011 1797 2067 affectum
1811 2014 2068 2082 animum,

484 2099 538 2145 ct
560 2089 766 2146 Domini
792 2092 1108 2151 ineffabilem
1123 2098 1564 2168 miscricordiam,
1582 2111 1636 2158 et
1649 2103 1951 2160 Judzeorum
1968 2115 2074 2160 stu-

482 2180 760 2252 piditatem
783 2184 1095 2242 immensam
1120 2189 1193 2260 (a)
1211 2191 1234 2244 ?
1259 2190 1473 2248 Vidistis
1493 2196 1760 2264 quomodo
1773 2211 1958 2254 omnes
1972 2214 2071 2254 nos

481 2275 738 2330 erudierit
766 2277 948 2333 beatus
970 2280 1267 2349 Matthteus,
1287 2284 1466 2342 statim
1489 2289 1766 2356 obediens,
1790 2300 1845 2347 et
1867 2303 2068 2348 tantam

484 2380 690 2422 morum
717 2370 1066 2426 mutationem
1091 2388 1202 2442 pra:
1227 2391 1287 2432 se
1317 2377 1494 2435 ferens
1523 2396 1537 2436 :
1565 2382 1689 2452 quia
1718 2383 1771 2442 in
1798 2385 2069 2440 voluntate

485 2470 690 2528 nostra,
720 2471 840 2530 post
866 2480 1150 2534 supernam
1171 2472 1418 2541 gratiam,
1447 2474 1562 2530 sita:
1586 2486 1710 2531 sunt
1735 2488 1789 2533 et
1813 2479 2066 2548 virtutes,

485 2560 540 2606 et
569 2554 695 2609 vitia
721 2573 733 2608 :
766 2563 822 2610 et
847 2559 968 2628 quia
995 2561 1175 2616 studio
1202 2574 1386 2620 nostro
1411 2582 1693 2636 possumus
1714 2572 1829 2626 fieri
1861 2573 2069 2628 virtuti-

480 2644 583 2702 ints
610 2650 912 2718 conSpicui;
943 2661 996 2707 et
1022 2665 1208 2711 contra
1233 2657 1446 2715 desides
1471 2660 1618 2728 facti,
1639 2664 1689 2718 in
1712 2668 1912 2734 peccati
1938 2683 2069 2736 pra:-

479 2736 716 2805 cipitium
743 2740 976 2796 deferri?
1017 2744 1128 2800 Hoc
1166 2748 1309 2803 enim
1346 2761 1427 2806 est
1459 2769 1564 2823 quo
1589 2770 1618 2810 a
1651 2756 1820 2811 brutis
1858 2758 2064 2822 differi-

475 2848 615 2901 mus,
641 2835 759 2905 quia
792 2840 996 2894 ratione
1017 2841 1246 2913 insigniti
1277 2860 1460 2902 sumus
1479 2863 1507 2901 a
1529 2848 1759 2920 benigno
1787 2852 1916 2918 Deo,
1936 2861 1990 2908 et
2011 2853 2064 2908 in

482 2937 667 2982 natura
696 2943 878 2987 nostra
907 2934 1064 2989 insita
1103 2947 1185 2992 est
1217 2938 1440 2995 scientia
1471 2942 1594 2998 boni
1620 2954 1674 2999 et
1701 2946 1848 3000 mali.
1879 2945 2064 3002 Nullus

475 3036 604 3090 ergo
628 3034 913 3092 praetexat,
953 3042 1014 3082 se
1056 3043 1126 3083 ex
1167 3030 1462 3101 ignorantia
1493 3037 1740 3092 virtutem
1771 3040 2059 3111 negligere,

475 3113 560 3166 vel
585 3115 707 3183 quia
739 3117 942 3172 nullum
971 3117 1164 3175 habeat
1194 3123 1289 3178 via:
1319 3123 1508 3180 ducem
1537 3136 1590 3182 ct
1611 3141 2061 3190 commonstrato-

475 3218 609 3258 rem.
631 3205 993 3263 Sufficientem
1014 3216 1158 3266 enim
1178 3215 1489 3285 magistrum
1510 3217 1766 3276 habemus
1786 3225 2062 3280 conscien-

474 3294 624 3358 tiam,
647 3305 702 3350 et
730 3296 842 3352 fieri
870 3315 976 3355 non
996 3312 1191 3370 potest,
1216 3313 1273 3362 ut
1297 3309 1417 3377 quis
1443 3309 1532 3364 illo
1555 3311 1863 3381 adjumento
1885 3317 2060 3385 prive-

475 3393 582 3438 tur.
612 3385 743 3441 Nam
775 3390 934 3445 simul
959 3408 1080 3448 cum
1105 3394 1422 3454 formatione
1448 3399 1676 3457 hominis
1698 3405 1852 3460 insita
1880 3416 1959 3462 est
1982 3409 2060 3464 illi

469 3477 694 3533 scientia
715 3479 1100 3554 faciendorum,
1121 3497 1179 3542 ut
1198 3499 1402 3547 rectum
1428 3509 1583 3548 suum
1612 3496 1848 3552 animum
1876 3500 2057 3562 decla-

470 3583 597 3625 rans
625 3571 676 3625 in
703 3576 950 3642 praesenti
974 3578 1100 3646 vita,
1118 3582 1270 3650 quasi
1298 3582 1351 3638 in
1379 3585 1624 3654 palaestra
1649 3589 1874 3657 quadam
1905 3607 2059 3650 excr-

475 3663 669 3718 citatus
710 3665 776 3720 ad
817 3668 1068 3725 virtutum
1129 3671 1339 3730 labores
1366 3715 1383 3742 ,
1424 3678 1704 3747 probitatis
1741 3682 2057 3755 virtutisque

468 3757 686 3824 praemia
717 3770 989 3828 reportet,
1033 3774 1087 3820 et
1124 3766 1272 3822 brevi
1312 3780 1550 3842 tempore
1577 3775 1630 3828 in
1660 3775 1930 3834 laboribus
1955 3781 2055 3836 dc-

465 3862 643 3914 curso,
668 3865 950 3924 perpetuas
971 3872 1196 3917 coronas
1224 3874 1511 3934 mereatur,
1532 3871 1764 3940 atquein
1789 3873 1932 3928 fluxo
1953 3873 2056 3931 hoc

463 3944 662 3999 sreculo
681 3947 932 4005 virtutem
953 3955 1312 4025 amplexatus,
1339 3961 1555 4017 teternis
1582 3963 1739 4020 bouis
1765 3966 1818 4021 in
1846 3967 2054 4025 infinita

466 4035 660 4088 saecula
687 4036 909 4095 fruatur.
954 4040 1008 4096 ld
1037 4058 1166 4102 sane
1193 4048 1446 4117 scientes,
1475 4051 1683 4120 fratres,
1714 4068 1952 4115 nostram
1983 4078 2054 4118 ne

462 4125 751 4193 perdamus
773 4133 1133 4204 nobilitatem,
1168 4154 1236 4194 ne
1263 4141 1431 4198 simus
1464 4154 1583 4214 post
1609 4156 1809 4205 tantam
1848 4151 2051 4207 benefi-

462 4218 694 4274 centiam
741 4221 953 4293 ingrati,
996 4243 1062 4282 ne
1102 4241 1370 4288 sectemur
1416 4237 1732 4307 voluptates,
1783 4259 1904 4312 qua:
1944 4255 2049 4301 tam

464 4307 615 4364 brevi
649 4321 889 4382 tempore
914 4318 1133 4387 durant,
1168 4338 1479 4394 perpetuum
1510 4330 1749 4387 dolorem
1780 4307 1934 4392 nobis
1957 4353 2049 4393 ac-

461 4410 732 4457 cersentes
764 4422 776 4458 :
809 4406 904 4462 sed
951 4418 1076 4466 ante
1121 4427 1220 4467 nos
1267 4430 1480 4486 semper
1525 4419 1792 4480 intuentes
1837 4429 2046 4483 oculum

460 4489 609 4552 illum
634 4493 726 4562 qui
753 4511 1041 4568 numquam
1067 4504 1304 4572 sepitur,
1335 4509 1422 4578 qui
1448 4519 1503 4564 et
1529 4511 1842 4572 abscondita
1871 4521 2048 4576 cordis

461 4590 630 4655 novit,
662 4607 748 4647 res
772 4606 984 4652 nostras
1013 4599 1082 4652 ita
1113 4601 1453 4660 instituamus
1490 4617 1544 4663 ct
1581 4613 1953 4679 moderemur,
1994 4627 2048 4672 et

458 4682 651 4736 muniti
674 4684 840 4741 armis
858 4685 1086 4757 Spiritus
1109 4692 1246 4750 bene
1270 4697 1515 4754 affectum
1538 4703 1774 4760 animum
1794 4707 2047 4762 exhibea-

458 4787 600 4841 mus,
630 4786 688 4830 ut
713 4792 947 4848 superno
978 4782 1211 4842 fruentes
1242 4790 1473 4859 auxilio,
1506 4792 1715 4850 devicto
1753 4797 1910 4854 hoste
1952 4802 2045 4855 illo

454 4874 509 4918 et
534 4867 844 4926 adversario
881 4884 1099 4944 nostro,
1131 4878 1352 4950 ejusque
1380 4885 1820 4945 machinamentis
1844 4891 2045 4948 inutili-

455 4957 556 5053 bus
597 4961 836 5053 redditis,
870 4967 1026 5025 bonis
1066 4972 1170 5026 illis
1209 4973 1312 5029 frui
1342 4977 1630 5046 valeamus,
1659 4996 1778 5051 qua:
1799 4986 2044 5053 promisit

456 5045 714 5140 Dominus
753 5053 1096 5125 diligentibus
1121 5076 1199 5117 se.
1235 5063 1312 5119 Ne
1337 5081 1465 5138 ergo
1492 5071 1612 5140 quis
1636 5045 1844 5140 spectet
1866 5074 1934 5131 ad
1961 5077 2037 5130 fa-

453 5138 638 5197 borem
678 5145 970 5217 virtutum,
1005 5154 1099 5208 sed
1140 5155 1344 5211 lucrum
1386 5138 1525 5215 inde
1553 5138 1760 5233 partum
1800 5168 2042 5237 cogitans

451 5244 695 5303 prompte
725 5238 935 5296 labores
963 5246 1237 5315 suscipiat.
1262 5249 1394 5305 Nam
1436 5254 1480 5306 si
1521 5255 1556 5308 ii
1594 5258 1682 5326 qui
1725 5257 1776 5313 in
1812 5265 2040 5318 terrenis

453 5335 734 5383 versantur
763 5335 1008 5403 negotiis,
1038 5347 1091 5392 et
1117 5339 1184 5394 ad
1211 5341 1540 5412 colligendas
1568 5363 1698 5417 opes
1729 5350 1996 5408 insaniunt
2021 5398 2035 5420 ,

511 5524 589 5618 9:2
617 5529 1368 5618 'l‘f.?3.',‘l'1'.‘ff}1°i€'!}3‘2.?399““9
1413 5545 1583 5618 unde
1608 5550 1862 5618 publicano

447 5591 1497 5676 teniuaxndeiu‘d‘moruinstal'»iditate,neque
1507 5591 2037 5676 iiidng'iﬁiié'iéii’i};

448 5655 899 5732 fatigne‘agebatur
923 5671 934 5706 :
961 5671 1022 5732 an
1048 5655 1166 5712 vero
1189 5655 2032 5732 haechoniiliaﬂe—XVEdit-arimi

446 5712 837 5796 είῖξίιιλιρίιαυιη
863 5720 1121 5781 exprome
1146 5712 2031 5796 mtus‘.'asas;z.:.:er;;':a$:

445 5781 932 5832 rumntnuncrolesse.

1195 335 1252 391 S.
1295 332 1576 390 JOANNIS
1613 325 2094 388 CHRYSOSTODII
2140 326 2456 387 ARCHIEP.
2493 330 3029 392 CONSTANTINOP.

3650 344 3756 399 4η

2179 447 2356 501 omnia
2389 458 2631 518 prompte
2669 450 2966 518 suscipiunt
2995 449 3263 518 facienda;
3295 460 3348 506 ct
3377 455 3608 524 pericula
3640 473 3756 511 ma-

2179 537 2271 600 ris,
2296 538 2590 609 naufragia,
2624 540 2912 609 piratarum
2956 539 3176 596 insidias
3216 541 3604 613 prospicientes
3645 563 3755 601 non

2179 629 2510 700 franguntur,
2534 646 2633 686 nec
2660 632 2936 701 segniores
2964 635 3372 702 liunt,quamvis
3393 637 3461 690 de
3487 638 3590 691 fine
3619 639 3756 692 nihil

2177 724 2307 776 certi
2341 722 2607 778 habeant:
2631 727 2841 794 qualem
2873 739 2972 778 nos
3001 725 3231 780 habituri
3261 741 3446 782 sumus
3476 729 3759 784 defensio-

2181 830 2325 879 nem,
2351 817 2395 870 si
2427 831 2532 870 non
2559 819 2704 872 omni
2735 819 2916 872 studio
2941 829 2997 873 et
3018 819 3293 876 alacritate
3317 822 3659 892 accingamur
3687 824 3758 879 ad

2180 907 2431 960 virtutum
2453 907 2627 963 studia
2655 917 2709 963 et
2733 923 2953 978 agones,
2979 922 3199 980 propter
3238 921 3435 967 a:terna
3463 915 3551 968 illa
3582 915 3762 970 bona?

2179 997 2355 1066 Quare
2385 998 2453 1052 ita
2482 1001 2673 1067 ingrati
2709 1015 2895 1054 sumus
2917 1001 3243 1058 benefactori
3269 1016 3476 1069 ηοω-ο,
3495 1015 3556 1064 et
3583 1024 3759 1076 neque

2180 1109 2298 1167 qua:
2322 1093 2425 1158 iam
2450 1095 2644 1152 donata
2663 1107 2787 1154 sunt
2800 1115 3076 1155 versamus
3094 1101 3293 1166 animo,
3308 1115 3479 1170 neque
3497 1102 3762 1170 promissa

2178 1185 2501 1264 cogitamus;
2530 1190 2622 1245 sed
2651 1193 2891 1247 omnium
2935 1194 3316 1270 propemodum
3360 1193 3544 1289 obliti,
3560 1193 3784 1289 frustra‘

2174 1286 2229 1332 et
2251 1278 2301 1330 in
2324 1292 2543 1338 vanum,
2566 1281 2719 1348 quasi
2743 1265 2995 1348 chtIdes,
3017 1284 3174 1336 vitam
3199 1292 3361 1337 totam
3383 1285 3758 1351 transigimus:

2176 1359 2369 1413 anima:
2396 1359 2610 1432 quidem
2643 1359 2843 1414 nullam
2869 1361 3128 1417 habentes
3155 1377 3370 1430 curam,
3404 1375 3646 1420 ventrem
3673 1383 3762 1419 au-

2179 1457 2286 1516 tem
2334 1450 2511 1517 solum.
2547 1452 2914 1522 dirumpentes
2953 1455 3108 1520 cibis,
3138 1467 3298 1526 atque
3339 1458 3498 1511 etiam
3545 1471 3765 1528 propter

2178 1539 2280 1595 hoc
2324 1542 2523 1597 misero
2565 1545 2776 1614 corpori
2817 1546 3109 1614 perniciem
3146 1556 3413 1616 parantes,
3445 1563 3507 1603 ac
3547 1560 3763 1619 propter

2176 1635 2640 1706 intemperantiam
2663 1647 2719 1692 et
2747 1637 3034 1708 ingluviem
3067 1640 3342 1695 innumera
3369 1640 3522 1695 nobis
3552 1644 3762 1713 negotia

2175 1724 2398 1782 facimus
2423 1737 2478 1782 et
2502 1729 2843 1796 accersimus,
2866 1729 2992 1784 dum
3016 1731 3245 1786 animam
3279 1732 3415 1787 fame
3434 1734 3607 1802 perire
3626 1735 3756 1789 sini-

2175 1821 2334 1874 mus?
2371 1819 2584 1876 tametsi
2615 1821 2954 1890 prmstantior
2978 1822 3154 1876 anima
3177 1823 3242 1877 sit
3269 1840 3428 1894 quam
3449 1841 3643 1896 corpus
3661 1866 3677 1891 ,
3705 1836 3762 1881 et

2173 1911 2348 1969 ablata
2397 1912 2484 1970 illa
2509 1953 2525 1977 ,
2578 1914 2680 1970 hoc
2721 1922 2991 1974 mortuum
3035 1916 3384 1986 relinquatur.
3427 1917 3562 1974 Cum
3602 1920 3764 1989 igitur

2172 2012 2446 2073 oporteret
2486 2012 2542 2060 et
2579 2002 2702 2059 huic
2739 2014 2897 2074 atque
2934 2005 3012 2062 illi
3049 2021 3280 2078 congrua
3310 2019 3365 2064 et
3388 2011 3763 2072 convenientia

2174 2095 2415 2164 prteberc
2441 2095 2714 2163 alimenta,
2741 2097 2958 2154 modum
2989 2115 3160 2169 neque
3184 2100 3291 2166 hic,
3319 2118 3488 2173 neque
3521 2104 3625 2160 illic
3653 2119 3763 2159 ser-

2171 2199 2377 2256 vantes,
2412 2189 2622 2261 utrique
2647 2205 2906 2246 uocemus
2939 2211 2952 2247 :
2979 2191 3081 2247 hoc
3111 2193 3229 2262 plus
3258 2209 3415 2264 quam
3444 2205 3655 2265 oportet
3683 2212 3764 2251 sa.

2169 2279 2446 2350 ginantes,
2478 2281 2623 2335 illam
2651 2292 2832 2337 autem
2862 2282 3001 2338 fame
3031 2284 3207 2354 perire
3229 2294 3498 2356 cogentes.
3531 2286 3587 2341 Id
3617 2287 3762 2358 quod

2168 2373 2548 2430 universorum
2598 2376 2858 2432 Dominus
2913 2377 3033 2434 loco
3085 2380 3332 2435 maxima:
3381 2382 3762 2454 indignationis

2169 2465 2457 2536 aliquando
2485 2468 2858 2524 interminatus
2878 2479 2962 2524 est
2984 2469 3290 2526 Iudaeorum
3314 2475 3509 2544 p0pulo
3535 2476 3758 2532 dicens:

2166 2553 2315 2610 Dabo
2340 2558 2476 2612 vobis
2506 2576 2607 2614 non
2631 2564 2818 2631 famem
2849 2563 3016 2630 panis,
3044 2580 3203 2631 neque
3227 2565 3360 2618 sitim
3381 2584 3544 2635 aqum,
3567 2569 3658 2622 sed
3679 2573 3759 2640 fa-

2167 2664 2296 2701 mem
2315 2649 2556 2704 audiendi
2586 2667 2866 2706 sermonem
2887 2651 3092 2708 Domini
3118 2656 3296 2724 (Amos
3320 2656 3371 2712 8.
3401 2657 3487 2727 ll)
3509 2673 3523 2721 ;
3555 2658 3760 2715 docens

2167 2753 2286 2802 nos,
2312 2740 2457 2796 illam
2479 2741 2694 2812 quidem
2716 2742 2911 2800 famem
2933 2761 3127 2815 corpus
3148 2748 3485 2802 macilentum
3509 2751 3757 2817 reddere,

2167 2829 2306 2886 hanc
2328 2841 2505 2887 autem
2539 2835 2770 2889 animam
2808 2846 3086 2893 attenuare
3118 2856 3130 2892 :
3165 2839 3430 2908 idipsum,
3461 2842 3604 2912 quod
3648 2843 3755 2898 Do-

2165 2923 2343 2978 minus
2385 2932 2510 2979 tunc
2550 2926 2794 2996 supplicii
2832 2929 2948 2984 loco
2989 2930 3094 2984 illis
3132 2931 3452 2998 minabatur,
3483 2950 3622 2989 nunc
3655 2951 3754 2990 nos

2163 3023 2355 3083 sponte
2393 3015 2546 3072 nobis
2580 3019 2929 3086 attrahimus;
2965 3021 3122 3092 idque
3152 3034 3431 3094 postquam
3462 3025 3600 3080 Deus
3631 3035 3751 3082 tan-

2164 3111 2270 3159 tam
2302 3107 2471 3162 nostri
2499 3123 2683 3164 curam
2712 3110 3004 3166 declaravit
3025 3155 3042 3178 ,
3073 3122 3127 3168 et
3152 3114 3517 3184 dispensavit,
3551 3127 3606 3171 ut
3627 3133 3750 3172 cum

2162 3211 2433 3254 sacrarum
2459 3199 2854 3272 Scripturarum
2877 3205 3107 3261 lectione
3129 3207 3417 3264 habeamus
3438 3218 3493 3264 et
3514 3225 3543 3264 a
3566 3209 3751 3267 docto-

2163 3291 2310 3346 ribus
2337 3296 2750 3352 admonitiones.

2231 3385 2355 3440 Cum
2398 3386 2608 3442 lectione
2655 3390 2939 3461 Scriptura:
2975 3393 3166 3446 monita
3203 3391 3504 3448 Doctorum.
3526 3426 3598 3436 —
3627 3395 3750 3452 Ideo

2159 3491 2255 3530 oro
2282 3489 2512 3533 vestram
2541 3481 2840 3548 caritatem,
2868 3491 2928 3536 ut
2961 3498 3186 3538 excussa
3227 3484 3433 3540 desidia
3474 3488 3747 3557 paululqu

2159 3571 2602 3640 expergiscamini
2630 3613 2646 3638 ,
2672 3585 2725 3628 et
2751 3574 2986 3629 studium
3015 3590 3174 3631 omne
3205 3577 3257 3631 in
3287 3578 3480 3632 animae
3521 3580 3748 3636 salutem

2160 3662 2509 3718 transferatis.
2553 3664 2639 3719 Sic
2681 3665 2827 3720 enim
2854 3677 2908 3721 ct
2938 3683 2967 3721 a
3006 3667 3118 3723 Deo
3156 3669 3581 3725 benevolentiam
3618 3673 3748 3728 ube—

2157 3769 2272 3809 rem
2302 3756 2581 3812 attrahetis
2604 3800 2619 3824 ,
2660 3775 2866 3829 nosque
2905 3760 3191 3817 alacriores
3221 3763 3287 3817 ad
3318 3763 3622 3820 docendum
3648 3784 3746 3820 vos

2155 3848 2376 3917 erimus,
2407 3866 2542 3921 quos
2568 3851 2866 3909 videbimus
2891 3857 3116 3912 consilio
3145 3869 3333 3914 nostro
3359 3853 3566 3929 parere.
3601 3861 3747 3928 Quo-

2157 3940 2299 3996 niam
2325 3951 2379 3997 et
2405 3943 2658 4014 agricola,
2681 3947 2894 4017 quando
2915 3948 3060 4003 videt
3087 3958 3280 4005 terram
3308 3951 3608 4018 fecundam,
3637 3956 3746 4009 cul-

2155 4040 2290 4088 turae
2333 4034 2580 4091 idoneam
2626 4037 3002 4109 fructuumque
3040 4040 3290 4106 feracem,
3320 4053 3472 4112 parat
3493 4059 3553 4099 se
3579 4046 3743 4099 etiam

2155 4125 2267 4195 ipse
2295 4135 2353 4180 ut
2378 4127 2567 4198 majori
2597 4130 2772 4185 studio
2794 4132 2935 4186 illam
2958 4134 3098 4188 colat
3121 4152 3134 4188 :
3161 4135 3349 4190 eodem
3377 4137 3536 4190 modo
3564 4147 3620 4192 et
3643 4155 3745 4193 nos

2151 4221 2196 4274 si
2225 4219 2515 4277 viderimus
2545 4233 2780 4279 vestrum
2808 4226 2862 4280 in
2891 4226 3085 4282 divinis
3115 4229 3406 4298 profectum
3425 4270 3440 4295 ,
3472 4239 3526 4284 et
3553 4245 3649 4285 vos
3678 4247 3741 4286 ea

2150 4325 2269 4380 qua:
2291 4326 2320 4364 a
2349 4313 2502 4367 nobis
2529 4314 2798 4382 dicuntur,
2834 4317 2986 4373 factis
3019 4319 3258 4374 studiose
3292 4321 3534 4390 implere,
3563 4321 3740 4390 majo-

2149 4416 2262 4456 rem
2289 4403 2516 4459 docendi
2548 4406 2784 4462 laborem
2810 4409 3180 4465 exhibebimus
3213 4429 3226 4465 :
3261 4420 3444 4480 utpote
3469 4414 3739 4478 scientes,

2151 4509 2248 4550 nos
2270 4510 2374 4550 non
2402 4497 2456 4552 in
2485 4499 2652 4568 petris
2671 4501 2959 4570 seminare,
2983 4503 3077 4558 sed
3106 4503 3157 4558 in
3185 4503 3363 4574 pingui
3387 4513 3442 4560 et
3468 4504 3739 4574 profunda

2151 4599 2312 4644 terra.

2216 4684 2269 4737 9..
2307 4683 2605 4751 Utilitatem,
2626 4703 2727 4741 non
2746 4688 2955 4758 plausus
2976 4690 3288 4761 auditorum,
3315 4696 3495 4763 qucrit
3515 4695 3736 4768 Chryso-

2145 4791 2356 4836 stamus.
2384 4781 2557 4838 Radix
2586 4787 2845 4840 homicidii
2877 4789 3163 4845 inuidia.—-
3184 4793 3260 4848 Ea
3298 4796 3442 4850 enim
3477 4797 3546 4853 de
3573 4814 3736 4854 causa

2144 4873 2385 4940 quotidie
2413 4873 2564 4929 vobis
2587 4877 2995 4947 concionamur,
3047 4891 3105 4937 ut
3146 4885 3349 4955 aliquid
3388 4887 3522 4942 lucri
3569 4889 3736 4944 facia-

2146 4962 2242 5028 tis,
2271 4974 2326 5018 et
2351 4963 2580 5022 virtutes
2601 4977 2792 5026 vestra:
2820 4983 3100 5039 crescant,
3131 4991 3336 5046 nosque
3364 4979 3609 5035 laetemur
3635 4997 3732 5036 ve-

2143 5063 2312 5109 strum
2354 5056 2598 5116 videntes
2627 5061 2944 5130 profectum.
2981 5066 3247 5138 Numquid
3277 5072 3420 5126 enim
3450 5083 3651 5129 temere
3681 5085 3735 5130 et

2144 5145 2196 5198 in
2223 5161 2418 5202 vanum
2445 5149 2627 5207 dicere
2654 5153 2922 5223 volumus,
2952 5166 3009 5212 ut
3034 5173 3063 5212 a
3098 5161 3250 5215 vobis
3278 5163 3493 5217 laudum
3525 5165 3732 5220 fructus

2142 5239 2484 5309 recipiamus,
2515 5251 2569 5298 et
2597 5254 2652 5299 ut
2679 5245 2993 5314 plaudentes
3013 5252 3260 5308 manibus
3290 5254 3590 5309 recedatis?
3612 5255 3730 5310 Non

2142 5331 2245 5387 hoc
2272 5344 2606 5402 spectamus;
2637 5337 2780 5393 absit
2811 5357 2824 5392 :
2863 5341 2957 5396 sed
2999 5351 3230 5398 vestram
3271 5346 3578 5401 utilitatem.
3611 5347 3729 5401 Mea

2142 5428 2374 5482 maxima
2409 5429 2524 5485 laus
2549 5439 2630 5486 est
2660 5442 2715 5486 et
2742 5447 2985 5488 summus
3029 5435 3276 5506 plausus,
3309 5439 3351 5491 si
3379 5439 3498 5507 quis
3524 5453 3554 5491 a
3585 5438 3730 5494 vitiis

2140 5520 2208 5574 ad
2238 5521 2489 5577 virtutem
2531 5535 2892 5592 convertatur,
2923 5529 2968 5583 si
2995 5532 3114 5599 quis
3143 5541 3300 5587 antea
3329 5533 3512 5600 deses,
3541 5544 3728 5589 nostra

2139 5611 2513 5671 adhortatione
2531 5617 2802 5674 studiosus
2827 5621 2950 5679 fiat:
2971 5621 3072 5677 hoc
3091 5634 3145 5679 et
3161 5624 3291 5678 mihi
3320 5625 3610 5679 maximum
3641 5626 3727 5680 af-

2139 5704 2243 5760 fert
2270 5706 2516 5763 solatium
2545 5719 2599 5764 et
2629 5710 2859 5780 laudem,
2890 5722 2946 5769 et
2969 5716 3120 5770 vobis
3160 5717 3368 5772 lucrum
3411 5727 3466 5774 et
3507 5717 3727 5776 divitias

2141 5799 2464 5868 spirituales.
2498 5804 2603 5862 Sed
2632 5821 2738 5862 non
2765 5809 2994 5880 ambigo,
3027 5810 3154 5880 quin
3182 5812 3408 5867 multum
3438 5811 3600 5867 studii
3630 5827 3724 5868 ex-
