4084 6356
284 362 392 419 δτι

273 474 380 529 καὶ
412 474 564 529 πᾶσα
592 474 825 543 κραυγὴ
852 472 1085 543 ἀρθήτω
1104 475 1394 545 ἁξέὐμῶν·
1428 475 1546 531 εἶτα
1575 479 1746 550 αὐτὴν
1770 482 1871 553 τὴν

276 559 439 630 ῥίζαν
466 559 568 629 τῆς
602 557 801 621 κακίας
834 557 1067 631 ξηράναι
1107 558 1431 629 βουλόμενος
1478 562 1574 615 καὶ
1620 564 1871 634 ἄκαρπον

274 642 645 712 ἐργάσασθαι,
685 642 839 713 φησὶ,
881 642 1008 696 Σὺν
1033 642 1202 711 πάσῃ
1233 644 1434 709 κακίᾳ.
1484 644 1542 696 'U
1582 644 1690 715 γὰρ
1728 644 1873 699 οὑτω

272 726 621 797 διακείμενος
652 726 915 797 διηνεκῶς
931 728 990 779 ἐν
1016 727 1195 797 λιμένι
1221 726 1481 797 κάθηται,
1511 727 1619 780 τῶν
1636 728 1747 781 ἀπὸ
1770 731 1872 799 τῆς

273 812 387 881 γῆς
420 810 686 880 κυμάτων
727 809 1167 881 ἀπηλλαγμένος,
1213 813 1309 864 καὶ
1343 809 1469 864 οὔτε
1508 811 1754 882 χειμῶνα
1780 811 1868 864 δέ-

273 895 482 959 δοικεν,
535 894 658 948 οὑτε
720 896 998 964 ναυάγιον,
1049 894 1185 948 ἀλλὰ
1242 895 1497 966 καθάπερ
1544 897 1603 948 ἐν
1657 894 1871 966 γαλήνῃ

274 979 462 1032 πλέων
490 977 523 1049 ἢ
547 979 605 1032 ἐν
635 978 795 1049 εὑδίῳ
826 978 1004 1049 λιμένι
1033 977 1359 1050 καθήμενος,
1399 978 1569 1042 οὑτως
1594 978 1745 1031 ἕλκει
1778 977 1870 1031 τὸν

276 1065 530 1136 παρόντα
556 1064 670 1134 βίον
696 1063 874 1133 πάσης
900 1064 1143 1133 ταραχῆς
1170 1062 1329 1124 ἐκτὸς
1359 1061 1434 1116 ὣν
1459 1075 1507 1128 α,
1542 1062 1635 1115 καὶ
1671 1062 1732 1114 ού
1768 1062 1868 1130 μό-

277 1167 373 1203 νον
404 1147 585 1214 τοῦτο,
625 1147 762 1201 ἀλλά
798 1147 892 1201 καὶ
927 1146 1037 1199 τῶν
1076 1146 1361 1200 ἀθανάτων
1407 1145 1501 1199 καὶ
1540 1147 1870 1217 ἀπορρήτων

277 1234 505 1303 ἀγαθῶν
538 1232 638 1303 τήν
674 1230 972 1284 ἀπόλαυσιν
1003 1228 1182 1300 ἐαυτῷ
1212 1229 1300 1283 διά
1341 1229 1558 1282 πάντων
1594 1228 1865 1299 προξενεῖ·

278 1312 361 1372 ὧν
395 1319 612 1384 γένοιτο
647 1316 856 1379 πάντας
894 1316 1042 1385 ἡμᾶς
1069 1315 1366 1383 ἐπιτυχεῖν,
1396 1313 1579 1383 χάριτι
1622 1313 1717 1366 καὶ
1750 1312 1869 1381 φιλ-

278 1401 574 1473 ανθρωπίᾳ
599 1398 695 1453 τοῦ
724 1398 931 1470 Κυρίου
959 1397 1117 1468 ἡμῶν
1155 1395 1331 1466 Ἰησοῦ
1366 1395 1627 1467 Χριστοῦ,
1661 1395 1781 1467 μεθ’
1807 1390 1868 1451 οὗ

277 1489 362 1560 τῷ
403 1489 600 1559 Πατρὶ,
646 1486 763 1559 ἅμα
813 1483 893 1555 τῷ
931 1482 1071 1554 ἀγίῳ
1109 1481 1409 1552 Πνεύματι,
1454 1482 1603 1547 δόξα,
1643 1483 1865 1555 κράτος,

277 1572 439 1651 τιμὴ,
478 1571 577 1627 νῦν
609 1573 705 1626 καὶ
731 1570 841 1635 ἀεὶ,
865 1570 962 1623 καὶ
997 1569 1079 1631 εἰς
1103 1566 1231 1629 τοὺς
1255 1567 1458 1633 αἰῶνας
1486 1566 1599 1623 τῶν
1630 1568 1864 1623 αἰώνων.

294 1658 493 1730 ’Λμήνο

874 1740 1120 1795 ΟΜῙΛΙΛ
1151 1740 1276 1797 ΝΔ’.

280 1824 616 1885 Καλέσασα
647 1823 717 1879 δὲ
760 1822 1179 1897 Ῥεϐέκκαέτόν
1205 1825 1352 1897 υἰὸη
1366 1820 1558 1897 αὐτῆς
1580 1826 1689 1881 τὸν
1725 1825 1869 1881 νεώ-

778 1911 974 1963 τερον,
1002 1896 1170 1948 εἶπεν
1200 1894 1381 1963 αὐτῷ.

340 1986 410 2036 α’.
423 1979 611 2033 Εῖδετε
627 1977 754 2050 χθὲς
776 1978 872 2032 καὶ
889 1977 985 2035 τοῦ
1005 1978 1238 2034 τελώνου
1260 1979 1362 2050 τὴν
1384 1977 1584 2052 πολλὴν
1599 1979 1870 2049 εὐγνωμο-

282 2062 472 2134 σύνην,
498 2067 594 2118 καὶ
633 2061 728 2115 τοῦ
764 2062 1037 2116 Δεσπότου
1062 2062 1159 2134 τὴν
1187 2062 1396 2132 ἄφατον
1433 2063 1864 2135 φιλανθρωπίαν,

282 2150 381 2205 καὶ
416 2151 528 2203 τῶν
562 2148 831 2204 Ἰουδαίων
859 2149 959 2220 τὴν
987 2148 1430 2218 ὑπερϐάλλουσαν
1467 2148 1863 2220 ἀναισθησίανς

282 2233 441 2305 [522]
458 2234 639 2286 Είδετε
659 2232 776 2296 πῶς
795 2233 1041 2297 ἅπαντας
1054 2235 1204 2304 ἡμᾶς
1224 2234 1543 2288 ἐπαίδευσεν
1555 2236 1583 2287 6
1599 2234 1869 2305 μακάριος

279 2318 584 2383 Ματθαῖος,
639 2316 707 2371 δι’
745 2311 822 2370 ὧν
872 2315 1019 2371 οὑτω
1045 2318 1257 2389 ταχέως
1311 2319 1621 2390 ὑπήκουσε,
1672 2320 1737 2374 δι’
1790 2313 1867 2374 ὧν

276 2402 558 2471 τοσαύτην
588 2400 903 2467 ἐπεδείξατο
935 2402 1034 2473 τὴν
1064 2401 1387 2473 μεταϐολὴν,
1421 2402 1505 2456 ὅτι
1542 2404 1601 2456 ἐν
1636 2405 1702 2474 τῇ
1741 2422 1868 2474 προ-

277 2487 496 2558 αιρέσει
517 2489 694 2541 κεῖται
713 2489 780 2558 τῇ
806 2484 1073 2558 ἡμετέρᾳ,
1098 2486 1236 2557 μετά
1260 2487 1359 2556 τὴν
1378 2487 1585 2542 ἀνωθεν
1604 2487 1783 2559 χάριν,
1798 2488 1867 2542 τά

277 2572 384 2642 τῆς
408 2572 609 2642 ἀρετῆς
642 2571 738 2624 καὶ
770 2572 871 2639 τῆς
903 2570 1133 2633 κακίαςο
1166 2570 1261 2623 καί⁵
1290 2571 1371 2624 ὅτι
1402 2570 1499 2624 καὶ
1531 2571 1868 2625 σπουδάσαν-

276 2672 376 2718 τες
420 2654 696 2725 δυνάμεθα
725 2652 982 2723 γενέσθαι
1013 2652 1282 2723 ἐνάρετοι,
1318 2654 1413 2707 καὶ
1450 2653 1868 2725 ρᾳθυμὴσαντες

278 2741 446 2793 πάλιν
478 2740 556 2802 εἰς
588 2738 681 2791 τὸν
705 2739 806 2809 τῆς
831 2735 1108 2807 ἁμαρτίας
1132 2735 1377 2807 κρημνὸν
1406 2737 1863 2808 καταφερόμεθα;

278 2824 457 2879 Τοῦτο
480 2823 587 2896 γάρ
608 2822 755 2875 ἐστιν
787 2815 833 2890 ᾧ
862 2821 972 2875 τῶν
1003 2820 1213 2889 ἀλόγων
1238 2820 1620 2891 διεστήκαμεν,
1642 2821 1704 2873 τὸ
1724 2821 1866 2892 λόγῳ

276 2907 609 2979 τετιμῆσθαι
648 2907 795 2977 ἡμᾶς
827 2905 977 2977 παρὰ
1009 2903 1106 2959 τοῦ
1140 2904 1523 2975 φιλανθρώπου
1566 2904 1723 2972 Θεοῦ,
1770 2905 1867 2958 καὶ

276 2992 343 3043 ἐν
365 2992 434 3059 τῇ
467 2987 627 3057 φύσει
650 2988 717 3056 τῇ
741 2985 986 3057 ἡμετέρᾳ
1013 2983 1398 3038 ἐναποκεῖσθαι
1423 2982 1523 3056 τὴν
1543 2983 1745 3052 γνῶσιν
1771 2982 1865 3036 τοῦ

278 3071 452 3127 καλοῦ
476 3072 572 3125 καὶ
594 3068 689 3124 τοῦ
720 3068 980 3138 πονηροῦ.
1012 3067 1218 3136 Μηδεὶς
1242 3067 1423 3119 τοίνυν
1446 3066 1867 3137 προφασιζέσθω

276 3156 361 3221 ὡς
387 3157 454 3209 δι’
488 3156 711 3222 ἄγνοιαν
736 3155 937 3224 ἀρετῆς
971 3150 1211 3222 ἀμελῶν,
1246 3150 1279 3222 ἡ
1304 3150 1391 3204 διὰ
1412 3151 1472 3204 τὸ
1506 3151 1583 3221 μὴ
1609 3150 1752 3221 ἔχειν
1773 3151 1866 3204 τὸν

281 3239 675 3296 ὑποδεικνύντα
710 3238 810 3308 τὴν
852 3236 1058 3306 ταύτης
1104 3236 1243 3292 ὁδόν.
1291 3235 1587 3306 Ἀρκοῦντα
1612 3236 1721 3306 γάρ
1750 3235 1868 3306 ἐχο-

282 3342 389 3399 μεν
414 3323 734 3377 διδάσκαλον
759 3321 820 3374 τὸ
845 3320 1101 3383 συνειδὸς,
1126 3320 1221 3373 καὶ
1248 3319 1346 3390 οὐχ
1370 3312 1481 3372 οἶόν
1503 3318 1565 3372 τέ
1599 3336 1723 3373 τινα
1758 3320 1868 3373 ἀπ-

279 3407 614 3479 εστερῆσθαι
639 3409 738 3478 τῆς
766 3404 977 3459 ἐκεῖθεν
1021 3402 1294 3475 βοηθείας.
1336 3403 1445 3456 Καὶ
1480 3404 1591 3473 γάρ
1637 3404 1755 3475 ἅμα
1798 3406 1864 3475 τῇ

279 3494 483 3547 πλάσει
524 3490 619 3546 τοῦ
661 3488 950 3562 ἀνθρώπου
996 3487 1094 3542 καὶ
1134 3489 1167 3559 ἡ
1198 3487 1400 3556 γνῶσις
1424 3487 1533 3540 τῶν
1576 3488 1868 3559 πρακτέων

279 3577 437 3647 αὑτῷ
463 3575 787 3645 ἐναπετέθη,
822 3574 911 3628 ἵνα
934 3574 1034 3644 τὴν
1056 3572 1263 3626 οἰκείαν
1293 3572 1715 3644 εὐγνωμοσύνην
1748 3576 1868 3629 ἐπι-

278 3660 619 3730 δειξάμενος,
652 3657 903 3728 καθάπερ
941 3658 1000 3711 ἐν
1031 3655 1341 3726 παλαίστρα
1366 3655 1502 3718 τινὶ,
1529 3656 1608 3727 τῷ
1640 3657 1867 3727 παρόντι

282 3746 390 3815 βίῳ
430 3742 920 3813 ἐγγυμνασάμενος
954 3739 1091 3812 πρὸς
1131 3739 1258 3801 τοὺς
1290 3741 1388 3809 τῆς
1414 3739 1615 3811 ἀρετῆς
1652 3741 1865 3806 πόνους,

279 3830 354 3881 τὰ
378 3829 515 3899 ὑπὲρ
534 3829 633 3897 τῆς
661 3827 863 3897 ἀρετῆς
893 3822 1121 3894 βραδεῖα
1137 3821 1451 3892 κομίσηται,
1476 3823 1571 3876 καὶ
1592 3824 1651 3877 ἐν
1674 3823 1870 3896 βραχεῖ

280 3912 465 3982 χρόνῳ
496 3911 754 3980 πονήσας,
786 3910 843 3960 ἐν
880 3906 1120 3977 διηνεκεῖ
1142 3905 1219 3974 τῷ
1254 3903 1410 3959 αἰῶνι
1448 3905 1556 3957 τῶν
1588 3908 1869 3976 στεφάνων

279 3995 567 4066 ἀξιωθείη,
598 3995 693 4047 καὶ
714 3995 772 4046 ἐν
797 3992 874 4063 τῷ
897 3991 1063 4061 ἐπικὴ
1074 4007 1151 4061 ρῳ
1171 3989 1345 4059 τούτῳ
1372 3989 1529 4044 αἰῶνι
1547 3990 1648 4062 τὴν
1667 3992 1869 4063 ἀρετὴν

281 4079 563 4150 ἐλόμενος,
618 4079 676 4130 ἐν
722 4078 835 4139 τοῖς
889 4075 1138 4144 ἀπείροις
1187 4074 1281 4127 καὶ
1328 4074 1519 4137 ἀϊδίοις
1564 4075 1724 4128 αἰῶσι
1759 4076 1871 4132 τῶν

280 4164 573 4216 ἀθανάτων
600 4158 823 4229 ἀγαθῶν
871 4157 1140 4230 ἀπολαύῃ.
1175 4158 1353 4228 Ὅπερ
1386 4157 1612 4223 εἰδότες,
1651 4158 1871 4231 ἀγαπη-

280 4247 390 4309 τοὶ,
423 4245 498 4317 μὴ
519 4243 805 4315 προδῶμεν
830 4242 987 4314 ἡμῶν
1006 4242 1107 4313 τὴν
1132 4240 1431 4310 εὐγένειαν,
1460 4240 1536 4313 μὴ
1557 4240 1870 4312 ἀγνώμονες

284 4330 418 4400 περὶ
464 4329 564 4400 τὴν
600 4327 872 4396 τοσαύτην
925 4324 1247 4396 εὐεργεσίαν
1285 4322 1596 4393 γενώμεθα,
1644 4325 1780 4395 μηδέ
1808 4326 1871 4379 τὸ

282 4413 622 4485 πρόσκαιρον
672 4411 773 4479 τῆς
832 4408 1093 4478 δοκούσης
1158 4407 1354 4479 ἡδονῆς
1418 4406 1868 4489 μεταδιώξαντες,

282 4498 509 4567 διηνεκῆ
551 4494 652 4566 τὴν
687 4494 884 4564 ὀδύνην
916 4493 1127 4555 ἑαυτοῖς
1164 4490 1688 4561 κατασκευάσωμενο
1735 4491 1872 4546 ἀλλά

283 4582 378 4634 τὸν
398 4579 697 4649 ἀκοίμητον
716 4575 993 4646 ὀφθαλμὸν
1016 4574 1103 4629 τὸν
1119 4573 1187 4627 τὰ
1210 4573 1497 4646 ἀπόρρητα
1514 4574 1613 4645 τῆς
1634 4574 1872 4639 διανοίας

284 4662 653 4732 ἐπιστάμενον
696 4659 960 4732 διηνεκῶς
998 4656 1396 4729 προορώμενοι,
1435 4657 1607 4721 οὑτως
1653 4656 1871 4711 ἅπαντα

282 4748 357 4800 τά
404 4745 528 4799 καθ’
568 4743 795 4806 ἐαυτοίις
843 4741 1235 4812 οίκονομῶμεν,
1274 4740 1370 4794 καὶ
1398 4742 1513 4804 τοῖς
1561 4739 1745 4804 ὅπλοις
1774 4738 1871 4793 τοῦ

285 4830 604 4900 Πνεύματος
636 4827 990 4899 φραξάμενοι,
1018 4825 1113 4878 καὶ
1151 4825 1252 4895 τὴν
1282 4824 1489 4878 οἰκείαν
1522 4823 1871 4895 εὑγνωμοσύυ

284 4931 386 4983 νην
412 4911 831 4982 ἐπιδειξάμενοι,
855 4906 1292 4979 ἐπισπασώμεθα
1313 4909 1413 4978 τὴν
1439 4907 1646 4962 ἀνωθεν
1674 4907 1868 4979 ῥοπὴν,

285 4998 377 5051 ἵνα
434 4999 535 5069 τῆς
587 4995 799 5051 ἐκεῖθεν
841 4993 1206 5058 ἀπολαύοντες
1255 4993 1593 5065 συμμαχίας,
1641 4995 1735 5047 καὶ
1775 4992 1870 5046 τοῦ

283 5080 486 5151 ἐχθροῦ
512 5081 608 5133 καὶ
631 5078 890 5148 πολεμίου
915 5077 1350 5149 περιγενόμενοι,
1379 5078 1476 5131 καὶ
1496 5077 1680 5146 ἄκυρα
1705 5076 1871 5130 αὑτοῦ

284 5166 729 5235 καταστήσαντες
772 5163 842 5218 τὰ
882 5161 1276 5233 μηχανήματα,
1316 5161 1425 5217 τῶν
1459 5163 1683 5230 ἀγαθῶν
1728 5163 1873 5216 ἐκεί-

282 5268 395 5303 νων
448 5248 755 5305 ἀπολαῦσαι
816 5246 1157 5317 δυνηθῶμεν,
1215 5240 1291 5301 ὧν
1340 5249 1707 5319 ἐπηγγείλατο
1758 5249 1871 5312 τοῖς

281 5332 574 5401 ἀγαπῶσιν
595 5332 757 5386 αὑτὸν
786 5332 815 5384 6
842 5331 1067 5403 Κύριος.
1098 5332 1191 5402 Μὴ
1212 5331 1391 5385 τοίνυν
1426 5333 1561 5403 πρὸς
1588 5334 1680 5387 τὸν
1708 5333 1871 5386 πόνον

282 5433 370 5479 τις
401 5417 585 5486 όράτω
626 5416 725 5486 τῆς
760 5416 983 5487 ἀρετῆς,
1015 5415 1150 5469 ἀλλά
1181 5416 1243 5469 τὸ
1276 5415 1525 5470 ἐντεῦθεν
1558 5418 1749 5489 κέρδος
1780 5418 1869 5470 λο-

283 5501 574 5570 γιζόμενος
606 5500 839 5570 ἑτοίμως
877 5501 1004 5564 τοὺς
1050 5501 1191 5572 ὑπὲρ
1232 5500 1437 5571 ταύτης
1471 5502 1665 5565 πόνους
1699 5519 1869 5556 κατα-

282 5584 543 5654 δεχέσθω.
588 5585 653 5637 Et
698 5584 808 5657 γὰρ
844 5585 894 5637 οἰ
946 5584 1075 5656 περὶ
1111 5584 1178 5639 τά
1217 5584 1445 5656 βιωτικά
1493 5587 1868 5658 στρεφόμενοι,

284 5669 383 5722 καὶ
429 5669 558 5741 περὶ
601 5668 701 5739 τὴν
746 5670 858 5722 τῶν
897 5669 1195 5740 χρημάτων
1241 5669 1502 5742 συλλογὴν
1543 5671 1868 5742 μεμηνότες,

284 5752 505 5807 ἅπαντα
541 5751 840 5824 προθύμως
872 5752 1279 5824 καταδέχονται,
1319 5756 1414 5809 καὶ
1442 5754 1568 5817 τοὺς
1600 5753 1741 5808 κατά
1776 5753 1871 5808 θά-

352 5920 378 5950 ⁶
402 5917 502 5969 Sex
532 5932 646 5971 mss.
690 5928 896 5985 ταραχῆς
920 5921 1152 5985 ἐλεύθερος
1176 5923 1256 5971 ὧν.

1322 363 1392 419 ΙΝ
1429 364 1586 423 CAP.
1622 360 1816 421 XXVII
1852 360 2099 423 GENES.
2140 365 2376 423 HOMIL.
2419 370 2555 426 LIV.

1980 478 2180 535 λατταν
2213 482 2512 548 κινδύνους,
2551 486 2646 538 καὶ
2672 486 2740 540 τά
2770 488 3030 557 ναυάγια,
3055 492 3146 545 καί
3184 493 3280 556 τάς
3302 494 3410 547 τῶν
3440 513 3565 551 πεμ-

1982 564 2158 649 ρατῶν
2185 564 2408 635 ἐφόδους
2444 568 2808 638 προορῶντες,
2850 573 2971 624 οὑδὲ
3004 573 3177 637 οὕτως
3213 576 3561 649 όκνηρότεροι

1977 647 2236 713 γίνονται,
2263 649 2358 702 καὶ
2378 649 2551 703 ταῦτα
2574 651 2694 704 οὐδὲ
2726 652 2948 725 θαρρεῖν
2968 658 3096 726 περὶ
3126 658 3219 711 τοῦ
3249 660 3434 725 τέλους
3464 647 3559 715 δυ-

1978 731 2219 801 νάμενον
2250 732 2409 785 ποίαν
2441 736 2604 804 ἡμεῖς
2640 735 2832 808 ἕξομεν
2870 740 3185 809 ἀπολογίαν,
3222 744 3328 797 τῶν
3361 746 3562 801 ἁθανάο

1976 829 2085 897 των
2133 814 2358 897 ἐκείνων
2400 818 2585 870 ἕνεκεν
2616 819 2754 890 πρὸς
2803 823 2926 884 τοὺς
2972 824 3074 893 τῆς
3102 825 3304 897 ἀρετῆς
3342 830 3565 896 ἀγῶνας

1980 896 2057 980 μὴ
2088 896 2243 980 πάσῃ,
2268 901 2471 971 σπουδῇ
2518 903 2613 957 καὶ
2662 904 2939 976 προθυμία
2973 896 3363 980 ἀποδυόμενοις
3403 915 3561 979 Τίνος

1976 977 2360 1068 ’ἐνεκεν-οὖτως
2388 982 2704 1068 ἀγνώμονες
2734 989 2863 1057 περὶ
2896 989 2989 1042 τὸν
3016 977 3313 1065 εὐεργέτην
3343 977 3566 1068 γινόμεζ

1977 1060 2065 1147 θα,
2100 1064 2195 1117 καὶ
2232 1065 2355 1118 οὔτε
2386 1067 2454 1120 τὰ
2479 1067 2578 1138 ήδη
2607 1068 2918 1141 δωρηθέντα
2944 1060 3293 1147 λογιζόμεθα,
3334 1060 3568 1136 οὔτετά

1975 1146 2387 1215 ἐπαγγελθέντα
2440 1151 2747 1222 ἐννοοῦμεν,
2790 1155 2926 1208 ἀλλὰ
2963 1146 3203 1222 πάντων,
3247 1162 3323 1225 ώς
3364 1165 3558 1227 εἰπεῖν,

1976 1227 2558 1314 λήθηνγποιησάμενοι,
2588 1235 2775 1299 ἁπλῶς
2812 1241 2905 1291 καί
2931 1241 3055 1312 εἰκῆ
3090 1242 3450 1314 βοσκημάτων
3479 1248 3560 1300 δί-

1977 1330 2081 1399 κην
2113 1312 2226 1383 βίον
2257 1314 2472 1399 ἃπαντα
2497 1320 2937 1391 παρατρέχομεν,
2965 1324 3066 1393 τῆς
3092 1326 3190 1395 μὲν
3210 1312 3386 1399 ψυχῆς
3411 1330 3569 1383 οὐδε-

1979 1398 2110 1483 μίαν
2154 1398 2474 1483 ἐπιμέλειαν
2516 1401 2847 1470 ποιούμενοι,
2882 1406 2981 1477 τὴν
3020 1408 3078 1462 δὲ
3112 1412 3351 1479 γαστέρα
3393 1413 3569 1483 μόνην

1974 1482 2421 1569 διαρρηγνύντες,
2448 1485 2543 1569 καί
2567 1484 2769 1569 πολλὴν
2793 1488 2881 1541 διά
2903 1491 3108 1558 ταύτης
3132 1494 3209 1564 τῷ
3230 1482 3569 1569 ταλαιπώρῴ

1973 1565 2151 1636 τούτῳ
2176 1565 2390 1637 σώματι
2416 1568 2515 1639 τὴν
2536 1568 2713 1640 λύμην
2733 1575 3255 1642 κατασκευάζοντες,
3283 1580 3377 1632 καὶ
3405 1565 3565 1635 τοῦτο

1978 1648 2079 1720 μὲν
2112 1649 2200 1703 διὰ
2230 1650 2334 1719 τῆς
2376 1652 2663 1723 ἀμετρίας,
2712 1657 2808 1708 καὶ
2860 1657 2958 1727 τῆς
3005 1658 3210 1730 πολλῆς
3247 1662 3561 1732 ἀδηφαγίας

1979 1732 2149 1805 μυρία
2187 1733 2489 1805 πράγματα
2519 1739 2951 1803 κατασκευάζειν
2977 1744 3112 1813 ἡμῖν
3150 1749 3563 1815 παρασκευάζο-

1978 1835 2104 1900 μεν,
2155 1816 2255 1889 τὴν
2296 1818 2353 1871 δὲ
2409 1818 2589 1890 ψυχὴν
2637 1820 2779 1893 λιμῷ
2836 1824 3095 1895 τήκεσθαι
3138 1830 3559 1900 συγχωροῦμεν;

1976 1898 2129 1973 1525]
2160 1902 2337 1955 καίτοι
2367 1900 2511 1974 ψυχὴ
2543 1903 2796 1975 σώματος
2823 1908 3177 1980 κυριώτερον,
3218 1914 3312 1966 καὶ
3344 1898 3563 1983 ἐκείνης

1975 1982 2342 2055 ἀπειρηκυίας
2396 1987 2589 2057 νεκρὸν
2636 1987 2798 2041 τοῦτο
2848 1991 3256 2049 καταλείπεται.
3295 1995 3423 2050 Δέον
3465 1982 3564 2051 οὖν

1976 2068 2206 2141 κάκείνῃ
2249 2068 2349 2140 τὴν
2388 2071 2724 2143 κατάλληλον
2756 2073 2850 2126 καὶ
2883 2076 3262 2145 ἁρμόττουσαν
3295 2081 3564 2152 παρέχειν

1974 2152 2184 2222 τροφὴν
2214 2154 2382 2224 ἡμᾶς,
2421 2154 2702 2222 ἑκατέροις
2732 2157 3124 2229 λυμαινόμεθα,
3161 2163 3431 2235 ἀμετρίαν
3464 2167 3560 2218 καὶ

1976 2234 2211 2290 ἐνταῦθα
2258 2237 2421 2291 κάκεῖ
2476 2238 2677 2311 πολλὴν
2734 2241 3186 2313 ἐπιδεικνύμενοι,
3229 2234 3324 2299 καί
3362 2247 3425 2300 τὸ
3459 2248 3565 2318 μὲν

1977 2318 2119 2386 ὑπὲρ
2152 2321 2252 2389 τὴν
2294 2320 2486 2391 χρείαν
2525 2323 2851 2387 πιαίνοντες,
2892 2326 2991 2397 τὴν
3030 2326 3087 2379 δέ
3122 2328 3227 2382 ὑπὸ
3263 2329 3422 2399 λιμοῦ
3451 2332 3563 2385 διαο

1975 2401 2296 2472 φθείρεσθαι
2334 2405 2864 2475 καταναγκάζοντες.
2901 2409 3011 2462 Καὶ
3052 2411 3190 2482 ὅπερ
3229 2415 3258 2466 6
3285 2414 3393 2467 τῶν
3423 2415 3562 2469 δλων

1974 2486 2253 2571 Δεσπότης
2284 2487 2343 2571 ἐν
2370 2488 2520 2552 τάξει
2553 2490 2817 2561 μεγίστης
2844 2494 3273 2566 ἀγανακτήσεως
3298 2499 3561 2571 ἠπείλησε

1974 2586 2105 2622 ποτε
2139 2568 2216 2638 τῷ
2244 2569 2354 2622 τῶν
2387 2571 2656 2626 Ἰουδαίων
2680 2574 2857 2645 δήμῳ,
2880 2575 3074 2645 λέγων,
3109 2579 3286 2633 Δώσω
3312 2586 3457 2652 ὑμῖν
3483 2568 3565 2639 ὀὐ

1973 2653 2153 2722 λιμὸν
2183 2653 2386 2722 ἄρτου,
2412 2654 2557 2708 οὐδὲ
2585 2655 2778 2724 δίψαν
2802 2659 3043 2726 ὓδατος,
3070 2662 3233 2718 ἀλλὰ
3256 2665 3437 2734 λιμὸν
3454 2667 3566 2721 τοῦ

1973 2737 2233 2791 ἀκοῦσαι
2269 2738 2456 2806 λόγον
2489 2740 2732 2806 Κυρίου,
2762 2741 3029 2796 διδάσκων
3056 2747 3204 2816 ἡμᾶς
3241 2749 3325 2802 ὅτι
3353 2750 3562 2815 ἐκεῖνος

1978 2821 2077 2890 μὲν
2111 2822 2139 2872 6
2165 2822 2323 2891 λιμὸς
2349 2823 2410 2875 τὸ
2435 2823 2596 2894 σῶμα
2624 2826 2964 2879 κατατείνειν
2989 2826 3234 2892 δύναται,
3262 2826 3417 2895 οὗτος
3446 2833 3500 2886 δὲ
3532 2835 3565 2887 6

1974 2902 2132 2973 λιμὸς
2168 2905 2338 2975 αὐτῆς
2367 2905 2707 2961 καθικνεῖται
2732 2908 2833 2979 τῆς
2860 2911 3062 2981 ψνχῆςο
3091 2912 3237 2967 τοῦτ’
3274 2914 3407 2968 αὐτὸ
3443 2916 3560 2980 νῦν,

1975 2987 2111 3058 ὅπερ
2141 2989 2260 3041 ἀντὶ
2285 2990 2554 3061 τιμωρίας
2583 2992 2811 3056 ἐκείνοις
2839 2995 3064 3063 ἐπάγειν
3108 2996 3229 3049 τότε
3266 2998 3568 3068 ἠπείλησεν

1973 3073 2003 3125 6
2019 3072 2314 3141 Δεσπότης,
2337 3075 2498 3143 ἡμεῖς
2518 3074 2736 3137 ἑκόντες
2760 3077 3142 3148 ἐπισπώμεθα,
3169 3080 3262 3133 καὶ
3277 3080 3449 3133 ταῦτα
3467 3081 3564 3134 τοῦ

1974 3153 2108 3207 Θεοῦ
2120 3156 2389 3227 τοσαύτην
2400 3174 2466 3209 πε
2475 3157 2527 3227 ρὶ
2538 3158 2684 3227 ἡμᾶς
2701 3159 3024 3229 κηδεμονίαν
3040 3161 3564 3233 ἐπιδειξαμένου,καὶ

1973 3239 2422 3309 οἰκονομήσαντος
2438 3241 2573 3310 μετά
2585 3242 2681 3312 τῆς
2697 3242 2805 3296 ἀπὸ
2816 3243 2923 3295 τῶν
2937 3245 3168 3316 Γραφῶν
3184 3246 3562 3315 ἀναγνώσεως,

1975 3323 2118 3394 ἔχειν
2139 3324 2289 3393 ἡμᾶς
2327 3324 2419 3377 καὶ
2458 3324 2557 3393 τὴν
2606 3325 2717 3378 ἀπὸ
2758 3326 2867 3378 τῶν
2896 3326 3230 3381 διδασκάλων
3262 3330 3563 3384 νουθεσίαν.

2046 3406 2125 3459 Δι’
2166 3406 2195 3459 ὃ
2242 3407 2547 3477 παρακαλῶ
2590 3407 2690 3478 τὴν
2750 3409 3022 3479 ὑμετέραν
3074 3411 3316 3482 ἀγάπην,
3387 3414 3569 3466 πᾶσαν

1977 3488 2248 3559 ρᾳθυμίαν
2310 3490 2736 3555 ἀποτινάξασθαι
2800 3492 2895 3545 καὶ
2945 3493 3286 3564 ἀνεγερθῆναι
3345 3496 3563 3565 μικρὸν,

1976 3574 2070 3625 καὶ
2126 3574 2307 3626 πᾶσαν
2359 3575 2457 3644 τὴν
2523 3574 2759 3646 σπουδὴν
2817 3575 3133 3646 μεταθεῖναι
3200 3578 3294 3631 ἐπὶ
3341 3578 3441 3649 τὴν
3463 3583 3564 3652 τῆς

1974 3655 2153 3726 ψυχῆς
2188 3656 2477 3727 σωτηρίαν.
2514 3655 2669 3709 Οὕτω
2720 3656 2830 3728 γάρ
2881 3657 2948 3712 ἀν
2988 3660 3083 3712 καὶ
3131 3660 3231 3730 τὴν
3272 3661 3426 3731 παρά
3469 3663 3562 3715 τοῦ

1975 3738 2112 3791 Θεοῦ
2135 3736 2349 3790 εὔνοιαν
2377 3738 2513 3808 μετά
2538 3737 2819 3807 δαψιλείας
2851 3741 3251 3813 ἐπισπάσησθε,
3283 3744 3375 3796 καὶ
3400 3746 3563 3815 ἡμεῖς

1977 3820 2383 3892 προθυμότερον
2420 3819 2520 3893 τὴν
2562 3820 2703 3891 πρὸς
2743 3821 2887 3892 ὑμᾶς
2926 3822 3274 3878 διδασκαλίαν
3323 3828 3564 3898 ποιησώ-

1981 3904 2141 3975 μεθα,
2163 3904 2396 3975 ὁρῶντες
2418 3905 2499 3967 εἰς
2528 3903 2689 3975 ἔργον
2720 3904 2878 3975 ἡμῶν
2911 3906 3271 3962 ἐκδαίνουσαν
3292 3908 3389 3982 τὴν
3424 3927 3569 3982 συμ-

1978 3987 2195 4059 ϐουλήν.
2233 3987 2385 4041 Ἐπεὶ
2417 3988 2510 4041 καὶ
2547 3988 2811 4058 γεωργὸς,
2849 3988 3068 4043 ἐπειδὰν
3097 3990 3179 4063 ἴδῃ
3213 3992 3312 4062 τῆς
3333 3993 3437 4063 γῆς
3462 3995 3564 4061 τὴν

1978 4071 2389 4143 ἐπιτηδειότητα
2414 4071 2613 4143 πολλὴν
2640 4071 2989 4143 παρέχουσαν
3020 4073 3167 4146 αὑτῷ
3200 4076 3307 4129 τῶν
3333 4078 3565 4149 καρπῶν

1977 4157 2077 4228 τὴν
2108 4157 2301 4226 φοράν,
2340 4156 2435 4210 καὶ
2477 4155 2640 4220 αὑτὸς
2693 4155 2832 4226 μετά
2885 4156 3130 4221 πλείονος
3174 4161 3274 4229 τῆς
3324 4161 3561 4231 σπουδῆς

1978 4240 2116 4312 πρὸς
2162 4240 2288 4303 τοὺς
2334 4238 2433 4308 τῆς
2476 4239 2752 4310 γεωργίας
2792 4239 2988 4303 πόνους
3035 4243 3417 4297 ἐπαποδύεται·
3470 4246 3565 4300 τὸν

1978 4325 2142 4397 αὐτὸν
2183 4324 2248 4395 δὴ
2281 4323 2483 4395 τρόπον
2517 4324 2611 4376 καὶ
2651 4324 2810 4395 ἡμεῖς
2849 4322 2915 4377 ἂν
2943 4322 3272 4395 θεασοίμεθα
3298 4328 3398 4398 τὴν
3423 4326 3565 4382 κατά

1979 4409 2110 4462 Θεὸν
2143 4408 2172 4461 ὑ
2181 4406 2298 4479 μῶν
2326 4406 2630 4477 προκοπὴν,
2656 4407 2750 4459 καὶ
2775 4406 2857 4461 ὅτι
2873 4406 2940 4461 τά
2964 4409 3095 4478 παρ’
3122 4408 3278 4479 ἡμῶν
3298 4409 3564 4482 λεγόμενα

1978 4492 2065 4545 διά
2088 4491 2196 4544 τῶν
2223 4491 2401 4563 ἐργων
2428 4490 2797 4542 ἐνδείκνυσθαι
2825 4490 3177 4554 σπουδάζετε,
3217 4491 3437 4546 πλείονα
3468 4496 3566 4548 καὶ

1977 4576 2133 4630 αὑτοὶ
2179 4574 2270 4628 τὸν
2309 4573 2469 4627 πόνον
2496 4573 2585 4626 τὸν
2614 4572 2989 4626 διδασκαλικὸν
3023 4573 3421 4645 ἐπιδειξόμεθα·
3466 4578 3564 4631 ἆτε

1978 4659 2180 4723 εἰδότες
2213 4659 2294 4710 ὅτι
2314 4657 2375 4711 οὑ
2405 4656 2546 4710 κατά
2572 4654 2788 4726 πετρῶν
2811 4655 3128 4727 σπείρομεν,
3157 4658 3272 4712 ἀλλ’
3294 4661 3374 4724 εἰς
3398 4659 3564 4715 λιπα-

1982 4742 2083 4815 ρὰν
2112 4746 2206 4795 καὶ
2232 4740 2517 4812 βαθύγεων
2543 4739 2957 4809 καταϐάλλομεν
2981 4741 3051 4795 τά
3071 4742 3385 4813 σπέρματα.

2031 4826 2095 4897 β’.
2114 4825 2213 4878 Διά
2228 4826 2337 4897 γὰρ
2350 4824 2509 4878 τοῦτο
2530 4824 2650 4878 καθ’
2668 4824 2906 4894 ἑκάστην
2920 4824 3134 4895 ἡμέραν
3154 4825 3254 4895 τὴν
3271 4824 3405 4895 πρὸς
3422 4824 3563 4896 ὑμᾶς

1978 4908 2325 4963 διδασκαλίαν
2364 4906 2688 4978 ποιούμεθα,
2716 4907 2804 4959 ἵνα
2831 4907 2923 4959 καὶ
2954 4907 3112 4977 ὑμεῖς
3136 4924 3195 4959 κε
3206 4907 3489 4978 ρδάναντές
3511 4924 3565 4959 τι

1978 4994 2250 5064 χρήσιμον
2276 4990 2527 5046 ἐντεῦθεν
2551 4990 2847 5060 ἀπέλθητε,
2871 4990 2965 5043 καὶ
2995 4989 3065 5043 τὰ
3089 4990 3191 5060 τῆς
3210 4990 3415 5063 ἀρετῆς
3436 4991 3565 5061 ὑμῖν

1978 5075 2296 5148 αὐξάνηται,
2326 5076 2423 5129 καὶ
2460 5075 2622 5144 ἡμεῖς
2664 5073 2905 5144 δρῶντες
2942 5073 3099 5144 ὑμῶν
3139 5073 3240 5145 τὴν
3279 5074 3564 5144 προκοπὴν

1980 5158 2422 5230 εὐφραινώμεθα.
2442 5158 2532 5227 Μὴ
2560 5156 2669 5227 γάρ
2694 5156 2881 5219 ἁπλῶς
2896 5156 2991 5209 καὶ
3020 5155 3142 5226 εἰκῆ
3174 5154 3355 5225 λέγειν
3377 5156 3563 5226 βουλό-

1983 5242 2145 5311 μεθα,
2163 5242 2307 5296 ὥστε
2330 5242 2420 5294 τὸν
2443 5241 2574 5311 παρ’
2601 5239 2756 5309 ὑμῶν
2786 5238 3012 5293 ἔπαινον
3034 5237 3453 5309 καρπώσασθαι,
3471 5237 3560 5292 καὶ

1979 5327 2066 5381 ῖνα
2091 5328 2459 5400 κροτήσαντες
2490 5326 2647 5395 ὑμεῖς
2674 5323 3101 5395 ἀναχωρήσητε;
3137 5323 3214 5376 Οὑ
3258 5322 3349 5376 διὰ
3381 5321 3564 5388 τοῦτο,

1982 5412 2058 5482 μὴ
2085 5412 2315 5481 γένοιτο,
2355 5409 2490 5464 ἀλλά
2539 5408 2629 5462 διὰ
2668 5408 2768 5480 τὴν
2815 5407 3085 5475 ὠφέλειαν
3123 5406 3224 5476 τὴν
3272 5406 3564 5478 ὑμετέραν.

1994 5495 2146 5565 Ἐμοὶ
2183 5494 2436 5565 μέγιστος
2470 5491 2691 5554 ἔπαινος
2729 5490 2823 5544 καὶ
2853 5487 3102 5559 ἀρκετὸς,
3131 5488 3186 5541 εί
3211 5506 3298 5553 τις
3328 5491 3439 5543 ἀπὸ
3466 5486 3566 5561 τῆς

1979 5578 2179 5641 κακίας
2201 5577 2293 5630 ἐπὶ
2316 5575 2415 5648 τὴν
2443 5575 2643 5647 ἀρετὴν
2681 5571 3089 5643 μεταδάλλοιτο,
3114 5572 3168 5626 εἰ
3189 5589 3274 5634 τις
3310 5571 3418 5643 πρὸ
3440 5571 3567 5625 τού-

1978 5679 2074 5714 του
2105 5661 2347 5733 ῥάθυμος
2378 5659 2475 5724 ὣν,
2512 5657 2797 5720 σπουδαῖος
2823 5658 2888 5709 ἐκ
2933 5656 3035 5727 τῆς
3072 5656 3202 5727 παρ’
3238 5655 3397 5727 ἡμῶν
3434 5657 3568 5710 ὑπο-

1984 5747 2234 5816 μνήσεως
2261 5745 2515 5815 γένηται·
2548 5741 2707 5796 τοῦτο
2734 5741 2828 5794 καὶ
2853 5740 2977 5810 ἐμοὶ
3008 5739 3264 5811 μέγιστον
3296 5740 3452 5810 φέρει
3473 5741 3567 5794 τὸν

1981 5829 2201 5884 ἔπαινον
2227 5829 2319 5883 καὶ
2344 5828 2442 5898 τὴν
2470 5824 2845 5898 παραμυθίαν,
2861 5824 2955 5878 καὶ
2977 5824 3105 5893 ὑμῖν
3132 5822 3268 5876 πολὺ
3292 5823 3353 5877 τὸ
3375 5823 3565 5895 κέρδος

1987 5911 2082 5966 καὶ
2113 5911 2205 5966 τὸν
2228 5910 2452 5964 πλοῦτον
2480 5909 2571 5964 τὸν
2603 5907 2990 5975 πνευματικόν.
3024 5906 3187 5961 Ἀλλά
3224 5906 3319 5960 καὶ
3354 5916 3436 5971 ὅτι
3468 5916 3567 5975 μὲν
