  <div class='ocr_page' id='page_1' title='image "/cluster/home/n/w/nwhite01/storage/ocr_20150623/54/nnc1.0046978518/099.png"; bbox 0 0 4038 6358; ppageno 0'>
   <div class='ocr_carea' id='block_1_1' title="bbox 486 375 592 434">
    <p class='ocr_par' dir='ltr' id='par_1_1' title="bbox 486 375 592 434">
     <span class='ocr_line' id='line_1_1' title="bbox 486 375 592 434; baseline -0.038 -1"><span class='ocrx_word' id='word_1_1' title='bbox 486 375 592 434; x_wconf 71' lang='grc' dir='ltr'>4ῗὸ</span> 
     </span>
    </p>
   </div>
   <div class='ocr_carea' id='block_1_2' title="bbox 488 488 2055 561">
    <p class='ocr_par' dir='ltr' id='par_1_2' title="bbox 488 488 2055 561">
     <span class='ocr_line' id='line_1_2' title="bbox 488 488 2055 561; baseline -0.004 -15"><span class='ocrx_word' id='word_1_2' title='bbox 488 491 691 561; x_wconf 84' lang='grc' dir='ltr'>πολλὴν</span> <span class='ocrx_word' id='word_1_3' title='bbox 733 488 1058 554; x_wconf 79' lang='grc' dir='ltr'>ἐπιδείξεσθε</span> <span class='ocrx_word' id='word_1_4' title='bbox 1103 488 1203 560; x_wconf 85' lang='grc' dir='ltr'>τὴν</span> <span class='ocrx_word' id='word_1_5' title='bbox 1240 489 1477 561; x_wconf 83' lang='grc' dir='ltr'>σπουδὴν</span> <span class='ocrx_word' id='word_1_6' title='bbox 1501 530 1515 553; x_wconf 90' lang='grc'>,</span> <span class='ocrx_word' id='word_1_7' title='bbox 1549 491 1651 544; x_wconf 89' lang='grc' dir='ltr'>οὐκ</span> <span class='ocrx_word' id='word_1_8' title='bbox 1697 489 2055 560; x_wconf 74' lang='grc' dir='ltr'>ἀμφιϐάλλει)⁸</span> 
     </span>
    </p>
   </div>
   <div class='ocr_carea' id='block_1_3' title="bbox 489 571 2061 644">
    <p class='ocr_par' dir='ltr' id='par_1_3' title="bbox 489 571 2061 644">
     <span class='ocr_line' id='line_1_3' title="bbox 489 571 2061 644; baseline -0.002 -16"><span class='ocrx_word' id='word_1_9' title='bbox 489 571 608 629; x_wconf 83' lang='grc' dir='ltr'>οἶδα</span> <span class='ocrx_word' id='word_1_10' title='bbox 636 573 743 643; x_wconf 82' lang='grc' dir='ltr'>γάρ</span> <span class='ocrx_word' id='word_1_11' title='bbox 763 575 842 626; x_wconf 81' lang='grc' dir='ltr'>ὅτι</span> <span class='ocrx_word' id='word_1_12' title='bbox 886 573 1212 626; x_wconf 81' lang='grc' dir='ltr'>θεοδίδακτοί</span> <span class='ocrx_word' id='word_1_13' title='bbox 1253 575 1396 637; x_wconf 88' lang='grc' dir='ltr'>ἐστε,</span> <span class='ocrx_word' id='word_1_14' title='bbox 1427 574 1714 644; x_wconf 87' lang='grc' dir='ltr'>δυνάμενοι</span> <span class='ocrx_word' id='word_1_15' title='bbox 1741 575 1833 628; x_wconf 58' lang='grc' dir='ltr'>καί⁸</span> <span class='ocrx_word' id='word_1_16' title='bbox 1870 574 2061 636; x_wconf 78' lang='grc' dir='ltr'>ἄλλους</span> 
     </span>
    </p>
   </div>
   <div class='ocr_carea' id='block_1_4' title="bbox 489 655 2062 728">
    <p class='ocr_par' dir='ltr' id='par_1_4' title="bbox 489 655 2062 728">
     <span class='ocr_line' id='line_1_4' title="bbox 489 655 2062 728; baseline -0.001 -18"><span class='ocrx_word' id='word_1_17' title='bbox 489 657 779 711; x_wconf 90' lang='grc' dir='ltr'>νουθετεῖν.</span> <span class='ocrx_word' id='word_1_18' title='bbox 827 656 924 708; x_wconf 86' lang='grc' dir='ltr'>Διά</span> <span class='ocrx_word' id='word_1_19' title='bbox 960 656 1118 709; x_wconf 89' lang='grc' dir='ltr'>τοῦτο</span> <span class='ocrx_word' id='word_1_20' title='bbox 1147 655 1382 710; x_wconf 87' lang='grc' dir='ltr'>ἐνταῦθα</span> <span class='ocrx_word' id='word_1_21' title='bbox 1411 659 1616 728; x_wconf 87' lang='grc' dir='ltr'>στήσας</span> <span class='ocrx_word' id='word_1_22' title='bbox 1653 657 1750 726; x_wconf 81' lang='grc' dir='ltr'>τὴν</span> <span class='ocrx_word' id='word_1_23' title='bbox 1784 657 1912 728; x_wconf 78' lang='grc' dir='ltr'>περὶ</span> <span class='ocrx_word' id='word_1_24' title='bbox 1939 656 2062 708; x_wconf 87' lang='grc' dir='ltr'>τού-</span> 
     </span>
    </p>
   </div>
   <div class='ocr_carea' id='block_1_5' title="bbox 489 737 2062 810">
    <p class='ocr_par' dir='ltr' id='par_1_5' title="bbox 489 737 2062 810">
     <span class='ocr_line' id='line_1_5' title="bbox 489 737 2062 810; baseline -0.002 -17"><span class='ocrx_word' id='word_1_25' title='bbox 489 757 584 793; x_wconf 87' lang='grc' dir='ltr'>του</span> <span class='ocrx_word' id='word_1_26' title='bbox 612 737 940 808; x_wconf 84' lang='grc' dir='ltr'>συμϐουλὴν,</span> <span class='ocrx_word' id='word_1_27' title='bbox 973 739 1071 808; x_wconf 89' lang='grc' dir='ltr'>τῆς</span> <span class='ocrx_word' id='word_1_28' title='bbox 1098 739 1362 808; x_wconf 78' lang='grc' dir='ltr'>συνήθους</span> <span class='ocrx_word' id='word_1_29' title='bbox 1388 739 1596 810; x_wconf 74' lang='grc' dir='ltr'>ἅψομαι</span> <span class='ocrx_word' id='word_1_30' title='bbox 1631 739 1978 801; x_wconf 76' lang='grc' dir='ltr'>διδασκαλίας</span> <span class='ocrx_word' id='word_1_31' title='bbox 1999 740 2062 790; x_wconf 91' lang='grc' dir='ltr'>ἐκ</span> 
     </span>
    </p>
   </div>
   <div class='ocr_carea' id='block_1_6' title="bbox 488 821 2063 896">
    <p class='ocr_par' dir='ltr' id='par_1_6' title="bbox 488 821 2063 896">
     <span class='ocr_line' id='line_1_6' title="bbox 488 821 2063 896; baseline -0.001 -19"><span class='ocrx_word' id='word_1_32' title='bbox 488 825 598 877; x_wconf 88' lang='grc' dir='ltr'>τῶν</span> <span class='ocrx_word' id='word_1_33' title='bbox 620 822 714 876; x_wconf 89' lang='grc' dir='ltr'>τοῦ</span> <span class='ocrx_word' id='word_1_34' title='bbox 747 822 1017 892; x_wconf 75' lang='grc' dir='ltr'>μακαρίου</span> <span class='ocrx_word' id='word_1_35' title='bbox 1042 823 1320 886; x_wconf 87' lang='grc' dir='ltr'>Μωῦσέως</span> <span class='ocrx_word' id='word_1_36' title='bbox 1347 824 1626 896; x_wconf 81' lang='grc' dir='ltr'>ῥημάτων,</span> <span class='ocrx_word' id='word_1_37' title='bbox 1652 822 1850 893; x_wconf 76' lang='grc' dir='ltr'>μᾶλλον</span> <span class='ocrx_word' id='word_1_38' title='bbox 1874 821 1931 874; x_wconf 80' lang='grc' dir='ltr'>δὲ</span> <span class='ocrx_word' id='word_1_39' title='bbox 1954 821 2063 875; x_wconf 87' lang='grc' dir='ltr'>τῶν</span> 
     </span>
    </p>
   </div>
   <div class='ocr_carea' id='block_1_7' title="bbox 489 903 2061 978">
    <p class='ocr_par' dir='ltr' id='par_1_7' title="bbox 489 903 2061 978">
     <span class='ocr_line' id='line_1_7' title="bbox 489 903 2061 978; baseline 0 -20"><span class='ocrx_word' id='word_1_40' title='bbox 489 905 645 976; x_wconf 86' lang='grc' dir='ltr'>παρὰ</span> <span class='ocrx_word' id='word_1_41' title='bbox 663 903 757 959; x_wconf 90' lang='grc' dir='ltr'>τοῦ</span> <span class='ocrx_word' id='word_1_42' title='bbox 784 906 941 973; x_wconf 83' lang='grc' dir='ltr'>ἁγίου</span> <span class='ocrx_word' id='word_1_43' title='bbox 965 905 1102 958; x_wconf 88' lang='grc' dir='ltr'>Πνεύ</span> <span class='ocrx_word' id='word_1_44' title='bbox 1112 923 1278 976; x_wconf 88' lang='grc' dir='ltr'>ματος</span> <span class='ocrx_word' id='word_1_45' title='bbox 1297 907 1362 960; x_wconf 85' lang='grc' dir='ltr'>δι’</span> <span class='ocrx_word' id='word_1_46' title='bbox 1389 906 1553 961; x_wconf 91' lang='grc' dir='ltr'>αὐτοῦ</span> <span class='ocrx_word' id='word_1_47' title='bbox 1580 908 1710 978; x_wconf 84' lang='grc' dir='ltr'>ἡμῖν</span> <span class='ocrx_word' id='word_1_48' title='bbox 1734 909 1854 978; x_wconf 87' lang='grc' dir='ltr'>είρη</span> <span class='ocrx_word' id='word_1_49' title='bbox 1864 905 2061 976; x_wconf 87' lang='grc' dir='ltr'>μένων,</span> 
     </span>
    </p>
   </div>
   <div class='ocr_carea' id='block_1_8' title="bbox 493 988 2064 1060">
    <p class='ocr_par' dir='ltr' id='par_1_8' title="bbox 493 988 2064 1060">
     <span class='ocr_line' id='line_1_8' title="bbox 493 988 2064 1060; baseline 0.001 -20"><span class='ocrx_word' id='word_1_50' title='bbox 493 989 666 1060; x_wconf 88' lang='grc' dir='ltr'>μικρά</span> <span class='ocrx_word' id='word_1_51' title='bbox 700 1005 823 1041; x_wconf 89' lang='grc' dir='ltr'>τινα</span> <span class='ocrx_word' id='word_1_52' title='bbox 850 991 930 1052; x_wconf 91' lang='grc' dir='ltr'>είς</span> <span class='ocrx_word' id='word_1_53' title='bbox 951 989 1012 1040; x_wconf 83' lang='grc' dir='ltr'>τὸ</span> <span class='ocrx_word' id='word_1_54' title='bbox 1046 989 1212 1058; x_wconf 82' lang='grc' dir='ltr'>μέσον</span> <span class='ocrx_word' id='word_1_55' title='bbox 1242 990 1528 1060; x_wconf 76' lang='grc' dir='ltr'>προσθεὶς,</span> <span class='ocrx_word' id='word_1_56' title='bbox 1564 990 1772 1042; x_wconf 87' lang='grc' dir='ltr'>ἐκεῖθεν</span> <span class='ocrx_word' id='word_1_57' title='bbox 1799 989 1928 1058; x_wconf 85' lang='grc' dir='ltr'>ὑμῖν</span> <span class='ocrx_word' id='word_1_58' title='bbox 1967 988 2064 1058; x_wconf 84' lang='grc' dir='ltr'>σή-</span> 
     </span>
    </p>
   </div>
   <div class='ocr_carea' id='block_1_9' title="bbox 494 1070 2063 1145">
    <p class='ocr_par' dir='ltr' id='par_1_9' title="bbox 494 1070 2063 1145">
     <span class='ocr_line' id='line_1_9' title="bbox 494 1070 2063 1145; baseline -0.001 -20"><span class='ocrx_word' id='word_1_59' title='bbox 494 1089 660 1142; x_wconf 88' lang='grc' dir='ltr'>μερον</span> <span class='ocrx_word' id='word_1_60' title='bbox 694 1073 792 1144; x_wconf 79' lang='grc' dir='ltr'>τὴν</span> <span class='ocrx_word' id='word_1_61' title='bbox 815 1073 1058 1126; x_wconf 87' lang='grc' dir='ltr'>ἐστίασιν</span> <span class='ocrx_word' id='word_1_62' title='bbox 1093 1075 1504 1145; x_wconf 87' lang='grc' dir='ltr'>παραθήσομαι.</span> <span class='ocrx_word' id='word_1_63' title='bbox 1544 1073 1843 1127; x_wconf 81' lang='grc' dir='ltr'>Ἠκούσατε</span> <span class='ocrx_word' id='word_1_64' title='bbox 1871 1070 2063 1144; x_wconf 84' lang='grc' dir='ltr'>πρώην</span> 
     </span>
    </p>
   </div>
   <div class='ocr_carea' id='block_1_10' title="bbox 489 1153 2064 1228">
    <p class='ocr_par' dir='ltr' id='par_1_10' title="bbox 489 1153 2064 1228">
     <span class='ocr_line' id='line_1_10' title="bbox 489 1153 2064 1228; baseline 0.001 -20"><span class='ocrx_word' id='word_1_65' title='bbox 489 1156 639 1220; x_wconf 76' lang='grc' dir='ltr'>ὅπως</span> <span class='ocrx_word' id='word_1_66' title='bbox 672 1153 816 1208; x_wconf 86' lang='grc' dir='ltr'>κατά</span> <span class='ocrx_word' id='word_1_67' title='bbox 865 1155 965 1227; x_wconf 80' lang='grc' dir='ltr'>τὴν</span> <span class='ocrx_word' id='word_1_68' title='bbox 1015 1155 1322 1228; x_wconf 83' lang='grc' dir='ltr'>συμϐουλήν</span> <span class='ocrx_word' id='word_1_69' title='bbox 1365 1157 1466 1227; x_wconf 84' lang='grc' dir='ltr'>τῆς</span> <span class='ocrx_word' id='word_1_70' title='bbox 1507 1156 1802 1219; x_wconf 85' lang='grc' dir='ltr'>Ῥεϐέκκας</span> <span class='ocrx_word' id='word_1_71' title='bbox 1847 1157 2064 1210; x_wconf 76' lang='grc' dir='ltr'>ἅπαντα</span> 
     </span>
    </p>
   </div>
   <div class='ocr_carea' id='block_1_11' title="bbox 489 1237 2064 1312">
    <p class='ocr_par' dir='ltr' id='par_1_11' title="bbox 489 1237 2064 1312">
     <span class='ocr_line' id='line_1_11' title="bbox 489 1237 2064 1312; baseline -0.001 -19"><span class='ocrx_word' id='word_1_72' title='bbox 489 1237 933 1308; x_wconf 73' lang='grc' dir='ltr'>διαπραξάμενος</span> <span class='ocrx_word' id='word_1_73' title='bbox 954 1239 984 1292; x_wconf 90' lang='lat'>6</span> <span class='ocrx_word' id='word_1_74' title='bbox 1023 1238 1234 1302; x_wconf 88' lang='grc' dir='ltr'>Ἰακὼϐ,</span> <span class='ocrx_word' id='word_1_75' title='bbox 1264 1239 1362 1310; x_wconf 83' lang='grc' dir='ltr'>τὴν</span> <span class='ocrx_word' id='word_1_76' title='bbox 1388 1241 1540 1310; x_wconf 88' lang='grc' dir='ltr'>παρά</span> <span class='ocrx_word' id='word_1_77' title='bbox 1566 1241 1659 1294; x_wconf 90' lang='grc' dir='ltr'>τοῦ</span> <span class='ocrx_word' id='word_1_78' title='bbox 1684 1238 1835 1312; x_wconf 70' lang='grc' dir='ltr'>[εει]</span> <span class='ocrx_word' id='word_1_79' title='bbox 1858 1238 2064 1309; x_wconf 84' lang='grc' dir='ltr'>πατρὸς</span> 
     </span>
    </p>
   </div>
   <div class='ocr_carea' id='block_1_12' title="bbox 492 1321 2065 1395">
    <p class='ocr_par' dir='ltr' id='par_1_12' title="bbox 492 1321 2065 1395">
     <span class='ocr_line' id='line_1_12' title="bbox 492 1321 2065 1395; baseline 0 -22"><span class='ocrx_word' id='word_1_80' title='bbox 492 1321 742 1388; x_wconf 81' lang='grc' dir='ltr'>εὐλογίαν</span> <span class='ocrx_word' id='word_1_81' title='bbox 773 1323 1139 1387; x_wconf 88' lang='grc' dir='ltr'>ἐπεσπάσατο,</span> <span class='ocrx_word' id='word_1_82' title='bbox 1172 1321 1270 1394; x_wconf 78' lang='grc' dir='ltr'>τὴν</span> <span class='ocrx_word' id='word_1_83' title='bbox 1300 1323 1586 1395; x_wconf 84' lang='grc' dir='ltr'>ἐπαινετὴν</span> <span class='ocrx_word' id='word_1_84' title='bbox 1615 1323 1830 1394; x_wconf 87' lang='grc' dir='ltr'>ἐκείνην</span> <span class='ocrx_word' id='word_1_85' title='bbox 1860 1321 2065 1393; x_wconf 80' lang='grc' dir='ltr'>κλοπήν</span> 
     </span>
    </p>
   </div>
   <div class='ocr_carea' id='block_1_13' title="bbox 493 1403 2062 1476">
    <p class='ocr_par' dir='ltr' id='par_1_13' title="bbox 493 1403 2062 1476">
     <span class='ocr_line' id='line_1_13' title="bbox 493 1403 2062 1476; baseline 0.001 -20"><span class='ocrx_word' id='word_1_86' title='bbox 493 1403 923 1475; x_wconf 78' lang='grc' dir='ltr'>ἐπιδειξάμενος,</span> <span class='ocrx_word' id='word_1_87' title='bbox 949 1406 1016 1458; x_wconf 82' lang='grc' dir='ltr'>δι’</span> <span class='ocrx_word' id='word_1_88' title='bbox 1041 1405 1069 1458; x_wconf 84' lang='grc' dir='ltr'><strong><em>ὃ</em></strong></span> <span class='ocrx_word' id='word_1_89' title='bbox 1105 1405 1203 1459; x_wconf 75' lang='grc' dir='ltr'>καὶ</span> <span class='ocrx_word' id='word_1_90' title='bbox 1230 1406 1330 1476; x_wconf 91' lang='grc' dir='ltr'>τῆς</span> <span class='ocrx_word' id='word_1_91' title='bbox 1361 1405 1512 1476; x_wconf 88' lang='grc' dir='ltr'>παρά</span> <span class='ocrx_word' id='word_1_92' title='bbox 1551 1405 1646 1460; x_wconf 91' lang='grc' dir='ltr'>τοῦ</span> <span class='ocrx_word' id='word_1_93' title='bbox 1691 1405 1827 1459; x_wconf 86' lang='grc' dir='ltr'>Θεοῦ</span> <span class='ocrx_word' id='word_1_94' title='bbox 1871 1421 2062 1475; x_wconf 86' lang='grc' dir='ltr'>συνερ-</span> 
     </span>
    </p>
   </div>
   <div class='ocr_carea' id='block_1_14' title="bbox 491 1486 2066 1558">
    <p class='ocr_par' dir='ltr' id='par_1_14' title="bbox 491 1486 2066 1558">
     <span class='ocr_line' id='line_1_14' title="bbox 491 1486 2066 1558; baseline -0.001 -18"><span class='ocrx_word' id='word_1_95' title='bbox 491 1488 618 1553; x_wconf 87' lang='grc' dir='ltr'>γίας</span> <span class='ocrx_word' id='word_1_96' title='bbox 650 1488 948 1557; x_wconf 87' lang='grc' dir='ltr'>ἀπήλαυσε,</span> <span class='ocrx_word' id='word_1_97' title='bbox 975 1488 1068 1540; x_wconf 73' lang='grc' dir='ltr'>καὶ</span> <span class='ocrx_word' id='word_1_98' title='bbox 1099 1490 1178 1550; x_wconf 91' lang='grc' dir='ltr'>εἰς</span> <span class='ocrx_word' id='word_1_99' title='bbox 1205 1486 1363 1557; x_wconf 79' lang='grc' dir='ltr'>ἔργον</span> <span class='ocrx_word' id='word_1_100' title='bbox 1387 1487 1610 1558; x_wconf 81' lang='grc' dir='ltr'>ἐξῆλθεν</span> <span class='ocrx_word' id='word_1_101' title='bbox 1640 1488 1791 1558; x_wconf 84' lang='grc' dir='ltr'>αὐτῷ</span> <span class='ocrx_word' id='word_1_102' title='bbox 1816 1487 1876 1541; x_wconf 86' lang='grc' dir='ltr'>τὸ</span> <span class='ocrx_word' id='word_1_103' title='bbox 1901 1503 2066 1540; x_wconf 88' lang='grc' dir='ltr'>σπου-</span> 
     </span>
    </p>
   </div>
   <div class='ocr_carea' id='block_1_15' title="bbox 490 1569 2065 1642">
    <p class='ocr_par' dir='ltr' id='par_1_15' title="bbox 490 1569 2065 1642">
     <span class='ocr_line' id='line_1_15' title="bbox 490 1569 2065 1642; baseline -0.001 -19"><span class='ocrx_word' id='word_1_104' title='bbox 490 1570 784 1640; x_wconf 79' lang='grc' dir='ltr'>δαζόμενον</span> <span class='ocrx_word' id='word_1_105' title='bbox 802 1588 816 1602; x_wconf 91' lang='grc'><strong>·</strong></span> <span class='ocrx_word' id='word_1_106' title='bbox 843 1569 955 1622; x_wconf 86' lang='grc' dir='ltr'>ἀλλ’</span> <span class='ocrx_word' id='word_1_107' title='bbox 979 1570 1162 1640; x_wconf 88' lang='grc' dir='ltr'>ἐπειδή</span> <span class='ocrx_word' id='word_1_108' title='bbox 1189 1571 1436 1626; x_wconf 87' lang='grc' dir='ltr'>ἐντεῦθεν</span> <span class='ocrx_word' id='word_1_109' title='bbox 1455 1571 1604 1642; x_wconf 84' lang='grc' dir='ltr'>αὐτῷ</span> <span class='ocrx_word' id='word_1_110' title='bbox 1632 1571 1799 1634; x_wconf 79' lang='grc' dir='ltr'>πολὺς</span> <span class='ocrx_word' id='word_1_111' title='bbox 1819 1573 1848 1624; x_wconf 93' lang='lat'>6</span> <span class='ocrx_word' id='word_1_112' title='bbox 1874 1570 2065 1638; x_wconf 90' lang='grc' dir='ltr'>φθόνος</span> 
     </span>
    </p>
   </div>
   <div class='ocr_carea' id='block_1_16' title="bbox 493 1651 2064 1725">
    <p class='ocr_par' dir='ltr' id='par_1_16' title="bbox 493 1651 2064 1725">
     <span class='ocr_line' id='line_1_16' title="bbox 493 1651 2064 1725; baseline -0.001 -19"><span class='ocrx_word' id='word_1_113' title='bbox 493 1655 734 1706; x_wconf 78' lang='grc' dir='ltr'>ἐτίκτετο</span> <span class='ocrx_word' id='word_1_114' title='bbox 775 1653 924 1725; x_wconf 88' lang='grc' dir='ltr'>παρά</span> <span class='ocrx_word' id='word_1_115' title='bbox 955 1654 1050 1706; x_wconf 87' lang='grc' dir='ltr'>τοῦ</span> <span class='ocrx_word' id='word_1_116' title='bbox 1095 1651 1301 1718; x_wconf 86' lang='grc' dir='ltr'>Ἡσαῦ,</span> <span class='ocrx_word' id='word_1_117' title='bbox 1353 1655 1445 1708; x_wconf 73' lang='grc' dir='ltr'>καί⁹</span> <span class='ocrx_word' id='word_1_118' title='bbox 1490 1654 1628 1725; x_wconf 84' lang='grc' dir='ltr'>πρὸς</span> <span class='ocrx_word' id='word_1_119' title='bbox 1669 1653 1829 1722; x_wconf 87' lang='grc' dir='ltr'>φόνον</span> <span class='ocrx_word' id='word_1_120' title='bbox 1880 1653 2064 1706; x_wconf 87' lang='grc' dir='ltr'>λοιπὸν</span> 
     </span>
    </p>
   </div>
   <div class='ocr_carea' id='block_1_17' title="bbox 495 1733 2063 1807">
    <p class='ocr_par' dir='ltr' id='par_1_17' title="bbox 495 1733 2063 1807">
     <span class='ocr_line' id='line_1_17' title="bbox 495 1733 2063 1807; baseline -0.001 -19"><span class='ocrx_word' id='word_1_121' title='bbox 495 1735 934 1806; x_wconf 79' lang='grc' dir='ltr'>παρεσκευάζετο</span> <span class='ocrx_word' id='word_1_122' title='bbox 956 1749 1007 1776; x_wconf 75' lang='grc' dir='ltr'>α’</span> <span class='ocrx_word' id='word_1_123' title='bbox 1024 1735 1261 1788; x_wconf 87' lang='grc' dir='ltr'>τοιοῦτον</span> <span class='ocrx_word' id='word_1_124' title='bbox 1290 1736 1398 1807; x_wconf 85' lang='grc' dir='ltr'>γὰρ</span> <span class='ocrx_word' id='word_1_125' title='bbox 1433 1737 1586 1790; x_wconf 69' lang='grc' dir='ltr'>τουτὶ</span> <span class='ocrx_word' id='word_1_126' title='bbox 1603 1737 1662 1789; x_wconf 77' lang='grc' dir='ltr'>τὸ</span> <span class='ocrx_word' id='word_1_127' title='bbox 1689 1736 1928 1806; x_wconf 83' lang='grc' dir='ltr'>ὀλέθριον</span> <span class='ocrx_word' id='word_1_128' title='bbox 1958 1733 2063 1788; x_wconf 90' lang='grc' dir='ltr'>πά-</span> 
     </span>
    </p>
   </div>
   <div class='ocr_carea' id='block_1_18' title="bbox 493 1818 2068 1890">
    <p class='ocr_par' dir='ltr' id='par_1_18' title="bbox 493 1818 2068 1890">
     <span class='ocr_line' id='line_1_18' title="bbox 493 1818 2068 1890; baseline 0.001 -19"><span class='ocrx_word' id='word_1_129' title='bbox 493 1819 612 1882; x_wconf 87' lang='grc' dir='ltr'>θος·</span> <span class='ocrx_word' id='word_1_130' title='bbox 646 1821 706 1872; x_wconf 90' lang='grc' dir='ltr'>οὐ</span> <span class='ocrx_word' id='word_1_131' title='bbox 739 1819 999 1889; x_wconf 85' lang='grc' dir='ltr'>πρότερον</span> <span class='ocrx_word' id='word_1_132' title='bbox 1024 1820 1258 1881; x_wconf 87' lang='grc' dir='ltr'>ἵσταται,</span> <span class='ocrx_word' id='word_1_133' title='bbox 1284 1820 1476 1890; x_wconf 80' lang='grc' dir='ltr'>μέχρις</span> <span class='ocrx_word' id='word_1_134' title='bbox 1500 1820 1565 1874; x_wconf 85' lang='grc' dir='ltr'>ἂν</span> <span class='ocrx_word' id='word_1_135' title='bbox 1600 1819 1689 1873; x_wconf 89' lang='grc' dir='ltr'>τὸν</span> <span class='ocrx_word' id='word_1_136' title='bbox 1713 1819 1818 1872; x_wconf 86' lang='grc' dir='ltr'>ὐπὸ</span> <span class='ocrx_word' id='word_1_137' title='bbox 1844 1818 1937 1871; x_wconf 91' lang='grc' dir='ltr'>τοῦ</span> <span class='ocrx_word' id='word_1_138' title='bbox 1967 1818 2068 1872; x_wconf 81' lang='grc' dir='ltr'>πά·</span> 
     </span>
    </p>
   </div>
   <div class='ocr_carea' id='block_1_19' title="bbox 493 1901 2061 1974">
    <p class='ocr_par' dir='ltr' id='par_1_19' title="bbox 493 1901 2061 1974">
     <span class='ocr_line' id='line_1_19' title="bbox 493 1901 2061 1974; baseline 0 -20"><span class='ocrx_word' id='word_1_139' title='bbox 493 1902 619 1966; x_wconf 88' lang='grc' dir='ltr'>θους</span> <span class='ocrx_word' id='word_1_140' title='bbox 646 1903 836 1955; x_wconf 85' lang='grc' dir='ltr'>ἁλόντα</span> <span class='ocrx_word' id='word_1_141' title='bbox 864 1903 1004 1955; x_wconf 88' lang='grc' dir='ltr'>κατά</span> <span class='ocrx_word' id='word_1_142' title='bbox 1039 1903 1300 1973; x_wconf 84' lang='grc' dir='ltr'>κρημνῶν</span> <span class='ocrx_word' id='word_1_143' title='bbox 1330 1903 1611 1973; x_wconf 77' lang='grc' dir='ltr'>ἐνεχθῆναι</span> <span class='ocrx_word' id='word_1_144' title='bbox 1647 1901 2061 1974; x_wconf 79' lang='grc' dir='ltr'>παρασκευάσῃ,</span> 
     </span>
    </p>
   </div>
   <div class='ocr_carea' id='block_1_20' title="bbox 493 1984 2066 2056">
    <p class='ocr_par' dir='ltr' id='par_1_20' title="bbox 493 1984 2066 2056">
     <span class='ocr_line' id='line_1_20' title="bbox 493 1984 2066 2056; baseline 0.001 -20"><span class='ocrx_word' id='word_1_145' title='bbox 493 1984 587 2036; x_wconf 78' lang='grc' dir='ltr'>καὶ</span> <span class='ocrx_word' id='word_1_146' title='bbox 621 1985 756 2052; x_wconf 86' lang='grc' dir='ltr'>πρὸς</span> <span class='ocrx_word' id='word_1_147' title='bbox 797 1985 896 2054; x_wconf 78' lang='grc' dir='ltr'>τὴν</span> <span class='ocrx_word' id='word_1_148' title='bbox 924 1984 1016 2038; x_wconf 88' lang='grc' dir='ltr'>τοῦ</span> <span class='ocrx_word' id='word_1_149' title='bbox 1047 1985 1206 2053; x_wconf 89' lang='grc' dir='ltr'>φόνου</span> <span class='ocrx_word' id='word_1_150' title='bbox 1245 1987 1592 2056; x_wconf 83' lang='grc' dir='ltr'>παρανομίαν</span> <span class='ocrx_word' id='word_1_151' title='bbox 1629 1987 1870 2056; x_wconf 86' lang='grc' dir='ltr'>δραμεῖν.</span> <span class='ocrx_word' id='word_1_152' title='bbox 1914 1984 2066 2048; x_wconf 80' lang='grc' dir='ltr'>Ῥίζα</span> 
     </span>
    </p>
   </div>
   <div class='ocr_carea' id='block_1_21' title="bbox 494 2067 2064 2140">
    <p class='ocr_par' dir='ltr' id='par_1_21' title="bbox 494 2067 2064 2140">
     <span class='ocr_line' id='line_1_21' title="bbox 494 2067 2064 2140; baseline 0.001 -20"><span class='ocrx_word' id='word_1_153' title='bbox 494 2068 604 2138; x_wconf 86' lang='grc' dir='ltr'>γὰρ</span> <span class='ocrx_word' id='word_1_154' title='bbox 633 2067 725 2120; x_wconf 88' lang='grc' dir='ltr'>τοῦ</span> <span class='ocrx_word' id='word_1_155' title='bbox 760 2069 919 2136; x_wconf 90' lang='grc' dir='ltr'>φόνου</span> <span class='ocrx_word' id='word_1_156' title='bbox 945 2071 974 2122; x_wconf 93' lang='lat'>6</span> <span class='ocrx_word' id='word_1_157' title='bbox 993 2069 1204 2138; x_wconf 84' lang='grc' dir='ltr'>φθόνος.</span> <span class='ocrx_word' id='word_1_158' title='bbox 1229 2069 1386 2124; x_wconf 84' lang='grc' dir='ltr'>Οῦτω</span> <span class='ocrx_word' id='word_1_159' title='bbox 1413 2072 1504 2124; x_wconf 78' lang='grc' dir='ltr'>κα¹ι</span> <span class='ocrx_word' id='word_1_160' title='bbox 1537 2070 1596 2134; x_wconf 83' lang='grc' dir='ltr'>ἐξ</span> <span class='ocrx_word' id='word_1_161' title='bbox 1626 2071 1803 2140; x_wconf 89' lang='grc' dir='ltr'>ἀρχῆς</span> <span class='ocrx_word' id='word_1_162' title='bbox 1841 2069 1935 2122; x_wconf 74' lang='grc' dir='ltr'>ἐπὶ</span> <span class='ocrx_word' id='word_1_163' title='bbox 1970 2068 2064 2122; x_wconf 90' lang='grc' dir='ltr'>τοῦ</span> 
     </span>
    </p>
   </div>
   <div class='ocr_carea' id='block_1_22' title="bbox 494 2153 2066 2225">
    <p class='ocr_par' dir='ltr' id='par_1_22' title="bbox 494 2153 2066 2225">
     <span class='ocr_line' id='line_1_22' title="bbox 494 2153 2066 2225; baseline 0 -20"><span class='ocrx_word' id='word_1_164' title='bbox 494 2153 636 2206; x_wconf 83' lang='grc' dir='ltr'>Κάῖν</span> <span class='ocrx_word' id='word_1_165' title='bbox 677 2153 770 2205; x_wconf 73' lang='grc' dir='ltr'>καὶ</span> <span class='ocrx_word' id='word_1_166' title='bbox 805 2153 900 2204; x_wconf 75' lang='grc' dir='ltr'>ἐπὶ</span> <span class='ocrx_word' id='word_1_167' title='bbox 951 2153 1046 2206; x_wconf 90' lang='grc' dir='ltr'>τοῦ</span> <span class='ocrx_word' id='word_1_168' title='bbox 1083 2153 1249 2206; x_wconf 76' lang='grc' dir='ltr'>Ἅϐελ</span> <span class='ocrx_word' id='word_1_169' title='bbox 1289 2154 1532 2223; x_wconf 90' lang='grc' dir='ltr'>γέγονεν.</span> <span class='ocrx_word' id='word_1_170' title='bbox 1569 2155 1737 2209; x_wconf 81' lang='grc' dir='ltr'>Οὐδὲν</span> <span class='ocrx_word' id='word_1_171' title='bbox 1780 2154 1888 2225; x_wconf 84' lang='grc' dir='ltr'>γὰρ</span> <span class='ocrx_word' id='word_1_172' title='bbox 1927 2153 2066 2223; x_wconf 79' lang='grc' dir='ltr'>ἔχων</span> 
     </span>
    </p>
   </div>
   <div class='ocr_carea' id='block_1_23' title="bbox 493 2236 2067 2308">
    <p class='ocr_par' dir='ltr' id='par_1_23' title="bbox 493 2236 2067 2308">
     <span class='ocr_line' id='line_1_23' title="bbox 493 2236 2067 2308; baseline 0.001 -20"><span class='ocrx_word' id='word_1_173' title='bbox 493 2236 614 2288; x_wconf 86' lang='grc' dir='ltr'>οὐδέ</span> <span class='ocrx_word' id='word_1_174' title='bbox 680 2238 924 2299; x_wconf 86' lang='grc' dir='ltr'>ἐκεῖνος,</span> <span class='ocrx_word' id='word_1_175' title='bbox 957 2237 1019 2290; x_wconf 80' lang='grc' dir='ltr'>οὐ</span> <span class='ocrx_word' id='word_1_176' title='bbox 1073 2237 1301 2307; x_wconf 87' lang='grc' dir='ltr'>μικρὸν,</span> <span class='ocrx_word' id='word_1_177' title='bbox 1353 2241 1415 2292; x_wconf 85' lang='grc' dir='ltr'>οὐ</span> <span class='ocrx_word' id='word_1_178' title='bbox 1473 2239 1617 2308; x_wconf 89' lang='grc' dir='ltr'>μέγα</span> <span class='ocrx_word' id='word_1_179' title='bbox 1665 2238 1958 2307; x_wconf 78' lang='grc' dir='ltr'>ἐγκαλέσαι</span> <span class='ocrx_word' id='word_1_180' title='bbox 1989 2237 2067 2308; x_wconf 84' lang='grc' dir='ltr'>τῷ</span> 
     </span>
    </p>
   </div>
   <div class='ocr_carea' id='block_1_24' title="bbox 493 2317 2068 2393">
    <p class='ocr_par' dir='ltr' id='par_1_24' title="bbox 493 2317 2068 2393">
     <span class='ocr_line' id='line_1_24' title="bbox 493 2317 2068 2393; baseline 0.002 -22"><span class='ocrx_word' id='word_1_181' title='bbox 493 2317 728 2388; x_wconf 82' lang='grc' dir='ltr'>ἀδελφῷ,</span> <span class='ocrx_word' id='word_1_182' title='bbox 760 2319 945 2390; x_wconf 80' lang='grc' dir='ltr'>ἐπειδὴ</span> <span class='ocrx_word' id='word_1_183' title='bbox 974 2317 1111 2374; x_wconf 88' lang='grc' dir='ltr'>εἶδεν</span> <span class='ocrx_word' id='word_1_184' title='bbox 1145 2321 1532 2392; x_wconf 81' lang='grc' dir='ltr'>εὐδοκιμοῦντα</span> <span class='ocrx_word' id='word_1_185' title='bbox 1564 2323 1713 2393; x_wconf 82' lang='grc' dir='ltr'>παρὰ</span> <span class='ocrx_word' id='word_1_186' title='bbox 1733 2321 2068 2393; x_wconf 84' lang='grc' dir='ltr'>τῷΔεσπότῃ</span> 
     </span>
    </p>
   </div>
   <div class='ocr_carea' id='block_1_25' title="bbox 492 2400 2068 2476">
    <p class='ocr_par' dir='ltr' id='par_1_25' title="bbox 492 2400 2068 2476">
     <span class='ocr_line' id='line_1_25' title="bbox 492 2400 2068 2476; baseline 0.003 -25"><span class='ocrx_word' id='word_1_187' title='bbox 492 2401 601 2454; x_wconf 89' lang='grc' dir='ltr'>τῶν</span> <span class='ocrx_word' id='word_1_188' title='bbox 622 2402 758 2454; x_wconf 84' lang='grc' dir='ltr'>ὅλων</span> <span class='ocrx_word' id='word_1_189' title='bbox 776 2400 883 2455; x_wconf 81' lang='grc' dir='ltr'>ἀπὸ</span> <span class='ocrx_word' id='word_1_190' title='bbox 901 2402 1000 2472; x_wconf 89' lang='grc' dir='ltr'>τῆς</span> <span class='ocrx_word' id='word_1_191' title='bbox 1024 2403 1395 2474; x_wconf 69' lang='grc' dir='ltr'>προσκομιδῆς</span> <span class='ocrx_word' id='word_1_192' title='bbox 1412 2405 1522 2458; x_wconf 91' lang='grc' dir='ltr'>τῶν</span> <span class='ocrx_word' id='word_1_193' title='bbox 1539 2405 1746 2476; x_wconf 86' lang='grc' dir='ltr'>δώρων,</span> <span class='ocrx_word' id='word_1_194' title='bbox 1764 2406 1861 2458; x_wconf 72' lang='grc' dir='ltr'>καὶ</span> <span class='ocrx_word' id='word_1_195' title='bbox 1881 2404 2068 2458; x_wconf 87' lang='grc' dir='ltr'>ἐαυτὸν</span> 
     </span>
    </p>
   </div>
   <div class='ocr_carea' id='block_1_26' title="bbox 491 2484 2068 2559">
    <p class='ocr_par' dir='ltr' id='par_1_26' title="bbox 491 2484 2068 2559">
     <span class='ocr_line' id='line_1_26' title="bbox 491 2484 2068 2559; baseline 0.001 -21"><span class='ocrx_word' id='word_1_196' title='bbox 491 2484 797 2555; x_wconf 88' lang='grc' dir='ltr'>ἀπόϐλητον</span> <span class='ocrx_word' id='word_1_197' title='bbox 825 2486 1187 2557; x_wconf 82' lang='grc' dir='ltr'>γεγενημένον</span> <span class='ocrx_word' id='word_1_198' title='bbox 1209 2487 1298 2540; x_wconf 84' lang='grc' dir='ltr'>διὰ</span> <span class='ocrx_word' id='word_1_199' title='bbox 1316 2489 1415 2558; x_wconf 85' lang='grc' dir='ltr'>τὴν</span> <span class='ocrx_word' id='word_1_200' title='bbox 1436 2489 1644 2542; x_wconf 77' lang='grc' dir='ltr'>οἰκείαν</span> <span class='ocrx_word' id='word_1_201' title='bbox 1673 2489 1962 2559; x_wconf 78' lang='grc' dir='ltr'>ρᾳθυμίαν,</span> <span class='ocrx_word' id='word_1_202' title='bbox 1989 2489 2068 2551; x_wconf 88' lang='grc' dir='ltr'>εἰς</span> 
     </span>
    </p>
   </div>
   <div class='ocr_carea' id='block_1_27' title="bbox 495 2567 2070 2642">
    <p class='ocr_par' dir='ltr' id='par_1_27' title="bbox 495 2567 2070 2642">
     <span class='ocr_line' id='line_1_27' title="bbox 495 2567 2070 2642; baseline 0.003 -22"><span class='ocrx_word' id='word_1_203' title='bbox 495 2567 688 2635; x_wconf 81' lang='grc' dir='ltr'>φθόνον</span> <span class='ocrx_word' id='word_1_204' title='bbox 710 2568 873 2631; x_wconf 80' lang='grc' dir='ltr'>εὐθὺς</span> <span class='ocrx_word' id='word_1_205' title='bbox 893 2569 1220 2642; x_wconf 84' lang='grc' dir='ltr'>διηγείρετο,</span> <span class='ocrx_word' id='word_1_206' title='bbox 1245 2572 1339 2624; x_wconf 79' lang='grc' dir='ltr'>καὶ</span> <span class='ocrx_word' id='word_1_207' title='bbox 1360 2571 1458 2641; x_wconf 86' lang='grc' dir='ltr'>τὴν</span> <span class='ocrx_word' id='word_1_208' title='bbox 1489 2572 1644 2641; x_wconf 78' lang='grc' dir='ltr'>ῥίζαν</span> <span class='ocrx_word' id='word_1_209' title='bbox 1677 2571 1771 2624; x_wconf 91' lang='grc' dir='ltr'>τοῦ</span> <span class='ocrx_word' id='word_1_210' title='bbox 1800 2572 1960 2641; x_wconf 82' lang='grc' dir='ltr'>φόνου</span> <span class='ocrx_word' id='word_1_211' title='bbox 1991 2588 2070 2624; x_wconf 83' lang='grc' dir='ltr'>τε-</span> 
     </span>
    </p>
   </div>
   <div class='ocr_carea' id='block_1_28' title="bbox 494 2651 2069 2728">
    <p class='ocr_par' dir='ltr' id='par_1_28' title="bbox 494 2651 2069 2728">
     <span class='ocr_line' id='line_1_28' title="bbox 494 2651 2069 2728; baseline 0.003 -24"><span class='ocrx_word' id='word_1_212' title='bbox 494 2651 606 2705; x_wconf 88' lang='grc' dir='ltr'>κὼν</span> <span class='ocrx_word' id='word_1_213' title='bbox 625 2653 682 2704; x_wconf 88' lang='grc' dir='ltr'>ἐν</span> <span class='ocrx_word' id='word_1_214' title='bbox 705 2654 770 2722; x_wconf 86' lang='grc' dir='ltr'>τῇ</span> <span class='ocrx_word' id='word_1_215' title='bbox 794 2653 1019 2724; x_wconf 79' lang='grc' dir='ltr'>διανοίᾳ,</span> <span class='ocrx_word' id='word_1_216' title='bbox 1039 2655 1380 2726; x_wconf 82' lang='grc' dir='ltr'>παραχρῆμα</span> <span class='ocrx_word' id='word_1_217' title='bbox 1400 2655 1496 2708; x_wconf 76' lang='grc' dir='ltr'>καὶ</span> <span class='ocrx_word' id='word_1_218' title='bbox 1522 2655 1612 2710; x_wconf 87' lang='grc' dir='ltr'>τὸν</span> <span class='ocrx_word' id='word_1_219' title='bbox 1637 2655 1843 2728; x_wconf 83' lang='grc' dir='ltr'>καρπὸν</span> <span class='ocrx_word' id='word_1_220' title='bbox 1865 2657 2069 2708; x_wconf 88' lang='grc' dir='ltr'>ἐκεῖνον</span> 
     </span>
    </p>
   </div>
   <div class='ocr_carea' id='block_1_29' title="bbox 493 2736 2070 2809">
    <p class='ocr_par' dir='ltr' id='par_1_29' title="bbox 493 2736 2070 2809">
     <span class='ocr_line' id='line_1_29' title="bbox 493 2736 2070 2809; baseline 0.001 -20"><span class='ocrx_word' id='word_1_221' title='bbox 493 2736 583 2789; x_wconf 84' lang='grc' dir='ltr'>τὸν</span> <span class='ocrx_word' id='word_1_222' title='bbox 606 2736 847 2807; x_wconf 86' lang='grc' dir='ltr'>ὀλέθριον</span> <span class='ocrx_word' id='word_1_223' title='bbox 873 2737 1204 2801; x_wconf 84' lang='grc' dir='ltr'>ἐπεδείξατο,</span> <span class='ocrx_word' id='word_1_224' title='bbox 1225 2739 1319 2791; x_wconf 74' lang='grc' dir='ltr'>καὶ</span> <span class='ocrx_word' id='word_1_225' title='bbox 1344 2738 1434 2790; x_wconf 87' lang='grc' dir='ltr'>τὸν</span> <span class='ocrx_word' id='word_1_226' title='bbox 1457 2739 1617 2807; x_wconf 89' lang='grc' dir='ltr'>φόνον</span> <span class='ocrx_word' id='word_1_227' title='bbox 1643 2741 1722 2802; x_wconf 87' lang='grc' dir='ltr'>εἰς</span> <span class='ocrx_word' id='word_1_228' title='bbox 1751 2739 1911 2809; x_wconf 82' lang='grc' dir='ltr'>ἔργον</span> <span class='ocrx_word' id='word_1_229' title='bbox 1935 2739 2070 2809; x_wconf 87' lang='grc' dir='ltr'>ήγα-</span> 
     </span>
    </p>
   </div>
   <div class='ocr_carea' id='block_1_30' title="bbox 493 2818 2068 2890">
    <p class='ocr_par' dir='ltr' id='par_1_30' title="bbox 493 2818 2068 2890">
     <span class='ocr_line' id='line_1_30' title="bbox 493 2818 2068 2890; baseline 0.001 -19"><span class='ocrx_word' id='word_1_230' title='bbox 493 2836 610 2886; x_wconf 86' lang='grc' dir='ltr'>γεν.</span> <span class='ocrx_word' id='word_1_231' title='bbox 631 2818 787 2873; x_wconf 85' lang='grc' dir='ltr'>Οῦτω</span> <span class='ocrx_word' id='word_1_232' title='bbox 823 2820 887 2890; x_wconf 83' lang='grc' dir='ltr'>δή</span> <span class='ocrx_word' id='word_1_233' title='bbox 917 2820 1012 2873; x_wconf 77' lang='grc' dir='ltr'>καὶ</span> <span class='ocrx_word' id='word_1_234' title='bbox 1039 2818 1132 2874; x_wconf 89' lang='grc' dir='ltr'>νῦν</span> <span class='ocrx_word' id='word_1_235' title='bbox 1161 2822 1190 2873; x_wconf 97' lang='lat'>6</span> <span class='ocrx_word' id='word_1_236' title='bbox 1221 2820 1393 2874; x_wconf 88' lang='grc' dir='ltr'>Ἠσαῦ</span> <span class='ocrx_word' id='word_1_237' title='bbox 1426 2820 1549 2876; x_wconf 84' lang='grc' dir='ltr'>ἰδὼν</span> <span class='ocrx_word' id='word_1_238' title='bbox 1587 2822 1678 2874; x_wconf 89' lang='grc' dir='ltr'>τὸν</span> <span class='ocrx_word' id='word_1_239' title='bbox 1712 2821 1940 2890; x_wconf 85' lang='grc' dir='ltr'>ἀδελφὸν</span> <span class='ocrx_word' id='word_1_240' title='bbox 1971 2820 2068 2884; x_wconf 85' lang='grc' dir='ltr'>τὰς</span> 
     </span>
    </p>
   </div>
   <div class='ocr_carea' id='block_1_31' title="bbox 493 2902 2069 2977">
    <p class='ocr_par' dir='ltr' id='par_1_31' title="bbox 493 2902 2069 2977">
     <span class='ocr_line' id='line_1_31' title="bbox 493 2902 2069 2977; baseline 0 -22"><span class='ocrx_word' id='word_1_241' title='bbox 493 2902 746 2970; x_wconf 78' lang='grc' dir='ltr'>εὐλογίας</span> <span class='ocrx_word' id='word_1_242' title='bbox 786 2903 938 2975; x_wconf 90' lang='grc' dir='ltr'>παρά</span> <span class='ocrx_word' id='word_1_243' title='bbox 970 2903 1064 2957; x_wconf 92' lang='grc' dir='ltr'>τοῦ</span> <span class='ocrx_word' id='word_1_244' title='bbox 1097 2904 1302 2977; x_wconf 83' lang='grc' dir='ltr'>πατρὸς</span> <span class='ocrx_word' id='word_1_245' title='bbox 1345 2903 1660 2975; x_wconf 82' lang='grc' dir='ltr'>δεξάμενον,</span> <span class='ocrx_word' id='word_1_246' title='bbox 1699 2906 1791 2959; x_wconf 76' lang='grc' dir='ltr'>καὶ</span> <span class='ocrx_word' id='word_1_247' title='bbox 1844 2905 1945 2959; x_wconf 87' lang='grc' dir='ltr'>ὐπὸ</span> <span class='ocrx_word' id='word_1_248' title='bbox 1973 2903 2069 2957; x_wconf 90' lang='grc' dir='ltr'>τοῦ</span> 
     </span>
    </p>
   </div>
   <div class='ocr_carea' id='block_1_32' title="bbox 493 2985 2075 3060">
    <p class='ocr_par' dir='ltr' id='par_1_32' title="bbox 493 2985 2075 3060">
     <span class='ocr_line' id='line_1_32' title="bbox 493 2985 2075 3060; baseline 0.003 -24"><span class='ocrx_word' id='word_1_249' title='bbox 493 2985 667 3056; x_wconf 88' lang='grc' dir='ltr'>θυμοῦ</span> <span class='ocrx_word' id='word_1_250' title='bbox 694 2985 791 3039; x_wconf 72' lang='grc' dir='ltr'>καὶ</span> <span class='ocrx_word' id='word_1_251' title='bbox 817 2987 915 3056; x_wconf 89' lang='grc' dir='ltr'>τῆς</span> <span class='ocrx_word' id='word_1_252' title='bbox 944 2986 1242 3056; x_wconf 77' lang='grc' dir='ltr'>βασκανίας</span> <span class='ocrx_word' id='word_1_253' title='bbox 1269 2988 1349 3050; x_wconf 88' lang='grc' dir='ltr'>είς</span> <span class='ocrx_word' id='word_1_254' title='bbox 1380 2987 1539 3056; x_wconf 91' lang='grc' dir='ltr'>φόνον</span> <span class='ocrx_word' id='word_1_255' title='bbox 1557 2989 1585 3029; x_wconf 72' lang='lat' dir='ltr'><strong>b</strong></span> <span class='ocrx_word' id='word_1_256' title='bbox 1611 2987 1932 3060; x_wconf 78' lang='grc' dir='ltr'>ἐξενεχθεὶς,</span> <span class='ocrx_word' id='word_1_257' title='bbox 1953 2990 2075 3059; x_wconf 88' lang='grc' dir='ltr'>ἐμε-</span> 
     </span>
    </p>
   </div>
   <div class='ocr_carea' id='block_1_33' title="bbox 493 3068 1510 3141">
    <p class='ocr_par' dir='ltr' id='par_1_33' title="bbox 493 3068 1510 3141">
     <span class='ocr_line' id='line_1_33' title="bbox 493 3068 1510 3141; baseline 0.004 -20"><span class='ocrx_word' id='word_1_258' title='bbox 493 3068 627 3123; x_wconf 87' lang='grc' dir='ltr'>λέτα</span> <span class='ocrx_word' id='word_1_259' title='bbox 657 3069 751 3123; x_wconf 88' lang='grc' dir='ltr'>τοῦ</span> <span class='ocrx_word' id='word_1_260' title='bbox 796 3069 1028 3138; x_wconf 87' lang='grc' dir='ltr'>ἀδελφοῦ</span> <span class='ocrx_word' id='word_1_261' title='bbox 1073 3071 1172 3140; x_wconf 77' lang='grc' dir='ltr'>τὴν</span> <span class='ocrx_word' id='word_1_262' title='bbox 1212 3071 1510 3141; x_wconf 90' lang='grc' dir='ltr'>ἀναίρεσιν.</span> 
     </span>
    </p>
   </div>
   <div class='ocr_carea' id='block_1_34' title="bbox 576 3151 2073 3228">
    <p class='ocr_par' dir='ltr' id='par_1_34' title="bbox 576 3151 2073 3228">
     <span class='ocr_line' id='line_1_34' title="bbox 576 3151 2073 3228; baseline 0.004 -24"><span class='ocrx_word' id='word_1_263' title='bbox 576 3151 760 3219; x_wconf 80' lang='grc' dir='ltr'>Ἀλλ’ή</span> <span class='ocrx_word' id='word_1_264' title='bbox 781 3151 1057 3222; x_wconf 90' lang='grc' dir='ltr'>θαυμασία</span> <span class='ocrx_word' id='word_1_265' title='bbox 1072 3154 1254 3224; x_wconf 81' lang='grc' dir='ltr'>μήτηρ</span> <span class='ocrx_word' id='word_1_266' title='bbox 1283 3155 1440 3206; x_wconf 88' lang='grc' dir='ltr'>τοῦτο</span> <span class='ocrx_word' id='word_1_267' title='bbox 1457 3154 1772 3226; x_wconf 84' lang='grc' dir='ltr'>αἰσθομένη,</span> <span class='ocrx_word' id='word_1_268' title='bbox 1794 3154 1956 3210; x_wconf 89' lang='grc' dir='ltr'>πάλιν</span> <span class='ocrx_word' id='word_1_269' title='bbox 1977 3155 2073 3228; x_wconf 79' lang='grc' dir='ltr'>τὴν</span> 
     </span>
    </p>
   </div>
   <div class='ocr_carea' id='block_1_35' title="bbox 497 3234 2074 3306">
    <p class='ocr_par' dir='ltr' id='par_1_35' title="bbox 497 3234 2074 3306">
     <span class='ocr_line' id='line_1_35' title="bbox 497 3234 2074 3306; baseline 0.005 -21"><span class='ocrx_word' id='word_1_270' title='bbox 497 3235 772 3304; x_wconf 83' lang='grc' dir='ltr'>μητρικὴν</span> <span class='ocrx_word' id='word_1_271' title='bbox 786 3234 1167 3306; x_wconf 84' lang='grc' dir='ltr'>φιλοστοργίαν</span> <span class='ocrx_word' id='word_1_272' title='bbox 1181 3253 1246 3288; x_wconf 90' lang='grc' dir='ltr'>πε</span> <span class='ocrx_word' id='word_1_273' title='bbox 1257 3237 1308 3306; x_wconf 62' lang='lat' dir='ltr'>pl</span> <span class='ocrx_word' id='word_1_274' title='bbox 1318 3237 1407 3289; x_wconf 87' lang='grc' dir='ltr'>τὸν</span> <span class='ocrx_word' id='word_1_275' title='bbox 1423 3238 1585 3290; x_wconf 84' lang='grc' dir='ltr'>παῖδα</span> <span class='ocrx_word' id='word_1_276' title='bbox 1599 3238 1961 3293; x_wconf 87' lang='grc' dir='ltr'>ἐπιδείκνυται</span> <span class='ocrx_word' id='word_1_277' title='bbox 1979 3242 2074 3293; x_wconf 75' lang='grc' dir='ltr'>καὶ</span> 
     </span>
    </p>
   </div>
   <div class='ocr_carea' id='block_1_36' title="bbox 497 3316 2073 3390">
    <p class='ocr_par' dir='ltr' id='par_1_36' title="bbox 497 3316 2073 3390">
     <span class='ocr_line' id='line_1_36' title="bbox 497 3316 2073 3390; baseline 0.004 -21"><span class='ocrx_word' id='word_1_278' title='bbox 497 3335 563 3369; x_wconf 90' lang='grc' dir='ltr'>συ</span> <span class='ocrx_word' id='word_1_279' title='bbox 571 3316 806 3387; x_wconf 87' lang='grc' dir='ltr'>μϐουλὴν</span> <span class='ocrx_word' id='word_1_280' title='bbox 823 3318 1029 3383; x_wconf 80' lang='grc' dir='ltr'>εἰσάγει</span> <span class='ocrx_word' id='word_1_281' title='bbox 1041 3318 1138 3387; x_wconf 85' lang='grc' dir='ltr'>τήν</span> <span class='ocrx_word' id='word_1_282' title='bbox 1153 3318 1456 3389; x_wconf 83' lang='grc' dir='ltr'>δυναμένην</span> <span class='ocrx_word' id='word_1_283' title='bbox 1473 3320 1634 3373; x_wconf 86' lang='grc' dir='ltr'>αὐτὸν</span> <span class='ocrx_word' id='word_1_284' title='bbox 1650 3321 1952 3390; x_wconf 80' lang='grc' dir='ltr'>ἐξαρπάσαι</span> <span class='ocrx_word' id='word_1_285' title='bbox 1967 3324 2073 3376; x_wconf 89' lang='grc' dir='ltr'>τῶν</span> 
     </span>
    </p>
   </div>
   <div class='ocr_carea' id='block_1_37' title="bbox 495 3396 2074 3470">
    <p class='ocr_par' dir='ltr' id='par_1_37' title="bbox 495 3396 2074 3470">
     <span class='ocr_line' id='line_1_37' title="bbox 495 3396 2074 3470; baseline 0.005 -20"><span class='ocrx_word' id='word_1_286' title='bbox 495 3397 587 3450; x_wconf 88' lang='grc' dir='ltr'>τοῦ</span> <span class='ocrx_word' id='word_1_287' title='bbox 604 3397 833 3466; x_wconf 85' lang='grc' dir='ltr'>ἀδελφοῦ</span> <span class='ocrx_word' id='word_1_288' title='bbox 846 3396 1064 3467; x_wconf 87' lang='grc' dir='ltr'>χειρῶν.</span> <span class='ocrx_word' id='word_1_289' title='bbox 1077 3397 1403 3451; x_wconf 73' lang='grc' dir='ltr'>Καλέσασα</span> <span class='ocrx_word' id='word_1_290' title='bbox 1414 3398 1702 3470; x_wconf 69' lang='grc' dir='ltr'>γάρ,φησὶ,</span> <span class='ocrx_word' id='word_1_291' title='bbox 1716 3401 1823 3454; x_wconf 82' lang='grc' dir='ltr'>τὸν</span> <span class='ocrx_word' id='word_1_292' title='bbox 1836 3404 2074 3457; x_wconf 56' lang='lat' dir='ltr'>vibrab-</span> 
     </span>
    </p>
   </div>
   <div class='ocr_carea' id='block_1_38' title="bbox 493 3473 2073 3545">
    <p class='ocr_par' dir='ltr' id='par_1_38' title="bbox 493 3473 2073 3545">
     <span class='ocr_line' id='line_1_38' title="bbox 493 3473 2073 3545; baseline 0.004 -15"><span class='ocrx_word' id='word_1_293' title='bbox 493 3476 606 3545; x_wconf 83' lang='grc' dir='ltr'>τῆς</span> <span class='ocrx_word' id='word_1_294' title='bbox 623 3477 729 3531; x_wconf 83' lang='grc' dir='ltr'>τόν</span> <span class='ocrx_word' id='word_1_295' title='bbox 743 3477 1054 3545; x_wconf 79' lang='grc' dir='ltr'>νεώτερον,</span> <span class='ocrx_word' id='word_1_296' title='bbox 1070 3473 1239 3530; x_wconf 76' lang='grc' dir='ltr'>εἶπεν</span> <span class='ocrx_word' id='word_1_297' title='bbox 1251 3477 1430 3540; x_wconf 82' lang='grc' dir='ltr'>αὐτῷ·</span> <span class='ocrx_word' id='word_1_298' title='bbox 1468 3478 1622 3534; x_wconf 82' lang='grc' dir='ltr'>Ἰδοὺ</span> <span class='ocrx_word' id='word_1_299' title='bbox 1645 3480 1827 3536; x_wconf 86' lang='grc' dir='ltr'>Ἠσαῦ</span> <span class='ocrx_word' id='word_1_300' title='bbox 1845 3485 1877 3535; x_wconf 85' lang='grc' dir='ltr'>ό</span> <span class='ocrx_word' id='word_1_301' title='bbox 1899 3483 2073 3536; x_wconf 72' lang='grc' dir='ltr'>ἀδελ-</span> 
     </span>
    </p>
   </div>
   <div class='ocr_carea' id='block_1_39' title="bbox 493 3556 2073 3626">
    <p class='ocr_par' dir='ltr' id='par_1_39' title="bbox 493 3556 2073 3626">
     <span class='ocr_line' id='line_1_39' title="bbox 493 3556 2073 3626; baseline 0.004 -17"><span class='ocrx_word' id='word_1_302' title='bbox 493 3557 610 3626; x_wconf 67' lang='grc' dir='ltr'>φός</span> <span class='ocrx_word' id='word_1_303' title='bbox 633 3571 749 3611; x_wconf 90' lang='grc' dir='ltr'>σου</span> <span class='ocrx_word' id='word_1_304' title='bbox 775 3556 1120 3612; x_wconf 79' lang='grc' dir='ltr'>ἀπειλεῖσοι</span> <span class='ocrx_word' id='word_1_305' title='bbox 1140 3557 1490 3612; x_wconf 79' lang='grc' dir='ltr'>ἀποκτεῖναί</span> <span class='ocrx_word' id='word_1_306' title='bbox 1509 3559 1739 3613; x_wconf 83' lang='grc' dir='ltr'>σε.Νὗν</span> <span class='ocrx_word' id='word_1_307' title='bbox 1758 3557 1870 3614; x_wconf 84' lang='grc' dir='ltr'>οὖν</span> <span class='ocrx_word' id='word_1_308' title='bbox 1891 3563 2073 3615; x_wconf 80' lang='grc' dir='ltr'>ἄκου-</span> 
     </span>
    </p>
   </div>
   <div class='ocr_carea' id='block_1_40' title="bbox 492 3638 2070 3716">
    <p class='ocr_par' dir='ltr' id='par_1_40' title="bbox 492 3638 2070 3716">
     <span class='ocr_line' id='line_1_40' title="bbox 492 3638 2070 3716; baseline 0.004 -24"><span class='ocrx_word' id='word_1_309' title='bbox 492 3642 614 3693; x_wconf 86' lang='grc' dir='ltr'>σόν</span> <span class='ocrx_word' id='word_1_310' title='bbox 635 3658 754 3708; x_wconf 79' lang='grc' dir='ltr'>μου</span> <span class='ocrx_word' id='word_1_311' title='bbox 785 3640 894 3706; x_wconf 81' lang='grc' dir='ltr'>τῆς</span> <span class='ocrx_word' id='word_1_312' title='bbox 923 3638 1148 3707; x_wconf 70' lang='grc' dir='ltr'>φωνῆς.</span> <span class='ocrx_word' id='word_1_313' title='bbox 1178 3641 1243 3692; x_wconf 87' lang='lat' dir='ltr'>&#39;H</span> <span class='ocrx_word' id='word_1_314' title='bbox 1264 3640 1430 3710; x_wconf 87' lang='grc' dir='ltr'>πεῖρά</span> <span class='ocrx_word' id='word_1_315' title='bbox 1456 3658 1514 3694; x_wconf 90' lang='grc' dir='ltr'>σε</span> <span class='ocrx_word' id='word_1_316' title='bbox 1544 3642 1859 3705; x_wconf 88' lang='grc' dir='ltr'>διδασκέτω,</span> <span class='ocrx_word' id='word_1_317' title='bbox 1889 3647 2070 3716; x_wconf 79' lang='grc' dir='ltr'>φησὶν,</span> 
     </span>
    </p>
   </div>
   <div class='ocr_carea' id='block_1_41' title="bbox 493 3721 2074 3800">
    <p class='ocr_par' dir='ltr' id='par_1_41' title="bbox 493 3721 2074 3800">
     <span class='ocr_line' id='line_1_41' title="bbox 493 3721 2074 3800; baseline 0.005 -26"><span class='ocrx_word' id='word_1_318' title='bbox 493 3724 576 3774; x_wconf 83' lang='grc' dir='ltr'>ὅτι</span> <span class='ocrx_word' id='word_1_319' title='bbox 597 3723 664 3776; x_wconf 80' lang='grc' dir='ltr'>τά</span> <span class='ocrx_word' id='word_1_320' title='bbox 691 3721 940 3790; x_wconf 83' lang='grc' dir='ltr'>λυσιτελῆ</span> <span class='ocrx_word' id='word_1_321' title='bbox 961 3739 1040 3774; x_wconf 91' lang='grc' dir='ltr'>σοι</span> <span class='ocrx_word' id='word_1_322' title='bbox 1064 3722 1433 3793; x_wconf 88' lang='grc' dir='ltr'>συμϐουλεύω,</span> <span class='ocrx_word' id='word_1_323' title='bbox 1457 3724 1550 3778; x_wconf 71' lang='grc' dir='ltr'>καὶ</span> <span class='ocrx_word' id='word_1_324' title='bbox 1578 3726 1826 3800; x_wconf 88' lang='grc' dir='ltr'>καθάπερ</span> <span class='ocrx_word' id='word_1_325' title='bbox 1847 3728 1948 3798; x_wconf 79' lang='grc' dir='ltr'>ῆδη</span> <span class='ocrx_word' id='word_1_326' title='bbox 1974 3730 2074 3800; x_wconf 89' lang='grc' dir='ltr'>τῆς</span> 
     </span>
    </p>
   </div>
   <div class='ocr_carea' id='block_1_42' title="bbox 495 3804 2072 3880">
    <p class='ocr_par' dir='ltr' id='par_1_42' title="bbox 495 3804 2072 3880">
     <span class='ocr_line' id='line_1_42' title="bbox 495 3804 2072 3880; baseline 0.004 -22"><span class='ocrx_word' id='word_1_327' title='bbox 495 3807 634 3876; x_wconf 83' lang='grc' dir='ltr'>ἐμῆς</span> <span class='ocrx_word' id='word_1_328' title='bbox 663 3806 847 3873; x_wconf 82' lang='grc' dir='ltr'>φωνῆς</span> <span class='ocrx_word' id='word_1_329' title='bbox 886 3805 1148 3871; x_wconf 87' lang='grc' dir='ltr'>ἀκούσας,</span> <span class='ocrx_word' id='word_1_330' title='bbox 1179 3804 1278 3862; x_wconf 83' lang='grc' dir='ltr'>τὰς</span> <span class='ocrx_word' id='word_1_331' title='bbox 1307 3806 1548 3876; x_wconf 86' lang='grc' dir='ltr'>μεγάλας</span> <span class='ocrx_word' id='word_1_332' title='bbox 1578 3810 1792 3872; x_wconf 87' lang='grc' dir='ltr'>ἐκείνας</span> <span class='ocrx_word' id='word_1_333' title='bbox 1827 3811 2072 3880; x_wconf 83' lang='grc' dir='ltr'>εὐλογίας</span> 
     </span>
    </p>
   </div>
   <div class='ocr_carea' id='block_1_43' title="bbox 493 3889 2073 3962">
    <p class='ocr_par' dir='ltr' id='par_1_43' title="bbox 493 3889 2073 3962">
     <span class='ocr_line' id='line_1_43' title="bbox 493 3889 2073 3962; baseline 0.006 -18"><span class='ocrx_word' id='word_1_334' title='bbox 493 3889 789 3944; x_wconf 75' lang='grc' dir='ltr'>ἐπεσπάσω</span> <span class='ocrx_word' id='word_1_335' title='bbox 812 3889 960 3959; x_wconf 83' lang='grc' dir='ltr'>παρὰ</span> <span class='ocrx_word' id='word_1_336' title='bbox 983 3889 1074 3941; x_wconf 89' lang='grc' dir='ltr'>τοῦ</span> <span class='ocrx_word' id='word_1_337' title='bbox 1098 3889 1323 3961; x_wconf 85' lang='grc' dir='ltr'>πατρὸς,</span> <span class='ocrx_word' id='word_1_338' title='bbox 1352 3889 1493 3944; x_wconf 73' lang='grc' dir='ltr'>οὕτω</span> <span class='ocrx_word' id='word_1_339' title='bbox 1519 3893 1582 3962; x_wconf 85' lang='grc' dir='ltr'>δὴ</span> <span class='ocrx_word' id='word_1_340' title='bbox 1613 3894 1706 3946; x_wconf 75' lang='grc' dir='ltr'>καὶ</span> <span class='ocrx_word' id='word_1_341' title='bbox 1727 3893 1821 3948; x_wconf 89' lang='grc' dir='ltr'>νῦν</span> <span class='ocrx_word' id='word_1_342' title='bbox 1841 3895 2073 3953; x_wconf 78' lang='grc' dir='ltr'>ἄκουσόν</span> 
     </span>
    </p>
   </div>
   <div class='ocr_carea' id='block_1_44' title="bbox 498 3967 2071 4044">
    <p class='ocr_par' dir='ltr' id='par_1_44' title="bbox 498 3967 2071 4044">
     <span class='ocr_line' id='line_1_44' title="bbox 498 3967 2071 4044; baseline 0.005 -26"><span class='ocrx_word' id='word_1_343' title='bbox 498 3985 599 4037; x_wconf 90' lang='grc' dir='ltr'>μου</span> <span class='ocrx_word' id='word_1_344' title='bbox 638 3968 736 4036; x_wconf 87' lang='grc' dir='ltr'>τῆς</span> <span class='ocrx_word' id='word_1_345' title='bbox 765 3971 968 4037; x_wconf 81' lang='grc' dir='ltr'>φωνῆς,</span> <span class='ocrx_word' id='word_1_346' title='bbox 995 3969 1080 4020; x_wconf 82' lang='grc' dir='ltr'>ἵνα</span> <span class='ocrx_word' id='word_1_347' title='bbox 1113 3967 1397 4036; x_wconf 75' lang='grc' dir='ltr'>διαφυγεῖν</span> <span class='ocrx_word' id='word_1_348' title='bbox 1422 3971 1658 4043; x_wconf 83' lang='grc' dir='ltr'>δυνηθῇς</span> <span class='ocrx_word' id='word_1_349' title='bbox 1699 3973 1795 4027; x_wconf 91' lang='grc' dir='ltr'>τοῦ</span> <span class='ocrx_word' id='word_1_350' title='bbox 1839 3973 2071 4044; x_wconf 88' lang='grc' dir='ltr'>ἀδελφοῦ</span> 
     </span>
    </p>
   </div>
   <div class='ocr_carea' id='block_1_45' title="bbox 493 4046 2074 4122">
    <p class='ocr_par' dir='ltr' id='par_1_45' title="bbox 493 4046 2074 4122">
     <span class='ocr_line' id='line_1_45' title="bbox 493 4046 2074 4122; baseline 0.006 -24"><span class='ocrx_word' id='word_1_351' title='bbox 493 4047 594 4110; x_wconf 79' lang='grc' dir='ltr'>τὰς</span> <span class='ocrx_word' id='word_1_352' title='bbox 619 4048 825 4118; x_wconf 86' lang='grc' dir='ltr'>χεῖρας.</span> <span class='ocrx_word' id='word_1_353' title='bbox 859 4046 1014 4099; x_wconf 85' lang='grc' dir='ltr'>Οὖτω</span> <span class='ocrx_word' id='word_1_354' title='bbox 1040 4046 1147 4117; x_wconf 78' lang='grc' dir='ltr'>γὰρ</span> <span class='ocrx_word' id='word_1_355' title='bbox 1189 4048 1378 4101; x_wconf 86' lang='grc' dir='ltr'>ἐαυτὸν</span> <span class='ocrx_word' id='word_1_356' title='bbox 1406 4049 1791 4122; x_wconf 85' lang='grc' dir='ltr'>ἐλευθερώσεις</span> <span class='ocrx_word' id='word_1_357' title='bbox 1819 4053 1928 4106; x_wconf 90' lang='grc' dir='ltr'>τῶν</span> <span class='ocrx_word' id='word_1_358' title='bbox 1961 4072 2074 4107; x_wconf 83' lang='grc' dir='ltr'>κιν-</span> 
     </span>
    </p>
   </div>
   <div class='ocr_carea' id='block_1_46' title="bbox 493 4125 2074 4199">
    <p class='ocr_par' dir='ltr' id='par_1_46' title="bbox 493 4125 2074 4199">
     <span class='ocr_line' id='line_1_46' title="bbox 493 4125 2074 4199; baseline 0.006 -23"><span class='ocrx_word' id='word_1_359' title='bbox 493 4125 688 4186; x_wconf 85' lang='grc' dir='ltr'>δύνων,</span> <span class='ocrx_word' id='word_1_360' title='bbox 717 4125 863 4194; x_wconf 82' lang='grc' dir='ltr'>κάμέ</span> <span class='ocrx_word' id='word_1_361' title='bbox 889 4125 983 4177; x_wconf 88' lang='grc' dir='ltr'>τοῦ</span> <span class='ocrx_word' id='word_1_362' title='bbox 1008 4125 1253 4188; x_wconf 82' lang='grc' dir='ltr'>πένθους.</span> <span class='ocrx_word' id='word_1_363' title='bbox 1277 4127 1436 4190; x_wconf 80' lang='grc' dir='ltr'>Εἰκὸς</span> <span class='ocrx_word' id='word_1_364' title='bbox 1460 4129 1568 4199; x_wconf 88' lang='grc' dir='ltr'>γάρ</span> <span class='ocrx_word' id='word_1_365' title='bbox 1595 4131 1820 4193; x_wconf 86' lang='grc' dir='ltr'>ἐκεῖνον,</span> <span class='ocrx_word' id='word_1_366' title='bbox 1847 4133 1896 4184; x_wconf 88' lang='grc' dir='ltr'>εί</span> <span class='ocrx_word' id='word_1_367' title='bbox 1920 4131 2074 4185; x_wconf 85' lang='grc' dir='ltr'>τοῦτο</span> 
     </span>
    </p>
   </div>
   <div class='ocr_carea' id='block_1_47' title="bbox 495 4203 2074 4280">
    <p class='ocr_par' dir='ltr' id='par_1_47' title="bbox 495 4203 2074 4280">
     <span class='ocr_line' id='line_1_47' title="bbox 495 4203 2074 4280; baseline 0.003 -24"><span class='ocrx_word' id='word_1_368' title='bbox 495 4203 808 4272; x_wconf 83' lang='grc' dir='ltr'>τολμήσειε,</span> <span class='ocrx_word' id='word_1_369' title='bbox 844 4203 997 4270; x_wconf 87' lang='grc' dir='ltr'>δίκην</span> <span class='ocrx_word' id='word_1_370' title='bbox 1027 4204 1426 4275; x_wconf 87' lang='grc' dir='ltr'>άπαιτηθῆναι,</span> <span class='ocrx_word' id='word_1_371' title='bbox 1455 4207 1548 4258; x_wconf 76' lang='grc' dir='ltr'>καὶ</span> <span class='ocrx_word' id='word_1_372' title='bbox 1581 4209 1917 4278; x_wconf 85' lang='grc' dir='ltr'>πανταχόθεν</span> <span class='ocrx_word' id='word_1_373' title='bbox 1950 4210 2074 4280; x_wconf 75' lang='grc' dir='ltr'>ἐμοὶ</span> 
     </span>
    </p>
   </div>
   <div class='ocr_carea' id='block_1_48' title="bbox 494 4281 2074 4352">
    <p class='ocr_par' dir='ltr' id='par_1_48' title="bbox 494 4281 2074 4352">
     <span class='ocr_line' id='line_1_48' title="bbox 494 4281 2074 4352; baseline 0.004 -16"><span class='ocrx_word' id='word_1_374' title='bbox 494 4283 598 4352; x_wconf 84' lang='grc' dir='ltr'>τῆς</span> <span class='ocrx_word' id='word_1_375' title='bbox 641 4282 832 4352; x_wconf 87' lang='grc' dir='ltr'>ὀδύνης</span> <span class='ocrx_word' id='word_1_376' title='bbox 872 4281 970 4352; x_wconf 86' lang='grc' dir='ltr'>τὴν</span> <span class='ocrx_word' id='word_1_377' title='bbox 1003 4282 1253 4336; x_wconf 82' lang='grc' dir='ltr'>ἐπίτασιν</span> <span class='ocrx_word' id='word_1_378' title='bbox 1307 4283 1589 4348; x_wconf 67' lang='grc' dir='ltr'>αὔξεσθαι.</span> <span class='ocrx_word' id='word_1_379' title='bbox 1627 4288 1932 4340; x_wconf 73' lang='grc' dir='ltr'>’Ἄκουσον</span> <span class='ocrx_word' id='word_1_380' title='bbox 1962 4287 2074 4343; x_wconf 88' lang='grc' dir='ltr'>οὖν</span> 
     </span>
    </p>
   </div>
   <div class='ocr_carea' id='block_1_49' title="bbox 492 4359 2073 4433">
    <p class='ocr_par' dir='ltr' id='par_1_49' title="bbox 492 4359 2073 4433">
     <span class='ocr_line' id='line_1_49' title="bbox 492 4359 2073 4433; baseline 0.004 -19"><span class='ocrx_word' id='word_1_381' title='bbox 492 4380 612 4430; x_wconf 81' lang='grc' dir='ltr'>μου</span> <span class='ocrx_word' id='word_1_382' title='bbox 648 4359 757 4428; x_wconf 82' lang='grc' dir='ltr'>τῆς</span> <span class='ocrx_word' id='word_1_383' title='bbox 784 4359 1007 4429; x_wconf 72' lang='grc' dir='ltr'>φωνῆς,</span> <span class='ocrx_word' id='word_1_384' title='bbox 1037 4361 1132 4413; x_wconf 76' lang='grc' dir='ltr'>καὶ</span> <span class='ocrx_word' id='word_1_385' title='bbox 1159 4361 1431 4427; x_wconf 81' lang='grc' dir='ltr'>ἀναστὰς</span> <span class='ocrx_word' id='word_1_386' title='bbox 1471 4363 1760 4431; x_wconf 78' lang='grc' dir='ltr'>ἀπόδραθι</span> <span class='ocrx_word' id='word_1_387' title='bbox 1790 4367 1938 4433; x_wconf 80' lang='grc' dir='ltr'>πρὸς</span> <span class='ocrx_word' id='word_1_388' title='bbox 1966 4367 2073 4420; x_wconf 84' lang='grc' dir='ltr'>τὸν</span> 
     </span>
    </p>
   </div>
   <div class='ocr_carea' id='block_1_50' title="bbox 495 4438 2072 4514">
    <p class='ocr_par' dir='ltr' id='par_1_50' title="bbox 495 4438 2072 4514">
     <span class='ocr_line' id='line_1_50' title="bbox 495 4438 2072 4514; baseline 0.004 -22"><span class='ocrx_word' id='word_1_389' title='bbox 495 4438 761 4508; x_wconf 59' lang='grc' dir='ltr'>ἀδελφόν</span> <span class='ocrx_word' id='word_1_390' title='bbox 777 4456 895 4508; x_wconf 84' lang='grc' dir='ltr'>μου</span> <span class='ocrx_word' id='word_1_391' title='bbox 921 4440 1124 4493; x_wconf 80' lang='grc' dir='ltr'>Λάϐαν</span> <span class='ocrx_word' id='word_1_392' title='bbox 1149 4443 1235 4506; x_wconf 86' lang='grc' dir='ltr'>εὶς</span> <span class='ocrx_word' id='word_1_393' title='bbox 1260 4442 1515 4508; x_wconf 74' lang='grc' dir='ltr'>Χαρρὰν,</span> <span class='ocrx_word' id='word_1_394' title='bbox 1536 4443 1632 4496; x_wconf 82' lang='grc' dir='ltr'>καὶ</span> <span class='ocrx_word' id='word_1_395' title='bbox 1667 4444 1925 4511; x_wconf 80' lang='grc' dir='ltr'>οἵκησον</span> <span class='ocrx_word' id='word_1_396' title='bbox 1943 4448 2072 4514; x_wconf 84' lang='grc' dir='ltr'>μετ’</span> 
     </span>
    </p>
   </div>
   <div class='ocr_carea' id='block_1_51' title="bbox 494 4521 2074 4596">
    <p class='ocr_par' dir='ltr' id='par_1_51' title="bbox 494 4521 2074 4596">
     <span class='ocr_line' id='line_1_51' title="bbox 494 4521 2074 4596; baseline 0.004 -21"><span class='ocrx_word' id='word_1_397' title='bbox 494 4521 682 4575; x_wconf 84' lang='grc' dir='ltr'>αὐτοῦ</span> <span class='ocrx_word' id='word_1_398' title='bbox 727 4521 948 4590; x_wconf 83' lang='grc' dir='ltr'>ἡμέρας</span> <span class='ocrx_word' id='word_1_399' title='bbox 1001 4522 1201 4588; x_wconf 81' lang='grc' dir='ltr'>τινὰς,</span> <span class='ocrx_word' id='word_1_400' title='bbox 1245 4523 1356 4589; x_wconf 80' lang='grc' dir='ltr'>ἕως</span> <span class='ocrx_word' id='word_1_401' title='bbox 1407 4525 1513 4578; x_wconf 88' lang='grc' dir='ltr'>τοῦ</span> <span class='ocrx_word' id='word_1_402' title='bbox 1555 4526 1932 4596; x_wconf 69' lang='grc' dir='ltr'>ἀποστρέψαι</span> <span class='ocrx_word' id='word_1_403' title='bbox 1966 4529 2074 4582; x_wconf 86' lang='grc' dir='ltr'>τὸν</span> 
     </span>
    </p>
   </div>
   <div class='ocr_carea' id='block_1_52' title="bbox 496 4599 2069 4671">
    <p class='ocr_par' dir='ltr' id='par_1_52' title="bbox 496 4599 2069 4671">
     <span class='ocr_line' id='line_1_52' title="bbox 496 4599 2069 4671; baseline 0.004 -18"><span class='ocrx_word' id='word_1_404' title='bbox 496 4599 686 4667; x_wconf 81' lang='grc' dir='ltr'>θυμὸν</span> <span class='ocrx_word' id='word_1_405' title='bbox 708 4601 805 4653; x_wconf 79' lang='grc' dir='ltr'>καὶ</span> <span class='ocrx_word' id='word_1_406' title='bbox 838 4601 953 4667; x_wconf 83' lang='grc' dir='ltr'>τὴν</span> <span class='ocrx_word' id='word_1_407' title='bbox 985 4599 1172 4668; x_wconf 80' lang='grc' dir='ltr'>ὀργὴν</span> <span class='ocrx_word' id='word_1_408' title='bbox 1199 4600 1306 4655; x_wconf 86' lang='grc' dir='ltr'>τοῦ</span> <span class='ocrx_word' id='word_1_409' title='bbox 1338 4601 1607 4670; x_wconf 64' lang='grc' dir='ltr'>ἀδελφοῦ</span> <span class='ocrx_word' id='word_1_410' title='bbox 1637 4620 1752 4658; x_wconf 90' lang='grc' dir='ltr'>σου</span> <span class='ocrx_word' id='word_1_411' title='bbox 1785 4605 1904 4659; x_wconf 81' lang='grc' dir='ltr'>ἀπὸ</span> <span class='ocrx_word' id='word_1_412' title='bbox 1932 4607 2069 4671; x_wconf 82' lang='grc' dir='ltr'>σοῦ,</span> 
     </span>
    </p>
   </div>
   <div class='ocr_carea' id='block_1_53' title="bbox 495 4678 2074 4746">
    <p class='ocr_par' dir='ltr' id='par_1_53' title="bbox 495 4678 2074 4746">
     <span class='ocr_line' id='line_1_53' title="bbox 495 4678 2074 4746; baseline 0.004 -15"><span class='ocrx_word' id='word_1_413' title='bbox 495 4679 594 4731; x_wconf 80' lang='grc' dir='ltr'>καί</span> <span class='ocrx_word' id='word_1_414' title='bbox 622 4678 970 4746; x_wconf 78' lang='grc' dir='ltr'>ἐπιλάθηται</span> <span class='ocrx_word' id='word_1_415' title='bbox 1001 4678 1038 4732; x_wconf 76' lang='grc' dir='ltr'><em>ἃ</em></span> <span class='ocrx_word' id='word_1_416' title='bbox 1071 4679 1401 4746; x_wconf 81' lang='grc' dir='ltr'>πεποίηκας</span> <span class='ocrx_word' id='word_1_417' title='bbox 1432 4679 1623 4746; x_wconf 85' lang='grc' dir='ltr'>αὐτῷ·</span> <span class='ocrx_word' id='word_1_418' title='bbox 1655 4682 1755 4735; x_wconf 78' lang='grc' dir='ltr'>καὶ</span> <span class='ocrx_word' id='word_1_419' title='bbox 1795 4683 2074 4737; x_wconf 79' lang='grc' dir='ltr'>ἀποστεί-</span> 
     </span>
    </p>
   </div>
   <div class='ocr_carea' id='block_1_54' title="bbox 495 4755 2074 4830">
    <p class='ocr_par' dir='ltr' id='par_1_54' title="bbox 495 4755 2074 4830">
     <span class='ocr_line' id='line_1_54' title="bbox 495 4755 2074 4830; baseline 0.003 -18"><span class='ocrx_word' id='word_1_420' title='bbox 495 4763 660 4812; x_wconf 79' lang='grc' dir='ltr'>λασα</span> <span class='ocrx_word' id='word_1_421' title='bbox 704 4755 1164 4826; x_wconf 74' lang='grc' dir='ltr'>μεταπέμψομαί</span> <span class='ocrx_word' id='word_1_422' title='bbox 1211 4772 1285 4812; x_wconf 86' lang='grc' dir='ltr'>σε</span> <span class='ocrx_word' id='word_1_423' title='bbox 1334 4759 1561 4814; x_wconf 83' lang='grc' dir='ltr'>ἐκεῖθεν</span> <span class='ocrx_word' id='word_1_424' title='bbox 1582 4801 1597 4823; x_wconf 96' lang='grc'>,</span> <span class='ocrx_word' id='word_1_425' title='bbox 1645 4761 1880 4830; x_wconf 79' lang='grc' dir='ltr'>μήποτε</span> <span class='ocrx_word' id='word_1_426' title='bbox 1938 4764 2074 4818; x_wconf 87' lang='grc' dir='ltr'>ἀτε-</span> 
     </span>
    </p>
   </div>
   <div class='ocr_carea' id='block_1_55' title="bbox 495 4835 2070 4910">
    <p class='ocr_par' dir='ltr' id='par_1_55' title="bbox 495 4835 2070 4910">
     <span class='ocr_line' id='line_1_55' title="bbox 495 4835 2070 4910; baseline 0.004 -20"><span class='ocrx_word' id='word_1_427' title='bbox 495 4835 702 4892; x_wconf 79' lang='grc' dir='ltr'>κνωθῶ</span> <span class='ocrx_word' id='word_1_428' title='bbox 737 4837 806 4889; x_wconf 81' lang='grc' dir='ltr'>ἐκ</span> <span class='ocrx_word' id='word_1_429' title='bbox 840 4835 958 4889; x_wconf 87' lang='grc' dir='ltr'>τῶν</span> <span class='ocrx_word' id='word_1_430' title='bbox 986 4837 1096 4890; x_wconf 85' lang='grc' dir='ltr'>δύο</span> <span class='ocrx_word' id='word_1_431' title='bbox 1128 4835 1296 4905; x_wconf 84' lang='grc' dir='ltr'>ὑμῶν</span> <span class='ocrx_word' id='word_1_432' title='bbox 1345 4839 1416 4892; x_wconf 85' lang='grc' dir='ltr'>ἐν</span> <span class='ocrx_word' id='word_1_433' title='bbox 1456 4839 1646 4908; x_wconf 78' lang='grc' dir='ltr'>ἡμέρα</span> <span class='ocrx_word' id='word_1_434' title='bbox 1691 4839 1814 4910; x_wconf 82' lang='grc' dir='ltr'>μιᾷ.</span> <span class='ocrx_word' id='word_1_435' title='bbox 1859 4844 2070 4910; x_wconf 83' lang='grc' dir='ltr'>Ἄπιθι,</span> 
     </span>
    </p>
   </div>
   <div class='ocr_carea' id='block_1_56' title="bbox 495 4915 2074 4987">
    <p class='ocr_par' dir='ltr' id='par_1_56' title="bbox 495 4915 2074 4987">
     <span class='ocr_line' id='line_1_56' title="bbox 495 4915 2074 4987; baseline 0.009 -23"><span class='ocrx_word' id='word_1_436' title='bbox 495 4915 651 4986; x_wconf 78' lang='grc' dir='ltr'>φησὶ,</span> <span class='ocrx_word' id='word_1_437' title='bbox 681 4915 830 4983; x_wconf 83' lang='grc' dir='ltr'>πρὸς</span> <span class='ocrx_word' id='word_1_438' title='bbox 872 4915 979 4969; x_wconf 78' lang='grc' dir='ltr'>τόν</span> <span class='ocrx_word' id='word_1_439' title='bbox 1026 4915 1295 4986; x_wconf 73' lang='grc' dir='ltr'>ἀδελφόν</span> <span class='ocrx_word' id='word_1_440' title='bbox 1332 4935 1452 4987; x_wconf 82' lang='grc' dir='ltr'>μου</span> <span class='ocrx_word' id='word_1_441' title='bbox 1483 4919 1726 4986; x_wconf 81' lang='grc' dir='ltr'>Λάϐαν,</span> <span class='ocrx_word' id='word_1_442' title='bbox 1778 4921 1878 4975; x_wconf 78' lang='grc' dir='ltr'>καί</span> <span class='ocrx_word' id='word_1_443' title='bbox 1922 4923 2074 4978; x_wconf 75' lang='grc' dir='ltr'>οἴκει</span> 
     </span>
    </p>
   </div>
   <div class='ocr_carea' id='block_1_57' title="bbox 493 4994 2074 5070">
    <p class='ocr_par' dir='ltr' id='par_1_57' title="bbox 493 4994 2074 5070">
     <span class='ocr_line' id='line_1_57' title="bbox 493 4994 2074 5070; baseline 0.005 -22"><span class='ocrx_word' id='word_1_444' title='bbox 493 4994 620 5048; x_wconf 83' lang='grc' dir='ltr'>ἐκεῖ</span> <span class='ocrx_word' id='word_1_445' title='bbox 637 4997 763 5063; x_wconf 77' lang='grc' dir='ltr'>μετ’</span> <span class='ocrx_word' id='word_1_446' title='bbox 786 4995 993 5049; x_wconf 82' lang='grc' dir='ltr'>αὐτοῦ.</span> <span class='ocrx_word' id='word_1_447' title='bbox 1012 4996 1173 5059; x_wconf 81' lang='grc' dir='ltr'>Εἰκὸς</span> <span class='ocrx_word' id='word_1_448' title='bbox 1195 4995 1304 5066; x_wconf 82' lang='grc' dir='ltr'>γὰρ</span> <span class='ocrx_word' id='word_1_449' title='bbox 1331 4997 1425 5051; x_wconf 81' lang='grc' dir='ltr'>καὶ</span> <span class='ocrx_word' id='word_1_450' title='bbox 1450 4997 1542 5052; x_wconf 86' lang='grc' dir='ltr'>τὸν</span> <span class='ocrx_word' id='word_1_451' title='bbox 1565 4999 1843 5070; x_wconf 88' lang='grc' dir='ltr'>χωρισμὸν</span> <span class='ocrx_word' id='word_1_452' title='bbox 1866 5003 2074 5058; x_wconf 77' lang='grc' dir='ltr'>καὶτὸν</span> 
     </span>
    </p>
   </div>
   <div class='ocr_carea' id='block_1_58' title="bbox 493 5073 2075 5153">
    <p class='ocr_par' dir='ltr' id='par_1_58' title="bbox 493 5073 2075 5153">
     <span class='ocr_line' id='line_1_58' title="bbox 493 5073 2075 5153; baseline 0.004 -25"><span class='ocrx_word' id='word_1_453' title='bbox 493 5075 552 5128; x_wconf 91' lang='grc' dir='ltr'>ἐν</span> <span class='ocrx_word' id='word_1_454' title='bbox 588 5075 736 5144; x_wconf 89' lang='grc' dir='ltr'>μέσῳ</span> <span class='ocrx_word' id='word_1_455' title='bbox 777 5074 964 5146; x_wconf 84' lang='grc' dir='ltr'>χρόνον</span> <span class='ocrx_word' id='word_1_456' title='bbox 1001 5073 1216 5151; x_wconf 83' lang='grc' dir='ltr'>ἰσχῦσαί</span> <span class='ocrx_word' id='word_1_457' title='bbox 1243 5094 1296 5129; x_wconf 92' lang='grc' dir='ltr'>τι</span> <span class='ocrx_word' id='word_1_458' title='bbox 1326 5077 1506 5142; x_wconf 88' lang='grc' dir='ltr'>πλέον,</span> <span class='ocrx_word' id='word_1_459' title='bbox 1542 5079 1636 5131; x_wconf 68' lang='grc' dir='ltr'>καί¹</span> <span class='ocrx_word' id='word_1_460' title='bbox 1672 5081 2075 5153; x_wconf 87' lang='grc' dir='ltr'>παραμυθήσα-</span> 
     </span>
    </p>
   </div>
   <div class='ocr_carea' id='block_1_59' title="bbox 496 5154 2073 5232">
    <p class='ocr_par' dir='ltr' id='par_1_59' title="bbox 496 5154 2073 5232">
     <span class='ocr_line' id='line_1_59' title="bbox 496 5154 2073 5232; baseline 0.006 -26"><span class='ocrx_word' id='word_1_461' title='bbox 496 5154 620 5208; x_wconf 88' lang='grc' dir='ltr'>σθαι</span> <span class='ocrx_word' id='word_1_462' title='bbox 649 5154 709 5208; x_wconf 87' lang='grc' dir='ltr'>τὸ</span> <span class='ocrx_word' id='word_1_463' title='bbox 734 5154 926 5218; x_wconf 89' lang='grc' dir='ltr'>πάθος,</span> <span class='ocrx_word' id='word_1_464' title='bbox 941 5155 1035 5208; x_wconf 78' lang='grc' dir='ltr'>καὶ</span> <span class='ocrx_word' id='word_1_465' title='bbox 1054 5154 1151 5226; x_wconf 83' lang='grc' dir='ltr'>τὴν</span> <span class='ocrx_word' id='word_1_466' title='bbox 1173 5155 1471 5224; x_wconf 87' lang='grc' dir='ltr'>βασκανίαν</span> <span class='ocrx_word' id='word_1_467' title='bbox 1492 5156 1766 5227; x_wconf 79' lang='grc' dir='ltr'>λωφῆσαι,</span> <span class='ocrx_word' id='word_1_468' title='bbox 1790 5160 1885 5214; x_wconf 73' lang='grc' dir='ltr'>καὶ</span> <span class='ocrx_word' id='word_1_469' title='bbox 1904 5161 2073 5232; x_wconf 87' lang='grc' dir='ltr'>λήθην</span> 
     </span>
    </p>
   </div>
   <div class='ocr_carea' id='block_1_60' title="bbox 496 5233 2073 5313">
    <p class='ocr_par' dir='ltr' id='par_1_60' title="bbox 496 5233 2073 5313">
     <span class='ocr_line' id='line_1_60' title="bbox 496 5233 2073 5313; baseline 0.005 -27"><span class='ocrx_word' id='word_1_470' title='bbox 496 5233 644 5313; x_wconf 81' lang='grc' dir='ltr'>αὐτῷ</span> <span class='ocrx_word' id='word_1_471' title='bbox 678 5233 926 5313; x_wconf 80' lang='grc' dir='ltr'>γενέσθαι</span> <span class='ocrx_word' id='word_1_472' title='bbox 953 5234 1063 5313; x_wconf 85' lang='grc' dir='ltr'>τῶν</span> <span class='ocrx_word' id='word_1_473' title='bbox 1099 5235 1202 5286; x_wconf 84' lang='grc' dir='ltr'>ὑπὸ</span> <span class='ocrx_word' id='word_1_474' title='bbox 1253 5233 1346 5313; x_wconf 79' lang='grc' dir='ltr'>σοῦ</span> <span class='ocrx_word' id='word_1_475' title='bbox 1383 5235 1767 5307; x_wconf 86' lang='grc' dir='ltr'>γεγενημένων</span> <span class='ocrx_word' id='word_1_476' title='bbox 1812 5241 1941 5310; x_wconf 75' lang='grc' dir='ltr'>περὶ</span> <span class='ocrx_word' id='word_1_477' title='bbox 1975 5240 2073 5313; x_wconf 84' lang='grc' dir='ltr'>τὴν</span> 
     </span>
    </p>
   </div>
   <div class='ocr_carea' id='block_1_61' title="bbox 496 5311 2074 5387">
    <p class='ocr_par' dir='ltr' id='par_1_61' title="bbox 496 5311 2074 5387">
     <span class='ocr_line' id='line_1_61' title="bbox 496 5311 2074 5387; baseline 0.006 -24"><span class='ocrx_word' id='word_1_478' title='bbox 496 5311 594 5380; x_wconf 81' lang='grc' dir='ltr'>τῆς</span> <span class='ocrx_word' id='word_1_479' title='bbox 639 5311 888 5380; x_wconf 86' lang='grc' dir='ltr'>εὐλογίας</span> <span class='ocrx_word' id='word_1_480' title='bbox 939 5311 1166 5382; x_wconf 87' lang='grc' dir='ltr'>κλοπήν.</span> <span class='ocrx_word' id='word_1_481' title='bbox 1211 5312 1322 5367; x_wconf 84' lang='grc' dir='ltr'>Καὶ</span> <span class='ocrx_word' id='word_1_482' title='bbox 1366 5313 1752 5379; x_wconf 75' lang='grc' dir='ltr'>ἐπιλάθηται,</span> <span class='ocrx_word' id='word_1_483' title='bbox 1795 5318 1982 5387; x_wconf 71' lang='grc' dir='ltr'>φησὶν,</span> <span class='ocrx_word' id='word_1_484' title='bbox 2031 5311 2074 5372; x_wconf 71' lang='grc' dir='ltr'>ἆ</span> 
     </span>
    </p>
   </div>
   <div class='ocr_carea' id='block_1_62' title="bbox 497 5390 2074 5463">
    <p class='ocr_par' dir='ltr' id='par_1_62' title="bbox 497 5390 2074 5463">
     <span class='ocr_line' id='line_1_62' title="bbox 497 5390 2074 5463; baseline 0.006 -22"><span class='ocrx_word' id='word_1_485' title='bbox 497 5392 834 5458; x_wconf 77' lang='grc' dir='ltr'>πεποίηκας</span> <span class='ocrx_word' id='word_1_486' title='bbox 859 5390 1040 5456; x_wconf 81' lang='grc' dir='ltr'>αὐτῷ.</span> <span class='ocrx_word' id='word_1_487' title='bbox 1070 5391 1331 5455; x_wconf 90' lang='grc' dir='ltr'>Εἰκότως,</span> <span class='ocrx_word' id='word_1_488' title='bbox 1384 5393 1569 5462; x_wconf 73' lang='grc' dir='ltr'>φησὶν,</span> <span class='ocrx_word' id='word_1_489' title='bbox 1605 5393 1916 5463; x_wconf 78' lang='grc' dir='ltr'>ὀργίζεται”</span> <span class='ocrx_word' id='word_1_490' title='bbox 1953 5397 2019 5450; x_wconf 81' lang='grc' dir='ltr'>δι’</span> <span class='ocrx_word' id='word_1_491' title='bbox 2044 5397 2074 5450; x_wconf 80' lang='grc' dir='ltr'><strong>ὃ</strong></span> 
     </span>
    </p>
   </div>
   <div class='ocr_carea' id='block_1_63' title="bbox 501 5470 2071 5541">
    <p class='ocr_par' dir='ltr' id='par_1_63' title="bbox 501 5470 2071 5541">
     <span class='ocr_line' id='line_1_63' title="bbox 501 5470 2071 5541; baseline 0.003 -20"><span class='ocrx_word' id='word_1_492' title='bbox 501 5471 764 5538; x_wconf 85' lang='grc' dir='ltr'>προσήκει</span> <span class='ocrx_word' id='word_1_493' title='bbox 794 5470 1038 5524; x_wconf 83' lang='grc' dir='ltr'>ἐκκλῖναι</span> <span class='ocrx_word' id='word_1_494' title='bbox 1087 5470 1250 5524; x_wconf 88' lang='grc' dir='ltr'>αὐτοῦ</span> <span class='ocrx_word' id='word_1_495' title='bbox 1282 5470 1380 5541; x_wconf 78' lang='grc' dir='ltr'>τὴν</span> <span class='ocrx_word' id='word_1_496' title='bbox 1423 5471 1621 5541; x_wconf 86' lang='grc' dir='ltr'>ὁρμὴν,</span> <span class='ocrx_word' id='word_1_497' title='bbox 1648 5471 1796 5535; x_wconf 85' lang='grc' dir='ltr'>ὅπως</span> <span class='ocrx_word' id='word_1_498' title='bbox 1833 5471 1943 5527; x_wconf 77' lang='grc' dir='ltr'>ἀπὸ</span> <span class='ocrx_word' id='word_1_499' title='bbox 1978 5473 2071 5526; x_wconf 88' lang='grc' dir='ltr'>τοῦ</span> 
     </span>
    </p>
   </div>
   <div class='ocr_carea' id='block_1_64' title="bbox 498 5547 2074 5620">
    <p class='ocr_par' dir='ltr' id='par_1_64' title="bbox 498 5547 2074 5620">
     <span class='ocr_line' id='line_1_64' title="bbox 498 5547 2074 5620; baseline 0.006 -23"><span class='ocrx_word' id='word_1_500' title='bbox 498 5547 688 5617; x_wconf 88' lang='grc' dir='ltr'>χρόνου</span> <span class='ocrx_word' id='word_1_501' title='bbox 737 5548 906 5619; x_wconf 89' lang='grc' dir='ltr'>λήθης</span> <span class='ocrx_word' id='word_1_502' title='bbox 948 5549 1311 5620; x_wconf 87' lang='grc' dir='ltr'>ἐγγενομένης</span> <span class='ocrx_word' id='word_1_503' title='bbox 1351 5549 1534 5619; x_wconf 84' lang='grc' dir='ltr'>αὐτῷ,</span> <span class='ocrx_word' id='word_1_504' title='bbox 1586 5549 1726 5618; x_wconf 88' lang='grc' dir='ltr'>μετά</span> <span class='ocrx_word' id='word_1_505' title='bbox 1771 5552 2074 5620; x_wconf 82' lang='grc' dir='ltr'>ἀσφαλείας</span> 
     </span>
    </p>
   </div>
   <div class='ocr_carea' id='block_1_65' title="bbox 497 5623 2069 5699">
    <p class='ocr_par' dir='ltr' id='par_1_65' title="bbox 497 5623 2069 5699">
     <span class='ocr_line' id='line_1_65' title="bbox 497 5623 2069 5699; baseline 0.006 -24"><span class='ocrx_word' id='word_1_506' title='bbox 497 5623 681 5680; x_wconf 81' lang='grc' dir='ltr'>λοιπὸν</span> <span class='ocrx_word' id='word_1_507' title='bbox 708 5627 940 5698; x_wconf 84' lang='grc' dir='ltr'>δυνηθῇς</span> <span class='ocrx_word' id='word_1_508' title='bbox 967 5628 1064 5698; x_wconf 80' lang='grc' dir='ltr'>τὴν</span> <span class='ocrx_word' id='word_1_509' title='bbox 1095 5629 1324 5681; x_wconf 87' lang='grc' dir='ltr'>ἐνταῦθα</span> <span class='ocrx_word' id='word_1_510' title='bbox 1349 5627 1562 5698; x_wconf 74' lang='grc' dir='ltr'>οἴκησιν</span> <span class='ocrx_word' id='word_1_511' title='bbox 1589 5630 1935 5699; x_wconf 85' lang='grc' dir='ltr'>ποιήσασθαι.</span> <span class='ocrx_word' id='word_1_512' title='bbox 1964 5633 2069 5685; x_wconf 71' lang='lat' dir='ltr'>Ka‘v</span> 
     </span>
    </p>
   </div>
   <div class='ocr_carea' id='block_1_66' title="bbox 563 5711 2070 5778">
    <p class='ocr_par' dir='ltr' id='par_1_66' title="bbox 563 5711 2070 5778">
     <span class='ocr_line' id='line_1_66' title="bbox 563 5711 2070 5778; baseline 0.006 -20"><span class='ocrx_word' id='word_1_513' title='bbox 563 5713 588 5739; x_wconf 87' lang='lat'>&quot;</span> <span class='ocrx_word' id='word_1_514' title='bbox 616 5711 732 5778; x_wconf 56' lang='lat' dir='ltr'>P035}</span> <span class='ocrx_word' id='word_1_515' title='bbox 748 5715 1124 5778; x_wconf 72' lang='grc' dir='ltr'>παρεσκευάζετο</span> <span class='ocrx_word' id='word_1_516' title='bbox 1143 5715 1270 5763; x_wconf 84' lang='lat' dir='ltr'>male</span> <span class='ocrx_word' id='word_1_517' title='bbox 1288 5715 1447 5778; x_wconf 23' lang='lat' dir='ltr'>jnAed.</span> <span class='ocrx_word' id='word_1_518' title='bbox 1477 5717 1574 5778; x_wconf 68' lang='lat' dir='ltr'>leg,</span> <span class='ocrx_word' id='word_1_519' title='bbox 1589 5718 1614 5762; x_wconf 93' lang='lat'>6</span> <span class='ocrx_word' id='word_1_520' title='bbox 1627 5717 1837 5778; x_wconf 77' lang='grc' dir='ltr'>ἀδελφός.</span> <span class='ocrx_word' id='word_1_521' title='bbox 1851 5732 1960 5777; x_wconf 66' lang='lat' dir='ltr'>qua:</span> <span class='ocrx_word' id='word_1_522' title='bbox 1977 5733 2070 5768; x_wconf 83' lang='lat' dir='ltr'>vox</span> 
     </span>
    </p>
   </div>
   <div class='ocr_carea' id='block_1_67' title="bbox 499 5771 2070 5850">
    <p class='ocr_par' dir='ltr' id='par_1_67' title="bbox 499 5771 2070 5850">
     <span class='ocr_line' id='line_1_67' title="bbox 499 5771 2070 5850; baseline 0.003 -28"><span class='ocrx_word' id='word_1_523' title='bbox 499 5771 937 5850; x_wconf 43' lang='lat' dir='ltr'>[met&#39;ﬁbus&#39;behn&#39;e</span> <span class='ocrx_word' id='word_1_524' title='bbox 961 5788 1075 5850; x_wconf 53' lang='lat' dir='ltr'>mssg.</span> <span class='ocrx_word' id='word_1_525' title='bbox 1097 5775 1262 5850; x_wconf 53' lang='lat' dir='ltr'>geng</span> <span class='ocrx_word' id='word_1_526' title='bbox 1279 5776 1410 5850; x_wconf 13' lang='grc' dir='ltr'>κιο-ΓΜ</span> <span class='ocrx_word' id='word_1_527' title='bbox 1432 5771 1664 5850; x_wconf 57' lang='grc' dir='ltr'>ροεζίιωο</span> <span class='ocrx_word' id='word_1_528' title='bbox 1687 5771 1848 5850; x_wconf 59' lang='lat' dir='ltr'>vqi&#39;bia.</span> <span class='ocrx_word' id='word_1_529' title='bbox 1866 5771 1965 5850; x_wconf 65' lang='grc' dir='ltr'>ῥίζα</span> <span class='ocrx_word' id='word_1_530' title='bbox 1984 5782 2070 5850; x_wconf 79' lang='grc' dir='ltr'>γὰρ</span> 
     </span>
    </p>
   </div>
   <div class='ocr_carea' id='block_1_68' title="bbox 499 5831 2069 5901">
    <p class='ocr_par' dir='ltr' id='par_1_68' title="bbox 499 5831 2069 5901">
     <span class='ocr_line' id='line_1_68' title="bbox 499 5831 2069 5901; baseline 0.006 -21"><span class='ocrx_word' id='word_1_531' title='bbox 499 5831 587 5901; x_wconf 64' lang='grc' dir='ltr'>τοῦ</span> <span class='ocrx_word' id='word_1_532' title='bbox 612 5831 1009 5901; x_wconf 60' lang='grc' dir='ltr'>φόνρυρφθρνος,</span> <span class='ocrx_word' id='word_1_533' title='bbox 1043 5837 1221 5901; x_wconf 53' lang='grc' dir='ltr'>ἱιὶιριξβ.</span> <span class='ocrx_word' id='word_1_534' title='bbox 1249 5831 1645 5901; x_wconf 65' lang='lat' dir='ltr'>legissg&#39;videlur</span> <span class='ocrx_word' id='word_1_535' title='bbox 1665 5841 1745 5886; x_wconf 87' lang='grc' dir='ltr'>καὶ</span> <span class='ocrx_word' id='word_1_536' title='bbox 1766 5831 1944 5901; x_wconf 75' lang='grc' dir='ltr'>καρπὸς</span> <span class='ocrx_word' id='word_1_537' title='bbox 1983 5831 2069 5889; x_wconf 63' lang='grc' dir='ltr'>τοῦ</span> 
     </span>
    </p>
   </div>
   <div class='ocr_carea' id='block_1_69' title="bbox 502 5895 2072 5962">
    <p class='ocr_par' dir='ltr' id='par_1_69' title="bbox 502 5895 2072 5962">
     <span class='ocr_line' id='line_1_69' title="bbox 502 5895 2072 5962; baseline 0.007 -23"><span class='ocrx_word' id='word_1_538' title='bbox 502 5895 669 5962; x_wconf 76' lang='grc' dir='ltr'>φθόνου</span> <span class='ocrx_word' id='word_1_539' title='bbox 689 5895 879 5962; x_wconf 23' lang='grc' dir='ltr'>ὀφὸγμος.</span> <span class='ocrx_word' id='word_1_540' title='bbox 903 5895 1005 5962; x_wconf 58' lang='lat' dir='ltr'>Ngo</span> <span class='ocrx_word' id='word_1_541' title='bbox 1026 5909 1115 5945; x_wconf 88' lang='lat' dir='ltr'>suo</span> <span class='ocrx_word' id='word_1_542' title='bbox 1135 5896 1286 5945; x_wconf 75' lang='lat' dir='ltr'>Marte</span> <span class='ocrx_word' id='word_1_543' title='bbox 1310 5895 1392 5948; x_wconf 82' lang='lat' dir='ltr'>illa</span> <span class='ocrx_word' id='word_1_544' title='bbox 1414 5900 1679 5949; x_wconf 79' lang='lat' dir='ltr'>inseruisse</span> <span class='ocrx_word' id='word_1_545' title='bbox 1695 5895 2005 5962; x_wconf 64' lang='lat' dir='ltr'>vidclhrinl.,</span> <span class='ocrx_word' id='word_1_546' title='bbox 2019 5908 2072 5950; x_wconf 73' lang='lat' dir='ltr'><strong>et</strong></span> 
     </span>
    </p>
   </div>
   <div class='ocr_carea' id='block_1_70' title="bbox 499 5956 1098 6015">
    <p class='ocr_par' dir='ltr' id='par_1_70' title="bbox 499 5956 1098 6015">
     <span class='ocr_line' id='line_1_70' title="bbox 499 5956 1098 6015; baseline 0.002 -13"><span class='ocrx_word' id='word_1_547' title='bbox 499 5961 611 6002; x_wconf 73' lang='lat' dir='ltr'>sum</span> <span class='ocrx_word' id='word_1_548' title='bbox 634 5967 750 6002; x_wconf 78' lang='lat' dir='ltr'><strong>vere</strong></span> <span class='ocrx_word' id='word_1_549' title='bbox 770 5956 912 6015; x_wconf 81' lang='lat' dir='ltr'>digna</span> <span class='ocrx_word' id='word_1_550' title='bbox 933 5957 1098 6014; x_wconf 69' lang='lat' dir='ltr'>Chrys.</span> 
     </span>
    </p>
   </div>
   <div class='ocr_carea' id='block_1_71' title="bbox 563 6015 1425 6081">
    <p class='ocr_par' dir='ltr' id='par_1_71' title="bbox 563 6015 1425 6081">
     <span class='ocr_line' id='line_1_71' title="bbox 563 6015 1425 6081; baseline 0.002 -15"><span class='ocrx_word' id='word_1_551' title='bbox 563 6016 588 6056; x_wconf 79' lang='lat' dir='ltr'><strong>b</strong></span> <span class='ocrx_word' id='word_1_552' title='bbox 611 6015 757 6066; x_wconf 76' lang='lat' dir='ltr'>Savil.</span> <span class='ocrx_word' id='word_1_553' title='bbox 781 6023 834 6066; x_wconf 75' lang='lat' dir='ltr'>et</span> <span class='ocrx_word' id='word_1_554' title='bbox 854 6018 1071 6078; x_wconf 86' lang='lat' dir='ltr'>quinque</span> <span class='ocrx_word' id='word_1_555' title='bbox 1111 6031 1226 6067; x_wconf 89' lang='lat' dir='ltr'>mss.</span> <span class='ocrx_word' id='word_1_556' title='bbox 1249 6019 1425 6081; x_wconf 79' lang='grc' dir='ltr'>φθόνον.</span> 
     </span>
    </p>
   </div>
   <div class='ocr_carea' id='block_1_72' title="bbox 1211 371 3037 431">
    <p class='ocr_par' dir='ltr' id='par_1_72' title="bbox 1211 371 3037 431">
     <span class='ocr_line' id='line_1_72' title="bbox 1211 371 3037 431; baseline 0.002 -3"><span class='ocrx_word' id='word_1_557' title='bbox 1211 374 1268 428; x_wconf 92' lang='lat' dir='ltr'>S.</span> <span class='ocrx_word' id='word_1_558' title='bbox 1308 372 1591 430; x_wconf 81' lang='lat' dir='ltr'>JOANNIS</span> <span class='ocrx_word' id='word_1_559' title='bbox 1627 371 2110 430; x_wconf 76' lang='lat' dir='ltr'>CHRYSOSTOMI</span> <span class='ocrx_word' id='word_1_560' title='bbox 2143 371 2457 428; x_wconf 80' lang='lat' dir='ltr'>ARCHIEP.</span> <span class='ocrx_word' id='word_1_561' title='bbox 2495 373 3037 431; x_wconf 79' lang='lat' dir='ltr'>CONSTANTINOP.</span> 
     </span>
    </p>
   </div>
   <div class='ocr_carea' id='block_1_73' title="bbox 3637 373 3749 429">
    <p class='ocr_par' dir='ltr' id='par_1_73' title="bbox 3637 373 3749 429">
     <span class='ocr_line' id='line_1_73' title="bbox 3637 373 3749 429; baseline 0 -1"><span class='ocrx_word' id='word_1_562' title='bbox 3637 373 3749 429; x_wconf 69' lang='grc'><strong>474</strong></span> 
     </span>
    </p>
   </div>
   <div class='ocr_carea' id='block_1_74' title="bbox 2173 488 3749 564">
    <p class='ocr_par' dir='ltr' id='par_1_74' title="bbox 2173 488 3749 564">
     <span class='ocr_line' id='line_1_74' title="bbox 2173 488 3749 564; baseline 0.001 -24"><span class='ocrx_word' id='word_1_563' title='bbox 2173 488 2259 540; x_wconf 82' lang='grc' dir='ltr'>ἵνα</span> <span class='ocrx_word' id='word_1_564' title='bbox 2295 490 2368 560; x_wconf 79' lang='grc' dir='ltr'>μὴ</span> <span class='ocrx_word' id='word_1_565' title='bbox 2404 491 2552 561; x_wconf 72' lang='lat'>[5‘25]</span> <span class='ocrx_word' id='word_1_566' title='bbox 2592 492 2896 564; x_wconf 82' lang='grc' dir='ltr'>δυσχεράνῃ</span> <span class='ocrx_word' id='word_1_567' title='bbox 2938 492 2967 546; x_wconf 88' lang='lat'>6</span> <span class='ocrx_word' id='word_1_568' title='bbox 3009 493 3134 554; x_wconf 89' lang='grc' dir='ltr'>παῖς</span> <span class='ocrx_word' id='word_1_569' title='bbox 3173 491 3268 544; x_wconf 71' lang='grc' dir='ltr'>ἐπὶ</span> <span class='ocrx_word' id='word_1_570' title='bbox 3310 491 3410 562; x_wconf 82' lang='grc' dir='ltr'>τὴν</span> <span class='ocrx_word' id='word_1_571' title='bbox 3458 491 3749 562; x_wconf 83' lang='grc' dir='ltr'>ἀλλοτρίαν</span> 
     </span>
    </p>
   </div>
   <div class='ocr_carea' id='block_1_75' title="bbox 2168 567 3747 642">
    <p class='ocr_par' dir='ltr' id='par_1_75' title="bbox 2168 567 3747 642">
     <span class='ocr_line' id='line_1_75' title="bbox 2168 567 3747 642; baseline 0.002 -23"><span class='ocrx_word' id='word_1_572' title='bbox 2168 567 2388 622; x_wconf 84' lang='grc' dir='ltr'>ἀπιέναι</span> <span class='ocrx_word' id='word_1_573' title='bbox 2433 572 3012 642; x_wconf 77' lang='grc' dir='ltr'>καταναγκαζόμενος,</span> <span class='ocrx_word' id='word_1_574' title='bbox 3049 571 3150 642; x_wconf 84' lang='grc' dir='ltr'>ὅρα</span> <span class='ocrx_word' id='word_1_575' title='bbox 3182 570 3299 635; x_wconf 88' lang='grc' dir='ltr'>πῶς</span> <span class='ocrx_word' id='word_1_576' title='bbox 3338 571 3747 641; x_wconf 86' lang='grc' dir='ltr'>παραμυθεῖται</span> 
     </span>
    </p>
   </div>
   <div class='ocr_carea' id='block_1_76' title="bbox 2168 649 3749 722">
    <p class='ocr_par' dir='ltr' id='par_1_76' title="bbox 2168 649 3749 722">
     <span class='ocr_line' id='line_1_76' title="bbox 2168 649 3749 722; baseline -0.001 -22"><span class='ocrx_word' id='word_1_577' title='bbox 2168 649 2261 700; x_wconf 88' lang='grc' dir='ltr'>τοῦ</span> <span class='ocrx_word' id='word_1_578' title='bbox 2309 650 2430 702; x_wconf 85' lang='grc' dir='ltr'>νέου</span> <span class='ocrx_word' id='word_1_579' title='bbox 2479 651 2578 720; x_wconf 85' lang='grc' dir='ltr'>τὴν</span> <span class='ocrx_word' id='word_1_580' title='bbox 2617 651 2812 722; x_wconf 74' lang='grc' dir='ltr'>ψυχὴν,</span> <span class='ocrx_word' id='word_1_581' title='bbox 2851 652 3064 721; x_wconf 90' lang='grc' dir='ltr'>πρῶτον</span> <span class='ocrx_word' id='word_1_582' title='bbox 3098 651 3197 721; x_wconf 84' lang='grc' dir='ltr'>μὲν</span> <span class='ocrx_word' id='word_1_583' title='bbox 3241 649 3503 702; x_wconf 79' lang='grc' dir='ltr'>εἰποῦσα⁸</span> <span class='ocrx_word' id='word_1_584' title='bbox 3545 651 3749 701; x_wconf 79' lang='grc' dir='ltr'>Ἀπιθι</span> 
     </span>
    </p>
   </div>
   <div class='ocr_carea' id='block_1_77' title="bbox 2169 726 3750 798">
    <p class='ocr_par' dir='ltr' id='par_1_77' title="bbox 2169 726 3750 798">
     <span class='ocr_line' id='line_1_77' title="bbox 2169 726 3750 798; baseline -0.001 -20"><span class='ocrx_word' id='word_1_585' title='bbox 2169 727 2318 794; x_wconf 81' lang='grc' dir='ltr'>πρὸς</span> <span class='ocrx_word' id='word_1_586' title='bbox 2346 728 2547 782; x_wconf 77' lang='grc' dir='ltr'>Λάϐαν</span> <span class='ocrx_word' id='word_1_587' title='bbox 2569 731 2676 783; x_wconf 87' lang='grc' dir='ltr'>τὸν</span> <span class='ocrx_word' id='word_1_588' title='bbox 2699 729 2967 798; x_wconf 69' lang='grc' dir='ltr'>ἀδελφόν</span> <span class='ocrx_word' id='word_1_589' title='bbox 2985 747 3124 796; x_wconf 84' lang='grc' dir='ltr'>μου.</span> <span class='ocrx_word' id='word_1_590' title='bbox 3163 728 3254 798; x_wconf 84' lang='grc' dir='ltr'>Μή</span> <span class='ocrx_word' id='word_1_591' title='bbox 3287 727 3395 797; x_wconf 78' lang='grc' dir='ltr'>γὰρ</span> <span class='ocrx_word' id='word_1_592' title='bbox 3431 727 3565 797; x_wconf 82' lang='grc' dir='ltr'>πρὸς</span> <span class='ocrx_word' id='word_1_593' title='bbox 3597 726 3750 790; x_wconf 81' lang='grc' dir='ltr'>ξένον</span> 
     </span>
    </p>
   </div>
   <div class='ocr_carea' id='block_1_78' title="bbox 2168 806 3752 879">
    <p class='ocr_par' dir='ltr' id='par_1_78' title="bbox 2168 806 3752 879">
     <span class='ocr_line' id='line_1_78' title="bbox 2168 806 3752 879; baseline 0 -21"><span class='ocrx_word' id='word_1_594' title='bbox 2168 806 2313 870; x_wconf 75' lang='grc' dir='ltr'>τινὰ,</span> <span class='ocrx_word' id='word_1_595' title='bbox 2341 809 2496 877; x_wconf 77' lang='grc' dir='ltr'>φησὶ,</span> <span class='ocrx_word' id='word_1_596' title='bbox 2525 811 2836 879; x_wconf 88' lang='grc' dir='ltr'>κατεπείγω</span> <span class='ocrx_word' id='word_1_597' title='bbox 2866 827 2924 862; x_wconf 88' lang='grc' dir='ltr'>σε</span> <span class='ocrx_word' id='word_1_598' title='bbox 2948 809 3236 872; x_wconf 85' lang='grc' dir='ltr'>ἀπελθεῖν;</span> <span class='ocrx_word' id='word_1_599' title='bbox 3263 808 3418 874; x_wconf 80' lang='grc' dir='ltr'>Πρὸς</span> <span class='ocrx_word' id='word_1_600' title='bbox 3441 806 3550 860; x_wconf 87' lang='grc' dir='ltr'>τὸν</span> <span class='ocrx_word' id='word_1_601' title='bbox 3569 806 3752 859; x_wconf 67' lang='lat' dir='ltr'>d681-</span> 
     </span>
    </p>
   </div>
   <div class='ocr_carea' id='block_1_79' title="bbox 2169 883 3748 956">
    <p class='ocr_par' dir='ltr' id='par_1_79' title="bbox 2169 883 3748 956">
     <span class='ocr_line' id='line_1_79' title="bbox 2169 883 3748 956; baseline -0.001 -19"><span class='ocrx_word' id='word_1_602' title='bbox 2169 885 2290 952; x_wconf 71' lang='grc' dir='ltr'>φὺν</span> <span class='ocrx_word' id='word_1_603' title='bbox 2315 886 2423 939; x_wconf 83' lang='grc' dir='ltr'>τὸν</span> <span class='ocrx_word' id='word_1_604' title='bbox 2446 887 2612 956; x_wconf 82' lang='grc' dir='ltr'>ἐμὸν,</span> <span class='ocrx_word' id='word_1_605' title='bbox 2646 889 2744 941; x_wconf 78' lang='grc' dir='ltr'>καὶ</span> <span class='ocrx_word' id='word_1_606' title='bbox 2764 889 2914 942; x_wconf 77' lang='grc' dir='ltr'>οἴκει</span> <span class='ocrx_word' id='word_1_607' title='bbox 2937 890 3064 956; x_wconf 80' lang='grc' dir='ltr'>μετ’</span> <span class='ocrx_word' id='word_1_608' title='bbox 3087 886 3280 940; x_wconf 77' lang='grc' dir='ltr'>αὐτοῦ</span> <span class='ocrx_word' id='word_1_609' title='bbox 3309 885 3538 953; x_wconf 68' lang='grc' dir='ltr'>ἡμέρας</span> <span class='ocrx_word' id='word_1_610' title='bbox 3553 883 3748 947; x_wconf 79' lang='grc' dir='ltr'>τινάς.</span> 
     </span>
    </p>
   </div>
   <div class='ocr_carea' id='block_1_80' title="bbox 2171 963 3754 1040">
    <p class='ocr_par' dir='ltr' id='par_1_80' title="bbox 2171 963 3754 1040">
     <span class='ocr_line' id='line_1_80' title="bbox 2171 963 3754 1040; baseline -0.001 -24"><span class='ocrx_word' id='word_1_611' title='bbox 2171 965 2405 1036; x_wconf 83' lang='grc' dir='ltr'>Βραχὺν,</span> <span class='ocrx_word' id='word_1_612' title='bbox 2441 967 2597 1037; x_wconf 79' lang='grc' dir='ltr'>φησὶ,</span> <span class='ocrx_word' id='word_1_613' title='bbox 2628 969 2839 1040; x_wconf 88' lang='grc' dir='ltr'>χρόνον,</span> <span class='ocrx_word' id='word_1_614' title='bbox 2863 968 3048 1036; x_wconf 83' lang='grc' dir='ltr'>ὀλίγας</span> <span class='ocrx_word' id='word_1_615' title='bbox 3079 967 3311 1038; x_wconf 74' lang='grc' dir='ltr'>ἡμέρας,</span> <span class='ocrx_word' id='word_1_616' title='bbox 3343 966 3448 1029; x_wconf 73' lang='grc' dir='ltr'>ἕως</span> <span class='ocrx_word' id='word_1_617' title='bbox 3478 965 3574 1017; x_wconf 89' lang='grc' dir='ltr'>τοῦ</span> <span class='ocrx_word' id='word_1_618' title='bbox 3607 963 3754 1016; x_wconf 81' lang='grc' dir='ltr'>παύ-</span> 
     </span>
    </p>
   </div>
   <div class='ocr_carea' id='block_1_81' title="bbox 2173 1042 3750 1118">
    <p class='ocr_par' dir='ltr' id='par_1_81' title="bbox 2173 1042 3750 1118">
     <span class='ocr_line' id='line_1_81' title="bbox 2173 1042 3750 1118; baseline 0.001 -22"><span class='ocrx_word' id='word_1_619' title='bbox 2173 1044 2368 1098; x_wconf 90' lang='grc' dir='ltr'>σασθαι</span> <span class='ocrx_word' id='word_1_620' title='bbox 2393 1045 2492 1117; x_wconf 86' lang='grc' dir='ltr'>τήν</span> <span class='ocrx_word' id='word_1_621' title='bbox 2517 1046 2706 1117; x_wconf 85' lang='grc' dir='ltr'>ὀργήν.</span> <span class='ocrx_word' id='word_1_622' title='bbox 2742 1046 2856 1100; x_wconf 84' lang='grc' dir='ltr'>Νῦν</span> <span class='ocrx_word' id='word_1_623' title='bbox 2895 1047 3004 1118; x_wconf 85' lang='grc' dir='ltr'>γὰρ</span> <span class='ocrx_word' id='word_1_624' title='bbox 3046 1046 3140 1099; x_wconf 74' lang='grc' dir='ltr'>καὶ</span> <span class='ocrx_word' id='word_1_625' title='bbox 3171 1044 3406 1114; x_wconf 78' lang='grc' dir='ltr'>ἀκμάζει</span> <span class='ocrx_word' id='word_1_626' title='bbox 3435 1042 3607 1113; x_wconf 81' lang='grc' dir='ltr'>αὐτῷ,</span> <span class='ocrx_word' id='word_1_627' title='bbox 3639 1061 3750 1113; x_wconf 83' lang='grc' dir='ltr'>φη-</span> 
     </span>
    </p>
   </div>
   <div class='ocr_carea' id='block_1_82' title="bbox 2172 1123 3750 1196">
    <p class='ocr_par' dir='ltr' id='par_1_82' title="bbox 2172 1123 3750 1196">
     <span class='ocr_line' id='line_1_82' title="bbox 2172 1123 3750 1196; baseline -0.004 -18"><span class='ocrx_word' id='word_1_628' title='bbox 2172 1124 2277 1186; x_wconf 77' lang='grc' dir='ltr'>σὶν,</span> <span class='ocrx_word' id='word_1_629' title='bbox 2295 1126 2324 1176; x_wconf 89' lang='lat'>6</span> <span class='ocrx_word' id='word_1_630' title='bbox 2352 1124 2541 1194; x_wconf 89' lang='grc' dir='ltr'>θυμὸς,</span> <span class='ocrx_word' id='word_1_631' title='bbox 2571 1127 2665 1179; x_wconf 80' lang='grc' dir='ltr'>καὶ</span> <span class='ocrx_word' id='word_1_632' title='bbox 2689 1125 2812 1178; x_wconf 75' lang='grc' dir='ltr'>οὔτε</span> <span class='ocrx_word' id='word_1_633' title='bbox 2845 1125 2939 1178; x_wconf 85' lang='grc' dir='ltr'>τοῦ</span> <span class='ocrx_word' id='word_1_634' title='bbox 2965 1125 3167 1196; x_wconf 82' lang='grc' dir='ltr'>πατρὸς</span> <span class='ocrx_word' id='word_1_635' title='bbox 3191 1123 3324 1177; x_wconf 88' lang='grc' dir='ltr'>αίδὼ</span> <span class='ocrx_word' id='word_1_636' title='bbox 3344 1141 3464 1176; x_wconf 91' lang='grc' dir='ltr'>τινα</span> <span class='ocrx_word' id='word_1_637' title='bbox 3487 1124 3750 1181; x_wconf 87' lang='grc' dir='ltr'>ποιεῖται,</span> 
     </span>
    </p>
   </div>
   <div class='ocr_carea' id='block_1_83' title="bbox 2171 1199 3755 1275">
    <p class='ocr_par' dir='ltr' id='par_1_83' title="bbox 2171 1199 3755 1275">
     <span class='ocr_line' id='line_1_83' title="bbox 2171 1199 3755 1275; baseline -0.001 -22"><span class='ocrx_word' id='word_1_638' title='bbox 2171 1201 2426 1267; x_wconf 78' lang='grc' dir='ltr'>καθάπαξ</span> <span class='ocrx_word' id='word_1_639' title='bbox 2457 1205 2885 1275; x_wconf 86' lang='grc' dir='ltr'>τυραννούμενος</span> <span class='ocrx_word' id='word_1_640' title='bbox 2932 1203 3038 1256; x_wconf 83' lang='grc' dir='ltr'>ὑπὸ</span> <span class='ocrx_word' id='word_1_641' title='bbox 3080 1203 3174 1256; x_wconf 88' lang='grc' dir='ltr'>τοῦ</span> <span class='ocrx_word' id='word_1_642' title='bbox 3216 1202 3442 1266; x_wconf 82' lang='grc' dir='ltr'>πάθους,</span> <span class='ocrx_word' id='word_1_643' title='bbox 3481 1200 3607 1254; x_wconf 73' lang='grc' dir='ltr'>οὗτε</span> <span class='ocrx_word' id='word_1_644' title='bbox 3648 1199 3755 1269; x_wconf 82' lang='grc' dir='ltr'>τὴν</span> 
     </span>
    </p>
   </div>
   <div class='ocr_carea' id='block_1_84' title="bbox 2171 1279 3752 1356">
    <p class='ocr_par' dir='ltr' id='par_1_84' title="bbox 2171 1279 3752 1356">
     <span class='ocr_line' id='line_1_84' title="bbox 2171 1279 3752 1356; baseline -0.002 -22"><span class='ocrx_word' id='word_1_645' title='bbox 2171 1281 2461 1354; x_wconf 81' lang='grc' dir='ltr'>ἀδελφικὴν</span> <span class='ocrx_word' id='word_1_646' title='bbox 2502 1285 2733 1356; x_wconf 84' lang='grc' dir='ltr'>στοργὴν</span> <span class='ocrx_word' id='word_1_647' title='bbox 2781 1287 2839 1337; x_wconf 89' lang='grc' dir='ltr'>ἐν</span> <span class='ocrx_word' id='word_1_648' title='bbox 2887 1284 3097 1354; x_wconf 82' lang='grc' dir='ltr'>διανοίᾳ</span> <span class='ocrx_word' id='word_1_649' title='bbox 3140 1283 3441 1353; x_wconf 87' lang='grc' dir='ltr'>λαμϐάνει,</span> <span class='ocrx_word' id='word_1_650' title='bbox 3481 1281 3596 1334; x_wconf 85' lang='grc' dir='ltr'>ἀλλ’</span> <span class='ocrx_word' id='word_1_651' title='bbox 3630 1279 3752 1342; x_wconf 79' lang='grc' dir='ltr'>ἐνὸς</span> 
     </span>
    </p>
   </div>
   <div class='ocr_carea' id='block_1_85' title="bbox 2175 1361 3755 1434">
    <p class='ocr_par' dir='ltr' id='par_1_85' title="bbox 2175 1361 3755 1434">
     <span class='ocr_line' id='line_1_85' title="bbox 2175 1361 3755 1434; baseline -0.002 -18"><span class='ocrx_word' id='word_1_652' title='bbox 2175 1362 2335 1432; x_wconf 90' lang='grc' dir='ltr'>μόνου</span> <span class='ocrx_word' id='word_1_653' title='bbox 2371 1365 2614 1432; x_wconf 88' lang='grc' dir='ltr'>γίνεται,</span> <span class='ocrx_word' id='word_1_654' title='bbox 2653 1364 2744 1418; x_wconf 90' lang='grc' dir='ltr'>τοῦ</span> <span class='ocrx_word' id='word_1_655' title='bbox 2799 1364 2890 1417; x_wconf 88' lang='grc' dir='ltr'>τὸν</span> <span class='ocrx_word' id='word_1_656' title='bbox 2949 1363 3118 1433; x_wconf 89' lang='grc' dir='ltr'>θυμὸν</span> <span class='ocrx_word' id='word_1_657' title='bbox 3163 1363 3582 1434; x_wconf 84' lang='grc' dir='ltr'>ἀποπληρῶσαι.</span> <span class='ocrx_word' id='word_1_658' title='bbox 3635 1361 3755 1414; x_wconf 79' lang='grc' dir='ltr'>Καὶ</span> 
     </span>
    </p>
   </div>
   <div class='ocr_carea' id='block_1_86' title="bbox 2171 1441 3754 1513">
    <p class='ocr_par' dir='ltr' id='par_1_86' title="bbox 2171 1441 3754 1513">
     <span class='ocr_line' id='line_1_86' title="bbox 2171 1441 3754 1513; baseline -0.003 -17"><span class='ocrx_word' id='word_1_659' title='bbox 2171 1442 2588 1500; x_wconf 77' lang='grc' dir='ltr'>ἀποστείλασα</span> <span class='ocrx_word' id='word_1_660' title='bbox 2629 1444 3091 1513; x_wconf 73' lang='grc' dir='ltr'>μεταπέμψομαι</span> <span class='ocrx_word' id='word_1_661' title='bbox 3131 1457 3206 1498; x_wconf 90' lang='grc' dir='ltr'>σε</span> <span class='ocrx_word' id='word_1_662' title='bbox 3251 1443 3507 1512; x_wconf 83' lang='grc' dir='ltr'>ταχέως,</span> <span class='ocrx_word' id='word_1_663' title='bbox 3551 1441 3754 1510; x_wconf 83' lang='grc' dir='ltr'>φησὶν,</span> 
     </span>
    </p>
   </div>
   <div class='ocr_carea' id='block_1_87' title="bbox 2171 1521 3751 1594">
    <p class='ocr_par' dir='ltr' id='par_1_87' title="bbox 2171 1521 3751 1594">
     <span class='ocr_line' id='line_1_87' title="bbox 2171 1521 3751 1594; baseline -0.001 -19"><span class='ocrx_word' id='word_1_664' title='bbox 2171 1521 2415 1578; x_wconf 81' lang='grc' dir='ltr'>ἐκεῖθεν.</span> <span class='ocrx_word' id='word_1_665' title='bbox 2435 1525 2502 1577; x_wconf 86' lang='grc' dir='ltr'><strong>Σὲ</strong></span> <span class='ocrx_word' id='word_1_666' title='bbox 2518 1522 2790 1589; x_wconf 82' lang='grc' dir='ltr'>ἐπανάξω.</span> <span class='ocrx_word' id='word_1_667' title='bbox 2816 1524 3004 1578; x_wconf 84' lang='grc' dir='ltr'>Ἀπιθι</span> <span class='ocrx_word' id='word_1_668' title='bbox 3025 1523 3202 1578; x_wconf 89' lang='grc' dir='ltr'>τοίνυν</span> <span class='ocrx_word' id='word_1_669' title='bbox 3227 1522 3751 1594; x_wconf 76' lang='grc' dir='ltr'>θαῤῥῶν,ὃτιἈπο-</span> 
     </span>
    </p>
   </div>
   <div class='ocr_carea' id='block_1_88' title="bbox 2172 1598 3752 1672">
    <p class='ocr_par' dir='ltr' id='par_1_88' title="bbox 2172 1598 3752 1672">
     <span class='ocr_line' id='line_1_88' title="bbox 2172 1598 3752 1672; baseline 0.006 -20"><span class='ocrx_word' id='word_1_670' title='bbox 2172 1602 2468 1655; x_wconf 78' lang='grc' dir='ltr'>στείλασα</span> <span class='ocrx_word' id='word_1_671' title='bbox 2489 1602 2950 1672; x_wconf 70' lang='grc' dir='ltr'>μεταπέμψομαι</span> <span class='ocrx_word' id='word_1_672' title='bbox 2977 1617 3080 1657; x_wconf 89' lang='grc' dir='ltr'>σε·</span> <span class='ocrx_word' id='word_1_673' title='bbox 3125 1603 3254 1672; x_wconf 67' lang='grc' dir='ltr'>περί⁵</span> <span class='ocrx_word' id='word_1_674' title='bbox 3285 1601 3393 1672; x_wconf 83' lang='grc' dir='ltr'>γάρ</span> <span class='ocrx_word' id='word_1_675' title='bbox 3425 1601 3519 1654; x_wconf 84' lang='grc' dir='ltr'>τοῦ</span> <span class='ocrx_word' id='word_1_676' title='bbox 3550 1598 3752 1661; x_wconf 75' lang='grc' dir='ltr'>παντός</span> 
     </span>
    </p>
   </div>
   <div class='ocr_carea' id='block_1_89' title="bbox 2173 1679 3755 1754">
    <p class='ocr_par' dir='ltr' id='par_1_89' title="bbox 2173 1679 3755 1754">
     <span class='ocr_line' id='line_1_89' title="bbox 2173 1679 3755 1754; baseline 0.001 -22"><span class='ocrx_word' id='word_1_677' title='bbox 2173 1679 2291 1732; x_wconf 88' lang='grc' dir='ltr'>ἐστί</span> <span class='ocrx_word' id='word_1_678' title='bbox 2320 1697 2410 1751; x_wconf 88' lang='grc' dir='ltr'>μοι</span> <span class='ocrx_word' id='word_1_679' title='bbox 2442 1683 2470 1735; x_wconf 91' lang='lat'>6</span> <span class='ocrx_word' id='word_1_680' title='bbox 2502 1681 2680 1750; x_wconf 89' lang='grc' dir='ltr'>ἀγὼν,</span> <span class='ocrx_word' id='word_1_681' title='bbox 2714 1684 2805 1735; x_wconf 71' lang='grc' dir='ltr'>καὶ</span> <span class='ocrx_word' id='word_1_682' title='bbox 2847 1682 2976 1754; x_wconf 80' lang='grc' dir='ltr'>περὶ</span> <span class='ocrx_word' id='word_1_683' title='bbox 3010 1682 3336 1753; x_wconf 86' lang='grc' dir='ltr'>ἀμφοτέρων</span> <span class='ocrx_word' id='word_1_684' title='bbox 3375 1679 3608 1742; x_wconf 89' lang='grc' dir='ltr'>δέδοικα,</span> <span class='ocrx_word' id='word_1_685' title='bbox 3644 1680 3755 1748; x_wconf 84' lang='grc' dir='ltr'>μή·</span> 
     </span>
    </p>
   </div>
   <div class='ocr_carea' id='block_1_90' title="bbox 2173 1757 3753 1832">
    <p class='ocr_par' dir='ltr' id='par_1_90' title="bbox 2173 1757 3753 1832">
     <span class='ocr_line' id='line_1_90' title="bbox 2173 1757 3753 1832; baseline 0 -21"><span class='ocrx_word' id='word_1_686' title='bbox 2173 1776 2304 1811; x_wconf 87' lang='grc' dir='ltr'>ποτε</span> <span class='ocrx_word' id='word_1_687' title='bbox 2334 1761 2692 1832; x_wconf 84' lang='grc' dir='ltr'>ἀποστερηθῶ</span> <span class='ocrx_word' id='word_1_688' title='bbox 2725 1761 3071 1832; x_wconf 84' lang='grc' dir='ltr'>ἀμφοτέρων.</span> <span class='ocrx_word' id='word_1_689' title='bbox 3092 1761 3233 1831; x_wconf 88' lang='grc' dir='ltr'>Ὅρα</span> <span class='ocrx_word' id='word_1_690' title='bbox 3268 1759 3480 1813; x_wconf 91' lang='grc' dir='ltr'>σύνεσιν</span> <span class='ocrx_word' id='word_1_691' title='bbox 3513 1757 3717 1829; x_wconf 86' lang='grc' dir='ltr'>μητρός</span> <span class='ocrx_word' id='word_1_692' title='bbox 3737 1773 3753 1785; x_wconf 83' lang='lat'><strong><em>°</em></strong></span> 
     </span>
    </p>
   </div>
   <div class='ocr_carea' id='block_1_91' title="bbox 2173 1837 3760 1910">
    <p class='ocr_par' dir='ltr' id='par_1_91' title="bbox 2173 1837 3760 1910">
     <span class='ocr_line' id='line_1_91' title="bbox 2173 1837 3760 1910; baseline -0.001 -20"><span class='ocrx_word' id='word_1_693' title='bbox 2173 1838 2291 1900; x_wconf 87' lang='grc' dir='ltr'>πῶς</span> <span class='ocrx_word' id='word_1_694' title='bbox 2319 1839 2528 1892; x_wconf 75' lang='grc' dir='ltr'>οἴκοθεν</span> <span class='ocrx_word' id='word_1_695' title='bbox 2555 1841 2868 1910; x_wconf 81' lang='grc' dir='ltr'>κινουμένη,</span> <span class='ocrx_word' id='word_1_696' title='bbox 2889 1839 3087 1910; x_wconf 84' lang='grc' dir='ltr'>μᾶλλον</span> <span class='ocrx_word' id='word_1_697' title='bbox 3113 1839 3168 1892; x_wconf 89' lang='grc' dir='ltr'>δέ</span> <span class='ocrx_word' id='word_1_698' title='bbox 3200 1841 3266 1909; x_wconf 81' lang='grc' dir='ltr'>τῇ</span> <span class='ocrx_word' id='word_1_699' title='bbox 3297 1837 3391 1892; x_wconf 86' lang='grc' dir='ltr'>τοῦ</span> <span class='ocrx_word' id='word_1_700' title='bbox 3426 1837 3560 1890; x_wconf 86' lang='grc' dir='ltr'>Θεοῦ</span> <span class='ocrx_word' id='word_1_701' title='bbox 3587 1839 3760 1907; x_wconf 81' lang='grc' dir='ltr'>προῤ-</span> 
     </span>
    </p>
   </div>
   <div class='ocr_carea' id='block_1_92' title="bbox 2177 1916 3760 1990">
    <p class='ocr_par' dir='ltr' id='par_1_92' title="bbox 2177 1916 3760 1990">
     <span class='ocr_line' id='line_1_92' title="bbox 2177 1916 3760 1990; baseline -0.003 -20"><span class='ocrx_word' id='word_1_702' title='bbox 2177 1920 2333 1989; x_wconf 75' lang='grc' dir='ltr'>ῥήσει</span> <span class='ocrx_word' id='word_1_703' title='bbox 2360 1919 2452 1972; x_wconf 74' lang='grc' dir='ltr'>καὶ</span> <span class='ocrx_word' id='word_1_704' title='bbox 2481 1919 2575 1973; x_wconf 86' lang='grc' dir='ltr'>νῦν</span> <span class='ocrx_word' id='word_1_705' title='bbox 2597 1919 3037 1990; x_wconf 86' lang='grc' dir='ltr'>ὐπηρετουμένη,</span> <span class='ocrx_word' id='word_1_706' title='bbox 3071 1921 3254 1972; x_wconf 89' lang='grc' dir='ltr'>ἐκεῖνα</span> <span class='ocrx_word' id='word_1_707' title='bbox 3288 1916 3640 1988; x_wconf 86' lang='grc' dir='ltr'>συμϐουλεύει</span> <span class='ocrx_word' id='word_1_708' title='bbox 3670 1916 3760 1985; x_wconf 83' lang='grc' dir='ltr'>τῷ</span> 
     </span>
    </p>
   </div>
   <div class='ocr_carea' id='block_1_93' title="bbox 2175 1995 3760 2067">
    <p class='ocr_par' dir='ltr' id='par_1_93' title="bbox 2175 1995 3760 2067">
     <span class='ocr_line' id='line_1_93' title="bbox 2175 1995 3760 2067; baseline -0.001 -19"><span class='ocrx_word' id='word_1_709' title='bbox 2175 1995 2345 2054; x_wconf 75' lang='grc' dir='ltr'>παιδὶ,</span> <span class='ocrx_word' id='word_1_710' title='bbox 2372 1995 2516 2067; x_wconf 81' lang='grc' dir='ltr'>άπερ</span> <span class='ocrx_word' id='word_1_711' title='bbox 2550 1998 2578 2048; x_wconf 90' lang='lat'>6</span> <span class='ocrx_word' id='word_1_712' title='bbox 2612 1996 2846 2066; x_wconf 83' lang='grc' dir='ltr'>Χριστὸς</span> <span class='ocrx_word' id='word_1_713' title='bbox 2889 1995 3119 2066; x_wconf 81' lang='grc' dir='ltr'>παρῄνει</span> <span class='ocrx_word' id='word_1_714' title='bbox 3151 1997 3263 2058; x_wconf 89' lang='grc' dir='ltr'>τοῖς</span> <span class='ocrx_word' id='word_1_715' title='bbox 3295 1996 3578 2065; x_wconf 85' lang='grc' dir='ltr'>μαθηταῖς,</span> <span class='ocrx_word' id='word_1_716' title='bbox 3613 2012 3760 2064; x_wconf 86' lang='grc' dir='ltr'>συμ-</span> 
     </span>
    </p>
   </div>
   <div class='ocr_carea' id='block_1_94' title="bbox 2175 2073 3760 2145">
    <p class='ocr_par' dir='ltr' id='par_1_94' title="bbox 2175 2073 3760 2145">
     <span class='ocr_line' id='line_1_94' title="bbox 2175 2073 3760 2145; baseline -0.001 -20"><span class='ocrx_word' id='word_1_717' title='bbox 2175 2073 2446 2128; x_wconf 90' lang='grc' dir='ltr'>ϐουλεύων</span> <span class='ocrx_word' id='word_1_718' title='bbox 2481 2074 2554 2145; x_wconf 88' lang='grc' dir='ltr'>μὴ</span> <span class='ocrx_word' id='word_1_719' title='bbox 2596 2076 2759 2145; x_wconf 88' lang='grc' dir='ltr'>ὁμόσε</span> <span class='ocrx_word' id='word_1_720' title='bbox 2803 2077 3003 2145; x_wconf 88' lang='grc' dir='ltr'>χωρεῖν</span> <span class='ocrx_word' id='word_1_721' title='bbox 3031 2076 3141 2138; x_wconf 88' lang='grc' dir='ltr'>τοῖς</span> <span class='ocrx_word' id='word_1_722' title='bbox 3181 2074 3466 2138; x_wconf 85' lang='grc' dir='ltr'>κινδύνοις,</span> <span class='ocrx_word' id='word_1_723' title='bbox 3498 2073 3636 2126; x_wconf 88' lang='grc' dir='ltr'>ἀλλά</span> <span class='ocrx_word' id='word_1_724' title='bbox 3664 2073 3760 2125; x_wconf 75' lang='grc' dir='ltr'>διὰ</span> 
     </span>
    </p>
   </div>
   <div class='ocr_carea' id='block_1_95' title="bbox 2174 2152 3759 2224">
    <p class='ocr_par' dir='ltr' id='par_1_95' title="bbox 2174 2152 3759 2224">
     <span class='ocr_line' id='line_1_95' title="bbox 2174 2152 3759 2224; baseline -0.001 -21"><span class='ocrx_word' id='word_1_725' title='bbox 2174 2152 2275 2221; x_wconf 85' lang='grc' dir='ltr'>τῆς</span> <span class='ocrx_word' id='word_1_726' title='bbox 2327 2153 2726 2222; x_wconf 87' lang='grc' dir='ltr'>ἀναχωρήσεως</span> <span class='ocrx_word' id='word_1_727' title='bbox 2777 2152 3218 2224; x_wconf 88' lang='grc' dir='ltr'>παραμυθεῖσθαι</span> <span class='ocrx_word' id='word_1_728' title='bbox 3253 2152 3348 2206; x_wconf 89' lang='grc' dir='ltr'>τοῦ</span> <span class='ocrx_word' id='word_1_729' title='bbox 3401 2152 3606 2216; x_wconf 88' lang='grc' dir='ltr'>πάθους</span> <span class='ocrx_word' id='word_1_730' title='bbox 3649 2153 3759 2222; x_wconf 77' lang='grc' dir='ltr'>τὴν</span> 
     </span>
    </p>
   </div>
   <div class='ocr_carea' id='block_1_96' title="bbox 2179 2229 3766 2302">
    <p class='ocr_par' dir='ltr' id='par_1_96' title="bbox 2179 2229 3766 2302">
     <span class='ocr_line' id='line_1_96' title="bbox 2179 2229 3766 2302; baseline -0.001 -18"><span class='ocrx_word' id='word_1_731' title='bbox 2179 2230 2398 2300; x_wconf 88' lang='grc' dir='ltr'>μανίαν.</span> <span class='ocrx_word' id='word_1_732' title='bbox 2457 2231 2628 2284; x_wconf 89' lang='grc' dir='ltr'>Τοῦτο</span> <span class='ocrx_word' id='word_1_733' title='bbox 2685 2231 2868 2285; x_wconf 89' lang='grc' dir='ltr'>τοίνυν</span> <span class='ocrx_word' id='word_1_734' title='bbox 2919 2232 3012 2286; x_wconf 79' lang='grc' dir='ltr'>καὶ</span> <span class='ocrx_word' id='word_1_735' title='bbox 3063 2232 3202 2302; x_wconf 86' lang='grc' dir='ltr'>αῦτη</span> <span class='ocrx_word' id='word_1_736' title='bbox 3257 2232 3622 2302; x_wconf 87' lang='grc' dir='ltr'>είσηγουμένη</span> <span class='ocrx_word' id='word_1_737' title='bbox 3671 2229 3766 2299; x_wconf 79' lang='grc' dir='ltr'>τῷ</span> 
     </span>
    </p>
   </div>
   <div class='ocr_carea' id='block_1_97' title="bbox 2176 2311 3758 2385">
    <p class='ocr_par' dir='ltr' id='par_1_97' title="bbox 2176 2311 3758 2385">
     <span class='ocr_line' id='line_1_97' title="bbox 2176 2311 3758 2385; baseline 0.001 -22"><span class='ocrx_word' id='word_1_738' title='bbox 2176 2311 2349 2371; x_wconf 79' lang='grc' dir='ltr'>παιδὶ.</span> <span class='ocrx_word' id='word_1_739' title='bbox 2384 2312 2648 2384; x_wconf 87' lang='grc' dir='ltr'>πρότερον</span> <span class='ocrx_word' id='word_1_740' title='bbox 2676 2313 2824 2382; x_wconf 80' lang='grc' dir='ltr'>αὐτῷ</span> <span class='ocrx_word' id='word_1_741' title='bbox 2855 2313 3303 2385; x_wconf 91' lang='grc' dir='ltr'>συμϐουλεύσασα</span> <span class='ocrx_word' id='word_1_742' title='bbox 3331 2315 3426 2368; x_wconf 81' lang='grc' dir='ltr'>καὶ</span> <span class='ocrx_word' id='word_1_743' title='bbox 3468 2314 3758 2382; x_wconf 73' lang='grc' dir='ltr'>παραθαρ-</span> 
     </span>
    </p>
   </div>
   <div class='ocr_carea' id='block_1_98' title="bbox 2178 2391 3758 2466">
    <p class='ocr_par' dir='ltr' id='par_1_98' title="bbox 2178 2391 3758 2466">
     <span class='ocr_line' id='line_1_98' title="bbox 2178 2391 3758 2466; baseline 0.001 -23"><span class='ocrx_word' id='word_1_744' title='bbox 2178 2391 2384 2461; x_wconf 79' lang='grc' dir='ltr'>ῥύνασα</span> <span class='ocrx_word' id='word_1_745' title='bbox 2429 2392 2592 2446; x_wconf 83' lang='grc' dir='ltr'>αὐτοῦ</span> <span class='ocrx_word' id='word_1_746' title='bbox 2640 2393 2731 2446; x_wconf 88' lang='grc' dir='ltr'>τὸν</span> <span class='ocrx_word' id='word_1_747' title='bbox 2777 2394 3069 2464; x_wconf 86' lang='grc' dir='ltr'>λογισμὸν,</span> <span class='ocrx_word' id='word_1_748' title='bbox 3103 2395 3245 2447; x_wconf 85' lang='grc' dir='ltr'>ὥστε</span> <span class='ocrx_word' id='word_1_749' title='bbox 3299 2394 3374 2466; x_wconf 81' lang='grc' dir='ltr'>μή</span> <span class='ocrx_word' id='word_1_750' title='bbox 3424 2395 3758 2463; x_wconf 76' lang='grc' dir='ltr'>δυσχερᾶναι</span> 
     </span>
    </p>
   </div>
   <div class='ocr_carea' id='block_1_99' title="bbox 2177 2471 3759 2545">
    <p class='ocr_par' dir='ltr' id='par_1_99' title="bbox 2177 2471 3759 2545">
     <span class='ocr_line' id='line_1_99' title="bbox 2177 2471 3759 2545; baseline 0 -21"><span class='ocrx_word' id='word_1_751' title='bbox 2177 2471 2313 2541; x_wconf 88' lang='grc' dir='ltr'>πρὸς</span> <span class='ocrx_word' id='word_1_752' title='bbox 2339 2472 2432 2526; x_wconf 82' lang='grc' dir='ltr'>τὸν</span> <span class='ocrx_word' id='word_1_753' title='bbox 2459 2473 2760 2544; x_wconf 85' lang='grc' dir='ltr'>χωρισμὸν,</span> <span class='ocrx_word' id='word_1_754' title='bbox 2782 2474 2902 2526; x_wconf 87' lang='grc' dir='ltr'>τότε</span> <span class='ocrx_word' id='word_1_755' title='bbox 2928 2474 3112 2528; x_wconf 88' lang='grc' dir='ltr'>λοιπὸν</span> <span class='ocrx_word' id='word_1_756' title='bbox 3136 2474 3230 2528; x_wconf 77' lang='grc' dir='ltr'>καὶ</span> <span class='ocrx_word' id='word_1_757' title='bbox 3259 2475 3512 2545; x_wconf 81' lang='grc' dir='ltr'>ἀφορμὴν</span> <span class='ocrx_word' id='word_1_758' title='bbox 3535 2473 3759 2540; x_wconf 77' lang='grc' dir='ltr'>εῦλογον</span> 
     </span>
    </p>
   </div>
   <div class='ocr_carea' id='block_1_100' title="bbox 2177 2551 3760 2624">
    <p class='ocr_par' dir='ltr' id='par_1_100' title="bbox 2177 2551 3760 2624">
     <span class='ocr_line' id='line_1_100' title="bbox 2177 2551 3760 2624; baseline 0.002 -23"><span class='ocrx_word' id='word_1_759' title='bbox 2177 2554 2242 2620; x_wconf 86' lang='grc' dir='ltr'>τῇ</span> <span class='ocrx_word' id='word_1_760' title='bbox 2267 2551 2547 2622; x_wconf 86' lang='grc' dir='ltr'>ἀποδημίᾳ</span> <span class='ocrx_word' id='word_1_761' title='bbox 2574 2551 2875 2623; x_wconf 91' lang='grc' dir='ltr'>περιθεῖναι</span> <span class='ocrx_word' id='word_1_762' title='bbox 2906 2553 3172 2623; x_wconf 87' lang='grc' dir='ltr'>βούλεται,</span> <span class='ocrx_word' id='word_1_763' title='bbox 3194 2553 3334 2606; x_wconf 79' lang='grc' dir='ltr'>ὥστε</span> <span class='ocrx_word' id='word_1_764' title='bbox 3363 2554 3438 2624; x_wconf 84' lang='grc' dir='ltr'>μὴ</span> <span class='ocrx_word' id='word_1_765' title='bbox 3462 2552 3760 2622; x_wconf 79' lang='grc' dir='ltr'>προφανῶς</span> 
     </span>
    </p>
   </div>
   <div class='ocr_carea' id='block_1_101' title="bbox 2177 2629 3759 2701">
    <p class='ocr_par' dir='ltr' id='par_1_101' title="bbox 2177 2629 3759 2701">
     <span class='ocr_line' id='line_1_101' title="bbox 2177 2629 3759 2701; baseline 0 -19"><span class='ocrx_word' id='word_1_766' title='bbox 2177 2629 2325 2696; x_wconf 82' lang='grc' dir='ltr'>δόξαι</span> <span class='ocrx_word' id='word_1_767' title='bbox 2367 2630 2455 2683; x_wconf 84' lang='grc' dir='ltr'>διὰ</span> <span class='ocrx_word' id='word_1_768' title='bbox 2503 2630 2602 2700; x_wconf 83' lang='grc' dir='ltr'>τὴν</span> <span class='ocrx_word' id='word_1_769' title='bbox 2648 2631 2742 2684; x_wconf 88' lang='grc' dir='ltr'>τοῦ</span> <span class='ocrx_word' id='word_1_770' title='bbox 2781 2631 3011 2701; x_wconf 88' lang='grc' dir='ltr'>ἀδελφοῦ</span> <span class='ocrx_word' id='word_1_771' title='bbox 3062 2631 3360 2701; x_wconf 87' lang='grc' dir='ltr'>βασκανίαν</span> <span class='ocrx_word' id='word_1_772' title='bbox 3414 2633 3759 2701; x_wconf 80' lang='grc' dir='ltr'>ἀναχωρεῖν,</span> 
     </span>
    </p>
   </div>
   <div class='ocr_carea' id='block_1_102' title="bbox 2181 2709 3766 2782">
    <p class='ocr_par' dir='ltr' id='par_1_102' title="bbox 2181 2709 3766 2782">
     <span class='ocr_line' id='line_1_102' title="bbox 2181 2709 3766 2782; baseline 0.002 -22"><span class='ocrx_word' id='word_1_773' title='bbox 2181 2709 2320 2779; x_wconf 85' lang='grc' dir='ltr'>μηδέ</span> <span class='ocrx_word' id='word_1_774' title='bbox 2361 2709 2455 2762; x_wconf 87' lang='grc' dir='ltr'>τὸν</span> <span class='ocrx_word' id='word_1_775' title='bbox 2495 2710 2707 2779; x_wconf 86' lang='grc' dir='ltr'>πατέρα</span> <span class='ocrx_word' id='word_1_776' title='bbox 2751 2710 2954 2778; x_wconf 90' lang='grc' dir='ltr'>γνῶναι</span> <span class='ocrx_word' id='word_1_777' title='bbox 2979 2712 3078 2782; x_wconf 82' lang='grc' dir='ltr'>τήν</span> <span class='ocrx_word' id='word_1_778' title='bbox 3105 2711 3280 2782; x_wconf 89' lang='grc' dir='ltr'>ἀληθῆ</span> <span class='ocrx_word' id='word_1_779' title='bbox 3308 2711 3407 2780; x_wconf 82' lang='grc' dir='ltr'>τῆς</span> <span class='ocrx_word' id='word_1_780' title='bbox 3447 2711 3766 2781; x_wconf 78' lang='grc' dir='ltr'>ἀποδημίας</span> 
     </span>
    </p>
   </div>
   <div class='ocr_carea' id='block_1_103' title="bbox 2179 2790 3758 2865">
    <p class='ocr_par' dir='ltr' id='par_1_103' title="bbox 2179 2790 3758 2865">
     <span class='ocr_line' id='line_1_103' title="bbox 2179 2790 3758 2865; baseline 0 -21"><span class='ocrx_word' id='word_1_781' title='bbox 2179 2790 2377 2856; x_wconf 84' lang='grc' dir='ltr'>αἰτίαν,</span> <span class='ocrx_word' id='word_1_782' title='bbox 2406 2793 2543 2862; x_wconf 87' lang='grc' dir='ltr'>μήτε</span> <span class='ocrx_word' id='word_1_783' title='bbox 2567 2791 2661 2844; x_wconf 88' lang='grc' dir='ltr'>τοῦ</span> <span class='ocrx_word' id='word_1_784' title='bbox 2692 2792 2864 2847; x_wconf 82' lang='grc' dir='ltr'>Ἠσαῦ</span> <span class='ocrx_word' id='word_1_785' title='bbox 2890 2794 2988 2865; x_wconf 82' lang='grc' dir='ltr'>τὴν</span> <span class='ocrx_word' id='word_1_786' title='bbox 3008 2793 3148 2848; x_wconf 86' lang='grc' dir='ltr'>κατὰ</span> <span class='ocrx_word' id='word_1_787' title='bbox 3168 2793 3333 2848; x_wconf 80' lang='grc' dir='ltr'>αὐτοῦ</span> <span class='ocrx_word' id='word_1_788' title='bbox 3361 2793 3758 2862; x_wconf 86' lang='grc' dir='ltr'>ἀγανάκτησιν.</span> 
     </span>
    </p>
   </div>
   <div class='ocr_carea' id='block_1_104' title="bbox 2179 2875 3762 2946">
    <p class='ocr_par' dir='ltr' id='par_1_104' title="bbox 2179 2875 3762 2946">
     <span class='ocr_line' id='line_1_104' title="bbox 2179 2875 3762 2946; baseline 0.001 -17"><span class='ocrx_word' id='word_1_789' title='bbox 2179 2876 2288 2929; x_wconf 79' lang='grc' dir='ltr'>Καὶ</span> <span class='ocrx_word' id='word_1_790' title='bbox 2331 2875 2717 2940; x_wconf 81' lang='grc' dir='ltr'>εἰσελθοῦσα,</span> <span class='ocrx_word' id='word_1_791' title='bbox 2761 2877 2923 2946; x_wconf 74' lang='grc' dir='ltr'>φησὶ,</span> <span class='ocrx_word' id='word_1_792' title='bbox 2971 2876 3120 2945; x_wconf 80' lang='grc' dir='ltr'>πρὸς</span> <span class='ocrx_word' id='word_1_793' title='bbox 3155 2877 3262 2930; x_wconf 83' lang='grc' dir='ltr'>τὸν</span> <span class='ocrx_word' id='word_1_794' title='bbox 3311 2877 3514 2930; x_wconf 77' lang='grc' dir='ltr'>Ἰσαὰκ</span> <span class='ocrx_word' id='word_1_795' title='bbox 3558 2877 3596 2942; x_wconf 72' lang='grc' dir='ltr'><em>ὴ</em></span> <span class='ocrx_word' id='word_1_796' title='bbox 3641 2877 3762 2930; x_wconf 82' lang='grc' dir='ltr'>Ῥε-</span> 
     </span>
    </p>
   </div>
   <div class='ocr_carea' id='block_1_105' title="bbox 2181 2954 3762 3029">
    <p class='ocr_par' dir='ltr' id='par_1_105' title="bbox 2181 2954 3762 3029">
     <span class='ocr_line' id='line_1_105' title="bbox 2181 2954 3762 3029; baseline 0.001 -18"><span class='ocrx_word' id='word_1_797' title='bbox 2181 2958 2361 3012; x_wconf 80' lang='grc' dir='ltr'>ϐέκκα</span> <span class='ocrx_word' id='word_1_798' title='bbox 2385 2954 2513 3012; x_wconf 81' lang='grc' dir='ltr'>εἷπε</span> <span class='ocrx_word' id='word_1_799' title='bbox 2532 2973 2546 2986; x_wconf 80' lang='grc'><strong>⁸</strong></span> <span class='ocrx_word' id='word_1_800' title='bbox 2582 2958 2979 3026; x_wconf 85' lang='grc' dir='ltr'>Προσώχθισα</span> <span class='ocrx_word' id='word_1_801' title='bbox 3003 2959 3076 3027; x_wconf 78' lang='grc' dir='ltr'>τῇ</span> <span class='ocrx_word' id='word_1_802' title='bbox 3111 2959 3224 3027; x_wconf 77' lang='grc' dir='ltr'>ζωῇ</span> <span class='ocrx_word' id='word_1_803' title='bbox 3247 2979 3366 3029; x_wconf 82' lang='grc' dir='ltr'>μου</span> <span class='ocrx_word' id='word_1_804' title='bbox 3399 2959 3497 3013; x_wconf 80' lang='grc' dir='ltr'>διὰ</span> <span class='ocrx_word' id='word_1_805' title='bbox 3525 2961 3631 3025; x_wconf 85' lang='grc' dir='ltr'>τὰς</span> <span class='ocrx_word' id='word_1_806' title='bbox 3656 2963 3762 3013; x_wconf 86' lang='grc' dir='ltr'>θυ-</span> 
     </span>
    </p>
   </div>
   <div class='ocr_carea' id='block_1_106' title="bbox 2180 3041 3764 3112">
    <p class='ocr_par' dir='ltr' id='par_1_106' title="bbox 2180 3041 3764 3112">
     <span class='ocr_line' id='line_1_106' title="bbox 2180 3041 3764 3112; baseline -0.001 -16"><span class='ocrx_word' id='word_1_807' title='bbox 2180 3043 2432 3112; x_wconf 63' lang='grc' dir='ltr'>γατέρας</span> <span class='ocrx_word' id='word_1_808' title='bbox 2480 3041 2598 3096; x_wconf 87' lang='grc' dir='ltr'>τῶν</span> <span class='ocrx_word' id='word_1_809' title='bbox 2629 3042 2775 3096; x_wconf 85' lang='grc' dir='ltr'>υἱῶν</span> <span class='ocrx_word' id='word_1_810' title='bbox 2817 3043 2949 3096; x_wconf 88' lang='grc' dir='ltr'>Χέτ.</span> <span class='ocrx_word' id='word_1_811' title='bbox 3000 3046 3070 3097; x_wconf 77' lang='grc' dir='ltr'>ΕΙ</span> <span class='ocrx_word' id='word_1_812' title='bbox 3097 3044 3355 3112; x_wconf 72' lang='grc' dir='ltr'>λήψεται</span> <span class='ocrx_word' id='word_1_813' title='bbox 3399 3043 3609 3097; x_wconf 82' lang='grc' dir='ltr'>Ἰακὼϐ</span> <span class='ocrx_word' id='word_1_814' title='bbox 3653 3062 3764 3112; x_wconf 75' lang='grc' dir='ltr'>τυ-</span> 
     </span>
    </p>
   </div>
   <div class='ocr_carea' id='block_1_107' title="bbox 2180 3120 3764 3192">
    <p class='ocr_par' dir='ltr' id='par_1_107' title="bbox 2180 3120 3764 3192">
     <span class='ocr_line' id='line_1_107' title="bbox 2180 3120 3764 3192; baseline 0 -16"><span class='ocrx_word' id='word_1_815' title='bbox 2180 3121 2361 3176; x_wconf 84' lang='grc' dir='ltr'>ναῖκα</span> <span class='ocrx_word' id='word_1_816' title='bbox 2379 3121 2498 3177; x_wconf 79' lang='grc' dir='ltr'>ἀπὸ</span> <span class='ocrx_word' id='word_1_817' title='bbox 2523 3120 2640 3175; x_wconf 88' lang='grc' dir='ltr'>τῶν</span> <span class='ocrx_word' id='word_1_818' title='bbox 2671 3123 3007 3192; x_wconf 75' lang='grc' dir='ltr'>θυγατέρων</span> <span class='ocrx_word' id='word_1_819' title='bbox 3035 3120 3142 3190; x_wconf 83' lang='grc' dir='ltr'>τῆς</span> <span class='ocrx_word' id='word_1_820' title='bbox 3169 3123 3278 3192; x_wconf 78' lang='grc' dir='ltr'>γῆς</span> <span class='ocrx_word' id='word_1_821' title='bbox 3306 3125 3548 3191; x_wconf 83' lang='grc' dir='ltr'>ταύτης,</span> <span class='ocrx_word' id='word_1_822' title='bbox 3577 3124 3679 3176; x_wconf 77' lang='grc' dir='ltr'>ἵνα</span> <span class='ocrx_word' id='word_1_823' title='bbox 3697 3123 3764 3176; x_wconf 77' lang='grc' dir='ltr'>τί</span> 
     </span>
    </p>
   </div>
   <div class='ocr_carea' id='block_1_108' title="bbox 2180 3200 2562 3271">
    <p class='ocr_par' dir='ltr' id='par_1_108' title="bbox 2180 3200 2562 3271">
     <span class='ocr_line' id='line_1_108' title="bbox 2180 3200 2562 3271; baseline -0.003 -15"><span class='ocrx_word' id='word_1_824' title='bbox 2180 3221 2284 3271; x_wconf 83' lang='grc' dir='ltr'>μοι</span> <span class='ocrx_word' id='word_1_825' title='bbox 2321 3203 2386 3256; x_wconf 82' lang='grc' dir='ltr'>τὸ</span> <span class='ocrx_word' id='word_1_826' title='bbox 2421 3200 2562 3270; x_wconf 60' lang='lat' dir='ltr'>(fw;</span> 
     </span>
    </p>
   </div>
   <div class='ocr_carea' id='block_1_109' title="bbox 2250 3301 3762 3378">
    <p class='ocr_par' dir='ltr' id='par_1_109' title="bbox 2250 3301 3762 3378">
     <span class='ocr_line' id='line_1_109' title="bbox 2250 3301 3762 3378; baseline -0.001 -17"><span class='ocrx_word' id='word_1_827' title='bbox 2250 3315 2321 3377; x_wconf 86' lang='grc' dir='ltr'>γ’.</span> <span class='ocrx_word' id='word_1_828' title='bbox 2353 3307 2552 3360; x_wconf 87' lang='grc' dir='ltr'>Σκόπει</span> <span class='ocrx_word' id='word_1_829' title='bbox 2582 3307 2698 3367; x_wconf 86' lang='grc' dir='ltr'>πῶς</span> <span class='ocrx_word' id='word_1_830' title='bbox 2723 3305 3078 3378; x_wconf 86' lang='grc' dir='ltr'>εὐπρόσωπον</span> <span class='ocrx_word' id='word_1_831' title='bbox 3124 3301 3248 3378; x_wconf 71' lang='grc' dir='ltr'>εὗρε</span> <span class='ocrx_word' id='word_1_832' title='bbox 3275 3307 3762 3377; x_wconf 79' lang='grc' dir='ltr'>πρόφασιν.“Οταν</span> 
     </span>
    </p>
   </div>
   <div class='ocr_carea' id='block_1_110' title="bbox 2182 3385 3763 3458">
    <p class='ocr_par' dir='ltr' id='par_1_110' title="bbox 2182 3385 3763 3458">
     <span class='ocr_line' id='line_1_110' title="bbox 2182 3385 3763 3458; baseline -0.002 -16"><span class='ocrx_word' id='word_1_833' title='bbox 2182 3388 2290 3458; x_wconf 78' lang='grc' dir='ltr'>γὰρ</span> <span class='ocrx_word' id='word_1_834' title='bbox 2316 3389 2450 3457; x_wconf 85' lang='grc' dir='ltr'>ἡμῖν</span> <span class='ocrx_word' id='word_1_835' title='bbox 2476 3390 2508 3456; x_wconf 88' lang='grc' dir='ltr'>ὴ</span> <span class='ocrx_word' id='word_1_836' title='bbox 2533 3385 2738 3440; x_wconf 79' lang='grc' dir='ltr'>ἄνωθεν</span> <span class='ocrx_word' id='word_1_837' title='bbox 2763 3386 3087 3458; x_wconf 82' lang='grc' dir='ltr'>συμπράττῃ</span> <span class='ocrx_word' id='word_1_838' title='bbox 3104 3386 3273 3452; x_wconf 79' lang='grc' dir='ltr'>δεξιά,</span> <span class='ocrx_word' id='word_1_839' title='bbox 3304 3388 3397 3441; x_wconf 75' lang='grc' dir='ltr'>καὶ</span> <span class='ocrx_word' id='word_1_840' title='bbox 3427 3387 3495 3439; x_wconf 82' lang='grc' dir='ltr'>τὰ</span> <span class='ocrx_word' id='word_1_841' title='bbox 3523 3387 3763 3457; x_wconf 82' lang='grc' dir='ltr'>δυσχερῆ</span> 
     </span>
    </p>
   </div>
   <div class='ocr_carea' id='block_1_111' title="bbox 2182 3468 3764 3540">
    <p class='ocr_par' dir='ltr' id='par_1_111' title="bbox 2182 3468 3764 3540">
     <span class='ocr_line' id='line_1_111' title="bbox 2182 3468 3764 3540; baseline -0.001 -16"><span class='ocrx_word' id='word_1_842' title='bbox 2182 3470 2378 3524; x_wconf 78' lang='grc' dir='ltr'>εὐκολα</span> <span class='ocrx_word' id='word_1_843' title='bbox 2408 3469 2636 3537; x_wconf 88' lang='grc' dir='ltr'>γίνεται,</span> <span class='ocrx_word' id='word_1_844' title='bbox 2676 3469 2770 3522; x_wconf 77' lang='grc' dir='ltr'>καὶ</span> <span class='ocrx_word' id='word_1_845' title='bbox 2784 3469 2851 3522; x_wconf 92' lang='grc' dir='ltr'>τά</span> <span class='ocrx_word' id='word_1_846' title='bbox 2891 3469 3123 3522; x_wconf 89' lang='grc' dir='ltr'>δύσκολα</span> <span class='ocrx_word' id='word_1_847' title='bbox 3155 3471 3329 3540; x_wconf 77' lang='grc' dir='ltr'>ῥᾴδια.</span> <span class='ocrx_word' id='word_1_848' title='bbox 3372 3471 3523 3523; x_wconf 74' lang='grc' dir='ltr'>Ἐπεὶ</span> <span class='ocrx_word' id='word_1_849' title='bbox 3554 3468 3647 3523; x_wconf 77' lang='grc' dir='ltr'>οὖν</span> <span class='ocrx_word' id='word_1_850' title='bbox 3663 3472 3764 3523; x_wconf 67' lang='grc' dir='ltr'>καὶ</span> 
     </span>
    </p>
   </div>
   <div class='ocr_carea' id='block_1_112' title="bbox 2181 3546 3762 3621">
    <p class='ocr_par' dir='ltr' id='par_1_112' title="bbox 2181 3546 3762 3621">
     <span class='ocr_line' id='line_1_112' title="bbox 2181 3546 3762 3621; baseline -0.001 -17"><span class='ocrx_word' id='word_1_851' title='bbox 2181 3551 2319 3621; x_wconf 82' lang='grc' dir='ltr'>αῦτη</span> <span class='ocrx_word' id='word_1_852' title='bbox 2353 3546 2466 3619; x_wconf 75' lang='grc' dir='ltr'>εἶχε</span> <span class='ocrx_word' id='word_1_853' title='bbox 2494 3548 2586 3602; x_wconf 87' lang='grc' dir='ltr'>τὸν</span> <span class='ocrx_word' id='word_1_854' title='bbox 2613 3548 2721 3601; x_wconf 88' lang='grc' dir='ltr'>τῶν</span> <span class='ocrx_word' id='word_1_855' title='bbox 2753 3547 2889 3601; x_wconf 81' lang='grc' dir='ltr'>ὅλων</span> <span class='ocrx_word' id='word_1_856' title='bbox 2925 3548 3058 3601; x_wconf 86' lang='grc' dir='ltr'>Θεὸν</span> <span class='ocrx_word' id='word_1_857' title='bbox 3093 3549 3444 3602; x_wconf 86' lang='grc' dir='ltr'>συναινοῦντα</span> <span class='ocrx_word' id='word_1_858' title='bbox 3482 3551 3653 3616; x_wconf 84' lang='grc' dir='ltr'>αὐτῆς</span> <span class='ocrx_word' id='word_1_859' title='bbox 3686 3554 3762 3619; x_wconf 83' lang='grc' dir='ltr'>τῇ</span> 
     </span>
    </p>
   </div>
   <div class='ocr_carea' id='block_1_113' title="bbox 2182 3630 3763 3704">
    <p class='ocr_par' dir='ltr' id='par_1_113' title="bbox 2182 3630 3763 3704">
     <span class='ocr_line' id='line_1_113' title="bbox 2182 3630 3763 3704; baseline -0.001 -17"><span class='ocrx_word' id='word_1_860' title='bbox 2182 3634 2373 3704; x_wconf 81' lang='grc' dir='ltr'>γνώμῃ</span> <span class='ocrx_word' id='word_1_861' title='bbox 2393 3675 2407 3697; x_wconf 94' lang='grc'>,</span> <span class='ocrx_word' id='word_1_862' title='bbox 2439 3633 2616 3686; x_wconf 89' lang='grc' dir='ltr'>πάντα</span> <span class='ocrx_word' id='word_1_863' title='bbox 2649 3630 2718 3684; x_wconf 82' lang='grc' dir='ltr'>τὰ</span> <span class='ocrx_word' id='word_1_864' title='bbox 2753 3631 3026 3700; x_wconf 86' lang='grc' dir='ltr'>δυνάμενα</span> <span class='ocrx_word' id='word_1_865' title='bbox 3057 3633 3326 3686; x_wconf 88' lang='grc' dir='ltr'>συντελεῖν</span> <span class='ocrx_word' id='word_1_866' title='bbox 3367 3636 3433 3703; x_wconf 85' lang='grc' dir='ltr'>τῇ</span> <span class='ocrx_word' id='word_1_867' title='bbox 3474 3635 3763 3704; x_wconf 70' lang='grc' dir='ltr'>οἰκονομία</span> 
     </span>
    </p>
   </div>
   <div class='ocr_carea' id='block_1_114' title="bbox 2181 3709 3764 3784">
    <p class='ocr_par' dir='ltr' id='par_1_114' title="bbox 2181 3709 3764 3784">
     <span class='ocr_line' id='line_1_114' title="bbox 2181 3709 3764 3784; baseline -0.001 -17"><span class='ocrx_word' id='word_1_868' title='bbox 2181 3717 2246 3784; x_wconf 86' lang='grc' dir='ltr'>τῇ</span> <span class='ocrx_word' id='word_1_869' title='bbox 2284 3711 2570 3783; x_wconf 87' lang='grc' dir='ltr'>μελλούσῃ,</span> <span class='ocrx_word' id='word_1_870' title='bbox 2609 3711 2704 3763; x_wconf 77' lang='grc' dir='ltr'>καὶ</span> <span class='ocrx_word' id='word_1_871' title='bbox 2735 3709 2830 3762; x_wconf 88' lang='grc' dir='ltr'>τοῦ</span> <span class='ocrx_word' id='word_1_872' title='bbox 2861 3710 3048 3774; x_wconf 84' lang='grc' dir='ltr'>παιδὸς</span> <span class='ocrx_word' id='word_1_873' title='bbox 3087 3714 3152 3782; x_wconf 80' lang='grc' dir='ltr'>τῇ</span> <span class='ocrx_word' id='word_1_874' title='bbox 3188 3713 3450 3782; x_wconf 86' lang='grc' dir='ltr'>σωτηρίᾳ,</span> <span class='ocrx_word' id='word_1_875' title='bbox 3486 3713 3764 3766; x_wconf 85' lang='grc' dir='ltr'>ὑπέϐαλεν</span> 
     </span>
    </p>
   </div>
   <div class='ocr_carea' id='block_1_115' title="bbox 2181 3789 3766 3864">
    <p class='ocr_par' dir='ltr' id='par_1_115' title="bbox 2181 3789 3766 3864">
     <span class='ocr_line' id='line_1_115' title="bbox 2181 3789 3766 3864; baseline -0.001 -18"><span class='ocrx_word' id='word_1_876' title='bbox 2181 3794 2352 3864; x_wconf 89' lang='grc' dir='ltr'>αὐτῆς</span> <span class='ocrx_word' id='word_1_877' title='bbox 2385 3794 2450 3862; x_wconf 83' lang='grc' dir='ltr'>τῇ</span> <span class='ocrx_word' id='word_1_878' title='bbox 2491 3789 2718 3857; x_wconf 72' lang='grc' dir='ltr'>διανοίᾳ.</span> <span class='ocrx_word' id='word_1_879' title='bbox 2754 3789 3167 3858; x_wconf 77' lang='grc' dir='ltr'>Προσώχθισα,</span> <span class='ocrx_word' id='word_1_880' title='bbox 3201 3791 3385 3859; x_wconf 75' lang='grc' dir='ltr'>φησὶν,</span> <span class='ocrx_word' id='word_1_881' title='bbox 3421 3791 3492 3859; x_wconf 76' lang='grc' dir='ltr'>τῇ</span> <span class='ocrx_word' id='word_1_882' title='bbox 3519 3791 3632 3859; x_wconf 75' lang='grc' dir='ltr'>ζὶυῇ</span> <span class='ocrx_word' id='word_1_883' title='bbox 3661 3793 3766 3844; x_wconf 79' lang='grc' dir='ltr'>διὰ</span> 
     </span>
    </p>
   </div>
   <div class='ocr_carea' id='block_1_116' title="bbox 2182 3868 3766 3939">
    <p class='ocr_par' dir='ltr' id='par_1_116' title="bbox 2182 3868 3766 3939">
     <span class='ocr_line' id='line_1_116' title="bbox 2182 3868 3766 3939; baseline 0.001 -14"><span class='ocrx_word' id='word_1_884' title='bbox 2182 3871 2287 3937; x_wconf 85' lang='grc' dir='ltr'>τὰς</span> <span class='ocrx_word' id='word_1_885' title='bbox 2320 3868 2646 3939; x_wconf 74' lang='grc' dir='ltr'>θυγατέρας</span> <span class='ocrx_word' id='word_1_886' title='bbox 2671 3868 2790 3921; x_wconf 85' lang='grc' dir='ltr'>τῶν</span> <span class='ocrx_word' id='word_1_887' title='bbox 2828 3869 2972 3922; x_wconf 84' lang='grc' dir='ltr'>υἱῶν</span> <span class='ocrx_word' id='word_1_888' title='bbox 2990 3869 3121 3922; x_wconf 89' lang='grc' dir='ltr'>Χέτ.</span> <span class='ocrx_word' id='word_1_889' title='bbox 3151 3871 3194 3922; x_wconf 85' lang='grc' dir='ltr'>Ε</span> <span class='ocrx_word' id='word_1_890' title='bbox 3201 3874 3219 3923; x_wconf 88' lang='grc' dir='ltr'><em>ὶ</em></span> <span class='ocrx_word' id='word_1_891' title='bbox 3259 3872 3517 3939; x_wconf 67' lang='grc' dir='ltr'>λήψεται</span> <span class='ocrx_word' id='word_1_892' title='bbox 3555 3872 3766 3927; x_wconf 83' lang='grc' dir='ltr'>Ἰακὼό</span> 
     </span>
    </p>
   </div>
   <div class='ocr_carea' id='block_1_117' title="bbox 2183 3946 3766 4019">
    <p class='ocr_par' dir='ltr' id='par_1_117' title="bbox 2183 3946 3766 4019">
     <span class='ocr_line' id='line_1_117' title="bbox 2183 3946 3766 4019; baseline 0.002 -17"><span class='ocrx_word' id='word_1_893' title='bbox 2183 3949 2442 4019; x_wconf 76' lang='grc' dir='ltr'>γυναῖκα</span> <span class='ocrx_word' id='word_1_894' title='bbox 2474 3949 2592 4002; x_wconf 79' lang='grc' dir='ltr'>ἀπὸ</span> <span class='ocrx_word' id='word_1_895' title='bbox 2620 3946 2738 4000; x_wconf 87' lang='grc' dir='ltr'>τῶν</span> <span class='ocrx_word' id='word_1_896' title='bbox 2765 3948 3100 4016; x_wconf 75' lang='grc' dir='ltr'>θυγατέρων</span> <span class='ocrx_word' id='word_1_897' title='bbox 3122 3949 3230 4016; x_wconf 84' lang='grc' dir='ltr'>τῆς</span> <span class='ocrx_word' id='word_1_898' title='bbox 3258 3949 3368 4018; x_wconf 77' lang='grc' dir='ltr'>γῆς</span> <span class='ocrx_word' id='word_1_899' title='bbox 3392 3953 3635 4018; x_wconf 80' lang='grc' dir='ltr'>ταύτης,</span> <span class='ocrx_word' id='word_1_900' title='bbox 3659 3954 3766 4006; x_wconf 76' lang='grc' dir='ltr'>ἵνα</span> 
     </span>
    </p>
   </div>
   <div class='ocr_carea' id='block_1_118' title="bbox 2182 4024 3765 4098">
    <p class='ocr_par' dir='ltr' id='par_1_118' title="bbox 2182 4024 3765 4098">
     <span class='ocr_line' id='line_1_118' title="bbox 2182 4024 3765 4098; baseline 0.001 -16"><span class='ocrx_word' id='word_1_901' title='bbox 2182 4031 2240 4082; x_wconf 85' lang='grc' dir='ltr'>τί</span> <span class='ocrx_word' id='word_1_902' title='bbox 2265 4045 2369 4097; x_wconf 84' lang='grc' dir='ltr'>μοι</span> <span class='ocrx_word' id='word_1_903' title='bbox 2394 4027 2460 4079; x_wconf 87' lang='grc' dir='ltr'>τὸ</span> <span class='ocrx_word' id='word_1_904' title='bbox 2490 4025 2630 4094; x_wconf 77' lang='grc' dir='ltr'>ζῇν;</span> <span class='ocrx_word' id='word_1_905' title='bbox 2672 4024 2935 4079; x_wconf 85' lang='grc' dir='ltr'>Ἐνταῦθα</span> <span class='ocrx_word' id='word_1_906' title='bbox 2975 4026 3306 4081; x_wconf 76' lang='grc' dir='ltr'>αἰνίττεσθαί</span> <span class='ocrx_word' id='word_1_907' title='bbox 3346 4047 3434 4098; x_wconf 89' lang='grc' dir='ltr'>μοι</span> <span class='ocrx_word' id='word_1_908' title='bbox 3476 4029 3625 4082; x_wconf 87' lang='grc' dir='ltr'>δοκεῖ</span> <span class='ocrx_word' id='word_1_909' title='bbox 3652 4031 3765 4083; x_wconf 85' lang='grc' dir='ltr'>τῶν</span> 
     </span>
    </p>
   </div>
   <div class='ocr_carea' id='block_1_119' title="bbox 2181 4112 3766 4188">
    <p class='ocr_par' dir='ltr' id='par_1_119' title="bbox 2181 4112 3766 4188">
     <span class='ocr_line' id='line_1_119' title="bbox 2181 4112 3766 4188; baseline 0.001 -20"><span class='ocrx_word' id='word_1_910' title='bbox 2181 4115 2457 4185; x_wconf 88' lang='grc' dir='ltr'>γυναικῶν</span> <span class='ocrx_word' id='word_1_911' title='bbox 2499 4112 2593 4167; x_wconf 91' lang='grc' dir='ltr'>τοῦ</span> <span class='ocrx_word' id='word_1_912' title='bbox 2638 4112 2806 4166; x_wconf 84' lang='grc' dir='ltr'>Ἡσαῦ</span> <span class='ocrx_word' id='word_1_913' title='bbox 2839 4113 2899 4166; x_wconf 85' lang='grc' dir='ltr'>τὸ</span> <span class='ocrx_word' id='word_1_914' title='bbox 2943 4114 3273 4186; x_wconf 86' lang='grc' dir='ltr'>δύστροπον,</span> <span class='ocrx_word' id='word_1_915' title='bbox 3316 4118 3409 4170; x_wconf 72' lang='grc' dir='ltr'>καὶ</span> <span class='ocrx_word' id='word_1_916' title='bbox 3441 4118 3522 4171; x_wconf 82' lang='grc' dir='ltr'>ὅτι</span> <span class='ocrx_word' id='word_1_917' title='bbox 3559 4119 3766 4188; x_wconf 86' lang='grc' dir='ltr'>πολλῆς</span> 
     </span>
    </p>
   </div>
   <div class='ocr_carea' id='block_1_120' title="bbox 2183 4191 3769 4268">
    <p class='ocr_par' dir='ltr' id='par_1_120' title="bbox 2183 4191 3769 4268">
     <span class='ocr_line' id='line_1_120' title="bbox 2183 4191 3769 4268; baseline 0.004 -21"><span class='ocrx_word' id='word_1_918' title='bbox 2183 4195 2376 4264; x_wconf 88' lang='grc' dir='ltr'>ἀηδίας</span> <span class='ocrx_word' id='word_1_919' title='bbox 2405 4194 2589 4255; x_wconf 82' lang='grc' dir='ltr'>αὐτοῖς</span> <span class='ocrx_word' id='word_1_920' title='bbox 2623 4191 2883 4256; x_wconf 82' lang='grc' dir='ltr'>ὑπόθεσις</span> <span class='ocrx_word' id='word_1_921' title='bbox 2913 4193 3185 4261; x_wconf 87' lang='grc' dir='ltr'>γεγόνασι.</span> <span class='ocrx_word' id='word_1_922' title='bbox 3219 4197 3328 4249; x_wconf 83' lang='grc' dir='ltr'>Καὶ</span> <span class='ocrx_word' id='word_1_923' title='bbox 3362 4197 3469 4266; x_wconf 85' lang='grc' dir='ltr'>γάρ</span> <span class='ocrx_word' id='word_1_924' title='bbox 3499 4199 3769 4268; x_wconf 83' lang='grc' dir='ltr'>ἀνωτέρω</span> 
     </span>
    </p>
   </div>
   <div class='ocr_carea' id='block_1_121' title="bbox 2182 4272 3766 4344">
    <p class='ocr_par' dir='ltr' id='par_1_121' title="bbox 2182 4272 3766 4344">
     <span class='ocr_line' id='line_1_121' title="bbox 2182 4272 3766 4344; baseline 0.004 -18"><span class='ocrx_word' id='word_1_925' title='bbox 2182 4274 2478 4343; x_wconf 85' lang='grc' dir='ltr'>διηγήσατο</span> <span class='ocrx_word' id='word_1_926' title='bbox 2506 4274 2637 4343; x_wconf 84' lang='grc' dir='ltr'>ἡμῖν</span> <span class='ocrx_word' id='word_1_927' title='bbox 2671 4273 2703 4340; x_wconf 93' lang='grc' dir='ltr'>ή</span> <span class='ocrx_word' id='word_1_928' title='bbox 2751 4272 2873 4326; x_wconf 87' lang='grc' dir='ltr'>θεία</span> <span class='ocrx_word' id='word_1_929' title='bbox 2905 4273 3117 4344; x_wconf 86' lang='grc' dir='ltr'>Γραφὴ,</span> <span class='ocrx_word' id='word_1_930' title='bbox 3155 4276 3234 4328; x_wconf 81' lang='grc' dir='ltr'>ὅτι</span> <span class='ocrx_word' id='word_1_931' title='bbox 3273 4276 3462 4330; x_wconf 83' lang='grc' dir='ltr'>ἐλαϐεν</span> <span class='ocrx_word' id='word_1_932' title='bbox 3501 4279 3610 4331; x_wconf 78' lang='grc' dir='ltr'>ἀπὸ</span> <span class='ocrx_word' id='word_1_933' title='bbox 3651 4282 3766 4332; x_wconf 84' lang='grc' dir='ltr'>τῶν</span> 
     </span>
    </p>
   </div>
   <div class='ocr_carea' id='block_1_122' title="bbox 2182 4359 3766 4434">
    <p class='ocr_par' dir='ltr' id='par_1_122' title="bbox 2182 4359 3766 4434">
     <span class='ocr_line' id='line_1_122' title="bbox 2182 4359 3766 4434; baseline 0.007 -22"><span class='ocrx_word' id='word_1_934' title='bbox 2182 4359 2460 4414; x_wconf 84' lang='grc' dir='ltr'>Χετταίων</span> <span class='ocrx_word' id='word_1_935' title='bbox 2499 4359 2594 4412; x_wconf 81' lang='grc' dir='ltr'>καὶ</span> <span class='ocrx_word' id='word_1_936' title='bbox 2627 4359 2732 4412; x_wconf 80' lang='grc' dir='ltr'>ἀπὸ</span> <span class='ocrx_word' id='word_1_937' title='bbox 2775 4360 2883 4414; x_wconf 90' lang='grc' dir='ltr'>τῶν</span> <span class='ocrx_word' id='word_1_938' title='bbox 2925 4362 3139 4414; x_wconf 84' lang='grc' dir='ltr'>Εὐαίων</span> <span class='ocrx_word' id='word_1_939' title='bbox 3179 4367 3443 4431; x_wconf 84' lang='grc' dir='ltr'>γυναῖκας</span> <span class='ocrx_word' id='word_1_940' title='bbox 3487 4368 3515 4418; x_wconf 90' lang='lat'>6</span> <span class='ocrx_word' id='word_1_941' title='bbox 3565 4367 3766 4434; x_wconf 78' lang='grc' dir='ltr'>Ἠσαῦ,</span> 
     </span>
    </p>
   </div>
   <div class='ocr_carea' id='block_1_123' title="bbox 2182 4436 3763 4515">
    <p class='ocr_par' dir='ltr' id='par_1_123' title="bbox 2182 4436 3763 4515">
     <span class='ocr_line' id='line_1_123' title="bbox 2182 4436 3763 4515; baseline 0.008 -23"><span class='ocrx_word' id='word_1_942' title='bbox 2182 4439 2292 4492; x_wconf 79' lang='grc' dir='ltr'>Καὶ</span> <span class='ocrx_word' id='word_1_943' title='bbox 2321 4436 2482 4509; x_wconf 82' lang='grc' dir='ltr'>ἦσαν</span> <span class='ocrx_word' id='word_1_944' title='bbox 2510 4437 2809 4506; x_wconf 76' lang='grc' dir='ltr'>ἑρίζουσαι</span> <span class='ocrx_word' id='word_1_945' title='bbox 2844 4437 2923 4504; x_wconf 86' lang='grc' dir='ltr'>τῷ</span> <span class='ocrx_word' id='word_1_946' title='bbox 2969 4440 3175 4494; x_wconf 81' lang='grc' dir='ltr'>Ἰσαὰκ</span> <span class='ocrx_word' id='word_1_947' title='bbox 3217 4443 3313 4495; x_wconf 81' lang='grc' dir='ltr'>καὶ</span> <span class='ocrx_word' id='word_1_948' title='bbox 3354 4443 3428 4511; x_wconf 80' lang='grc' dir='ltr'>τῇ</span> <span class='ocrx_word' id='word_1_949' title='bbox 3465 4446 3763 4515; x_wconf 78' lang='grc' dir='ltr'>Ῥεϐέκκα.</span> 
     </span>
    </p>
   </div>
   <div class='ocr_carea' id='block_1_124' title="bbox 2182 4517 3765 4597">
    <p class='ocr_par' dir='ltr' id='par_1_124' title="bbox 2182 4517 3765 4597">
     <span class='ocr_line' id='line_1_124' title="bbox 2182 4517 3765 4597; baseline 0.006 -25"><span class='ocrx_word' id='word_1_950' title='bbox 2182 4518 2352 4572; x_wconf 87' lang='grc' dir='ltr'>Τοῦτο</span> <span class='ocrx_word' id='word_1_951' title='bbox 2397 4517 2489 4571; x_wconf 72' lang='grc' dir='ltr'>οὖν</span> <span class='ocrx_word' id='word_1_952' title='bbox 2517 4519 2649 4572; x_wconf 84' lang='grc' dir='ltr'>αὐτὸ</span> <span class='ocrx_word' id='word_1_953' title='bbox 2681 4519 2988 4589; x_wconf 86' lang='grc' dir='ltr'>ὑπομνῆσαι</span> <span class='ocrx_word' id='word_1_954' title='bbox 3019 4521 3180 4573; x_wconf 85' lang='grc' dir='ltr'>αὐτὸν</span> <span class='ocrx_word' id='word_1_955' title='bbox 3209 4521 3527 4597; x_wconf 83' lang='grc' dir='ltr'>βουλομένη,</span> <span class='ocrx_word' id='word_1_956' title='bbox 3569 4545 3765 4597; x_wconf 88' lang='grc' dir='ltr'>μονον-</span> 
     </span>
    </p>
   </div>
   <div class='ocr_carea' id='block_1_125' title="bbox 2182 4598 3770 4678">
    <p class='ocr_par' dir='ltr' id='par_1_125' title="bbox 2182 4598 3770 4678">
     <span class='ocr_line' id='line_1_125' title="bbox 2182 4598 3770 4678; baseline 0.009 -32"><span class='ocrx_word' id='word_1_957' title='bbox 2182 4601 2300 4668; x_wconf 76' lang='grc' dir='ltr'>ουχὶ</span> <span class='ocrx_word' id='word_1_958' title='bbox 2344 4598 2517 4650; x_wconf 86' lang='grc' dir='ltr'>ταῦτά</span> <span class='ocrx_word' id='word_1_959' title='bbox 2564 4615 2692 4668; x_wconf 83' lang='grc' dir='ltr'>φησι</span> <span class='ocrx_word' id='word_1_960' title='bbox 2743 4599 2879 4668; x_wconf 84' lang='grc' dir='ltr'>πρὸς</span> <span class='ocrx_word' id='word_1_961' title='bbox 2924 4599 3120 4651; x_wconf 80' lang='grc' dir='ltr'>αὐτόν’</span> <span class='ocrx_word' id='word_1_962' title='bbox 3147 4598 3306 4663; x_wconf 82' lang='grc' dir='ltr'>Οἶδας</span> <span class='ocrx_word' id='word_1_963' title='bbox 3334 4603 3482 4668; x_wconf 83' lang='grc' dir='ltr'>ὅπως</span> <span class='ocrx_word' id='word_1_964' title='bbox 3524 4623 3612 4674; x_wconf 90' lang='grc' dir='ltr'>μοι</span> <span class='ocrx_word' id='word_1_965' title='bbox 3659 4609 3770 4678; x_wconf 71' lang='grc' dir='ltr'>τὴν</span> 
     </span>
    </p>
   </div>
   <div class='ocr_carea' id='block_1_126' title="bbox 2183 4677 3764 4752">
    <p class='ocr_par' dir='ltr' id='par_1_126' title="bbox 2183 4677 3764 4752">
     <span class='ocr_line' id='line_1_126' title="bbox 2183 4677 3764 4752; baseline 0.006 -22"><span class='ocrx_word' id='word_1_966' title='bbox 2183 4679 2329 4750; x_wconf 79' lang='grc' dir='ltr'>ζωὴν</span> <span class='ocrx_word' id='word_1_967' title='bbox 2376 4677 2578 4749; x_wconf 85' lang='grc' dir='ltr'>πικράν</span> <span class='ocrx_word' id='word_1_968' title='bbox 2619 4679 2982 4746; x_wconf 88' lang='grc' dir='ltr'>πεποιήκασιν</span> <span class='ocrx_word' id='word_1_969' title='bbox 3031 4678 3088 4730; x_wconf 83' lang='grc' dir='ltr'>αἱ</span> <span class='ocrx_word' id='word_1_970' title='bbox 3137 4681 3374 4749; x_wconf 78' lang='grc' dir='ltr'>γαμεταὶ</span> <span class='ocrx_word' id='word_1_971' title='bbox 3412 4682 3504 4735; x_wconf 90' lang='grc' dir='ltr'>τοῦ</span> <span class='ocrx_word' id='word_1_972' title='bbox 3551 4685 3764 4752; x_wconf 81' lang='grc' dir='ltr'>Ἡσαῦ,</span> 
     </span>
    </p>
   </div>
   <div class='ocr_carea' id='block_1_127' title="bbox 2182 4755 3768 4834">
    <p class='ocr_par' dir='ltr' id='par_1_127' title="bbox 2182 4755 3768 4834">
     <span class='ocr_line' id='line_1_127' title="bbox 2182 4755 3768 4834; baseline 0.004 -24"><span class='ocrx_word' id='word_1_973' title='bbox 2182 4757 2277 4810; x_wconf 76' lang='grc' dir='ltr'>καὶ</span> <span class='ocrx_word' id='word_1_974' title='bbox 2326 4757 2473 4818; x_wconf 80' lang='grc' dir='ltr'>ὅπως</span> <span class='ocrx_word' id='word_1_975' title='bbox 2512 4755 2600 4810; x_wconf 83' lang='grc' dir='ltr'>διὰ</span> <span class='ocrx_word' id='word_1_976' title='bbox 2643 4756 2741 4825; x_wconf 83' lang='grc' dir='ltr'>τὴν</span> <span class='ocrx_word' id='word_1_977' title='bbox 2794 4756 2998 4809; x_wconf 91' lang='grc' dir='ltr'>τούτων</span> <span class='ocrx_word' id='word_1_978' title='bbox 3034 4757 3332 4828; x_wconf 85' lang='grc' dir='ltr'>μοχθηρίαν</span> <span class='ocrx_word' id='word_1_979' title='bbox 3387 4759 3572 4813; x_wconf 86' lang='grc' dir='ltr'>λοιπὸν</span> <span class='ocrx_word' id='word_1_980' title='bbox 3623 4766 3768 4834; x_wconf 82' lang='grc' dir='ltr'>πρὸς</span> 
     </span>
    </p>
   </div>
   <div class='ocr_carea' id='block_1_128' title="bbox 2182 4835 3764 4910">
    <p class='ocr_par' dir='ltr' id='par_1_128' title="bbox 2182 4835 3764 4910">
     <span class='ocr_line' id='line_1_128' title="bbox 2182 4835 3764 4910; baseline 0.005 -22"><span class='ocrx_word' id='word_1_981' title='bbox 2182 4835 2362 4897; x_wconf 87' lang='grc' dir='ltr'>πάσας</span> <span class='ocrx_word' id='word_1_982' title='bbox 2401 4835 2652 4904; x_wconf 88' lang='grc' dir='ltr'>ἀπεχθῶς</span> <span class='ocrx_word' id='word_1_983' title='bbox 2694 4835 2801 4904; x_wconf 80' lang='grc' dir='ltr'>ἔχω</span> <span class='ocrx_word' id='word_1_984' title='bbox 2842 4835 2942 4898; x_wconf 85' lang='grc' dir='ltr'>τὰς</span> <span class='ocrx_word' id='word_1_985' title='bbox 2970 4835 3278 4906; x_wconf 88' lang='grc' dir='ltr'>θυγατέρας</span> <span class='ocrx_word' id='word_1_986' title='bbox 3308 4839 3417 4891; x_wconf 90' lang='grc' dir='ltr'>τῶν</span> <span class='ocrx_word' id='word_1_987' title='bbox 3452 4841 3585 4894; x_wconf 91' lang='grc' dir='ltr'>υἰῶν</span> <span class='ocrx_word' id='word_1_988' title='bbox 3622 4844 3764 4910; x_wconf 84' lang='grc' dir='ltr'>Χὲτ,</span> 
     </span>
    </p>
   </div>
   <div class='ocr_carea' id='block_1_129' title="bbox 2183 4913 3768 4987">
    <p class='ocr_par' dir='ltr' id='par_1_129' title="bbox 2183 4913 3768 4987">
     <span class='ocr_line' id='line_1_129' title="bbox 2183 4913 3768 4987; baseline 0.005 -19"><span class='ocrx_word' id='word_1_989' title='bbox 2183 4915 2277 4968; x_wconf 73' lang='grc' dir='ltr'>καὶ</span> <span class='ocrx_word' id='word_1_990' title='bbox 2306 4914 2452 4967; x_wconf 85' lang='grc' dir='ltr'>ἆπαν</span> <span class='ocrx_word' id='word_1_991' title='bbox 2494 4914 2554 4966; x_wconf 84' lang='grc' dir='ltr'>τὸ</span> <span class='ocrx_word' id='word_1_992' title='bbox 2601 4913 2752 4975; x_wconf 80' lang='grc' dir='ltr'>ἔθνος</span> <span class='ocrx_word' id='word_1_993' title='bbox 2781 4913 2846 4966; x_wconf 90' lang='grc' dir='ltr'>δι’</span> <span class='ocrx_word' id='word_1_994' title='bbox 2885 4915 3096 4978; x_wconf 87' lang='grc' dir='ltr'>ἐκείνας</span> <span class='ocrx_word' id='word_1_995' title='bbox 3128 4917 3428 4987; x_wconf 78' lang='grc' dir='ltr'>μεμίσηκά.</span> <span class='ocrx_word' id='word_1_996' title='bbox 3475 4919 3540 4973; x_wconf 81' lang='grc' dir='ltr'>Εἰ</span> <span class='ocrx_word' id='word_1_997' title='bbox 3579 4924 3768 4977; x_wconf 80' lang='grc' dir='ltr'>τοίνυν</span> 
     </span>
    </p>
   </div>
   <div class='ocr_carea' id='block_1_130' title="bbox 2185 4992 3764 5067">
    <p class='ocr_par' dir='ltr' id='par_1_130' title="bbox 2185 4992 3764 5067">
     <span class='ocr_line' id='line_1_130' title="bbox 2185 4992 3764 5067; baseline 0.005 -21"><span class='ocrx_word' id='word_1_998' title='bbox 2185 4994 2423 5062; x_wconf 83' lang='grc' dir='ltr'>συμϐαίη</span> <span class='ocrx_word' id='word_1_999' title='bbox 2457 4993 2551 5045; x_wconf 71' lang='grc' dir='ltr'>καὶ</span> <span class='ocrx_word' id='word_1_1000' title='bbox 2587 4992 2677 5045; x_wconf 87' lang='grc' dir='ltr'>τὸν</span> <span class='ocrx_word' id='word_1_1001' title='bbox 2725 4993 2917 5046; x_wconf 86' lang='grc' dir='ltr'>Ἰακὼϐ</span> <span class='ocrx_word' id='word_1_1002' title='bbox 2956 4995 3021 5046; x_wconf 88' lang='grc' dir='ltr'>ἐκ</span> <span class='ocrx_word' id='word_1_1003' title='bbox 3065 4995 3272 5048; x_wconf 88' lang='grc' dir='ltr'>τούτων</span> <span class='ocrx_word' id='word_1_1004' title='bbox 3312 4997 3618 5065; x_wconf 86' lang='grc' dir='ltr'>ἀγαγέσθαι</span> <span class='ocrx_word' id='word_1_1005' title='bbox 3658 5020 3764 5067; x_wconf 78' lang='grc' dir='ltr'>γυ-</span> 
     </span>
    </p>
   </div>
   <div class='ocr_carea' id='block_1_131' title="bbox 2182 5071 3768 5145">
    <p class='ocr_par' dir='ltr' id='par_1_131' title="bbox 2182 5071 3768 5145">
     <span class='ocr_line' id='line_1_131' title="bbox 2182 5071 3768 5145; baseline 0.006 -18"><span class='ocrx_word' id='word_1_1006' title='bbox 2182 5076 2363 5132; x_wconf 83' lang='grc' dir='ltr'>ναῖκα,</span> <span class='ocrx_word' id='word_1_1007' title='bbox 2395 5071 2521 5124; x_wconf 89' lang='grc' dir='ltr'>ποία</span> <span class='ocrx_word' id='word_1_1008' title='bbox 2563 5089 2652 5142; x_wconf 87' lang='grc' dir='ltr'>μοι</span> <span class='ocrx_word' id='word_1_1009' title='bbox 2689 5071 2874 5124; x_wconf 87' lang='grc' dir='ltr'>λοιπὸν</span> <span class='ocrx_word' id='word_1_1010' title='bbox 2904 5072 3054 5125; x_wconf 76' lang='grc' dir='ltr'>ἔσται</span> <span class='ocrx_word' id='word_1_1011' title='bbox 3096 5075 3370 5145; x_wconf 87' lang='grc' dir='ltr'>σωτηρίας</span> <span class='ocrx_word' id='word_1_1012' title='bbox 3401 5077 3594 5144; x_wconf 88' lang='grc' dir='ltr'>ἐλπίς;</span> <span class='ocrx_word' id='word_1_1013' title='bbox 3627 5082 3768 5137; x_wconf 81' lang='grc' dir='ltr'>Ἵνα</span> 
     </span>
    </p>
   </div>
   <div class='ocr_carea' id='block_1_132' title="bbox 2181 5148 3766 5223">
    <p class='ocr_par' dir='ltr' id='par_1_132' title="bbox 2181 5148 3766 5223">
     <span class='ocr_line' id='line_1_132' title="bbox 2181 5148 3766 5223; baseline 0.005 -19"><span class='ocrx_word' id='word_1_1014' title='bbox 2181 5152 2239 5204; x_wconf 85' lang='grc' dir='ltr'>τί</span> <span class='ocrx_word' id='word_1_1015' title='bbox 2254 5151 2360 5220; x_wconf 87' lang='grc' dir='ltr'>γάρ</span> <span class='ocrx_word' id='word_1_1016' title='bbox 2373 5168 2474 5219; x_wconf 83' lang='grc' dir='ltr'>μοι</span> <span class='ocrx_word' id='word_1_1017' title='bbox 2501 5149 2567 5202; x_wconf 87' lang='grc' dir='ltr'>τὸ</span> <span class='ocrx_word' id='word_1_1018' title='bbox 2589 5148 2729 5216; x_wconf 70' lang='grc' dir='ltr'>ζῇνς</span> <span class='ocrx_word' id='word_1_1019' title='bbox 2763 5149 2914 5221; x_wconf 69' lang='grc'>[5261</span> <span class='ocrx_word' id='word_1_1020' title='bbox 2939 5151 2999 5203; x_wconf 85' lang='grc' dir='ltr'>Εἰ</span> <span class='ocrx_word' id='word_1_1021' title='bbox 3016 5151 3125 5222; x_wconf 82' lang='grc' dir='ltr'>γὰρ</span> <span class='ocrx_word' id='word_1_1022' title='bbox 3163 5153 3376 5216; x_wconf 84' lang='grc' dir='ltr'>ἐκείνας</span> <span class='ocrx_word' id='word_1_1023' title='bbox 3391 5156 3636 5223; x_wconf 83' lang='grc' dir='ltr'>ἐνεγκεῖν</span> <span class='ocrx_word' id='word_1_1024' title='bbox 3661 5159 3766 5213; x_wconf 83' lang='grc' dir='ltr'>οὐκ</span> 
     </span>
    </p>
   </div>
   <div class='ocr_carea' id='block_1_133' title="bbox 2186 5223 3770 5307">
    <p class='ocr_par' dir='ltr' id='par_1_133' title="bbox 2186 5223 3770 5307">
     <span class='ocr_line' id='line_1_133' title="bbox 2186 5223 3770 5307; baseline 0.004 -24"><span class='ocrx_word' id='word_1_1025' title='bbox 2186 5229 2463 5300; x_wconf 90' lang='grc' dir='ltr'>ίσχύομεν,</span> <span class='ocrx_word' id='word_1_1026' title='bbox 2509 5229 2556 5280; x_wconf 86' lang='grc' dir='ltr'>εί</span> <span class='ocrx_word' id='word_1_1027' title='bbox 2586 5229 2680 5280; x_wconf 73' lang='grc' dir='ltr'>καὶ</span> <span class='ocrx_word' id='word_1_1028' title='bbox 2710 5223 2864 5292; x_wconf 74' lang='grc' dir='ltr'>οὗτος</span> <span class='ocrx_word' id='word_1_1029' title='bbox 2902 5229 3095 5298; x_wconf 77' lang='grc' dir='ltr'>φθάσει</span> <span class='ocrx_word' id='word_1_1030' title='bbox 3138 5231 3246 5284; x_wconf 84' lang='grc' dir='ltr'>ἀπὸ</span> <span class='ocrx_word' id='word_1_1031' title='bbox 3288 5232 3398 5286; x_wconf 88' lang='grc' dir='ltr'>τῶν</span> <span class='ocrx_word' id='word_1_1032' title='bbox 3441 5235 3770 5307; x_wconf 83' lang='grc' dir='ltr'>θυγατέρων</span> 
     </span>
    </p>
   </div>
   <div class='ocr_carea' id='block_1_134' title="bbox 2181 5307 3770 5388">
    <p class='ocr_par' dir='ltr' id='par_1_134' title="bbox 2181 5307 3770 5388">
     <span class='ocr_line' id='line_1_134' title="bbox 2181 5307 3770 5388; baseline 0.017 -37"><span class='ocrx_word' id='word_1_1033' title='bbox 2181 5313 2281 5380; x_wconf 78' lang='grc' dir='ltr'>τῆς</span> <span class='ocrx_word' id='word_1_1034' title='bbox 2309 5311 2412 5380; x_wconf 83' lang='grc' dir='ltr'>γῆς</span> <span class='ocrx_word' id='word_1_1035' title='bbox 2451 5307 2652 5388; x_wconf 84' lang='grc' dir='ltr'>ταύτης</span> <span class='ocrx_word' id='word_1_1036' title='bbox 2683 5308 2866 5362; x_wconf 90' lang='grc' dir='ltr'>λαϐεῖν</span> <span class='ocrx_word' id='word_1_1037' title='bbox 2907 5313 3160 5378; x_wconf 88' lang='grc' dir='ltr'>γυναῖκα,</span> <span class='ocrx_word' id='word_1_1038' title='bbox 3193 5314 3264 5365; x_wconf 80' lang='grc' dir='ltr'>τὰ</span> <span class='ocrx_word' id='word_1_1039' title='bbox 3307 5314 3408 5384; x_wconf 86' lang='grc' dir='ltr'>τῆς</span> <span class='ocrx_word' id='word_1_1040' title='bbox 3439 5314 3586 5386; x_wconf 83' lang='grc' dir='ltr'>ζωῆς</span> <span class='ocrx_word' id='word_1_1041' title='bbox 3630 5321 3770 5388; x_wconf 84' lang='grc' dir='ltr'>ἡμῖν</span> 
     </span>
    </p>
   </div>
   <div class='ocr_carea' id='block_1_135' title="bbox 2182 5387 3768 5459">
    <p class='ocr_par' dir='ltr' id='par_1_135' title="bbox 2182 5387 3768 5459">
     <span class='ocr_line' id='line_1_135' title="bbox 2182 5387 3768 5459; baseline 0.005 -18"><span class='ocrx_word' id='word_1_1042' title='bbox 2182 5389 2408 5459; x_wconf 71' lang='grc' dir='ltr'>οἴχεται.</span> <span class='ocrx_word' id='word_1_1043' title='bbox 2449 5387 2712 5450; x_wconf 82' lang='grc' dir='ltr'>’Λκούσας</span> <span class='ocrx_word' id='word_1_1044' title='bbox 2749 5388 2808 5441; x_wconf 88' lang='grc' dir='ltr'>δέ</span> <span class='ocrx_word' id='word_1_1045' title='bbox 2855 5389 3024 5442; x_wconf 89' lang='grc' dir='ltr'>ταῦτα</span> <span class='ocrx_word' id='word_1_1046' title='bbox 3057 5391 3085 5442; x_wconf 90' lang='lat'>6</span> <span class='ocrx_word' id='word_1_1047' title='bbox 3134 5390 3340 5458; x_wconf 79' lang='grc' dir='ltr'>Ἰσαὰκ,</span> <span class='ocrx_word' id='word_1_1048' title='bbox 3373 5395 3468 5446; x_wconf 78' lang='grc' dir='ltr'>καὶ</span> <span class='ocrx_word' id='word_1_1049' title='bbox 3506 5397 3588 5458; x_wconf 91' lang='grc' dir='ltr'>εἰς</span> <span class='ocrx_word' id='word_1_1050' title='bbox 3628 5387 3768 5450; x_wconf 81' lang='grc' dir='ltr'>ὐπό-</span> 
     </span>
    </p>
   </div>
   <div class='ocr_carea' id='block_1_136' title="bbox 2186 5467 3819 5540">
    <p class='ocr_par' dir='ltr' id='par_1_136' title="bbox 2186 5467 3819 5540">
     <span class='ocr_line' id='line_1_136' title="bbox 2186 5467 3819 5540; baseline 0.006 -20"><span class='ocrx_word' id='word_1_1051' title='bbox 2186 5485 2381 5538; x_wconf 88' lang='grc' dir='ltr'>μνησιν</span> <span class='ocrx_word' id='word_1_1052' title='bbox 2430 5467 2598 5520; x_wconf 85' lang='grc' dir='ltr'>ἐλθὼν</span> <span class='ocrx_word' id='word_1_1053' title='bbox 2646 5468 2743 5537; x_wconf 88' lang='grc' dir='ltr'>τῆς</span> <span class='ocrx_word' id='word_1_1054' title='bbox 2783 5467 3005 5520; x_wconf 88' lang='grc' dir='ltr'>ἐκείνων</span> <span class='ocrx_word' id='word_1_1055' title='bbox 3049 5470 3283 5533; x_wconf 87' lang='grc' dir='ltr'>κακίας,</span> <span class='ocrx_word' id='word_1_1056' title='bbox 3328 5475 3768 5540; x_wconf 73' lang='grc' dir='ltr'>Προσκαλεσά-</span> <span class='ocrx_word' id='word_1_1057' title='bbox 3811 5522 3819 5538; x_wconf 86' lang='grc'>,</span> 
     </span>
    </p>
   </div>
   <div class='ocr_carea' id='block_1_137' title="bbox 2177 5545 3815 5620">
    <p class='ocr_par' dir='ltr' id='par_1_137' title="bbox 2177 5545 3815 5620">
     <span class='ocr_line' id='line_1_137' title="bbox 2177 5545 3815 5620; baseline 0.005 -20"><span class='ocrx_word' id='word_1_1058' title='bbox 2177 5565 2364 5618; x_wconf 84' lang='grc' dir='ltr'>μενος</span> <span class='ocrx_word' id='word_1_1059' title='bbox 2407 5547 2513 5601; x_wconf 85' lang='grc' dir='ltr'>τὸν</span> <span class='ocrx_word' id='word_1_1060' title='bbox 2551 5545 2776 5610; x_wconf 83' lang='grc' dir='ltr'>Ἰακὼϐ,</span> <span class='ocrx_word' id='word_1_1061' title='bbox 2804 5549 3121 5617; x_wconf 74' lang='grc' dir='ltr'>εὐλόγησε,</span> <span class='ocrx_word' id='word_1_1062' title='bbox 3164 5551 3351 5620; x_wconf 78' lang='grc' dir='ltr'>φησὶν,</span> <span class='ocrx_word' id='word_1_1063' title='bbox 3405 5555 3615 5618; x_wconf 82' lang='grc' dir='ltr'>αὐτόν,</span> <span class='ocrx_word' id='word_1_1064' title='bbox 3665 5557 3769 5609; x_wconf 74' lang='grc' dir='ltr'>καί</span> <span class='ocrx_word' id='word_1_1065' title='bbox 3810 5545 3815 5556; x_wconf 80' lang='grc'><em>’</em></span> 
     </span>
    </p>
   </div>
   <div class='ocr_carea' id='block_1_138' title="bbox 2181 5623 3768 5699">
    <p class='ocr_par' dir='ltr' id='par_1_138' title="bbox 2181 5623 3768 5699">
     <span class='ocr_line' id='line_1_138' title="bbox 2181 5623 3768 5699; baseline 0.006 -22"><span class='ocrx_word' id='word_1_1066' title='bbox 2181 5625 2516 5679; x_wconf 80' lang='grc' dir='ltr'>ἐνετείλατο</span> <span class='ocrx_word' id='word_1_1067' title='bbox 2563 5623 2722 5689; x_wconf 83' lang='grc' dir='ltr'>αὐτῷ</span> <span class='ocrx_word' id='word_1_1068' title='bbox 2750 5624 2974 5693; x_wconf 76' lang='grc' dir='ltr'>λέγων·</span> <span class='ocrx_word' id='word_1_1069' title='bbox 3022 5629 3105 5681; x_wconf 84' lang='grc' dir='ltr'>Οὐ</span> <span class='ocrx_word' id='word_1_1070' title='bbox 3130 5629 3303 5696; x_wconf 72' lang='grc' dir='ltr'><em>λήψῃ</em></span> <span class='ocrx_word' id='word_1_1071' title='bbox 3345 5631 3603 5699; x_wconf 78' lang='grc' dir='ltr'>γυναῖκα</span> <span class='ocrx_word' id='word_1_1072' title='bbox 3639 5634 3768 5687; x_wconf 74' lang='grc' dir='ltr'>ἀπὸ</span> 
     </span>
    </p>
   </div>
   <div class='ocr_carea' id='block_1_139' title="bbox 2169 5703 3770 5777">
    <p class='ocr_par' dir='ltr' id='par_1_139' title="bbox 2169 5703 3770 5777">
     <span class='ocr_line' id='line_1_139' title="bbox 2169 5703 3770 5777; baseline 0.004 -18"><span class='ocrx_word' id='word_1_1073' title='bbox 2169 5704 2299 5770; x_wconf 77' lang='grc' dir='ltr'>⁸τῶν</span> <span class='ocrx_word' id='word_1_1074' title='bbox 2335 5704 2672 5773; x_wconf 73' lang='grc' dir='ltr'>θυγατέρων</span> <span class='ocrx_word' id='word_1_1075' title='bbox 2722 5703 2842 5757; x_wconf 88' lang='grc' dir='ltr'>τῶν</span> <span class='ocrx_word' id='word_1_1076' title='bbox 2883 5707 3233 5760; x_wconf 81' lang='grc' dir='ltr'>Χαναναίων</span> <span class='ocrx_word' id='word_1_1077' title='bbox 3253 5724 3265 5736; x_wconf 94' lang='grc'><strong>·</strong></span> <span class='ocrx_word' id='word_1_1078' title='bbox 3311 5709 3450 5763; x_wconf 58' lang='grc' dir='ltr'>ἀλλ’</span> <span class='ocrx_word' id='word_1_1079' title='bbox 3485 5711 3770 5777; x_wconf 82' lang='grc' dir='ltr'>ἀναστὰς</span> 
     </span>
    </p>
   </div>
   <div class='ocr_carea' id='block_1_140' title="bbox 2172 5781 3766 5853">
    <p class='ocr_par' dir='ltr' id='par_1_140' title="bbox 2172 5781 3766 5853">
     <span class='ocr_line' id='line_1_140' title="bbox 2172 5781 3766 5853; baseline 0.006 -17"><span class='ocrx_word' id='word_1_1080' title='bbox 2172 5785 2440 5851; x_wconf 58' lang='grc' dir='ltr'>πορεύου</span> <span class='ocrx_word' id='word_1_1081' title='bbox 2459 5785 2547 5846; x_wconf 82' lang='grc' dir='ltr'>εἰς</span> <span class='ocrx_word' id='word_1_1082' title='bbox 2583 5781 2696 5848; x_wconf 82' lang='grc' dir='ltr'>τὴν</span> <span class='ocrx_word' id='word_1_1083' title='bbox 2717 5786 3200 5851; x_wconf 73' lang='grc' dir='ltr'>Μεσοποταμίαν,</span> <span class='ocrx_word' id='word_1_1084' title='bbox 3219 5788 3304 5853; x_wconf 84' lang='grc' dir='ltr'>εἰς</span> <span class='ocrx_word' id='word_1_1085' title='bbox 3329 5788 3435 5840; x_wconf 85' lang='grc' dir='ltr'>τὸν</span> <span class='ocrx_word' id='word_1_1086' title='bbox 3457 5790 3633 5843; x_wconf 79' lang='grc' dir='ltr'>οἰκον</span> <span class='ocrx_word' id='word_1_1087' title='bbox 3654 5793 3766 5845; x_wconf 83' lang='grc' dir='ltr'>τοῦ</span> 
     </span>
    </p>
   </div>
   <div class='ocr_carea' id='block_1_141' title="bbox 2181 5859 3768 5932">
    <p class='ocr_par' dir='ltr' id='par_1_141' title="bbox 2181 5859 3768 5932">
     <span class='ocr_line' id='line_1_141' title="bbox 2181 5859 3768 5932; baseline 0.006 -17"><span class='ocrx_word' id='word_1_1088' title='bbox 2181 5861 2403 5929; x_wconf 78' lang='grc' dir='ltr'>πατρὸς</span> <span class='ocrx_word' id='word_1_1089' title='bbox 2429 5859 2539 5927; x_wconf 80' lang='grc' dir='ltr'>τῆς</span> <span class='ocrx_word' id='word_1_1090' title='bbox 2567 5862 2792 5929; x_wconf 82' lang='grc' dir='ltr'>μητρός</span> <span class='ocrx_word' id='word_1_1091' title='bbox 2815 5876 2952 5925; x_wconf 84' lang='grc' dir='ltr'>σου,</span> <span class='ocrx_word' id='word_1_1092' title='bbox 2980 5863 3078 5918; x_wconf 79' lang='grc' dir='ltr'>καὶ</span> <span class='ocrx_word' id='word_1_1093' title='bbox 3104 5863 3250 5917; x_wconf 75' lang='grc' dir='ltr'>λάϐε</span> <span class='ocrx_word' id='word_1_1094' title='bbox 3272 5867 3509 5932; x_wconf 82' lang='grc' dir='ltr'>σεαυτῷ</span> <span class='ocrx_word' id='word_1_1095' title='bbox 3529 5869 3768 5924; x_wconf 64' lang='grc' dir='ltr'>ἐκεῖθεν</span> 
     </span>
    </p>
   </div>
   <div class='ocr_carea' id='block_1_142' title="bbox 2185 5938 3765 6017">
    <p class='ocr_par' dir='ltr' id='par_1_142' title="bbox 2185 5938 3765 6017">
     <span class='ocr_line' id='line_1_142' title="bbox 2185 5938 3765 6017; baseline 0.008 -25"><span class='ocrx_word' id='word_1_1096' title='bbox 2185 5938 2439 6017; x_wconf 79' lang='grc' dir='ltr'>γυναῖκα</span> <span class='ocrx_word' id='word_1_1097' title='bbox 2467 5938 2534 5991; x_wconf 82' lang='grc' dir='ltr'>ἐκ</span> <span class='ocrx_word' id='word_1_1098' title='bbox 2564 5939 2681 5993; x_wconf 87' lang='grc' dir='ltr'>τῶν</span> <span class='ocrx_word' id='word_1_1099' title='bbox 2704 5944 3041 6011; x_wconf 82' lang='grc' dir='ltr'>θυγατέρων</span> <span class='ocrx_word' id='word_1_1100' title='bbox 3079 5945 3186 5998; x_wconf 88' lang='grc' dir='ltr'>τοῦ</span> <span class='ocrx_word' id='word_1_1101' title='bbox 3207 5946 3475 6015; x_wconf 58' lang='grc' dir='ltr'>ἀδελφοῦ</span> <span class='ocrx_word' id='word_1_1102' title='bbox 3511 5948 3626 6013; x_wconf 84' lang='grc' dir='ltr'>τῆς</span> <span class='ocrx_word' id='word_1_1103' title='bbox 3649 5969 3765 6017; x_wconf 82' lang='grc' dir='ltr'>μη-</span> 
     </span>
    </p>
   </div>
   <div class='ocr_carea' id='block_1_143' title="bbox 2181 6016 3761 6094">
    <p class='ocr_par' dir='ltr' id='par_1_143' title="bbox 2181 6016 3761 6094">
     <span class='ocr_line' id='line_1_143' title="bbox 2181 6016 3761 6094; baseline 0.009 -26"><span class='ocrx_word' id='word_1_1104' title='bbox 2181 6016 2315 6082; x_wconf 79' lang='grc' dir='ltr'>τρός</span> <span class='ocrx_word' id='word_1_1105' title='bbox 2352 6030 2489 6070; x_wconf 87' lang='grc' dir='ltr'>σου.</span> <span class='ocrx_word' id='word_1_1106' title='bbox 2516 6018 2624 6072; x_wconf 72' lang='grc' dir='ltr'>Καὶ</span> <span class='ocrx_word' id='word_1_1107' title='bbox 2649 6018 2746 6072; x_wconf 87' lang='grc' dir='ltr'>οὐκ</span> <span class='ocrx_word' id='word_1_1108' title='bbox 2777 6019 2906 6091; x_wconf 76' lang='grc' dir='ltr'>ἔστη</span> <span class='ocrx_word' id='word_1_1109' title='bbox 2943 6021 3101 6093; x_wconf 82' lang='grc' dir='ltr'>μέχρι</span> <span class='ocrx_word' id='word_1_1110' title='bbox 3151 6023 3360 6094; x_wconf 85' lang='grc' dir='ltr'>τούτου⁹</span> <span class='ocrx_word' id='word_1_1111' title='bbox 3391 6025 3527 6081; x_wconf 81' lang='grc' dir='ltr'>ἀλλὰ</span> <span class='ocrx_word' id='word_1_1112' title='bbox 3563 6016 3761 6093; x_wconf 82' lang='grc' dir='ltr'>βουλό-</span> 
     </span>
    </p>
   </div>
   <div class='ocr_carea' id='block_1_144' title="bbox 4035 1576 4038 2161">
    <p class='ocr_par' dir='ltr' id='par_1_144' title="bbox 4035 1965 4038 2161">
     <span class='ocr_line' id='line_1_144' title="bbox 4035 1965 4038 2161; baseline 0 0"><span class='ocrx_word' id='word_1_1113' title='bbox 4035 1989 4038 2161; x_wconf 69' lang='grc'><strong>1</strong></span> 
     </span>
    </p>
   </div>
  </div>
