4038 6358
283 383 397 439 675

284 494 509 549 hibituri
540 494 689 552 sitis:
714 495 829 553 scio
844 496 986 552 enim
1007 512 1103 553 vos
1127 514 1158 553 a
1180 500 1292 555 Deo
1312 500 1499 555 doctos
1523 516 1665 567 esse,
1689 516 1877 571 posse-

281 602 394 657 que
437 588 598 642 etiam
643 588 777 643 alios
815 588 1129 646 admonere.
1158 590 1386 661 Propter
1419 592 1521 647 hoc
1557 592 1645 648 hic
1682 594 1877 649 sistens

282 695 468 733 meum
518 681 824 749 consilium,
868 697 1088 754 pergam
1128 683 1197 739 ad
1233 685 1445 739 solitam
1482 686 1777 741 doctrinam
1810 702 1875 742 ex

281 771 472 827 verbis
500 771 645 827 beati
681 772 867 839 Mosis,
913 774 1023 829 imo
1049 775 1278 845 Spiritus
1316 777 1484 832 sancti
1519 793 1615 847 per
1640 793 1763 832 eum
1793 777 1877 833 lo-

221 880 251 961 δ
292 863 569 961 queritis:
593 873 662 961 e-t-
690 864 784 961 ubi
813 880 982 936 pauca
1011 866 1256 937 qua-dam
1284 883 1633 938 proposuero,
1664 868 1878 924 hodier-

282 971 418 1012 num
446 955 601 1012 vobis
628 955 776 1011 illinc
810 957 1113 1013 convivium
1135 972 1424 1029 apponam.
1446 958 1681 1015 Audistis
1706 975 1878 1030 nuper

282 1048 562 1120 quomodo
587 1047 755 1104 Jacob
798 1050 977 1104 omnia
1020 1049 1221 1106 faciens
1260 1051 1555 1106 secundum
1586 1053 1873 1108 consilium

281 1142 573 1207 Rebeccae,
602 1142 770 1212 patris
798 1141 1223 1199 benedictionem
1254 1144 1560 1213 arripuerit,
1588 1145 1879 1201 laudatum-

279 1251 392 1305 que
429 1234 632 1290 furtum
666 1236 1017 1299 commiserit,
1048 1235 1170 1291 ideo
1194 1245 1249 1291 et
1276 1247 1677 1306 cooperatorem
1708 1239 1874 1293 Deum

282 1327 495 1395 habuit,
518 1336 573 1383 et
591 1338 817 1384 conatus
837 1328 954 1398 ejus
976 1330 1112 1385 bene
1139 1332 1397 1385 successit
1420 1346 1436 1384 :
1462 1330 1557 1385 sed
1586 1332 1707 1401 quia
1735 1333 1873 1387 Esau

284 1418 354 1473 ob
386 1418 437 1473 id
464 1419 565 1487 ipsi
594 1419 749 1474 valde
778 1418 1075 1486 invidebat,
1106 1428 1159 1475 et
1190 1436 1249 1476 se
1274 1420 1342 1475 ad
1371 1422 1572 1476 caedem
1599 1439 1873 1493 przepara-

284 1510 415 1565 bat:
455 1511 526 1565 ita
566 1512 710 1567 enim
750 1527 811 1567 se
837 1512 997 1568 habet
1021 1513 1164 1567 mala
1195 1513 1311 1569 haec
1338 1513 1583 1581 aliectio;
1614 1531 1722 1570 non
1749 1526 1875 1572 ante

278 1602 516 1669 desistit,
548 1603 722 1659 donec
751 1619 780 1657 a
807 1619 867 1659 se
905 1615 1117 1675 captum
1150 1607 1201 1660 in
1244 1620 1485 1677 praeceps
1527 1607 1765 1677 dejiciat,
1801 1610 1873 1663 ita

278 1707 340 1750 ut
368 1697 434 1751 ad
468 1698 740 1753 homicidii
777 1708 958 1756 currat
984 1700 1178 1757 scelus.
1215 1700 1388 1755 Radix
1426 1700 1568 1755 enim
1601 1702 1870 1758 homicidii

280 1789 482 1845 invidia
527 1790 623 1863 [et
664 1791 867 1847 fructus
916 1793 1127 1848 invidiae
1162 1794 1575 1867 homicidium].
1625 1795 1698 1850 Ita
1735 1806 1789 1850 et
1841 1813 1871 1851 a

279 1882 549 1953 principio
576 1885 673 1938 fuit
698 1885 838 1939 inter
866 1885 995 1941 Cain
1032 1895 1086 1941 et
1112 1886 1264 1942 Abel.
1300 1888 1396 1943 Ille
1429 1888 1571 1943 enim
1608 1889 1742 1943 nihil
1781 1888 1874 1943 ha-

286 1972 425 2028 bens
453 1976 539 2031 vel
573 1991 795 2046 parvum
821 1977 907 2032 vel
935 1994 1209 2048 magnum,
1242 1978 1309 2034 de
1332 1995 1437 2049 quo
1462 1991 1736 2037 accusaret
1760 1980 1872 2036 fra-

279 2073 443 2129 trem,
471 2066 558 2119 ubi
585 2066 713 2121 vidit
741 2066 887 2121 illum
917 2068 1144 2123 Domino
1172 2069 1385 2138 probari
1402 2080 1624 2141 propter
1648 2071 1872 2127 oblatio-

280 2172 409 2210 nem
442 2173 749 2223 munerum,
780 2173 839 2214 se
867 2174 999 2214 vero
1024 2158 1094 2214 ob
1117 2161 1492 2230 negligentiam
1515 2178 1665 2216 suam
1695 2163 1868 2231 rejici,

279 2248 350 2301 ad
382 2248 633 2303 invidiam
662 2252 841 2304 statim
871 2262 1189 2321 provocatus
1217 2263 1336 2307 est:
1365 2263 1420 2308 et
1447 2263 1568 2307 nata
1602 2254 1871 2310 homicidii

279 2340 469 2396 radice
495 2341 546 2395 in
575 2351 755 2397 mente
781 2342 930 2412 ejus,
964 2344 1141 2399 statim
1183 2346 1539 2415 perniciosum
1576 2346 1721 2401 illum
1764 2346 1873 2402 fru-

279 2445 431 2486 ctum
459 2433 658 2500 attulit,
685 2442 741 2488 et
764 2432 1109 2489 homicidium
1135 2437 1425 2491 commisit.
1445 2435 1522 2490 lta
1553 2451 1682 2491 sane
1709 2438 1869 2491 etiam

280 2523 450 2587 Esau,
477 2540 597 2579 cum
623 2525 828 2579 videret
864 2527 1139 2597 accepisse
1181 2526 1399 2581 fratrem
1444 2526 1868 2582 benedictionem

277 2629 311 2667 a
355 2623 525 2683 patre,
555 2615 624 2669 ab
663 2615 740 2670 ira
781 2624 836 2671 et
873 2616 1070 2672 invidia
1107 2616 1174 2673 ad
1210 2616 1554 2674 homicidium
1602 2618 1868 2684 inductus,

279 2711 644 2767 meditabatur
661 2724 886 2768 mortem
914 2713 1110 2768 fratris.

358 2804 627 2868 Quomodo
654 2804 880 2858 Rebecca
899 2806 1051 2859 saluti
1066 2806 1289 2877 junioris
1310 2805 1407 2875 ﬁlii
1433 2806 1512 2860 sui
1530 2805 1871 2870 consuluerit;

279 2896 555 2950 consilium
589 2896 651 2950 ab
690 2897 807 2967 ipsa
836 2897 1013 2950 datum
1052 2898 1120 2949 ad
1156 2899 1420 2952 consilium
1447 2899 1510 2951 ab
1534 2899 1644 2967 ipso
1673 2897 1871 2952 Christo

280 2988 465 3039 datum
490 2990 723 3057 refertur.
750 3018 823 3029 —
853 2988 1050 3043 Verum
1080 2988 1409 3044 admirabilis
1444 2988 1531 3042 illa
1578 2998 1745 3043 mater
1772 2988 1873 3043 hoc

279 3079 545 3147 sentiens,
586 3080 781 3135 iterum
821 3088 1121 3134 maternum
1161 3095 1400 3135 amorem
1432 3094 1557 3149 erga
1589 3080 1753 3133 lilium
1778 3078 1872 3133 de-

280 3170 539 3223 claravit:
569 3178 623 3224 et
647 3170 929 3225 consilium
958 3171 1135 3225 attulit
1158 3185 1263 3240 quo
1292 3179 1472 3240 posset
1502 3170 1678 3223 fratris
1698 3168 1870 3222 mani-

280 3261 386 3314 bus
433 3261 587 3333 eripi.
628 3261 717 3316 42.
753 3260 943 3316 Vocato
979 3264 1131 3329 enim,
1172 3262 1360 3333 inquit,
1395 3262 1502 3331 ﬁlio
1528 3278 1619 3316 suo
1639 3264 1867 3332 jttniorc,

278 3353 414 3405 dixit
438 3354 483 3407 ei
514 3370 534 3407 :
559 3354 692 3408 Ecce
730 3353 887 3407 Esau-
909 3360 1065 3424 frater
1105 3365 1219 3409 tuus
1248 3356 1472 3408 minatur
1513 3354 1599 3407 tibi
1637 3364 1868 3409 mortem.

279 3445 375 3498 45.
405 3443 556 3499 Nunc
585 3446 739 3514 igitur
774 3446 895 3499 audi
924 3462 1090 3501 vocent
1112 3464 1295 3500 nteant.
1320 3447 1661 3515 Expericntia
1688 3455 1741 3502 te
1769 3446 1865 3501 do-

279 3546 404 3590 ceat
442 3552 527 3591 me
570 3538 663 3593 tibi
713 3538 860 3592 utilia
898 3540 1215 3604 consulere;
1260 3548 1317 3592 et
1356 3539 1498 3592 sicut
1539 3539 1649 3606 jam
1691 3538 1870 3592 audita

279 3647 420 3686 voce
453 3647 592 3698 mea,
637 3647 855 3701 magnas
893 3632 1010 3687 illas
1038 3646 1068 3685 a
1096 3641 1245 3701 patre
1288 3631 1687 3686 benedictiones
1726 3645 1869 3685 asse-

280 3733 485 3791 quutus
520 3740 615 3779 es:
644 3723 715 3778 ita
743 3732 798 3778 et
834 3739 976 3779 nunc
1018 3724 1139 3777 audi
1182 3739 1367 3777 vocem
1407 3738 1601 3785 meam,
1638 3732 1696 3777 ut
1740 3722 1872 3777 ell‘u-

279 3833 410 3887 gere
440 3817 614 3886 possis
646 3816 825 3871 fratris
860 3832 1068 3871 manus.
1099 3816 1189 3871 Sic
1217 3816 1358 3870 enim
1386 3826 1440 3870 et
1472 3816 1807 3884 temetipsum
1838 3830 1867 3868 a

280 3909 535 3977 periculis
576 3909 799 3963 liberum
843 3907 1056 3971 reddes,
1097 3916 1153 3961 et
1197 3922 1282 3961 me
1312 3922 1341 3960 a
1373 3905 1533 3960 luctu.
1568 3905 1870 3960 Verisimile

280 4001 427 4054 enim
453 4009 538 4056 est
573 4001 742 4068 illum,
770 4000 813 4054 si
845 3999 945 4055 hoc
980 4015 1143 4055 ausus
1169 3999 1347 4065 fuerit,
1377 4014 1586 4068 pinnam
1618 3998 1868 4053 daturum

280 4108 425 4159 esse,
458 4105 615 4163 atque
645 4094 717 4147 ita
747 4094 979 4163 undique
999 4092 1126 4145 mihi
1149 4093 1326 4163 gravis
1345 4091 1497 4146 dolor
1526 4100 1581 4146 et
1605 4091 1868 4145 cruciatus

279 4187 406 4241 erit.
452 4186 585 4239 Audi
608 4187 763 4257 igitur
786 4203 954 4240 vocem
981 4202 1165 4252 meam,
1198 4197 1243 4239 et
1259 4202 1425 4256 surge,
1454 4187 1718 4254 statimque
1746 4185 1870 4239 vade

279 4277 352 4329 ad
372 4276 547 4330 Laban
573 4277 781 4345 fratrem
808 4294 972 4331 nteum
996 4278 1049 4330 in
1076 4276 1345 4343 Charram,
1368 4277 1459 4331 44.
1491 4286 1536 4329 et
1558 4277 1725 4329 habita
1755 4292 1867 4328 cunt

280 4386 342 4422 eo
364 4368 434 4422 ad
456 4369 647 4439 aliquot
676 4369 804 4433 dies,
836 4385 1094 4439 usquequo
1118 4377 1372 4421 avertatur
1401 4368 1476 4420 ira
1505 4378 1552 4421 et
1586 4368 1868 4437 indignatio

282 4459 461 4530 fratris
488 4460 562 4513 tui
591 4476 711 4530 erga
744 4469 809 4525 te,
836 4460 923 4513 45.
948 4467 993 4513 et
1021 4458 1343 4512 obliviscatur
1368 4474 1481 4529 qua:
1512 4458 1558 4511 ei
1598 4459 1793 4528 fecisti:
1823 4466 1870 4511 et

281 4552 481 4605 mittant
508 4563 554 4604 et
573 4551 813 4604 reducam
843 4561 889 4603 te
922 4550 1061 4616 inde,
1100 4566 1162 4602 ne
1194 4549 1325 4618 forte
1348 4564 1450 4601 uno
1472 4548 1553 4601 die
1590 4548 1724 4601 vobis
1769 4565 1871 4599 ant-

283 4644 442 4696 bobus
462 4645 625 4698 orber.
656 4644 770 4706 Abi,
800 4643 987 4714 inquit,
1013 4643 1081 4695 ad
1121 4647 1330 4713 fratrem
1372 4658 1535 4694 meum
1574 4640 1772 4704 Laban,
1809 4649 1855 4693 et

283 4735 457 4789 habita
484 4736 592 4789 illic
617 4752 732 4788 cum
763 4752 840 4789 eo.
877 4735 1175 4790 Verisimile
1200 4735 1341 4789 enim
1371 4743 1452 4788 est
1479 4734 1869 4803 separationem

280 4837 341 4884 et
364 4828 621 4896 temporis
643 4841 957 4896 processum
983 4841 1139 4895 posse
1164 4826 1363 4896 aliquid
1393 4825 1644 4894 amplius,
1672 4839 1869 4894 nempe

280 4919 525 4989 mitigare
554 4918 709 4981 iram,
754 4917 1004 4972 invidiam
1032 4916 1221 4972 sedare
1244 4924 1299 4972 et
1325 4916 1647 4972 oblivionem
1677 4914 1867 4970 afferre

278 5026 467 5065 eorum
494 5027 613 5080 quae
641 5012 695 5065 in
725 5010 866 5066 furto
893 5010 1277 5065 benedictionis
1296 5018 1443 5080 gesta
1469 5020 1611 5065 sunt.
1644 5008 1711 5063 Et
1735 5008 1867 5063 obli-

278 5105 523 5171 viscatur,
550 5104 743 5174 inquit,
769 5120 884 5173 qua:
908 5105 1087 5175 feceris
1110 5104 1176 5157 ei.
1218 5103 1516 5159 Verisimile
1543 5113 1645 5169 est,
1673 5103 1864 5174 inquit,

278 5211 407 5251 eum
436 5196 594 5251 irasci
626 5197 642 5228 ί
669 5214 683 5251 :
716 5196 837 5253 ideo
874 5212 971 5267 par
994 5205 1076 5252 est
1113 5207 1172 5252 ut
1206 5197 1338 5251 iram
1369 5206 1423 5252 et
1460 5198 1716 5269 impetum
1752 5197 1869 5268 ejus

346 5354 362 5383 ⁸
401 5358 449 5418 In
475 5364 655 5418 meo,
676 5366 845 5413 εὶιότως,
860 5368 981 5418 φησιν,
999 5366 1193 5418 anitum.
1215 5356 1278 5403 Ad
1304 5355 1494 5418 literam
1516 5354 1690 5418 melius
1713 5364 1865 5417 esset,

269 5413 391 5474 jure
413 5413 643 5465 irascitur
666 5429 682 5464 :
707 5424 758 5464 et
783 5413 996 5465 fortassis
1019 5413 1108 5465 hoc
1123 5417 1290 5465 dicere
1310 5415 1465 5464 voluit
1487 5413 1864 5478 Chrysostomus.

277 5481 334 5525 Et
358 5489 494 5535 vero,
510 5485 565 5525 ut
586 5480 748 5525 statim
763 5478 973 5537 videtur,
996 5490 1141 5529 eausa
1154 5478 1324 5527 aderat
1344 5486 1397 5525 ut
1422 5481 1715 5527 irasceretur
1726 5482 1865 5536 Esau,

278 5539 345 5585 ob
366 5547 641 5601 surreptam
678 5541 769 5588 sibi
794 5539 960 5588 fraude
993 5541 1440 5602 primogenituram.
1475 5541 1574 5602 Etsi
1591 5541 1725 5602 enim,
1742 5540 1870 5590 dicat

281 5603 590 5664 Augustinus,
615 5608 759 5664 Temo
784 5608 853 5659 IV,
875 5601 1085 5664 cap.’lO,
1134 5601 1241 5664 post
1279 5602 1484 5655 initium,
1533 5601 1579 5648 id
1602 5601 1729 5664 quod
1756 5616 1866 5650 sua-

279 5660 435 5710 dente
457 5670 614 5712 matre
651 5663 769 5711 fecit
790 5660 948 5721 Jacob,
974 5676 1067 5712 non
1094 5660 1206 5712 esse
1230 5664 1550 5715 mendacium,
1573 5660 1661 5709 sed
1686 5670 1866 5724 myste-

278 5724 427 5779 rium,
448 5732 501 5772 et
519 5727 625 5786 ipse
646 5725 1006 5787 Chrysostomus
1027 5738 1170 5787 supra
1194 5726 1422 5773 Rebeccae
1447 5731 1499 5772 et
1516 5724 1674 5787 Jacobi
1694 5723 1866 5772 factum

282 5787 620 5848 exqrsaverit;
647 5786 800 5845 primo
823 5794 982 5848 tamen
1005 5786 1180 5839 intuitu
1204 5787 1435 5838 fallaciam
1458 5786 1797 5848 conspicanus,
1813 5793 1867 5837 et

282 5847 403 5895 hsati
420 5847 532 5909 jure
555 5848 832 5911 indignatus
855 5847 1061 5899 videtur.

1086 385 1154 443 IN
1187 387 1341 444 CAP.
1377 388 1590 445 XXVII.
1632 388 1720 446 ΕΤ
1756 387 1993 445 XXVIII.
2032 390 2273 449 GENES.
2314 395 2543 454 IIOMIL.
2587 399 2699 455 LIV

3501 406 3575 461 τι

1994 505 2250 575 declines,
2281 511 2327 565 si
2366 511 2505 569 forte
2532 530 2629 586 per
2668 526 2874 587 tempus
2908 520 2987 575 rei
3014 528 3175 591 gestae
3205 522 3567 577 obliviscatur.

1988 607 2044 654 et
2069 609 2250 670 postea
2278 617 2399 657 cum
2421 605 2666 662 libertate
2690 609 2863 677 possis
2884 609 2968 664 hic
2994 610 3316 666 domicilium
3340 612 3557 666 habere.

1991 691 2059 745 Et
2087 707 2156 747 ne
2186 692 2329 749 filius
2350 694 2469 764 ejus
2496 698 2749 766 gravatim
2781 698 2935 766 ferat,
2957 701 3098 771 quod
3118 712 3336 772 cogatur
3360 703 3414 756 in
3435 703 3564 757 alic-

1986 796 2109 835 nam
2150 791 2344 838 terram
2371 785 2565 854 {abire:
2597 788 2717 843 vide
2749 791 3016 856 quomodo
3055 792 3255 845 soletur
3276 794 3411 847 illius
3439 794 3560 846 ani-

1986 887 2150 927 mam.
2193 874 2425 929 Primum
2472 877 2687 947 quidem
2724 879 2894 935 dixit:
2923 880 3021 935 Abi
3044 882 3111 935 ad
3135 881 3314 936 Laban
3350 886 3559 954 fratrem

1985 980 2169 1019 meum.
2199 965 2335 1021 Num
2363 968 2430 1023 ad
2459 982 2767 1025 extraneum
2799 982 2852 1026 et
2884 973 3114 1028 alienum
3148 975 3227 1030 ire
3269 984 3322 1029 te
3356 974 3567 1045 jubeo?

1983 1055 2066 1109 Ad
2084 1060 2295 1127 fratrem
2317 1076 2484 1114 meum
2514 1061 2617 1127 abi,
2638 1072 2686 1118 et
2704 1063 2875 1117 habita
2897 1082 3014 1118 cum
3040 1082 3097 1121 eo
3125 1066 3194 1120 ad
3213 1067 3318 1121 dies
3345 1067 3557 1137 aliquot.

1984 1147 2175 1218 Breve,
2206 1151 2392 1221 inquit,
2437 1163 2666 1224 tempus,
2702 1171 2899 1225 paucos
2927 1157 3064 1222 dies,
3106 1173 3383 1228 quousque
3411 1160 3563 1229 quie—

1984 1250 2101 1296 seat
2126 1241 2223 1297 ira.
2250 1243 2401 1298 Nunc
2428 1246 2571 1300 enim
2599 1246 2769 1302 fervet
2794 1246 3084 1316 indignatio
3110 1247 3245 1316 ejus.
3270 1264 3441 1317 neque
3469 1264 3563 1318 pa—

1985 1335 2081 1389 tris
2110 1335 2323 1391 habebit
2349 1338 2699 1393 reverentiam
2738 1339 2815 1394 ira
2853 1341 3021 1395 semel
3049 1340 3359 1407 inundante,
3388 1355 3563 1411 neque

1983 1434 2236 1494 quantum
2280 1428 2525 1482 fraterna:
2561 1430 2936 1485 necessitudini
2988 1430 3179 1485 debeat
3227 1432 3279 1483 in
3330 1439 3560 1485 mentem

1982 1519 2238 1586 accipiet:
2280 1519 2372 1575 sed
2411 1536 2574 1573 unum
2626 1521 2726 1575 hoc
2765 1530 2907 1591 aget,
2937 1529 2993 1574 ut
3028 1520 3259 1575 furorem
3291 1536 3444 1575 suum
3470 1537 3563 1575 ex-

1984 1609 2145 1678 pleat.
2174 1609 2241 1662 Et
2268 1611 2488 1675 mittens,
2520 1611 2695 1665 statim
2739 1612 2854 1666 inde
2887 1613 3127 1665 reducam
3154 1620 3219 1664 te.
3247 1612 3340 1675 'l‘e,
3372 1612 3559 1680 inquit,

1983 1701 2267 1756 revocabo.
2297 1703 2395 1756 Abi
2421 1702 2582 1771 igitur
2609 1702 2743 1756 bona
2772 1718 2892 1757 cum
2923 1702 3112 1756 fiducia
3136 1718 3151 1761 :
3182 1711 3231 1756 te
3256 1704 3395 1756 enim
3423 1718 3561 1756 nun-

1982 1791 2069 1844 tiis
2092 1806 2158 1847 eo
2188 1793 2364 1846 missis
2401 1794 2688 1848 reducam:
2721 1808 2841 1847 nam
2878 1792 2944 1847 de
2983 1801 3093 1846 toto
3123 1792 3252 1845 mihi
3288 1802 3560 1846 certamen

1980 1892 2081 1946 est,
2114 1883 2179 1938 de
2204 1893 2432 1954 utroque
2459 1887 2612 1938 anxia
2640 1900 2781 1951 sum,
2814 1900 2882 1939 ne
2911 1884 3048 1939 forte
3093 1895 3316 1953 utroque
3360 1886 3555 1953 priver.

1980 1976 2113 2031 Vide
2139 1979 2450 2047 sapientiam
2482 1978 2687 2044 matris,
2722 1992 2842 2048 quae
2876 1992 2906 2031 a
2939 1977 3107 2044 seipsa
3140 1988 3302 2042 mota,
3333 1978 3436 2030 imo
3466 1976 3558 2030 Dei

1979 2066 2309 2136 przedictioni
2336 2068 2496 2123 etiam
2527 2083 2669 2122 nunc
2706 2068 2966 2135 serviens,
3008 2067 3098 2121 illa
3136 2067 3367 2122 consulit
3393 2082 3560 2136 puero

1979 2177 2097 2230 qua)
2124 2160 2368 2216 Christus
2405 2161 2681 2231 discipulis
2724 2163 2836 2216 suis
2875 2160 3209 2227 consulebat,
3252 2175 3317 2213 ne
3362 2168 3561 2213 temere

1981 2252 2229 2322 periculis
2260 2267 2318 2306 se
2346 2252 2725 2320 immiscerent,
2760 2253 2851 2307 sed
2882 2266 3095 2307 secessu
3134 2251 3390 2305 insaniam
3421 2250 3564 2303 male

1980 2344 2295 2399 affectorum
2334 2344 2719 2399 demulcerent.
2754 2345 2865 2399 lloc
2914 2346 3072 2413 igitur
3112 2344 3271 2398 etiam
3316 2342 3403 2397 illa
3450 2342 3560 2395 filio

1977 2439 2225 2505 consulit,
2253 2441 2480 2508 primum
2506 2439 2622 2509 ejus
2647 2439 2824 2493 animo
2856 2438 3098 2492 ﬁduciam
3133 2436 3321 2491 indens
3361 2445 3416 2489 ut
3446 2435 3559 2490 dis-

1977 2546 2185 2586 cessum
2223 2547 2327 2585 non
2365 2546 2508 2600 aegre
2548 2530 2745 2593 ferret,
2791 2538 2915 2584 tunc
2952 2529 3203 2597 deinceps
3248 2534 3302 2583 et
3346 2540 3560 2581 causam

1978 2621 2254 2675 honestam
2288 2621 2597 2690 profectioni
2628 2621 2744 2690 ejus
2782 2622 3065 2690 excogitat,
3104 2620 3176 2673 ita
3207 2627 3263 2673 ut
3292 2634 3357 2673 ne
3383 2618 3554 2671 mani-

1976 2713 2109 2769 feste
2138 2714 2375 2767 videatur
2397 2723 2613 2783 propter
2634 2712 2811 2767 fratris
2833 2712 3082 2766 invidiam
3112 2711 3385 2777 recedere,
3422 2726 3558 2764 neve

1976 2816 2126 2877 pater
2141 2807 2274 2862 sciat
2292 2821 2468 2861 veram
2483 2805 2923 2876 peregrinationis
2942 2819 3176 2869 causam,
3193 2803 3339 2856 Esai‘i
3358 2802 3563 2856 scilicet

1958 2899 2387 2969 indignationem
2415 2906 2597 2953 contra
2618 2898 2782 2951 illum.
2802 2896 2894 2953 46.
2924 2894 2989 2950 Ει
3011 2897 3254 2966 ingressa,
3282 2895 3469 2963 inquit,
3491 2894 3559 2946 ad

1978 2991 2127 3045 Isaac
2150 2990 2374 3045 Rebecca
2400 2990 2565 3045 dixit:
2589 2988 2767 3044 Gravis
2796 2988 2917 3042 mihi
2946 2990 3046 3041 vita
3080 2996 3150 3040 est
3185 2994 3388 3057 propter
3427 2986 3560 3054 ﬁlias

1978 3086 2199 3154 ﬁliorum
2245 3085 2385 3140 Chet.
2428 3086 2489 3140 Si
2532 3084 2777 3155 acceperit
2813 3082 2972 3137 Jacob
3013 3097 3223 3135 uxorem
3260 3081 3322 3134 de
3355 3079 3555 3148 ﬁliabus

1978 3188 2125 3231 terra!
2148 3178 2311 3243 istius,
2336 3176 2405 3230 ad
2428 3176 2547 3247 quid
2577 3175 2701 3228 mihi
2723 3174 2865 3228 vita?

2052 3269 2103 3321 5.
2125 3267 2412 3323 Considera
2438 3266 2704 3337 quomodo
2729 3266 3009 3319 honestum
3042 3264 3240 3318 invenit
3259 3262 3557 3317 obtentum.

1977 3360 2201 3426 Quando
2235 3361 2375 3415 enim
2402 3360 2554 3415 nobis
2575 3375 2801 3429 superna
2827 3359 2992 3428 gratia
3020 3357 3351 3426 cooperatrix
3373 3365 3473 3419 est,
3504 3364 3557 3409 et

1974 3454 2208 3509 diflicilia
2225 3452 2397 3508 facilia
2418 3453 2572 3521 fiunt,
2591 3464 2644 3509 et
2664 3453 2841 3525 gravia
2860 3453 3019 3507 levia.
3042 3453 3174 3518 Quia
3199 3453 3356 3521 igitur
3372 3460 3426 3505 et
3444 3450 3557 3503 luce

1978 3545 2163 3599 habuit
2194 3546 2360 3600 Deum
2392 3545 2672 3599 sententiae
2697 3560 2808 3599 sua:
2838 3553 3183 3608 annuentem,
3208 3542 3407 3607 orntiia,
3441 3558 3559 3610 qua:

1975 3638 2042 3690 ad
2084 3636 2315 3691 futuram
2355 3636 2805 3705 dispensationem
2844 3645 2899 3690 et
2947 3634 3013 3688 ad
3052 3636 3275 3688 salutem
3313 3632 3404 3685 filii
3428 3647 3558 3686 con-

1976 3729 2172 3783 ducere
2214 3735 2480 3796 poterant,
2520 3728 2789 3796 suggessit
2818 3726 2934 3794 ejus
2976 3725 3163 3779 menti.
3199 3723 3377 3777 Gravis
3402 3723 3549 3788 mihi,

1978 3820 2168 3890 inquit,
2199 3830 2268 3873 est
2295 3821 2395 3873 vita
2418 3836 2529 3872 mea
2557 3828 2762 3888 propter
2787 3818 2920 3887 ﬁlias
2946 3817 3165 3887 ﬁliorum
3198 3815 3342 3870 Chet.
3370 3815 3431 3868 Si
3468 3830 3559 3866 ac-

1977 3915 2161 3983 ceperit
2194 3911 2353 3965 Jacob
2382 3928 2592 3965 uxorem
2631 3910 2694 3964 de
2722 3910 2924 3979 ﬁliabus
2967 3917 3113 3962 terra?
3143 3908 3314 3979 hujus,
3347 3907 3415 3959 ad
3441 3904 3559 3975 quid

1976 4006 2103 4059 mihi
2128 4005 2231 4058 vita
2253 4005 2277 4057 ?
2307 4003 2403 4059 llic
2428 4004 2557 4057 mihi
2586 4001 2888 4072 significare
2914 4000 3120 4054 videtur
3145 3998 3406 4068 pessimos
3432 4013 3560 4049 uxo-

1976 4113 2093 4153 rum
2121 4096 2264 4150 Esait
2293 4110 2489 4158 mores,
2512 4108 2632 4164 qua:
2658 4092 2737 4147 eis
2766 4091 2961 4146 fuerint
2986 4090 3164 4143 multa:
3194 4087 3559 4142 amaritudinis

1975 4204 2156 4244 causa.
2190 4188 2399 4242 Etenim
2442 4186 2509 4241 de
2558 4186 2702 4239 Esau
2747 4183 2989 4253 superius
3018 4182 3253 4235 narravit
3288 4179 3439 4231 nobis
3478 4176 3558 4230 di—

1977 4284 2098 4337 vina
2138 4282 2434 4351 Scriptura,
2474 4278 2615 4348 quod
2655 4275 2920 4345 acceperit
2946 4291 2975 4328 a
3006 4273 3255 4328 Chetticis
3290 4283 3342 4325 et
3381 4270 3558 4324 Evmis

1976 4388 2188 4437 uxores,
2212 4388 2330 4443 quae
2346 4369 2730 4440 exasperabant
2747 4368 2891 4422 Isaac
2909 4374 2961 4421 et
2978 4364 3271 4419 Rebeccam
3298 4361 3448 4433 (Gen.
3466 4360 3560 4413 26.

1979 4466 2068 4520 54.
2101 4463 2230 4534 55).
2277 4462 2403 4516 limo
2430 4461 2587 4530 igitur
2629 4460 2682 4513 in
2712 4456 3020 4513 memoriam
3050 4455 3098 4509 ei
3139 4466 3422 4523 suggerere
3464 4466 3559 4504 vo-

1978 4557 2113 4623 lens,
2156 4556 2228 4609 ita
2272 4555 2382 4609 fere
2422 4553 2687 4621 loquitur:
2729 4550 2847 4605 Scis
2883 4547 3147 4619 quomodo
3185 4546 3345 4600 vitam
3383 4560 3555 4599 meam

1977 4647 2369 4703 exacerbarunt
2393 4658 2586 4699 uxores
2617 4644 2777 4706 Esau,
2809 4651 2864 4695 et
2887 4642 3154 4709 quomodo
3192 4649 3408 4709 propter
3441 4637 3558 4691 illa-

1976 4755 2093 4793 rum
2134 4737 2387 4791 malitiam
2417 4738 2467 4789 in
2494 4749 2684 4789 omnes
2709 4734 2845 4788 filias
2873 4734 3097 4787 filiorum
3127 4730 3258 4786 Chet
3288 4731 3423 4784 male
3444 4730 3559 4783 alli-

1976 4832 2109 4895 cior,
2128 4837 2181 4883 et
2202 4836 2418 4898 propter
2436 4827 2554 4881 illas
2578 4841 2790 4881 omnem
2818 4835 3029 4895 gentem
3060 4840 3279 4879 exesam
3304 4822 3549 4883 habeam;

1977 4923 2019 4976 si
2048 4921 2203 4989 igitur
2231 4919 2505 4987 contingat
2531 4927 2586 4971 et
2608 4916 2773 4971 .Iacob
2814 4932 2881 4971 ex
2924 4916 3029 4969 illis
3073 4929 3295 4969 uxorem
3336 4912 3554 4976 ducere,

1975 5029 2094 5081 qua:
2115 5011 2246 5065 mihi
2277 5018 2459 5079 postea
2489 5009 2674 5063 salutis
2698 5008 2859 5075 spes?
2884 5006 2965 5059 Ad
2986 5005 3109 5073 quid
3135 5005 3257 5057 milti
3284 5013 3397 5057 tum
3430 5002 3557 5055 vita?

1975 5107 2107 5162 Nam
2147 5105 2193 5161 si
2237 5105 2353 5159 illas
2380 5104 2518 5158 ferre
2560 5118 2663 5156 non
2694 5115 2995 5171 possumus,
3028 5099 3071 5151 si
3112 5097 3273 5153 etiam
3296 5096 3461 5151 Jacob
3494 5111 3556 5146 cx

1975 5199 2185 5255 filiabus
2226 5207 2381 5252 terra
2409 5195 2565 5265 hujus
2604 5208 2824 5249 uxorem
2853 5189 3139 5258 acceperit,
3169 5197 3346 5241 aetum
3378 5194 3461 5240 est
3489 5184 3556 5238 dc

1975 5291 2079 5344 vita
2101 5299 2299 5344 nostra.
2319 5288 2520 5355 Quibus
2539 5285 2735 5339 auditis
2752 5284 2915 5347 Isaac,
2933 5290 3092 5349 atque
3108 5277 3323 5331 malitia}
3345 5276 3554 5329 illarum

1974 5381 2301 5444 recordatus,
2328 5382 2377 5433 l.
2404 5378 2552 5432 Isaac
2584 5376 2833 5429 aduocans
2846 5371 3028 5436 Iacob,
3058 5369 3305 5424 benedixit
3326 5383 3457 5429 eum,
3480 5366 3555 5416 in-

1972 5474 2110 5541 quit,
2121 5481 2166 5525 et
2187 5471 2422 5541 prwcepit
2441 5470 2487 5523 ei
2493 5512 2508 5535 ,
2527 5470 2695 5522 dicens
2708 5483 2727 5519 :
2741 5464 2861 5518 Non
2876 5480 3049 5518 sumes
3062 5476 3268 5515 uxorem
3281 5460 3343 5510 de
3354 5457 3557 5523 ﬁliabus
3598 5446 3627 5502 *ἡ

1976 5565 2411 5625 Chananarorum;
2440 5560 2495 5613 2.
2518 5559 2605 5614 sed
2624 5573 2790 5627 surge,
2813 5565 2859 5607 et
2886 5553 3013 5606 vade
3036 5552 3090 5604 in
3112 5546 3550 5618 Mesopotamiam,

1973 5657 2027 5708 in
2055 5655 2259 5707 domum
2293 5653 2451 5721 patris
2473 5650 2647 5703 matris
2682 5658 2803 5713 tute,
2836 5656 2883 5700 et
2906 5644 3077 5712 accipe
3096 5641 3181 5693 tibi
3210 5639 3327 5693 inde
3353 5652 3556 5689 uxorem

1972 5746 2035 5799 de
2065 5744 2265 5811 ﬁliabus
2302 5741 2474 5811 fratris
2520 5739 2695 5792 ntatris
2737 5747 2835 5791 tua:
2873 5734 3030 5807 (Cap.
3073 5730 3200 5801 28).
3247 5728 3425 5796 Neque
3472 5725 3553 5777 his

1974 5826 2255 5892 conientus
2293 5832 2493 5900 verbis,
2533 5829 2698 5886 voluit
2737 5837 2792 5885 et
2835 5826 3152 5883 alacriorem
3182 5836 3304 5878 eum
3333 5816 3556 5873 reddere
