4038 6358
458 337 563 393 475

459 452 511 506 in
554 449 1003 519 peregrinatione,
1050 456 1105 502 et
1156 462 1279 501 cum
1333 447 1523 500 iterum
1579 441 2035 498 benedictionibus

456 541 737 597 conﬁrmat
762 557 824 594 ac
853 540 1020 595 dicit:
1048 540 1101 594 5.
1124 537 1265 593 Deus
1303 549 1469 593 autem
1505 553 1643 591 meus
1681 537 1932 590 benedicet
1966 545 2032 595 te,

457 646 504 687 et
528 633 725 704 augebit
743 643 810 699 te,
830 642 878 687 et
902 630 1255 702 multiplicabit
1278 641 1344 699 te,
1365 640 1413 685 et
1432 632 1530 686 eris
1550 630 1604 684 in
1630 628 2035 699 congregationes

456 728 700 794 gentium,
741 725 794 779 ι.
838 733 885 778 et
921 724 1060 778 dabit
1099 724 1188 779 tibi
1225 723 1613 778 benedictionem
1637 720 1855 775 Abrahae
1878 720 2037 790 patris

456 816 575 880 mei,
609 817 699 869 tibi
731 826 778 871 et
806 817 986 872 semini
1025 826 1113 871 tuo
1153 826 1264 887 post
1291 826 1369 871 te:
1391 825 1445 869 ut
1468 816 1521 869 in
1554 815 1879 869 hereditatem
1905 813 2039 867 acci-

460 906 571 975 pias
619 917 805 960 terram
856 906 1270 977 peregrinationis
1319 915 1453 973 tua,
1510 920 1663 974 quam
1709 904 1846 957 dedit
1900 902 2039 957 Deus

459 995 699 1049 Abraha.
728 995 858 1052 Vide
883 996 1152 1066 quomodo
1175 996 1350 1065 justus
1389 995 1630 1066 praedicit
1663 995 1714 1051 ei
1747 994 1949 1061 omnia,
1976 1008 2040 1048 ac

460 1085 598 1140 bona
636 1086 683 1142 ei
711 1086 898 1142 viatica
923 1086 1015 1142 dat
1042 1095 1096 1143 ct
1146 1088 1369 1143 solatia:
1409 1087 1647 1157 praedicit
1673 1088 1817 1143 enim
1844 1087 1893 1141 ei
1921 1086 2041 1142 red-

464 1176 603 1231 itum
641 1175 1094 1247 hereditatemque
1133 1185 1311 1245 ιρι-πη,
1336 1178 1569 1233 futurum
1608 1192 1728 1234 esse
1770 1177 1955 1233 dicens
1982 1188 2042 1232 ut

460 1282 567 1320 non
588 1267 759 1321 solum
787 1268 838 1323 in
861 1269 1250 1325 multitudinem
1272 1278 1495 1335 crescat,
1515 1270 1608 1327 sed
1635 1271 1791 1326 etiam
1817 1284 2042 1340 congre-

465 1358 709 1427 gationes
745 1361 980 1429 gentium
1027 1377 1091 1415 ex
1131 1361 1339 1417 semine
1378 1361 1493 1430 ejus
1522 1361 1878 1431 egrediantur.
1911 1363 2040 1427 Quae

465 1457 524 1503 ut
561 1447 761 1504 audivit
803 1450 963 1516 filius,
1013 1452 1253 1520 implevit
1289 1452 1438 1521 jussa
1469 1453 1664 1521 patris,
1692 1460 1747 1507 et
1774 1453 2041 1521 profectus

459 1549 543 1592 est
577 1540 628 1593 in
674 1540 1105 1610 MeSupotamiam
1145 1542 1210 1597 ad
1254 1542 1432 1597 Laban
1475 1544 1660 1597 matris
1702 1542 1943 1597 fratrem.
1974 1541 2044 1596 Et

463 1627 675 1695 iterum,
700 1638 756 1684 ut
780 1630 880 1685 hoc
906 1632 1087 1687 didicit
1118 1633 1280 1695 Esau,
1321 1648 1515 1703 nempe
1538 1632 1795 1688 Jacobum
1824 1632 2042 1687 benedi-

460 1729 603 1773 ctum
630 1721 793 1777 fuiSse
816 1738 847 1777 a
880 1730 1048 1792 patre,
1072 1733 1126 1777 et
1153 1723 1459 1780 mandatum
1486 1724 1756 1793 accepisse
1784 1738 1851 1778 ne
1876 1722 2042 1779 duce-

463 1818 547 1864 ret
568 1826 788 1866 uxorem
812 1829 877 1866 ex
905 1814 1112 1869 liliabus
1129 1814 1573 1881 Chananmorum,
1588 1817 1681 1871 sed
1704 1816 2044 1872 contendisse

462 1900 517 1954 in
560 1901 1037 1971 Mesoliotamiam:
1082 1906 1232 1975 quasi
1277 1908 1545 1977 corrigere
1588 1908 1772 1962 volens
1807 1917 2044 1963 erratum

464 2004 619 2045 suum
640 2001 696 2046 et
722 1993 931 2063 placare
958 2006 1184 2065 patrem,
1210 1998 1264 2052 9.
1298 1998 1525 2064 Addidit,
1557 1997 1748 2068 inquit,
1778 2008 1825 2052 et
1853 2000 2044 2070 accepit

460 2097 669 2135 uxorem
701 2084 769 2137 ad
800 2085 930 2141 duas
950 2102 1129 2142 uxores
1147 2105 1284 2151 suas,
1304 2090 1462 2157 ﬁliam
1482 2087 1673 2143 Ismael
1690 2090 1785 2155 ﬁlii
1805 2090 2040 2146 Abrahtc.

462 2172 671 2240 Vidisti,
701 2176 913 2246 dilecte,
950 2191 1147 2249 quanta
1177 2181 1458 2251 prudentia
1488 2180 1653 2236 tilium
1694 2196 1849 2237 suum
1880 2182 2045 2240 Jacob

461 2279 495 2319 e
522 2267 770 2334 periculis
816 2270 1181 2325 amantissima
1224 2281 1393 2327 mater
1429 2271 1719 2343 eripuerit:
1746 2272 2045 2343 speciosam

463 2357 761 2415 obtendens
810 2364 1253 2431 peregrinationis
1303 2378 1540 2428 causam,
1583 2373 1638 2418 et
1680 2378 1852 2434 neque
1900 2362 2044 2419 Esau

466 2448 724 2505 malitiam
778 2454 1030 2521 prodens,
1068 2470 1240 2525 neque
1284 2456 1417 2525 patri
1465 2472 1678 2511 causam
1707 2456 2044 2513 manifestam

465 2539 737 2606 reddens;
778 2542 872 2597 sed
903 2553 956 2597 et
985 2544 1093 2598 tilio
1125 2545 1450 2601 conveniens
1477 2546 1611 2600 dans
1639 2548 1955 2613 consilium,
1988 2556 2047 2601 ut

464 2644 533 2684 ex
561 2640 703 2686 metu
730 2633 796 2687 ad
822 2650 973 2689 suam
1003 2636 1426 2705 amplectendam
1465 2640 1782 2693 sententiam
1809 2638 2044 2694 adduce-

467 2732 638 2785 retur.
662 2723 788 2779 dum
817 2725 979 2779 etiam
1010 2727 1145 2795 patri
1172 2736 1556 2797 congruentem
1582 2744 1796 2785 causam
1824 2744 2045 2801 sugges-

462 2812 567 2865 sit?
591 2812 737 2869 Unde
758 2814 1001 2887 etjustus
1028 2819 1145 2884 ejus
1165 2817 1321 2873 dictis
1341 2833 1618 2876 assensum
1644 2820 1909 2890 praebens,
1936 2821 2047 2877 via-

464 2904 571 2961 tico
600 2906 980 2963 benedictionis
1010 2909 1322 2965 instructum
1348 2909 1514 2966 Iacob
1538 2911 1781 2993 dimisit.‘

534 2997 883 3070 Peregrinatio
908 3001 1088 3055 Jacobi
1117 3013 1374 3057 narratur.
1391 3033 1464 3042 --
1486 3004 1749 3059 Craterum
1773 3004 1819 3059 si
1848 3005 2041 3074 placet,

462 3097 518 3144 et
543 3106 646 3145 non
671 3091 1056 3162 defatigamini,
1079 3094 1352 3150 videamus
1371 3096 1639 3165 quomodo
1661 3098 2044 3167 peregrinatio-

465 3198 589 3236 nem
626 3183 1021 3240 obieritlacob.
1071 3185 1189 3241 Non
1234 3201 1459 3256 parvum
1501 3188 1646 3242 enim
1687 3197 1743 3241 et
1781 3187 1904 3243 hinc
1930 3188 2044 3243 fru-

463 3282 607 3326 ctum
640 3274 883 3344 accipere
914 3291 1195 3346 possumus
1215 3318 1230 3342 ,
1260 3277 1307 3331 si
1339 3278 1737 3333 attenderimus.
1770 3279 2043 3338 Justorum

464 3363 607 3418 enim
638 3370 973 3421 conversatio
1011 3376 1064 3422 et
1096 3368 1202 3423 vita
1229 3369 1391 3424 totius
1420 3369 1765 3440 philosophia:
1806 3373 2046 3428 continet

464 3453 786 3511 doctrinam.
811 3457 944 3513 Vide
975 3459 1131 3529 igitur
1159 3459 1299 3516 hunc
1320 3460 1591 3531 juvenem,
1625 3464 1713 3532 qui
1739 3463 1885 3520 domi
1910 3466 2042 3521 edu-

462 3554 634 3611 catus,
668 3548 757 3617 qui
784 3557 936 3603 antea
971 3566 1259 3621 numquam
1288 3554 1724 3623 peregrinationis
1749 3556 2043 3627 cujuspiam

463 3641 757 3708 periculum
795 3642 1026 3709 fecerat,
1072 3660 1362 3713 numquam
1415 3646 1469 3700 in
1514 3658 1775 3702 extranea
1826 3650 2043 3719 regione

462 3742 706 3787 versatus
748 3732 941 3800 fuerat,
984 3751 1155 3805 neque
1198 3752 1360 3807 grave
1400 3737 1597 3808 aliquid
1625 3749 1878 3808 expertus
1901 3750 2037 3808 erat,

460 3824 730 3892 quomodo
760 3825 861 3880 iter
882 3826 1125 3894 arripiat,
1156 3837 1211 3883 et
1238 3828 1384 3885 disce
1414 3829 1758 3901 philosophia:
1778 3832 1919 3888 illius
1944 3848 2038 3888 ex-

458 3914 783 3999 cellentiam.
824 3916 913 3972 10.
950 3914 1019 3970 Et
1052 3934 1278 3988 egressus
1305 3918 1465 3974 Jacob
1498 3937 1529 3975 a
1575 3923 1714 3993 fonte
1740 3922 2038 3993 juramenti,

462 4005 718 4074 profectus
757 4016 828 4062 est
855 4008 909 4063 in
937 4007 1186 4073 Charran,
1230 4010 1319 4065 ll.
1362 4020 1408 4063 et
1437 4012 1654 4064 occurrit
1679 4011 1790 4066 loco
1809 4054 1824 4079 ,
1856 4022 1901 4066 et
1922 4013 2042 4066 dor—

460 4098 601 4151 mivit
634 4098 771 4152 illic:
810 4100 1065 4155 occidebat
1098 4102 1233 4155 enim
1266 4102 1343 4155 sol
1363 4116 1383 4155 :
1412 4112 1457 4156 et
1482 4104 1670 4173 accepit
1698 4104 1761 4159 de
1787 4104 2040 4174 lapidibus

462 4190 579 4256 loci,
599 4202 646 4246 et
676 4194 841 4263 posuit
887 4195 955 4247 ad
988 4205 1139 4267 caput
1177 4213 1343 4261 suum,
1373 4206 1419 4250 et
1443 4196 1679 4251 dormivit
1706 4198 1766 4251 in
1792 4199 1921 4253 loco.
1944 4198 2039 4253 Vi~

461 4284 586 4338 disti
622 4285 944 4342 ineffabilem
980 4287 1409 4357 philosophiam?
1443 4288 1619 4344 vidisti
1654 4289 1923 4359 quomodo
1953 4306 2042 4345 ve-

461 4384 602 4430 teres
629 4379 729 4432 iter
753 4377 1061 4433 faciebant?
1088 4380 1178 4434 Vir
1206 4380 1349 4435 domi
1381 4381 1635 4435 educatus
1666 4381 1874 4451 (rursus
1898 4382 2042 4438 enim

458 4483 523 4523 ea
544 4469 763 4541 ticam),
783 4478 1038 4541 tantoque
1061 4482 1305 4527 assuetus
1332 4472 1593 4527 famulitio
1622 4473 1880 4544 (Simplex
1898 4474 2042 4531 enim

457 4569 590 4626 erat,
620 4561 808 4631 inquit,
839 4573 887 4617 et
917 4564 1052 4617 domi
1079 4564 1309 4620 habitans
1330 4563 1478 4638 [Gem
1496 4565 1586 4622 25.
1606 4564 1700 4638 27]
1728 4568 1769 4636 ),
1801 4567 2041 4638 peregri-

459 4659 704 4719 naturus,
737 4668 907 4722 neque
927 4653 1187 4724 jumentis
1211 4656 1420 4726 egebat,
1445 4672 1618 4725 neque
1643 4656 1920 4723 ministris,
1949 4672 2043 4711 ne-

457 4755 564 4810 que
600 4742 807 4798 viaticis
831 4760 847 4810 ;
875 4744 969 4799 sed
1004 4747 1354 4814 apostolicum
1393 4762 1600 4803 morem
1640 4748 1894 4815 imitatus,
1938 4749 2042 4803 iter

458 4833 615 4888 facit:
642 4844 698 4889 et
725 4849 848 4891 cum
872 4838 1215 4893 occumberet
1245 4838 1348 4906 sol,
1390 4839 1458 4894 ibi
1488 4839 1758 4907 dormivit,
1790 4842 1878 4896 ubi
1918 4855 2041 4897 eum

458 4941 565 4981 nox
592 4930 1015 5000 wmprehendit.
1050 4932 1274 5002 Accepit,
1304 4933 1491 5003 inquit,
1521 4932 1762 5003 lapidem,
1796 4944 1845 4989 et
1875 4936 2041 5002 posuit

457 5018 526 5072 ad
564 5030 718 5091 caput
753 5038 921 5075 suum.
954 5021 1087 5077 Vide
1122 5024 1270 5092 pueri
1303 5024 1503 5077 robur:
1538 5023 1712 5093 lapide
1746 5040 1840 5093 pro
1865 5025 2040 5095 pulvi-

461 5111 577 5165 nari
607 5129 735 5169 usus
756 5122 855 5180 est,
880 5122 937 5169 et
962 5129 1123 5185 super
1150 5116 1511 5183 pavimentum
1548 5115 1818 5170 dormivit.
1854 5115 2035 5184 Igitur,

457 5203 710 5272 quoniam
735 5205 871 5261 bene
899 5216 1160 5261 moratam
1188 5208 1421 5262 animam
1462 5205 1712 5274 habebat,
1744 5216 1799 5262 et
1829 5206 2041 5265 viiilcm

459 5292 726 5363 spiritum,
756 5296 825 5351 ab
854 5297 1000 5351 omni
1026 5298 1269 5353 stcculari
1302 5299 1533 5353 vanitate
1573 5298 1819 5365 liberum,
1860 5300 2038 5354 admi-

462 5387 685 5442 rabilem
712 5388 971 5444 visionem
1005 5388 1149 5444 illam
1193 5390 1405 5444 meruit.
1451 5389 1566 5445 lloc
1594 5389 1734 5444 enim
1761 5404 1909 5446 more
1933 5394 2041 5462 agit

462 5482 714 5537 Dominus
734 5492 947 5549 noster;
976 5483 1187 5555 quando
1209 5484 1349 5541 videt
1369 5485 1600 5540 animam
1620 5486 1757 5542 bene
1771 5486 2036 5555 allectam,

460 5574 741 5642 pnesentia
766 5590 873 5630 non
912 5575 1090 5645 magni
1117 5573 1421 5645 facientem,
1449 5575 1734 5646 plurimam
1757 5577 1859 5634 sibi
1895 5577 2039 5637 illius

461 5680 641 5718 curam
663 5681 784 5722 esse
807 5666 1064 5722 declarat.

531 5756 585 5810 ι.
627 5756 759 5813 Vide
801 5757 956 5829 igitur
987 5759 1187 5830 justum
1223 5758 1370 5816 illum
1401 5758 1454 5816 in
1492 5760 1609 5818 solo
1636 5760 1954 5830 cubantem;
1982 5771 2039 5818 et

1165 333 1221 390 8.
1260 331 1539 388 JOANNIS
1574 322 2048 386 CIIRYSOSTOMI
2085 324 2400 385 ARCHIEP.
2428 332 2965 390 CONSTANTINOP.

3614 338 3725 391 ﬂ"

2138 443 2395 499 visionem
2425 446 2691 501 videntem
2717 489 2731 512 ,
2766 447 2872 501 imo
2903 448 3104 503 visione
3133 448 3335 503 Domini
3376 448 3591 518 dignum
3620 453 3725 504 ha.

2139 532 2323 587 bitum.
2355 535 2488 589 Dicit
2511 538 2653 591 enim
2679 556 2691 591 :
2724 538 3033 592 Ubdormivit
3056 580 3073 605 ,
3100 541 3189 597 12.
3214 547 3259 592 et
3297 557 3409 594 ecce
3449 544 3586 596 scala
3610 556 3727 600 erat

2139 624 2342 693 ﬁrmata
2364 643 2515 694 super
2540 637 2744 694 tet-rum,
2765 632 2913 695 cuius
2940 641 3093 700 caput
3120 631 3424 699 pertingebat
3444 633 3496 686 in
3514 636 3726 695 calum,

2140 725 2186 770 et
2214 718 2381 788 angeli
2420 718 2518 772 Dei
2539 721 2870 776 ascendebant
2891 732 2938 776 et
2966 722 3326 777 descendebant
3353 741 3504 790 super
3543 742 3655 778 eam
3679 728 3726 781 ’⁸.

2143 810 2230 863 15.
2257 810 2507 865 Dominus
2530 822 2698 866 autem
2720 813 2926 867 innixus
2957 823 3065 867 erat
3109 830 3262 882 super
3284 831 3395 868 eam
3418 857 3432 879 ,
3460 825 3508 869 et
3545 816 3678 869 dixit
3709 857 3732 872 .

2142 898 2255 969 Ego
2274 900 2414 957 Deus
2432 901 2707 969 Abraham,
2730 913 2777 959 et
2799 903 2935 958 Deus
2956 903 3108 958 Isaac
3128 905 3285 973 patris
3305 906 3379 958 tui
3403 921 3423 959 :
3442 922 3505 959 ne
3523 907 3733 965 timeas.

2139 988 2430 1047 Considera
2458 1034 2474 1060 ,
2502 995 2760 1059 obsecro,
2793 996 2879 1051 hic
2925 995 3178 1050 eximiam
3229 1010 3408 1050 curam
3444 998 3731 1053 clementis

2144 1081 2259 1136 Dei.
2287 1083 2421 1148 Quia
2460 1085 2673 1140 videbat
2714 1101 2837 1140 eum
2884 1087 3176 1142 secundum
3217 1089 3494 1143 consilium
3540 1092 3730 1145 matris
3822 1119 3826 1122 ‹

2144 1184 2360 1243 prepter
2387 1174 2631 1230 timorem
2678 1177 2852 1231 fratris
2892 1178 3369 1248 peregrinationem
3412 1181 3685 1250 suscipere
3708 1220 3732 1246 ,

2142 1274 2194 1320 et
2220 1267 2369 1336 quasi
2399 1282 2645 1322 erronem
2677 1268 2958 1338 quemdam
2986 1270 3085 1325 iter
3114 1268 3287 1325 facere
3308 1312 3323 1335 ,
3355 1270 3526 1324 solum
3566 1280 3729 1340 atque

2144 1356 2211 1410 ab
2251 1357 2368 1411 aliis
2395 1357 2715 1413 abstractum
2751 1360 3050 1430 nullamque
3089 1360 3370 1417 habentem
3398 1362 3725 1417 consolatio-

2144 1463 2265 1501 nem
2294 1448 2401 1501 ullo
2429 1464 2495 1503 ex
2527 1449 2665 1516 loco,
2699 1450 2791 1505 sed
2820 1460 2986 1505 totum
3030 1450 3085 1505 in
3134 1466 3425 1520 supernum
3470 1453 3733 1507 auxilium

2145 1537 2508 1605 projieientem
2539 1555 2554 1594 :
2579 1541 2754 1595 statim
2793 1542 2842 1595 in
2865 1542 2988 1611 ipso
3013 1542 3162 1597 initio
3189 1544 3374 1598 volens
3408 1544 3734 1599 continuare

2144 1628 2469 1684 alacritatem
2496 1631 2612 1700 ejus
2631 1672 2646 1697 ,
2675 1632 2722 1686 ei
2756 1643 3013 1703 apparet,
3036 1649 3101 1689 ac
3127 1634 3292 1690 dicit:
3316 1634 3428 1708 Ego
3450 1652 3565 1690 sum
3590 1635 3738 1691 Deus

2146 1720 2422 1784 Abraham,
2444 1733 2489 1775 et
2510 1722 2649 1777 Deus
2675 1722 2828 1778 Isaac
2849 1725 3009 1793 patris
3036 1726 3127 1779 tui.
3152 1725 3265 1797 Ego
3289 1735 3344 1781 et
3373 1726 3730 1796 patriarcham

2144 1821 2200 1866 et
2226 1823 2425 1881 patrem
2465 1822 2610 1868 tuum
2652 1815 2702 1870 in
2732 1825 2933 1871 tantum
2964 1817 3302 1887 splendorem
3331 1820 3500 1873 evexi.
3526 1819 3603 1874 Ne
3632 1821 3737 1888 igi-

2148 1909 2233 1957 tur
2256 1903 2463 1970 timeas,
2486 1905 2580 1960 sed
2604 1906 2765 1962 crede
2795 1922 2900 1972 me,
2928 1908 3017 1978 qui
3044 1908 3255 1979 implevi
3286 1909 3389 1965 illis
3413 1911 3730 1980 promissio-

2146 2008 2273 2058 nes,
2305 2002 2359 2050 et
2395 2004 2448 2051 te
2484 2012 2601 2052 mea
2631 2013 2757 2052 cura
2787 2008 2841 2054 et
2881 1998 3209 2069 providentia
3240 2001 3597 2072 dignatumm.
3646 2003 3737 2058 Ne

2148 2083 2336 2140 timeas
2384 2100 2514 2156 ergo
2533 2127 2547 2151 ,
2570 2088 2663 2143 sed
2689 2089 2898 2145 confide
2933 2107 2947 2144 :
2980 2099 3035 2146 et
3060 2094 3205 2146 onmi
3234 2093 3423 2147 timore
3460 2093 3687 2162 depulso
3710 2136 3735 2161 ,

2146 2173 2305 2230 crede
2326 2176 2389 2232 iis
2416 2193 2534 2246 qua:
2562 2194 2591 2232 a
2613 2194 2699 2235 me
2725 2180 2991 2236 dicuntur.
3018 2181 3220 2237 Etenim
3244 2194 3447 2247 terram,
3469 2186 3520 2238 in
3549 2202 3648 2256 qua
3672 2197 3733 2240 tu

2147 2265 2358 2334 dormis,
2380 2268 2469 2321 tibi
2491 2268 2623 2323 dabo
2647 2279 2693 2324 et
2725 2273 2902 2326 semini
2932 2281 3020 2327 tuo
3039 2314 3056 2340 ,
3088 2276 3172 2329 N.
3209 2284 3257 2329 et
3283 2276 3376 2329 erit
3400 2293 3563 2331 semen
3586 2289 3737 2330 tuum

2146 2356 2274 2410 sicut
2317 2375 2475 2414 arena
2510 2363 2686 2417 maris.
2712 2362 2791 2418 Ne
2820 2374 3004 2433 putes,
3035 2364 3237 2435 inquit,
3271 2367 3391 2437 quia
3438 2368 3489 2422 in
3532 2376 3731 2423 terram

2147 2446 2374 2503 alienam
2403 2465 2545 2505 nunc
2571 2451 2741 2522 vadis,
2772 2454 3082 2523 privandum
3115 2466 3167 2512 te
3193 2466 3332 2512 terra
3362 2458 3415 2512 in
3441 2473 3543 2528 qua
3571 2469 3737 2514 nauis

2146 2556 2228 2606 es,
2256 2541 2346 2597 ubi
2389 2543 2676 2612 educatus,
2726 2546 2813 2602 ubi
2859 2546 3154 2603 adolevisti.
3201 2549 3410 2605 Etenim
3456 2550 3547 2605 tibi
3590 2551 3737 2604 dabo

2148 2649 2266 2689 eam
2295 2644 2349 2690 et
2387 2637 2577 2691 semini
2607 2648 2716 2704 tuo,
2758 2640 2899 2709 quod
2928 2641 3067 2697 sicut
3099 2657 3314 2697 arenam
3353 2644 3515 2698 maris
3547 2644 3739 2712 augeri

2146 2727 2365 2792 curabo,
2387 2727 2457 2782 Et
2484 2730 2775 2785 dilatabitur
2797 2733 2866 2785 ad
2904 2749 3073 2801 mare,
3113 2743 3161 2788 et
3188 2736 3434 2807 africum,
3462 2745 3510 2789 et
3532 2745 3736 2803 septen-

2148 2818 2378 2885 trionem,
2408 2829 2457 2873 et
2483 2820 2720 2877 orientem
2744 2836 2765 2876 :
2794 2821 2894 2878 hoc
2914 2832 3034 2891 est,
3071 2824 3267 2893 ubique
3309 2824 3681 2894 propagabitur
3715 2841 3733 2877 :

2148 2908 2215 2964 Et
2232 2908 2579 2965 benedicentur
2597 2913 2650 2967 in
2670 2923 2716 2968 te
2735 2929 2906 2968 oumes
2923 2914 3081 2968 tribus
3105 2925 3267 2979 terrae,
3282 2927 3329 2968 et
3344 2916 3397 2969 in
3416 2916 3604 2969 semine
3624 2927 3735 2971 tuo.

2222 2999 2486 3065 Quomodo
2530 3013 2756 3057 eaerceat
2797 3004 3051 3074 iustorum
3088 3006 3422 3060 obedientiam
3454 3004 3613 3059 Deus.
3659 3035 3736 3045 —

2150 3091 2282 3147 Vide
2308 3093 2577 3162 quomodo
2594 3093 2705 3163 jam
2732 3095 2908 3149 onmia
2936 3096 2984 3150 ei
3006 3112 3125 3166 qua:
3149 3082 3267 3165 post
3286 3097 3500 3166 longum
3522 3107 3740 3164 tempus

2147 3194 2399 3239 eventura
2423 3195 2603 3252 erant,
2636 3186 2899 3256 praedicit.
2929 3186 3026 3242 llic
3053 3188 3195 3242 enim
3222 3203 3339 3242 mos
3376 3197 3460 3242 est
3488 3189 3734 3243 omnium

2148 3274 2395 3341 Domino,
2419 3285 2475 3331 ut
2497 3270 2717 3346 singulis
2745 3277 2958 3347 quidem
2980 3278 3141 3348 justis
3168 3293 3228 3333 se
3257 3277 3309 3333 id
3331 3279 3587 3332 facturum
3619 3277 3739 3346 pol-

2148 3365 2385 3432 liceatur,
2416 3381 2522 3421 non
2561 3374 2739 3422 autem
2775 3367 3028 3423 continuo
3056 3368 3438 3438 promissiones
3467 3368 3685 3436 impleat
3714 3383 3736 3428 ;

2145 3455 2242 3511 sed
2265 3466 2512 3513 exerceat
2532 3456 2798 3526 justorum
2829 3458 3185 3513 obedientiam
3212 3470 3265 3514 et
3289 3459 3622 3529 patientiam,
3648 3467 3736 3511 at-

2146 3563 2249 3616 que
2292 3547 2371 3603 sic
2418 3547 2581 3603 multa
2633 3562 2755 3603 cum
2800 3547 3119 3605 liberalitate
3174 3550 3392 3619 impleat
3443 3549 3733 3618 promissa.

2147 3639 2349 3694 Deinde
2381 3639 2471 3694 ubi
2499 3639 2762 3709 pollicitus
2787 3648 2870 3694 est
2896 3640 2945 3695 ei
2974 3639 3168 3703 futura,
3196 3655 3317 3696 cum
3350 3640 3614 3709 indigeret
3640 3640 3733 3708 ju-

2144 3741 2260 3785 stus
2289 3731 2342 3786 in
2381 3731 2539 3786 rebus
2581 3731 2927 3800 pnesentibus
2955 3745 3059 3787 non
3091 3731 3292 3801 vulgari
3319 3731 3687 3786 consolatione
3714 3747 3737 3786 :

2145 3822 2266 3877 vide
2307 3822 2574 3893 quomodo
2612 3822 2874 3894 benignus
2905 3823 3157 3879 Dominus
3194 3822 3368 3878 futura
3396 3822 3737 3892 polliceatur,

2144 3924 2198 3971 ct
2227 3929 2325 3984 per
2344 3915 2430 3969 illa
2458 3916 2570 3985 ipsa
2592 3931 2711 3987 qua:
2742 3930 2882 3971 nunc
2910 3916 2961 3970 in
2988 3932 3110 3971 eum
3132 3916 3388 3979 declarat,
3426 3915 3494 3971 de
3533 3914 3640 3968 illis
3665 3914 3734 3968 li-

2144 4004 2355 4062 duciam
2382 4006 2533 4062 indit.
2562 4007 2700 4067 Dicit
2724 4008 2865 4063 enim
2898 4025 2912 4062 :
2944 4008 3022 4063 Ne
3051 4017 3204 4079 putes
3242 4024 3327 4064 me
3354 4008 3467 4063 haec
3493 4009 3605 4062 sola
3636 4008 3734 4063 tibi

2146 4099 2383 4169 polliceri
2410 4116 2424 4166 ;
2463 4100 2557 4156 sed
2585 4112 2639 4157 et
2681 4116 2822 4156 nunc
2848 4102 2931 4157 15.
2973 4099 3159 4157 Tecum
3186 4119 3327 4167 sum,
3353 4102 3639 4156 custodiens
3686 4111 3735 4154 ts

2144 4192 2199 4246 in
2225 4192 2362 4247 omni
2392 4193 2492 4257 via,
2518 4210 2617 4258 quo
2642 4194 2805 4248 vadis.
2837 4193 2915 4250 Ne
2946 4194 3105 4264 igitur
3135 4207 3307 4263 putes,
3340 4195 3529 4264 inquit,
3557 4203 3609 4248 te
3636 4209 3727 4248 so-

2146 4284 2255 4339 lum
2298 4286 2394 4340 iter
2440 4284 2616 4341 facere
2657 4303 2671 4339 :
2714 4302 2799 4340 me
2828 4285 3048 4341 habebis
3092 4286 3296 4341 itineris
3334 4285 3618 4349 comitem,
3646 4300 3733 4337 me

2146 4375 2365 4430 habebis
2392 4375 2666 4430 custodem
2699 4376 2752 4432 in
2796 4376 2942 4430 omni
2978 4376 3059 4429 via
3080 4417 3096 4441 ,
3126 4375 3305 4431 omnia
3350 4375 3443 4430 tibi
3492 4373 3733 4429 difﬁcilia

2148 4467 2317 4523 facilia
2357 4467 2693 4525 reddentem.
2718 4469 2919 4524 Exinde
2965 4470 3133 4539 magis
3174 4484 3377 4538 augens
3402 4468 3732 4523 consolatio-

2146 4578 2299 4627 nem,
2324 4560 2433 4630 jam
2482 4561 2715 4631 prtedicit
2740 4563 2788 4617 ei
2817 4561 3046 4617 reditum
3084 4561 3151 4615 ad
3179 4576 3295 4615 sua.
3324 4561 3393 4614 Et
3429 4558 3609 4615 recerti
3647 4564 3733 4628 fa-

2144 4656 2275 4709 ciam
2301 4663 2365 4718 te,
2392 4653 2582 4724 inquit,
2610 4654 2663 4709 in
2703 4662 2888 4707 terram
2910 4657 3060 4707 hanc.
3090 4652 3168 4707 Ne
3196 4652 3450 4708 formides
3473 4692 3489 4717 ,
3516 4650 3691 4721 inquit
3711 4690 3732 4713 ,

2143 4746 2296 4816 quasi
2324 4745 2377 4800 in
2404 4746 2573 4800 aliena
2604 4754 2742 4800 terra
2768 4756 3093 4800 versaturus.
3120 4744 3187 4797 Et
3206 4745 3445 4798 reducam
3468 4752 3514 4797 te
3540 4742 3597 4797 in
3625 4753 3733 4795 ter-

2142 4855 2256 4895 ram
2276 4840 2427 4906 hanc,
2449 4848 2495 4892 et
2509 4839 2712 4892 minime
2731 4847 2778 4892 te
2805 4838 3164 4908 derelinquam,
3187 4836 3347 4891 donec
3368 4840 3535 4908 fecero
3562 4835 3734 4888 auida

2143 4947 2257 5001 qua
2283 4932 2521 5002 loquutus
2565 4947 2678 4985 sum
2715 4930 2821 4984 tibi.
2851 4929 2967 4984 Non
3014 4929 3304 4999 despiciam
3342 4938 3394 4984 te
3418 4969 3434 4994 ,
3464 4942 3639 4995 neque
3678 4937 3732 4981 te

2144 5022 2352 5077 consilii
2378 5022 2587 5091 inopem
2614 5022 2783 5077 sinam
2808 5036 2825 5087 ;
2848 5021 2941 5077 sed
2968 5021 3082 5076 lucc
3111 5036 3458 5090 qua-eumque
3482 5019 3573 5074 tibi
3602 5035 3731 5088 pra-

2144 5115 2265 5171 misi
2306 5116 2358 5170 in
2400 5128 2535 5184 Opus
2570 5113 2849 5170 adducam.
2873 5113 3150 5180 Quomodo
3186 5114 3306 5184 quis
3336 5128 3434 5181 pro
3470 5113 3729 5180 dignitate

2144 5205 2492 5261 admirabitur
2527 5214 2583 5261 et
2622 5205 2962 5276 obstupeseet
2987 5202 3227 5260 divinam
3250 5205 3637 5278 benignitatem
3675 5212 3728 5256 et

2144 5299 2569 5356 inaestimabilem
2620 5297 3206 5370 indulgentiam?Vide
3261 5295 3404 5351 enim
3466 5304 3725 5366 quantum

2144 5390 2351 5462 pondus
2375 5391 2786 5461 promissionum
2811 5392 2901 5445 dat
2923 5391 3087 5459 justo,
3111 5398 3166 5443 et
3189 5388 3460 5458 quomodo
3487 5388 3725 5440 animum

2143 5485 2262 5556 ejus
2288 5485 2481 5541 erexit.
2511 5484 2694 5553 Cogita
2738 5484 2863 5538 item
2901 5490 2956 5537 et
2998 5480 3125 5551 justi
3164 5479 3321 5549 hujus
3360 5489 3567 5548 gratum
3598 5477 3728 5530 aﬂ‘e—

2197 5593 2214 5625 ¹
2242 5591 2312 5640 lla
2335 5589 2503 5640 Codex
2528 5601 2677 5644 unus,
2699 5591 2848 5649 atque
2878 5582 2951 5633 sic
2974 5582 3189 5649 habetur
3215 5585 3265 5649 in
3288 5581 3475 5649 _Bibliis
3506 5580 3721 5649 graecis,

2135 5652 2391 5719 eteadem
2429 5652 2575 5719 modo
2614 5652 2740 5719 legit
2768 5643 3054 5719 interpres:
3080 5645 3145 5719 ln_
3165 5643 3345 5719 Editis,
3387 5651 3443 5693 et
3473 5643 3587 5719 aliis
3615 5656 3724 5719 orn-

2134 5716 2283 5828 gibus
2337 5715 2449 5764 Mss.
2508 5714 2613 5764 haec
2638 5706 2743 5774 ,ἐι
2799 5706 3154 5763 descendebant.
3206 5708 3324 5771 (καὶ
3386 5706 3725 5768 κατέϐαινον),

2169 5785 2331 5829 εδιιυῑ.
