4038 6358
277 350 385 405 ωδ

278 477 444 533 μενος
472 458 883 532 προθυμότερον
903 457 1067 515 αὐτὸν
1095 460 1432 533 ἐργάσασθαι
1456 478 1523 513 πε
1533 460 1586 533 pl
1610 460 1710 535 τὴν
1735 462 1872 516 ἀποο

277 544 503 615 δημίαν,
539 542 764 606 καὶτὰς
802 545 934 613 παρ’
986 543 1152 597 αὐτοῦ
1186 544 1434 613 εὐλογίας
1479 545 1645 598 πάλιν
1680 542 1871 617 προτί-

277 626 428 697 θησι,
458 625 554 679 καί
599 635 802 698 φἠσινσ
848 626 910 677 '0
947 626 1091 692 Θεός
1117 644 1240 695 μου
1283 627 1606 697 εὐλογήσει
1636 644 1731 691 σε,
1771 627 1870 681 καί

276 709 543 775 αὐξήσει
571 724 669 770 σε,
703 708 801 761 καὶ
841 710 1145 777 πληθυνεῖ
1180 725 1275 775 σε,
1308 710 1409 765 καί
1441 712 1558 780 ἔσῃ
1588 713 1676 777 εἷς
1706 726 1872 764 συν-

277 792 516 864 αγωγὰς
528 792 741 855 ἐθνῶν,
755 792 855 846 καὶ
876 791 1057 847 δώσει
1074 808 1173 847 σοι
1193 794 1310 861 τὴν
1324 796 1612 865 εὐλογίαν
1626 795 1872 862 Ἀϐραὰμ

277 876 388 931 τοῦ
420 875 649 943 πατρός
669 893 813 945 μου,
851 876 953 928 σοί
986 875 1087 929 καί
1120 871 1199 945 τῷ
1239 877 1538 947 σπέρματί
1570 892 1688 933 σου
1720 874 1872 946 μετὰ

277 958 376 1025 σὲ,
408 955 862 1027 κληρονομῆσαι
888 956 1003 1025 τὴν
1022 956 1137 1028 γῆν
1155 957 1266 1028 τῆς
1287 959 1704 1029 παροικήσεώς
1730 974 1870 1026 σου,

278 1040 366 1109 ἢν
403 1041 629 1095 ἔδωκεν
667 1044 701 1096 ὁ
741 1041 886 1108 Θεὸς
917 1041 999 1108 τῷ
1038 1042 1307 1111 Ἀϐραάμ.
1351 1043 1496 1114 Ὅρα
1539 1044 1632 1097 τὸν
1665 1042 1873 1097 δίκαιον

279 1125 493 1189 τοῦτον,
527 1126 679 1189 ὅπως
716 1128 1102 1196 προαναφωνεῖ
1127 1127 1278 1197 αὐτῷ
1319 1126 1559 1191 ἅπαντα,
1586 1126 1682 1180 καὶ
1712 1125 1873 1180 ἱκανὰ

279 1208 431 1280 αὐτῷ
463 1207 658 1278 ἐφόδια
709 1207 847 1281 πρὸς
892 1207 1241 1278 παραμυθίαν
1284 1208 1499 1275 δίδωσι,
1543 1206 1873 1281 προμηνύων

290 1292 447 1364 αὐτῷ
497 1289 593 1345 καὶ
634 1289 732 1362 τὴν
762 1291 1021 1345 ἐπάνοδον
1050 1292 1144 1344 καὶ
1183 1290 1284 1361 τῆς
1324 1291 1429 1362 γῆς
1470 1292 1572 1363 τὴν
1610 1293 1871 1363 κληρονο-

282 1378 436 1448 μίαν,
467 1377 563 1431 καὶ
603 1376 686 1429 ὅτι
744 1375 805 1428 οὐ
841 1374 1002 1446 μόνον
1056 1376 1136 1439 είς
1180 1374 1385 1446 πλῆθος
1425 1374 1702 1441 ἐπιδώσει,
1736 1376 1874 1430 ἀλλά

280 1462 379 1515 καὶ
439 1460 767 1529 συναγωγὰς
822 1458 995 1512 ἐθνῶν
1063 1459 1127 1512 ἐκ
1178 1458 1273 1512 τοῦ
1330 1461 1643 1531 σπέρματος
1706 1460 1871 1515 αὐτοῦ

280 1542 661 1607 ἐξελεύσεσθαι
702 1555 753 1599 ι.
820 1541 1008 1595 Ταῦτα
1063 1540 1308 1605 ἀκούσας
1362 1543 1391 1595 6
1444 1543 1575 1606 παῖς
1632 1542 1870 1613 ἐπλήρου

281 1627 349 1679 τά
399 1625 629 1690 δόξαντα
676 1622 755 1696 τῷ
783 1624 987 1694 πατρὶ,
1023 1625 1118 1677 καὶ
1160 1624 1454 1696 ἐπορεύετο
1498 1628 1579 1689 εἰς
1611 1627 1710 1698 τὴν
1762 1628 1873 1678 Με-

283 1709 629 1779 σοποταμίαν
671 1711 808 1780 πρὸς
862 1707 1052 1762 Λάϐαν
1094 1708 1187 1761 τὸν
1222 1709 1324 1779 τῆς
1378 1709 1586 1781 μητρὸς
1625 1710 1870 1780 ἀδελφόν.

293 1792 460 1845 Ἀλλά
484 1793 646 1845 πάλιν
666 1793 694 1845 6
721 1789 895 1844 Ἡσαῦ
922 1790 1080 1844 τοῦτο
1105 1791 1315 1863 μαθὼν,
1338 1793 1433 1846 καὶ
1455 1793 1536 1846 ὅτι
1561 1793 1875 1863 εὐλογηθεὶς

283 1875 438 1945 παρά
463 1875 559 1927 τοῦ
598 1874 804 1945 πατρὸς
828 1875 858 1927 6
886 1872 1083 1927 Ἰακὼϐ
1121 1873 1342 1939 ἐντολὰς
1370 1875 1551 1940 ἔλαϐε,
1589 1878 1665 1949 μὴ
1691 1877 1875 1930 λαϐεῖν

283 1961 524 2025 γυναῖκα
546 1959 612 2009 ἐκ
640 1957 751 2010 τῶν
776 1956 1093 2028 θυγατέρων
1113 1956 1223 2011 τῶν
1248 1955 1590 2024 Χαναναίων,
1620 1959 1734 2013 ἀλλ’
1764 1960 1873 2032 ὥρ-

286 2057 464 2111 μησεν
494 2040 575 2104 είς
606 2040 706 2110 τὴν
732 2039 1186 2111 Μεσοποταμίαν,
1210 2039 1400 2112 ὥσπερ
1429 2041 1719 2112 διορθῶσαι
1752 2042 1877 2113 βου-

284 2122 511 2193 λόμενος
542 2123 601 2177 τὸ
638 2124 834 2177 οἰκεῖον
863 2125 1133 2194 πταῖσμα,
1163 2125 1260 2177 καὶ
1290 2123 1741 2196 ἐξευμενίσασθαι
1786 2127 1876 2180 τὸν

284 2205 532 2275 πατέρα,
583 2205 905 2273 Προσθεὶς,
949 2206 1146 2275 φησὶν,
1196 2206 1377 2260 ἔλαϐε
1422 2208 1678 2278 γυναῖκα
1727 2209 1878 2277 πρὸς

282 2288 417 2354 ταῖς
442 2288 725 2359 γυναιξὶν
753 2288 960 2354 αὐτοῦ,
993 2290 1288 2360 θυγατέρα
1326 2290 1581 2360 Ἰσμαὴλ
1608 2292 1714 2347 τοῦ
1743 2294 1877 2348 υἱοῦ

295 2371 566 2441 Ἁϐραάμ.
590 2369 763 2438 Εἶδες,
781 2373 1059 2445 άγαπητὲ,
1082 2373 1202 2444 μεθ’
1226 2375 1359 2444 ὅσης
1382 2374 1650 2439 συνέσεως
1670 2377 1704 2446 ἠ
1730 2376 1878 2446 φιλό-

286 2472 518 2529 στοργος
534 2454 672 2528 αὐτη
689 2458 831 2529 μήτη
841 2474 871 2527 ρ
887 2456 1167 2527 ἐξήρπασε
1179 2458 1287 2511 τῶν
1300 2459 1559 2512 κινδύνων
1569 2458 1660 2513 τὸν
1685 2460 1877 2516 Ἰακὼϐ

285 2539 504 2610 πρέπον
546 2541 734 2609 σχῆμα
770 2539 1022 2594 ἐπιθεῖσα
1056 2540 1443 2612 τῇάποδημίᾳ,
1486 2543 1580 2596 καὶ
1613 2541 1737 2596 οὕτε
1782 2545 1877 2598 τοῦ

302 2621 480 2675 Ἦσαῦ
496 2620 595 2693 τὴν
613 2622 814 2676 κακίαν
831 2622 1112 2695 ἐξέφηνεν,
1134 2622 1258 2677 οὐτε
1274 2625 1354 2696 τῷ
1376 2628 1544 2698 πατρὶ
1568 2626 1669 2697 τὴν
1700 2627 1880 2681 αἰτίαν

283 2705 459 2777 δήλην
474 2704 751 2775 ἐποίησεν,
779 2704 915 2759 ἀλλά
934 2706 1030 2760 καὶ
1052 2706 1189 2777 πρὸς
1220 2707 1313 2761 τὸν
1346 2709 1513 2761 παῖδα
1541 2710 1880 2782 κατάλληλον

285 2788 585 2859 ἐποιήσατο
615 2787 717 2860 τὴν
753 2787 1088 2861 συμϐουλὴν,
1109 2790 1196 2843 ἴνα
1236 2791 1647 2862 προτρέψασθαι
1676 2793 1880 2865 δυνηθῇ

284 2871 381 2925 διά
399 2870 492 2925 τοῦ
512 2870 679 2940 φόϐου
706 2872 1108 2937 καταδέξασθαι
1125 2872 1197 2928 τά
1220 2875 1350 2945 παρ’
1396 2876 1567 2947 αὐτῆς
1590 2875 1879 2948 λεγόμενα,

287 2956 389 3008 καὶ
401 2954 480 3025 τῷ
493 2955 663 3026 πατρὶ
692 2955 1044 3026 ἁρμόζουσαν
1076 2954 1302 3028 γνώμην
1337 2958 1697 3029 είσηγήσατο;
1719 2960 1880 3013 Ὅθεν

286 3038 973 3111 καὶέπιδραμὼνόδίκαιος
985 3043 1097 3104 τοῖς
1111 3040 1463 3115 ῥηθεῖσιπαρ’
1478 3043 1882 3114 αὐτῆς,ἐφοδιά-

292 3138 398 3186 σας
420 3124 542 3186 ταῖς
555 3122 688 3193 παρ’
705 3120 901 3175 ἐαυτοῦ
924 3121 1195 3191 εὐλογίαις
1223 3122 1316 3177 τὸν
1343 3124 1537 3179 Ἰακὼϐ
1552 3127 1877 3197 ἐξέπεμψεν.

374 3205 514 3259 Ἀλλ’
561 3206 611 3258 εί
661 3205 829 3269 δοκεῖ,
865 3206 963 3259 καὶ
995 3205 1071 3278 μὴ
1110 3207 1429 3278 άπεκάμετε
1488 3211 1695 3280 υίδωμεν
1735 3213 1883 3276 ὅπως

291 3288 395 3359 τὴν
448 3288 759 3359 ἀποδημίαν
814 3291 1100 3343 ποιεῖταιό
1147 3290 1366 3346 Ἰακώϐ.
1428 3294 1502 3347 Οὐ
1555 3293 1729 3364 μικρά
1775 3295 1883 3365 γάρ

291 3373 393 3426 καὶ
419 3370 670 3425 ἐντεῦθεν
705 3370 1107 3443 καρπώσασθαι
1158 3373 1523 3445 δυνησόμεθα,
1568 3376 1663 3430 ἐὰν
1716 3394 1884 3448 προσ-

297 3455 534 3525 έχωμεν.
568 3454 679 3509 Kal
700 3454 811 3527 γὰρ
837 3455 1159 3525 φιλοσοφίας
1184 3456 1403 3529 ἀπάσης
1417 3457 1765 3512 διδασκαλίαν
1782 3476 1883 3511 πε-

292 3540 468 3611 ριέχει
492 3538 601 3591 τῶν
614 3538 841 3594 δικαίων
866 3541 902 3609 ἡ
931 3540 1349 3612 διαγωγή.”ορα
1381 3541 1512 3609 γοῦν
1538 3542 1773 3595 ἐνταῦθα
1792 3545 1883 3596 τὸν

288 3622 414 3677 νέον
436 3621 646 3689 τοῦτον,
692 3622 788 3677 τὸν
818 3622 911 3675 ἐπὶ
946 3623 1052 3693 τῆς
1097 3623 1272 3687 οξκίας
1316 3625 1618 3695 τραφέντα,
1654 3626 1745 3679 τὸν
1785 3628 1884 3697 οὐχ

289 3705 602 3777 ὁδοιπορίας
624 3708 819 3778 πεῖραν
840 3707 1104 3778 εἰληφότα
1129 3708 1283 3772 ποτὲ,
1309 3710 1370 3761 οὐ
1401 3709 1501 3779 τῆς
1534 3709 1593 3762 ἐν
1625 3709 1752 3783 ξένῃ
1766 3711 1883 3767 δια-

290 3791 506 3861 τριϐῆς,
521 3790 618 3860 οὐχ
648 3791 843 3863 ἐτέρας
871 3792 1014 3855 τινὸς
1049 3793 1526 3862 κακονχίας,ὃπως
1545 3794 1884 3867 ἀπτεταιτῆς

290 3873 632 3945 ὁδοιπορίας,
656 3874 750 3928 καὶ
776 3874 1015 3946 μάνθανε
1046 3878 1147 3947 τῆς
1172 3877 1495 3947 φιλοσοφίας
1516 3880 1615 3950 τὴν
1648 3880 1885 3951 ὑπερϐο-

290 3957 411 4024 λήν.
460 3957 735 4026 Ἐξῆλθε,
769 3961 956 4031 φησὶν,
997 3959 1209 4015 Ἰακὼϐ
1236 3962 1354 4017 ἀπὸ
1384 3962 1493 4017 τοῦ
1510 3962 1765 4033 φρέατος
1778 3963 1887 4019 τοῦ

290 4041 498 4109 ὅρκου,
526 4041 627 4095 καί
646 4042 941 4113 ἐπορεύθη
996 4046 1086 4109 εὶς
1127 4044 1387 4113 Χαρρὰν,
1429 4046 1527 4100 καί
1571 4046 1887 4116 ἀπήντησε

291 4130 477 4194 τόπῳ,
518 4129 618 4182 καὶ
647 4130 938 4200 ἐκοιμήθη
976 4130 1135 4185 ἐκεῖο
1172 4132 1281 4187 ἔδυ
1313 4132 1425 4203 γὰρ
1466 4137 1501 4188 ό
1549 4134 1754 4202 ἥλιος*
1784 4135 1886 4189 καὶ

291 4212 513 4267 ἔλαϐεν
547 4212 668 4268 ἀπὸ
694 4212 813 4267 τῶν
826 4214 1015 4269 ⁸λίθων
1040 4212 1149 4268 τοῦ
1176 4216 1388 4281 τόπου,
1411 4216 1510 4270 καί
1536 4217 1715 4287 ἔθηκε
1736 4218 1887 4288 πρὸς

292 4295 615 4366 κεφαλὴν1³
637 4295 848 4361 αὐτοῦ,
874 4298 974 4351 καί
1008 4297 1295 4368 ἐκοιμήθη
1321 4299 1393 4353 ἐν
1414 4299 1494 4366 τῷ
1515 4301 1699 4365 τόπῳ.
1728 4298 1885 4367 Εἶδες

292 4381 502 4450 ἄφατον
537 4379 859 4449 φιλοσοφίαν
879 4396 894 4445 ;
916 4376 1058 4445 εἶδες
1084 4381 1204 4446 πῶς
1232 4383 1282 4436 οἱ
1314 4381 1537 4438 παλαιοὶ
1556 4385 1654 4449 τὰς
1677 4385 1887 4440 όδοιποο

295 4464 419 4535 ρίας
442 4461 753 4529 ἐποιοῦντο;
785 4462 940 4536 [527]
971 4464 1134 4536 ’Δνὴρ
1172 4466 1231 4519 ἐν
1259 4466 1408 4539 οίκίᾳ
1436 4469 1665 4538 τραφεὶς
1700 4470 1885 4540 (πάλιν

292 4546 405 4618 γὰρ
445 4546 515 4601 τά
546 4545 690 4600 αὐτὰ
732 4546 900 4620 ἐρῶ),
930 4548 1201 4620 τοσαύτης
1234 4550 1553 4615 ἀπολαύσας
1590 4552 1887 4624 θεραπείας

292 4632 663 4702 (Ἄπλαστος
690 4629 821 4701 γάρ,
858 4631 1048 4701 φησὶν,
1085 4630 1269 4687 οίκῶν
1309 4634 1550 4703 οὶκίαν),
1584 4623 1887 4708 ἀποδημεῖν

295 4712 509 4785 μέλλων
546 4713 645 4783 οὐχ
679 4712 993 4783 ὑποζυγίων
1028 4715 1249 4787 ἐδεήθη,
1291 4716 1393 4771 οὐκ
1420 4717 1752 4783 ἀκολούθων,
1786 4722 1889 4776 οὐκ

293 4798 545 4866 ἐφοδίων⁹
589 4798 708 4852 ἀλλ’
736 4798 1101 4853 ἀποστολικδν
1133 4800 1235 4871 ήδη
1279 4801 1617 4872 μιμούμενος
1660 4804 1886 4875 τρόπον,

291 4879 469 4943 οὕτως
486 4880 693 4951 ἥπτετο
711 4880 977 4951 τῆςόδοῦ.
998 4884 1109 4936 Kal
1128 4884 1319 4955 ἐπειδὴ
1350 4887 1379 4937 6
1410 4885 1583 4956 ἥλιος,
1610 4888 1799 4957 φησὶν,
1818 4884 1889 4960 ἦν

294 4964 431 5035 πρὸς
444 4963 677 5034 δυσμὰς,
700 4964 829 5018 ἔνθα
850 4965 1190 5037 κατελήφθη,
1211 4969 1331 5022 ἐκεῖ
1348 4968 1627 5028 ἐκάθευδε.
1654 4970 1887 5038 Λαϐὼν,

293 5047 450 5117 φησι,
476 5048 652 5101 λίθον
676 5049 859 5117 ἔθηκε
886 5051 1039 5119 πρὸς
1066 5052 1347 5122 κεφαλὴν
1380 5053 1588 5109 αὐτοῦ.
1626 5054 1768 5127 Ὅρα
1792 5054 1888 5108 τοῦ

292 5132 483 5196 παιδὸς
521 5133 621 5203 τὴν
651 5133 903 5206 ἀνδρείαν
929 5150 944 5164 ⁸
985 5133 1065 5204 τῷ
1111 5134 1245 5207 λίθῳ
1287 5136 1410 5189 ἀντὶ
1442 5138 1888 5209 προσκεφαλαίου

292 5216 590 5287 ἐχρήσατο,
626 5217 721 5270 καὶ
739 5218 833 5270 ἐπὶ
867 5215 963 5271 τοῦ
994 5218 1228 5288 ἐδάφους
1268 5219 1548 5274 ἐκάθευδε.
1567 5220 1668 5275 Διά
1694 5222 1886 5292 τοῦτο,

291 5298 484 5371 ἐπειδὴ
511 5300 800 5371 φιλόσοφον
830 5296 943 5372 εἶχε
972 5301 1171 5373 ψυχὴν,
1215 5304 1311 5357 καὶ
1341 5303 1599 5375 φρόνημα
1620 5305 1887 5377 ἀνδρεῖον,

291 5384 391 5436 καὶ
419 5383 603 5454 πάσης
636 5386 937 5453 φαντασίας
967 5383 1228 5455 βιωτικῆς
1269 5386 1609 5458 ἀπήλλακτο,
1649 5390 1743 5443 καὶ
1790 5389 1892 5460 τῆς

292 5464 472 5534 ιψεως
508 5467 726 5539 ἐκείνης
754 5467 963 5541 ἠξιώθη
989 5468 1091 5540 τῆς
1122 5469 1469 5541 θαυμαστῆς.
1501 5471 1760 5536 Τοιοῦτος
1779 5473 1890 5543 γὰρ

291 5549 678 5622 ὸΔεσπότηςὸ
729 5552 1029 5624 ἡμέτερος·
1070 5553 1291 5607 ἐπειδὰν
1342 5554 1429 5626 ῐδῃ
1462 5553 1643 5628 ψυχὴν
1684 5555 1891 5627 εὐγνώ-

298 5649 459 5703 μονα,
491 5634 588 5688 καὶ
625 5634 736 5689 τῶν
755 5636 1038 5708 παρόντων
1061 5637 1122 5690 οὐ
1155 5638 1322 5690 πολὺν
1353 5638 1681 5710 ποιουμένην
1709 5640 1888 5710 λόγον,

297 5716 503 5789 πολλὴν
521 5719 650 5791 περὶ
669 5719 846 5790 αὐτὴν
872 5720 972 5792 τὴν
985 5721 1193 5774 οίκείαν
1214 5721 1584 5776 ἐπιδείκνυται
1604 5722 1887 5793 πρόνοιαν.

369 5801 440 5856 δ’.
472 5803 617 5875 Ὅρα
640 5804 822 5860 τοίνυν
858 5804 953 5859 τὸν
972 5803 1183 5860 δίκαιον
1207 5806 1399 5861 τοῦτον
1429 5806 1522 5859 ἐπὶ
1541 5805 1635 5859 τοῦ
1658 5804 1889 5876 ἐδάφους

300 5885 580 5957 κείμενον,
634 5888 728 5942 καὶ
751 5887 1015 5944 ὀπτασίαν
1046 5889 1281 5961 δρῶντα,
1315 5889 1517 5962 μᾶλλον
1557 5889 1616 5945 δὲ
1656 5889 1755 5963 τῆς
1798 5888 1892 5945 τοῦ

366 5977 396 6042 ξ
418 5977 566 6042 Quid.
587 5981 1275 6042 m7w7al..._i£eleécowa¢.

366 6038 400 6082 δ
418 6039 625 6103 Septem
649 6038 749 6091 ωδε
790 6038 844 6093 ει
867 6040 991 6095 Bibl.
1016 6044 1133 6106 πρὸς
1154 6045 1381 6109 κεφαλῆςο

1292 343 1363 401 IN
1402 343 1557 402 CAP.
1597 339 1791 401 xxvn
1818 337 2073 419 amns.
2112 336 2353 397 HOMIL.
2385 334 2522 397 LIV.

3429 334 3542 393 ιτιι

1974 457 2111 512 Θεοῦ
2135 455 2402 522 ὀπτασίας
2432 456 2773 528 ἀξιούμενον.
2810 448 3220 524 Ἐνυπνιάσθη
3250 451 3381 525 γάρ,
3405 454 3560 523 φησὶ,

1974 540 2075 595 καὶ
2105 540 2234 595 ἰδοὺ
2265 539 2490 610 κλῗμαξ
2525 534 2604 610 ἦν
2639 538 3036 609 ἐστηριγμένη
3070 538 3140 591 ἐν
3162 555 3235 607 τῃ
3284 536 3386 608 τῇ,
3419 532 3496 607 ἧς
3522 537 3563 605 ἡ

1972 624 2207 695 κεφαλὴ
2230 623 2538 693 ἀφικνεῖτο
2563 624 2650 690 εἷς
2674 622 2782 676 τὸν
2806 622 3086 691 οὐρανὸν,
3104 622 3203 676 καὶ
3235 623 3289 676 οι
3319 620 3564 692 ἄγγελοι

1972 708 2079 762 τοῦ
2141 709 2290 762 Θεοῦ
2320 706 2639 762 ἀνέϐαινον
2669 706 2769 760 καί
2806 706 3159 760 κατέϐαινον
3206 703 3301 758 ἐπ’
3345 704 3560 771 αὐτῆς.

1984 790 2047 844 '0
2087 789 2157 843 δὲ
2192 792 2414 858 Κύριος
2477 788 2799 858 ἐστήρικτο
2849 789 2945 842 ἐπ’
2971 786 3180 856 αὐτῆς,
3223 786 3322 841 καὶ
3356 781 3563 839 εἶπεν⁸

1987 872 2133 943 Ἐγὼ
2157 874 2191 927 ό
2222 874 2367 939 Θεὸς
2400 872 2657 942 ’Δϐραὰμ
2678 871 2784 926 τοῦ
2808 872 3032 940 πατρός
3052 886 3190 936 σου,
3221 870 3319 924 καί
3347 873 3379 924 ὀ
3420 869 3565 934 Θεὸς

1986 955 2225 1011 Ἰσαάκ’
2261 955 2348 1027 μὴ
2384 956 2592 1026 φοϐοῦ.
2620 955 2731 1009 Θέα
2760 972 2850 1026 μοι
2876 953 3111 1009 ἐνταῦθα
3141 952 3235 1008 τοῦ
3261 952 3566 1024 φιλανθρώ-

1973 1057 2080 1093 που
2112 1038 2247 1093 Θεοῦ
2297 1040 2398 1111 τὴν
2435 1037 2882 1110 ὑπερϐάλλουσαν
2935 1036 3285 1109 κηδεμονίαν.
3346 1036 3565 1106 Ἐπειδὴ

1972 1123 2082 1194 γὰρ
2103 1122 2250 1193 ἐώρα
2289 1121 2432 1176 κατά
2465 1122 2563 1192 τὴν
2612 1121 2922 1192 συμϐουλὴν
2957 1121 3058 1193 τῆς
3103 1118 3315 1193 μητρὸς
3345 1118 3432 1173 διὰ
3472 1120 3564 1173 τὸν

1972 1206 2070 1260 τοῦ
2096 1205 2330 1275 ἀδελφοῦ
2355 1206 2519 1275 φόϐον
2539 1204 2638 1277 τὴν
2654 1206 2966 1277 ἀποδημίαν
2994 1204 3450 1277 καταδεξάμενον,
3470 1206 3565 1259 καὶ

1974 1288 2224 1359 καθάπερ
2240 1288 2447 1360 ἀλήτην
2464 1289 2582 1342 τινὰ
2607 1288 2752 1342 οῦτω
2778 1288 2878 1360 τὴν
2901 1287 3021 1342 ὁδὸν
3053 1288 3377 1359 ποιούμενον
3393 1299 3439 1355 ε,
3469 1289 3566 1341 καὶ

1975 1372 2277 1442 οὐδαμόθεν
2306 1372 2563 1443 οὐδεμίαν
2599 1372 2790 1442 ἔχοντα
2829 1372 3203 1442 παραμυθίαν,
3232 1371 3367 1425 ἀλλά
3382 1374 3440 1424 τὸ
3456 1374 3566 1424 πᾶν

1975 1455 2068 1509 ἐπὶ
2092 1456 2192 1528 τὴν
2231 1443 2437 1509 ἄνωθεν
2486 1456 2808 1527 συμμαχίαν
2855 1455 3255 1527 ἐπιρρίψαντα,
3305 1455 3467 1519 εὐθὺς
3504 1457 3565 1507 ἐν

1975 1537 2280 1609 προοιμίοις
2310 1539 2409 1607 τῆς
2450 1538 2571 1591 ὀδοῦ
2598 1538 2867 1610 νευρῶσαι
2908 1540 3075 1592 αὐτοῦ
3103 1540 3203 1609 τὴν
3255 1538 3566 1609 προθυμίαν

1977 1622 2300 1692 βουλόμενος
2328 1623 2670 1691 ἐπιφαίνεται
2704 1622 2870 1693 αὐτῷ.
2902 1622 2996 1676 καί
3030 1640 3195 1692 φησιν
3221 1638 3236 1653 ⁶
3278 1621 3425 1691 Ἐγώ
3451 1623 3565 1691 εἶμι

1975 1707 2010 1759 ὁ
2039 1707 2185 1773 Θεὸς
2229 1706 2511 1776 Ἀϐραὰμ,
2553 1707 2652 1759 καὶ
2699 1710 2732 1760 ό
2760 1706 2904 1773 Θεὸς
2963 1706 3168 1761 Ἰσαὰκ
3197 1706 3304 1759 τοῦ
3343 1708 3566 1774 πατρός

1974 1802 2112 1844 σου.
2152 1790 2265 1843 Kal
2287 1790 2377 1843 τὸν
2404 1790 2750 1862 πατριάρχην
2777 1790 2873 1842 καὶ
2898 1790 2990 1843 τὸν
3025 1790 3237 1862 πατέρα
3261 1789 3352 1842 τὸν
3377 1789 3468 1841 σὺν
3486 1791 3565 1851 εἰς

1972 1871 2241 1944 τοσαύτην
2266 1872 2566 1944 αὐξηθῆναι
2598 1873 2956 1944 περιφάνειαν
2998 1875 3277 1944 πεποίηκα
3298 1886 3315 1903 ’
3360 1872 3435 1943 μὴ
3456 1872 3568 1924 τοί-

1976 1973 2071 2009 νυν
2099 1954 2289 2026 φοϐοῦ,
2314 1956 2455 2011 ἀλλὰ
2476 1957 2696 2010 πίστευε
2728 1958 2809 2011 ὅτι
2837 1956 2970 2026 ἐγὼ,
3000 1961 3027 2011 6
3049 1958 3276 2021 ἐκείνοις
3306 1956 3404 2020 τὰς
3434 1957 3567 2009 ὐπο-

1979 2040 2193 2111 σχέσεις
2208 2039 2527 2112 πληρώσας,
2552 2043 2648 2095 καὶ
2672 2040 2731 2093 σὲ
2762 2043 2862 2112 τῆς
2888 2043 3028 2113 ἐμῆς
3048 2040 3265 2106 ἀξιώσω
3289 2040 3562 2111 προνοίας.

1977 2129 2064 2201 Μὴ
2087 2114 2181 2184 οὖν
2213 2129 2401 2200 φοϐοῦ,
2434 2130 2573 2184 ἀλλά
2628 2130 2842 2202 θάρσει,
2884 2133 2979 2185 xal
3018 2134 3197 2185 πᾶσαν
3223 2130 3423 2185 δειλίαν
3457 2132 3561 2184 ἀπ-

1977 2214 2261 2284 ωσάμενος
2288 2213 2510 2267 πίστευε
2533 2216 2646 2277 τοῖς
2683 2215 2810 2285 παρ’
2830 2214 2964 2282 ἐμοῦ
2984 2232 3062 2268 σοι
3091 2213 3422 2282 λεγομένοις.
3456 2215 3565 2267 Καὶ

1978 2302 2089 2373 γὰρ
2110 2301 2227 2370 τὴν
2258 2302 2394 2372 γῆν,
2414 2303 2509 2372 ἐφ’
2529 2297 2569 2375 ᾗ
2598 2302 2680 2356 σὺ
2698 2302 3027 2369 καθεύδεις,
3052 2305 3149 2357 σοὶ
3176 2303 3348 2356 δώσω
3374 2302 3568 2370 αὐτὴν

1979 2385 2079 2438 καὶ
2118 2384 2198 2450 τῷ
2235 2382 2549 2454 σπέρματθ
2567 2401 2706 2450 σου,
2740 2385 2837 2439 καί
2869 2386 3042 2440 ἔσται
3079 2386 3147 2440 τὸ
3181 2387 3418 2455 σπέρμα
3449 2400 3568 2439 σον

1979 2466 2059 2532 ὡς
2082 2467 2120 2535 ἡ
2150 2466 2344 2537 ἅμμος
2385 2466 2499 2535 τῆς
2530 2469 2871 2536 θαλάσσης.
2923 2468 3017 2539 Μὴ
3056 2470 3282 2541 νομίσῃς
3303 2509 3318 2532 ,
3362 2470 3526 2539 φησὶν
3551 2508 3566 2531 ,

1979 2555 2166 2626 ἐπειδὴ
2190 2556 2283 2609 ἐπὶ
2308 2555 2405 2626 τῆς
2432 2556 2719 2628 ἀλλοτρίας
2741 2556 2835 2610 νῦν
2868 2546 3095 2631 πορεύῃ,
3116 2556 3523 2629 ἀπεστερῆσθαι
3539 2556 3566 2595 ιι

1978 2641 2079 2711 τῆς
2116 2640 2221 2709 γῆς
2256 2640 2486 2710 ταύτης,
2527 2640 2657 2694 ἔνθα
2692 2642 2939 2712 ἐτέχθης,
2975 2641 3103 2695 ἔνθα
3140 2642 3402 2713 ἐτράφης,
3441 2642 3569 2695 ἔνθα

1979 2724 2242 2795 ηὐξήθης.
2267 2725 2377 2777 Kal
2399 2725 2508 2796 γάρ
2526 2725 2608 2777 σοὶ
2624 2725 2795 2796 αὐτὴν
2812 2725 3054 2796 παρέξω,
3072 2727 3165 2780 καὶ
3187 2726 3265 2797 τῷ
3293 2725 3569 2798 σπέρματί

1983 2827 2099 2873 σου,
2120 2810 2256 2880 ὅπερ
2270 2808 2346 2872 ὡς
2357 2808 2455 2880 τὴν
2471 2810 2548 2879 άμ
2556 2827 2656 2880 μον
2670 2809 2770 2880 τῆς
2786 2809 3063 2878 θαλάσσης
3080 2810 3380 2881 αὐξηθῆναι
3394 2828 3469 2863 πα
3478 2827 3571 2882 ρα-

1983 2891 2257 2955 σκευάσω,
2281 2890 2390 2947 Καὶ
2414 2892 2903 2960 πλατυνθήσεται
2923 2894 3072 2961 πρὸς
3089 2892 3432 2957 θάλασσαν,
3469 2894 3570 2946 καί

1980 2981 2139 3042 λίϐα,
2160 2978 2259 3031 καὶ
2274 2978 2529 3047 βορρᾶν,
2550 2979 2650 3033 καὶ
2668 2981 3002 3047 ἀνατολὰςο
3045 2981 3167 3033 ἀντὶ
3201 2979 3322 3045 τοῦ,
3362 2996 3570 3034 πανταυ-

1982 3062 2079 3133 χοῦ
2100 3062 2499 3133 ἐκταθήσεται·
2544 3062 2655 3117 Καί
2712 3062 3303 3134 ἐνευλοτηθήσονται
3354 3063 3425 3117 ἐν
3467 3064 3569 3117 σοι

1981 3146 2171 3202 πᾶσαι
2188 3148 2248 3200 αἱ
2264 3144 2583 3215 φυλαιτῆς
2597 3145 2731 3216 γῆς,
2750 3148 2850 3201 καὶ
2893 3145 3062 3213 ὲντῷ
3091 3148 3389 3215 σπέρματί
3427 3162 3568 3201 σου.

2054 3230 2200 3299 Ὅρα
2241 3229 2356 3293 πῶς
2427 3229 2530 3300 ἤδη
2595 3231 2775 3284 πάντα
2836 3230 2988 3301 αὐτῷ
3049 3230 3120 3285 τά
3182 3233 3323 3301 μετὰ
3403 3232 3571 3284 πολὺν

1983 3311 2218 3384 ἐσόμενα
2275 3313 2469 3385 χρόνον
2515 3313 2732 3383 μηνύει.
2800 3313 2958 3367 Οὕτω
3003 3313 3111 3385 γάρ
3166 3314 3285 3377 ἔθος
3331 3314 3410 3384 τῷ
3462 3314 3571 3368 τῶν

1982 3395 2120 3448 ὅλων
2174 3395 2425 3467 Δεσπότῃ
2476 3394 2562 3464 ἐφ’
2619 3397 2852 3450 ἑκάστου
2942 3397 3052 3451 τῶν
3135 3397 3360 3451 δικαίων
3413 3398 3572 3452 τοῦτο

1984 3480 2193 3531 ποιεῖν’
2245 3478 2625 3547 ὑπισχνεῖσθαι
2674 3480 2795 3548 μὲν,
2850 3484 2923 3550 μὴ
2977 3481 3322 3552 παραχρῆμα
3376 3480 3432 3533 δέ
3471 3481 3571 3546 τὰς

1986 3560 2309 3630 ὑποσχέσεις
2339 3562 2421 3623 είς
2440 3560 2600 3632 ἔργον
2631 3561 2808 3629 ἄγειν,
2846 3562 2982 3616 ἁλλά
3016 3565 3314 3633 γυμνάζειν
3345 3564 3454 3616 τῶν
3490 3564 3572 3617 δι-

1986 3644 2157 3697 καίων
2184 3644 2283 3716 τὴν
2316 3643 2562 3713 ὑπακοὴν
2602 3645 2695 3697 καὶ
2715 3646 2815 3714 τὴν
2839 3644 3037 3716 πολλὴν
3078 3646 3385 3718 ὑπομονὴν,
3416 3649 3571 3719 1528]

1986 3725 2082 3778 καὶ
2116 3723 2261 3778 οῦτω
2306 3725 2445 3796 μετά
2488 3725 2691 3796 πολλῆς
2740 3727 2839 3797 τῆς
2892 3728 3170 3797 δαψιλείας
3216 3729 3457 3799 πληροῦν
3503 3732 3573 3783 τὰ

1987 3807 2412 3878 ἐπαγγελθέντα.
2435 3803 2570 3862 Εἶτα
2607 3809 2796 3881 ἐπειδὴ
2840 3811 3108 3882 ὑπέσχετο
3145 3812 3294 3882 αὐτῷ
3325 3813 3393 3866 τά
3442 3813 3573 3883 μὲλ-

1986 3886 2489 3961 λονταμετάταῦτα
2514 3894 2861 3965 γενήσεσθαι,
2897 3894 3068 3949 ἐδεῖτο
3096 3895 3152 3950 δὲ
3195 3897 3223 3949 6
3262 3898 3469 3961 δίκαιος
3509 3899 3571 3951 οὐ

1986 3977 2088 4046 τῆς
2105 3974 2376 4048 τυχούσης
2397 3976 2798 4047 παρακλήσεως
2826 3978 2921 4031 καὶ
2949 3979 3009 4033 ἐν
3028 3982 3143 4043 τοῖς
3165 3980 3314 4051 αὐτῷ
3335 3982 3574 4051 μάλιστα

1988 4057 2396 4129 προκειμένοιςο
2425 4058 2529 4129 ὅρα
2561 4058 2652 4113 τὸν
2676 4060 2883 4130 ἀγαθὸν
2914 4061 3213 4135 Δεσπότην,
3232 4064 3351 4126 πῶς
3383 4066 3475 4119 καὶ
3507 4068 3575 4119 τά

1992 4140 2252 4212 μέλλοντα
2302 4142 2667 4213 ὑπισχνεῖται,
2715 4144 2811 4197 καὶ
2863 4144 2933 4199 δι’
2974 4138 3049 4200 ὧν
3096 4146 3191 4200 νῦν
3235 4148 3371 4219 πρὸς
3414 4148 3575 4202 αὐτὸν

1987 4226 2374 4291 ἐπιδείκνυται,
2392 4227 2520 4299 περὶ
2548 4228 2774 4282 ἐκείνων
2794 4228 3019 4301 θαρρεῖν
3034 4233 3463 4301 παρασκευάζει.
3482 4234 3575 4305 Μὴ

1986 4309 2098 4380 γὰρ
2123 4309 2187 4381 δὴ
2214 4310 2463 4382 νομίσῃς,
2482 4312 2671 4382 φησὶν,
2688 4312 2771 4365 ὅτι
2806 4312 2981 4367 ταῦτα
3012 4315 3150 4385 μόνα
3178 4332 3259 4369 σοι
3282 4315 3577 4386 ὑπισχνοῦ-

1990 4410 2112 4464 μαι,
2140 4393 2276 4448 ἀλλὰ
2302 4394 2396 4448 καὶ
2429 4393 2525 4449 νῦν
2550 4395 2714 4450 Μετὰ
2745 4396 2864 4451 σοῦ
2884 4398 3003 4467 ειμι
3031 4397 3471 4467 διαφυλάσσειν
3502 4416 3577 4454 σε

1985 4476 2058 4529 ἐν
2082 4474 2161 4546 τῇ
2180 4476 2297 4543 ὀδῷ
2316 4476 2506 4546 πάσῃ,
2533 4474 2605 4535 οὗ
2629 4479 2738 4533 ἐὰν
2760 4479 3081 4550 πορευθῇς.
3104 4482 3195 4553 Μὴ
3220 4482 3398 4536 τοίνυν
3420 4485 3576 4555 νομί-

1990 4574 2093 4634 σῃς
2127 4560 2287 4632 μόνος
2316 4561 2416 4633 τὴν
2454 4562 2762 4631 ὁδοιπορίαν
2788 4566 3091 4619 ποιεῖσθαιο
3118 4566 3218 4637 ἐμὲ
3274 4566 3414 4631 ἕξεις
3446 4585 3575 4621 συν-

1988 4643 2289 4717 οδοιπόρον,
2317 4644 2419 4716 ἐμὲ
2440 4645 2583 4710 ἕξεις
2615 4646 2831 4717 φύλακα
2858 4650 2917 4703 ἐν
2950 4649 3100 4723 πάσῃ
3136 4649 3260 4721 ὁδῷ,
3280 4652 3456 4706 πάντα
3494 4670 3576 4707 σοι

1986 4724 2059 4779 τά
2084 4725 2322 4798 δυσχερῆ
2351 4727 2806 4800 ἐξευμαρίζοντα,
2859 4731 2956 4786 καὶ
3003 4732 3073 4786 τά
3100 4730 3335 4787 δύσκολα
3379 4733 3577 4788 εύκολα

1988 4810 2489 4875 κατασκευάζοντα.
2516 4808 2654 4866 Εἶτα
2688 4812 2977 4869 ἐπιτείνων
3007 4814 3156 4887 αὐτῷ
3188 4815 3287 4887 τὴν
3315 4834 3576 4889 παραμυ-

1991 4892 2133 4957 θίαν,
2158 4893 2259 4965 ἧδη
2287 4896 2591 4966 προμηνύει
2620 4895 2770 4967 αὐτῷ
2794 4897 2891 4951 καὶ
2915 4897 3014 4969 τὴν
3044 4900 3123 4961 είς
3152 4898 3221 4951 τά
3263 4900 3439 4953 οἰκεῖα
3480 4903 3577 4955 ἐπ-

1991 4976 2196 5032 άνοδον.
2210 4977 2319 5031 Καὶ
2334 4978 2696 5048 ἀποστρέψω
2725 4994 2821 5045 σε,
2841 4982 3027 5052 φησὶν,
3053 4984 3139 5048 είς
3160 4982 3276 5050 τὴν
3295 4982 3413 5051 γῆν
3438 4986 3577 5039 ταύ-

1991 5076 2123 5127 την.
2154 5060 2247 5132 Μὴ
2280 5060 2463 5135 δείσῃς
2477 5062 2552 5126 ώς
2572 5062 2667 5116 ἐπὶ
2692 5064 2793 5135 τῆς
2824 5064 3112 5137 ἀλλοτρίας
3144 5064 3328 5119 λοιπὸν
3356 5066 3573 5133 διάξων.

1990 5143 2101 5197 Καὶ
2122 5143 2233 5213 γὰρ
2253 5144 2531 5209 ἐπανάξω
2562 5159 2638 5200 σε
2685 5149 2772 5214 εὶς
2815 5148 3043 5216 ταύτην
3073 5147 3189 5215 τὴν
3219 5146 3355 5217 γῆν,
3379 5150 3476 5202 καί
3503 5151 3576 5203 οὺ

1984 5226 2070 5295 μή
2096 5242 2171 5280 σε
2211 5226 2612 5298 ἐγκαταλίπω,
2651 5228 2761 5296 ἕως
2813 5230 2919 5284 τοῦ
2972 5230 3226 5297 ποιῆσαί
3258 5248 3335 5300 με
3383 5230 3578 5285 πάντα

1991 5308 2110 5363 ὅσα
2164 5310 2443 5379 ἐλάλησα
2489 5327 2613 5367 σοι.
2666 5314 2742 5366 Οὐ
2798 5312 3130 5385 περιθηῖκομαί
3190 5330 3270 5379 σε,
3322 5315 3485 5386 φησὶν
3527 5326 3574 5379 ε,

1991 5393 2129 5447 ἀλλά
2184 5392 2358 5448 ταῦτα
2420 5395 2636 5462 πάντα,
2685 5395 2829 5467 ἅπερ
2889 5397 3227 5466 ὑπεσχόμην,
3283 5397 3363 5461 είς
3418 5398 3579 5468 ἔργον

1991 5477 2167 5530 ἐλθεῖν
2202 5479 2625 5549 παρασκευάσω.
2658 5479 2785 5543 Πῶς
2817 5479 2883 5533 ἄν
2922 5497 3004 5544 τις
3033 5480 3155 5532 κατ’
3184 5480 3343 5546 ἀξίαν
3370 5480 3578 5535 ἐκπλα-

1992 5560 2114 5631 γείη
2146 5559 2245 5630 τὴν
2299 5562 2507 5631 ἄφατον
2547 5562 2643 5615 τοῦ
2682 5561 2817 5615 Θεοῦ
2864 5562 3296 5633 φιλανθρωπίαν,
3341 5564 3434 5619 καὶ
3481 5563 3581 5635 τὴν

1991 5643 2437 5714 ὑπερϐάλλουσαν
2495 5644 2943 5714 συγκατάϐασιν;
2994 5646 3137 5716 Ὅρα
3200 5647 3366 5701 πόσον
3415 5648 3581 5718 ὄγκον

2056 5737 2309 5838 Egeriam
2338 5751 2452 5787 mss.
2476 5739 2661 5838 ilth
2680 5739 2761 5788 καὶ
2788 5738 2929 5801 μόνον
2965 5740 3331 5802 ἀπειλημμένον.

2199 5815 2210 5838 1
2278 5816 2494 5838 πηητςης.
2594 5818 2608 5838 ι

2069 5800 2086 5838 1
2111 5800 2213 5850 Alii
2246 5800 2626 5863 ἀποστερεῖσθαι.
3144 5800 3150 5802 “
3180 5800 3185 5802 ⁷

2069 5861 2089 5884 ⁸
2114 5862 2187 5932 OQ
2208 5862 2597 5932 qucéqaoaaipe,
2622 5860 2779 5932 φησίν.
2810 5862 2927 5912 Post
2968 5863 3072 5932 haec
3092 5860 3241 5932 vquga
3281 5862 3418 5932 aliud_
3435 5860 3581 5923 quﬁd-

1999 5924 2142 5989 pjam_
2172 5922 2368 5989 legiSse'
2390 5923 2585 5989 vi_(_i_el_ur
2628 5922 2896 5985 interpres,
2918 5925 3159 5989 συί-ροσε,
3192 5922 3465 5989 hacj'erba
3484 5932 3579 5989 n91!

1999 5982 2271 6056 ᾷεερίᾷαῑπ
2292 5990 2353 6043 ιε,
2373 5984 2568 6055 .adjicil,
2763 5982 2827 6056 ιε
2844 5982 3035 6034 εοηεὶιίἱ
3050 5982 3458 6056 ῑγιορςηιεὶηαηη
3480 5982 3576 6033 nis:

1999 6046 2130 6098 forte
2158 6046 2267 6098 haec
2290 6046 2486 6109 majoris
2506 6046 2857 6110 explicationis
2880 6060 3024 6098 causa
3045 6046 3304 6098 addiderit.
