4038 6358
471 399 816 470 ὑποσχέσεων
841 441 844 444 .
868 396 1157 466 ἐποιήσατο
1193 394 1328 466 πρὸς
1369 395 1462 447 τὸν
1501 394 1728 456 δίκαιον,
1765 393 1858 447 καὶ
1887 393 2034 457 ὅπως

465 485 634 538 αὐτοῦ
657 482 718 535 τὸ
746 480 997 551 φρόνημα
1025 475 1360 546 διανέστησε.
1405 477 1515 530 Καὶ
1563 476 1781 529 ἐπειδὰν
1822 475 2037 544 θαυμά-

467 585 570 639 σῃς
607 565 698 619 τοῦ
742 561 876 615 Θεοῦ
909 562 1008 631 τὴν
1061 559 1488 631 φιλανθρωπίαν,
1519 559 1686 612 ἐννόει
1730 559 1824 612 καὶ
1843 558 1938 610 τοῦ
1957 555 2038 609 δι-

466 651 624 705 καίου
679 645 866 700 τούτου
902 645 1000 715 τὴν
1039 644 1478 714 εὐγνωμοσύνην,
1521 643 1614 697 καὶ
1653 643 1735 696 ὅτι
1783 644 1922 713 μετά
1951 660 2037 695 το-

466 733 670 795 σαύτας
692 727 1010 801 ὑποσχέσεις
1036 727 1236 780 εἴκοσιν
1267 727 1402 780 ἐτῶν
1428 727 1660 798 ἀριθμὸν
1686 726 2040 797 ταλαιπωρη-

463 819 574 880 θεὶς
612 814 764 884 παρά
792 813 868 883 τῷ
913 809 1118 874 Λάϐαν,
1166 811 1266 864 οὐκ
1317 810 1694 881 ἐδυσχέρανεν,
1743 812 1844 864 οὐκ
1875 811 2037 881 ἐνάρ-

463 917 597 970 κησε
625 899 759 970 πρὸς
781 897 839 951 τὸ
869 897 1040 967 μῆκος
1060 895 1152 948 τοῦ
1178 894 1390 966 χρόνου·
1411 895 1548 948 ἀλλά
1573 895 1752 948 πάντα
1773 895 2040 964 γενναίως

462 984 692 1054 ἔφερεν,
753 979 1038 1051 ἀναμένων
1073 979 1181 1032 τῶν
1230 979 1573 1048 ὑποσχέσεων
1626 978 1688 1032 τὸ
1735 980 1907 1045 τέλος,
1947 977 2040 1032 καὶ

463 1066 616 1128 εἰδὼς
653 1065 730 1128 ὼς
754 1065 851 1133 οὐχ
877 1058 987 1115 οἶόν
1011 1079 1070 1115 τε
1104 1060 1172 1114 τὰ
1203 1060 1352 1131 παρὰ
1381 1060 1473 1114 τοῦ
1503 1060 1637 1114 Θεοῦ
1665 1061 1898 1133 ρηθέντα
1924 1061 2039 1114 δια-

464 1151 674 1213 πεσεῖν,
709 1147 804 1202 καὶ
851 1146 1081 1217 μάλιστα
1118 1144 1334 1198 ἐπειδὰν
1366 1147 1527 1215 ἡμεῖς
1571 1147 1638 1200 τὰ
1672 1147 1802 1216 παρ’
1832 1145 2040 1200 ἑαυτῶν

463 1235 802 1301 εἰσενεγκεῖν
834 1228 1354 1300 σπουδάζωμεν,τὴν
1377 1230 1580 1293 πίστιν,
1615 1231 1713 1301 τὴν
1741 1230 2036 1301 ὑπομονὴν,

465 1320 527 1372 τὺ
557 1319 670 1379 τοῖς
707 1317 870 1386 μήπω
915 1313 1212 1382 γεγονόσιν,
1265 1311 1485 1365 ἐπειδὰν
1516 1314 1544 1366 ό
1589 1313 1866 1384 Δεσπότης
1904 1312 2038 1365 ὑπό-

469 1417 686 1472 σχηται,
725 1399 799 1461 ὡς
839 1398 942 1469 ἤδη
973 1398 1050 1460 εἰς
1096 1397 1254 1467 ἔργον
1288 1395 1562 1459 ἐξελθοῦσι
1593 1397 1836 1469 θαρρεῖν.
1870 1397 2039 1450 Τοῦτο

467 1488 573 1556 γὰρ
606 1482 821 1553 ἀληθῶς
849 1482 1047 1545 πίστις,
1078 1480 1139 1532 τὺ
1164 1479 1239 1550 μὴ
1272 1483 1383 1542 τοῖς
1405 1481 1701 1551 ὁρωμένοις
1727 1483 2035 1553 προσέχειν,

467 1571 574 1622 κᾶν
609 1567 824 1620 ἐναντία
914 1565 983 1619 τὰ
1011 1566 1268 1634 γινόμενα
1300 1567 1366 1635 τῇ
1414 1565 1725 1634 ὑποσχέσει,
1746 1566 1880 1620 ἀλλά
1904 1565 2038 1639 θαρ-

470 1654 584 1723 ρεῖν
617 1652 681 1720 τῇ
709 1649 931 1720 δυνάμει
961 1648 1054 1700 τοῦ
1085 1646 1576 1717 ἐπαγγειλαμένου.
1596 1649 1818 1710 Τέωςδέ
1842 1649 2039 1719 ίδωμεν

468 1735 562 1787 τοῦ
579 1734 782 1788 δικαίου
804 1732 990 1785 τούτου
1014 1731 1113 1800 τὴν
1133 1731 1570 1802 εὐγνωμοσύνην.
1602 1730 1711 1784 Καὶ
1724 1731 2035 1801 ἐξηγέρθη,

473 1818 655 1888 φησὶν,
704 1817 914 1870 Ἰακὼϐ
948 1815 1066 1868 ἀπὸ
1106 1815 1212 1869 τοῦ
1242 1815 1438 1868 ὕπνου
1476 1812 1683 1880 αὐτοῦ,
1718 1815 1815 1867 καὶ
1837 1812 2036 1879 εἶπεν,

469 1901 561 1954 ὅτι
604 1900 765 1954 Ἐστί
801 1900 1013 1966 Κύριος
1033 1899 1100 1950 ἐν
1138 1896 1218 1962 τῷ
1243 1898 1402 1962 τόπῳ
1430 1898 1636 1963 τούτῳ,
1677 1896 1794 1966 ἐγὼ
1829 1898 1898 1952 δὲ
1928 1901 2040 1953 οὐκ

471 1984 660 2054 ᾔδειν.
701 1986 806 2037 Καὶ
839 1984 1123 2051 ἐφοϐήθη,
1156 1980 1250 2033 καί
1277 1977 1464 2034 εἶπενο
1484 1979 1576 2046 Ὡς
1598 1983 1849 2050 φοϐερὸς
1886 1986 1919 2036 ό
1947 1984 2042 2036 τό·

469 2085 582 2135 πος
599 2063 923 2133 οὗτος.οὑκ
948 2067 1079 2120 ἔστι
1102 2065 1306 2127 τοῦτο,
1336 2063 1474 2119 ἀλλ’
1495 2065 1532 2133 ἢ
1556 2061 1715 2131 οἶκος
1742 2065 1909 2129 Θεοῦ,
1941 2065 2040 2119 καί

468 2153 621 2219 αὕτη
657 2153 694 2218 ἡ
717 2152 880 2216 πύλη
916 2149 1021 2202 τοῦ
1053 2147 1334 2214 οὐρανοῦ.
1364 2147 1770 2215 Καταπλαγείς,
1810 2150 1995 2219 φησὶν,
2015 2150 2043 2202 ό

465 2237 806 2308 δίκαιος,τὴν
827 2236 1023 2309 πολλὴν
1045 2235 1139 2288 τοῦ
1172 2234 1306 2288 Θεοῦ
1339 2235 1746 2306 φιλανθρωπίαν
1775 2237 2039 2306 ἐφοϐήθη,

470 2324 565 2378 καὶ
597 2317 901 2375 εἶπενοοῠκ
929 2321 1061 2373 ἔστι
1084 2319 1258 2372 τοῦτο
1313 2320 1450 2374 ἀλλ’
1475 2321 1517 2386 ᾖ
1553 2315 1716 2386 οἶκος
1740 2321 1845 2374 τοῦ
1871 2321 2040 2385 Θεοῦ,

471 2407 568 2460 καὶ
588 2405 739 2472 αὕτη
761 2405 798 2471 ἡ
823 2405 985 2470 πύλη
1007 2403 1111 2456 τοῦ
1129 2401 1406 2470 οὐρανοῦ.
1433 2401 1600 2466 Οὗτος
1623 2403 1652 2454 ὁ
1677 2403 1840 2466 τόπος
1859 2403 2043 2460 λοιπὸν

471 2491 595 2560 ἐμοὶ
620 2485 764 2550 οἶκος
799 2485 891 2540 τοῦ
922 2484 1056 2538 Θεοῦ
1101 2485 1432 2555 νενόμισται.
1480 2485 1759 2556 Τοσαύτης
1797 2481 1889 2540 οῦν
1917 2488 2040 2541 ἐπι-

469 2574 697 2644 φανείας
721 2571 990 2636 ἀξιωθεὶς,
1029 2571 1120 2624 καὶ
1155 2570 1342 2640 αὐτὴν,
1394 2570 1471 2633 ὡς
1501 2571 1696 2633 εἰπεῖν,
1737 2570 1834 2642 τὴν
1867 2570 2042 2641 πύλην

471 2658 565 2710 τοῦ
602 2650 831 2728 οὐρανοῦ
873 2653 1227 2723 θεασάμενος,
1255 2652 1461 2711 δίκαιος
1507 2653 1571 2706 ἂν
1619 2653 1736 2724 είην
1766 2655 1864 2726 τὴν
1893 2656 2044 2724 ὀφει-

469 2739 702 2809 λομένην
731 2737 1078 2808 εὐχαριστίαν
1110 2737 1418 2803 ἀνενεγκεῖν
1464 2736 1697 2791 ἐνταῦθα
1731 2737 1808 2807 τῷ
1836 2738 2042 2792 Δεσπό-

466 2840 558 2893 τῃ.
600 2821 706 2875 Καί
743 2821 967 2888 ἀνέστη
1020 2819 1244 2887 Ἰακὼϐ,
1282 2820 1380 2873 καί
1411 2820 1589 2874 ἔλαϐε
1613 2821 1720 2873 τὸν
1744 2822 1935 2885 λίθον,
1969 2821 2044 2873 ὃν

469 2908 597 2974 εἶχε
641 2905 788 2974 πρὸς
834 2903 1108 2973 κεφαλὴν
1148 2905 1354 2970 αὑτοῦ,
1395 2903 1492 2956 καὶ
1541 2905 1807 2972 ἔστησεν
1853 2905 2043 2960 αὐτὸν

468 2988 730 3057 στήλην,
751 2987 847 3040 καὶ
870 2986 1116 3056 ἐπέχεεν
1148 2987 1355 3041 ἔλαιον
1383 2987 1480 3040 ἐπὶ
1515 2987 1580 3040 τὸ
1610 2986 1797 3055 ἄκρον
1828 2988 2041 3056 αὐτῆς.

469 3073 580 3127 Καὶ
615 3071 909 3125 ἐκάλεσεν
946 3071 1154 3125 Ἰακὼὸ
1179 3071 1246 3124 τὸ
1299 3070 1486 3138 ὄνομα
1529 3071 1633 3125 τοῦ
1671 3073 1858 3126 τόπου
1887 3073 2042 3126 ἐκεί-

468 3173 602 3217 νου,
639 3151 812 3220 Οἶκος
839 3154 1005 3208 Θεοῦ.
1040 3154 1288 3222 ’Ἕτερον
1315 3152 1426 3221 γὰρ
1452 3150 1530 3223 ἦν
1562 3154 1748 3224 ὄνομα
1781 3153 1859 3219 τῷ
1883 3159 2044 3223 τόπῳ

469 3239 536 3291 τὸ
566 3238 867 3306 πρότερον.
909 3237 1124 3308 Ἐπειδὴ
1149 3236 1399 3307 μεγάλων
1435 3236 1640 3308 ἠξιώθη
1673 3237 1922 3310 6:5:[529]
1944 3239 2045 3309 τῆς

469 3320 758 3385 ὀπτασίας,
786 3323 852 3391 τῇ
883 3318 1222 3392 προσηγορίᾳ
1260 3319 1358 3390 τὴν
1391 3324 1609 3391 μνήμην
1634 3321 2044 3376 ἐναποτίθεσθαι

473 3402 720 3472 βούλεται
751 3401 828 3472 τῷ
852 3402 1020 3472 τόπῳ,
1055 3403 1147 3455 καὶ
1173 3401 1440 3472 ἐπίσημον
1457 3405 1535 3465 εἰς
1564 3403 1622 3456 τὸ
1653 3403 1777 3474 ἑξῆς
1804 3405 2043 3475 ἐργάσα-

472 3486 616 3538 σθαι.
645 3485 755 3539 Καὶ
787 3485 878 3539 τὸν
906 3485 1054 3538 λίθον
1083 3485 1205 3538 ἀντὶ
1231 3485 1328 3554 τῆς
1371 3485 1570 3556 στήλης
1602 3488 1823 3557 στήσας,
1858 3491 1952 3541 καί.
1984 3489 2045 3542 τὸ

471 3568 647 3622 ἔλαιον
673 3568 896 3639 ἐπιχέας
931 3566 1108 3639 (τοῦτο
1136 3567 1245 3640 γάρ
1281 3567 1443 3620 αὐτὸν
1475 3569 1634 3638 μόνον
1669 3569 1814 3634 εἰκὸς
1853 3572 2046 3642 ἐπιφέ-

472 3652 684 3723 ρεσθαι,
719 3653 816 3707 ἄτε
835 3652 1008 3716 οὑτως
1028 3649 1455 3722 ὁδοιποροῦντα),
1487 3651 1652 3723 εὐχὴν
1681 3654 1948 3724 προσάγει
1968 3655 2045 3727 τῷ

469 3735 837 3808 φιλανθρώπῳ
863 3735 980 3806 Θεῷ
1009 3735 1187 3807 πάσης
1222 3735 1498 3805 γέμουσαν
1530 3734 1867 3804 φιλοσοφίας.

541 3848 601 3895 ε’.
637 3842 748 3896 Καὶ
776 3844 824 3896 εί
855 3841 1130 3912 βούλεσθε,
1165 3841 1260 3894 καὶ
1290 3840 1469 3894 αὐτῶν
1505 3841 1898 3913 ἐπακούσωμεν
1939 3844 2046 3896 τῶν

471 3926 750 4000 ῥημάτων.
783 3927 1019 3990 Ηίῦξατο
1047 3926 1175 3997 γὰρ,
1206 3925 1392 3996 φησὶν,
1423 3924 1636 3994 εὐχὴν,
1664 3925 1880 3994 λέγων’
1907 3927 2048 3981 Ἐὰν

468 4004 509 4080 ᾖ
539 4010 752 4077 Κύριος
778 4013 809 4063 d
846 4009 989 4075 Θεὸς
1014 4011 1142 4078 μετ’
1171 4008 1338 4077 ἐμοῦ,
1365 4008 1464 4062 καὶ
1505 4007 1750 4078 φυλάξῃ
1775 4027 1850 4078 με
1875 4010 1945 4064 ἐν
1972 4007 2050 4080 τῇ

470 4092 590 4157 ὀδῷ
611 4093 816 4161 ταύτῃ,
850 4087 890 4164 ᾗ
929 4092 1044 4160 ἐγὼ
1095 4093 1437 4160 πορεύομαι.
1482 4092 1699 4162 Ἐπειδὴ
1753 4088 1936 4156 εἶπεν,
1965 4094 2047 4148 ὅτι

483 4177 623 4245 Ἐγώ
647 4179 761 4244 εἰμι
783 4176 933 4244 μετὰ
969 4174 1106 4238 σοῦ,
1133 4175 1230 4228 καὶ
1260 4174 1609 4242 διαφυλάξω
1629 4192 1703 4229 σε
1723 4176 1791 4228 ἐν
1812 4177 1886 4245 τῇ
1905 4177 2044 4243 ὀδῷ,

467 4252 508 4329 ᾗ
537 4257 646 4311 ἐὰν
668 4257 912 4326 πορεύῃ’
931 4257 1018 4310 διὰ
1043 4257 1199 4311 τοῦτο
1228 4257 1322 4311 καὶ
1347 4258 1508 4321 αὐτός
1538 4275 1702 4328 φησιν
1722 4275 1736 4289 ο
1765 4256 1828 4311 Εἰ
1863 4261 2048 4316 ἐκεῖνά

473 4359 564 4412 μοι
596 4339 848 4411 ὑπάρξει,
896 4339 1038 4410 ἆπερ
1087 4357 1176 4410 μοι
1229 4340 1486 4409 ὑπέσχου.
1536 4337 1670 4394 Εἶτα
1709 4343 1802 4394 καί
1831 4343 2046 4413 αἴτησιν

467 4424 675 4478 οἴκοθεν
694 4423 1011 4495 προσφέρει,
1031 4423 1222 4491 λέγων,
1259 4416 1390 4477 Ἐὰν
1403 4422 1485 4487 δῷ
1507 4441 1606 4491 μοι
1628 4427 1841 4493 Κύριος
1865 4426 2048 4495 ἄρτον

469 4506 571 4560 καὶ
602 4505 834 4574 ἱμάτιον
857 4507 1299 4573 περιϐαλέσθαι.
1344 4505 1419 4559 Οὐ
1462 4505 1708 4574 πλοῦτον,
1738 4510 1798 4561 οὐ
1828 4527 2046 4581 περιου-

470 4590 593 4642 σίαν
620 4587 740 4641 τινὰ
770 4588 988 4658 ᾔτησεν,
1019 4589 1133 4641 ἀλλ’
1168 4589 1331 4661 ἄρτον
1370 4588 1464 4642 καὶ
1496 4591 1810 4659 ίμάτιον,τὸ
1843 4595 1941 4663 μὲν
1966 4595 2046 4657 εἰς

467 4667 568 4737 τὴν
601 4666 694 4719 τοῦ
746 4666 996 4738 σώματος
1031 4666 1344 4738 περιϐολὴν,
1391 4667 1454 4720 τὸ
1483 4667 1537 4720 δὲ
1572 4671 1652 4734 εἰς
1696 4673 1904 4742 τροφὴν
1944 4672 2045 4742 τῆς

467 4746 675 4817 χρείας.
707 4747 904 4800 Σκόπει
929 4745 1044 4808 πῶς
1081 4745 1439 4800 ἀποστολικὸν
1478 4750 1808 4819 χαρακτῆρα
1835 4751 1923 4804 διὰ
1947 4753 2046 4824 τῆς

466 4832 733 4902 αἰτήσεως
771 4831 901 4900 ἡμῖν
925 4827 1146 4901 ᾐνίξατο
1173 4846 1186 4860 ·
1223 4829 1366 4884 οῦτω
1399 4831 1598 4902 πολλῆς
1621 4833 1786 4903 ἔγεμε
1827 4835 1926 4904 τῆς
1953 4853 2043 4905 φι-

464 4913 718 4982 λοσοφίας
744 4912 838 4966 τοῦ
864 4912 1070 4966 δικαίου
1109 4913 1169 4966 τὸ
1200 4914 1475 4986 φρόνημα.
1505 4914 1682 4984 Ὅπερ
1707 4917 1816 4987 γὰρ
1841 4920 1869 4971 ό
1906 4920 2044 4990 Χρι-

466 4999 590 5063 στὸς
623 4998 797 5066 ἔλεγε,
823 4995 921 5065 Μὴ
963 4997 1275 5065 κτήσησθε
1295 4998 1548 5065 χρυσόν,
1562 4999 1719 5068 μηδὲ
1737 5000 2040 5070 ἀργύριον,

459 5078 615 5148 μηδὲ
638 5079 748 5132 δύο
777 5076 1052 5147 χιτῶνας,
1097 5077 1256 5131 τοῦτο
1281 5075 1435 5143 οὗτος
1480 5079 1691 5133 οὐδέπω
1730 5084 1863 5152 παρ’
1894 5083 2044 5136 οὐδε-

461 5165 549 5226 νὸς
567 5162 856 5234 διδαχθεὶς,
891 5162 1004 5216 ἀλλ’
1035 5162 1246 5216 οἴκοθεν
1277 5163 1374 5217 καὶ⁹
1403 5163 1469 5217 ἐκ
1491 5164 1584 5217 τοῦ
1620 5163 1940 5232 ἐγκειμένου
1974 5169 2041 5238 τῇ

463 5251 623 5320 φύσει
646 5253 714 5322 τῇ
743 5252 988 5322 ἡμετέρᾳ
1008 5250 1329 5304 διδασκάλου
1355 5249 1526 5304 ταῦτα
1552 5249 1761 5320 μαθὼν.
1785 5252 2040 5324 ἐπεζήτει

463 5331 613 5400 παρά
638 5329 735 5382 τοῦ
771 5331 1040 5383 Δεσπότου
1075 5328 1224 5400 αὐτῷ
1261 5330 1694 5402 παρασχεθῆναι,
1737 5329 1902 5401 ἄρτον
1937 5350 2042 5401 φα-

462 5416 579 5478 γεῖν
610 5415 706 5466 καὶ
744 5413 956 5483 ἱμάτιον
987 5411 1399 5484 περιϐαλέσθαι.
1447 5413 1570 5466 Ἐὰν
1598 5413 1773 5466 ταῦτά
1801 5431 1912 5484 μοι,
1941 5433 2046 5486 φη-

465 5497 569 5561 σὶν,
601 5496 818 5568 ὑπάρξῃ
845 5497 938 5549 ἐπὶ
966 5497 1064 5566 τῆς
1095 5496 1402 5568 ἀλλοτρίας,
1439 5494 1549 5550 Καὶ
1578 5495 1934 5567 ἀποστρέψῃ
1966 5516 2044 5567 με

458 5579 610 5646 μετὰ
667 5580 966 5646 σωτηρίας
1015 5582 1104 5646 εἰς
1147 5579 1256 5634 τὸν
1294 5575 1465 5634 οἷκον
1496 5579 1605 5633 τοῦ
1643 5581 1865 5649 πατρός
1899 5600 2040 5651 μου,

465 5660 716 5732 καθάπερ
771 5663 1054 5734 ὑπέσχετο·
1113 5663 1224 5716 Καὶ
1287 5662 1458 5716 ἔσται
1510 5662 1725 5730 Κύριος
1767 5663 1897 5730 ἐμοὶ
1954 5667 2042 5733 εἰς

469 5741 638 5804 Θεὸν,
690 5743 787 5796 καί
841 5747 874 5798 ὁ
929 5747 1100 5810 λίθος
1153 5739 1350 5811 οὗτος,
1394 5745 1467 5798 ὃν
1501 5744 1738 5812 ἕστησα
1780 5746 2039 5814 στήλην,

469 5825 641 5879 ἔσται
673 5843 768 5894 μοι
791 5822 956 5893 οἶκος
982 5827 1149 5880 Θεοῦο
1177 5825 1274 5880 καὶ
1309 5826 1547 5880 πάντων
1566 5820 1654 5880 ὧν
1672 5827 1748 5880 ἀν
1769 5846 1868 5896 μοι
1901 5830 2039 5895 δῷς,

472 5907 734 5977 δεκάτην
759 5909 1189 5965 ἀποδεκατώσω
1214 5909 1366 5964 αὐτά
1385 5924 1502 5964 σοι.
1538 5912 1675 5984 Ὅρα
1708 5911 1802 5966 τοῦ
1832 5912 2040 5967 δικαίου

1177 276 1234 332 S.
1269 273 1552 332 JOANNIS
1582 270 2075 331 CHRYSOSTOMI
2115 267 2440 330 ARCHIEP.
2479 263 3030 325 CONSTANTINOP.

2146 391 2247 463 τὴν
2299 385 2735 458 εὐγνωμοσύνην.
2785 384 2898 455 Τήν
2942 382 3157 452 αίτησιν
3220 380 3320 452 μὲν
3373 381 3725 451 αἰτούμενος,

2143 478 2295 532 οὐδὲν
2328 472 2617 536 πολυτελὲς
2652 472 2872 542 αἰτῆσαι
2907 470 3249 536 κατεδέξατο,
3285 468 3401 523 ἀλλ’
3434 472 3599 540 ἄρτον
3626 467 3734 521 καὶ

2147 569 2379 641 ἱμάτιον·
2411 564 2838 636 ὑπισχνούμενος
2875 562 2932 616 δὲ
2958 562 3026 616 τὰ
3046 563 3172 632 παρ’
3203 561 3398 616 ἑαυτοῦ
3423 561 3500 632 τῷ
3519 559 3737 622 Δεσπότ

2142 673 2233 728 τῃ,
2265 654 2421 719 εἰδὼς
2469 653 2716 707 αὐτοῦτὸ
2756 651 3034 722 φιλότιμον
3063 652 3121 704 ἐν
3161 653 3284 717 ταῖς
3334 651 3588 722 δωρεαῖς,
3627 648 3730 702 καὶ

2142 733 2227 795 δἐἰ.
2294 737 2611 810 ὑπερϐαίνει
2671 739 2789 799 ταῖς
2847 735 3148 789 ἀντιδόσεσι
3201 736 3303 799 τὰς
3355 733 3564 797 ἐννοίας
3606 733 3734 810 ,τὰς

2145 809 2443 892 ἡμετέρας,
2481 820 2633 890 φησί·
2681 821 2792 874 Καὶ
2831 819 2931 890 τὴν
2973 817 3175 889 στήλην
3217 817 3422 888 ταύτην
3453 817 3533 880 εἰς
3575 809 3734 867 οἷκον

2143 904 2279 960 Θεοῦ
2309 904 2436 972 ἔξω,
2465 905 2560 958 καὶ
2589 904 2805 958 πάντων
2832 903 2942 956 τῶν
2971 901 3122 974 παρά
3153 900 3246 955 σοῦ
3270 917 3361 972 μοι
3385 895 3733 971 χορηγουμέ-

2141 1007 2246 1044 νων
2286 987 2384 1052 τάς
2417 987 2646 1050 δεκάτας
2678 983 3097 1039 ἀποδεκατιὶωω.
3142 981 3295 1047 Εἶδες
3321 983 3545 1054 γνώμην
3576 980 3731 1050 φιλό-

2143 1071 2295 1137 θεον;
2327 1071 2495 1125 Οὑπω
2522 1070 2672 1124 οὐδὲν
2691 1069 2870 1133 ἔλαϐε,
2899 1069 2992 1122 καὶ
3013 1068 3350 1137 ὑπισχνεῖται
3373 1065 3480 1120 τῶν
3505 1063 3732 1135 μελλόν-

2141 1171 2248 1208 των
2276 1153 2425 1224 αὐτῷ
2460 1152 2698 1206 δίδοσθαι
2730 1151 2828 1216 τὰς
2857 1151 3088 1214 δεκάτας
3119 1149 3199 1220 τῷ
3235 1148 3354 1218 Θεῷ
3388 1147 3727 1219 προσοίσειν.

2206 1237 2298 1308 Μὴ
2329 1235 2538 1303 ἁπλῶς,
2560 1235 2855 1306 ἀγαπητοὶ,
2885 1233 3317 1306 παρατρέχωμεν
3337 1232 3404 1284 τά
3430 1234 3551 1302 είρη
3563 1230 3725 1299 μένα,

2140 1321 2275 1375 ἀλλά
2303 1319 2636 1390 ζηλώσωμεν
2661 1321 2896 1382 ἆπαντες
2922 1316 3109 1372 τοῦτον
3131 1318 3219 1370 τὸν
3243 1316 3470 1378 δίκαιον,
3495 1316 3543 1367 οί
3574 1317 3632 1366 ἐν
3650 1316 3727 1384 τῇ

2142 1405 2325 1474 χάριτι
2355 1403 2445 1455 τὸν
2476 1402 2582 1470 πρὸ
2611 1400 2704 1454 τοῦ
2733 1402 2918 1472 νόμου,
2942 1402 3034 1454 καί.
3069 1401 3232 1472 μηδὲν
3272 1399 3524 1469 βιωτικδν
3554 1397 3726 1451 αἰ.τῶ-

2144 1504 2244 1557 μεν
2285 1485 2437 1558 παρὰ
2473 1485 2568 1537 τοῦ
2615 1484 2905 1538 Δεσπότου.
2953 1483 3091 1536 Οὐδὲ
3147 1482 3255 1554 γάρ
3303 1483 3583 1553 περιμένει
3623 1480 3728 1551 τὴν

2142 1570 2270 1640 παρ’
2293 1571 2325 1640 η
2335 1569 2449 1638 μῶν
2474 1568 2798 1640 ὑπόμνησιν,
2829 1566 2968 1623 ἀλλά
2989 1567 3091 1622 κᾶν
3117 1567 3190 1638 μὴ
3214 1567 3473 1637 αἰτῶμεν,
3494 1567 3623 1636 ήμῖν
3650 1564 3728 1617 τὰ

2143 1653 2278 1726 πρὸς
2295 1652 2398 1723 τὴν
2419 1651 2605 1724 χρείαν
2625 1653 2900 1723 δωρεῖται.
2934 1650 3273 1704 Ἀνατέλλει
3294 1649 3404 1720 γὰρ
3419 1649 3525 1701 τὸν
3543 1647 3728 1714 ἣλιον

2141 1739 2239 1791 ἐπὶ
2290 1735 2593 1804 πονηροὺς
2636 1736 2734 1789 καί
2783 1734 3063 1804 ἀγαθοὺς,
3113 1733 3212 1788 καί
3244 1733 3452 1802 βρέχει
3497 1733 3595 1786 ἐπὶ
3631 1731 3727 1786 δι·-

2143 1821 2353 1886 καίους
2392 1819 2491 1872 καὶ
2519 1820 2786 1885 ἀδίκους.
2818 1819 2926 1872 Καὶ
2973 1817 3287 1888 πειθώμεθα
3330 1815 3478 1885 αὐτῷ
3521 1832 3727 1887 παραι-

2141 1903 2318 1959 νοῦντι
2348 1903 2442 1956 καὶ
2471 1901 2702 1970 λέγοντι·
2731 1901 2968 1970 Ζητεῖτε
2998 1899 3234 1970 πρῶτον
3257 1898 3369 1966 τὴν
3390 1899 3728 1963 ,βασιλείαν⁹

2141 1988 2248 2042 τοῦ
2288 1987 2456 2052 Θεοῦ,
2481 1987 2577 2040 καί
2611 1987 2798 2040 ταῦτα
2835 1985 3032 2039 πάντα
3061 1983 3531 2052 προστεθήσεται
3554 1981 3722 2052 ὑμῖν.

2155 2073 2316 2143 Ὁρᾷς
2356 2072 2437 2124 ὅτι
2478 2069 2640 2132 αὐτὸς
2683 2072 2864 2123 ἐκεῖνα
2903 2071 3034 2140 ήμῖν
3080 2069 3342 2138 ἡτοίμασε
3395 2069 3727 2138 παρασχεῖν,

2143 2155 2236 2208 καὶ
2267 2153 2437 2206 ταῦτα
2470 2155 2528 2206 ἐν
2552 2152 2865 2224 προσθήκης
2883 2151 3050 2223 ,μέρει
3076 2151 3258 2203 δοῦναι
3293 2149 3682 2217 ἐπαγγέλλεται
3708 2165 3728 2211 ;

2143 2241 2235 2312 Μή
2255 2240 2434 2292 τοίνυν
2460 2239 2602 2311 ἆπερ
2641 2240 2698 2290 ἐν
2735 2238 3044 2310 προσθήκης
3079 2237 3235 2308 μέρει
3261 2236 3557 2306 λαμϐάνειν
3596 2235 3730 2305 μέλ-

2142 2325 2274 2388 λεις,
2297 2323 2469 2378 ταῦτα
2494 2323 2568 2386 ὡς
2595 2322 2981 2394 προηγούμενα
3006 2321 3166 2386 αἴτει,
3199 2320 3334 2391 μηδὲ
3362 2320 3730 2391 ἀντιστρέψω-

2145 2425 2244 2478 μεν
2285 2407 2384 2478 τὴν
2416 2407 2591 2472 τάξιν,
2623 2406 2758 2459 ἀλλά
2786 2405 3038 2477 ζητῶμεν
3072 2407 3276 2469 ἐκεῖνα,
3309 2401 3489 2466 καθὼς
3523 2403 3729 2456 ἐπέτα-

2144 2492 2255 2558 ξεν,
2281 2492 2367 2543 ἵνα
2387 2490 2653 2543 κάκείνων
2676 2490 2992 2543 καὶτούτων
3014 2490 3069 2540 ἐν
3090 2487 3386 2542 ἀπολαύσει
3414 2487 3724 2557 γενώμεθα.

2143 2574 2242 2626 Διὰ
2272 2573 2380 2643 γάρ
2407 2572 2565 2626 τοῦτο
2595 2573 2688 2626 καί
2719 2574 2774 2625 ἐν
2809 2575 2920 2636 τοῖς
2957 2573 3056 2642 τῆς
3089 2573 3254 2642 εὐχῆς
3292 2573 3529 2641 ῥήμασιν
3564 2571 3729 2641 ὄρους

2145 2658 2276 2727 ἡμῖν
2302 2657 2395 2709 καὶ
2418 2655 2644 2717 κανόνας
2666 2656 2856 2719 τιθεὶς,
2881 2655 3041 2726 μέχρι
3062 2655 3204 2718 τίνος
3231 2655 3312 2708 δεῖ
3341 2653 3438 2724 τὴν
3464 2654 3592 2723 περὶ
3613 2652 3729 2706 τῶν

2145 2737 2417 2808 βιωτικῶν
2449 2738 2664 2808 αἴτησιν
2689 2739 2979 2803 ποιεῖσθαι,
3019 2737 3086 2791 τὰ
3117 2739 3336 2808 ῥήματα
3368 2734 3516 2807 [550]
3541 2737 3728 2789 ἐκεῖνα

2144 2823 2320 2891 λέγειν
2351 2823 2496 2893 ἡμᾶς
2517 2821 2790 2886 ἐκέλευσε,
2816 2821 2886 2873 τά
2909 2822 3089 2891 πάσης
3117 2819 3430 2890 φιλοσοφίας
3458 2821 3724 2890 γέμοντα,

2151 2904 2262 2959 Τὸν
2281 2904 2463 2972 ἄρτον
2491 2903 2658 2973 ἡμῶν
2675 2903 2781 2957 τὸν
2809 2905 3121 2958 ἐπιούσιον
3139 2904 3246 2970 δὸς
3269 2903 3412 2972 ἡμῖν
3427 2903 3723 2972 σήμερον,

2145 2987 2265 3041 ἀντὶ
2301 2986 2417 3050 τοῦ,
2461 2987 2559 3057 τὴν
2604 2987 2701 3057 τῆς
2743 2988 2956 3058 ἡμέρας
3000 2989 3226 3059 τροφήν·
3261 2989 3400 3058 ὅπερ
3440 2988 3468 3039 ὁ
3514 2986 3724 3049 δίκαιος

2143 3067 2316 3139 οὗτος,
2356 3070 2506 3124 οὑδέν
2539 3069 2743 3122 τούτων
2785 3069 3057 3140 ἀκηκοὼς,
3102 3069 3298 3140 ηὔχετο
3344 3069 3536 3137 λέγων’
3580 3067 3726 3122 Ἐὰν

2144 3155 2227 3220 δῷ
2248 3173 2349 3224 μοι
2378 3155 2593 3223 Κύριος
2625 3151 2809 3223 ἀρτον
2841 3153 3072 3224 φαγεῖν,
3096 3153 3195 3206 καί
3225 3153 3454 3222 ἱμάτιον
3480 3154 3723 3220 περιϐα-

2142 3237 2374 3292 λέσθαι.
2415 3236 2506 3308 Μὴ
2543 3237 2720 3290 τοίνυν
2745 3236 2927 3306 ἕτερόν
2953 3254 3004 3289 τι
3033 3236 3142 3289 τῶν
3177 3235 3445 3306 βιωτικῶν
3480 3235 3726 3306 αἰτῶμεν

2145 3322 2274 3391 παρ’
2307 3321 2492 3375 αὐτοῦ.
2538 3321 2778 3386 Ἀνάξιον
2808 3321 2912 3390 γὰρ
2944 3320 3144 3392 σφόδρα
3172 3320 3323 3391 παρά
3345 3320 3439 3372 τοῦ
3471 3319 3614 3372 οῦτω
3637 3337 3728 3389 φι-

2144 3405 2257 3457 λοτί
2265 3422 2366 3474 μου
2399 3405 2493 3458 καὶ
2514 3403 2782 3474 τοσαύτην
2815 3404 3094 3472 δυνάμεως
3113 3404 3429 3475 περιουσίαν
3452 3403 3726 3472 κεκτημέ-

2145 3505 2236 3543 νου
2269 3487 2448 3541 ταῦτα
2485 3490 2674 3550 αἰτεῖν,
2699 3488 2735 3541 ἃ.
2763 3486 2842 3557 τῷ
2870 3487 3098 3558 παρόντι
3129 3487 3562 3553 συγκαταλύεται
3601 3486 3724 3556 βίῳ,

2143 3570 2237 3624 καὶ
2269 3570 2470 3642 πολλὴν
2496 3571 2608 3640 ἕχει
2629 3569 2726 3640 τὴν
2759 3570 3061 3641 μεταϐολὴν
3083 3571 3178 3623 καὶ
3205 3569 3304 3641 τὴν
3331 3571 3684 3640 μετάπτωσιν
3705 3585 3724 3599 ο

2143 3653 2368 3707 τοιαῦτα
2384 3655 2493 3726 γὰρ
2510 3655 2726 3708 ἅπαντα
2741 3654 2811 3707 τὰ
2825 3654 3162 3726 ἀνθρώπινα,
3179 3655 3279 3708 κᾶν
3295 3655 3524 3709 πλοῦτον
3541 3657 3723 3727 εἴπῃς,

2145 3737 2247 3790 κᾶν
2268 3737 2584 3792 δυναστείαν
2605 3779 2620 3802 ,
2663 3737 2766 3791 κᾶν
2800 3736 2957 3802 δόξαν
2988 3738 3336 3809 ἀνθρωπίνην
3357 3756 3370 3770 ο
3409 3737 3523 3790 ἀλλ’
3550 3733 3730 3791 αἰτῶ-

2149 3837 2249 3890 μεν
2281 3820 2347 3874 τὰ
2386 3822 2476 3875 ἀεὶ
2523 3821 2776 3891 μένοντα,
2806 3822 2876 3876 τά
2915 3821 3134 3893 διαρκῆ,
3168 3823 3261 3874 καὶ
3291 3821 3594 3893 μεταϐολὴν
3624 3822 3728 3875 οὐκ

2145 3905 2507 3975 ἐπιστάμενα.
2534 3906 2644 3958 Καὶ
2665 3905 2864 3970 εἰδότες
2895 3905 2988 3960 τοῦ
3018 3907 3287 3978 ἡμετέρου
3314 3905 3585 3958 Δεσπότου
3625 3906 3726 3974 τὴν

2145 3988 2480 4058 ἀγαθότητα,
2507 3989 2715 4059 μηδένα
2756 3988 3038 4059 ποιώμεθα
3073 3989 3230 4058 λόγον
3270 3989 3378 4042 τῶν
3417 3988 3725 4058 παρόντων,

2147 4071 2283 4126 ἀλλά
2318 4075 2499 4125 πᾶσαν
2525 4073 2679 4144 ἡμῶν
2696 4075 2795 4146 τὴν
2814 4073 3048 4143 σπουδὴν
3065 4075 3144 4137 εἰς
3158 4075 3249 4126 τὸν
3265 4073 3373 4127 τῶν
3391 4072 3728 4142 ἐπουρανίων

2147 4155 2310 4208 πόθον
2341 4159 2788 4228 μεταστήσωμεν.
2807 4157 2870 4209 Εἰ
2895 4156 3002 4228 γὰρ
3043 4157 3152 4209 Τὸν
3182 4156 3360 4223 ἣλιον
3378 4155 3566 4209 αὐτοῦ
3589 4157 3731 4208 ἀνα-

2146 4241 2348 4296 τέλλει
2375 4244 2474 4298 ἑπὶ
2501 4243 2804 4310 πονηροὺς
2835 4242 2934 4295 καὶ
2959 4243 3240 4311 ἀγαθοὺς,
3271 4243 3368 4295 καί
3397 4240 3606 4311 ,ϐρέχει
3627 4242 3730 4296 ἐπὶ

2147 4329 2415 4397 δικαίους
2451 4331 2545 4384 καί
2567 4331 2838 4394 ἀδίκους,
2859 4329 3038 4400 πολλῷ
3079 4331 3278 4401 μᾶλλον
3301 4332 3428 4393 τοὺς
3449 4330 3730 4400 ἀπεχομέ-

2146 4431 2270 4476 νους
2299 4415 2398 4484 τῆς
2423 4415 2689 4485 πονηρίας
2709 4415 2802 4468 καὶ
2822 4416 2920 4484 τὴν
2940 4415 3155 4468 ἀδικίαν
3175 4413 3474 4483 φεύγοντας
3490 4417 3550 4467 οὐ
3574 4431 3730 4484 περι-

2145 4496 2356 4565 όψεται,
2390 4497 2528 4550 ἀλλά
2558 4497 2759 4567 πολλῆς
2784 4496 3006 4561 ἀξιώσει
3033 4499 3133 4567 τῆς
3171 4499 3427 4568 προνοίας
3447 4539 3460 4561 ,
3494 4499 3588 4551 καὶ
3627 4499 3728 4568 τὴν

2146 4580 2340 4633 ἑαυτοῦ
2372 4580 2699 4651 κηδεμονίαν
2727 4583 2784 4634 ὲν
2812 4581 2983 4634 ἅπασι
3017 4580 3262 4651 παρέξει.
3303 4581 3478 4651 Ὅπερ
3502 4582 3725 4645 εἰδότες,

2146 4663 2443 4734 ἀγαπητοὶ,
2483 4665 2558 4734 μὴ
2587 4663 2907 4734 ἀπιστῶμεν
2936 4664 3055 4725 ταῖς
3092 4663 3186 4716 τοῦ
3209 4663 3343 4716 θεοῦ
3376 4664 3725 4732 ὑποσχέσεσι,

2149 4746 2282 4817 μηδέ
2318 4747 2537 4800 ἐναντία
2565 4739 2641 4800 ὦν
2688 4746 2945 4800 ἐκέλευσε
2973 4746 3452 4818 διαπραττώμεθα.
3491 4747 3573 4800 Τά
3616 4749 3727 4820 γὰρ

2146 4829 2240 4883 νῦν
2272 4831 2398 4901 παρ’
2430 4830 2590 4900 ήμῶν
2613 4829 2874 4900 γινόμενα
2899 4829 3052 4883 οὐδὲν
3089 4830 3459 4894 ἀπιστούντων
3486 4830 3726 4902 διενήνο-

2145 4931 2257 4984 χεν.
2279 4915 2451 4966 ’Ὀταν
2477 4913 2584 4984 γὰρ
2604 4912 2767 4976 αὐτὸς
2796 4913 2895 4983 μὲν
2920 4913 3322 4983 ἐπαγγέλληται
3352 4915 3418 4967 τὰ
3438 4914 3723 4985 μέλλοντα,

2144 4999 2306 5067 ἡμεῖς
2327 4997 2383 5050 δέ
2417 4997 2493 5068 μὴ
2530 4995 2851 5066 βουλώμεθα
2884 4996 3106 5069 θαρρεῖν
3139 4997 3388 5060 ἐκείνοις,
3436 4998 3574 5051 ἀλλά
3613 5001 3726 5062 τοῖς

2145 5079 2412 5152 παροῦσιν
2446 5073 2596 5150 ὦμεν
2641 5079 3078 5151 προσηλωμένοι,
3111 5083 3261 5134 ποῖον
3293 5080 3479 5152 ἕτερον
3527 5082 3726 5153 δεῖγμα

2143 5163 2405 5226 ἀπιστίας
2443 5163 2626 5216 λοιπόν
2669 5180 2756 5226 τις
2804 5164 3177 5236 ἐπιζητήσειε,
3231 5165 3338 5218 τῶν
3383 5167 3726 5236 πραγμάτων

2145 5247 2325 5300 αὐτῶν
2349 5245 2614 5317 λαμπρὰν
2639 5245 2911 5316 ἀφιέντων
2941 5250 3164 5319 φωνήν;
3198 5248 3308 5302 Καὶ
3339 5249 3524 5311 πάλιν,
3558 5248 3724 5302 αὐτοῦ

2145 5329 2459 5393 κελεύοντος
2495 5331 2663 5401 μηδὲν
2706 5329 2890 5400 ζητεῖν
2935 5333 3065 5402 παρ’
3095 5331 3259 5385 αὐτοῦ
3295 5333 3404 5386 τῶν
3446 5335 3728 5404 ἐπικήρων

2143 5412 2345 5465 τούτων
2390 5413 2486 5466 καὶ
2536 5412 2825 5482 βιωτικῶν,
2872 5415 2988 5467 ἀλλ’
3029 5415 3253 5469 ἐκείνων
3295 5416 3516 5486 μᾶλλον,
3561 5420 3728 5487 ἡμεῖς

2143 5495 2241 5550 ἀπ’
2276 5496 2528 5558 ἐναντίας
2550 5495 2701 5567 αὐτῷ
2729 5497 3039 5567 ἐρχόμενοι,
3067 5499 3214 5570 ἅπερ
3249 5497 3370 5552 εἰπε
3402 5499 3478 5571 μὴ
3518 5499 3726 5570 ζητεῖν,

2145 5581 2330 5632 ἐκεῖνα
2359 5578 2656 5649 ζητοῦμεν,
2708 5581 2801 5632 καὶ
2847 5580 2992 5651 ἀπερ
3017 5575 3140 5633 εἷπε
3166 5582 3371 5651 ζητεῖν,
3425 5584 3610 5648 ἐκεῖνα
3663 5584 3728 5635 οὐ

2150 5661 2440 5732 ζητοῦμεν.
2475 5661 2585 5715 Καὶ
2617 5661 2788 5715 ταῦτα
2817 5661 3302 5734 διαπραττόμενοι,
3333 5667 3427 5720 καὶ
3454 5664 3599 5718 οὕτω
3630 5667 3730 5735 ῥει.

2150 5745 2337 5823 θύμως
2379 5743 2453 5798 τὰ
2499 5744 2619 5798 καθ’
2658 5745 2882 5809 ἑαυτοὺς
2928 5745 3276 5814 διοικοῦντες,
3322 5749 3418 5800 καὶ
3456 5739 3727 5818 παροργί-

2149 5828 2330 5893 ζοντες
2370 5827 2463 5879 τὸν
2509 5829 2712 5898 ἥμερον
2748 5828 2840 5880 καὶ
2888 5829 3134 5899 προσηνῆ
3190 5831 3485 5900 Δεσπότην,
3533 5829 3724 5896 ὥσπερ

2151 5909 2530 5982 ἐπιλαθόμενοι
2558 5911 2665 5968 τῶν
2691 5909 2818 5982 παρ’
2861 5911 3018 5985 ἡμῶν
3039 5915 3379 5988 γινομένων,
3410 5915 3508 5984 τὴν
3539 5912 3721 5967 αἰτίαν
