4038 6358
262 347 379 401 477

261 473 450 523 ctum,
482 468 538 515 et
574 458 844 530 quomodo
871 466 992 529 post
1018 457 1140 514 illas
1177 459 1561 529 promi‘ssiones
1589 457 1729 529 apud
1759 457 1863 512 La-

264 554 379 609 ban
420 553 602 620 viginti
647 552 804 607 annis
851 552 1125 608 laboribus
1166 551 1423 617 afflictus,
1456 567 1562 607 non
1608 551 1864 622 gravatim

261 647 425 711 tulit,
454 661 559 699 non
605 646 819 714 segnior
861 644 958 699 fuit
1000 654 1106 699 tam
1147 645 1397 699 diuturno
1446 654 1723 714 tempore;
1768 643 1864 698 sed

259 737 453 791 omnia
504 735 714 791 fortiter
760 735 1043 801 sustinuit,
1086 744 1400 804 exspectans
1450 735 1863 805 promissionum

264 839 487 899 tempus
514 871 529 893 ,
562 837 616 883 et
639 829 815 883 sciens
844 843 947 882 non
974 842 1133 897 posse
1159 827 1476 883 intercidere
1516 843 1636 897 quae
1676 842 1707 880 a
1750 827 1864 881 Deo

263 923 413 976 dicta
444 932 568 975 sunt
599 939 612 975 :
643 921 874 975 maxime
903 921 947 974 si
974 930 1029 976 et
1071 935 1168 975 nos
1204 921 1394 976 afferre
1434 930 1615 974 nostra
1649 919 1863 974 studea-

262 1028 413 1076 nius,
445 1012 601 1066 fidem
627 1021 681 1067 et
709 1013 1038 1080 patientiam,
1060 1020 1116 1067 et
1143 1013 1213 1065 ita
1241 1012 1378 1067 bene
1402 1011 1629 1065 ﬁdamus
1655 1011 1718 1065 iis
1743 1026 1862 1080 quae

261 1120 297 1156 a
328 1105 560 1158 Domino
578 1096 842 1173 promissa
888 1112 1052 1169 sunt,
1085 1113 1243 1173 atque
1288 1104 1334 1157 si
1375 1102 1485 1171 jam
1530 1102 1744 1172 impleta
1772 1116 1861 1156 es-

261 1204 411 1250 sent.
439 1196 565 1251 Haec
592 1196 735 1250 enim
768 1209 892 1249 vera
919 1194 1052 1249 ﬁdes
1087 1204 1203 1260 est,
1226 1210 1331 1248 non
1358 1194 1633 1249 attendere
1658 1209 1719 1247 ea
1740 1208 1862 1262 quae

262 1288 554 1354 videntur,
586 1289 745 1343 etiam
772 1288 817 1342 si
846 1288 1065 1342 omnino
1099 1288 1207 1343 sint
1235 1288 1454 1342 adversa
1486 1287 1858 1358 promissioni,

262 1381 511 1435 scdsoli
557 1382 914 1450 promittentis
958 1382 1209 1449 potentiae
1258 1380 1545 1435 conﬁdere.
1579 1380 1694 1434 Jam
1735 1394 1862 1435 vero

263 1474 547 1529 videamus
568 1474 698 1543 justi
726 1475 883 1544 hujus
911 1484 1116 1545 gratum
1156 1474 1415 1527 animum.
1444 1475 1530 1527 16.
1561 1472 1628 1526 Ει
1655 1473 1860 1543 evigila-

266 1566 357 1630 vit,
395 1566 580 1635 inquit,
607 1564 765 1619 Jacob
792 1566 855 1619 de
888 1582 1064 1620 somno
1090 1582 1202 1628 suo,
1233 1575 1277 1617 et
1307 1566 1433 1618 dixit
1461 1580 1478 1618 :
1507 1564 1753 1619 Dominus
1788 1574 1862 1618 est

266 1661 322 1712 in
374 1661 485 1712 loco
529 1660 656 1724 isto,
688 1676 777 1729 ego
818 1669 986 1711 autem
1032 1660 1327 1713 nesciebam.
1353 1660 1439 1712 17.
1470 1658 1535 1711 Et
1586 1659 1783 1719 timuit,
1816 1666 1862 1710 et

268 1751 403 1803 dixit
430 1766 447 1803 :
469 1750 630 1815 Quam
659 1750 893 1804 terribilis
916 1759 987 1804 est
1018 1750 1157 1803 locus
1180 1749 1305 1803 iste!
1336 1748 1457 1802 Non
1483 1759 1555 1802 est
1585 1749 1679 1802 hoc
1698 1748 1858 1814 aliud,

268 1859 425 1911 quant
473 1842 650 1895 domus
689 1840 785 1894 Dei
815 1857 834 1895 :
863 1852 908 1895 et
933 1841 1038 1895 hazc
1075 1852 1148 1895 est
1180 1852 1324 1911 porta
1368 1841 1499 1895 cwli.
1539 1843 1862 1911 Stupesceus

270 1933 445 2002 justus
487 1942 702 2002 propter
741 1947 987 2002 magnam
1029 1932 1451 2003 misericordiam
1492 1933 1615 1999 Dei,
1652 1933 1859 1997 timuit,

271 2024 465 2093 inquit,
489 2033 543 2078 et
569 2023 701 2078 dixit
727 2041 741 2076 :
769 2022 887 2077 Non
918 2033 990 2077 est
1019 2025 1113 2077 hoc
1139 2025 1236 2077 nisi
1256 2024 1434 2079 domus
1457 2022 1570 2091 Dei,
1602 2033 1647 2077 et
1674 2025 1771 2077 ista
1791 2033 1864 2078 est

272 2124 422 2183 porta
456 2115 585 2168 caeli.
626 2114 724 2168 Hic
753 2114 901 2168 locus
927 2114 1057 2169 mihi
1095 2113 1316 2186 posthac
1347 2128 1441 2184 pro
1467 2114 1626 2169 domo
1653 2116 1746 2169 Dei
1776 2131 1863 2169 re-

272 2206 562 2274 putabitur.
586 2205 757 2260 Tanta
781 2205 938 2276 igitur
962 2206 1167 2261 visione
1189 2205 1380 2276 dignus
1407 2206 1636 2271 habitus,
1664 2214 1717 2261 et
1741 2221 1861 2261 cum

272 2300 445 2366 ipsam
472 2339 487 2364 ,
514 2309 586 2352 ut
607 2298 679 2353 ita
708 2298 905 2365 dicam,
938 2298 1089 2369 quasi
1117 2298 1233 2353 caeli
1261 2308 1465 2367 portam
1493 2299 1714 2352 viderim
1736 2339 1751 2363 ,
1782 2298 1865 2367 ju-

271 2398 417 2442 stum
450 2388 624 2453 fuerit,
659 2398 718 2445 ut
745 2390 978 2445 debitam
1021 2388 1109 2444 hic
1146 2389 1435 2458 gratiarum
1466 2390 1731 2443 actionem
1764 2389 1866 2443 Do-

271 2483 423 2537 mino
465 2482 685 2536 reddam
734 2491 789 2537 et
829 2481 1069 2537 offeram.
1103 2481 1190 2537 18.
1226 2481 1293 2535 Et
1342 2482 1559 2534 surrexit
1600 2480 1780 2544 Jacob,
1819 2489 1866 2533 et

274 2574 468 2643 accepit
504 2574 724 2642 lapidem
753 2590 900 2641 quem
928 2582 1162 2644 posuerat
1191 2574 1258 2625 ad
1294 2580 1446 2642 caput
1478 2587 1659 2637 suum,
1689 2580 1735 2624 et
1760 2578 1866 2622 sta-

273 2669 370 2721 tuit
395 2684 508 2722 eum
534 2667 587 2721 in
611 2668 915 2733 columnam,
944 2676 992 2720 et
1020 2666 1208 2738 infudit
1244 2666 1411 2720 oleum
1439 2682 1592 2733 super
1614 2680 1867 2719 summum

274 2765 407 2825 eius.
453 2761 541 2817 19.
572 2761 639 2815 Et
684 2762 875 2816 vocavit
912 2760 1073 2814 Jacob
1102 2776 1283 2814 nomen
1328 2759 1424 2812 loci
1465 2758 1603 2811 illius
1626 2798 1641 2823 ,
1676 2756 1867 2809 Domus

277 2853 393 2908 Dei.
416 2854 571 2907 Aliud
606 2855 738 2907 enim
766 2862 872 2906 erat
896 2869 1074 2906 nomen
1117 2852 1226 2905 loco
1259 2860 1428 2905 antea.
1460 2850 1743 2917 Postquam
1769 2862 1865 2901 au-

277 2957 389 3001 tem
418 2962 515 3016 per
545 2947 804 3001 visionem
832 2957 935 3000 tam
970 2960 1159 3015 magna
1187 2952 1547 3014 consequutus
1576 2943 1691 3005 fuit,
1714 2956 1871 2995 voca-

277 3039 407 3092 bulo
434 3038 743 3092 memoriam
770 3037 888 3091 loco
919 3037 1210 3092 inscribere
1231 3036 1361 3099 vult,
1387 3036 1719 3105 posterisque
1745 3048 1867 3087 eum

277 3130 459 3185 facere
487 3131 777 3196 celebrem,
811 3129 983 3200 lapide
1008 3144 1105 3199 pro
1126 3129 1372 3184 columna
1399 3136 1601 3194 erecto,
1627 3126 1871 3196 superfu-

277 3236 447 3290 soque
482 3221 602 3276 oleo
632 3220 941 3291 (verisimile
966 3221 1108 3275 enim
1153 3229 1235 3274 est
1255 3218 1395 3290 quod
1424 3217 1552 3272 illud
1582 3218 1750 3272 solum
1788 3232 1874 3271 se-

262 3318 399 3367 cum
462 3313 670 3381 tulerit,
724 3322 907 3382 utpote
983 3313 1083 3366 iter
1148 3310 1433 3380 faciens),
1478 3318 1661 3364 votum
1717 3307 1872 3363 olfert

277 3404 511 3472 benigno
542 3404 672 3470 Deo,
702 3404 847 3457 omni
876 3404 1090 3473 plenum
1120 3402 1473 3471 philosophia.

354 3497 406 3549 5.
447 3494 515 3548 Et
564 3495 609 3548 si
649 3494 840 3559 vultis,
871 3495 1031 3548 etiam
1081 3494 1191 3560 ipsa
1234 3494 1512 3547 audiamus
1553 3492 1735 3547 verba.
1776 3490 1867 3545 ΞΟ.

292 3586 440 3640 Vovit
460 3588 590 3640 enim
616 3596 807 3651 votum,
830 3587 999 3639 dicens
1022 3602 1039 3639 :
1069 3586 1128 3639 Si
1156 3586 1305 3656 fuerit
1332 3584 1580 3637 Dominus
1606 3583 1744 3636 Deus
1769 3599 1873 3634 me-

280 3696 419 3742 cum,
450 3688 496 3733 et
516 3679 804 3732 custodierit
825 3695 903 3731 me
918 3678 971 3731 in
990 3678 1070 3731 via
1096 3678 1208 3743 hac,
1233 3692 1333 3746 qua
1357 3692 1448 3746 ego
1477 3675 1697 3729 ambulo.
1724 3674 1872 3741 Quo-

280 3771 428 3825 niam
465 3770 707 3837 dixerat,
740 3770 852 3841 Ego
880 3779 1042 3824 tecum
1069 3786 1210 3836 sum,
1240 3778 1287 3822 et
1316 3768 1597 3822 custodiam
1631 3776 1677 3819 te
1715 3767 1768 3819 in
1791 3765 1874 3819 via

283 3864 378 3917 hac
407 3880 505 3934 qua
545 3864 772 3916 ambulas
802 3879 821 3917 :
848 3870 1063 3933 prapter
1106 3861 1210 3916 hoc
1250 3870 1304 3916 et
1344 3862 1457 3930 ipse
1490 3859 1619 3914 dicit
1651 3876 1664 3913 :
1696 3858 1750 3914 Si
1780 3858 1871 3913 illa

281 3954 417 4007 mihi
461 3954 739 4018 eveniant,
768 3969 888 4021 qua:
925 3954 1132 4007 scilicet
1172 3960 1227 4007 te
1275 3952 1517 4005 daturum
1560 3946 1871 4016 promisisti.

280 4036 487 4090 Deinde
516 4044 569 4088 et
601 4034 914 4101 petitionem
945 4032 1123 4094 affert,
1164 4030 1348 4084 dicens
1375 4045 1389 4080 :
1415 4028 1477 4082 Si
1506 4026 1703 4081 dederit
1744 4024 1873 4079 mihi

280 4128 537 4181 Dominus
563 4141 748 4196 panem
770 4125 839 4176 ad
861 4122 1300 4184 manducandum,
1320 4130 1366 4174 et
1395 4128 1576 4173 vestem
1607 4120 1675 4173 ad
1705 4129 1873 4191 tegen-

280 4219 425 4271 dum.
454 4215 570 4270 Non
597 4216 730 4270 divit
750 4230 832 4283 as,
860 4230 965 4270 non
997 4210 1377 4268 abundantiam
1421 4210 1709 4280 quamdam
1740 4210 1874 4279 peti-

280 4310 386 4375 vit;
421 4311 513 4364 sed
548 4325 735 4379 panem
768 4318 824 4364 et
864 4316 1071 4363 vestem
1100 4315 1188 4360 :et
1221 4306 1356 4359 hanc
1387 4306 1453 4357 ad
1482 4302 1872 4373 contegendum

279 4418 503 4471 corpus,
530 4402 676 4455 illum
699 4416 827 4456 vero
852 4400 903 4454 in
930 4398 1295 4454 necessarium
1321 4396 1654 4450 alimentum.
1684 4396 1872 4449 Consi-

279 4494 412 4547 dera
443 4492 712 4561 quomodo
758 4493 915 4546 nobis
957 4492 1310 4560 apostolicum
1342 4488 1708 4548 characterem
1738 4488 1873 4556 peti-

281 4589 432 4643 tione
471 4601 565 4641 sua
597 4585 956 4655 signiﬁcavit:
992 4593 1140 4639 tanto
1177 4583 1453 4651 sapientiae
1480 4580 1658 4635 studio
1687 4580 1874 4648 plenus

280 4692 402 4736 erat
426 4679 561 4749 justi
586 4679 820 4735 animus.
844 4677 977 4733 Nam
1003 4677 1057 4733 id
1085 4676 1230 4747 quod
1256 4675 1502 4731 Christus
1531 4672 1765 4739 dicebat,
1792 4670 1876 4725 Ne

281 4776 589 4843 possidentis
638 4790 852 4835 aurum,
901 4772 980 4826 vel
1029 4782 1331 4841 argentum,
1382 4770 1461 4824 vel
1506 4769 1638 4822 duas
1677 4768 1876 4820 tunicas

282 4867 504 4940 (Matth.
538 4866 627 4922 10.
658 4866 716 4936 9)
743 4883 757 4919 :
783 4865 887 4921 hoc
913 4865 1016 4920 iste
1049 4864 1286 4919 nondum
1311 4878 1341 4918 a
1370 4876 1638 4932 quoquam
1663 4859 1877 4925 doctus,

282 4962 379 5015 sed
411 4974 441 5014 a
470 4960 673 5029 seipso,
695 4968 750 5013 et
777 4957 846 5013 ab
875 4956 1040 5012 insito
1062 4964 1265 5010 natura:
1292 4964 1489 5009 nostra:
1521 4953 1777 5021 magistro
1798 4950 1879 5005 di-

284 5054 438 5115 dicit,
458 5064 510 5107 et
532 5050 739 5121 optavit
758 5064 788 5104 a
808 5049 1037 5104 Domino
1057 5062 1154 5103 suo
1174 5047 1401 5114 praeberi
1427 5060 1615 5115 panem
1641 5045 1709 5099 ad
1731 5057 1880 5098 com-

285 5146 592 5210 edendum,
641 5156 695 5199 et
728 5153 949 5198 vestem
998 5141 1066 5196 ad
1108 5141 1413 5211 tegendum.
1472 5140 1529 5195 Si
1584 5139 1699 5193 haec
1747 5138 1878 5191 mihi

285 5236 510 5301 fuerint,
542 5235 735 5303 inquit,
765 5234 818 5288 in
855 5243 997 5288 terra
1045 5231 1241 5295 aliena,
1274 5228 1363 5283 2|.
1403 5228 1472 5282 Et
1510 5229 1775 5283 reduxerit
1801 5244 1879 5282 me

289 5327 547 5381 Dominus
572 5327 769 5380 salvum
797 5326 850 5378 in
870 5326 1078 5378 domum
1101 5322 1262 5394 patris
1285 5322 1406 5388 mei,
1431 5322 1572 5376 sicut
1599 5320 1879 5390 promisit:

286 5421 384 5474 erit
420 5418 672 5472 Dominus
720 5417 844 5471 mihi
877 5417 932 5470 in
975 5414 1178 5481 Deum,
1209 5412 1297 5467 22.
1330 5421 1381 5467 et
1428 5412 1563 5483 lapis
1600 5414 1693 5466 iste
1734 5428 1885 5481 quem

288 5511 427 5564 erexi
463 5512 519 5563 in
561 5511 874 5575 columnam,
906 5509 1001 5562 erit
1044 5506 1169 5560 mihi
1200 5506 1381 5559 domus
1415 5503 1508 5557 Dei
1532 5519 1548 5557 :
1571 5512 1620 5558 et
1653 5504 1881 5558 omnium

289 5618 403 5668 quae
426 5602 551 5656 mihi
573 5602 796 5670 dederis,
818 5601 1040 5655 decimas
1061 5600 1154 5655 tibi
1180 5598 1415 5667 offeram.
1443 5597 1579 5652 Vide
1602 5597 1731 5666 justi
1758 5612 1880 5667 pro-

290 5695 419 5750 bum
446 5695 720 5751 affectum.
759 5693 979 5750 Petebat
1006 5692 1241 5763 quidem,
1280 5700 1337 5746 at
1381 5690 1515 5746 nihil
1557 5692 1878 5761 pretiosum,

295 5783 394 5841 sed
412 5800 610 5860 panem
628 5802 683 5852 et
704 5796 910 5848 vestem
944 5801 961 5854 ;
993 5785 1338 5857 promittebat
1366 5793 1545 5841 autem
1575 5793 1631 5839 et
1652 5797 1748 5841 sua
1780 5783 1882 5839 Do-

1315 340 1381 399 lN
1418 340 1572 399 CAP.
1604 337 1844 397 XXVIII.
1878 337 2121 397 GENES.
2162 340 2392 399 HOMlL.
2433 344 2569 402 LIV.

3460 356 3565 413 ‘78

1980 458 2146 527 mino,
2168 474 2365 530 gnarus
2404 478 2563 533 quam
2607 472 2776 521 certet
2814 466 3153 535 muneribus,
3181 477 3236 524 et
3260 485 3418 541 quam
3465 492 3564 531 uo-

1973 560 2113 607 stras
2151 555 2501 624 cogitationes
2543 558 2889 621 rctribucndo
2921 564 3297 630 transcendat,
3341 565 3561 636 aitque:

1973 641 2040 697 Et
2061 647 2361 701 columnam
2388 649 2522 705 hanc
2547 651 2600 705 in
2623 651 2837 707 domum
2859 653 2956 708 Dei
2979 655 3205 721 habebo,
3232 669 3287 712 et
3316 662 3555 715 omnium

1971 749 2090 802 quae
2116 737 2245 791 mihi
2270 753 2300 792 a
2328 745 2380 793 te
2408 742 2885 809 suppeditabuntur
2911 744 3145 799 decimas
3184 747 3342 804 dabo.
3372 751 3560 806 Vidisti

1970 834 2203 880 mentem
2246 829 2386 898 piam
2415 846 2477 886 ac
2508 832 2807 901 religiosam
2835 834 3020 890 ?Nihil
3046 837 3222 893 adhuc
3244 852 3524 911 acceperat
3548 883 3567 912 ,

1968 925 2023 970 et
2049 918 2294 985 promisit
2327 935 2388 975 se
2414 921 2525 977 Deo
2553 922 2790 980 decimas
2820 941 3005 981 eorum
3031 944 3149 999 qua:
3177 930 3278 987 sibi
3315 932 3561 989 donanda

1967 1016 2120 1063 erant
2148 1009 2469 1066 oblaturum.

2040 1097 2258 1155 Moralis
2306 1104 2554 1174 epilogus.
2585 1134 2657 1145 —-
2694 1105 2773 1162 Ne
2803 1108 3150 1178 simpliciter,
3175 1112 3387 1179 dilecti,
3420 1130 3559 1182 prte-

1968 1196 2237 1245 tereamus
2263 1207 2381 1261 qua:
2407 1194 2544 1248 dicta
2572 1206 2714 1259 sunt,
2740 1197 2834 1251 sed
2864 1199 3177 1254 temulemur
3201 1218 3388 1258 omnes
3415 1205 3556 1260 hunc

1964 1279 2165 1349 justum
2199 1299 2212 1335 :
2247 1293 2302 1339 et
2323 1300 2419 1338 nos
2446 1288 2532 1356 qui
2560 1288 2611 1340 in
2635 1289 2822 1357 gratia,
2846 1305 2967 1343 eum
2995 1291 3084 1360 qui
3111 1302 3235 1346 ante
3265 1292 3433 1363 legem
3465 1311 3479 1346 :
3508 1306 3563 1350 et

1968 1373 2101 1427 nihil
2144 1378 2433 1445 temporale
2460 1389 2703 1446 petamus
2746 1396 2773 1432 a
2820 1382 3065 1436 Domino.
3089 1382 3272 1453 Neque
3295 1387 3435 1439 enim
3458 1404 3555 1440 cx—

1972 1474 2178 1532 Spectat
2207 1466 2379 1522 donec
2411 1484 2439 1521 a
2468 1470 2621 1524 nobis
2641 1471 3010 1539 admoneatur,
3042 1474 3137 1528 sed
3164 1486 3218 1529 et
3244 1491 3348 1530 non
3373 1489 3557 1546 peten-

1969 1555 2107 1609 tibus
2146 1558 2299 1612 nobis
2340 1558 2561 1628 largitur
2590 1576 2649 1615 ea
2687 1577 2805 1631 qum
2829 1563 2895 1616 ad
2925 1578 3079 1618 usum
3111 1567 3395 1634 pertinent.
3422 1567 3559 1621 Oriri

1965 1647 2108 1701 enim
2134 1649 2255 1716 facit
2284 1651 2439 1704 solem
2462 1668 2614 1721 super
2643 1654 2803 1706 malos
2827 1664 2871 1707 et
2892 1654 3065 1720 bonos,
3090 1665 3135 1708 et
3162 1657 3290 1725 pluit
3308 1674 3457 1727 super
3472 1660 3569 1728 jn-

1965 1749 2068 1794 stos
2094 1750 2140 1794 et
2179 1744 2393 1812 injustas
2421 1745 2438 1814 (
2468 1744 2649 1797 Matth.
2679 1747 2732 1799 5.
2757 1747 2872 1815 45).
2902 1747 2968 1800 Et
2992 1747 3271 1803 credamus
3301 1750 3349 1803 ei
3376 1750 3562 1803 admo-

1968 1832 2133 1893 nenti,
2163 1842 2217 1886 et
2237 1833 2431 1889 dicenti
2462 1853 2474 1888 :
2509 1834 2728 1899 Otum-ite
2758 1838 2973 1904 primum
2998 1854 3207 1906 regnum
3235 1838 3348 1905 Dei,
3380 1851 3425 1893 et
3454 1842 3562 1894 hate

1967 1924 2135 1975 omnia
2179 1935 2495 1993 apponentur
2541 1927 2680 1979 vobis
2711 1927 2917 1996 (Matth.
2951 1928 3003 1982 6.
3033 1930 3147 1998 5'5).
3184 1929 3344 1985 Vides
3388 1932 3562 1999 ipsum

1970 2013 2122 2068 nobis
2152 2015 2312 2068 etiam
2361 2016 2449 2069 illa
2484 2016 2535 2069 iu
2568 2017 2765 2071 donum
2801 2021 3218 2089 prmparavisse,
3258 2030 3311 2074 et
3350 2021 3464 2075 inec
3508 2024 3560 2075 iu

1970 2104 2101 2159 lucri
2149 2114 2202 2159 et
2247 2108 2466 2161 auctarii
2514 2117 2663 2177 parte
2707 2109 2953 2166 daturum
2998 2126 3056 2164 se
3088 2112 3439 2181 promittere?
3483 2113 3560 2167 Ne

1969 2196 2127 2265 igitur
2169 2212 2230 2251 ea
2270 2214 2387 2266 quae
2421 2210 2685 2267 tamquam
2728 2201 2950 2254 auctarii
2983 2202 3099 2255 loco
3127 2213 3439 2272 accepturus
3465 2220 3559 2269 es,

1969 2291 2119 2360 quasi
2174 2293 2422 2360 primaria
2475 2302 2596 2362 pete
2629 2311 2640 2345 :
2674 2310 2741 2348 ne
2787 2294 3114 2349 invertamus
3150 2296 3422 2359 ordinem,
3463 2299 3557 2351 scd

1968 2398 2270 2452 qumramus
2297 2385 2383 2438 illa
2412 2386 2547 2439 sicut
2574 2386 2844 2455 prmcepit,
2874 2396 2932 2439 ut
2960 2395 3013 2440 et
3040 2387 3121 2439 his
3150 2395 3204 2441 et
3230 2387 3337 2441 illis
3362 2387 3465 2441 frui
3498 2389 3561 2440 li-

1970 2482 2107 2526 ceat.
2136 2475 2210 2528 Ea
2240 2475 2381 2528 enim
2411 2475 2477 2530 de
2510 2490 2667 2530 causa
2698 2475 2750 2529 in
2779 2477 3034 2531 orationis
3062 2486 3260 2531 nostrae
3291 2478 3466 2533 verbis
3494 2479 3561 2532 li-

1970 2565 2126 2618 mites
2151 2575 2205 2618 et
2234 2566 2442 2633 regulas
2466 2566 2616 2619 nobis
2646 2567 2902 2621 Dominus
2929 2568 3270 2636 prmscripsit,
3298 2576 3560 2636 quatenus

1971 2656 2198 2725 petenda
2230 2657 2334 2709 sint
2363 2657 2690 2725 temporalia.
2724 2658 2897 2712 Verba
2938 2659 3024 2712 illa
3048 2659 3198 2728 jubet
3237 2675 3336 2714 nos
3359 2660 3561 2726 dicere,

1972 2760 2090 2815 qua:
2121 2746 2266 2799 omni
2300 2746 2634 2816 pliiloSOphia
2664 2749 2679 2778 ¹
2710 2756 2832 2801 sunt
2855 2747 3073 2814 referta,
3098 2747 3294 2802 Panem
3332 2761 3561 2804 nostrum

1971 2838 2322 2906 quotidianum
2353 2840 2419 2891 da
2459 2840 2600 2893 nobis
2628 2840 2775 2894 hodie
2806 2841 2823 2912 (
2850 2840 3036 2894 Matth.
3064 2842 3115 2896 6.
3151 2842 3278 2910 ll):
3309 2843 3414 2897 dici
3457 2845 3558 2897 ali-

1972 2939 2209 2983 mentum
2237 2973 2250 2995 ,
2281 2930 2451 2998 inquit
2478 2947 2492 2983 :
2526 2931 2575 2984 id
2608 2933 2748 2999 quod
2792 2932 2968 3001 justus
3015 2932 3112 2985 iste
3133 2974 3147 2997 ,
3180 2934 3387 2987 tametsi
3430 2934 3561 2989 nihil

1974 3019 2161 3074 borum
2190 3021 2450 3085 audierat,
2480 3030 2725 3090 precatus
2751 3031 2853 3087 est,
2873 3021 3054 3075 dicens
3084 3038 3097 3075 :
3132 3022 3194 3076 Si
3219 3022 3411 3076 dederit
3435 3024 3560 3076 milii

1976 3111 2225 3166 Dominus
2264 3129 2443 3179 panem
2471 3114 2538 3165 ad
2575 3113 2953 3181 comedendum,
2993 3122 3041 3166 et
3077 3124 3256 3167 vestem
3293 3115 3360 3166 ad
3396 3122 3567 3183 tegen-

1974 3203 2116 3258 dum.
2144 3204 2220 3258 Ne
2264 3205 2422 3274 igitur
2454 3205 2745 3274 temporale
2788 3205 2984 3274 aliquid
3028 3206 3166 3260 aliud
3208 3207 3275 3261 ab
3314 3222 3380 3261 eo
3417 3221 3565 3277 peta-

1975 3311 2114 3350 mus.
2140 3296 2417 3366 lndignum
2446 3297 2587 3351 enim
2611 3298 2763 3353 valde
2789 3307 2891 3362 est,
2910 3313 2940 3352 a
2971 3309 3077 3353 tam
3102 3299 3308 3354 liberali
3334 3308 3388 3354 et
3417 3310 3561 3355 tanta

1974 3387 2169 3441 virtute
2217 3389 2486 3456 praestanti
2528 3388 2829 3458 hujusmodi
2872 3400 3085 3458 petere,
3126 3405 3245 3459 qua:
3273 3405 3393 3445 cum
3425 3407 3567 3460 pra:-

1975 3476 2115 3531 senti
2138 3478 2243 3531 vita
2280 3477 2660 3542 dissolvuntur,
2693 3488 2746 3533 et
2788 3494 3032 3549 magnam
3068 3479 3483 3534 vicissitudinem
3509 3492 3564 3535 et

1974 3571 2321 3627 mutationem
2344 3571 2689 3640 experiuntur
2711 3588 2724 3625 :
2756 3571 2806 3625 id
2828 3587 2994 3641 genus
3015 3572 3156 3626 enim
3178 3581 3302 3626 sunt
3328 3572 3561 3627 humana

1976 3663 2176 3728 omnia,
2207 3663 2320 3717 sive
2347 3663 2561 3717 divitias
2588 3664 2806 3728 dixeris,
2839 3666 2951 3719 sive
2971 3665 3286 3734 potentiam,
3316 3665 3427 3719 sive
3460 3665 3563 3719 hu-

1976 3769 2187 3808 manam
2209 3755 2429 3825 gloriam
2464 3772 2476 3808 :
2508 3755 2602 3809 sed
2627 3765 2869 3824 petamus
2896 3770 3109 3825 semper
3135 3758 3420 3821 manentia,
3451 3760 3563 3812 suf-

1977 3849 2245 3916 ﬁcientia,
2296 3850 2677 3906 vicissitudinis
2720 3851 2919 3907 nescia.
2971 3852 3037 3905 Et
3080 3852 3307 3905 scientes
3356 3852 3567 3907 Domini

1976 3943 2145 3998 nostri
2202 3943 2491 3998 bonitatem
2517 3984 2531 4008 ,
2574 3943 2724 3997 nihili
2768 3943 3062 4012 pendamus
3105 3944 3425 4012 prmsentia,
3474 3945 3571 3999 sed

1978 4049 2139 4090 omne
2192 4043 2429 4090 nostrum
2492 4036 2724 4091 studium
2788 4037 2841 4090 in
2900 4035 3189 4091 caelestium
3243 4035 3566 4090 desiderium

1976 4127 2383 4183 transferamus.
2414 4129 2545 4184 Nam
2601 4130 2646 4185 si
2694 4129 2868 4184 Solem
2902 4145 3051 4183 suum
3090 4130 3214 4183 oriri
3254 4129 3378 4198 facit
3414 4146 3567 4198 super

1977 4224 2138 4277 malos
2175 4233 2222 4277 et
2249 4223 2425 4291 bonos,
2457 4235 2506 4278 et
2536 4224 2663 4294 pluit
2701 4240 2853 4292 super
2868 4224 3036 4293 justas
3072 4231 3119 4275 et
3144 4223 3375 4291 injustas,
3404 4223 3576 4276 multo

1978 4317 2146 4383 magis
2174 4316 2505 4371 abstinentes
2546 4332 2576 4370 a
2616 4316 2837 4379 malitia,
2870 4324 2923 4369 ct
2954 4315 3263 4382 injustitiam
3307 4312 3572 4382 fugientcs

1980 4424 2086 4463 non
2116 4410 2415 4477 despiciet:
2448 4409 2541 4463 sed
2584 4410 2749 4463 multa
2791 4409 2979 4479 dignos
3018 4408 3175 4463 ducet
3211 4408 3573 4476 providentia,

1982 4508 2039 4553 et
2083 4515 2175 4553 sua
2230 4500 2586 4554 sollicitudine
2638 4499 2780 4553 omni
2839 4508 3081 4568 tempore
3142 4499 3463 4568 dignabitur.
3519 4499 3575 4553 Id

1983 4591 2233 4653 scientes,
2264 4591 2461 4653 dilecti,
2490 4606 2557 4645 ne
2592 4590 2851 4645 increduli
2887 4592 3053 4644 simus
3087 4589 3283 4644 divinis
3312 4590 3577 4659 pollicita-

1984 4681 2237 4747 tionibus,
2265 4697 2435 4750 ucque
2461 4682 2726 4736 contraria
2753 4681 2818 4735 iis
2842 4695 2962 4751 qua:
2995 4680 3082 4734 illc
3120 4679 3275 4749 jussit
3296 4680 3571 4734 faciamus.

1986 4770 2274 4825 Enimvero
2304 4781 2559 4841 quantum
2584 4770 2651 4826 ad
2674 4785 2735 4825 ea
2760 4787 2878 4842 qute
2904 4786 3044 4825 nunc
3068 4785 3098 4824 a
3126 4769 3280 4825 nobis
3304 4759 3457 4836 ﬁunt,
3488 4772 3575 4825 ni-

1986 4860 2060 4917 bil
2103 4862 2172 4917 ab
2218 4861 2520 4916 infidelibus
2549 4861 2863 4917 differimus.
2891 4860 3116 4928 Quando
3141 4860 3284 4916 enim
3313 4860 3428 4930 ipse
3453 4862 3575 4931 qui-

1986 4955 2110 5011 dem
2134 4954 2308 5009 futura
2332 4954 2483 5009 nobis
2505 4953 2785 5023 promittit,
2810 4968 2911 5008 nos
2934 4962 3112 5007 autem
3142 4951 3393 5006 nolumus
3418 4952 3585 5007 ﬁdere

1987 5045 2129 5101 illius
2158 5045 2633 5116 ,promissionibus,
2669 5043 2764 5099 sed
2802 5042 3156 5114 praesentibus
3190 5055 3375 5096 sumus
3414 5040 3580 5105 afﬁxi,

1988 5139 2131 5209 quod
2171 5139 2314 5192 aliud
2354 5136 2742 5192 incredulitatis
2773 5135 3026 5190 indicium
3056 5133 3230 5188 adhuc
3257 5132 3575 5201 requiritur,

1991 5230 2153 5284 rebus
2186 5228 2315 5297 ipsis
2347 5237 2452 5282 tam
2482 5228 2627 5282 clara
2658 5241 2789 5282 voce
2814 5224 3228 5279 attestantibus?
3256 5223 3323 5277 Et
3347 5237 3580 5287 rursum,

1992 5320 2206 5375 Christo
2226 5320 2444 5389 jubente
2472 5334 2570 5373 nos
2597 5318 2727 5373 nihil
2750 5333 2781 5371 a
2809 5332 2867 5371 se
2886 5326 3071 5386 petere
3097 5314 3361 5385 fragilium
3388 5311 3580 5367 horum

1994 5421 2049 5468 et
2070 5411 2459 5481 temporalium,
2491 5411 2584 5465 sed
2614 5410 2788 5480 potius
2829 5408 2917 5462 illa
2954 5407 3242 5476 postulare,
3271 5420 3369 5460 nos
3401 5404 3450 5460 ei
3489 5420 3580 5458 re-

1995 5515 2290 5576 pugnantes
2310 5545 2326 5570 ,
2354 5519 2473 5572 qua:
2502 5512 2686 5572 petere
2725 5499 3026 5570 prohibuit,
3050 5498 3139 5552 illa
3164 5495 3456 5567 quaerimus
3485 5512 3499 5547 :
3527 5504 3582 5549 et

1998 5611 2117 5667 quae
2140 5596 2298 5666 jussit
2316 5595 2504 5667 quaeri,
2535 5593 2624 5647 illa
2658 5606 2765 5646 non
2792 5590 3101 5661 quierimus.
3132 5588 3201 5643 Et
3236 5587 3350 5643 haec
3380 5587 3580 5671 facien-

2062 5726 2077 5754 ¹
2124 5718 2209 5768 Sic
2255 5716 2407 5767 Savil.
2444 5720 2496 5763 et
2537 5710 2759 5773 quinque
2803 5705 2918 5773 Mss.
2962 5705 3136 5773 M_o_rel.
3164 5716 3335 5773 _vero,
3380 5706 3586 5773 paterno

1998 5766 2176 5851 affectu
2192 5766 2590 5845 (piloaropyiacj,
2616 5766 2723 5835 pro,
2760 5766 3069 5832 philosophia
3091 5766 3432 5831 (φιλοσοφίας).
