4038 6358
506 380 615 437 €79

504 504 623 558 tes,
650 499 707 545 et
724 497 837 543 tam
864 486 1008 556 pigre
1044 484 1381 554 segniterque
1429 493 1606 537 nostra
1642 478 1997 543 instituentes,
2027 480 2085 532 et

500 580 886 636 esacerbantes
927 577 1105 630 mitem
1153 584 1209 629 et
1255 574 1541 627 humanum
1586 569 1902 633 Dominum,
1932 567 2083 637 quasi

509 672 657 726 obliti
684 679 880 725 eorum
913 682 1030 737 quae
1072 680 1170 720 nos
1206 665 1491 719 fecerimus
1513 703 1528 729 ,
1551 676 1767 717 causam
1797 659 2085 729 quaerimus

502 764 625 832 ejus
652 772 775 831 erga
806 775 902 813 nos
934 757 1338 828 indignationis,
1368 766 1423 811 et
1460 769 1624 826 quare
1671 768 1768 808 nos
1815 767 1959 821 saepe
1985 750 2084 805 de-

511 853 727 921 spiciat,
747 865 876 906 cum
914 850 971 903 in
999 849 1170 903 varias
1205 846 1486 902 incidimus
1519 844 1836 900 tentationes
1862 861 1876 897 :
1898 850 1955 897 et
1979 856 2083 895 non

501 944 801 1014 cogitantes
861 950 1197 1012 peccatorum
1268 947 1569 994 nostrorum
1622 935 2036 1007 magnitudinem
2065 972 2083 1001 ,

505 1037 865 1105 nosmetipsos
903 1034 1043 1088 ultro
1067 1033 1377 1102 decipimus.
1411 1031 1610 1085 Idcirco
1647 1030 1905 1093 obsecro,
1934 1035 1995 1081 ut
2022 1026 2087 1082 iis

504 1127 757 1182 omnibus
800 1126 1059 1195 repulsis,
1106 1122 1235 1177 nihil
1288 1122 1441 1176 saluti
1486 1130 1681 1175 nostrae
1719 1116 2084 1189 prtel‘eramus.

510 1218 649 1284 Quid
673 1218 815 1271 enim
840 1216 1039 1285 prodest
1064 1214 1272 1279 homini,
1299 1215 1343 1266 si
1380 1221 1535 1266 totum
1561 1211 1802 1264 mundum
1831 1210 2048 1262 lucretur
2068 1247 2086 1273 ,

511 1311 696 1362 anich
717 1323 835 1361 vero
860 1323 966 1360 sine
986 1306 1343 1359 detrimentum
1368 1305 1591 1371 patiatur
1623 1301 1831 1371 (Matth.
1848 1300 1934 1355 16.
1952 1299 2043 1369 26)
2065 1299 2089 1353 ?

514 1401 579 1454 Et
606 1411 964 1469 supervacuas
990 1396 1204 1450 divitias
1225 1396 1335 1464 jam
1360 1408 1677 1449 evacucmus
1706 1393 1756 1445 in
1787 1404 2047 1462 pauperes
2068 1430 2086 1456 ,

515 1504 867 1561 magnumque
914 1488 1186 1556 sapientia:
1224 1485 1381 1540 studii
1426 1485 1697 1554 specimen
1742 1483 1799 1537 in
1842 1481 2091 1536 omnibus

513 1582 889 1645 exhiheamus,
912 1594 1101 1633 vanam
1137 1578 1357 1647 gloriam
1385 1575 1737 1644 despicientes
1755 1614 1771 1638 ,
1799 1573 2088 1626 humanum

514 1676 703 1729 fastum
733 1672 1121 1730 conculcantes.
1149 1676 1204 1723 et
1226 1683 1384 1722 omne
1403 1666 1637 1721 caritatis
1661 1664 1894 1719 studium
1922 1662 2011 1718 alii
2037 1664 2089 1717 in

515 1765 649 1818 alios
674 1775 857 1817 mutuo
884 1761 1248 1831 impendentes
1277 1774 1290 1812 :
1322 1767 1379 1813 ut
1402 1765 1458 1813 et
1486 1756 1835 1826 prarsentibus
1860 1765 1914 1809 et
1948 1754 2091 1808 futu-

514 1858 590 1910 ris
633 1855 784 1910 bonis
825 1853 1018 1923 perfrui
1065 1865 1385 1915 mercamur,
1430 1848 1595 1912 gratia
1634 1856 1690 1901 et
1728 1845 2090 1901 misericordia

517 1948 725 2003 Domini
754 1947 917 2000 nostri
948 1944 1076 1999 Jesu
1105 1943 1338 2006 Christi,
1373 1936 1463 1994 cui
1480 1948 1608 1989 cum
1634 1936 1791 1993 Patre
1828 1947 1882 1993 et
1906 1943 2091 1992 sancto

512 2040 711 2110 Spiritu
739 2039 807 2091 sit
835 2036 1020 2107 gloria,
1051 2035 1353 2104 imperium,
1380 2031 1569 2098 honor,
1599 2045 1738 2085 nunc
1764 2037 1817 2084 et
1842 2039 2053 2097 semper
2071 2058 2087 2091 ς

509 2143 567 2186 et
591 2134 642 2185 in
673 2130 864 2185 siccula
892 2126 1228 2180 stt-culorum.
1259 2125 1450 2177 Amen.

1093 2255 1372 2313 IIOMILIA
1411 2252 1519 2310 LV.

514 2371 583 2429 Et
609 2374 735 2426 dixit
764 2372 934 2425 Laban
963 2372 1029 2424 ad
1060 2368 1221 2423 Jacob
1247 2384 1266 2424 :
1296 2367 1545 2435 Quoniam
1577 2344 1737 2437 [ratio
1767 2383 1904 2420 meus
1928 2382 1982 2420 es
2012 2376 2087 2433 tu,

585 2482 683 2520 non
707 2465 887 2518 servies
929 2462 1024 2516 mei
1069 2460 1265 2531 gratis;
1310 2459 1391 2512 dic
1432 2457 1592 2524 mihi,
1636 2472 1749 2529 qua:
1786 2473 1970 2511 merces
1999 2465 2088 2509 tua

591 2559 751 2627 (Gen.
779 2557 870 2612 2-9.
903 2555 1027 2626 l5).

591 2675 643 2730 l.
676 2670 861 2725 Paucis
889 2671 1022 2724 dicta
1047 2670 1155 2723 lteri
1181 2669 1421 2734 resumit;
1449 2667 1803 2736 conﬁdentiam
1827 2667 2008 2722 Jacobi
2034 2669 2087 2723 iit

514 2762 675 2819 Deam
697 2762 964 2830 iii-iudicat.
990 2788 1063 2798 —
1082 2758 1222 2812 Satis
1249 2758 1361 2812 heri
1393 2772 1456 2811 ex
1489 2756 1761 2827 przeludiis
1787 2758 2088 2827 peregrina-

510 2853 670 2905 tionis
709 2852 835 2920 justi
861 2851 1037 2905 edocti
1067 2864 1251 2903 sumus
1289 2858 1482 2919 quanta
1519 2849 1678 2904 fuerit
1704 2849 1819 2919 ejus
1846 2850 2083 2919 philoso-

507 2943 648 3014 phize
678 2941 982 3011 magnitudo
1002 2982 1016 3003 ,
1052 2950 1269 3010 prepter
1295 2955 1449 3009 quam
1481 2955 1693 2994 causam
1728 2949 1922 2993 tantam
1966 2954 2086 3007 pro-

510 3035 821 3088 missionem
851 3050 880 3087 a
911 3033 1019 3086 Deo
1045 3041 1401 3101 consequutus
1430 3040 1531 3086 est.
1566 3033 1757 3086 lterum
1787 3041 1961 3085 autem
1990 3045 2087 3101 per

506 3140 694 3195 preces
736 3134 790 3179 et
827 3134 1049 3189 votum,
1095 3139 1213 3193 qua:
1257 3124 1381 3178 fecit
1428 3124 1791 3179 universorum
1840 3125 2081 3192 Domino,

506 3216 856 3271 sufficientem
886 3215 1184 3269 doctrinam
1218 3214 1367 3269 nobis
1390 3214 1635 3269 omnibus
1657 3215 1820 3278 dedit,
1848 3217 1891 3271 si
1923 3216 2087 3271 velle-

506 3322 626 3361 mus
667 3305 733 3359 ad
782 3304 1085 3358 imitandam
1132 3305 1377 3358 virtutem
1423 3305 1562 3359 illius
1590 3307 1827 3361 excitari.
1875 3307 2083 3362 Etenim

505 3397 858 3451 admiratione
897 3395 1114 3464 dignum
1159 3406 1273 3460 est,
1323 3395 1589 3465 quomodo
1617 3396 1864 3452 virtutem
1910 3398 2085 3454 sciens

505 3487 898 3559 promittentis,
931 3497 985 3541 et
1006 3487 1229 3540 audiens
1272 3486 1682 3556 magnitudinem
1722 3487 1822 3542 sibi
1854 3489 2082 3558 promis-

502 3596 708 3646 sorum,
740 3594 916 3649 neque
955 3579 1033 3633 sic
1058 3593 1306 3649 magnum
1332 3579 1528 3646 aliquid
1557 3589 1611 3633 et
1648 3579 1875 3635 sublime
1904 3591 2084 3649 postu-

504 3672 616 3727 lare
642 3670 982 3726 attentaverit
1010 3687 1025 3724 :
1049 3670 1145 3727 sed
1176 3669 1262 3724 illa
1289 3669 1563 3724 dumtaxat
1592 3668 1759 3739 petiit,
1789 3687 1907 3741 qua:
1933 3672 2084 3727 audi-

501 3762 600 3817 stis
628 3762 740 3816 heri
764 3802 779 3825 ,
813 3776 1004 3830 nempe
1031 3776 1092 3815 ea
1117 3775 1238 3830 quae
1276 3760 1342 3815 ad
1382 3760 1743 3831 quotidianum
1772 3764 2079 3819 alimentum

499 3852 602 3906 sibi
630 3851 876 3906 sufficere
905 3851 1140 3921 possint,
1168 3858 1223 3905 et
1260 3850 1629 3905 vestimentum
1677 3851 1743 3905 ad
1779 3867 1973 3922 corpus
2000 3862 2080 3908 te-

498 3943 730 4013 gendum
764 3960 779 3996 :
810 3950 865 3996 et
893 3942 1179 4012 promittit,
1214 3940 1259 3996 si
1288 3941 1515 3997 reditum
1547 3943 1647 3997 sibi
1687 3943 1740 3998 in
1769 3959 1861 3999 sua
1889 3960 2080 4001 conoe-

500 4034 591 4087 dat
618 4033 777 4095 Deus,
807 4031 947 4086 sicut
972 4032 1072 4086 sibi
1102 4032 1455 4101 promiserat,
1497 4033 1743 4089 daturum
1771 4049 1831 4090 se
1861 4036 1932 4089 illi
1961 4050 2079 4090 om-

501 4125 649 4178 nium
677 4139 797 4193 qua:
838 4124 907 4178 ab
946 4138 1012 4178 co
1040 4123 1263 4192 accipiet
1288 4122 1522 4178 decimas
1551 4140 1565 4179 :
1593 4140 1689 4195 per
1715 4127 1890 4179 omnia
1923 4142 2077 4181 mon-

500 4223 678 4269 strans
703 4213 1011 4283 religionem
1038 4228 1210 4281 suam,
1240 4222 1295 4268 et
1317 4214 1486 4283 ipsum
1510 4215 1818 4270 adscribens
1842 4218 2078 4271 omnium

503 4305 848 4373 largitorem;
894 4304 1155 4373 docetque
1210 4318 1308 4358 nos
1350 4314 1408 4358 ut
1446 4305 1496 4359 ei
1542 4315 1744 4359 tantum
1792 4306 2079 4364 habeamus

499 4396 745 4466 gratiam.
776 4394 1007 4449 Noverat
1033 4397 1173 4449 enim
1211 4394 1385 4465 justus
1429 4395 1745 4451 ineffabilem
1781 4398 1896 4467 ejus
1925 4397 2078 4454 beni-

498 4485 789 4555 gnitatem,
818 4484 921 4539 hoc
946 4486 1253 4554 conjectans
1278 4501 1341 4541 es
1368 4485 1432 4541 iis
1459 4502 1579 4557 quae
1608 4488 1660 4541 in
1689 4498 1892 4558 patrem
1921 4505 2077 4546 suum

501 4575 837 4641 exhibuerat,
858 4584 916 4630 et
941 4576 1143 4631 sciebat
1167 4590 1288 4631 eum
1310 4576 1411 4631 sibi
1432 4592 1675 4647 magnam
1698 4579 2077 4637 abundantiam

498 4680 878 4721 concessurum
908 4680 1029 4721 eSse
1058 4684 1072 4721 :
1104 4678 1158 4721 et
1188 4667 1375 4722 horum
1403 4668 1615 4738 quidem
1648 4670 1759 4739 ipse
1788 4672 1916 4726 nihil
1948 4675 2079 4742 petit

496 4771 529 4810 a
561 4757 784 4811 Domino
805 4798 820 4823 ,
849 4772 1019 4826 neque
1047 4758 1157 4812 vult
1183 4758 1252 4813 de
1292 4759 1355 4814 iis
1382 4761 1588 4828 precari
1612 4802 1627 4824 ,
1658 4763 1750 4817 sed
1777 4778 1897 4818 cum
1926 4766 2077 4821 deci-

498 4862 614 4902 mas
636 4848 871 4901 omnium
896 4847 1139 4902 daturum
1166 4865 1225 4903 se
1245 4849 1542 4917 pollicetur,
1564 4853 1799 4907 ostendit
1820 4866 2076 4925 quantum

501 4938 554 4992 in
583 4939 828 4993 omnibus
855 4940 1154 4994 confidebat
1180 4939 1297 5008 ejus
1323 4943 1569 5010 potentiae
1607 4944 1697 5013 qui
1740 4948 2075 5014 promiserat.

500 5029 785 5098 Propterea
811 5038 865 5084 et
888 5032 1003 5098 ipse
1028 5030 1239 5100 quando
1260 5046 1381 5085 cum
1401 5047 1468 5086 eo
1493 5033 1821 5103 loquebatur,
1844 5036 2073 5105 dicebat,

497 5118 611 5190 Ego
635 5137 749 5175 sum
778 5120 915 5174 Deus
936 5120 1192 5175 Abraham
1219 5132 1266 5175 et
1289 5120 1440 5176 Isaac
1467 5125 1622 5192 patris
1651 5126 1723 5178 tui
1744 5142 1765 5191 ;
1805 5143 1868 5181 ne
1901 5129 2075 5184 timeas

503 5216 524 5283 (
541 5213 665 5267 Gen.
689 5212 778 5268 26.
805 5213 876 5268 24
894 5217 934 5282 ).
964 5213 1144 5285 Cogita
1164 5255 1182 5282 ,
1212 5216 1415 5286 inquit,
1445 5227 1505 5274 et
1544 5221 1895 5289 patriarcham
1924 5226 2075 5294 quasi

501 5305 839 5375 peregrinum
869 5314 925 5359 et
953 5306 1189 5376 ignotum
1221 5307 1271 5360 in
1305 5317 1501 5363 terram
1533 5310 1670 5365 hanc
1698 5311 1995 5379 advenisse,
2022 5324 2077 5370 et

500 5396 552 5449 in
579 5406 777 5450 tantam
801 5399 1008 5451 venisse
1028 5399 1271 5469 gloriam,
1300 5410 1356 5454 ut
1380 5403 1614 5456 omnium
1638 5419 1733 5458 ore
1753 5406 2071 5462 celebretur.

496 5486 685 5556 Cogita
729 5489 855 5543 item
899 5499 954 5544 et
997 5501 1200 5559 patrem
1237 5501 1416 5558 tuum,
1453 5494 1506 5547 in
1535 5504 1773 5549 extrema
1805 5507 2076 5555 senectute

503 5579 638 5645 patri
662 5594 759 5633 suo
784 5589 963 5634 natum
989 5596 1130 5645 esse,
1158 5592 1317 5652 atque
1341 5584 1412 5638 ita
1438 5585 1628 5653 opibus
1649 5598 1860 5640 auctum
1886 5586 2072 5657 fuisse,

501 5676 560 5721 ut
589 5668 880 5727 invidiosus
908 5672 1059 5727 fieret
1101 5673 1381 5744 indigenis.
1426 5676 1625 5730 Eadem
1668 5676 1829 5747 igitur
1868 5688 1921 5733 et
1962 5680 2077 5748 ipse

499 5768 768 5831 exspecta,
812 5777 1131 5835 omnemque
1166 5766 1409 5822 timorem
1451 5775 1507 5822 et
1549 5767 1868 5824 anxietatem
1904 5768 2073 5841 depo-

1181 372 1240 427 S.
1277 368 1554 428 SOANNIS
1579 366 2053 426 CIIRYSOSTOMI
2092 360 2408 423 ARCHIEP.
2447 364 2981 422 CONSTANTINOP.

3658 364 3769 420 430

2190 489 2344 541 nens,
2376 475 2853 545 peregrinationem
2890 474 3001 529 obi.
3032 473 3157 529 lltec
3190 488 3370 529 secum
3396 474 3637 545 cogitans
3667 475 3736 545 jti
3758 504 3772 517 ι

2187 573 2302 621 stus
2322 606 2340 631 ,
2383 579 2489 619 non
2527 564 2596 619 ad
2638 574 2956 636 praesentem
2988 566 3304 636 respiciebat
3330 574 3555 631 statum,
3589 565 3773 635 (nihil

2187 659 2330 713 enim
2372 658 2591 712 omnino
2616 672 2797 713 secum
2839 658 3095 714 afferebat
3132 676 3147 713 :
3186 658 3453 728 quomodo
3492 659 3633 712 enim
3663 674 3773 727 po-

2189 750 2376 805 tuisset
2400 751 2489 819 qui
2517 751 2662 804 solus
2696 758 2810 804 erat
2845 760 2899 805 ct
2925 752 3025 805 iter
3064 749 3239 805 facere
3269 750 3635 820 cogebatur?)
3665 750 3773 805 sed

2184 842 2295 913 jam
2323 842 2444 898 fidei
2474 842 2644 898 oculis
2672 856 2777 897 non
2816 842 2987 896 multo
3029 851 3150 912 post
3194 842 3422 896 futuram
3466 842 3772 910 praevidet...

2189 933 2566 988 abundantiam
2607 946 2759 987 suam
2780 975 2795 998 ,
2826 932 3128 989 declarabat
3163 941 3365 1002 gratam
3394 932 3723 987 voluntatem
3752 950 3771 987 :

2190 1034 2247 1079 et
2269 1024 2359 1094 qui
2387 1023 2517 1078 nihil
2545 1022 2719 1077 adhuc
2760 1033 3059 1093 acceperat,
3100 1030 3295 1090 vovet,
3334 1022 3630 1094 digniorem
3660 1022 3774 1077 fide

2189 1114 2500 1167 existimans
2530 1112 2935 1182 promissionem
2962 1112 3204 1180 Domini,
3229 1127 3388 1183 quam
3418 1127 3597 1168 rerum
3639 1127 3773 1182 pos-

2190 1203 2507 1257 sessionem.
2551 1202 2734 1274 Neque
2757 1204 2900 1259 enim
2939 1205 3008 1258 ita
3039 1203 3201 1259 tidem
3240 1204 3496 1259 debemus
3523 1204 3608 1258 bis
3647 1218 3773 1273 qua

2192 1293 2245 1348 in
2292 1294 2535 1349 manibus
2565 1294 2820 1350 habemus
2849 1304 2905 1350 et
2931 1295 3205 1361 videmus,
3245 1306 3302 1350 ut
3328 1297 3775 1366 promissionibus

2193 1384 2324 1448 Dei,
2371 1385 2578 1439 etiamsi
2625 1400 2730 1441 non
2779 1386 3025 1440 eveniant
3067 1387 3243 1439 statim
3289 1388 3459 1455 primo
3504 1397 3771 1455 tempore.

2192 1475 2373 1530 Justus
2414 1476 2574 1547 igitur
2620 1487 2830 1547 sumpta
2876 1478 2941 1531 iis
2981 1492 3100 1547 qua:
3146 1478 3284 1531 Deus
3327 1476 3534 1532 dixerat
3574 1476 3769 1531 fiducia

2192 1567 2443 1633 maxima,
2477 1568 2960 1638 peregrinationem
2989 1568 3139 1621 obiit.
3168 1566 3284 1634 Quo
3312 1575 3467 1636 pacto
3491 1569 3634 1622 enim
3660 1584 3769 1621 non

2193 1656 2386 1711 fisurus
2410 1665 2589 1721 esset,
2634 1657 2717 1711 cui
2755 1657 2953 1711 dictum
2979 1667 3090 1710 erat
3116 1696 3133 1721 ,
3172 1656 3303 1711 Ecce
3331 1673 3420 1727 ego
3450 1667 3608 1710 tecum
3633 1674 3768 1721 sum,

2191 1748 2477 1802 custodiens
2506 1758 2553 1801 te
2575 1748 2629 1801 in
2648 1750 2784 1801 omni
2803 1748 2903 1811 via,
2927 1764 3026 1817 qua
3048 1749 3211 1801 iturus
3239 1764 3291 1801 es
3314 1763 3333 1800 :
3357 1757 3404 1800 et
3426 1749 3770 1819 multiplicabo

2192 1856 2359 1894 semen
2385 1850 2525 1892 tuum
2544 1880 2558 1901 ,
2598 1850 2643 1893 et
2672 1840 2911 1893 reducam
2938 1850 2987 1893 te
3012 1841 3190 1893 iterum
3216 1841 3268 1893 in
3298 1851 3483 1895 terram
3511 1842 3641 1894 hanc
3659 1883 3674 1906 ,
3721 1851 3770 1895 et

2192 1949 2293 1985 non
2316 1942 2363 1985 te
2387 1933 2728 2003 derelinquam
2750 1931 2900 2002 (Gen.
2922 1932 3146 2002 28.15),
3173 1947 3444 2003 usquequo
3466 1934 3768 2002 complean-

2192 2030 2279 2077 tur
2306 2023 2564 2093 promissa
2589 2023 2812 2077 omnia?
2841 2022 3038 2079 Verum
3058 2065 3074 2090 ,
3105 2034 3165 2078 ut
3193 2024 3305 2078 beri
3334 2024 3442 2079 dixi
3469 2066 3484 2091 ,
3516 2027 3681 2095 cogita
3713 2036 3768 2079 et

2188 2115 2613 2183 omnipotentem
2641 2114 2736 2169 Dei
2764 2115 3101 2184 sapientiam,
3130 2124 3186 2171 et
3206 2116 3333 2185 justi
3358 2116 3495 2170 illius
3523 2132 3764 2187 magnam

2192 2205 2501 2274 patientiam
2541 2214 2596 2259 et
2638 2213 2847 2274 gratum
2891 2206 3147 2261 animum.
3192 2208 3434 2261 Surrexit
3475 2208 3617 2262 enim
3648 2218 3763 2277 post

2190 2297 2572 2366 promissiones
2598 2297 2732 2361 illas,
2764 2297 2894 2351 etin
2913 2296 3149 2352 Charran
3175 2297 3466 2365 contendit,
3494 2310 3548 2353 et
3575 2299 3764 2353 iterum

2190 2387 2299 2456 agit
2344 2397 2401 2441 ut
2442 2388 2753 2457 peregrinus
2787 2397 2842 2442 et
2888 2404 3083 2459 vagus,
3130 2398 3185 2443 et
3226 2390 3278 2443 in
3318 2389 3564 2444 omnibus
3590 2391 3763 2444 divina

2188 2478 2361 2548 gratia
2390 2478 2599 2543 fruitur,
2634 2479 2859 2550 benigno
2883 2480 2989 2534 Deo
3015 2479 3114 2549 ipsi
3140 2481 3276 2533 viam
3304 2480 3496 2550 ubique
3527 2494 3763 2549 parante,

2188 2580 2244 2626 et
2270 2586 2420 2626 suam
2448 2573 2854 2641 promissionem
2876 2570 3215 2641 adimplente.
3243 2571 3341 2639 Qui
3370 2574 3513 2627 enim
3539 2573 3762 2638 dixerat,

2189 2661 2379 2717 Tecum
2405 2675 2537 2729 sum,
2569 2663 2852 2717 custodiens
2880 2672 2928 2717 te
2966 2663 3021 2716 in
3048 2662 3185 2717 omni
3211 2664 3324 2729 via,-
3357 2680 3454 2733 qua
3495 2666 3658 2718 iturus
3689 2681 3762 2732 es,

2194 2752 2240 2807 is
2267 2751 2419 2806 duxit
2439 2751 2642 2822 justum
2671 2752 2736 2806 ad
2763 2752 2958 2807 fontem
2985 2766 3156 2821 aquae,
3188 2752 3275 2808 ubi
3302 2754 3566 2822 aquabant
3590 2765 3761 2823 pasto-

2189 2858 2277 2897 res
2318 2851 2476 2898 terra:
2520 2844 2707 2899 incola:
2750 2862 2764 2897 :
2808 2859 2839 2897 a
2878 2845 3070 2914 quibus
3112 2858 3233 2899 cum
3283 2846 3657 2915 interrogasset
3698 2848 3761 2902 de

2190 2933 2369 2989 Laban
2402 2934 2564 2990 fratre
2593 2936 2778 2990 matris
2822 2950 2967 3001 sum,
3017 2946 3071 2990 et
3115 2935 3387 2992 didicisset
3429 2936 3606 2991 omnia
3649 2955 3762 3007 qua:

2187 3024 2330 3080 circa
2356 3025 2503 3079 illum
2532 3026 2851 3095 gerebantur
2878 3042 2892 3079 :
2923 3025 3117 3081 deinde
3145 3042 3266 3081 cum
3304 3037 3359 3081 et
3396 3026 3554 3097 hujus
3581 3028 3761 3092 tiliam,

2188 3127 2245 3172 et
2266 3130 2456 3186 greges
2481 3117 2648 3171 oculis
2678 3126 3000 3186 spectasset,
3029 3117 3335 3187 videretque
3361 3117 3633 3188 indigenas
3659 3134 3762 3173 non

2187 3206 2436 3261 sufficere
2467 3217 2524 3261 ut
2550 3205 2778 3276 lapidem
2804 3222 2834 3261 a
2862 3207 3005 3262 fonte
3030 3208 3127 3277 ipsi
3155 3219 3484 3275 amoverent,
3524 3220 3578 3265 et
3604 3225 3760 3280 aqua-

2186 3306 2310 3354 rent
2332 3312 2485 3363 oves,
2513 3298 2768 3363 accurrit,
2797 3306 2853 3352 et
2880 3298 2931 3352 id
2974 3298 3115 3368 quod
3162 3300 3234 3354 illi
3273 3300 3449 3356 facere
3485 3316 3591 3357 non
3616 3302 3760 3356 vale-

2187 3391 2346 3453 bant,
2391 3391 2505 3458 ipse
2547 3405 2779 3460 superno
2825 3390 3022 3445 auxilio
3066 3391 3382 3457 roboratus,
3433 3392 3762 3462 prazvenieos

2185 3482 2460 3538 beneficiis
2488 3482 2668 3539 Laban
2687 3522 2704 3551 ,
2744 3485 2946 3538 amovit
2977 3484 3203 3554 lapidem
3234 3493 3290 3539 et
3325 3485 3605 3555 adaquavit
3637 3502 3761 3541 oves

2185 3589 2318 3643 quas
2358 3574 2609 3645 pascebat
2636 3574 2859 3629 Rachel.
2899 3575 3029 3630 Dein
3061 3575 3149 3629 ubi
3190 3576 3463 3630 osculatus
3499 3587 3582 3631 est
3618 3578 3760 3648 puel-

2184 3668 2312 3734 lam,
2343 3678 2397 3722 et
2424 3666 2741 3737 significavit
2762 3667 2881 3737 quis
2906 3675 3049 3723 esset
3076 3676 3131 3722 et
3158 3667 3303 3724 unde
3331 3668 3581 3734 venisset,
3614 3686 3760 3723 inan-

2185 3761 2257 3813 sit
2286 3760 2400 3829 ipse
2426 3757 2566 3829 apud
2595 3759 2814 3813 fontem.
2839 3757 3034 3837 Verum
3061 3759 3183 3829 quia
3206 3759 3347 3815 Deus
3373 3770 3490 3814 er..t
3508 3761 3595 3830 qni
3621 3761 3763 3830 justo

2182 3848 2501 3919 disponebat
2526 3849 2702 3905 omnia
2719 3888 2735 3916 ,
2768 3848 2856 3905 hic
2878 3858 2934 3906 et
2960 3851 3192 3920 puellam
3221 3852 3471 3907 excitavit
3497 3863 3555 3907 ut
3576 3852 3762 3907 celeri-

2184 3950 2265 3997 ter
2289 3950 2531 3998 curreret
2550 3983 2564 4007 ,
2591 3951 2747 4012 atque
2776 3941 2893 3999 haec
2920 3944 3263 3999 annuntiaret
3286 3945 3457 4016 patri,
3483 3946 3572 4015 qui
3598 3946 3765 4000 frater

2180 4043 2297 4087 erat
2323 4032 2477 4102 hujus
2506 4034 2692 4089 matris
2725 4051 2737 4087 :
2768 4044 3115 4105 narraretque
3157 4035 3475 4091 beneficium
3512 4038 3656 4107 quod
3696 4038 3765 4091 ab

2181 4142 2249 4182 eo
2276 4126 2569 4197 praastitum
2608 4137 2752 4184 esset
2786 4137 2843 4183 et
2882 4129 2935 4183 in
2978 4128 3147 4199 ipsam
3184 4137 3241 4183 et
3279 4129 3330 4183 in
3358 4144 3547 4200 greges
3580 4139 3679 4186 :et
3704 4145 3765 4186 se

2182 4234 2356 4289 neque
2384 4219 2719 4289 peregrinum
2745 4234 2885 4287 esse,
2929 4234 3105 4291 neque
3128 4220 3365 4291 ignotum
3387 4261 3403 4286 ,
3440 4220 3533 4277 sed
3557 4222 3763 4279 sororis

2254 4404 2457 4471 Quanta
2485 4414 2703 4459 veterum
2732 4406 3070 4476 hospitalitas.
3097 4405 3347 4477 Exemplo
3372 4406 3553 4461 Jacobi
3581 4408 3758 4478 probat

2181 4496 2351 4550 omnia
2374 4496 2586 4568 feliciter
2608 4497 2871 4551 succedere
2902 4496 2947 4551 ei
2972 4506 3118 4567 quem
3146 4496 3286 4551 Deus
3316 4499 3481 4568 juvat.
3510 4527 3583 4538 —
3615 4498 3758 4553 Con-

2180 4591 2354 4647 sidera
2374 4634 2389 4659 ,
2417 4592 2641 4646 obsecro
2660 4630 2674 4655 ,
2705 4591 2900 4646 dilecte
2921 4632 2936 4656 ,
2975 4590 3166 4646 divina:
3194 4590 3485 4661 Scriptura:
3525 4591 3753 4661 diligen-

2180 4684 2341 4750 tiam,
2391 4682 2657 4753 quomodo
2702 4683 2855 4737 nobis
2902 4684 3079 4738 omnia
3122 4684 3404 4739 manifeste
3458 4694 3748 4750 recenseat,

2179 4775 2423 4831 docendo
2448 4788 2546 4830 nos
2565 4788 2746 4830 mores
2765 4784 3027 4841 veterum,
3046 4780 3099 4830 et
3118 4785 3331 4845 quanta:
3355 4776 3407 4829 in
3428 4773 3754 4844 excipiendis

2182 4866 2477 4937 hospitibus
2520 4867 2719 4921 fuerint
2744 4867 3051 4922 alacritatis.
3094 4866 3226 4921 Nam
3255 4877 3311 4921 ut
3336 4868 3526 4937 puella:
3558 4867 3756 4920 indica-

2179 4970 2261 5012 ret
2290 4956 2642 5022 alacritatem,
2672 4971 2779 5010 non
2805 4956 3119 5026 simpliciter
3145 4957 3303 5020 dixit,
3331 4972 3450 5010 eam
3479 4957 3674 5010 abiisse
3700 4967 3748 5010 et

2177 5048 2521 5102 annuntiasse
2556 5062 2676 5116 quae
2711 5047 2845 5101 facta
2884 5048 3127 5114 fuerant,
3157 5048 3251 5102 sed
3288 5048 3619 5110 cucurrisse,
3652 5048 3750 5101 hue

2179 5145 2293 5200 est,
2327 5152 2519 5206 magno
2551 5152 2673 5192 cum
2713 5137 2907 5207 gaudio
2932 5137 3099 5207 (Cap.
3122 5137 3213 5192 29.
3241 5155 3289 5191 υ.
3318 5136 3443 5210 12).
3476 5138 3675 5193 Deinde
3699 5151 3748 5192 et

2179 5226 2247 5281 de
2276 5228 2487 5293 Laban,
2515 5228 2604 5297 qui
2643 5236 2796 5298 pater
2824 5228 2964 5283 illius
3004 5239 3120 5284 erat
3142 5271 3157 5293 ,
3188 5230 3354 5294 dicit,
3384 5230 3528 5301 quod
3561 5231 3749 5285 auditis

2184 5320 2267 5375 his
2294 5337 2322 5372 a
2351 5320 2586 5390 virgine,
2614 5321 2910 5375 cucurrerit
2938 5330 2991 5376 et
3020 5323 3137 5391 ipse
3173 5323 3226 5376 in
3264 5336 3544 5378 occursum
3566 5322 3741 5393 Jacob,

2179 5418 2232 5463 et
2261 5409 2528 5463 osculatus
2554 5410 2624 5466 sit
2651 5425 2810 5480 eum,
2838 5420 2895 5467 et
2940 5411 3209 5467 induxerit
3244 5412 3301 5467 in
3340 5412 3560 5469 domum
3599 5428 3749 5468 suam

2182 5497 2341 5569 (Ibid.
2366 5515 2414 5553 υ.
2446 5499 2557 5571 l3).

2248 5591 2304 5645 2.
2335 5592 2617 5661 Postquam
2647 5602 2822 5648 autem
2847 5594 3025 5649 Laban
3054 5596 3232 5650 omnia
3258 5595 3542 5667 diligenter
3568 5595 3752 5655 didicit

2179 5682 2247 5737 ab
2270 5697 2336 5737 eo
2358 5723 2373 5748 ,
2420 5684 2506 5738 Η.
2532 5682 2711 5748 Dixit,
2751 5685 2961 5755 inquit,
2986 5686 3035 5739 ei
3070 5701 3090 5739 :
3118 5686 3203 5741 Ea:
3239 5688 3436 5742 casibus
3459 5689 3583 5744 meis
3615 5701 3669 5743 et
3692 5704 3753 5742 es

2178 5789 2330 5828 carne
2351 5786 2458 5828 mea
2484 5790 2535 5829 es
2560 5785 2612 5829 tit
2639 5774 2791 5846 (Cap.
2818 5776 2934 5847 29).
2958 5776 3169 5835 Sororis
3188 5818 3205 5848 ,
3230 5778 3401 5853 inquit
3417 5820 3436 5851 ,
3462 5795 3597 5837 mete
3623 5794 3751 5836 cum
