4038 6358
489 353 586 408 431
1075 351 1130 405 S.
1175 349 1462 406 .IOANNIS
1520 345 2010 402 CIIIH’SOS'I'OMI
2058 345 2372 402 ARCIIIEP.
2413 349 2962 405 CONSTANTINOP.

481 471 578 539 τῆς
606 467 744 537 ἐμῆς
776 463 1056 533 τυγχάνων
1083 466 1215 526 υίὸς,
1241 463 1389 516 οὐδὲν
1415 463 1621 534 ἕτερον,
1661 463 1693 531 ἢ
1740 461 1875 533 σὰρξ
1901 461 2057 532 ἡμῶν

480 549 793 619 τυγχάνεις,
826 550 920 600 καὶ
941 548 1164 615 ἀδελφὸς
1190 546 1475 616 ἡμέτερος.
1500 548 1609 600 Καὶ
1633 543 1701 618 ἦν
1733 549 1848 617 μετ’
1871 543 2054 605 αὐτοῦ,

482 637 637 704 φησὶ,
677 633 820 704 μῆνα
870 631 1113 703 ἡμερῶν.
1147 631 1345 684 Λοιπὸν
1369 631 1445 694 ὡς
1488 633 1546 684 ἐν
1578 632 1724 702 οἰκία
1759 631 1882 700 ἰδίᾳ,
1917 628 2059 681 οὑτω

480 719 664 787 διῆγεν
689 716 958 777 ὁδίκαιος,
988 717 1043 768 ἐν
1074 715 1227 785 ἀδείᾳ
1249 715 1529 784 τυγχάνων
1560 717 1653 767 καὶ
1681 715 1860 783 πάσης
1883 711 2058 780 ἀπηλ-

480 800 748 870 λαγμένος
773 798 1073 867 φροντίδος.
1121 798 1258 850 Ἀλλ’
1281 797 1466 868 ἐπειδὴ
1492 798 1622 860 Θεὸς
1647 793 1713 868 ἦν
1734 798 1762 849 6
1787 797 1858 850 τὰ
1881 796 2059 848 πάντα

481 883 616 954 πρὸς
638 881 699 934 τὸ
728 881 1005 951 συμφέρον
1025 881 1322 950 οἰκονομῶν
1348 879 1426 949 τῷ
1449 879 1642 951 δικαίῳ
1669 879 1862 949 τούτῳ,
1887 879 1980 930 καὶ
2001 880 2058 930 ἐν

478 968 680 1018 ἅπασιν
697 964 843 1034 αὑτῴ
865 964 961 1035 τὴν
981 965 1110 1034 παρ’
1131 962 1323 1016 ἐαυτοῦ
1353 964 1643 1034 συνεργίαν
1677 961 2055 1033 χαριζόμενος,

477 1045 630 1111 οὗτος
663 1048 754 1099 καὶ
802 1046 895 1098 τοῦ
929 1047 1112 1100 Λάϐαν
1139 1047 1238 1115 τὴν
1299 1045 1608 1116 προθυμίαν
1653 1045 1918 1116 διήγειρε,
1963 1044 2058 1096 καὶ

475 1133 618 1202 ὀρῶν
651 1129 742 1182 τοῦ
775 1129 968 1198 ἀνδρὸς
1003 1129 1100 1198 τὴν
1141 1129 1458 1188 ἐπιείκειαν,
1489 1131 1641 1198 ,φησὶ
1679 1129 1816 1197 πρὸς
1855 1127 2018 1179 αὐτόν
2041 1145 2053 1156 ·

477 1215 628 1287 [555]
659 1217 785 1265 Ὅτι
825 1214 935 1282 γὰρ
957 1211 1219 1279 ἁδελφός
1238 1229 1354 1274 μου
1386 1208 1444 1265 εἴ
1468 1213 1570 1275 σὺ,
1603 1215 1674 1265 οὐ
1700 1212 2057 1276 δουλεύσεις

471 1318 569 1369 μοι
607 1295 866 1364 δωρεὰνο
912 1296 1280 1364 ἀπάγγειλόν
1317 1312 1417 1362 μοι
1443 1337 1456 1358 ,
1505 1297 1596 1361 τίς
1633 1299 1665 1349 ὁ
1697 1297 1914 1365 μισθός
1939 1311 2055 1348 σου

473 1383 666 1436 ἐστίν.
706 1382 845 1450 Ὅρα
887 1378 1000 1440 πῶς
1031 1380 1128 1448 μὲν
1172 1379 1332 1440 αὐτὸς
1363 1377 1699 1448 ἐπεζήτησεν
1742 1379 1912 1441 οὐδὲν,
1943 1379 1971 1429 6
1998 1377 2056 1430 δὲ

477 1465 662 1518 Λάϐαν
690 1463 852 1533 μόνον
877 1462 969 1530 ἀφ’
1005 1461 1200 1513 ἑαυτοῦ
1228 1460 1384 1513 τοῦτο
1412 1462 1700 1532 προτίθησι
1732 1462 1810 1532 τῷ
1837 1461 2053 1526 δικαίῳ.

476 1548 585 1599 Καὶ
616 1547 804 1598 σκόπει
841 1561 929 1613 μοι
964 1542 1100 1604 πῶς,
1137 1543 1354 1596 ἐπειδὰν
1385 1544 1489 1595 ὑπὸ
1520 1544 1618 1612 τῆς
1640 1543 1844 1596 ἀνωθεν
1875 1543 2055 1614 χειρός

473 1648 555 1693 τις
597 1628 878 1698 βοηθῆται,
923 1627 1100 1679 πάντα
1147 1625 1296 1695 αὑτῴ
1328 1625 1467 1679 κατά
1505 1625 1632 1696 ῥοῦν
1666 1626 1934 1697 πρόεισιν.
1971 1629 2053 1678 Οὐ

473 1713 827 1775 δουλεύσεις
854 1726 974 1777 μοι,
1017 1709 1168 1776 φησὶ,
1216 1707 1474 1774 δωρεάνσ
1525 1707 1893 1778 ἀπάγγειλόν
1929 1726 2051 1778 μοι,

473 1798 565 1860 τίς
608 1798 637 1847 ό
664 1795 880 1862 μισθός
913 1807 1028 1843 σου
1076 1791 1230 1842 ἐστί.
1275 1789 1458 1843 Καίτοι
1495 1791 1792 1861 ἀγαπητῶς
1833 1787 1976 1862 εἶχεν
2026 1793 2053 1843 6

475 1878 742 1950 μακάριος
767 1873 938 1938 οὗτος,
971 1874 1064 1926 καὶ
1098 1873 1157 1925 τὸ
1188 1873 1375 1935 ἁπλῶς
1407 1875 1504 1944 τῆς
1535 1876 1813 1946 ἐφημέρου
1840 1873 2053 1944 τροφῆς

471 1960 784 2022 ἀπολαύειν,
815 1960 906 2010 καὶ
941 1956 1136 2027 πολλὴν
1163 1957 1256 2009 καὶ
1285 1957 1425 2027 ὑπὲρ
1454 1955 1642 2009 τούτου
1670 1957 1862 2028 ἤθελεν
1907 1955 2054 2025 αὑτῷ

470 2046 628 2116 χάριν
661 2042 834 2111 ἔχειν·
870 2039 982 2092 ἀλλ’
1011 2038 1196 2108 ἐπειδὴ
1224 2039 1385 2100 αὐτὸς
1415 2038 1612 2109 πολλὴν
1634 2039 1730 2108 τὴν
1755 2038 2054 2090 ἐπιείκειαν

470 2127 802 2192 ἐπεδείξατο,
833 2123 1120 2195 προλαϐὼν
1151 2126 1177 2174 6
1205 2122 1391 2175 Λάϐαν
1418 2123 1608 2190 μισθὸν
1638 2122 1786 2192 αὐτῷ
1815 2121 2052 2173 τελέσειν

471 2213 836 2280 ὑπισχνεῖται,
867 2209 926 2261 δν
969 2208 1034 2260 ἂν
1065 2206 1228 2269 αὐτὸς
1259 2206 1454 2276 προθῇ.
1499 2205 1562 2258 Τί
1597 2201 1688 2259 οὑν
1738 2209 1766 2259 6
1810 2207 2051 2270 δίκαιος;

470 2295 616 2365 Ὅρα
636 2309 727 2364 μοι
756 2291 849 2344 καὶ
884 2288 1116 2342 ἐνταῦθα
1141 2288 1242 2356 τῆς
1275 2289 1542 2351 συνέσεως
1566 2289 1727 2340 αὑτοῦ
1750 2289 1848 2358 τὴν
1884 2289 2054 2360 ὑπερ-

471 2377 652 2447 ϐολὴν,
685 2375 778 2428 καὶ
805 2374 922 2437 πῶς
955 2372 1212 2442 οὐδεμίαν
1247 2371 1360 2440 ἔχει
1396 2372 1526 2440 περὶ
1559 2373 1854 2441 χρημάτων
1879 2371 2055 2424 συλλο-

472 2463 574 2532 γὴν
608 2459 926 2530 ἐπιθυμίαν,
957 2457 1077 2510 οὐδὲ
1106 2455 1360 2526 καθάπερ
1403 2454 1671 2524 μισθωτός
1710 2473 1793 2518 τις
1834 2455 2056 2527 ἀκριϐο-

473 2546 710 2612 λογεῖται
742 2542 878 2612 πρὸς
898 2541 989 2592 τὸν
1011 2539 1218 2603 Λάὸαν,
1246 2539 1340 2591 καὶ
1365 2539 1550 2609 ἕτερόν
1579 2556 1630 2590 τι
1656 2538 1896 2604 ἀπαιτεῖ,
1918 2539 2056 2592 ἀλλὰ

475 2627 820 2700 μεμνημένος
843 2624 942 2694 τῆς
969 2623 1172 2694 μητρὸς
1203 2623 1297 2674 καὶ
1325 2621 1433 2674 τῶν
1455 2622 1683 2674 ἐντολῶν
1711 2623 1804 2676 τοῦ
1826 2623 2052 2694 πατρὸς,

473 2712 566 2764 καὶ
600 2710 701 2778 τῆς
737 2707 943 2770 οἰκείας
974 2705 1329 2776 σωφροσύνης
1360 2704 1572 2766 δεικνὺς
1603 2707 1703 2775 τὴν
1729 2706 2052 2776 ὑπερϐολὴν,

471 2794 606 2865 φησὶ
637 2792 774 2861 πρὸς
795 2790 886 2841 τὸν
916 2787 1101 2842 Λάὸαν
1118 2805 1131 2817 ·
1153 2788 1474 2841 Δουλεύσω
1498 2804 1596 2841 σοι
1622 2789 1771 2849 ἑπτὰ
1794 2790 1896 2856 ἐτη
1922 2789 2056 2856 περί

482 2876 710 2945 Ῥαχὴλ
739 2873 850 2942 τῆς
877 2873 1168 2941 θυγατρός
1195 2886 1312 2924 σου
1349 2869 1461 2937 τῆς
1485 2870 1798 2939 νεωτέρας.
1839 2871 2055 2944 Ταύτην

470 2962 578 3032 γὰρ
601 2960 659 3025 ἐξ
683 2957 858 3028 ἀρχῆς
887 2957 1223 3025 θεασάμενος
1249 2955 1340 3007 ἐπὶ
1361 2955 1454 3007 τοῦ
1483 2954 1738 3025 φρέατος,
1770 2957 2052 3026 ἠγάπησα.

474 3048 581 3099 Καὶ
611 3045 714 3113 ὅρα
747 3039 1167 3109 εὐγνωμοσύνην
1192 3039 1402 3110 ἀνδρός.
1445 3038 1654 3108 Ἐαυτῷ
1683 3039 1776 3090 καὶ
1803 3039 1894 3092 τὸν
1925 3041 2052 3109 χρό-

473 3147 561 3184 νον
586 3127 779 3197 ὁρίζει,
809 3124 903 3180 καὶ
933 3123 1019 3175 διὰ
1043 3121 1137 3174 τοῦ
1165 3121 1356 3191 χρόνου
1389 3120 1497 3173 τῶν
1524 3121 1662 3174 ἐτῶν
1685 3123 1876 3190 ἱκανὴν
1899 3123 2056 3192 βάσα-

475 3229 560 3264 νον
592 3209 693 3278 τῆς
721 3206 928 3268 οἰκείας
960 3204 1314 3274 σωφροσύνης
1353 3205 1599 3273 παρέχει.
1633 3203 1737 3257 Καὶ
1765 3207 1816 3258 τί
1847 3207 2057 3277 θαυμά-

472 3295 607 3360 ζεις,
641 3286 913 3359 ἀγαπήτέ,
968 3288 1184 3340 ἀκούων
1211 3289 1292 3340 ὅτι
1339 3287 1476 3338 ἐπτά
1508 3287 1604 3357 έτη
1635 3288 1906 3342 δουλεύειν
1963 3292 2056 3343 ὑπ-

473 3379 664 3447 έσχετο
685 3374 826 3442 ὑπὲρ
865 3372 960 3442 τῆς
992 3369 1362 3439 ἀγαπωμένης
1387 3371 1586 3440 κόρης;
1621 3371 1734 3424 Ἵνα
1769 3372 1874 3444 γὰρ
1908 3373 2055 3445 δείξῃ

477 3465 504 3534 ἡ
540 3460 659 3514 θεία
689 3455 900 3529 Γραφὴ.
935 3456 1081 3516 ὅπως
1123 3456 1150 3506 6
1184 3453 1345 3516 πόθος
1375 3455 1402 3505 6
1430 3452 1598 3516 πολύς
1631 3455 1930 3525 ἐπετέμετο
1964 3459 2056 3509 καὶ¹

473 3548 563 3600 τὸν
588 3545 833 3612 κάματον
862 3539 1010 3608 αὐτῷ
1039 3536 1270 3589 καὶ-τοῦ
1317 3536 1508 3606 χρόνου
1558 3537 1618 3588 τὸ
1655 3537 1848 3608 μῆκος,
1883 3542 2016 3610 φησί
2039 3558 2055 3574 ο

474 3629 581 3684 Καὶ
617 3627 988 3680 ἐδούλευσεν
1036 3619 1245 3675 Ἰακὼό
1297 3620 1428 3688 περί
1474 3619 1702 3687 Ῥαχὴλ
1748 3622 1897 3676 ἑπτὰ
1929 3624 2054 3690 ἔτη,

473 3713 571 3766 διαὶ
595 3707 760 3781 ἦσαν
778 3705 1055 3759 ἐναντίον
1085 3702 1270 3757 αὐτοῦ
1296 3703 1376 3768 ὠς
1409 3702 1623 3772 ἡμέραι
1658 3705 1873 3773 ὀλίγαι,
1898 3706 2058 3773 παρὰ

472 3796 540 3851 τὸ
572 3789 814 3863 ἀγαπᾷν
835 3788 1024 3842 αὐτὸν
1052 3785 1264 3853 αὐτὴν.
1306 3786 1362 3838 '0
1389 3786 1496 3838 τῶν
1523 3786 1680 3851 ἐπτά,
1711 3789 1894 3858 φησὶν,
1919 3789 2058 3843 ἐτῶν

471 3877 704 3950 ἀριθμὸς
757 3873 936 3940 ὀλίγαι
991 3869 1193 3942 ἡμέραι
1223 3869 1536 3938 ἐνομίζοντο
1579 3868 1666 3922 διὰ
1695 3870 1793 3940 τὴν
1838 3871 2058 3943 ἀγάπην

473 3961 572 4031 τὴν
607 3955 1052 4029 ὑπερϐάλλουσαν
1091 3953 1188 4023 τὴν
1212 3953 1340 4022 περὶ
1368 3953 1466 4021 τὴν
1508 3952 1696 4024 κόρην.
1737 3954 1903 4006 Ὅταν
1951 3956 2059 4026 γὰρ

474 4043 658 4115 τρωθῇ
681 4058 766 4103 τις
795 4038 870 4108 τῷ
900 4038 1050 4108 πόθῳ
1077 4037 1173 4106 τῆς
1205 4039 1448 4106 ἀγάπης,
1480 4037 1632 4089 οὐδὲν
1669 4039 1772 4109 δρᾷ
1796 4037 1904 4091 τῶν
1935 4039 2060 4091 δυσ-

475 4127 670 4198 χερῶν,
707 4122 821 4177 ἀλλ’
858 4121 1002 4190 άπερ
1039 4121 1104 4174 ἂν
1191 4119 1450 4172 κινδύνων
1491 4120 1682 4189 μεστὰ,
1738 4123 1830 4173 καὶ
1861 4121 2060 4192 πολλῆς

478 4211 670 4279 ἐτέρας
702 4205 1099 4274 ταλαιπωρίας,
1139 4203 1318 4256 πάντα
1348 4203 1563 4270 κούφως
1602 4203 1790 4272 φέρει,
1828 4205 1964 4274 πρὸς
2002 4205 2058 4256 ἓν

475 4293 618 4364 ὁρῶν
655 4291 836 4362 μόνον,
892 4287 1031 4340 ὥστε
1066 4286 1156 4338 τὸν
1184 4288 1379 4338 οἰκεῖον
1418 4285 1814 4356 ἀποπληρῶσαι
1878 4287 2056 4341 πόθον.

561 4373 872 4443 Ἀκούωμεν
904 4373 953 4423 οἰ
987 4370 1220 4442 ρᾴθυμοι
1243 4369 1335 4421 καὶ
1365 4369 1833 4434 ἀναπεπτωκότες,
1857 4371 1905 4422 οί
1934 4371 2062 4423 πο).-

475 4462 575 4534 λὴν
598 4459 726 4531 περὶ
755 4459 847 4511 τὸν
875 4457 1153 4525 Δεσπότην
1184 4453 1579 4525 ἀγνωμοσύνην
1610 4454 2059 4525 ἐπιδεικνύμενοι.

476 4548 542 4600 Εἰ
575 4545 682 4616 γὰρ
710 4546 739 4596 6
769 4542 977 4604 δίκαιος
1002 4535 1152 4603 οὗτος
1177 4539 1264 4593 διὰ
1293 4539 1381 4591 τὸν
1403 4539 1499 4608 τῆς
1532 4539 1699 4609 κόρης
1729 4540 1893 4592 πόθον
1923 4542 2061 4595 ἑπτὰ

481 4629 614 4683 ἐτῶν
637 4625 870 4697 ἀριθμὸν
899 4623 1181 4676 δουλεῦσαι
1208 4621 1546 4686 κατεδέξατο,
1579 4623 1674 4673 καί
1701 4621 1799 4693 τὴν
1831 4623 1937 4675 ἀπὸ
1964 4625 2062 4692 τῆς

479 4711 804 4782 ποιμενικῆς
829 4708 1205 4777 ταλαιπωρίαν
1241 4706 1550 4776 ὑπομεῖναι,
1591 4705 1684 4756 καὶ
1716 4706 1833 4758 οὐδὲ
1878 4706 2064 4777 αἴσθη-

479 4813 564 4849 σιν
593 4794 898 4864 ἐλάμϐανεν
927 4791 986 4843 οὐ
1012 4791 1119 4842 τῶν
1146 4789 1344 4852 πόνων,
1382 4789 1440 4840 οὐ
1471 4787 1562 4839 τοῦ
1595 4790 1800 4859 μήκους
1820 4790 1914 4842 τοῦ
1937 4791 2064 4859 χρό-

478 4897 594 4940 νου,
627 4877 766 4931 ἀλλὰ
798 4876 974 4929 πάντα
1005 4873 1152 4943 αὐτῷ
1176 4872 1349 4939 κοῦφα
1376 4871 1468 4923 καὶ
1493 4871 1650 4942 ῥᾴδια
1680 4873 1950 4940 ἐφαίνετο,
1973 4875 2064 4926 καὶ

477 4967 545 5034 τῇ
566 4961 861 5033 προσδοκίᾳ
883 4961 979 5028 τῆς
1001 4956 1353 5017 ἀπολαύσεως
1370 4955 1720 5024 τρεφόμενος,
1749 4955 1824 5018 ὡς
1851 4957 2062 5026 ἡμέρας

477 5047 664 5113 ὀλίγας
691 5044 780 5096 τὸν
812 5043 975 5095 πολὺν
1005 5043 1212 5093 ἐκεῖνον
1241 5034 1377 5091 εἶναι
1411 5038 1598 5108 χρόνον
1625 5038 1836 5108 ἐνόμιζε
1860 5056 1871 5066 ·
1904 5041 2060 5092 ποίαν

479 5128 640 5201 ἡμεῖς
675 5128 866 5197 ἕξομεν
895 5123 1187 5192 ἀπολογίαν
1219 5121 1353 5192 μηδέ
1388 5123 1474 5173 τὸν
1516 5122 1695 5190 ὅμοιον
1736 5123 1900 5176 πόθον
1929 5126 2058 5196 περ).

480 5214 571 5266 τὸν
604 5213 878 5280 Δεσπότην
899 5209 988 5262 τὸν
1007 5208 1294 5278 ἡμέτερον,
1323 5205 1412 5258 τὸν
1436 5205 1748 5276 εὐεργέτην,
1780 5206 1870 5258 τὸν
1897 5208 2038 5278 κηδε-

487 5295 643 5365 μόνα,
702 5294 792 5346 τὸν
841 5295 1014 5346 πάντα
1065 5293 1195 5361 ἡμῖν
1243 5289 1523 5358 γινόμενον
1579 5289 2053 5359 ἐπιδεικνύμενοι;

495 5377 632 5430 Ἀλλ’
669 5378 733 5430 ἂν
759 5376 854 5446 μέν
891 5375 1137 5444 βωτικὸν
1163 5371 1348 5442 κέρδος
1379 5372 1682 5441 πρόκειται,
1709 5372 1885 5425 πάντα
1918 5392 2052 5444 προ-

484 5461 670 5530 θύμως
695 5459 982 5528 ὑπομένειν
1010 5456 1330 5529 αἱρούμεθα,
1371 5454 1474 5507 κᾶν
1525 5456 1769 5525 κάματον
1799 5455 1918 5526 ἔχῃ,
1949 5459 2054 5510 κᾶν

484 5543 649 5613 ἀλλην
677 5545 798 5597 τινὰ
847 5542 1234 5612 ταλαιπωρίαν,
1268 5539 1370 5593 κᾶν
1400 5537 1678 5608 αἰσχύνην,
1704 5539 1804 5592 κᾶν
1839 5540 2056 5594 κόλασιν

483 5628 581 5695 τὴν
609 5629 666 5679 ἐν
691 5625 769 5696 τῷ
795 5626 1042 5691 παρόντι,
1083 5625 1179 5693 τὴν
1233 5625 1289 5676 ἐν
1319 5622 1395 5693 τῷ
1428 5622 1670 5690 μέλλοντι
1693 5639 1707 5652 ·
1755 5622 1844 5674 διὰ
1870 5624 1926 5675 δὲ
1958 5624 2056 5694 τὴν

485 5710 760 5780 ἡμετέραν
797 5709 1090 5778 σωτηρίαν.
1133 5707 1225 5759 καὶ
1257 5705 1396 5776 ὑπὲρ
1424 5703 1517 5757 τοῦ
1561 5705 1660 5775 τὴν
1697 5705 1901 5759 ἀνωθεν
1937 5708 2058 5758 ἐπι-

486 5792 800 5847 οπάσασθαι
825 5792 1018 5864 ῥοπὴν,
1036 5790 1222 5861 χαύνοι
1248 5791 1335 5843 καὶ
1365 5788 1812 5852 ἀναπεπτωκότες
1835 5791 1928 5842 καὶ
1949 5791 2058 5841 δια-

3645 350 3774 404 48:!

2169 460 2445 532 λελυμένοι
2468 466 2789 535 φαινόμεθα.
2814 467 2924 518 Καὶ
2953 465 3080 519 ποία
3097 467 3228 536 ἡμῖν
3245 466 3394 518 ἕσται
3422 466 3769 536 συγγνώμη,

2166 544 2248 606 τίς
2273 546 2327 597 δὲ
2354 549 2620 616 ἀπολογία
2647 549 2788 602 οὑτω
2817 548 3074 620 ῥᾳθύμοις
3099 549 3482 619 διακειμένοις,
3507 552 3602 601 καὶ
3625 549 3773 602 οὐδὲ

2165 627 2289 680 ὅσον
2315 631 2340 681 6
2375 633 2641 702 μακάριος
2673 626 2828 696 οὗτος
2863 635 2992 702 περὶ
3025 633 3190 702 κόρην
3219 633 3310 683 τὸν
3345 630 3508 683 πόθον
3535 632 3774 684 ἐπεδεί-

2170 709 2314 776 ξατο,
2349 715 2614 785 τοσαύτην
2667 717 2887 786 ἀγάπην
2914 717 3044 786 περὶ
3087 717 3178 768 τὸν
3213 715 3344 768 Θεὸν
3375 714 3774 781 ἐπιδείξασθαι

2169 793 2533 866 βουλομένοις,
2564 799 2861 851 καὶταῦτα
2922 799 3191 862 τοσαύτας
3237 799 3449 868 ἔχοντες
3491 798 3773 867 ἀριθμεῖν

2167 879 2481 948 εὐεργεσίας
2505 883 2583 944 εἰς
2612 883 2756 952 ἡμᾶς
2797 882 3188 952 γεγενημένας,
3236 883 3329 934 καὶ
3351 880 3470 934 καθ’
3505 881 3772 948 ἑκάστην

2170 960 2317 1033 [554]
2347 964 2558 1035 ἡμέραν
2589 968 2918 1036 γινομένας;
2972 965 3109 1017 Ἀλλ’
3147 969 3192 1018 εἰ
3239 965 3334 1018 καὶ
3364 967 3522 1034 ἡμεῖς
3569 963 3771 1025 οὕτως

2167 1045 2498 1116 ἀγνώμονες,
2541 1049 2653 1100 ἀλλ’
2687 1052 2783 1118 οὐχ
2833 1052 2859 1101 6
2911 1049 3118 1110 Παῦλος
3169 1048 3380 1110 οὑτως,
3415 1051 3443 1098 ό
3488 1044 3770 1098 τοσοῦτον

2167 1127 2302 1190 ζέων
2327 1129 2403 1199 τῷ
2433 1131 2721 1201 πνεύματι,
2755 1135 2848 1200 καὶ.
2877 1132 3265 1202 πεπυρωμένος
3287 1132 3366 1192 εἰς
3385 1130 3474 1182 τὸν
3505 1131 3632 1195 περὶ
3650 1127 3767 1180 τὸν

2165 1210 2297 1264 Θεὸν
2316 1213 2498 1276 πόθον,
2521 1215 2596 1278 ὡς
2625 1218 2806 1268 ἐκεῖνα
2831 1215 2899 1268 τὰ
2920 1215 3020 1284 τῆς
3035 1214 3213 1284 ψυχῆς
3239 1213 3400 1265 αὐτοῦ
3427 1211 3551 1276 ἀξια
3573 1212 3766 1278 φθέγ-

2168 1300 2359 1364 ξασθαι
2395 1303 2614 1373 ῥήματα
2634 1305 2727 1358 καὶ
2753 1305 3074 1374 ἀναϐοῆσαι,
3107 1304 3199 1356 καὶ
3228 1305 3428 1355 εἰπεῖν·
3468 1301 3560 1366 Th;
3583 1299 3766 1370 ἡμᾶς

2165 1390 2404 1457 χωρίσει
2455 1391 2574 1444 ἀπὸ
2623 1389 2728 1457 τῆς
2764 1391 3001 1460 ἀγάπης
3021 1392 3126 1446 τοῦ
3150 1389 3447 1458 Χριστοῦ;
3476 1389 3618 1458 ’Ὀρα
3647 1387 3762 1439 λέ-

2165 1475 2299 1541 ξεως
2331 1478 2570 1546 ἔμφασιν
2591 1495 2603 1508 ·
2652 1479 2754 1548 ὅρα
2803 1479 2968 1531 πόθου
2997 1476 3322 1549 τυραννικοῦ
3373 1476 3568 1546 μανίαν
3591 1493 3605 1507 ·
3637 1476 3765 1545 ὅρα

2164 1567 2384 1637 ἀγάπην
2408 1569 2828 1638 πεπυρωμένην.
2854 1569 2946 1633 Τίς
2969 1567 3126 1638 ἡμᾶς
3145 1568 3418 1635 χωρίσει;
3443 1567 3529 1626 Τί,
3552 1566 3761 1634 φησὶν.

2164 1654 2330 1712 ἐστὶν.
2366 1654 2394 1706 δ
2419 1653 2641 1707 δύναται
2670 1656 2767 1724 τῆς
2798 1655 3020 1722 ἀγάπης
3065 1657 3212 1726 ἡμᾶς
3244 1654 3617 1724 ἀποστερῆσαι
3642 1652 3764 1721 τῆς

2165 1740 2299 1809 πρὸς
2321 1740 2411 1792 τὸν
2441 1741 2572 1793 Θεόν
2593 1758 2606 1804 ;
2629 1742 2681 1793 τί
2708 1742 2815 1794 τῶν
2844 1742 3156 1812 ὁρωμένων,
3197 1741 3252 1793 τί
3285 1740 3394 1793 τῶν
3431 1741 3505 1810 μὴ
3527 1739 3764 1810 ὁρωμέ-

2166 1845 2272 1880 νων
2293 1845 2307 1890 ;

2234 1913 2301 1983 γ’.
2337 1909 2470 1967 Εἶτα
2511 1914 2830 1984 βουλόμενος
2853 1915 2946 1966 καὶ
2979 1917 3098 1967 κατ’
3130 1908 3267 1979 εἰδος
3295 1915 3508 1968 ἅπαντα
3535 1915 3760 1983 ἀπαριο

2165 2000 2192 2052 0
2201 2004 2497 2072 μήσασθαι,
2525 2004 2616 2054 καὶ
2641 2004 2804 2055 πᾶσιν
2825 2005 2956 2072 ἡμῖν
2981 2002 3279 2072 κατάδηλον
3298 2001 3627 2072 ποιήσασθαι
3649 2003 3760 2054 τὸν

2164 2091 2326 2142 πόθον
2351 2091 2438 2143 τὸν
2461 2090 2784 2145 ἀκάθεκτον.
2806 2090 2865 2142 ὃν
2895 2092 3021 2160 περὶ
3043 2091 3134 2142 τὸν
3157 2091 3434 2160 Δεσπότην
3458 2091 3759 2160 ἐκέκτητο,

2164 2178 2410 2247 ἐπήγαγε
2444 2177 2615 2246 λέγων
2639 2193 2652 2206 ⁶
2689 2179 2926 2245 Θλίψις,
2975 2178 3010 2245 ἢ
3043 2178 3432 2245 στενοχωρία,
3460 2179 3498 2244 ἢ
3542 2179 3756 2246 λιμὸς,

2164 2266 2202 2331 ἢ
2227 2265 2497 2334 διωγμὸς,
2605 2268 2926 2335 γυμνότης,
2955 2267 2992 2333 ἣ
3045 2265 3350 2331 κίνδυνος,
3376 2266 3414 2332 ἢ
3445 2265 3712 2333 μάχαιρα
3735 2283 3757 2327 ς

2169 2354 2233 2403 Ὠ
2257 2353 2431 2423 ψυχῆς
2488 2353 2820 2424 μαινομένης
2861 2353 3057 2423 μανίαν
3099 2352 3453 2423 σωφροσύνης
3490 2355 3708 2423 μητέρα
3739 2356 3754 2406 ί

2165 2440 2250 2501 Τί,
2283 2442 2437 2510 φησὶ,
2460 2441 2570 2492 τῶν
2588 2440 2941 2510 ἐπαγομένων
2971 2443 3099 2510 ἡμῖν
3129 2440 3415 2510 δυνήσεται
3444 2442 3587 2511 ἡμᾶς
3611 2443 3761 2493 ἁπο-

2166 2528 2360 2597 στῆσαι
2406 2529 2504 2598 τῆς
2563 2528 2698 2598 πρὸς
2726 2529 2814 2581 τὸν
2871 2527 3002 2580 Θεὸν
3034 2529 3289 2599 ἀγάπης;
3348 2531 3412 2581 Αἰ
3452 2530 3661 2599 θλίψεις
3689 2534 3758 2584 αἱ

2166 2615 2566 2686 καθημεριναί;
2607 2615 2889 2686 Οὐδαμῶς.
2927 2616 3067 2668 Ἀλλ’
3097 2618 3153 2671 αἱ
3194 2619 3543 2688 στενοχωρίαι
3570 2635 3584 2682 ;
3611 2619 3760 2672 Οὐδὲ

2164 2698 2346 2756 αὗται.
2386 2703 2526 2754 Ἀλλ’
2555 2705 2602 2754 οἱ
2628 2703 2887 2773 διωγμοῖς
2915 2705 3036 2756 Οὐδ’
3065 2705 3218 2767 ὅλως.
3256 2705 3415 2757 Ἀλλά
3444 2706 3523 2770 τίς
3549 2706 3711 2775 λιμός
3737 2726 3756 2770 ;

2165 2790 2299 2842 υὺδὲ
2332 2789 2509 2844 τοῦτο.
2560 2790 2720 2842 Ἀλλὰ
2756 2792 3024 2856 κίνδυνοι;
3063 2794 3172 2844 Καὶ
3201 2792 3254 2844 τί
3289 2792 3430 2861 λέγω
3464 2793 3622 2862 λιμὸν
3651 2797 3760 2846 καὶ

2165 2879 2480 2948 γυμνότητα
2531 2880 2625 2932 καὶ
2675 2880 2985 2943 κινδύνουςς
3044 2880 3180 2933 ἀλλά
3217 2882 3501 2952 μάχαιρα;
3551 2883 3760 2952 Αὐτὸς,

2167 2971 2351 3039 φησὶν,
2382 2972 2410 3022 6
2445 2970 2670 3034 θάνατος
2695 2971 3036 3041 ἐπαγόμενος
3061 2973 3218 3024 10310
3259 2972 3476 3042 ἰσχῦσαι
3505 2975 3563 3024 οὑ
3593 2974 3764 3043 δυνὴο

2168 3074 2357 3110 σεται·
2389 3059 2670 3128 ἀμήχανον
2721 3058 2829 3127 γὰρ
2881 3057 2973 3110 καὶ
3019 3059 3197 3112 πάντα
3252 3059 3529 3114 ἀδύνατον.
3557 3061 3760 3125 Οὐδεὶς

2165 3144 2350 3216 ’έτερος
2378 3144 2550 3208 οὑτως
2579 3145 2861 3214 ἀγαπῆσαι
2892 3145 3202 3217 κατηξιώθη
3231 3147 3322 3199 τὸν
3345 3148 3644 3218 Δεσπότην,
3671 3149 3760 3213 ὡς

2167 3233 2200 3302 ἡ
2230 3235 2475 3303 μακαρία
2493 3232 2630 3303 αὕτη
2657 3232 2824 3301 ψυχή.
2861 3233 3128 3304 Καθάπερ
3155 3235 3261 3305 γὰρ
3299 3235 3631 3304 ἀπαλλαγεὶς
3652 3238 3758 3289 τοῦ

2170 3321 2439 3390 σώματος,
2465 3321 2558 3374 καὶ
2579 3321 2889 3391 μετάρσιος,
2908 3321 2982 3382 ὡς
3009 3324 3206 3386 εἰπεῖν,
3229 3322 3492 3390 γεγονὼς,
3511 3325 3605 3376 καὶ
3625 3327 3761 3381 οὐδὲ

2168 3409 2260 3461 ἐπὶ
2280 3410 2378 3479 τῆς
2408 3409 2509 3478 γῆς
2541 3409 2773 3478 βαδίζειν
2803 3409 3058 3478 νομίζων,
3086 3410 3256 3473 οὓτως
3278 3411 3492 3464 ἅπαντα
3519 3413 3760 3482 φθέγγε-

2168 3514 2276 3550 ται.
2320 3498 2378 3548 ’0
2409 3498 2517 3567 γάρ
2550 3499 2678 3567 περὶ
2710 3497 2800 3549 τὸν
2822 3498 2954 3551 Θεὸν
2985 3498 3166 3561 πόθος,
3193 3500 3341 3569 καὶὴ
3377 3503 3757 3575 πεπυρωμένη

2167 3585 2355 3655 ἀγάπη
2383 3587 2712 3655 μετέστησεν
2731 3585 2892 3638 αὑτοῦ
2917 3586 3005 3638 τὸν
3026 3587 3279 3656 λογισμὸν
3305 3589 3416 3640 ἀπὸ
3434 3589 3543 3642 τῶν
3565 3589 3760 3663 αἰσθη-

2167 3674 2274 3726 τῶν
2325 3675 2416 3726 ἐπὶ
2447 3673 2513 3726 τὰ
2563 3675 2748 3743 νοητὰ,
2800 3675 2893 3726 καὶ
2929 3675 3036 3726 ἀπὸ
3087 3675 3197 3726 τῶν
3227 3677 3512 3744 παρόντων
3558 3679 3652 3732 ἐπὶ
3679 3681 3760 3735 τὰ

2172 3763 2451 3834 μέλλοντα,
2478 3763 2573 3816 καὶ
2620 3763 2726 3815 ἀπὸ
2775 3762 2882 3815 τῶν
2907 3763 3251 3832 βλεπομένων
3280 3766 3372 3817 ἐπὶ
3399 3767 3466 3818 τά
3502 3767 3576 3839 μὴ
3610 3769 3759 3838 ὁρώ-

2172 3867 2331 3921 μενα.
2366 3849 2618 3902 Τοιοῦτον
2657 3850 2763 3922 γάρ
2793 3851 2826 3920 ἡ
2859 3851 3058 3914 πίστις,
3095 3851 3188 3903 καὶ
3232 3853 3264 3921 ἡ
3324 3855 3452 3924 περὶ
3483 3855 3574 3907 τὸν
3616 3858 3760 3912 Θεὸν

2169 3939 2378 4008 ἀγάπη.
2410 3939 2518 3990 Καὶ
2545 3938 2634 3990 ἵνα
2665 3938 2842 4009 μάθῃς
2870 3941 3035 3992 αὑτοῦ
3066 3939 3162 4008 τὴν
3185 3940 3382 4011 πολλὴν
3403 3943 3760 4014 εὐγνωμοσύ-

2171 4043 2287 4097 νην,
2322 4027 2424 4095 δρα
2453 4026 2542 4078 τὸν
2577 4024 2750 4087 οὑτως
2783 4027 3084 4094 ἀγαπῶντα
3112 4029 3200 4080 τὸν
3225 4030 3523 4101 Δεσπότην,
3551 4034 3645 4085 καὶ
3665 4035 3759 4086 ἐκ·

2170 4115 2460 4184 καιόμενον
2491 4115 2569 4177 εἰς
2606 4113 2698 4166 τὸν
2730 4115 2856 4182 περὶ
2908 4115 3069 4166 αὑτὸν
3123 4116 3284 4169 πόθον
3307 4158 3321 4179 ,
3366 4119 3754 4191 ἐλαυνόμενον,

2168 4204 2515 4274 διωκόμενον,
2545 4203 2960 4273 μαστιῖόμενον,
2996 4206 3163 4275 μυρία
3213 4206 3357 4260 δεινὰ
3391 4209 3755 4279 ὑπομένοντα,

2171 4293 2264 4344 καὶ
2281 4291 2507 4359 λέγοντα
2527 4309 2540 4320 ·
2574 4292 2674 4344 Ἐν
2693 4292 2898 4356 κόποις
2919 4294 3376 4362 περισσοτέρως,
3401 4296 3471 4349 ἐν
3487 4300 3756 4368 πληγαῖς

2169 4379 2686 4448 ὑπερϐαλλόντως,
2708 4379 2776 4430 ἐν
2800 4378 3076 4444 θανάτοις
3097 4381 3424 4448 πολλάκις·
3448 4384 3569 4439 ὑπὸ
3599 4387 3756 4440 Ἰου-

2171 4468 2354 4521 δαίων
2370 4465 2653 4533 πεντάκις
2669 4466 3122 4535 τεσσαράκοντα
3148 4469 3305 4538 παρὰ
3319 4472 3470 4539 μίαν
3504 4475 3754 4530 ἔλαϐονο

2172 4556 2300 4623 τρὶς
2330 4555 2732 4623 ἐρραϐδίσθην
2750 4571 2762 4584 ⁸
2791 4555 2952 4618 ἅπαξ
2986 4556 3343 4624 ἐλιθάσθην’
3369 4561 3757 4631 νυχθήμερόν

2172 4644 2241 4695 ἐν
2270 4642 2348 4708 τῷ
2362 4641 2534 4706 βυθῷ
2553 4643 2870 4708 πεποίηκα,
2901 4642 3263 4710 ὁδοιπορίαις
3292 4648 3610 4714 πολλάκις,
3632 4667 3756 4703 κιν-

2174 4731 2376 4796 δύνοις
2404 4728 2701 4799 ποταμῶν,
2732 4730 3038 4796 κινδύνοις
3073 4732 3143 4783 ἐν
3173 4732 3644 4803 ψευδαδέλφοις,
3677 4737 3755 4789 ἐν

2175 4820 2340 4882 κόπῳ
2374 4819 2480 4871 καὶ·
2513 4821 2744 4887 μόχθῳ’
2772 4820 2862 4871 καὶ
2889 4819 3125 4871 τοσαῦτα
3173 4823 3398 4890 πάσχων
3446 4821 3630 4893 ἔχαιρε
3655 4828 3753 4878 καὶ

2174 4909 2486 4978 ἠγαλλιᾶτο.
2526 4908 2677 4978 ’ᾘδει
2731 4908 2840 4977 γάρ
2888 4909 2979 4960 καὶ
3018 4907 3533 4980 ἑπεπληροφόρητο,
3580 4912 3662 4964 ὅτι
3692 4912 3753 4965 οἱ

2173 4997 2310 5066 πρὸς
2352 4996 2414 5048 τὸ
2461 4997 2630 5065 παρὸν
2683 4995 2832 5047 πόνοι
2859 4996 2966 5047 τῶν
3003 4995 3272 5064 μεγίστων
3298 4997 3448 5064 αὑτῷ
3475 4997 3750 5067 βραδείων

2172 5082 2418 5154 πρόξενοι
2453 5083 2710 5150 γίνονται,
2737 5082 2829 5133 καὶ
2858 5085 2905 5134 οἱ
2930 5083 3157 5135 κίνδυνοι
3189 5083 3483 5151 στεφάνους
3511 5085 3744 5139 ἔτικτον.

2170 5171 2232 5222 Εἰ
2254 5170 2362 5239 γάρ
2392 5171 2420 5220 6
2458 5168 2649 5221 Ἰακὼό
2681 5168 2768 5220 διὰ
2797 5169 2886 5220 τὸν
2922 5170 3047 5238 περὶ
3076 5169 3175 5239 τὴν
3216 5170 3418 5239 Ῥαχὴλ
3463 5173 3628 5224 πόθον
3669 5173 3750 5234 ὡς

2169 5259 2378 5328 ἡμέρας
2403 5258 2587 5324 ὀλίγας
2629 5257 2734 5309 τῶν
2768 5257 2905 5309 ἑπτὰ
2939 5257 3074 5308 ἐτῶν
3123 5257 3211 5309 τὸν
3241 5257 3472 5328 ἀριθμὸν
3506 5261 3745 5328 ἐνόμιζε,

2169 5346 2344 5416 πολλῴ
2379 5347 2576 5415 μᾶλλον
2605 5347 2632 5397 ὁ
2655 5345 2920 5414 μακάριος
2943 5338 3095 5407 οὗτος
3119 5344 3270 5397 οὐδὲν
3295 5345 3508 5398 ἅπαντα
3541 5349 3746 5416 ἡγεῖτο,

2169 5433 2441 5504 πυρωθεὶς
2472 5431 2616 5497 ὃπαξ
2648 5431 2725 5502 τῷ
2779 5434 2898 5502 περὶ
2941 5434 3031 5485 τὸν
3059 5432 3191 5484 Θεὸν
3217 5433 3387 5504 πόθῳ,
3415 5435 3510 5487 καὶ
3533 5435 3621 5488 διά
3655 5436 3750 5488 τὸν

2169 5521 2528 5592 ἀγαπώμενον
2556 5521 2788 5590 Χριστὸν
2824 5523 3034 5574 ἅπαντα
3081 5522 3383 5592 ὑπομένων.
3418 5524 3750 5578 Σπουδάσω-

2172 5627 2271 5680 μεν
2302 5609 2500 5672 τοίνυν,
2524 5608 2844 5678 παρακαλῶ.
2879 5610 2969 5660 καὶ
2994 5610 3153 5678 ἡμεῖς
3179 5611 3464 5680 ἀγαπῆσαι
3491 5612 3584 5664 τὸν
3609 5612 3752 5682 Χρι-

2171 5697 2314 5752 στόν.
2339 5697 2502 5750 Οὐδὲν
2527 5697 2636 5767 γὰρ
2662 5697 2867 5766 ἕτερον,
2892 5698 3078 5766 φησὶν,
3110 5699 3137 5750 6
3160 5698 3392 5767 Χριστὸς
3421 5697 3577 5770 ζητεί
3598 5699 3752 5771 παρά

2173 5785 2288 5850 σοῦ,
2315 5785 2348 5854 ἢ
2378 5786 2438 5838 τὸ
2481 5787 2700 5856 ἀγαπᾷν
2743 5785 2905 5838 αὐτὸν
2941 5784 3093 5857 [355]
3134 5785 3190 5851 ἐξ
3219 5785 3348 5856 ὅλης
3374 5789 3473 5860 τῆς
3495 5787 3750 5860 καρδίας,
