  <div class='ocr_page' id='page_1' title='image "/cluster/home/n/w/nwhite01/storage/ocr_20150623/54/nnc1.0046978518/108.png"; bbox 0 0 4038 6358; ppageno 0'>
   <div class='ocr_carea' id='block_1_1' title="bbox 273 319 376 374">
    <p class='ocr_par' dir='ltr' id='par_1_1' title="bbox 273 319 376 374">
     <span class='ocr_line' id='line_1_1' title="bbox 273 319 376 374; baseline 0.029 -5"><span class='ocrx_word' id='word_1_1' title='bbox 273 319 376 374; x_wconf 63' lang='grc'><strong>631</strong></span> 
     </span>
    </p>
   </div>
   <div class='ocr_carea' id='block_1_2' title="bbox 266 436 1869 512">
    <p class='ocr_par' dir='ltr' id='par_1_2' title="bbox 266 436 1869 512">
     <span class='ocr_line' id='line_1_2' title="bbox 266 436 1869 512; baseline 0.006 -24"><span class='ocrx_word' id='word_1_2' title='bbox 266 436 357 490; x_wconf 86' lang='lat' dir='ltr'><strong>sis</strong></span> <span class='ocrx_word' id='word_1_3' title='bbox 384 439 524 493; x_wconf 79' lang='lat' dir='ltr'><strong>filius</strong></span> <span class='ocrx_word' id='word_1_4' title='bbox 547 482 559 497; x_wconf 80' lang='lat'><strong>.</strong></span> <span class='ocrx_word' id='word_1_5' title='bbox 594 440 723 494; x_wconf 84' lang='lat' dir='ltr'>nihil</span> <span class='ocrx_word' id='word_1_6' title='bbox 766 442 906 495; x_wconf 92' lang='lat' dir='ltr'><strong>aliud</strong></span> <span class='ocrx_word' id='word_1_7' title='bbox 955 458 1111 512; x_wconf 88' lang='lat' dir='ltr'><strong>quam</strong></span> <span class='ocrx_word' id='word_1_8' title='bbox 1146 458 1269 497; x_wconf 88' lang='lat' dir='ltr'><strong>caro</strong></span> <span class='ocrx_word' id='word_1_9' title='bbox 1312 455 1489 498; x_wconf 57' lang='lat' dir='ltr'><strong>nostra</strong></span> <span class='ocrx_word' id='word_1_10' title='bbox 1518 460 1575 499; x_wconf 88' lang='lat' dir='ltr'><strong>es</strong></span> <span class='ocrx_word' id='word_1_11' title='bbox 1616 456 1668 498; x_wconf 89' lang='lat' dir='ltr'><strong>et</strong></span> <span class='ocrx_word' id='word_1_12' title='bbox 1708 443 1869 498; x_wconf 91' lang='lat' dir='ltr'><strong>frater</strong></span> 
     </span>
    </p>
   </div>
   <div class='ocr_carea' id='block_1_3' title="bbox 268 529 1870 603">
    <p class='ocr_par' dir='ltr' id='par_1_3' title="bbox 268 529 1870 603">
     <span class='ocr_line' id='line_1_3' title="bbox 268 529 1870 603; baseline 0.006 -24"><span class='ocrx_word' id='word_1_13' title='bbox 268 541 488 584; x_wconf 83' lang='lat' dir='ltr'><strong>noster.</strong></span> <span class='ocrx_word' id='word_1_14' title='bbox 522 529 585 583; x_wconf 73' lang='lat' dir='ltr'><strong>Et</strong></span> <span class='ocrx_word' id='word_1_15' title='bbox 623 544 729 584; x_wconf 87' lang='lat' dir='ltr'><strong>erat</strong></span> <span class='ocrx_word' id='word_1_16' title='bbox 768 550 882 585; x_wconf 85' lang='lat' dir='ltr'><strong>cum</strong></span> <span class='ocrx_word' id='word_1_17' title='bbox 910 550 1001 598; x_wconf 87' lang='lat' dir='ltr'><strong>eo,</strong></span> <span class='ocrx_word' id='word_1_18' title='bbox 1046 535 1243 603; x_wconf 90' lang='lat' dir='ltr'><strong>inquit,</strong></span> <span class='ocrx_word' id='word_1_19' title='bbox 1291 536 1359 586; x_wconf 90' lang='lat' dir='ltr'><strong>ad</strong></span> <span class='ocrx_word' id='word_1_20' title='bbox 1398 552 1614 589; x_wconf 87' lang='lat' dir='ltr'><strong>mensem</strong></span> <span class='ocrx_word' id='word_1_21' title='bbox 1653 537 1870 589; x_wconf 89' lang='lat' dir='ltr'><strong>dierum.</strong></span> 
     </span>
    </p>
   </div>
   <div class='ocr_carea' id='block_1_4' title="bbox 268 621 1874 698">
    <p class='ocr_par' dir='ltr' id='par_1_4' title="bbox 268 621 1874 698">
     <span class='ocr_line' id='line_1_4' title="bbox 268 621 1874 698; baseline 0.006 -24"><span class='ocrx_word' id='word_1_22' title='bbox 268 621 413 675; x_wconf 78' lang='lat' dir='ltr'><strong>Dein</strong></span> <span class='ocrx_word' id='word_1_23' title='bbox 453 625 605 690; x_wconf 86' lang='lat' dir='ltr'><strong>quasi</strong></span> <span class='ocrx_word' id='word_1_24' title='bbox 650 626 704 677; x_wconf 93' lang='lat' dir='ltr'><strong>in</strong></span> <span class='ocrx_word' id='word_1_25' title='bbox 733 625 894 679; x_wconf 89' lang='lat' dir='ltr'><strong>domo</strong></span> <span class='ocrx_word' id='word_1_26' title='bbox 921 628 1135 697; x_wconf 90' lang='lat' dir='ltr'><strong>propria</strong></span> <span class='ocrx_word' id='word_1_27' title='bbox 1164 628 1303 697; x_wconf 90' lang='lat' dir='ltr'><strong>apud</strong></span> <span class='ocrx_word' id='word_1_28' title='bbox 1345 643 1467 682; x_wconf 90' lang='lat' dir='ltr'><strong>eum</strong></span> <span class='ocrx_word' id='word_1_29' title='bbox 1511 629 1778 698; x_wconf 75' lang='lat' dir='ltr'><strong>impavide</strong></span> <span class='ocrx_word' id='word_1_30' title='bbox 1818 639 1874 684; x_wconf 86' lang='lat' dir='ltr'><strong>et</strong></span> 
     </span>
    </p>
   </div>
   <div class='ocr_carea' id='block_1_5' title="bbox 265 717 1871 791">
    <p class='ocr_par' dir='ltr' id='par_1_5' title="bbox 265 717 1871 791">
     <span class='ocr_line' id='line_1_5' title="bbox 265 717 1871 791; baseline 0.005 -22"><span class='ocrx_word' id='word_1_31' title='bbox 265 717 344 771; x_wconf 84' lang='lat' dir='ltr'><strong>ab</strong></span> <span class='ocrx_word' id='word_1_32' title='bbox 374 718 520 771; x_wconf 82' lang='lat' dir='ltr'><strong>onnii</strong></span> <span class='ocrx_word' id='word_1_33' title='bbox 552 732 678 771; x_wconf 91' lang='lat' dir='ltr'><strong>cura</strong></span> <span class='ocrx_word' id='word_1_34' title='bbox 710 719 847 773; x_wconf 88' lang='lat' dir='ltr'><strong>liber</strong></span> <span class='ocrx_word' id='word_1_35' title='bbox 884 720 1090 789; x_wconf 79' lang='lat' dir='ltr'><strong>agebat.</strong></span> <span class='ocrx_word' id='word_1_36' title='bbox 1137 720 1399 775; x_wconf 73' lang='lat' dir='ltr'><strong>Cancrum</strong></span> <span class='ocrx_word' id='word_1_37' title='bbox 1440 722 1688 791; x_wconf 89' lang='lat' dir='ltr'><strong>quoniam</strong></span> <span class='ocrx_word' id='word_1_38' title='bbox 1733 723 1871 777; x_wconf 89' lang='lat' dir='ltr'><strong>Deus</strong></span> 
     </span>
    </p>
   </div>
   <div class='ocr_carea' id='block_1_6' title="bbox 265 810 1868 883">
    <p class='ocr_par' dir='ltr' id='par_1_6' title="bbox 265 810 1868 883">
     <span class='ocr_line' id='line_1_6' title="bbox 265 810 1868 883; baseline 0.003 -21"><span class='ocrx_word' id='word_1_39' title='bbox 265 818 418 871; x_wconf 87' lang='lat' dir='ltr'><strong>erat,</strong></span> <span class='ocrx_word' id='word_1_40' title='bbox 451 810 539 879; x_wconf 92' lang='lat' dir='ltr'><strong>qni</strong></span> <span class='ocrx_word' id='word_1_41' title='bbox 567 814 745 863; x_wconf 80' lang='lat' dir='ltr'><strong>omnia</strong></span> <span class='ocrx_word' id='word_1_42' title='bbox 772 810 838 863; x_wconf 91' lang='lat' dir='ltr'><strong>ad</strong></span> <span class='ocrx_word' id='word_1_43' title='bbox 869 812 1147 865; x_wconf 89' lang='lat' dir='ltr'><strong>utilitatem</strong></span> <span class='ocrx_word' id='word_1_44' title='bbox 1177 812 1332 881; x_wconf 87' lang='lat' dir='ltr'><strong>hujus</strong></span> <span class='ocrx_word' id='word_1_45' title='bbox 1356 813 1481 882; x_wconf 86' lang='lat' dir='ltr'><strong>justi</strong></span> <span class='ocrx_word' id='word_1_46' title='bbox 1503 814 1868 883; x_wconf 78' lang='lat' dir='ltr'><strong>dispensabat,</strong></span> 
     </span>
    </p>
   </div>
   <div class='ocr_carea' id='block_1_7' title="bbox 266 904 1871 976">
    <p class='ocr_par' dir='ltr' id='par_1_7' title="bbox 266 904 1871 976">
     <span class='ocr_line' id='line_1_7' title="bbox 266 904 1871 976; baseline 0.003 -20"><span class='ocrx_word' id='word_1_47' title='bbox 266 913 330 956; x_wconf 83' lang='lat' dir='ltr'><strong>et</strong></span> <span class='ocrx_word' id='word_1_48' title='bbox 356 904 411 956; x_wconf 92' lang='lat' dir='ltr'><strong>in</strong></span> <span class='ocrx_word' id='word_1_49' title='bbox 438 904 690 958; x_wconf 91' lang='lat' dir='ltr'><strong>omnibus</strong></span> <span class='ocrx_word' id='word_1_50' title='bbox 717 904 764 958; x_wconf 91' lang='lat' dir='ltr'><strong>ei</strong></span> <span class='ocrx_word' id='word_1_51' title='bbox 794 920 944 959; x_wconf 87' lang='lat' dir='ltr'><strong>suam</strong></span> <span class='ocrx_word' id='word_1_52' title='bbox 972 906 1243 973; x_wconf 64' lang='lat' dir='ltr'><strong>praebebat</strong></span> <span class='ocrx_word' id='word_1_53' title='bbox 1269 907 1723 976; x_wconf 88' lang='lat' dir='ltr'><strong>cooperationem,</strong></span> <span class='ocrx_word' id='word_1_54' title='bbox 1756 907 1871 976; x_wconf 82' lang='lat' dir='ltr'><strong>ipse</strong></span> 
     </span>
    </p>
   </div>
   <div class='ocr_carea' id='block_1_8' title="bbox 266 995 1870 1052">
    <p class='ocr_par' dir='ltr' id='par_1_8' title="bbox 266 995 1870 1052">
     <span class='ocr_line' id='line_1_8' title="bbox 266 995 1870 1052; baseline 0.002 -4"><span class='ocrx_word' id='word_1_55' title='bbox 266 995 609 1049; x_wconf 80' lang='lat' dir='ltr'><strong>alacritatem</strong></span> <span class='ocrx_word' id='word_1_56' title='bbox 640 995 819 1050; x_wconf 87' lang='lat' dir='ltr'><strong>Laban</strong></span> <span class='ocrx_word' id='word_1_57' title='bbox 850 998 1100 1050; x_wconf 85' lang='lat' dir='ltr'><strong>excitavit</strong></span> <span class='ocrx_word' id='word_1_58' title='bbox 1136 1014 1149 1050; x_wconf 92' lang='lat'>:</span> <span class='ocrx_word' id='word_1_59' title='bbox 1187 1008 1241 1051; x_wconf 89' lang='lat' dir='ltr'><strong>et</strong></span> <span class='ocrx_word' id='word_1_60' title='bbox 1273 998 1457 1051; x_wconf 85' lang='lat' dir='ltr'><strong>videns</strong></span> <span class='ocrx_word' id='word_1_61' title='bbox 1487 998 1581 1051; x_wconf 91' lang='lat' dir='ltr'><strong>viri</strong></span> <span class='ocrx_word' id='word_1_62' title='bbox 1622 1014 1870 1052; x_wconf 91' lang='lat' dir='ltr'><strong>mansue-</strong></span> 
     </span>
    </p>
   </div>
   <div class='ocr_carea' id='block_1_9' title="bbox 269 1087 1870 1157">
    <p class='ocr_par' dir='ltr' id='par_1_9' title="bbox 269 1087 1870 1157">
     <span class='ocr_line' id='line_1_9' title="bbox 269 1087 1870 1157; baseline 0.002 -18"><span class='ocrx_word' id='word_1_63' title='bbox 269 1088 556 1151; x_wconf 89' lang='lat' dir='ltr'><strong>tudinem,</strong></span> <span class='ocrx_word' id='word_1_64' title='bbox 590 1088 721 1141; x_wconf 85' lang='lat' dir='ltr'><strong>dicit</strong></span> <span class='ocrx_word' id='word_1_65' title='bbox 753 1087 804 1141; x_wconf 90' lang='lat' dir='ltr'><strong>ei</strong></span> <span class='ocrx_word' id='word_1_66' title='bbox 838 1108 850 1143; x_wconf 92' lang='lat'><strong>:</strong></span> <span class='ocrx_word' id='word_1_67' title='bbox 886 1088 972 1143; x_wconf 78' lang='grc'><strong>15.</strong></span> <span class='ocrx_word' id='word_1_68' title='bbox 1004 1088 1255 1155; x_wconf 82' lang='lat' dir='ltr'><strong>Quoniam</strong></span> <span class='ocrx_word' id='word_1_69' title='bbox 1281 1090 1413 1142; x_wconf 85' lang='lat' dir='ltr'><strong>enim</strong></span> <span class='ocrx_word' id='word_1_70' title='bbox 1455 1089 1613 1157; x_wconf 80' lang='lat' dir='ltr'><strong>frater</strong></span> <span class='ocrx_word' id='word_1_71' title='bbox 1653 1106 1791 1143; x_wconf 87' lang='lat' dir='ltr'><strong>meus</strong></span> <span class='ocrx_word' id='word_1_72' title='bbox 1818 1106 1870 1143; x_wconf 83' lang='lat' dir='ltr'><strong>es</strong></span> 
     </span>
    </p>
   </div>
   <div class='ocr_carea' id='block_1_10' title="bbox 268 1182 1869 1251">
    <p class='ocr_par' dir='ltr' id='par_1_10' title="bbox 268 1182 1869 1251">
     <span class='ocr_line' id='line_1_10' title="bbox 268 1182 1869 1251; baseline 0 -18"><span class='ocrx_word' id='word_1_73' title='bbox 268 1192 351 1245; x_wconf 85' lang='lat' dir='ltr'><strong>tu,</strong></span> <span class='ocrx_word' id='word_1_74' title='bbox 388 1199 492 1234; x_wconf 88' lang='lat' dir='ltr'><strong>non</strong></span> <span class='ocrx_word' id='word_1_75' title='bbox 522 1182 707 1235; x_wconf 92' lang='lat' dir='ltr'><strong>servies</strong></span> <span class='ocrx_word' id='word_1_76' title='bbox 735 1182 861 1234; x_wconf 89' lang='lat' dir='ltr'><strong>mihi</strong></span> <span class='ocrx_word' id='word_1_77' title='bbox 898 1182 1055 1251; x_wconf 85' lang='lat' dir='ltr'><strong>gratis</strong></span> <span class='ocrx_word' id='word_1_78' title='bbox 1082 1197 1103 1235; x_wconf 88' lang='lat'><strong><em>:</em></strong></span> <span class='ocrx_word' id='word_1_79' title='bbox 1127 1183 1209 1235; x_wconf 90' lang='lat' dir='ltr'><strong>dic</strong></span> <span class='ocrx_word' id='word_1_80' title='bbox 1233 1184 1391 1245; x_wconf 83' lang='lat' dir='ltr'><strong>mihi,</strong></span> <span class='ocrx_word' id='word_1_81' title='bbox 1418 1199 1531 1248; x_wconf 68' lang='lat' dir='ltr'><strong>qua:</strong></span> <span class='ocrx_word' id='word_1_82' title='bbox 1556 1200 1741 1235; x_wconf 89' lang='lat' dir='ltr'><strong>merces</strong></span> <span class='ocrx_word' id='word_1_83' title='bbox 1782 1193 1869 1235; x_wconf 84' lang='lat' dir='ltr'><strong>tua</strong></span> 
     </span>
    </p>
   </div>
   <div class='ocr_carea' id='block_1_11' title="bbox 264 1275 1864 1346">
    <p class='ocr_par' dir='ltr' id='par_1_11' title="bbox 264 1275 1864 1346">
     <span class='ocr_line' id='line_1_11' title="bbox 264 1275 1864 1346; baseline 0.004 -20"><span class='ocrx_word' id='word_1_84' title='bbox 264 1275 358 1327; x_wconf 86' lang='lat' dir='ltr'><strong>sit.</strong></span> <span class='ocrx_word' id='word_1_85' title='bbox 398 1275 529 1328; x_wconf 84' lang='lat' dir='ltr'><strong>Vide</strong></span> <span class='ocrx_word' id='word_1_86' title='bbox 555 1275 825 1343; x_wconf 91' lang='lat' dir='ltr'><strong>quomodo</strong></span> <span class='ocrx_word' id='word_1_87' title='bbox 856 1276 968 1344; x_wconf 89' lang='lat' dir='ltr'><strong>ipse</strong></span> <span class='ocrx_word' id='word_1_88' title='bbox 998 1276 1210 1345; x_wconf 85' lang='lat' dir='ltr'><strong>quidem</strong></span> <span class='ocrx_word' id='word_1_89' title='bbox 1252 1278 1465 1346; x_wconf 85' lang='lat' dir='ltr'><strong>petebat</strong></span> <span class='ocrx_word' id='word_1_90' title='bbox 1490 1277 1656 1341; x_wconf 88' lang='lat' dir='ltr'><strong>nihil,</strong></span> <span class='ocrx_word' id='word_1_91' title='bbox 1687 1278 1864 1332; x_wconf 87' lang='lat' dir='ltr'><strong>Laban</strong></span> 
     </span>
    </p>
   </div>
   <div class='ocr_carea' id='block_1_12' title="bbox 267 1370 1863 1440">
    <p class='ocr_par' dir='ltr' id='par_1_12' title="bbox 267 1370 1863 1440">
     <span class='ocr_line' id='line_1_12' title="bbox 267 1370 1863 1440; baseline 0.003 -22"><span class='ocrx_word' id='word_1_92' title='bbox 267 1378 458 1423; x_wconf 84' lang='lat' dir='ltr'><strong>autem</strong></span> <span class='ocrx_word' id='word_1_93' title='bbox 489 1384 518 1422; x_wconf 91' lang='lat' dir='ltr'><strong>a</strong></span> <span class='ocrx_word' id='word_1_94' title='bbox 550 1383 609 1423; x_wconf 91' lang='lat' dir='ltr'><strong>sc</strong></span> <span class='ocrx_word' id='word_1_95' title='bbox 636 1370 738 1423; x_wconf 90' lang='lat' dir='ltr'><strong>hoc</strong></span> <span class='ocrx_word' id='word_1_96' title='bbox 767 1371 1016 1438; x_wconf 84' lang='lat' dir='ltr'><strong>proponit</strong></span> <span class='ocrx_word' id='word_1_97' title='bbox 1044 1372 1209 1440; x_wconf 86' lang='lat' dir='ltr'><strong>justo.</strong></span> <span class='ocrx_word' id='word_1_98' title='bbox 1240 1372 1305 1426; x_wconf 87' lang='lat' dir='ltr'><strong>Et</strong></span> <span class='ocrx_word' id='word_1_99' title='bbox 1339 1373 1586 1435; x_wconf 75' lang='lat' dir='ltr'><strong>attende,</strong></span> <span class='ocrx_word' id='word_1_100' title='bbox 1618 1372 1863 1434; x_wconf 87' lang='lat' dir='ltr'><strong>obsecro,</strong></span> 
     </span>
    </p>
   </div>
   <div class='ocr_carea' id='block_1_13' title="bbox 267 1461 1869 1531">
    <p class='ocr_par' dir='ltr' id='par_1_13' title="bbox 267 1461 1869 1531">
     <span class='ocr_line' id='line_1_13' title="bbox 267 1461 1869 1531; baseline 0.002 -20"><span class='ocrx_word' id='word_1_101' title='bbox 267 1461 549 1531; x_wconf 88' lang='lat' dir='ltr'><strong>quomodo</strong></span> <span class='ocrx_word' id='word_1_102' title='bbox 577 1462 661 1515; x_wconf 91' lang='lat' dir='ltr'><strong>cui</strong></span> <span class='ocrx_word' id='word_1_103' title='bbox 689 1461 865 1515; x_wconf 77' lang='lat' dir='ltr'><strong>divina</strong></span> <span class='ocrx_word' id='word_1_104' title='bbox 893 1478 1083 1517; x_wconf 89' lang='lat' dir='ltr'><strong>manus</strong></span> <span class='ocrx_word' id='word_1_105' title='bbox 1110 1464 1331 1529; x_wconf 81' lang='lat' dir='ltr'><strong>assistit,</strong></span> <span class='ocrx_word' id='word_1_106' title='bbox 1362 1464 1409 1518; x_wconf 92' lang='lat' dir='ltr'><strong>ei</strong></span> <span class='ocrx_word' id='word_1_107' title='bbox 1437 1463 1615 1517; x_wconf 89' lang='lat' dir='ltr'><strong>omnia</strong></span> <span class='ocrx_word' id='word_1_108' title='bbox 1645 1463 1869 1517; x_wconf 79' lang='lat' dir='ltr'><strong>feliciter</strong></span> 
     </span>
    </p>
   </div>
   <div class='ocr_carea' id='block_1_14' title="bbox 268 1552 1866 1625">
    <p class='ocr_par' dir='ltr' id='par_1_14' title="bbox 268 1552 1866 1625">
     <span class='ocr_line' id='line_1_14' title="bbox 268 1552 1866 1625; baseline 0.001 -19"><span class='ocrx_word' id='word_1_109' title='bbox 268 1552 587 1608; x_wconf 79' lang='lat' dir='ltr'><strong>succedant.</strong></span> <span class='ocrx_word' id='word_1_110' title='bbox 636 1552 758 1606; x_wconf 80' lang='lat' dir='ltr'><strong>Non</strong></span> <span class='ocrx_word' id='word_1_111' title='bbox 800 1555 984 1607; x_wconf 75' lang='lat' dir='ltr'><strong>servies</strong></span> <span class='ocrx_word' id='word_1_112' title='bbox 1024 1555 1183 1618; x_wconf 84' lang='lat' dir='ltr'><strong>mihi,</strong></span> <span class='ocrx_word' id='word_1_113' title='bbox 1218 1556 1419 1625; x_wconf 88' lang='lat' dir='ltr'><strong>inquit,</strong></span> <span class='ocrx_word' id='word_1_114' title='bbox 1465 1557 1621 1625; x_wconf 82' lang='lat' dir='ltr'><strong>gratis</strong></span> <span class='ocrx_word' id='word_1_115' title='bbox 1653 1572 1671 1609; x_wconf 93' lang='lat'><strong><em>:</em></strong></span> <span class='ocrx_word' id='word_1_116' title='bbox 1698 1556 1866 1609; x_wconf 83' lang='lat' dir='ltr'><strong>indica</strong></span> 
     </span>
    </p>
   </div>
   <div class='ocr_carea' id='block_1_15' title="bbox 268 1647 1867 1718">
    <p class='ocr_par' dir='ltr' id='par_1_15' title="bbox 268 1647 1867 1718">
     <span class='ocr_line' id='line_1_15' title="bbox 268 1647 1867 1718; baseline 0.002 -19"><span class='ocrx_word' id='word_1_117' title='bbox 268 1647 402 1699; x_wconf 71' lang='lat' dir='ltr'><strong>mihi</strong></span> <span class='ocrx_word' id='word_1_118' title='bbox 427 1663 539 1715; x_wconf 67' lang='lat' dir='ltr'><strong>quin</strong></span> <span class='ocrx_word' id='word_1_119' title='bbox 577 1664 763 1701; x_wconf 82' lang='lat' dir='ltr'><strong>merces</strong></span> <span class='ocrx_word' id='word_1_120' title='bbox 791 1657 878 1700; x_wconf 92' lang='lat' dir='ltr'><strong>tua</strong></span> <span class='ocrx_word' id='word_1_121' title='bbox 904 1658 988 1702; x_wconf 79' lang='lat' dir='ltr'><strong>sit.</strong></span> <span class='ocrx_word' id='word_1_122' title='bbox 1027 1648 1279 1716; x_wconf 77' lang='lat' dir='ltr'><strong>Quamvis</strong></span> <span class='ocrx_word' id='word_1_123' title='bbox 1304 1648 1489 1703; x_wconf 89' lang='lat' dir='ltr'><strong>beatus</strong></span> <span class='ocrx_word' id='word_1_124' title='bbox 1527 1648 1618 1703; x_wconf 86' lang='lat' dir='ltr'><strong>ille</strong></span> <span class='ocrx_word' id='word_1_125' title='bbox 1662 1663 1867 1718; x_wconf 71' lang='lat' dir='ltr'><strong>magna:</strong></span> 
     </span>
    </p>
   </div>
   <div class='ocr_carea' id='block_1_16' title="bbox 268 1739 1865 1810">
    <p class='ocr_par' dir='ltr' id='par_1_16' title="bbox 268 1739 1865 1810">
     <span class='ocr_line' id='line_1_16' title="bbox 268 1739 1865 1810; baseline 0.001 -17"><span class='ocrx_word' id='word_1_126' title='bbox 268 1740 514 1793; x_wconf 85' lang='lat' dir='ltr'><strong>caritatis</strong></span> <span class='ocrx_word' id='word_1_127' title='bbox 554 1740 675 1794; x_wconf 86' lang='lat' dir='ltr'><strong>loco</strong></span> <span class='ocrx_word' id='word_1_128' title='bbox 714 1739 935 1794; x_wconf 89' lang='lat' dir='ltr'><strong>haberet</strong></span> <span class='ocrx_word' id='word_1_129' title='bbox 962 1740 1042 1794; x_wconf 90' lang='lat' dir='ltr'><strong>vel</strong></span> <span class='ocrx_word' id='word_1_130' title='bbox 1079 1739 1391 1810; x_wconf 86' lang='lat' dir='ltr'><strong>simpliciter</strong></span> <span class='ocrx_word' id='word_1_131' title='bbox 1428 1740 1740 1810; x_wconf 90' lang='lat' dir='ltr'><strong>quotidiano</strong></span> <span class='ocrx_word' id='word_1_132' title='bbox 1766 1741 1865 1794; x_wconf 86' lang='lat' dir='ltr'><strong>ali-</strong></span> 
     </span>
    </p>
   </div>
   <div class='ocr_carea' id='block_1_17' title="bbox 272 1831 1861 1901">
    <p class='ocr_par' dir='ltr' id='par_1_17' title="bbox 272 1831 1861 1901">
     <span class='ocr_line' id='line_1_17' title="bbox 272 1831 1861 1901; baseline 0.001 -17"><span class='ocrx_word' id='word_1_133' title='bbox 272 1841 463 1886; x_wconf 89' lang='lat' dir='ltr'><strong>mento</strong></span> <span class='ocrx_word' id='word_1_134' title='bbox 506 1832 605 1885; x_wconf 91' lang='lat' dir='ltr'><strong>frui</strong></span> <span class='ocrx_word' id='word_1_135' title='bbox 632 1873 645 1891; x_wconf 84' lang='lat'><strong>,</strong></span> <span class='ocrx_word' id='word_1_136' title='bbox 692 1831 1020 1900; x_wconf 87' lang='lat' dir='ltr'><strong>multamque</strong></span> <span class='ocrx_word' id='word_1_137' title='bbox 1060 1846 1160 1900; x_wconf 91' lang='lat' dir='ltr'><strong>pro</strong></span> <span class='ocrx_word' id='word_1_138' title='bbox 1201 1847 1268 1886; x_wconf 90' lang='lat' dir='ltr'><strong>eo</strong></span> <span class='ocrx_word' id='word_1_139' title='bbox 1302 1832 1525 1901; x_wconf 81' lang='lat' dir='ltr'><strong>gratiam</strong></span> <span class='ocrx_word' id='word_1_140' title='bbox 1572 1831 1861 1888; x_wconf 88' lang='lat' dir='ltr'><strong>redderet:</strong></span> 
     </span>
    </p>
   </div>
   <div class='ocr_carea' id='block_1_18' title="bbox 270 1922 1862 1993">
    <p class='ocr_par' dir='ltr' id='par_1_18' title="bbox 270 1922 1862 1993">
     <span class='ocr_line' id='line_1_18' title="bbox 270 1922 1862 1993; baseline 0.004 -21"><span class='ocrx_word' id='word_1_141' title='bbox 270 1939 462 1977; x_wconf 79' lang='lat' dir='ltr'><strong>verum</strong></span> <span class='ocrx_word' id='word_1_142' title='bbox 493 1922 614 1993; x_wconf 89' lang='lat' dir='ltr'><strong>quia</strong></span> <span class='ocrx_word' id='word_1_143' title='bbox 643 1925 833 1977; x_wconf 88' lang='lat' dir='ltr'><strong>miram</strong></span> <span class='ocrx_word' id='word_1_144' title='bbox 865 1923 1247 1979; x_wconf 84' lang='lat' dir='ltr'><strong>humanitatem</strong></span> <span class='ocrx_word' id='word_1_145' title='bbox 1274 1940 1383 1993; x_wconf 73' lang='lat' dir='ltr'><strong>prae</strong></span> <span class='ocrx_word' id='word_1_146' title='bbox 1410 1938 1468 1978; x_wconf 91' lang='lat' dir='ltr'><strong>se</strong></span> <span class='ocrx_word' id='word_1_147' title='bbox 1496 1923 1718 1987; x_wconf 87' lang='lat' dir='ltr'><strong>ferebat,</strong></span> <span class='ocrx_word' id='word_1_148' title='bbox 1744 1924 1862 1978; x_wconf 89' lang='lat' dir='ltr'><strong>ideo</strong></span> 
     </span>
    </p>
   </div>
   <div class='ocr_carea' id='block_1_19' title="bbox 271 2014 1861 2087">
    <p class='ocr_par' dir='ltr' id='par_1_19' title="bbox 271 2014 1861 2087">
     <span class='ocr_line' id='line_1_19' title="bbox 271 2014 1861 2087; baseline 0.002 -19"><span class='ocrx_word' id='word_1_149' title='bbox 271 2015 454 2068; x_wconf 78' lang='lat' dir='ltr'><strong>Laban</strong></span> <span class='ocrx_word' id='word_1_150' title='bbox 479 2014 781 2070; x_wconf 85' lang='lat' dir='ltr'><strong>mercedem</strong></span> <span class='ocrx_word' id='word_1_151' title='bbox 802 2017 847 2070; x_wconf 89' lang='lat' dir='ltr'><strong>ei</strong></span> <span class='ocrx_word' id='word_1_152' title='bbox 876 2016 1173 2085; x_wconf 90' lang='lat' dir='ltr'><strong>pollicetur,</strong></span> <span class='ocrx_word' id='word_1_153' title='bbox 1192 2032 1350 2087; x_wconf 90' lang='lat' dir='ltr'><strong>quam</strong></span> <span class='ocrx_word' id='word_1_154' title='bbox 1375 2017 1487 2087; x_wconf 90' lang='lat' dir='ltr'><strong>ipse</strong></span> <span class='ocrx_word' id='word_1_155' title='bbox 1503 2017 1861 2087; x_wconf 79' lang='lat' dir='ltr'><strong>proposuerit.</strong></span> 
     </span>
    </p>
   </div>
   <div class='ocr_carea' id='block_1_20' title="bbox 268 2106 1861 2176">
    <p class='ocr_par' dir='ltr' id='par_1_20' title="bbox 268 2106 1861 2176">
     <span class='ocr_line' id='line_1_20' title="bbox 268 2106 1861 2176; baseline 0.002 -16"><span class='ocrx_word' id='word_1_156' title='bbox 268 2106 410 2174; x_wconf 87' lang='lat' dir='ltr'><strong>Quid</strong></span> <span class='ocrx_word' id='word_1_157' title='bbox 443 2107 601 2176; x_wconf 80' lang='lat' dir='ltr'><strong>igitur</strong></span> <span class='ocrx_word' id='word_1_158' title='bbox 619 2106 832 2175; x_wconf 83' lang='lat' dir='ltr'><strong>justus?</strong></span> <span class='ocrx_word' id='word_1_159' title='bbox 864 2107 1015 2173; x_wconf 75' lang='lat' dir='ltr'><strong>Vide,</strong></span> <span class='ocrx_word' id='word_1_160' title='bbox 1045 2108 1287 2169; x_wconf 89' lang='lat' dir='ltr'><strong>obsecro.</strong></span> <span class='ocrx_word' id='word_1_161' title='bbox 1318 2118 1374 2164; x_wconf 90' lang='lat' dir='ltr'><strong>et</strong></span> <span class='ocrx_word' id='word_1_162' title='bbox 1401 2108 1485 2164; x_wconf 93' lang='lat' dir='ltr'><strong>hic</strong></span> <span class='ocrx_word' id='word_1_163' title='bbox 1513 2110 1861 2164; x_wconf 86' lang='lat' dir='ltr'><strong>excellentem</strong></span> 
     </span>
    </p>
   </div>
   <div class='ocr_carea' id='block_1_21' title="bbox 267 2198 1860 2270">
    <p class='ocr_par' dir='ltr' id='par_1_21' title="bbox 267 2198 1860 2270">
     <span class='ocr_line' id='line_1_21' title="bbox 267 2198 1860 2270; baseline 0.001 -20"><span class='ocrx_word' id='word_1_164' title='bbox 267 2198 393 2265; x_wconf 85' lang='lat' dir='ltr'><strong>ejus</strong></span> <span class='ocrx_word' id='word_1_165' title='bbox 418 2198 761 2267; x_wconf 83' lang='lat' dir='ltr'><strong>sagacitatem</strong></span> <span class='ocrx_word' id='word_1_166' title='bbox 783 2240 797 2263; x_wconf 95' lang='lat'><strong>,</strong></span> <span class='ocrx_word' id='word_1_167' title='bbox 830 2206 884 2251; x_wconf 87' lang='lat' dir='ltr'><strong>et</strong></span> <span class='ocrx_word' id='word_1_168' title='bbox 925 2198 1193 2268; x_wconf 91' lang='lat' dir='ltr'><strong>quomodo</strong></span> <span class='ocrx_word' id='word_1_169' title='bbox 1221 2199 1418 2253; x_wconf 90' lang='lat' dir='ltr'><strong>nullam</strong></span> <span class='ocrx_word' id='word_1_170' title='bbox 1461 2200 1860 2270; x_wconf 87' lang='lat' dir='ltr'><strong>congreganda-</strong></span> 
     </span>
    </p>
   </div>
   <div class='ocr_carea' id='block_1_22' title="bbox 269 2289 1863 2359">
    <p class='ocr_par' dir='ltr' id='par_1_22' title="bbox 269 2289 1863 2359">
     <span class='ocr_line' id='line_1_22' title="bbox 269 2289 1863 2359; baseline 0.003 -17"><span class='ocrx_word' id='word_1_171' title='bbox 269 2306 393 2342; x_wconf 84' lang='lat' dir='ltr'><strong>ruin</strong></span> <span class='ocrx_word' id='word_1_172' title='bbox 424 2305 582 2359; x_wconf 91' lang='lat' dir='ltr'><strong>opum</strong></span> <span class='ocrx_word' id='word_1_173' title='bbox 612 2289 856 2345; x_wconf 87' lang='lat' dir='ltr'><strong>habuerit</strong></span> <span class='ocrx_word' id='word_1_174' title='bbox 882 2306 1088 2345; x_wconf 89' lang='lat' dir='ltr'><strong>curam.</strong></span> <span class='ocrx_word' id='word_1_175' title='bbox 1113 2291 1226 2346; x_wconf 87' lang='lat' dir='ltr'><strong>Non</strong></span> <span class='ocrx_word' id='word_1_176' title='bbox 1256 2294 1396 2347; x_wconf 91' lang='lat' dir='ltr'><strong>enim</strong></span> <span class='ocrx_word' id='word_1_177' title='bbox 1426 2295 1565 2348; x_wconf 87' lang='lat' dir='ltr'><strong>sicut</strong></span> <span class='ocrx_word' id='word_1_178' title='bbox 1590 2310 1863 2349; x_wconf 87' lang='lat' dir='ltr'><strong>mercena-</strong></span> 
     </span>
    </p>
   </div>
   <div class='ocr_carea' id='block_1_23' title="bbox 267 2381 1861 2453">
    <p class='ocr_par' dir='ltr' id='par_1_23' title="bbox 267 2381 1861 2453">
     <span class='ocr_line' id='line_1_23' title="bbox 267 2381 1861 2453; baseline 0.004 -20"><span class='ocrx_word' id='word_1_179' title='bbox 267 2383 387 2434; x_wconf 85' lang='lat' dir='ltr'><strong>rius</strong></span> <span class='ocrx_word' id='word_1_180' title='bbox 416 2382 609 2451; x_wconf 85' lang='lat' dir='ltr'><strong>aliquis</strong></span> <span class='ocrx_word' id='word_1_181' title='bbox 651 2396 772 2437; x_wconf 92' lang='lat' dir='ltr'><strong>cum</strong></span> <span class='ocrx_word' id='word_1_182' title='bbox 813 2381 998 2437; x_wconf 80' lang='lat' dir='ltr'><strong>Laban</strong></span> <span class='ocrx_word' id='word_1_183' title='bbox 1042 2383 1330 2450; x_wconf 86' lang='lat' dir='ltr'><strong>convenit,</strong></span> <span class='ocrx_word' id='word_1_184' title='bbox 1363 2392 1417 2439; x_wconf 90' lang='lat' dir='ltr'><strong>et</strong></span> <span class='ocrx_word' id='word_1_185' title='bbox 1444 2400 1663 2453; x_wconf 85' lang='lat' dir='ltr'><strong>Operam</strong></span> <span class='ocrx_word' id='word_1_186' title='bbox 1710 2401 1861 2439; x_wconf 92' lang='lat' dir='ltr'><strong>suam</strong></span> 
     </span>
    </p>
   </div>
   <div class='ocr_carea' id='block_1_24' title="bbox 264 2472 1862 2545">
    <p class='ocr_par' dir='ltr' id='par_1_24' title="bbox 264 2472 1862 2545">
     <span class='ocr_line' id='line_1_24' title="bbox 264 2472 1862 2545; baseline 0.003 -19"><span class='ocrx_word' id='word_1_187' title='bbox 264 2472 622 2541; x_wconf 85' lang='lat' dir='ltr'><strong>exquisitiore</strong></span> <span class='ocrx_word' id='word_1_188' title='bbox 648 2472 899 2527; x_wconf 85' lang='lat' dir='ltr'><strong>mercede</strong></span> <span class='ocrx_word' id='word_1_189' title='bbox 930 2473 1068 2526; x_wconf 88' lang='lat' dir='ltr'><strong>locat</strong></span> <span class='ocrx_word' id='word_1_190' title='bbox 1094 2513 1108 2537; x_wconf 92' lang='lat'><strong>,</strong></span> <span class='ocrx_word' id='word_1_191' title='bbox 1156 2483 1210 2529; x_wconf 89' lang='lat' dir='ltr'><strong>et</strong></span> <span class='ocrx_word' id='word_1_192' title='bbox 1233 2474 1377 2528; x_wconf 83' lang='lat' dir='ltr'><strong>aliud</strong></span> <span class='ocrx_word' id='word_1_193' title='bbox 1405 2475 1531 2545; x_wconf 90' lang='lat' dir='ltr'><strong>quid</strong></span> <span class='ocrx_word' id='word_1_194' title='bbox 1565 2476 1697 2545; x_wconf 89' lang='lat' dir='ltr'><strong>petit</strong></span> <span class='ocrx_word' id='word_1_195' title='bbox 1725 2493 1737 2528; x_wconf 89' lang='lat'><strong>:</strong></span> <span class='ocrx_word' id='word_1_196' title='bbox 1767 2475 1862 2530; x_wconf 88' lang='lat' dir='ltr'><strong>sed</strong></span> 
     </span>
    </p>
   </div>
   <div class='ocr_carea' id='block_1_25' title="bbox 266 2565 1861 2636">
    <p class='ocr_par' dir='ltr' id='par_1_25' title="bbox 266 2565 1861 2636">
     <span class='ocr_line' id='line_1_25' title="bbox 266 2565 1861 2636; baseline 0.004 -20"><span class='ocrx_word' id='word_1_197' title='bbox 266 2578 481 2617; x_wconf 86' lang='lat' dir='ltr'><strong>memor</strong></span> <span class='ocrx_word' id='word_1_198' title='bbox 525 2565 712 2618; x_wconf 88' lang='lat' dir='ltr'><strong>matris</strong></span> <span class='ocrx_word' id='word_1_199' title='bbox 749 2574 804 2619; x_wconf 91' lang='lat' dir='ltr'><strong>et</strong></span> <span class='ocrx_word' id='word_1_200' title='bbox 844 2574 1229 2635; x_wconf 73' lang='lat' dir='ltr'><strong>praeceptorum</strong></span> <span class='ocrx_word' id='word_1_201' title='bbox 1272 2567 1469 2636; x_wconf 88' lang='lat' dir='ltr'><strong>patris,</strong></span> <span class='ocrx_word' id='word_1_202' title='bbox 1502 2578 1555 2622; x_wconf 90' lang='lat' dir='ltr'><strong>et</strong></span> <span class='ocrx_word' id='word_1_203' title='bbox 1581 2568 1861 2623; x_wconf 81' lang='lat' dir='ltr'><strong>mirificam</strong></span> 
     </span>
    </p>
   </div>
   <div class='ocr_carea' id='block_1_26' title="bbox 265 2658 1860 2728">
    <p class='ocr_par' dir='ltr' id='par_1_26' title="bbox 265 2658 1860 2728">
     <span class='ocr_line' id='line_1_26' title="bbox 265 2658 1860 2728; baseline 0.003 -17"><span class='ocrx_word' id='word_1_204' title='bbox 265 2658 657 2712; x_wconf 87' lang='lat' dir='ltr'><strong>continentiam</strong></span> <span class='ocrx_word' id='word_1_205' title='bbox 685 2675 797 2728; x_wconf 73' lang='lat' dir='ltr'><strong>pra:</strong></span> <span class='ocrx_word' id='word_1_206' title='bbox 824 2674 883 2714; x_wconf 90' lang='lat' dir='ltr'><strong>se</strong></span> <span class='ocrx_word' id='word_1_207' title='bbox 925 2659 1138 2726; x_wconf 86' lang='lat' dir='ltr'><strong>ferens,</strong></span> <span class='ocrx_word' id='word_1_208' title='bbox 1166 2660 1294 2715; x_wconf 91' lang='lat' dir='ltr'><strong>dicit</strong></span> <span class='ocrx_word' id='word_1_209' title='bbox 1318 2659 1535 2715; x_wconf 88' lang='lat' dir='ltr'><strong>Labano</strong></span> <span class='ocrx_word' id='word_1_210' title='bbox 1565 2679 1580 2715; x_wconf 91' lang='lat'><strong>:</strong></span> <span class='ocrx_word' id='word_1_211' title='bbox 1611 2662 1700 2717; x_wconf 79' lang='lat' dir='ltr'><strong>l8.</strong></span> <span class='ocrx_word' id='word_1_212' title='bbox 1734 2663 1860 2716; x_wconf 84' lang='lat' dir='ltr'><strong>Ser-</strong></span> 
     </span>
    </p>
   </div>
   <div class='ocr_carea' id='block_1_27' title="bbox 267 2752 1861 2824">
    <p class='ocr_par' dir='ltr' id='par_1_27' title="bbox 267 2752 1861 2824">
     <span class='ocr_line' id='line_1_27' title="bbox 267 2752 1861 2824; baseline 0.005 -21"><span class='ocrx_word' id='word_1_213' title='bbox 267 2752 409 2805; x_wconf 77' lang='lat' dir='ltr'><strong>riam</strong></span> <span class='ocrx_word' id='word_1_214' title='bbox 454 2752 542 2805; x_wconf 88' lang='lat' dir='ltr'><strong>tibi</strong></span> <span class='ocrx_word' id='word_1_215' title='bbox 581 2762 771 2822; x_wconf 88' lang='lat' dir='ltr'><strong>septem</strong></span> <span class='ocrx_word' id='word_1_216' title='bbox 811 2754 956 2807; x_wconf 86' lang='lat' dir='ltr'><strong>annis</strong></span> <span class='ocrx_word' id='word_1_217' title='bbox 998 2770 1090 2822; x_wconf 88' lang='lat' dir='ltr'><strong>pro</strong></span> <span class='ocrx_word' id='word_1_218' title='bbox 1135 2752 1325 2807; x_wconf 93' lang='lat' dir='ltr'><strong>Rachel</strong></span> <span class='ocrx_word' id='word_1_219' title='bbox 1366 2755 1476 2822; x_wconf 79' lang='lat' dir='ltr'><strong>ﬁlia</strong></span> <span class='ocrx_word' id='word_1_220' title='bbox 1518 2764 1605 2808; x_wconf 87' lang='lat' dir='ltr'><strong>tua</strong></span> <span class='ocrx_word' id='word_1_221' title='bbox 1633 2756 1861 2824; x_wconf 88' lang='lat' dir='ltr'><strong>juniore.</strong></span> 
     </span>
    </p>
   </div>
   <div class='ocr_carea' id='block_1_28' title="bbox 268 2846 1863 2917">
    <p class='ocr_par' dir='ltr' id='par_1_28' title="bbox 268 2846 1863 2917">
     <span class='ocr_line' id='line_1_28' title="bbox 268 2846 1863 2917; baseline 0.004 -19"><span class='ocrx_word' id='word_1_222' title='bbox 268 2846 422 2900; x_wconf 84' lang='lat' dir='ltr'><strong>lianc</strong></span> <span class='ocrx_word' id='word_1_223' title='bbox 446 2846 586 2899; x_wconf 88' lang='lat' dir='ltr'><strong>enim</strong></span> <span class='ocrx_word' id='word_1_224' title='bbox 625 2863 749 2901; x_wconf 77' lang='lat' dir='ltr'><strong>mox</strong></span> <span class='ocrx_word' id='word_1_225' title='bbox 778 2856 835 2901; x_wconf 91' lang='lat' dir='ltr'><strong>ut</strong></span> <span class='ocrx_word' id='word_1_226' title='bbox 859 2847 999 2917; x_wconf 89' lang='lat' dir='ltr'><strong>apud</strong></span> <span class='ocrx_word' id='word_1_227' title='bbox 1033 2848 1233 2903; x_wconf 90' lang='lat' dir='ltr'><strong>fontem</strong></span> <span class='ocrx_word' id='word_1_228' title='bbox 1260 2849 1401 2916; x_wconf 91' lang='lat' dir='ltr'><strong>vidi,</strong></span> <span class='ocrx_word' id='word_1_229' title='bbox 1430 2851 1623 2904; x_wconf 88' lang='lat' dir='ltr'><strong>amavi.</strong></span> <span class='ocrx_word' id='word_1_230' title='bbox 1654 2850 1722 2904; x_wconf 79' lang='lat' dir='ltr'><strong>Et</strong></span> <span class='ocrx_word' id='word_1_231' title='bbox 1742 2850 1863 2905; x_wconf 87' lang='lat' dir='ltr'><strong>vide</strong></span> 
     </span>
    </p>
   </div>
   <div class='ocr_carea' id='block_1_29' title="bbox 266 2936 1862 3013">
    <p class='ocr_par' dir='ltr' id='par_1_29' title="bbox 266 2936 1862 3013">
     <span class='ocr_line' id='line_1_29' title="bbox 266 2936 1862 3013; baseline 0.005 -24"><span class='ocrx_word' id='word_1_232' title='bbox 266 2936 699 2993; x_wconf 87' lang='lat' dir='ltr'><strong>benevolentiam</strong></span> <span class='ocrx_word' id='word_1_233' title='bbox 730 2939 849 2993; x_wconf 89' lang='lat' dir='ltr'><strong>viri.</strong></span> <span class='ocrx_word' id='word_1_234' title='bbox 887 2938 1101 3010; x_wconf 90' lang='lat' dir='ltr'><strong>Sibiipsi</strong></span> <span class='ocrx_word' id='word_1_235' title='bbox 1135 2950 1190 2995; x_wconf 80' lang='lat' dir='ltr'><strong>et</strong></span> <span class='ocrx_word' id='word_1_236' title='bbox 1217 2952 1423 3011; x_wconf 87' lang='lat' dir='ltr'><strong>tempus</strong></span> <span class='ocrx_word' id='word_1_237' title='bbox 1447 2943 1782 3013; x_wconf 73' lang='lat' dir='ltr'><strong>praescribit,</strong></span> <span class='ocrx_word' id='word_1_238' title='bbox 1808 2954 1862 2997; x_wconf 91' lang='lat' dir='ltr'><strong>et</strong></span> 
     </span>
    </p>
   </div>
   <div class='ocr_carea' id='block_1_30' title="bbox 269 3030 1861 3103">
    <p class='ocr_par' dir='ltr' id='par_1_30' title="bbox 269 3030 1861 3103">
     <span class='ocr_line' id='line_1_30' title="bbox 269 3030 1861 3103; baseline 0.005 -21"><span class='ocrx_word' id='word_1_239' title='bbox 269 3039 425 3085; x_wconf 85' lang='lat' dir='ltr'><strong>tanto</strong></span> <span class='ocrx_word' id='word_1_240' title='bbox 446 3039 685 3098; x_wconf 86' lang='lat' dir='ltr'><strong>tempore</strong></span> <span class='ocrx_word' id='word_1_241' title='bbox 706 3030 978 3088; x_wconf 88' lang='lat' dir='ltr'><strong>sufficiens</strong></span> <span class='ocrx_word' id='word_1_242' title='bbox 997 3044 1366 3103; x_wconf 85' lang='lat' dir='ltr'><strong>argumentum</strong></span> <span class='ocrx_word' id='word_1_243' title='bbox 1389 3050 1498 3091; x_wconf 74' lang='lat' dir='ltr'><strong>sua:</strong></span> <span class='ocrx_word' id='word_1_244' title='bbox 1519 3035 1861 3090; x_wconf 66' lang='lat' dir='ltr'><strong>continentia:</strong></span> 
     </span>
    </p>
   </div>
   <div class='ocr_carea' id='block_1_31' title="bbox 268 3121 1859 3192">
    <p class='ocr_par' dir='ltr' id='par_1_31' title="bbox 268 3121 1859 3192">
     <span class='ocr_line' id='line_1_31' title="bbox 268 3121 1859 3192; baseline 0.008 -22"><span class='ocrx_word' id='word_1_245' title='bbox 268 3122 497 3189; x_wconf 73' lang='lat' dir='ltr'><strong>praebet.</strong></span> <span class='ocrx_word' id='word_1_246' title='bbox 547 3122 611 3175; x_wconf 83' lang='lat' dir='ltr'><strong>Et</strong></span> <span class='ocrx_word' id='word_1_247' title='bbox 654 3121 784 3191; x_wconf 89' lang='lat' dir='ltr'><strong>quid</strong></span> <span class='ocrx_word' id='word_1_248' title='bbox 836 3122 1154 3189; x_wconf 88' lang='lat' dir='ltr'><strong>admiraris,</strong></span> <span class='ocrx_word' id='word_1_249' title='bbox 1206 3125 1432 3192; x_wconf 91' lang='lat' dir='ltr'><strong>dilecte,</strong></span> <span class='ocrx_word' id='word_1_250' title='bbox 1475 3126 1697 3182; x_wconf 89' lang='lat' dir='ltr'><strong>audiens</strong></span> <span class='ocrx_word' id='word_1_251' title='bbox 1737 3143 1859 3181; x_wconf 93' lang='lat' dir='ltr'><strong>eum</strong></span> 
     </span>
    </p>
   </div>
   <div class='ocr_carea' id='block_1_32' title="bbox 265 3214 1858 3289">
    <p class='ocr_par' dir='ltr' id='par_1_32' title="bbox 265 3214 1858 3289">
     <span class='ocr_line' id='line_1_32' title="bbox 265 3214 1858 3289; baseline 0.005 -23"><span class='ocrx_word' id='word_1_252' title='bbox 265 3222 476 3282; x_wconf 85' lang='lat' dir='ltr'><strong>septem</strong></span> <span class='ocrx_word' id='word_1_253' title='bbox 518 3214 673 3268; x_wconf 90' lang='lat' dir='ltr'><strong>annis</strong></span> <span class='ocrx_word' id='word_1_254' title='bbox 711 3230 771 3270; x_wconf 91' lang='lat' dir='ltr'><strong>se</strong></span> <span class='ocrx_word' id='word_1_255' title='bbox 814 3216 1135 3271; x_wconf 89' lang='lat' dir='ltr'><strong>serviturum</strong></span> <span class='ocrx_word' id='word_1_256' title='bbox 1178 3219 1489 3287; x_wconf 84' lang='lat' dir='ltr'><strong>promisisse</strong></span> <span class='ocrx_word' id='word_1_257' title='bbox 1534 3235 1629 3289; x_wconf 85' lang='lat' dir='ltr'><strong>pro</strong></span> <span class='ocrx_word' id='word_1_258' title='bbox 1665 3219 1858 3275; x_wconf 90' lang='lat' dir='ltr'><strong>dilecta</strong></span> 
     </span>
    </p>
   </div>
   <div class='ocr_carea' id='block_1_33' title="bbox 266 3306 1861 3382">
    <p class='ocr_par' dir='ltr' id='par_1_33' title="bbox 266 3306 1861 3382">
     <span class='ocr_line' id='line_1_33' title="bbox 266 3306 1861 3382; baseline 0.006 -25"><span class='ocrx_word' id='word_1_259' title='bbox 266 3306 487 3375; x_wconf 80' lang='lat' dir='ltr'><strong>puella?</strong></span> <span class='ocrx_word' id='word_1_260' title='bbox 521 3306 586 3362; x_wconf 89' lang='lat' dir='ltr'><strong>Ut</strong></span> <span class='ocrx_word' id='word_1_261' title='bbox 615 3309 757 3361; x_wconf 91' lang='lat' dir='ltr'><strong>enim</strong></span> <span class='ocrx_word' id='word_1_262' title='bbox 792 3308 1044 3364; x_wconf 88' lang='lat' dir='ltr'><strong>ostendat</strong></span> <span class='ocrx_word' id='word_1_263' title='bbox 1072 3309 1226 3365; x_wconf 90' lang='lat' dir='ltr'><strong>nobis</strong></span> <span class='ocrx_word' id='word_1_264' title='bbox 1252 3310 1525 3380; x_wconf 84' lang='lat' dir='ltr'><strong>Scriptura</strong></span> <span class='ocrx_word' id='word_1_265' title='bbox 1544 3352 1561 3377; x_wconf 93' lang='lat'><strong>,</strong></span> <span class='ocrx_word' id='word_1_266' title='bbox 1591 3312 1861 3382; x_wconf 92' lang='lat' dir='ltr'><strong>quomodo</strong></span> 
     </span>
    </p>
   </div>
   <div class='ocr_carea' id='block_1_34' title="bbox 264 3401 1860 3475">
    <p class='ocr_par' dir='ltr' id='par_1_34' title="bbox 264 3401 1860 3475">
     <span class='ocr_line' id='line_1_34' title="bbox 264 3401 1860 3475; baseline 0.006 -25"><span class='ocrx_word' id='word_1_267' title='bbox 264 3413 423 3451; x_wconf 87' lang='lat' dir='ltr'><strong>amor</strong></span> <span class='ocrx_word' id='word_1_268' title='bbox 467 3414 688 3470; x_wconf 87' lang='lat' dir='ltr'><strong>magnus</strong></span> <span class='ocrx_word' id='word_1_269' title='bbox 729 3410 784 3454; x_wconf 90' lang='lat' dir='ltr'><strong>et</strong></span> <span class='ocrx_word' id='word_1_270' title='bbox 827 3401 1063 3456; x_wconf 90' lang='lat' dir='ltr'><strong>laborem</strong></span> <span class='ocrx_word' id='word_1_271' title='bbox 1108 3411 1162 3456; x_wconf 85' lang='lat' dir='ltr'><strong>et</strong></span> <span class='ocrx_word' id='word_1_272' title='bbox 1192 3404 1446 3472; x_wconf 90' lang='lat' dir='ltr'><strong>temporis</strong></span> <span class='ocrx_word' id='word_1_273' title='bbox 1476 3404 1860 3475; x_wconf 87' lang='lat' dir='ltr'><strong>longitudinem</strong></span> 
     </span>
    </p>
   </div>
   <div class='ocr_carea' id='block_1_35' title="bbox 264 3492 1863 3563">
    <p class='ocr_par' dir='ltr' id='par_1_35' title="bbox 264 3492 1863 3563">
     <span class='ocr_line' id='line_1_35' title="bbox 264 3492 1863 3563; baseline 0.004 -19"><span class='ocrx_word' id='word_1_274' title='bbox 264 3492 533 3557; x_wconf 84' lang='lat' dir='ltr'><strong>succidit,</strong></span> <span class='ocrx_word' id='word_1_275' title='bbox 574 3502 630 3547; x_wconf 90' lang='lat' dir='ltr'><strong>et</strong></span> <span class='ocrx_word' id='word_1_276' title='bbox 658 3501 716 3546; x_wconf 91' lang='lat' dir='ltr'><strong>nt</strong></span> <span class='ocrx_word' id='word_1_277' title='bbox 755 3494 920 3549; x_wconf 88' lang='lat' dir='ltr'><strong>breve</strong></span> <span class='ocrx_word' id='word_1_278' title='bbox 945 3494 1216 3549; x_wconf 88' lang='lat' dir='ltr'><strong>videretur</strong></span> <span class='ocrx_word' id='word_1_279' title='bbox 1243 3495 1439 3563; x_wconf 75' lang='lat' dir='ltr'><strong>effecit,</strong></span> <span class='ocrx_word' id='word_1_280' title='bbox 1469 3495 1598 3551; x_wconf 89' lang='lat' dir='ltr'><strong>dicit</strong></span> <span class='ocrx_word' id='word_1_281' title='bbox 1628 3514 1641 3551; x_wconf 89' lang='lat'>:</span> <span class='ocrx_word' id='word_1_282' title='bbox 1666 3497 1758 3552; x_wconf 71' lang='grc'><strong>20.</strong></span> <span class='ocrx_word' id='word_1_283' title='bbox 1792 3497 1863 3551; x_wconf 86' lang='lat' dir='ltr'><strong>Et</strong></span> 
     </span>
    </p>
   </div>
   <div class='ocr_carea' id='block_1_36' title="bbox 264 3585 1888 3658">
    <p class='ocr_par' dir='ltr' id='par_1_36' title="bbox 264 3585 1888 3658">
     <span class='ocr_line' id='line_1_36' title="bbox 264 3585 1888 3658; baseline 0.004 -21"><span class='ocrx_word' id='word_1_284' title='bbox 264 3585 471 3638; x_wconf 76' lang='lat' dir='ltr'><strong>servivit</strong></span> <span class='ocrx_word' id='word_1_285' title='bbox 497 3585 658 3639; x_wconf 82' lang='lat' dir='ltr'><strong>Jacob</strong></span> <span class='ocrx_word' id='word_1_286' title='bbox 686 3603 777 3655; x_wconf 88' lang='lat' dir='ltr'><strong>pro</strong></span> <span class='ocrx_word' id='word_1_287' title='bbox 803 3587 997 3641; x_wconf 80' lang='lat' dir='ltr'><strong>Rachel</strong></span> <span class='ocrx_word' id='word_1_288' title='bbox 1024 3589 1171 3641; x_wconf 86' lang='lat' dir='ltr'><strong>annis</strong></span> <span class='ocrx_word' id='word_1_289' title='bbox 1195 3598 1416 3658; x_wconf 88' lang='lat' dir='ltr'><strong>septem,</strong></span> <span class='ocrx_word' id='word_1_290' title='bbox 1447 3598 1496 3642; x_wconf 90' lang='lat' dir='ltr'><strong>et</strong></span> <span class='ocrx_word' id='word_1_291' title='bbox 1521 3600 1665 3643; x_wconf 87' lang='lat' dir='ltr'><strong>erant</strong></span> <span class='ocrx_word' id='word_1_292' title='bbox 1690 3607 1860 3644; x_wconf 88' lang='lat' dir='ltr'><strong>coram</strong></span> <span class='ocrx_word' id='word_1_293' title='bbox 1886 3626 1888 3631; x_wconf 55' lang='grc' dir='ltr'>ν</span> 
     </span>
    </p>
   </div>
   <div class='ocr_carea' id='block_1_37' title="bbox 264 3678 1859 3753">
    <p class='ocr_par' dir='ltr' id='par_1_37' title="bbox 264 3678 1859 3753">
     <span class='ocr_line' id='line_1_37' title="bbox 264 3678 1859 3753; baseline 0.006 -23"><span class='ocrx_word' id='word_1_294' title='bbox 264 3694 328 3730; x_wconf 86' lang='lat' dir='ltr'><strong>eo</strong></span> <span class='ocrx_word' id='word_1_295' title='bbox 354 3678 500 3747; x_wconf 86' lang='lat' dir='ltr'><strong>quasi</strong></span> <span class='ocrx_word' id='word_1_296' title='bbox 526 3679 630 3733; x_wconf 87' lang='lat' dir='ltr'><strong>dies</strong></span> <span class='ocrx_word' id='word_1_297' title='bbox 658 3680 844 3748; x_wconf 89' lang='lat' dir='ltr'><strong>pauci,</strong></span> <span class='ocrx_word' id='word_1_298' title='bbox 888 3697 946 3733; x_wconf 89' lang='lat' dir='ltr'><strong>eo</strong></span> <span class='ocrx_word' id='word_1_299' title='bbox 971 3684 1109 3750; x_wconf 85' lang='lat' dir='ltr'><strong>quod</strong></span> <span class='ocrx_word' id='word_1_300' title='bbox 1138 3682 1245 3752; x_wconf 82' lang='lat' dir='ltr'><strong>ipse</strong></span> <span class='ocrx_word' id='word_1_301' title='bbox 1284 3683 1427 3735; x_wconf 84' lang='lat' dir='ltr'><strong>illam</strong></span> <span class='ocrx_word' id='word_1_302' title='bbox 1469 3683 1715 3753; x_wconf 85' lang='lat' dir='ltr'><strong>diligeret.</strong></span> <span class='ocrx_word' id='word_1_303' title='bbox 1759 3683 1859 3739; x_wconf 85' lang='lat' dir='ltr'><strong>Se-</strong></span> 
     </span>
    </p>
   </div>
   <div class='ocr_carea' id='block_1_38' title="bbox 267 3771 1859 3844">
    <p class='ocr_par' dir='ltr' id='par_1_38' title="bbox 267 3771 1859 3844">
     <span class='ocr_line' id='line_1_38' title="bbox 267 3771 1859 3844; baseline 0.006 -26"><span class='ocrx_word' id='word_1_304' title='bbox 267 3780 439 3839; x_wconf 79' lang='lat' dir='ltr'><strong>ptem,</strong></span> <span class='ocrx_word' id='word_1_305' title='bbox 466 3771 659 3840; x_wconf 90' lang='lat' dir='ltr'><strong>inquit,</strong></span> <span class='ocrx_word' id='word_1_306' title='bbox 684 3772 829 3837; x_wconf 91' lang='lat' dir='ltr'><strong>anni,</strong></span> <span class='ocrx_word' id='word_1_307' title='bbox 856 3773 1005 3841; x_wconf 88' lang='lat' dir='ltr'><strong>pauci</strong></span> <span class='ocrx_word' id='word_1_308' title='bbox 1033 3772 1146 3827; x_wconf 91' lang='lat' dir='ltr'><strong>dies</strong></span> <span class='ocrx_word' id='word_1_309' title='bbox 1168 3773 1483 3828; x_wconf 87' lang='lat' dir='ltr'><strong>videbantur</strong></span> <span class='ocrx_word' id='word_1_310' title='bbox 1503 3774 1572 3829; x_wconf 93' lang='lat' dir='ltr'><strong>ob</strong></span> <span class='ocrx_word' id='word_1_311' title='bbox 1593 3775 1859 3844; x_wconf 85' lang='lat' dir='ltr'><strong>ingentem</strong></span> 
     </span>
    </p>
   </div>
   <div class='ocr_carea' id='block_1_39' title="bbox 264 3864 1862 3937">
    <p class='ocr_par' dir='ltr' id='par_1_39' title="bbox 264 3864 1862 3937">
     <span class='ocr_line' id='line_1_39' title="bbox 264 3864 1862 3937; baseline 0.004 -21"><span class='ocrx_word' id='word_1_312' title='bbox 264 3879 394 3933; x_wconf 87' lang='lat' dir='ltr'><strong>erga</strong></span> <span class='ocrx_word' id='word_1_313' title='bbox 424 3864 651 3933; x_wconf 87' lang='lat' dir='ltr'><strong>puellam</strong></span> <span class='ocrx_word' id='word_1_314' title='bbox 696 3881 955 3920; x_wconf 90' lang='lat' dir='ltr'><strong>amorem.</strong></span> <span class='ocrx_word' id='word_1_315' title='bbox 995 3866 1220 3933; x_wconf 85' lang='lat' dir='ltr'><strong>Quando</strong></span> <span class='ocrx_word' id='word_1_316' title='bbox 1261 3867 1403 3921; x_wconf 91' lang='lat' dir='ltr'><strong>cnim</strong></span> <span class='ocrx_word' id='word_1_317' title='bbox 1432 3866 1552 3937; x_wconf 89' lang='lat' dir='ltr'><strong>quis</strong></span> <span class='ocrx_word' id='word_1_318' title='bbox 1594 3868 1862 3922; x_wconf 87' lang='lat' dir='ltr'><strong>sauciatur</strong></span> 
     </span>
    </p>
   </div>
   <div class='ocr_carea' id='block_1_40' title="bbox 265 3956 1860 4029">
    <p class='ocr_par' dir='ltr' id='par_1_40' title="bbox 265 3956 1860 4029">
     <span class='ocr_line' id='line_1_40' title="bbox 265 3956 1860 4029; baseline 0.003 -18"><span class='ocrx_word' id='word_1_319' title='bbox 265 3957 509 4011; x_wconf 70' lang='lat' dir='ltr'><strong>caritatis</strong></span> <span class='ocrx_word' id='word_1_320' title='bbox 532 3956 822 4022; x_wconf 89' lang='lat' dir='ltr'><strong>desiderio,</strong></span> <span class='ocrx_word' id='word_1_321' title='bbox 848 3958 981 4012; x_wconf 85' lang='lat' dir='ltr'><strong>nihil</strong></span> <span class='ocrx_word' id='word_1_322' title='bbox 1008 3958 1226 4015; x_wconf 81' lang='lat' dir='ltr'><strong>difficile</strong></span> <span class='ocrx_word' id='word_1_323' title='bbox 1250 3967 1457 4028; x_wconf 84' lang='lat' dir='ltr'><strong>Spectat</strong></span> <span class='ocrx_word' id='word_1_324' title='bbox 1484 3978 1496 4012; x_wconf 91' lang='lat'><strong>:</strong></span> <span class='ocrx_word' id='word_1_325' title='bbox 1525 3960 1618 4015; x_wconf 88' lang='lat' dir='ltr'><strong>sed</strong></span> <span class='ocrx_word' id='word_1_326' title='bbox 1648 3960 1698 4015; x_wconf 87' lang='lat' dir='ltr'><strong>id</strong></span> <span class='ocrx_word' id='word_1_327' title='bbox 1721 3961 1860 4029; x_wconf 89' lang='lat' dir='ltr'><strong>quod</strong></span> 
     </span>
    </p>
   </div>
   <div class='ocr_carea' id='block_1_41' title="bbox 267 4047 1856 4120">
    <p class='ocr_par' dir='ltr' id='par_1_41' title="bbox 267 4047 1856 4120">
     <span class='ocr_line' id='line_1_41' title="bbox 267 4047 1856 4120; baseline 0.005 -21"><span class='ocrx_word' id='word_1_328' title='bbox 267 4048 430 4101; x_wconf 85' lang='lat' dir='ltr'><strong>fuerit</strong></span> <span class='ocrx_word' id='word_1_329' title='bbox 454 4047 669 4118; x_wconf 90' lang='lat' dir='ltr'><strong>plenum</strong></span> <span class='ocrx_word' id='word_1_330' title='bbox 698 4050 951 4119; x_wconf 84' lang='lat' dir='ltr'><strong>periculis</strong></span> <span class='ocrx_word' id='word_1_331' title='bbox 979 4059 1035 4105; x_wconf 89' lang='lat' dir='ltr'><strong>et</strong></span> <span class='ocrx_word' id='word_1_332' title='bbox 1063 4052 1227 4104; x_wconf 88' lang='lat' dir='ltr'><strong>multa</strong></span> <span class='ocrx_word' id='word_1_333' title='bbox 1256 4052 1491 4115; x_wconf 85' lang='lat' dir='ltr'><strong>miseria,</strong></span> <span class='ocrx_word' id='word_1_334' title='bbox 1520 4053 1709 4107; x_wconf 88' lang='lat' dir='ltr'><strong>leviter</strong></span> <span class='ocrx_word' id='word_1_335' title='bbox 1738 4054 1856 4120; x_wconf 90' lang='lat' dir='ltr'><strong>fert,</strong></span> 
     </span>
    </p>
   </div>
   <div class='ocr_carea' id='block_1_42' title="bbox 265 4138 1861 4214">
    <p class='ocr_par' dir='ltr' id='par_1_42' title="bbox 265 4138 1861 4214">
     <span class='ocr_line' id='line_1_42' title="bbox 265 4138 1861 4214; baseline 0.006 -23"><span class='ocrx_word' id='word_1_336' title='bbox 265 4138 333 4191; x_wconf 86' lang='lat' dir='ltr'><strong>ad</strong></span> <span class='ocrx_word' id='word_1_337' title='bbox 360 4138 462 4193; x_wconf 90' lang='lat' dir='ltr'><strong>hoc</strong></span> <span class='ocrx_word' id='word_1_338' title='bbox 492 4156 653 4194; x_wconf 90' lang='lat' dir='ltr'><strong>unum</strong></span> <span class='ocrx_word' id='word_1_339' title='bbox 684 4142 1002 4210; x_wconf 83' lang='lat' dir='ltr'><strong>respiciens,</strong></span> <span class='ocrx_word' id='word_1_340' title='bbox 1046 4145 1314 4211; x_wconf 87' lang='lat' dir='ltr'><strong>quomodo</strong></span> <span class='ocrx_word' id='word_1_341' title='bbox 1348 4159 1445 4198; x_wconf 92' lang='lat' dir='ltr'><strong>suo</strong></span> <span class='ocrx_word' id='word_1_342' title='bbox 1476 4146 1707 4214; x_wconf 90' lang='lat' dir='ltr'><strong>potiatur</strong></span> <span class='ocrx_word' id='word_1_343' title='bbox 1736 4157 1861 4200; x_wconf 92' lang='lat' dir='ltr'><strong>voto</strong></span> 
     </span>
    </p>
   </div>
   <div class='ocr_carea' id='block_1_43' title="bbox 264 4232 641 4289">
    <p class='ocr_par' dir='ltr' id='par_1_43' title="bbox 264 4232 641 4289">
     <span class='ocr_line' id='line_1_43' title="bbox 264 4232 641 4289; baseline 0.005 -5"><span class='ocrx_word' id='word_1_344' title='bbox 264 4241 322 4285; x_wconf 89' lang='lat' dir='ltr'><strong>et</strong></span> <span class='ocrx_word' id='word_1_345' title='bbox 350 4232 641 4289; x_wconf 88' lang='lat' dir='ltr'><strong>desiderio.</strong></span> 
     </span>
    </p>
   </div>
   <div class='ocr_carea' id='block_1_44' title="bbox 341 4322 1861 4399">
    <p class='ocr_par' dir='ltr' id='par_1_44' title="bbox 341 4322 1861 4399">
     <span class='ocr_line' id='line_1_44' title="bbox 341 4322 1861 4399; baseline 0.007 -24"><span class='ocrx_word' id='word_1_346' title='bbox 341 4322 560 4378; x_wconf 75' lang='lat' dir='ltr'><strong>Moralis</strong></span> <span class='ocrx_word' id='word_1_347' title='bbox 581 4325 830 4395; x_wconf 85' lang='lat' dir='ltr'><strong>epilogus.</strong></span> <span class='ocrx_word' id='word_1_348' title='bbox 874 4327 1029 4380; x_wconf 79' lang='lat' dir='ltr'><strong>Amor</strong></span> <span class='ocrx_word' id='word_1_349' title='bbox 1056 4327 1236 4381; x_wconf 79' lang='lat' dir='ltr'><strong>Jacobi</strong></span> <span class='ocrx_word' id='word_1_350' title='bbox 1278 4344 1400 4399; x_wconf 89' lang='lat' dir='ltr'><strong>erga</strong></span> <span class='ocrx_word' id='word_1_351' title='bbox 1439 4328 1632 4384; x_wconf 86' lang='lat' dir='ltr'><strong>Rachel</strong></span> <span class='ocrx_word' id='word_1_352' title='bbox 1657 4331 1861 4398; x_wconf 76' lang='lat' dir='ltr'><strong>indi/fe-</strong></span> 
     </span>
    </p>
   </div>
   <div class='ocr_carea' id='block_1_45' title="bbox 262 4415 1859 4491">
    <p class='ocr_par' dir='ltr' id='par_1_45' title="bbox 262 4415 1859 4491">
     <span class='ocr_line' id='line_1_45' title="bbox 262 4415 1859 4491; baseline 0.006 -24"><span class='ocrx_word' id='word_1_353' title='bbox 262 4415 481 4468; x_wconf 82' lang='lat' dir='ltr'><strong>rentiam</strong></span> <span class='ocrx_word' id='word_1_354' title='bbox 501 4425 727 4469; x_wconf 86' lang='lat' dir='ltr'><strong>nostram</strong></span> <span class='ocrx_word' id='word_1_355' title='bbox 755 4434 876 4487; x_wconf 88' lang='lat' dir='ltr'><strong>erga</strong></span> <span class='ocrx_word' id='word_1_356' title='bbox 905 4417 1065 4470; x_wconf 89' lang='lat' dir='ltr'><strong>Deum</strong></span> <span class='ocrx_word' id='word_1_357' title='bbox 1088 4419 1369 4491; x_wconf 83' lang='lat' dir='ltr'><strong>redarguit.</strong></span> <span class='ocrx_word' id='word_1_358' title='bbox 1417 4420 1682 4487; x_wconf 84' lang='lat' dir='ltr'><strong>Quomodo</strong></span> <span class='ocrx_word' id='word_1_359' title='bbox 1710 4423 1859 4477; x_wconf 86' lang='lat' dir='ltr'><strong>Pau-</strong></span> 
     </span>
    </p>
   </div>
   <div class='ocr_carea' id='block_1_46' title="bbox 264 4507 1859 4580">
    <p class='ocr_par' dir='ltr' id='par_1_46' title="bbox 264 4507 1859 4580">
     <span class='ocr_line' id='line_1_46' title="bbox 264 4507 1859 4580; baseline 0.006 -19"><span class='ocrx_word' id='word_1_360' title='bbox 264 4508 349 4561; x_wconf 85' lang='lat' dir='ltr'><strong>lus</strong></span> <span class='ocrx_word' id='word_1_361' title='bbox 369 4507 602 4561; x_wconf 70' lang='lat' dir='ltr'><strong>dilexerit</strong></span> <span class='ocrx_word' id='word_1_362' title='bbox 622 4508 784 4563; x_wconf 88' lang='lat' dir='ltr'><strong>Deum</strong></span> <span class='ocrx_word' id='word_1_363' title='bbox 808 4526 826 4573; x_wconf 91' lang='lat'><strong><em>;</em></strong></span> <span class='ocrx_word' id='word_1_364' title='bbox 847 4511 1011 4580; x_wconf 89' lang='lat' dir='ltr'><strong>ipsum</strong></span> <span class='ocrx_word' id='word_1_365' title='bbox 1036 4512 1225 4565; x_wconf 84' lang='lat' dir='ltr'><strong>imitari</strong></span> <span class='ocrx_word' id='word_1_366' title='bbox 1252 4529 1370 4567; x_wconf 88' lang='lat' dir='ltr'><strong>suos</strong></span> <span class='ocrx_word' id='word_1_367' title='bbox 1395 4512 1651 4570; x_wconf 69' lang='lat' dir='ltr'><strong>auditores</strong></span> <span class='ocrx_word' id='word_1_368' title='bbox 1681 4517 1859 4570; x_wconf 87' lang='lat' dir='ltr'><strong>horta-</strong></span> 
     </span>
    </p>
   </div>
   <div class='ocr_carea' id='block_1_47' title="bbox 265 4601 1860 4679">
    <p class='ocr_par' dir='ltr' id='par_1_47' title="bbox 265 4601 1860 4679">
     <span class='ocr_line' id='line_1_47' title="bbox 265 4601 1860 4679; baseline 0.007 -28"><span class='ocrx_word' id='word_1_369' title='bbox 265 4610 369 4651; x_wconf 82' lang='lat' dir='ltr'><strong>tur.</strong></span> <span class='ocrx_word' id='word_1_370' title='bbox 404 4629 473 4639; x_wconf 91' lang='lat'><strong>——</strong></span> <span class='ocrx_word' id='word_1_371' title='bbox 500 4601 793 4655; x_wconf 87' lang='lat' dir='ltr'><strong>Audiamus</strong></span> <span class='ocrx_word' id='word_1_372' title='bbox 818 4617 916 4656; x_wconf 91' lang='lat' dir='ltr'><strong>nos</strong></span> <span class='ocrx_word' id='word_1_373' title='bbox 942 4603 1113 4672; x_wconf 88' lang='lat' dir='ltr'><strong>ignavi</strong></span> <span class='ocrx_word' id='word_1_374' title='bbox 1144 4613 1202 4658; x_wconf 87' lang='lat' dir='ltr'><strong>et</strong></span> <span class='ocrx_word' id='word_1_375' title='bbox 1224 4604 1421 4673; x_wconf 90' lang='lat' dir='ltr'><strong>supini,</strong></span> <span class='ocrx_word' id='word_1_376' title='bbox 1448 4606 1712 4675; x_wconf 88' lang='lat' dir='ltr'><strong>ingratum</strong></span> <span class='ocrx_word' id='word_1_377' title='bbox 1732 4624 1860 4679; x_wconf 89' lang='lat' dir='ltr'><strong>erga</strong></span> 
     </span>
    </p>
   </div>
   <div class='ocr_carea' id='block_1_48' title="bbox 266 4693 1862 4771">
    <p class='ocr_par' dir='ltr' id='par_1_48' title="bbox 266 4693 1862 4771">
     <span class='ocr_line' id='line_1_48' title="bbox 266 4693 1862 4771; baseline 0.009 -26"><span class='ocrx_word' id='word_1_378' title='bbox 266 4693 437 4748; x_wconf 80' lang='lat' dir='ltr'><strong>lieum</strong></span> <span class='ocrx_word' id='word_1_379' title='bbox 464 4695 699 4749; x_wconf 89' lang='lat' dir='ltr'><strong>animum</strong></span> <span class='ocrx_word' id='word_1_380' title='bbox 723 4694 1058 4751; x_wconf 82' lang='lat' dir='ltr'><strong>exhibentes.</strong></span> <span class='ocrx_word' id='word_1_381' title='bbox 1087 4698 1219 4753; x_wconf 89' lang='lat' dir='ltr'><strong>Nam</strong></span> <span class='ocrx_word' id='word_1_382' title='bbox 1245 4697 1290 4750; x_wconf 89' lang='lat' dir='ltr'><strong>si</strong></span> <span class='ocrx_word' id='word_1_383' title='bbox 1316 4701 1495 4771; x_wconf 89' lang='lat' dir='ltr'><strong>justus</strong></span> <span class='ocrx_word' id='word_1_384' title='bbox 1524 4701 1616 4756; x_wconf 90' lang='lat' dir='ltr'><strong>ille</strong></span> <span class='ocrx_word' id='word_1_385' title='bbox 1645 4715 1862 4771; x_wconf 86' lang='lat' dir='ltr'><strong>propter</strong></span> 
     </span>
    </p>
   </div>
   <div class='ocr_carea' id='block_1_49' title="bbox 263 4787 1860 4867">
    <p class='ocr_par' dir='ltr' id='par_1_49' title="bbox 263 4787 1860 4867">
     <span class='ocr_line' id='line_1_49' title="bbox 263 4787 1860 4867; baseline 0.01 -31"><span class='ocrx_word' id='word_1_386' title='bbox 263 4787 461 4853; x_wconf 76' lang='lat' dir='ltr'><strong>puellze</strong></span> <span class='ocrx_word' id='word_1_387' title='bbox 489 4802 729 4843; x_wconf 87' lang='lat' dir='ltr'><strong>amorem</strong></span> <span class='ocrx_word' id='word_1_388' title='bbox 755 4792 1089 4860; x_wconf 88' lang='lat' dir='ltr'><strong>septennium</strong></span> <span class='ocrx_word' id='word_1_389' title='bbox 1117 4796 1321 4851; x_wconf 83' lang='lat' dir='ltr'><strong>servire</strong></span> <span class='ocrx_word' id='word_1_390' title='bbox 1350 4795 1596 4867; x_wconf 89' lang='lat' dir='ltr'><strong>ferreque</strong></span> <span class='ocrx_word' id='word_1_391' title='bbox 1618 4808 1860 4866; x_wconf 87' lang='lat' dir='ltr'><strong>pastora-</strong></span> 
     </span>
    </p>
   </div>
   <div class='ocr_carea' id='block_1_50' title="bbox 264 4877 1859 4949">
    <p class='ocr_par' dir='ltr' id='par_1_50' title="bbox 264 4877 1859 4949">
     <span class='ocr_line' id='line_1_50' title="bbox 264 4877 1859 4949; baseline 0.007 -18"><span class='ocrx_word' id='word_1_392' title='bbox 264 4878 397 4931; x_wconf 89' lang='lat' dir='ltr'><strong>lium</strong></span> <span class='ocrx_word' id='word_1_393' title='bbox 423 4877 663 4933; x_wconf 90' lang='lat' dir='ltr'><strong>laborum</strong></span> <span class='ocrx_word' id='word_1_394' title='bbox 692 4895 963 4937; x_wconf 65' lang='lat' dir='ltr'><strong>aerumnas</strong></span> <span class='ocrx_word' id='word_1_395' title='bbox 987 4883 1244 4949; x_wconf 90' lang='lat' dir='ltr'><strong>decrevit,</strong></span> <span class='ocrx_word' id='word_1_396' title='bbox 1269 4897 1450 4942; x_wconf 88' lang='lat' dir='ltr'><strong>etnon</strong></span> <span class='ocrx_word' id='word_1_397' title='bbox 1479 4888 1648 4944; x_wconf 87' lang='lat' dir='ltr'><strong>sensit</strong></span> <span class='ocrx_word' id='word_1_398' title='bbox 1668 4889 1753 4944; x_wconf 92' lang='lat' dir='ltr'><strong>vel</strong></span> <span class='ocrx_word' id='word_1_399' title='bbox 1783 4889 1859 4942; x_wconf 89' lang='lat' dir='ltr'><strong>la-</strong></span> 
     </span>
    </p>
   </div>
   <div class='ocr_carea' id='block_1_51' title="bbox 262 4970 1860 5047">
    <p class='ocr_par' dir='ltr' id='par_1_51' title="bbox 262 4970 1860 5047">
     <span class='ocr_line' id='line_1_51' title="bbox 262 4970 1860 5047; baseline 0.008 -22"><span class='ocrx_word' id='word_1_400' title='bbox 262 4970 446 5034; x_wconf 86' lang='lat' dir='ltr'><strong>bores,</strong></span> <span class='ocrx_word' id='word_1_401' title='bbox 475 4972 558 5027; x_wconf 91' lang='lat' dir='ltr'><strong>vel</strong></span> <span class='ocrx_word' id='word_1_402' title='bbox 582 4976 835 5043; x_wconf 90' lang='lat' dir='ltr'><strong>temporis</strong></span> <span class='ocrx_word' id='word_1_403' title='bbox 874 4977 1276 5047; x_wconf 84' lang='lat' dir='ltr'><strong>longitudinem,</strong></span> <span class='ocrx_word' id='word_1_404' title='bbox 1309 4980 1402 5035; x_wconf 86' lang='lat' dir='ltr'><strong>sed</strong></span> <span class='ocrx_word' id='word_1_405' title='bbox 1431 4981 1608 5035; x_wconf 89' lang='lat' dir='ltr'><strong>omnia</strong></span> <span class='ocrx_word' id='word_1_406' title='bbox 1635 4983 1683 5037; x_wconf 89' lang='lat' dir='ltr'><strong>ei</strong></span> <span class='ocrx_word' id='word_1_407' title='bbox 1723 4981 1860 5037; x_wconf 90' lang='lat' dir='ltr'><strong>levia</strong></span> 
     </span>
    </p>
   </div>
   <div class='ocr_carea' id='block_1_52' title="bbox 264 5060 1859 5143">
    <p class='ocr_par' dir='ltr' id='par_1_52' title="bbox 264 5060 1859 5143">
     <span class='ocr_line' id='line_1_52' title="bbox 264 5060 1859 5143; baseline 0.009 -30"><span class='ocrx_word' id='word_1_408' title='bbox 264 5071 322 5114; x_wconf 88' lang='lat' dir='ltr'><strong>et</strong></span> <span class='ocrx_word' id='word_1_409' title='bbox 350 5060 519 5117; x_wconf 86' lang='lat' dir='ltr'><strong>facilia</strong></span> <span class='ocrx_word' id='word_1_410' title='bbox 546 5063 887 5133; x_wconf 86' lang='lat' dir='ltr'><strong>videbantur,</strong></span> <span class='ocrx_word' id='word_1_411' title='bbox 925 5071 1426 5141; x_wconf 83' lang='lat' dir='ltr'><strong>exspectationeque</strong></span> <span class='ocrx_word' id='word_1_412' title='bbox 1452 5082 1507 5126; x_wconf 89' lang='lat' dir='ltr'><strong>et</strong></span> <span class='ocrx_word' id='word_1_413' title='bbox 1532 5089 1627 5143; x_wconf 91' lang='lat' dir='ltr'><strong>spe</strong></span> <span class='ocrx_word' id='word_1_414' title='bbox 1653 5074 1859 5128; x_wconf 85' lang='lat' dir='ltr'><strong>fruendi</strong></span> 
     </span>
    </p>
   </div>
   <div class='ocr_carea' id='block_1_53' title="bbox 265 5152 1856 5237">
    <p class='ocr_par' dir='ltr' id='par_1_53' title="bbox 265 5152 1856 5237">
     <span class='ocr_line' id='line_1_53' title="bbox 265 5152 1856 5237; baseline 0.011 -32"><span class='ocrx_word' id='word_1_415' title='bbox 265 5152 453 5219; x_wconf 90' lang='lat' dir='ltr'><strong>fultus,</strong></span> <span class='ocrx_word' id='word_1_416' title='bbox 483 5155 552 5208; x_wconf 90' lang='lat' dir='ltr'><strong>ita</strong></span> <span class='ocrx_word' id='word_1_417' title='bbox 585 5167 641 5210; x_wconf 90' lang='lat' dir='ltr'><strong>ut</strong></span> <span class='ocrx_word' id='word_1_418' title='bbox 663 5158 781 5213; x_wconf 90' lang='lat' dir='ltr'><strong>dies</strong></span> <span class='ocrx_word' id='word_1_419' title='bbox 823 5176 1020 5229; x_wconf 87' lang='lat' dir='ltr'><strong>paucos</strong></span> <span class='ocrx_word' id='word_1_420' title='bbox 1060 5161 1274 5232; x_wconf 90' lang='lat' dir='ltr'><strong>longum</strong></span> <span class='ocrx_word' id='word_1_421' title='bbox 1300 5165 1428 5220; x_wconf 91' lang='lat' dir='ltr'><strong>illud</strong></span> <span class='ocrx_word' id='word_1_422' title='bbox 1461 5176 1670 5236; x_wconf 90' lang='lat' dir='ltr'><strong>tempus</strong></span> <span class='ocrx_word' id='word_1_423' title='bbox 1701 5178 1856 5237; x_wconf 89' lang='lat' dir='ltr'><strong>puta-</strong></span> 
     </span>
    </p>
   </div>
   <div class='ocr_carea' id='block_1_54' title="bbox 262 5250 1857 5329">
    <p class='ocr_par' dir='ltr' id='par_1_54' title="bbox 262 5250 1857 5329">
     <span class='ocr_line' id='line_1_54' title="bbox 262 5250 1857 5329; baseline 0.009 -26"><span class='ocrx_word' id='word_1_424' title='bbox 262 5258 349 5303; x_wconf 87' lang='lat' dir='ltr'><strong>ret</strong></span> <span class='ocrx_word' id='word_1_425' title='bbox 383 5266 397 5303; x_wconf 87' lang='lat'><strong><em>:</em></strong></span> <span class='ocrx_word' id='word_1_426' title='bbox 443 5250 656 5317; x_wconf 90' lang='lat' dir='ltr'><strong>qualem</strong></span> <span class='ocrx_word' id='word_1_427' title='bbox 684 5267 785 5306; x_wconf 91' lang='lat' dir='ltr'><strong>nos</strong></span> <span class='ocrx_word' id='word_1_428' title='bbox 816 5253 1127 5309; x_wconf 89' lang='lat' dir='ltr'><strong>habebimus</strong></span> <span class='ocrx_word' id='word_1_429' title='bbox 1166 5259 1585 5323; x_wconf 83' lang='lat' dir='ltr'><strong>excusationem,</strong></span> <span class='ocrx_word' id='word_1_430' title='bbox 1632 5260 1719 5329; x_wconf 92' lang='lat' dir='ltr'><strong>qui</strong></span> <span class='ocrx_word' id='word_1_431' title='bbox 1751 5277 1857 5316; x_wconf 91' lang='lat' dir='ltr'><strong>non</strong></span> 
     </span>
    </p>
   </div>
   <div class='ocr_carea' id='block_1_55' title="bbox 263 5341 1857 5413">
    <p class='ocr_par' dir='ltr' id='par_1_55' title="bbox 263 5341 1857 5413">
     <span class='ocr_line' id='line_1_55' title="bbox 263 5341 1857 5413; baseline 0.01 -21"><span class='ocrx_word' id='word_1_432' title='bbox 263 5341 380 5409; x_wconf 88' lang='lat' dir='ltr'><strong>pari</strong></span> <span class='ocrx_word' id='word_1_433' title='bbox 410 5342 587 5396; x_wconf 87' lang='lat' dir='ltr'><strong>studio</strong></span> <span class='ocrx_word' id='word_1_434' title='bbox 610 5357 735 5413; x_wconf 88' lang='lat' dir='ltr'><strong>erga</strong></span> <span class='ocrx_word' id='word_1_435' title='bbox 761 5344 1042 5400; x_wconf 90' lang='lat' dir='ltr'><strong>Dominum</strong></span> <span class='ocrx_word' id='word_1_436' title='bbox 1093 5359 1333 5401; x_wconf 91' lang='lat' dir='ltr'><strong>nostrum</strong></span> <span class='ocrx_word' id='word_1_437' title='bbox 1361 5360 1414 5404; x_wconf 92' lang='lat' dir='ltr'><strong>et</strong></span> <span class='ocrx_word' id='word_1_438' title='bbox 1462 5351 1857 5408; x_wconf 88' lang='lat' dir='ltr'><strong>benefactorem</strong></span> 
     </span>
    </p>
   </div>
   <div class='ocr_carea' id='block_1_56' title="bbox 262 5438 1859 5507">
    <p class='ocr_par' dir='ltr' id='par_1_56' title="bbox 262 5438 1859 5507">
     <span class='ocr_line' id='line_1_56' title="bbox 262 5438 1859 5507; baseline 0.009 -20"><span class='ocrx_word' id='word_1_439' title='bbox 262 5444 319 5487; x_wconf 87' lang='lat' dir='ltr'><strong>et</strong></span> <span class='ocrx_word' id='word_1_440' title='bbox 345 5443 670 5497; x_wconf 88' lang='lat' dir='ltr'><strong>curatorem,</strong></span> <span class='ocrx_word' id='word_1_441' title='bbox 704 5445 758 5489; x_wconf 90' lang='lat' dir='ltr'><strong>et</strong></span> <span class='ocrx_word' id='word_1_442' title='bbox 784 5438 873 5505; x_wconf 90' lang='lat' dir='ltr'><strong>qui</strong></span> <span class='ocrx_word' id='word_1_443' title='bbox 900 5439 1053 5493; x_wconf 89' lang='lat' dir='ltr'><strong>nobis</strong></span> <span class='ocrx_word' id='word_1_444' title='bbox 1096 5438 1164 5493; x_wconf 90' lang='lat' dir='ltr'><strong>sit</strong></span> <span class='ocrx_word' id='word_1_445' title='bbox 1196 5441 1395 5507; x_wconf 90' lang='lat' dir='ltr'><strong>omnia,</strong></span> <span class='ocrx_word' id='word_1_446' title='bbox 1423 5442 1685 5499; x_wconf 87' lang='lat' dir='ltr'><strong>afticimur</strong></span> <span class='ocrx_word' id='word_1_447' title='bbox 1704 5446 1729 5497; x_wconf 70' lang='grc' dir='ltr'><em>τ</em></span> <span class='ocrx_word' id='word_1_448' title='bbox 1753 5446 1859 5501; x_wconf 90' lang='lat' dir='ltr'><strong>Sed</strong></span> 
     </span>
    </p>
   </div>
   <div class='ocr_carea' id='block_1_57' title="bbox 266 5522 1862 5601">
    <p class='ocr_par' dir='ltr' id='par_1_57' title="bbox 266 5522 1862 5601">
     <span class='ocr_line' id='line_1_57' title="bbox 266 5522 1862 5601; baseline 0.008 -21"><span class='ocrx_word' id='word_1_449' title='bbox 266 5522 355 5580; x_wconf 71' lang='lat' dir='ltr'><strong>ubi</strong></span> <span class='ocrx_word' id='word_1_450' title='bbox 413 5527 727 5595; x_wconf 75' lang='lat' dir='ltr'><strong>prononitur</strong></span> <span class='ocrx_word' id='word_1_451' title='bbox 777 5528 978 5584; x_wconf 91' lang='lat' dir='ltr'><strong>lucrum</strong></span> <span class='ocrx_word' id='word_1_452' title='bbox 1026 5532 1338 5601; x_wconf 87' lang='lat' dir='ltr'><strong>temporale,</strong></span> <span class='ocrx_word' id='word_1_453' title='bbox 1391 5536 1565 5591; x_wconf 89' lang='lat' dir='ltr'><strong>omnia</strong></span> <span class='ocrx_word' id='word_1_454' title='bbox 1616 5537 1862 5593; x_wconf 88' lang='lat' dir='ltr'><strong>alacriter</strong></span> 
     </span>
    </p>
   </div>
   <div class='ocr_carea' id='block_1_58' title="bbox 264 5617 1861 5697">
    <p class='ocr_par' dir='ltr' id='par_1_58' title="bbox 264 5617 1861 5697">
     <span class='ocr_line' id='line_1_58' title="bbox 264 5617 1861 5697; baseline 0.008 -23"><span class='ocrx_word' id='word_1_455' title='bbox 264 5617 540 5674; x_wconf 77' lang='lat' dir='ltr'><strong>Bustiuere</strong></span> <span class='ocrx_word' id='word_1_456' title='bbox 587 5621 852 5687; x_wconf 86' lang='lat' dir='ltr'><strong>volumus,</strong></span> <span class='ocrx_word' id='word_1_457' title='bbox 889 5624 1096 5681; x_wconf 89' lang='lat' dir='ltr'><strong>etiamsi</strong></span> <span class='ocrx_word' id='word_1_458' title='bbox 1127 5626 1251 5695; x_wconf 91' lang='lat' dir='ltr'><strong>quid</strong></span> <span class='ocrx_word' id='word_1_459' title='bbox 1299 5627 1624 5685; x_wconf 89' lang='lat' dir='ltr'><strong>laboriosum</strong></span> <span class='ocrx_word' id='word_1_460' title='bbox 1673 5632 1763 5697; x_wconf 86' lang='lat' dir='ltr'><strong>sit,</strong></span> <span class='ocrx_word' id='word_1_461' title='bbox 1805 5642 1861 5687; x_wconf 87' lang='lat' dir='ltr'><strong>et</strong></span> 
     </span>
    </p>
   </div>
   <div class='ocr_carea' id='block_1_59' title="bbox 266 5708 1858 5793">
    <p class='ocr_par' dir='ltr' id='par_1_59' title="bbox 266 5708 1858 5793">
     <span class='ocr_line' id='line_1_59' title="bbox 266 5708 1858 5793; baseline 0.013 -33"><span class='ocrx_word' id='word_1_462' title='bbox 266 5708 422 5764; x_wconf 71' lang='lat' dir='ltr'><strong>valde</strong></span> <span class='ocrx_word' id='word_1_463' title='bbox 454 5727 817 5767; x_wconf 65' lang='lat' dir='ltr'><strong>azruumosnm</strong></span> <span class='ocrx_word' id='word_1_464' title='bbox 856 5725 909 5767; x_wconf 90' lang='lat' dir='ltr'><strong>et</strong></span> <span class='ocrx_word' id='word_1_465' title='bbox 950 5717 1222 5772; x_wconf 91' lang='lat' dir='ltr'><strong>sordidum</strong></span> <span class='ocrx_word' id='word_1_466' title='bbox 1247 5761 1262 5783; x_wconf 91' lang='lat'><strong>,</strong></span> <span class='ocrx_word' id='word_1_467' title='bbox 1295 5729 1349 5775; x_wconf 91' lang='lat' dir='ltr'><strong>et</strong></span> <span class='ocrx_word' id='word_1_468' title='bbox 1378 5735 1586 5791; x_wconf 61' lang='lat' dir='ltr'><strong>poenam</strong></span> <span class='ocrx_word' id='word_1_469' title='bbox 1620 5722 1672 5776; x_wconf 92' lang='lat' dir='ltr'><strong>in</strong></span> <span class='ocrx_word' id='word_1_470' title='bbox 1721 5741 1858 5793; x_wconf 77' lang='lat' dir='ltr'><strong>pra:-</strong></span> 
     </span>
    </p>
   </div>
   <div class='ocr_carea' id='block_1_60' title="bbox 271 5803 1857 5885">
    <p class='ocr_par' dir='ltr' id='par_1_60' title="bbox 271 5803 1857 5885">
     <span class='ocr_line' id='line_1_60' title="bbox 271 5803 1857 5885; baseline 0.016 -33"><span class='ocrx_word' id='word_1_471' title='bbox 271 5804 410 5859; x_wconf 69' lang='lat' dir='ltr'><strong>seuti</strong></span> <span class='ocrx_word' id='word_1_472' title='bbox 425 5812 480 5859; x_wconf 85' lang='lat' dir='ltr'><strong>et</strong></span> <span class='ocrx_word' id='word_1_473' title='bbox 495 5803 671 5859; x_wconf 87' lang='lat' dir='ltr'><strong>futuro</strong></span> <span class='ocrx_word' id='word_1_474' title='bbox 687 5808 882 5862; x_wconf 85' lang='lat' dir='ltr'><strong>sarculo</strong></span> <span class='ocrx_word' id='word_1_475' title='bbox 899 5810 1144 5879; x_wconf 73' lang='lat' dir='ltr'><strong>prmhens</strong></span> <span class='ocrx_word' id='word_1_476' title='bbox 1166 5831 1179 5867; x_wconf 89' lang='lat'><strong>:</strong></span> <span class='ocrx_word' id='word_1_477' title='bbox 1198 5824 1414 5885; x_wconf 84' lang='lat' dir='ltr'><strong>propter</strong></span> <span class='ocrx_word' id='word_1_478' title='bbox 1430 5826 1662 5873; x_wconf 90' lang='lat' dir='ltr'><strong>nostram</strong></span> <span class='ocrx_word' id='word_1_479' title='bbox 1681 5830 1857 5876; x_wconf 89' lang='lat' dir='ltr'><strong>autem</strong></span> 
     </span>
    </p>
   </div>
   <div class='ocr_carea' id='block_1_61' title="bbox 1318 326 2520 390">
    <p class='ocr_par' dir='ltr' id='par_1_61' title="bbox 1318 326 2520 390">
     <span class='ocr_line' id='line_1_61' title="bbox 1318 326 2520 390; baseline 0.008 -10"><span class='ocrx_word' id='word_1_480' title='bbox 1318 327 1378 380; x_wconf 81' lang='lat' dir='ltr'><strong>IN</strong></span> <span class='ocrx_word' id='word_1_481' title='bbox 1419 327 1577 380; x_wconf 70' lang='lat' dir='ltr'><strong>CAP.</strong></span> <span class='ocrx_word' id='word_1_482' title='bbox 1615 326 1805 382; x_wconf 75' lang='lat' dir='ltr'><strong>XXIX.</strong></span> <span class='ocrx_word' id='word_1_483' title='bbox 1852 328 2092 384; x_wconf 73' lang='lat' dir='ltr'><strong>GENES.</strong></span> <span class='ocrx_word' id='word_1_484' title='bbox 2140 331 2370 390; x_wconf 73' lang='lat' dir='ltr'><strong>ll0.\lll..</strong></span> <span class='ocrx_word' id='word_1_485' title='bbox 2412 336 2520 390; x_wconf 81' lang='lat' dir='ltr'><strong>LV.</strong></span> 
     </span>
    </p>
   </div>
   <div class='ocr_carea' id='block_1_62' title="bbox 3476 346 3579 416">
    <p class='ocr_par' dir='ltr' id='par_1_62' title="bbox 3476 346 3579 416">
     <span class='ocr_line' id='line_1_62' title="bbox 3476 346 3579 416; baseline 0.019 -2"><span class='ocrx_word' id='word_1_486' title='bbox 3476 346 3579 416; x_wconf 64' lang='lat' dir='ltr'><strong>est</strong></span> 
     </span>
    </p>
   </div>
   <div class='ocr_carea' id='block_1_63' title="bbox 1984 446 3572 541">
    <p class='ocr_par' dir='ltr' id='par_1_63' title="bbox 1984 446 3572 541">
     <span class='ocr_line' id='line_1_63' title="bbox 1984 446 3572 541; baseline 0.022 -42"><span class='ocrx_word' id='word_1_487' title='bbox 1984 446 2234 513; x_wconf 90' lang='lat' dir='ltr'><strong>salutem,</strong></span> <span class='ocrx_word' id='word_1_488' title='bbox 2265 462 2315 505; x_wconf 88' lang='lat' dir='ltr'><strong>et</strong></span> <span class='ocrx_word' id='word_1_489' title='bbox 2348 463 2405 507; x_wconf 85' lang='lat' dir='ltr'><strong>ut</strong></span> <span class='ocrx_word' id='word_1_490' title='bbox 2434 469 2725 525; x_wconf 86' lang='lat' dir='ltr'><strong>supernum</strong></span> <span class='ocrx_word' id='word_1_491' title='bbox 2756 460 2909 516; x_wconf 89' lang='lat' dir='ltr'><strong>nobis</strong></span> <span class='ocrx_word' id='word_1_492' title='bbox 2941 464 3178 522; x_wconf 85' lang='lat' dir='ltr'><strong>favorem</strong></span> <span class='ocrx_word' id='word_1_493' title='bbox 3207 473 3572 541; x_wconf 86' lang='lat' dir='ltr'><strong>conciliemus.</strong></span> 
     </span>
    </p>
   </div>
   <div class='ocr_carea' id='block_1_64' title="bbox 1986 541 3575 633">
    <p class='ocr_par' dir='ltr' id='par_1_64' title="bbox 1986 541 3575 633">
     <span class='ocr_line' id='line_1_64' title="bbox 1986 541 3575 633; baseline 0.019 -42"><span class='ocrx_word' id='word_1_494' title='bbox 1986 541 2193 595; x_wconf 90' lang='lat' dir='ltr'><strong>remissi</strong></span> <span class='ocrx_word' id='word_1_495' title='bbox 2221 552 2276 597; x_wconf 91' lang='lat' dir='ltr'><strong>et</strong></span> <span class='ocrx_word' id='word_1_496' title='bbox 2300 546 2475 614; x_wconf 92' lang='lat' dir='ltr'><strong>supini</strong></span> <span class='ocrx_word' id='word_1_497' title='bbox 2516 558 2570 602; x_wconf 90' lang='lat' dir='ltr'><strong>et</strong></span> <span class='ocrx_word' id='word_1_498' title='bbox 2608 549 2852 608; x_wconf 88' lang='lat' dir='ltr'><strong>dissoluti</strong></span> <span class='ocrx_word' id='word_1_499' title='bbox 2888 556 3153 613; x_wconf 89' lang='lat' dir='ltr'><strong>videmur.</strong></span> <span class='ocrx_word' id='word_1_500' title='bbox 3182 560 3248 616; x_wconf 87' lang='lat' dir='ltr'><strong>Et</strong></span> <span class='ocrx_word' id='word_1_501' title='bbox 3276 565 3446 633; x_wconf 89' lang='lat' dir='ltr'><strong>qualis</strong></span> <span class='ocrx_word' id='word_1_502' title='bbox 3489 584 3575 622; x_wconf 23' lang='lat' dir='ltr'><strong>nos</strong></span> 
     </span>
    </p>
   </div>
   <div class='ocr_carea' id='block_1_65' title="bbox 1986 630 3573 726">
    <p class='ocr_par' dir='ltr' id='par_1_65' title="bbox 1986 630 3573 726">
     <span class='ocr_line' id='line_1_65' title="bbox 1986 630 3573 726; baseline 0.02 -41"><span class='ocrx_word' id='word_1_503' title='bbox 1986 630 2068 688; x_wconf 86' lang='lat' dir='ltr'><strong>his</strong></span> <span class='ocrx_word' id='word_1_504' title='bbox 2098 636 2200 689; x_wconf 90' lang='lat' dir='ltr'><strong>erit</strong></span> <span class='ocrx_word' id='word_1_505' title='bbox 2226 638 2377 692; x_wconf 90' lang='lat' dir='ltr'><strong>venia</strong></span> <span class='ocrx_word' id='word_1_506' title='bbox 2405 678 2420 704; x_wconf 91' lang='lat'><strong>,</strong></span> <span class='ocrx_word' id='word_1_507' title='bbox 2448 642 2686 710; x_wconf 86' lang='lat' dir='ltr'><strong>qualisve</strong></span> <span class='ocrx_word' id='word_1_508' title='bbox 2712 650 2985 704; x_wconf 84' lang='lat' dir='ltr'><strong>excusatio</strong></span> <span class='ocrx_word' id='word_1_509' title='bbox 3010 652 3088 706; x_wconf 91' lang='lat' dir='ltr'><strong>sic</strong></span> <span class='ocrx_word' id='word_1_510' title='bbox 3116 630 3451 726; x_wconf 73' lang='lat' dir='ltr'><strong>negligentia:</strong></span> <span class='ocrx_word' id='word_1_511' title='bbox 3475 661 3573 717; x_wconf 84' lang='lat' dir='ltr'><strong>de-</strong></span> 
     </span>
    </p>
   </div>
   <div class='ocr_carea' id='block_1_66' title="bbox 1980 723 3573 815">
    <p class='ocr_par' dir='ltr' id='par_1_66' title="bbox 1980 723 3573 815">
     <span class='ocr_line' id='line_1_66' title="bbox 1980 723 3573 815; baseline 0.019 -39"><span class='ocrx_word' id='word_1_512' title='bbox 1980 723 2127 790; x_wconf 90' lang='lat' dir='ltr'><strong>ditis,</strong></span> <span class='ocrx_word' id='word_1_513' title='bbox 2158 729 2244 797; x_wconf 91' lang='lat' dir='ltr'><strong>qui</strong></span> <span class='ocrx_word' id='word_1_514' title='bbox 2286 744 2459 801; x_wconf 89' lang='lat' dir='ltr'><strong>neque</strong></span> <span class='ocrx_word' id='word_1_515' title='bbox 2499 745 2754 803; x_wconf 90' lang='lat' dir='ltr'><strong>quantum</strong></span> <span class='ocrx_word' id='word_1_516' title='bbox 2785 738 2971 797; x_wconf 87' lang='lat' dir='ltr'><strong>beatus</strong></span> <span class='ocrx_word' id='word_1_517' title='bbox 2997 743 3083 798; x_wconf 90' lang='lat' dir='ltr'><strong>ille</strong></span> <span class='ocrx_word' id='word_1_518' title='bbox 3131 723 3445 815; x_wconf 20' lang='lat' dir='ltr'><strong>inipuellam</strong></span> <span class='ocrx_word' id='word_1_519' title='bbox 3473 753 3573 807; x_wconf 62' lang='lat' dir='ltr'><strong>de-</strong></span> 
     </span>
    </p>
   </div>
   <div class='ocr_carea' id='block_1_67' title="bbox 1980 816 3571 898">
    <p class='ocr_par' dir='ltr' id='par_1_67' title="bbox 1980 816 3571 898">
     <span class='ocr_line' id='line_1_67' title="bbox 1980 816 3571 898; baseline 0.018 -28"><span class='ocrx_word' id='word_1_520' title='bbox 1980 816 2201 873; x_wconf 88' lang='lat' dir='ltr'><strong>claravit</strong></span> <span class='ocrx_word' id='word_1_521' title='bbox 2218 836 2478 891; x_wconf 89' lang='lat' dir='ltr'><strong>amorem,</strong></span> <span class='ocrx_word' id='word_1_522' title='bbox 2502 834 2699 881; x_wconf 87' lang='lat' dir='ltr'><strong>tantam</strong></span> <span class='ocrx_word' id='word_1_523' title='bbox 2720 830 2771 883; x_wconf 92' lang='lat' dir='ltr'><strong>in</strong></span> <span class='ocrx_word' id='word_1_524' title='bbox 2792 831 2954 886; x_wconf 91' lang='lat' dir='ltr'><strong>Deum</strong></span> <span class='ocrx_word' id='word_1_525' title='bbox 2976 836 3251 892; x_wconf 89' lang='lat' dir='ltr'><strong>caritatem</strong></span> <span class='ocrx_word' id='word_1_526' title='bbox 3275 840 3530 898; x_wconf 89' lang='lat' dir='ltr'><strong>habemus</strong></span> <span class='ocrx_word' id='word_1_527' title='bbox 3555 862 3571 897; x_wconf 72' lang='grc' dir='ltr'>ε</span> 
     </span>
    </p>
   </div>
   <div class='ocr_carea' id='block_1_68' title="bbox 1980 906 3574 990">
    <p class='ocr_par' dir='ltr' id='par_1_68' title="bbox 1980 906 3574 990">
     <span class='ocr_line' id='line_1_68' title="bbox 1980 906 3574 990; baseline 0.018 -29"><span class='ocrx_word' id='word_1_528' title='bbox 1980 906 2140 977; x_wconf 90' lang='lat' dir='ltr'><strong>idque</strong></span> <span class='ocrx_word' id='word_1_529' title='bbox 2165 926 2284 965; x_wconf 91' lang='lat' dir='ltr'><strong>cum</strong></span> <span class='ocrx_word' id='word_1_530' title='bbox 2315 921 2457 975; x_wconf 84' lang='lat' dir='ltr'><strong>tanta</strong></span> <span class='ocrx_word' id='word_1_531' title='bbox 2490 919 2755 986; x_wconf 90' lang='lat' dir='ltr'><strong>possimus</strong></span> <span class='ocrx_word' id='word_1_532' title='bbox 2784 938 3071 982; x_wconf 89' lang='lat' dir='ltr'><strong>numerare</strong></span> <span class='ocrx_word' id='word_1_533' title='bbox 3101 927 3357 985; x_wconf 88' lang='lat' dir='ltr'><strong>beneficia</strong></span> <span class='ocrx_word' id='word_1_534' title='bbox 3390 932 3439 987; x_wconf 92' lang='lat' dir='ltr'><strong>in</strong></span> <span class='ocrx_word' id='word_1_535' title='bbox 3473 951 3574 990; x_wconf 86' lang='lat' dir='ltr'><strong>nos</strong></span> 
     </span>
    </p>
   </div>
   <div class='ocr_carea' id='block_1_69' title="bbox 1978 1001 3572 1081">
    <p class='ocr_par' dir='ltr' id='par_1_69' title="bbox 1978 1001 3572 1081">
     <span class='ocr_line' id='line_1_69' title="bbox 1978 1001 3572 1081; baseline 0.019 -30"><span class='ocrx_word' id='word_1_536' title='bbox 1978 1001 2256 1070; x_wconf 89' lang='lat' dir='ltr'><strong>collocata,</strong></span> <span class='ocrx_word' id='word_1_537' title='bbox 2297 1014 2350 1059; x_wconf 91' lang='lat' dir='ltr'><strong>et</strong></span> <span class='ocrx_word' id='word_1_538' title='bbox 2375 1022 2493 1077; x_wconf 62' lang='lat' dir='ltr'><strong>quae</strong></span> <span class='ocrx_word' id='word_1_539' title='bbox 2521 1011 2758 1078; x_wconf 85' lang='lat' dir='ltr'><strong>quotidie</strong></span> <span class='ocrx_word' id='word_1_540' title='bbox 2797 1015 3170 1074; x_wconf 90' lang='lat' dir='ltr'><strong>collocantur?</strong></span> <span class='ocrx_word' id='word_1_541' title='bbox 3199 1020 3304 1076; x_wconf 88' lang='lat' dir='ltr'><strong>Sed</strong></span> <span class='ocrx_word' id='word_1_542' title='bbox 3332 1026 3431 1080; x_wconf 90' lang='lat' dir='ltr'><strong>etsi</strong></span> <span class='ocrx_word' id='word_1_543' title='bbox 3472 1043 3572 1081; x_wconf 84' lang='lat' dir='ltr'><strong>nos</strong></span> 
     </span>
    </p>
   </div>
   <div class='ocr_carea' id='block_1_70' title="bbox 1981 1093 3569 1187">
    <p class='ocr_par' dir='ltr' id='par_1_70' title="bbox 1981 1093 3569 1187">
     <span class='ocr_line' id='line_1_70' title="bbox 1981 1093 3569 1187; baseline 0.017 -43"><span class='ocrx_word' id='word_1_544' title='bbox 1981 1098 2087 1145; x_wconf 89' lang='lat' dir='ltr'><strong>tam</strong></span> <span class='ocrx_word' id='word_1_545' title='bbox 2121 1093 2318 1164; x_wconf 83' lang='lat' dir='ltr'><strong>ingrati</strong></span> <span class='ocrx_word' id='word_1_546' title='bbox 2351 1112 2556 1166; x_wconf 90' lang='lat' dir='ltr'><strong>sumus,</strong></span> <span class='ocrx_word' id='word_1_547' title='bbox 2594 1117 2700 1157; x_wconf 91' lang='lat' dir='ltr'><strong>non</strong></span> <span class='ocrx_word' id='word_1_548' title='bbox 2731 1105 2802 1159; x_wconf 88' lang='lat' dir='ltr'><strong>ita</strong></span> <span class='ocrx_word' id='word_1_549' title='bbox 2830 1117 2976 1163; x_wconf 91' lang='lat' dir='ltr'><strong>certe</strong></span> <span class='ocrx_word' id='word_1_550' title='bbox 3016 1110 3202 1166; x_wconf 88' lang='lat' dir='ltr'><strong>beatus</strong></span> <span class='ocrx_word' id='word_1_551' title='bbox 3231 1113 3447 1183; x_wconf 85' lang='lat' dir='ltr'><strong>Paulus,</strong></span> <span class='ocrx_word' id='word_1_552' title='bbox 3480 1121 3569 1187; x_wconf 89' lang='lat' dir='ltr'><strong>qui</strong></span> 
     </span>
    </p>
   </div>
   <div class='ocr_carea' id='block_1_71' title="bbox 1979 1187 3568 1276">
    <p class='ocr_par' dir='ltr' id='par_1_71' title="bbox 1979 1187 3568 1276">
     <span class='ocr_line' id='line_1_71' title="bbox 1979 1187 3568 1276; baseline 0.019 -40"><span class='ocrx_word' id='word_1_553' title='bbox 1979 1192 2084 1239; x_wconf 90' lang='lat' dir='ltr'><strong>tam</strong></span> <span class='ocrx_word' id='word_1_554' title='bbox 2114 1187 2350 1244; x_wconf 87' lang='lat' dir='ltr'><strong>fervebat</strong></span> <span class='ocrx_word' id='word_1_555' title='bbox 2374 1192 2634 1261; x_wconf 87' lang='lat' dir='ltr'><strong>etignitns</strong></span> <span class='ocrx_word' id='word_1_556' title='bbox 2654 1206 2768 1251; x_wconf 88' lang='lat' dir='ltr'><strong>erat</strong></span> <span class='ocrx_word' id='word_1_557' title='bbox 2787 1201 3009 1257; x_wconf 89' lang='lat' dir='ltr'><strong>caritate</strong></span> <span class='ocrx_word' id='word_1_558' title='bbox 3031 1202 3083 1257; x_wconf 93' lang='lat' dir='ltr'><strong>in</strong></span> <span class='ocrx_word' id='word_1_559' title='bbox 3113 1205 3305 1276; x_wconf 84' lang='lat' dir='ltr'><strong>Deum,</strong></span> <span class='ocrx_word' id='word_1_560' title='bbox 3330 1218 3388 1263; x_wconf 90' lang='lat' dir='ltr'><strong>ut</strong></span> <span class='ocrx_word' id='word_1_561' title='bbox 3406 1213 3568 1266; x_wconf 89' lang='lat' dir='ltr'><strong>verba</strong></span> 
     </span>
    </p>
   </div>
   <div class='ocr_carea' id='block_1_72' title="bbox 1976 1275 3568 1363">
    <p class='ocr_par' dir='ltr' id='par_1_72' title="bbox 1976 1275 3568 1363">
     <span class='ocr_line' id='line_1_72' title="bbox 1976 1275 3568 1363; baseline 0.017 -34"><span class='ocrx_word' id='word_1_562' title='bbox 1976 1275 2065 1331; x_wconf 89' lang='lat' dir='ltr'><strong>illa</strong></span> <span class='ocrx_word' id='word_1_563' title='bbox 2094 1287 2240 1334; x_wconf 89' lang='lat' dir='ltr'><strong>tanto</strong></span> <span class='ocrx_word' id='word_1_564' title='bbox 2259 1282 2437 1338; x_wconf 90' lang='lat' dir='ltr'><strong>animo</strong></span> <span class='ocrx_word' id='word_1_565' title='bbox 2463 1284 2616 1356; x_wconf 85' lang='lat' dir='ltr'><strong>digna</strong></span> <span class='ocrx_word' id='word_1_566' title='bbox 2636 1287 2942 1359; x_wconf 89' lang='lat' dir='ltr'><strong>loqueretur</strong></span> <span class='ocrx_word' id='word_1_567' title='bbox 2963 1303 3018 1348; x_wconf 88' lang='lat' dir='ltr'><strong>et</strong></span> <span class='ocrx_word' id='word_1_568' title='bbox 3037 1275 3309 1363; x_wconf 87' lang='lat' dir='ltr'><strong>clamaret,</strong></span> <span class='ocrx_word' id='word_1_569' title='bbox 3342 1299 3526 1356; x_wconf 90' lang='lat' dir='ltr'><strong>dicens</strong></span> <span class='ocrx_word' id='word_1_570' title='bbox 3552 1320 3568 1357; x_wconf 91' lang='lat'><strong>:</strong></span> 
     </span>
    </p>
   </div>
   <div class='ocr_carea' id='block_1_73' title="bbox 1981 1368 3572 1447">
    <p class='ocr_par' dir='ltr' id='par_1_73' title="bbox 1981 1368 3572 1447">
     <span class='ocr_line' id='line_1_73' title="bbox 1981 1368 3572 1447; baseline 0.015 -25"><span class='ocrx_word' id='word_1_571' title='bbox 1981 1368 2108 1435; x_wconf 84' lang='lat' dir='ltr'><strong>Quis</strong></span> <span class='ocrx_word' id='word_1_572' title='bbox 2161 1389 2254 1427; x_wconf 89' lang='lat' dir='ltr'><strong>nos</strong></span> <span class='ocrx_word' id='word_1_573' title='bbox 2296 1376 2550 1445; x_wconf 87' lang='lat' dir='ltr'><strong>separabit</strong></span> <span class='ocrx_word' id='word_1_574' title='bbox 2580 1395 2613 1431; x_wconf 93' lang='lat' dir='ltr'><strong>a</strong></span> <span class='ocrx_word' id='word_1_575' title='bbox 2643 1382 2886 1437; x_wconf 87' lang='lat' dir='ltr'><strong>charitate</strong></span> <span class='ocrx_word' id='word_1_576' title='bbox 2905 1382 3137 1441; x_wconf 86' lang='lat' dir='ltr'><strong>Christi?</strong></span> <span class='ocrx_word' id='word_1_577' title='bbox 3164 1387 3295 1443; x_wconf 86' lang='lat' dir='ltr'><strong>Vide</strong></span> <span class='ocrx_word' id='word_1_578' title='bbox 3322 1390 3572 1447; x_wconf 80' lang='lat' dir='ltr'><strong>dictionis</strong></span> 
     </span>
    </p>
   </div>
   <div class='ocr_carea' id='block_1_74' title="bbox 1974 1463 3569 1539">
    <p class='ocr_par' dir='ltr' id='par_1_74' title="bbox 1974 1463 3569 1539">
     <span class='ocr_line' id='line_1_74' title="bbox 1974 1463 3569 1539; baseline 0.015 -24"><span class='ocrx_word' id='word_1_579' title='bbox 1974 1463 2270 1533; x_wconf 89' lang='lat' dir='ltr'><strong>emphasim</strong></span> <span class='ocrx_word' id='word_1_580' title='bbox 2292 1508 2307 1533; x_wconf 95' lang='lat'><strong>,</strong></span> <span class='ocrx_word' id='word_1_581' title='bbox 2339 1477 2394 1522; x_wconf 91' lang='lat' dir='ltr'><strong>et</strong></span> <span class='ocrx_word' id='word_1_582' title='bbox 2433 1469 2687 1526; x_wconf 89' lang='lat' dir='ltr'><strong>latentem</strong></span> <span class='ocrx_word' id='word_1_583' title='bbox 2743 1474 2848 1528; x_wconf 92' lang='lat' dir='ltr'><strong>vim</strong></span> <span class='ocrx_word' id='word_1_584' title='bbox 2902 1493 2915 1529; x_wconf 89' lang='lat'>:</span> <span class='ocrx_word' id='word_1_585' title='bbox 2967 1477 3091 1533; x_wconf 90' lang='lat' dir='ltr'><strong>vide</strong></span> <span class='ocrx_word' id='word_1_586' title='bbox 3122 1482 3321 1536; x_wconf 90' lang='lat' dir='ltr'><strong>amoris</strong></span> <span class='ocrx_word' id='word_1_587' title='bbox 3353 1484 3569 1539; x_wconf 79' lang='lat' dir='ltr'><strong>violenti</strong></span> 
     </span>
    </p>
   </div>
   <div class='ocr_carea' id='block_1_75' title="bbox 1976 1554 3567 1644">
    <p class='ocr_par' dir='ltr' id='par_1_75' title="bbox 1976 1554 3567 1644">
     <span class='ocr_line' id='line_1_75' title="bbox 1976 1554 3567 1644; baseline 0.014 -37"><span class='ocrx_word' id='word_1_588' title='bbox 1976 1554 2264 1624; x_wconf 89' lang='lat' dir='ltr'><strong>fervorem,</strong></span> <span class='ocrx_word' id='word_1_589' title='bbox 2294 1560 2416 1615; x_wconf 90' lang='lat' dir='ltr'><strong>vide</strong></span> <span class='ocrx_word' id='word_1_590' title='bbox 2450 1564 2728 1619; x_wconf 88' lang='lat' dir='ltr'><strong>caritatem</strong></span> <span class='ocrx_word' id='word_1_591' title='bbox 2757 1566 3049 1623; x_wconf 85' lang='lat' dir='ltr'><strong>incensam.</strong></span> <span class='ocrx_word' id='word_1_592' title='bbox 3085 1570 3209 1637; x_wconf 84' lang='lat' dir='ltr'><strong>Quis</strong></span> <span class='ocrx_word' id='word_1_593' title='bbox 3234 1591 3325 1627; x_wconf 85' lang='lat' dir='ltr'><strong>nos</strong></span> <span class='ocrx_word' id='word_1_594' title='bbox 3360 1592 3567 1644; x_wconf 83' lang='lat' dir='ltr'><strong>separa-</strong></span> 
     </span>
    </p>
   </div>
   <div class='ocr_carea' id='block_1_76' title="bbox 1972 1647 3566 1735">
    <p class='ocr_par' dir='ltr' id='par_1_76' title="bbox 1972 1647 3566 1735">
     <span class='ocr_line' id='line_1_76' title="bbox 1972 1647 3566 1735; baseline 0.014 -37"><span class='ocrx_word' id='word_1_595' title='bbox 1972 1647 2041 1699; x_wconf 86' lang='lat' dir='ltr'><strong>bit</strong></span> <span class='ocrx_word' id='word_1_596' title='bbox 2077 1648 2099 1719; x_wconf 92' lang='lat'>(</span> <span class='ocrx_word' id='word_1_597' title='bbox 2123 1647 2273 1703; x_wconf 85' lang='lat' dir='ltr'><strong>Rom.</strong></span> <span class='ocrx_word' id='word_1_598' title='bbox 2298 1651 2351 1705; x_wconf 93' lang='lat'><strong>8.</strong></span> <span class='ocrx_word' id='word_1_599' title='bbox 2379 1652 2449 1707; x_wconf 81' lang='lat'><strong>55</strong></span> <span class='ocrx_word' id='word_1_600' title='bbox 2473 1654 2534 1724; x_wconf 84' lang='lat'><strong>)?</strong></span> <span class='ocrx_word' id='word_1_601' title='bbox 2576 1655 2735 1723; x_wconf 85' lang='lat' dir='ltr'><strong>Quid,</strong></span> <span class='ocrx_word' id='word_1_602' title='bbox 2767 1658 2955 1728; x_wconf 91' lang='lat' dir='ltr'><strong>inquit,</strong></span> <span class='ocrx_word' id='word_1_603' title='bbox 2978 1670 3080 1725; x_wconf 91' lang='lat' dir='ltr'><strong>est,</strong></span> <span class='ocrx_word' id='word_1_604' title='bbox 3104 1664 3247 1732; x_wconf 91' lang='lat' dir='ltr'><strong>quod</strong></span> <span class='ocrx_word' id='word_1_605' title='bbox 3278 1669 3445 1735; x_wconf 86' lang='lat' dir='ltr'><strong>possit</strong></span> <span class='ocrx_word' id='word_1_606' title='bbox 3468 1684 3566 1721; x_wconf 83' lang='lat' dir='ltr'><strong>nos</strong></span> 
     </span>
    </p>
   </div>
   <div class='ocr_carea' id='block_1_77' title="bbox 1972 1737 3562 1828">
    <p class='ocr_par' dir='ltr' id='par_1_77' title="bbox 1972 1737 3562 1828">
     <span class='ocr_line' id='line_1_77' title="bbox 1972 1737 3562 1828; baseline 0.014 -37"><span class='ocrx_word' id='word_1_607' title='bbox 1972 1752 2001 1791; x_wconf 88' lang='lat' dir='ltr'><strong>a</strong></span> <span class='ocrx_word' id='word_1_608' title='bbox 2024 1737 2281 1796; x_wconf 90' lang='lat' dir='ltr'><strong>charitate</strong></span> <span class='ocrx_word' id='word_1_609' title='bbox 2301 1742 2393 1797; x_wconf 91' lang='lat' dir='ltr'><strong>Dei</strong></span> <span class='ocrx_word' id='word_1_610' title='bbox 2415 1749 2697 1814; x_wconf 87' lang='lat' dir='ltr'><strong>separare?</strong></span> <span class='ocrx_word' id='word_1_611' title='bbox 2725 1750 2851 1819; x_wconf 90' lang='lat' dir='ltr'><strong>quid</strong></span> <span class='ocrx_word' id='word_1_612' title='bbox 2869 1750 3007 1808; x_wconf 91' lang='lat' dir='ltr'><strong>inter</strong></span> <span class='ocrx_word' id='word_1_613' title='bbox 3026 1753 3253 1811; x_wconf 89' lang='lat' dir='ltr'><strong>visibilia</strong></span> <span class='ocrx_word' id='word_1_614' title='bbox 3271 1757 3310 1824; x_wconf 85' lang='grc'><strong>¹,</strong></span> <span class='ocrx_word' id='word_1_615' title='bbox 3330 1758 3456 1828; x_wconf 90' lang='lat' dir='ltr'><strong>quid</strong></span> <span class='ocrx_word' id='word_1_616' title='bbox 3476 1759 3562 1813; x_wconf 90' lang='lat' dir='ltr'><strong>iu-</strong></span> 
     </span>
    </p>
   </div>
   <div class='ocr_carea' id='block_1_78' title="bbox 1974 1832 2499 1890">
    <p class='ocr_par' dir='ltr' id='par_1_78' title="bbox 1974 1832 2499 1890">
     <span class='ocr_line' id='line_1_78' title="bbox 1974 1832 2499 1890; baseline 0.004 -7"><span class='ocrx_word' id='word_1_617' title='bbox 1974 1839 2056 1886; x_wconf 84' lang='lat' dir='ltr'><strong>ter</strong></span> <span class='ocrx_word' id='word_1_618' title='bbox 2081 1832 2407 1890; x_wconf 84' lang='lat' dir='ltr'><strong>invisibilia?</strong></span> <span class='ocrx_word' id='word_1_619' title='bbox 2498 1882 2499 1885; x_wconf 45' lang='grc' dir='ltr'><strong>η</strong></span> 
     </span>
    </p>
   </div>
   <div class='ocr_carea' id='block_1_79' title="bbox 2043 1924 3560 2006">
    <p class='ocr_par' dir='ltr' id='par_1_79' title="bbox 2043 1924 3560 2006">
     <span class='ocr_line' id='line_1_79' title="bbox 2043 1924 3560 2006; baseline 0.013 -28"><span class='ocrx_word' id='word_1_620' title='bbox 2043 1924 2095 1978; x_wconf 79' lang='lat'><strong>3.</strong></span> <span class='ocrx_word' id='word_1_621' title='bbox 2121 1924 2323 1982; x_wconf 92' lang='lat' dir='ltr'><strong>Deinde</strong></span> <span class='ocrx_word' id='word_1_622' title='bbox 2348 1930 2535 1985; x_wconf 85' lang='lat' dir='ltr'><strong>volens</strong></span> <span class='ocrx_word' id='word_1_623' title='bbox 2560 1940 2614 1986; x_wconf 88' lang='lat' dir='ltr'><strong>et</strong></span> <span class='ocrx_word' id='word_1_624' title='bbox 2639 1933 2992 2001; x_wconf 89' lang='lat' dir='ltr'><strong>particulatim</strong></span> <span class='ocrx_word' id='word_1_625' title='bbox 3017 1938 3195 1993; x_wconf 88' lang='lat' dir='ltr'><strong>omnia</strong></span> <span class='ocrx_word' id='word_1_626' title='bbox 3224 1956 3560 2006; x_wconf 86' lang='lat' dir='ltr'><strong>enumerare,</strong></span> 
     </span>
    </p>
   </div>
   <div class='ocr_carea' id='block_1_80' title="bbox 1970 2015 3554 2099">
    <p class='ocr_par' dir='ltr' id='par_1_80' title="bbox 1970 2015 3554 2099">
     <span class='ocr_line' id='line_1_80' title="bbox 1970 2015 3554 2099; baseline 0.013 -33"><span class='ocrx_word' id='word_1_627' title='bbox 1970 2022 2024 2067; x_wconf 91' lang='lat' dir='ltr'><strong>et</strong></span> <span class='ocrx_word' id='word_1_628' title='bbox 2043 2015 2289 2071; x_wconf 90' lang='lat' dir='ltr'><strong>omnibus</strong></span> <span class='ocrx_word' id='word_1_629' title='bbox 2319 2017 2472 2073; x_wconf 89' lang='lat' dir='ltr'><strong>nobis</strong></span> <span class='ocrx_word' id='word_1_630' title='bbox 2500 2022 2838 2079; x_wconf 84' lang='lat' dir='ltr'><strong>manifestum</strong></span> <span class='ocrx_word' id='word_1_631' title='bbox 2864 2024 3041 2082; x_wconf 90' lang='lat' dir='ltr'><strong>facere</strong></span> <span class='ocrx_word' id='word_1_632' title='bbox 3066 2028 3424 2099; x_wconf 83' lang='lat' dir='ltr'><strong>insuperabile</strong></span> <span class='ocrx_word' id='word_1_633' title='bbox 3454 2033 3554 2086; x_wconf 80' lang='lat' dir='ltr'><strong>de-</strong></span> 
     </span>
    </p>
   </div>
   <div class='ocr_carea' id='block_1_81' title="bbox 1969 2104 3566 2187">
    <p class='ocr_par' dir='ltr' id='par_1_81' title="bbox 1969 2104 3566 2187">
     <span class='ocr_line' id='line_1_81' title="bbox 1969 2104 3566 2187; baseline 0.013 -31"><span class='ocrx_word' id='word_1_634' title='bbox 1969 2104 2223 2159; x_wconf 90' lang='lat' dir='ltr'><strong>siderium</strong></span> <span class='ocrx_word' id='word_1_635' title='bbox 2260 2108 2401 2177; x_wconf 88' lang='lat' dir='ltr'><strong>quod</strong></span> <span class='ocrx_word' id='word_1_636' title='bbox 2430 2126 2553 2181; x_wconf 87' lang='lat' dir='ltr'><strong>erga</strong></span> <span class='ocrx_word' id='word_1_637' title='bbox 2593 2112 2875 2169; x_wconf 91' lang='lat' dir='ltr'><strong>Dominum</strong></span> <span class='ocrx_word' id='word_1_638' title='bbox 2931 2117 3274 2187; x_wconf 89' lang='lat' dir='ltr'><strong>possidebat,</strong></span> <span class='ocrx_word' id='word_1_639' title='bbox 3327 2122 3566 2177; x_wconf 85' lang='lat' dir='ltr'><strong>subdidit</strong></span> 
     </span>
    </p>
   </div>
   <div class='ocr_carea' id='block_1_82' title="bbox 1968 2199 3548 2281">
    <p class='ocr_par' dir='ltr' id='par_1_82' title="bbox 1968 2199 3548 2281">
     <span class='ocr_line' id='line_1_82' title="bbox 1968 2199 3548 2281; baseline 0.011 -30"><span class='ocrx_word' id='word_1_640' title='bbox 1968 2199 2153 2254; x_wconf 91' lang='lat' dir='ltr'><strong>dicens</strong></span> <span class='ocrx_word' id='word_1_641' title='bbox 2181 2218 2194 2253; x_wconf 88' lang='lat'>:</span> <span class='ocrx_word' id='word_1_642' title='bbox 2223 2200 2504 2258; x_wconf 88' lang='lat' dir='ltr'><strong>Tribulatio</strong></span> <span class='ocrx_word' id='word_1_643' title='bbox 2524 2206 2551 2258; x_wconf 73' lang='grc' dir='ltr'><strong>Σ)</strong></span> <span class='ocrx_word' id='word_1_644' title='bbox 2577 2223 2645 2259; x_wconf 88' lang='lat' dir='ltr'><strong>an</strong></span> <span class='ocrx_word' id='word_1_645' title='bbox 2668 2211 2903 2279; x_wconf 86' lang='lat' dir='ltr'><strong>angustia</strong></span> <span class='ocrx_word' id='word_1_646' title='bbox 2920 2210 2946 2263; x_wconf 85' lang='lat'><strong><em>?</em></strong></span> <span class='ocrx_word' id='word_1_647' title='bbox 2966 2226 3033 2264; x_wconf 87' lang='lat' dir='ltr'><strong>an</strong></span> <span class='ocrx_word' id='word_1_648' title='bbox 3059 2212 3258 2279; x_wconf 81' lang='lat' dir='ltr'><strong>fames?</strong></span> <span class='ocrx_word' id='word_1_649' title='bbox 3283 2230 3349 2267; x_wconf 89' lang='lat' dir='ltr'><strong>an</strong></span> <span class='ocrx_word' id='word_1_650' title='bbox 3375 2232 3548 2281; x_wconf 86' lang='lat' dir='ltr'><strong>perse-</strong></span> 
     </span>
    </p>
   </div>
   <div class='ocr_carea' id='block_1_83' title="bbox 1968 2292 3567 2374">
    <p class='ocr_par' dir='ltr' id='par_1_83' title="bbox 1968 2292 3567 2374">
     <span class='ocr_line' id='line_1_83' title="bbox 1968 2292 3567 2374; baseline 0.011 -31"><span class='ocrx_word' id='word_1_651' title='bbox 1968 2292 2144 2360; x_wconf 88' lang='lat' dir='ltr'><strong>quutio</strong></span> <span class='ocrx_word' id='word_1_652' title='bbox 2160 2294 2186 2345; x_wconf 67' lang='grc' dir='ltr'><strong><em>Ρ</em></strong></span> <span class='ocrx_word' id='word_1_653' title='bbox 2225 2310 2293 2348; x_wconf 88' lang='lat' dir='ltr'><strong>an</strong></span> <span class='ocrx_word' id='word_1_654' title='bbox 2321 2296 2521 2350; x_wconf 77' lang='lat' dir='ltr'><strong>auditas</strong></span> <span class='ocrx_word' id='word_1_655' title='bbox 2539 2298 2564 2350; x_wconf 76' lang='grc' dir='ltr'><em>ξ)</em></span> <span class='ocrx_word' id='word_1_656' title='bbox 2590 2315 2656 2352; x_wconf 87' lang='lat' dir='ltr'><strong>an</strong></span> <span class='ocrx_word' id='word_1_657' title='bbox 2683 2302 2999 2368; x_wconf 87' lang='lat' dir='ltr'><strong>periculum?</strong></span> <span class='ocrx_word' id='word_1_658' title='bbox 3020 2319 3089 2357; x_wconf 90' lang='lat' dir='ltr'><strong>an</strong></span> <span class='ocrx_word' id='word_1_659' title='bbox 3112 2305 3312 2374; x_wconf 87' lang='lat' dir='ltr'><strong>gladius</strong></span> <span class='ocrx_word' id='word_1_660' title='bbox 3329 2306 3355 2359; x_wconf 85' lang='lat'><strong><em>?</em></strong></span> <span class='ocrx_word' id='word_1_661' title='bbox 3379 2306 3423 2360; x_wconf 94' lang='grc' dir='ltr'><strong>Ο</strong></span> <span class='ocrx_word' id='word_1_662' title='bbox 3450 2308 3535 2360; x_wconf 86' lang='lat' dir='ltr'><strong>ani</strong></span> <span class='ocrx_word' id='word_1_663' title='bbox 3555 2338 3567 2348; x_wconf 89' lang='lat'><strong>-</strong></span> 
     </span>
    </p>
   </div>
   <div class='ocr_carea' id='block_1_84' title="bbox 1970 2386 3560 2461">
    <p class='ocr_par' dir='ltr' id='par_1_84' title="bbox 1970 2386 3560 2461">
     <span class='ocr_line' id='line_1_84' title="bbox 1970 2386 3560 2461; baseline 0.01 -24"><span class='ocrx_word' id='word_1_664' title='bbox 1970 2399 2132 2449; x_wconf 89' lang='lat' dir='ltr'><strong>mam,</strong></span> <span class='ocrx_word' id='word_1_665' title='bbox 2167 2386 2391 2456; x_wconf 87' lang='lat' dir='ltr'><strong>insania,</strong></span> <span class='ocrx_word' id='word_1_666' title='bbox 2414 2405 2533 2459; x_wconf 82' lang='lat' dir='ltr'><strong>quae</strong></span> <span class='ocrx_word' id='word_1_667' title='bbox 2558 2394 2898 2448; x_wconf 63' lang='lat' dir='ltr'><strong>continentiae</strong></span> <span class='ocrx_word' id='word_1_668' title='bbox 2923 2404 3095 2450; x_wconf 86' lang='lat' dir='ltr'><strong>mater</strong></span> <span class='ocrx_word' id='word_1_669' title='bbox 3121 2406 3224 2461; x_wconf 85' lang='lat' dir='ltr'><strong>est,</strong></span> <span class='ocrx_word' id='word_1_670' title='bbox 3261 2397 3523 2453; x_wconf 89' lang='lat' dir='ltr'><strong>furentem</strong></span> <span class='ocrx_word' id='word_1_671' title='bbox 3546 2401 3560 2454; x_wconf 91' lang='lat'><strong>!</strong></span> 
     </span>
    </p>
   </div>
   <div class='ocr_carea' id='block_1_85' title="bbox 1970 2478 3564 2560">
    <p class='ocr_par' dir='ltr' id='par_1_85' title="bbox 1970 2478 3564 2560">
     <span class='ocr_line' id='line_1_85' title="bbox 1970 2478 3564 2560; baseline 0.01 -30"><span class='ocrx_word' id='word_1_672' title='bbox 1970 2478 2130 2545; x_wconf 88' lang='lat' dir='ltr'><strong>Quid,</strong></span> <span class='ocrx_word' id='word_1_673' title='bbox 2164 2479 2352 2550; x_wconf 87' lang='lat' dir='ltr'><strong>inquit,</strong></span> <span class='ocrx_word' id='word_1_674' title='bbox 2391 2498 2460 2537; x_wconf 90' lang='lat' dir='ltr'><strong>ex</strong></span> <span class='ocrx_word' id='word_1_675' title='bbox 2494 2484 2558 2539; x_wconf 89' lang='lat' dir='ltr'><strong>iis</strong></span> <span class='ocrx_word' id='word_1_676' title='bbox 2596 2502 2713 2553; x_wconf 73' lang='lat' dir='ltr'><strong>quae</strong></span> <span class='ocrx_word' id='word_1_677' title='bbox 2756 2489 2907 2543; x_wconf 90' lang='lat' dir='ltr'><strong>nobis</strong></span> <span class='ocrx_word' id='word_1_678' title='bbox 2960 2489 3142 2544; x_wconf 90' lang='lat' dir='ltr'><strong>inferri</strong></span> <span class='ocrx_word' id='word_1_679' title='bbox 3189 2502 3433 2560; x_wconf 92' lang='lat' dir='ltr'><strong>possunt,</strong></span> <span class='ocrx_word' id='word_1_680' title='bbox 3465 2509 3564 2547; x_wconf 86' lang='lat' dir='ltr'><strong>nos</strong></span> 
     </span>
    </p>
   </div>
   <div class='ocr_carea' id='block_1_86' title="bbox 1970 2574 3563 2651">
    <p class='ocr_par' dir='ltr' id='par_1_86' title="bbox 1970 2574 3563 2651">
     <span class='ocr_line' id='line_1_86' title="bbox 1970 2574 3563 2651; baseline 0.009 -30"><span class='ocrx_word' id='word_1_681' title='bbox 1970 2583 2199 2625; x_wconf 88' lang='lat' dir='ltr'><strong>avocare</strong></span> <span class='ocrx_word' id='word_1_682' title='bbox 2244 2587 2275 2626; x_wconf 87' lang='lat' dir='ltr'><strong>a</strong></span> <span class='ocrx_word' id='word_1_683' title='bbox 2304 2574 2525 2629; x_wconf 89' lang='lat' dir='ltr'><strong>caritate</strong></span> <span class='ocrx_word' id='word_1_684' title='bbox 2572 2592 2689 2646; x_wconf 68' lang='lat' dir='ltr'><strong>qua:</strong></span> <span class='ocrx_word' id='word_1_685' title='bbox 2726 2588 2809 2632; x_wconf 88' lang='lat' dir='ltr'><strong>est</strong></span> <span class='ocrx_word' id='word_1_686' title='bbox 2835 2580 2886 2633; x_wconf 93' lang='lat' dir='ltr'><strong>in</strong></span> <span class='ocrx_word' id='word_1_687' title='bbox 2930 2580 3092 2634; x_wconf 89' lang='lat' dir='ltr'><strong>Deum</strong></span> <span class='ocrx_word' id='word_1_688' title='bbox 3122 2583 3353 2651; x_wconf 81' lang='lat' dir='ltr'><strong>poterit?</strong></span> <span class='ocrx_word' id='word_1_689' title='bbox 3408 2584 3563 2638; x_wconf 75' lang='lat' dir='ltr'><strong>Affli-</strong></span> 
     </span>
    </p>
   </div>
   <div class='ocr_carea' id='block_1_87' title="bbox 1968 2665 3561 2746">
    <p class='ocr_par' dir='ltr' id='par_1_87' title="bbox 1968 2665 3561 2746">
     <span class='ocr_line' id='line_1_87' title="bbox 1968 2665 3561 2746; baseline 0.011 -30"><span class='ocrx_word' id='word_1_690' title='bbox 1968 2665 2175 2718; x_wconf 88' lang='lat' dir='ltr'><strong>ctiones</strong></span> <span class='ocrx_word' id='word_1_691' title='bbox 2203 2666 2565 2735; x_wconf 64' lang='lat' dir='ltr'><strong>quotidianae?</strong></span> <span class='ocrx_word' id='word_1_692' title='bbox 2593 2669 2826 2726; x_wconf 82' lang='lat' dir='ltr'><strong>Minime.</strong></span> <span class='ocrx_word' id='word_1_693' title='bbox 2864 2673 3175 2743; x_wconf 62' lang='lat' dir='ltr'><strong>Angustias?</strong></span> <span class='ocrx_word' id='word_1_694' title='bbox 3203 2675 3388 2746; x_wconf 89' lang='lat' dir='ltr'><strong>Neque</strong></span> <span class='ocrx_word' id='word_1_695' title='bbox 3435 2678 3561 2734; x_wconf 70' lang='lat' dir='ltr'><strong>illa).</strong></span> 
     </span>
    </p>
   </div>
   <div class='ocr_carea' id='block_1_88' title="bbox 1967 2755 3559 2837">
    <p class='ocr_par' dir='ltr' id='par_1_88' title="bbox 1967 2755 3559 2837">
     <span class='ocr_line' id='line_1_88' title="bbox 1967 2755 3559 2837; baseline 0.009 -28"><span class='ocrx_word' id='word_1_696' title='bbox 1967 2755 2106 2811; x_wconf 86' lang='lat' dir='ltr'><strong>Num</strong></span> <span class='ocrx_word' id='word_1_697' title='bbox 2131 2760 2609 2829; x_wconf 74' lang='lat' dir='ltr'><strong>persequutiones?</strong></span> <span class='ocrx_word' id='word_1_698' title='bbox 2634 2762 2817 2833; x_wconf 89' lang='lat' dir='ltr'><strong>Neque</strong></span> <span class='ocrx_word' id='word_1_699' title='bbox 2848 2766 2970 2821; x_wconf 65' lang='lat' dir='ltr'><strong>illae.</strong></span> <span class='ocrx_word' id='word_1_700' title='bbox 2997 2767 3102 2822; x_wconf 86' lang='lat' dir='ltr'><strong>Sed</strong></span> <span class='ocrx_word' id='word_1_701' title='bbox 3127 2768 3292 2837; x_wconf 89' lang='lat' dir='ltr'><strong>quid?</strong></span> <span class='ocrx_word' id='word_1_702' title='bbox 3319 2786 3445 2825; x_wconf 80' lang='lat' dir='ltr'><strong>nunt</strong></span> <span class='ocrx_word' id='word_1_703' title='bbox 3478 2771 3559 2823; x_wconf 87' lang='lat' dir='ltr'><strong>fa-</strong></span> 
     </span>
    </p>
   </div>
   <div class='ocr_carea' id='block_1_89' title="bbox 1967 2850 3566 2932">
    <p class='ocr_par' dir='ltr' id='par_1_89' title="bbox 1967 2850 3566 2932">
     <span class='ocr_line' id='line_1_89' title="bbox 1967 2850 3566 2932; baseline 0.009 -30"><span class='ocrx_word' id='word_1_704' title='bbox 1967 2850 2119 2903; x_wconf 88' lang='lat' dir='ltr'><strong>mes?</strong></span> <span class='ocrx_word' id='word_1_705' title='bbox 2146 2866 2275 2904; x_wconf 91' lang='lat' dir='ltr'><strong>num</strong></span> <span class='ocrx_word' id='word_1_706' title='bbox 2318 2853 2565 2908; x_wconf 87' lang='lat' dir='ltr'><strong>nudilas?</strong></span> <span class='ocrx_word' id='word_1_707' title='bbox 2608 2871 2734 2910; x_wconf 91' lang='lat' dir='ltr'><strong>num</strong></span> <span class='ocrx_word' id='word_1_708' title='bbox 2764 2858 3035 2925; x_wconf 82' lang='lat' dir='ltr'><strong>pericula?</strong></span> <span class='ocrx_word' id='word_1_709' title='bbox 3068 2860 3263 2916; x_wconf 73' lang='lat' dir='ltr'><strong>Verum</strong></span> <span class='ocrx_word' id='word_1_710' title='bbox 3288 2863 3415 2932; x_wconf 92' lang='lat' dir='ltr'><strong>quid</strong></span> <span class='ocrx_word' id='word_1_711' title='bbox 3443 2865 3566 2917; x_wconf 84' lang='lat' dir='ltr'><strong>dico</strong></span> 
     </span>
    </p>
   </div>
   <div class='ocr_carea' id='block_1_90' title="bbox 1968 2939 3558 3023">
    <p class='ocr_par' dir='ltr' id='par_1_90' title="bbox 1968 2939 3558 3023">
     <span class='ocr_line' id='line_1_90' title="bbox 1968 2939 3558 3023; baseline 0.011 -29"><span class='ocrx_word' id='word_1_712' title='bbox 1968 2939 2184 3008; x_wconf 90' lang='lat' dir='ltr'><strong>famem,</strong></span> <span class='ocrx_word' id='word_1_713' title='bbox 2214 2952 2268 2998; x_wconf 91' lang='lat' dir='ltr'><strong>et</strong></span> <span class='ocrx_word' id='word_1_714' title='bbox 2295 2945 2610 3012; x_wconf 90' lang='lat' dir='ltr'><strong>nuditatem,</strong></span> <span class='ocrx_word' id='word_1_715' title='bbox 2638 2956 2693 3001; x_wconf 90' lang='lat' dir='ltr'><strong>et</strong></span> <span class='ocrx_word' id='word_1_716' title='bbox 2736 2950 3166 3016; x_wconf 71' lang='lat' dir='ltr'><strong>periculalnum</strong></span> <span class='ocrx_word' id='word_1_717' title='bbox 3194 2953 3442 3023; x_wconf 85' lang='lat' dir='ltr'><strong>gladius?</strong></span> <span class='ocrx_word' id='word_1_718' title='bbox 3479 2958 3558 3014; x_wconf 82' lang='lat' dir='ltr'><strong>Ne</strong></span> 
     </span>
    </p>
   </div>
   <div class='ocr_carea' id='block_1_91' title="bbox 1968 3037 3559 3117">
    <p class='ocr_par' dir='ltr' id='par_1_91' title="bbox 1968 3037 3559 3117">
     <span class='ocr_line' id='line_1_91' title="bbox 1968 3037 3559 3117; baseline 0.009 -27"><span class='ocrx_word' id='word_1_719' title='bbox 1968 3050 2113 3091; x_wconf 92' lang='lat' dir='ltr'><strong>mors</strong></span> <span class='ocrx_word' id='word_1_720' title='bbox 2140 3037 2355 3107; x_wconf 90' lang='lat' dir='ltr'><strong>quidem</strong></span> <span class='ocrx_word' id='word_1_721' title='bbox 2380 3039 2516 3111; x_wconf 90' lang='lat' dir='ltr'><strong>ipsa,</strong></span> <span class='ocrx_word' id='word_1_722' title='bbox 2544 3042 2591 3096; x_wconf 91' lang='lat' dir='ltr'><strong>si</strong></span> <span class='ocrx_word' id='word_1_723' title='bbox 2635 3042 2901 3113; x_wconf 86' lang='lat' dir='ltr'><strong>infligatur</strong></span> <span class='ocrx_word' id='word_1_724' title='bbox 2920 3087 2935 3112; x_wconf 92' lang='lat'><strong>,</strong></span> <span class='ocrx_word' id='word_1_725' title='bbox 2964 3046 3065 3103; x_wconf 90' lang='lat' dir='ltr'><strong>hoc</strong></span> <span class='ocrx_word' id='word_1_726' title='bbox 3089 3050 3285 3117; x_wconf 87' lang='lat' dir='ltr'><strong>poterit</strong></span> <span class='ocrx_word' id='word_1_727' title='bbox 3310 3051 3520 3106; x_wconf 83' lang='lat' dir='ltr'><strong>efficere</strong></span> <span class='ocrx_word' id='word_1_728' title='bbox 3545 3069 3559 3105; x_wconf 91' lang='lat'>:</span> 
     </span>
    </p>
   </div>
   <div class='ocr_carea' id='block_1_92' title="bbox 1967 3127 3563 3204">
    <p class='ocr_par' dir='ltr' id='par_1_92' title="bbox 1967 3127 3563 3204">
     <span class='ocr_line' id='line_1_92' title="bbox 1967 3127 3563 3204; baseline 0.011 -22"><span class='ocrx_word' id='word_1_729' title='bbox 1967 3127 2020 3183; x_wconf 90' lang='lat' dir='ltr'><strong>id</strong></span> <span class='ocrx_word' id='word_1_730' title='bbox 2040 3130 2183 3184; x_wconf 90' lang='lat' dir='ltr'><strong>enim</strong></span> <span class='ocrx_word' id='word_1_731' title='bbox 2225 3146 2447 3199; x_wconf 87' lang='lat' dir='ltr'><strong>prorsus</strong></span> <span class='ocrx_word' id='word_1_732' title='bbox 2478 3134 2811 3204; x_wconf 87' lang='lat' dir='ltr'><strong>impossibile</strong></span> <span class='ocrx_word' id='word_1_733' title='bbox 2854 3149 2957 3193; x_wconf 87' lang='lat' dir='ltr'><strong>est.</strong></span> <span class='ocrx_word' id='word_1_734' title='bbox 2988 3140 3175 3197; x_wconf 87' lang='lat' dir='ltr'><strong>Nullus</strong></span> <span class='ocrx_word' id='word_1_735' title='bbox 3212 3144 3347 3199; x_wconf 90' lang='lat' dir='ltr'><strong>alius</strong></span> <span class='ocrx_word' id='word_1_736' title='bbox 3373 3146 3453 3200; x_wconf 89' lang='lat' dir='ltr'><strong>sic</strong></span> <span class='ocrx_word' id='word_1_737' title='bbox 3476 3145 3563 3199; x_wconf 85' lang='lat' dir='ltr'><strong>di-</strong></span> 
     </span>
    </p>
   </div>
   <div class='ocr_carea' id='block_1_93' title="bbox 1965 3222 3560 3294">
    <p class='ocr_par' dir='ltr' id='par_1_93' title="bbox 1965 3222 3560 3294">
     <span class='ocr_line' id='line_1_93' title="bbox 1965 3222 3560 3294; baseline 0.013 -23"><span class='ocrx_word' id='word_1_738' title='bbox 1965 3229 2156 3288; x_wconf 87' lang='lat' dir='ltr'><strong>gnatus</strong></span> <span class='ocrx_word' id='word_1_739' title='bbox 2181 3230 2267 3276; x_wconf 92' lang='lat' dir='ltr'><strong>est</strong></span> <span class='ocrx_word' id='word_1_740' title='bbox 2311 3222 2533 3294; x_wconf 89' lang='lat' dir='ltr'><strong>diligere</strong></span> <span class='ocrx_word' id='word_1_741' title='bbox 2583 3226 2887 3292; x_wconf 88' lang='lat' dir='ltr'><strong>Dominum,</strong></span> <span class='ocrx_word' id='word_1_742' title='bbox 2932 3241 2990 3285; x_wconf 90' lang='lat' dir='ltr'><strong>ut</strong></span> <span class='ocrx_word' id='word_1_743' title='bbox 3028 3233 3177 3287; x_wconf 87' lang='lat' dir='ltr'><strong>beata</strong></span> <span class='ocrx_word' id='word_1_744' title='bbox 3224 3234 3308 3288; x_wconf 90' lang='lat' dir='ltr'><strong>illa</strong></span> <span class='ocrx_word' id='word_1_745' title='bbox 3362 3237 3560 3293; x_wconf 89' lang='lat' dir='ltr'><strong>anima.</strong></span> 
     </span>
    </p>
   </div>
   <div class='ocr_carea' id='block_1_94' title="bbox 1965 3309 3561 3395">
    <p class='ocr_par' dir='ltr' id='par_1_94' title="bbox 1965 3309 3561 3395">
     <span class='ocr_line' id='line_1_94' title="bbox 1965 3309 3561 3395; baseline 0.012 -31"><span class='ocrx_word' id='word_1_746' title='bbox 1965 3309 2125 3377; x_wconf 87' lang='lat' dir='ltr'><strong>Quasi</strong></span> <span class='ocrx_word' id='word_1_747' title='bbox 2154 3314 2298 3368; x_wconf 89' lang='lat' dir='ltr'><strong>enim</strong></span> <span class='ocrx_word' id='word_1_748' title='bbox 2342 3315 2597 3373; x_wconf 90' lang='lat' dir='ltr'><strong>liberatus</strong></span> <span class='ocrx_word' id='word_1_749' title='bbox 2636 3335 2666 3373; x_wconf 87' lang='lat' dir='ltr'><strong>a</strong></span> <span class='ocrx_word' id='word_1_750' title='bbox 2707 3336 2953 3391; x_wconf 89' lang='lat' dir='ltr'><strong>corpore,</strong></span> <span class='ocrx_word' id='word_1_751' title='bbox 2981 3334 3034 3379; x_wconf 91' lang='lat' dir='ltr'><strong>et</strong></span> <span class='ocrx_word' id='word_1_752' title='bbox 3076 3327 3319 3382; x_wconf 90' lang='lat' dir='ltr'><strong>sublimis</strong></span> <span class='ocrx_word' id='word_1_753' title='bbox 3370 3330 3561 3395; x_wconf 78' lang='lat' dir='ltr'><strong>factus,</strong></span> 
     </span>
    </p>
   </div>
   <div class='ocr_carea' id='block_1_95' title="bbox 1966 3404 3549 3489">
    <p class='ocr_par' dir='ltr' id='par_1_95' title="bbox 1966 3404 3549 3489">
     <span class='ocr_line' id='line_1_95' title="bbox 1966 3404 3549 3489; baseline 0.013 -32"><span class='ocrx_word' id='word_1_754' title='bbox 1966 3413 2024 3457; x_wconf 87' lang='lat' dir='ltr'><strong>ut</strong></span> <span class='ocrx_word' id='word_1_755' title='bbox 2048 3404 2127 3458; x_wconf 92' lang='lat' dir='ltr'><strong>sic</strong></span> <span class='ocrx_word' id='word_1_756' title='bbox 2140 3404 2336 3471; x_wconf 90' lang='lat' dir='ltr'><strong>dicam,</strong></span> <span class='ocrx_word' id='word_1_757' title='bbox 2357 3423 2528 3479; x_wconf 89' lang='lat' dir='ltr'><strong>neque</strong></span> <span class='ocrx_word' id='word_1_758' title='bbox 2554 3426 2715 3480; x_wconf 87' lang='lat' dir='ltr'><strong>super</strong></span> <span class='ocrx_word' id='word_1_759' title='bbox 2734 3422 2929 3468; x_wconf 88' lang='lat' dir='ltr'><strong>terram</strong></span> <span class='ocrx_word' id='word_1_760' title='bbox 2955 3417 3228 3474; x_wconf 90' lang='lat' dir='ltr'><strong>ambulare</strong></span> <span class='ocrx_word' id='word_1_761' title='bbox 3247 3436 3306 3475; x_wconf 89' lang='lat' dir='ltr'><strong>se</strong></span> <span class='ocrx_word' id='word_1_762' title='bbox 3335 3432 3549 3489; x_wconf 88' lang='lat' dir='ltr'><strong>putans,</strong></span> 
     </span>
    </p>
   </div>
   <div class='ocr_carea' id='block_1_96' title="bbox 1967 3493 3558 3567">
    <p class='ocr_par' dir='ltr' id='par_1_96' title="bbox 1967 3493 3558 3567">
     <span class='ocr_line' id='line_1_96' title="bbox 1967 3493 3558 3567; baseline 0.013 -20"><span class='ocrx_word' id='word_1_763' title='bbox 1967 3493 2038 3547; x_wconf 88' lang='lat' dir='ltr'><strong>ita</strong></span> <span class='ocrx_word' id='word_1_764' title='bbox 2063 3495 2316 3567; x_wconf 88' lang='lat' dir='ltr'><strong>loquitur.</strong></span> <span class='ocrx_word' id='word_1_765' title='bbox 2352 3501 2518 3554; x_wconf 86' lang='lat' dir='ltr'><strong>Amor</strong></span> <span class='ocrx_word' id='word_1_766' title='bbox 2544 3502 2689 3556; x_wconf 87' lang='lat' dir='ltr'><strong>enim</strong></span> <span class='ocrx_word' id='word_1_767' title='bbox 2728 3505 2781 3558; x_wconf 93' lang='lat' dir='ltr'><strong>in</strong></span> <span class='ocrx_word' id='word_1_768' title='bbox 2836 3506 3004 3561; x_wconf 88' lang='lat' dir='ltr'><strong>Deum</strong></span> <span class='ocrx_word' id='word_1_769' title='bbox 3033 3517 3089 3563; x_wconf 88' lang='lat' dir='ltr'><strong>et</strong></span> <span class='ocrx_word' id='word_1_770' title='bbox 3124 3524 3377 3566; x_wconf 81' lang='lat' dir='ltr'><strong>succensa</strong></span> <span class='ocrx_word' id='word_1_771' title='bbox 3413 3517 3558 3567; x_wconf 80' lang='lat' dir='ltr'><strong>Cari-</strong></span> 
     </span>
    </p>
   </div>
   <div class='ocr_carea' id='block_1_97' title="bbox 1966 3590 3561 3667">
    <p class='ocr_par' dir='ltr' id='par_1_97' title="bbox 1966 3590 3561 3667">
     <span class='ocr_line' id='line_1_97' title="bbox 1966 3590 3561 3667; baseline 0.012 -27"><span class='ocrx_word' id='word_1_772' title='bbox 1966 3594 2048 3641; x_wconf 89' lang='lat' dir='ltr'><strong>tas</strong></span> <span class='ocrx_word' id='word_1_773' title='bbox 2088 3590 3561 3667; x_wconf 77' lang='lat' dir='ltr'><strong>mentemejusasensibilibusadSpiritualiatranstulit.</strong></span> 
     </span>
    </p>
   </div>
   <div class='ocr_carea' id='block_1_98' title="bbox 1966 3682 3560 3751">
    <p class='ocr_par' dir='ltr' id='par_1_98' title="bbox 1966 3682 3560 3751">
     <span class='ocr_line' id='line_1_98' title="bbox 1966 3682 3560 3751; baseline 0.009 -17"><span class='ocrx_word' id='word_1_774' title='bbox 1966 3688 2022 3734; x_wconf 88' lang='lat' dir='ltr'><strong>et</strong></span> <span class='ocrx_word' id='word_1_775' title='bbox 2045 3694 2074 3733; x_wconf 90' lang='lat' dir='ltr'><strong>a</strong></span> <span class='ocrx_word' id='word_1_776' title='bbox 2102 3682 2452 3749; x_wconf 68' lang='lat' dir='ltr'><strong>prmsentibus</strong></span> <span class='ocrx_word' id='word_1_777' title='bbox 2468 3684 2533 3739; x_wconf 93' lang='lat' dir='ltr'><strong>ad</strong></span> <span class='ocrx_word' id='word_1_778' title='bbox 2558 3684 2753 3751; x_wconf 91' lang='lat' dir='ltr'><strong>futura,</strong></span> <span class='ocrx_word' id='word_1_779' title='bbox 2784 3698 2837 3741; x_wconf 87' lang='lat' dir='ltr'><strong>et</strong></span> <span class='ocrx_word' id='word_1_780' title='bbox 2865 3704 2894 3741; x_wconf 93' lang='lat' dir='ltr'><strong>a</strong></span> <span class='ocrx_word' id='word_1_781' title='bbox 2919 3690 3214 3746; x_wconf 88' lang='lat' dir='ltr'><strong>visibilibus</strong></span> <span class='ocrx_word' id='word_1_782' title='bbox 3249 3692 3315 3747; x_wconf 92' lang='lat' dir='ltr'><strong>ad</strong></span> <span class='ocrx_word' id='word_1_783' title='bbox 3344 3708 3449 3748; x_wconf 92' lang='lat' dir='ltr'><strong>non</strong></span> <span class='ocrx_word' id='word_1_784' title='bbox 3480 3696 3560 3747; x_wconf 86' lang='lat' dir='ltr'><strong>vi-</strong></span> 
     </span>
    </p>
   </div>
   <div class='ocr_carea' id='block_1_99' title="bbox 1967 3769 3556 3840">
    <p class='ocr_par' dir='ltr' id='par_1_99' title="bbox 1967 3769 3556 3840">
     <span class='ocr_line' id='line_1_99' title="bbox 1967 3769 3556 3840; baseline 0.011 -17"><span class='ocrx_word' id='word_1_785' title='bbox 1967 3769 2159 3825; x_wconf 87' lang='lat' dir='ltr'><strong>sibilia.</strong></span> <span class='ocrx_word' id='word_1_786' title='bbox 2192 3772 2340 3827; x_wconf 89' lang='lat' dir='ltr'><strong>Talis</strong></span> <span class='ocrx_word' id='word_1_787' title='bbox 2368 3774 2510 3829; x_wconf 92' lang='lat' dir='ltr'><strong>euim</strong></span> <span class='ocrx_word' id='word_1_788' title='bbox 2545 3791 2631 3831; x_wconf 88' lang='lat' dir='ltr'><strong>res</strong></span> <span class='ocrx_word' id='word_1_789' title='bbox 2658 3786 2739 3832; x_wconf 90' lang='lat' dir='ltr'><strong>cst</strong></span> <span class='ocrx_word' id='word_1_790' title='bbox 2768 3778 2898 3833; x_wconf 87' lang='lat' dir='ltr'><strong>fides</strong></span> <span class='ocrx_word' id='word_1_791' title='bbox 2925 3790 2979 3835; x_wconf 88' lang='lat' dir='ltr'><strong>et</strong></span> <span class='ocrx_word' id='word_1_792' title='bbox 3024 3783 3219 3838; x_wconf 83' lang='lat' dir='ltr'><strong>caritas</strong></span> <span class='ocrx_word' id='word_1_793' title='bbox 3260 3784 3313 3838; x_wconf 93' lang='lat' dir='ltr'><strong>in</strong></span> <span class='ocrx_word' id='word_1_794' title='bbox 3366 3787 3556 3840; x_wconf 87' lang='lat' dir='ltr'><strong>Deum.</strong></span> 
     </span>
    </p>
   </div>
   <div class='ocr_carea' id='block_1_100' title="bbox 1968 3862 3565 3943">
    <p class='ocr_par' dir='ltr' id='par_1_100' title="bbox 1968 3862 3565 3943">
     <span class='ocr_line' id='line_1_100' title="bbox 1968 3862 3565 3943; baseline 0.011 -27"><span class='ocrx_word' id='word_1_795' title='bbox 1968 3862 2028 3917; x_wconf 90' lang='lat' dir='ltr'><strong>Et</strong></span> <span class='ocrx_word' id='word_1_796' title='bbox 2060 3872 2118 3916; x_wconf 90' lang='lat' dir='ltr'><strong>ut</strong></span> <span class='ocrx_word' id='word_1_797' title='bbox 2142 3864 2317 3919; x_wconf 86' lang='lat' dir='ltr'><strong>discas</strong></span> <span class='ocrx_word' id='word_1_798' title='bbox 2345 3882 2597 3937; x_wconf 85' lang='lat' dir='ltr'><strong>magnum</strong></span> <span class='ocrx_word' id='word_1_799' title='bbox 2626 3871 2741 3939; x_wconf 89' lang='lat' dir='ltr'><strong>ejus</strong></span> <span class='ocrx_word' id='word_1_800' title='bbox 2766 3872 2946 3927; x_wconf 91' lang='lat' dir='ltr'><strong>cordis</strong></span> <span class='ocrx_word' id='word_1_801' title='bbox 2974 3874 3224 3930; x_wconf 77' lang='lat' dir='ltr'><strong>allectum</strong></span> <span class='ocrx_word' id='word_1_802' title='bbox 3242 3918 3258 3943; x_wconf 92' lang='lat'><strong>,</strong></span> <span class='ocrx_word' id='word_1_803' title='bbox 3294 3878 3565 3934; x_wconf 83' lang='lat' dir='ltr'><strong>videeum</strong></span> 
     </span>
    </p>
   </div>
   <div class='ocr_carea' id='block_1_101' title="bbox 1966 3957 3563 4039">
    <p class='ocr_par' dir='ltr' id='par_1_101' title="bbox 1966 3957 3563 4039">
     <span class='ocr_line' id='line_1_101' title="bbox 1966 3957 3563 4039; baseline 0.012 -30"><span class='ocrx_word' id='word_1_804' title='bbox 1966 3957 2055 4026; x_wconf 91' lang='lat' dir='ltr'><strong>qui</strong></span> <span class='ocrx_word' id='word_1_805' title='bbox 2086 3960 2163 4013; x_wconf 92' lang='lat' dir='ltr'><strong>sic</strong></span> <span class='ocrx_word' id='word_1_806' title='bbox 2188 3960 2473 4018; x_wconf 89' lang='lat' dir='ltr'><strong>Dominum</strong></span> <span class='ocrx_word' id='word_1_807' title='bbox 2501 3964 2706 4033; x_wconf 83' lang='lat' dir='ltr'><strong>dilexit,</strong></span> <span class='ocrx_word' id='word_1_808' title='bbox 2734 3977 2787 4022; x_wconf 89' lang='lat' dir='ltr'><strong>et</strong></span> <span class='ocrx_word' id='word_1_809' title='bbox 2831 3968 2882 4022; x_wconf 92' lang='lat' dir='ltr'><strong>in</strong></span> <span class='ocrx_word' id='word_1_810' title='bbox 2923 3970 3037 4039; x_wconf 89' lang='lat' dir='ltr'><strong>ejus</strong></span> <span class='ocrx_word' id='word_1_811' title='bbox 3070 3971 3347 4027; x_wconf 88' lang='lat' dir='ltr'><strong>caritatem</strong></span> <span class='ocrx_word' id='word_1_812' title='bbox 3403 3988 3563 4028; x_wconf 85' lang='lat' dir='ltr'><strong>exar-</strong></span> 
     </span>
    </p>
   </div>
   <div class='ocr_carea' id='block_1_102' title="bbox 1966 4047 3561 4131">
    <p class='ocr_par' dir='ltr' id='par_1_102' title="bbox 1966 4047 3561 4131">
     <span class='ocr_line' id='line_1_102' title="bbox 1966 4047 3561 4131; baseline 0.013 -32"><span class='ocrx_word' id='word_1_813' title='bbox 1966 4047 2056 4112; x_wconf 89' lang='lat' dir='ltr'><strong>sit,</strong></span> <span class='ocrx_word' id='word_1_814' title='bbox 2086 4047 2276 4120; x_wconf 90' lang='lat' dir='ltr'><strong>fugari,</strong></span> <span class='ocrx_word' id='word_1_815' title='bbox 2302 4057 2770 4124; x_wconf 80' lang='lat' dir='ltr'><strong>persequutionem</strong></span> <span class='ocrx_word' id='word_1_816' title='bbox 2811 4060 2941 4128; x_wconf 88' lang='lat' dir='ltr'><strong>pati,</strong></span> <span class='ocrx_word' id='word_1_817' title='bbox 2971 4059 3251 4131; x_wconf 87' lang='lat' dir='ltr'><strong>ﬂagellari,</strong></span> <span class='ocrx_word' id='word_1_818' title='bbox 3281 4064 3561 4119; x_wconf 85' lang='lat' dir='ltr'><strong>innumera</strong></span> 
     </span>
    </p>
   </div>
   <div class='ocr_carea' id='block_1_103' title="bbox 1965 4139 3564 4219">
    <p class='ocr_par' dir='ltr' id='par_1_103' title="bbox 1965 4139 3564 4219">
     <span class='ocr_line' id='line_1_103' title="bbox 1965 4139 3564 4219; baseline 0.012 -29"><span class='ocrx_word' id='word_1_819' title='bbox 1965 4139 2144 4206; x_wconf 88' lang='lat' dir='ltr'><strong>gravia</strong></span> <span class='ocrx_word' id='word_1_820' title='bbox 2199 4141 2358 4209; x_wconf 89' lang='lat' dir='ltr'><strong>ferre,</strong></span> <span class='ocrx_word' id='word_1_821' title='bbox 2391 4155 2445 4198; x_wconf 88' lang='lat' dir='ltr'><strong>et</strong></span> <span class='ocrx_word' id='word_1_822' title='bbox 2489 4146 2668 4202; x_wconf 90' lang='lat' dir='ltr'><strong>dicere</strong></span> <span class='ocrx_word' id='word_1_823' title='bbox 2702 4169 2714 4203; x_wconf 94' lang='lat'>:</span> <span class='ocrx_word' id='word_1_824' title='bbox 2745 4148 2815 4203; x_wconf 83' lang='lat' dir='ltr'><strong>In</strong></span> <span class='ocrx_word' id='word_1_825' title='bbox 2845 4150 3097 4205; x_wconf 82' lang='lat' dir='ltr'><strong>laboribus</strong></span> <span class='ocrx_word' id='word_1_826' title='bbox 3123 4154 3478 4219; x_wconf 83' lang='lat' dir='ltr'><strong>abundantius,</strong></span> <span class='ocrx_word' id='word_1_827' title='bbox 3510 4157 3564 4209; x_wconf 65' lang='grc' dir='ltr'><strong>ἔτ</strong></span> 
     </span>
    </p>
   </div>
   <div class='ocr_carea' id='block_1_104' title="bbox 1968 4231 3557 4314">
    <p class='ocr_par' dir='ltr' id='par_1_104' title="bbox 1968 4231 3557 4314">
     <span class='ocr_line' id='line_1_104' title="bbox 1968 4231 3557 4314; baseline 0.013 -32"><span class='ocrx_word' id='word_1_828' title='bbox 1968 4231 2131 4301; x_wconf 88' lang='lat' dir='ltr'><strong>plagis</strong></span> <span class='ocrx_word' id='word_1_829' title='bbox 2157 4249 2312 4304; x_wconf 87' lang='lat' dir='ltr'><strong>supra</strong></span> <span class='ocrx_word' id='word_1_830' title='bbox 2340 4239 2564 4303; x_wconf 86' lang='lat' dir='ltr'><strong>modum,</strong></span> <span class='ocrx_word' id='word_1_831' title='bbox 2600 4240 2655 4293; x_wconf 87' lang='lat' dir='ltr'><strong>in</strong></span> <span class='ocrx_word' id='word_1_832' title='bbox 2677 4242 2923 4296; x_wconf 85' lang='lat' dir='ltr'><strong>mortibus</strong></span> <span class='ocrx_word' id='word_1_833' title='bbox 2943 4247 3230 4314; x_wconf 83' lang='lat' dir='ltr'><strong>frequenter</strong></span> <span class='ocrx_word' id='word_1_834' title='bbox 3255 4262 3274 4299; x_wconf 84' lang='lat'><strong>.&#39;</strong></span> <span class='ocrx_word' id='word_1_835' title='bbox 3303 4263 3336 4299; x_wconf 91' lang='lat' dir='ltr'><strong>a</strong></span> <span class='ocrx_word' id='word_1_836' title='bbox 3357 4246 3557 4302; x_wconf 76' lang='lat' dir='ltr'><strong>Judwis</strong></span> 
     </span>
    </p>
   </div>
   <div class='ocr_carea' id='block_1_105' title="bbox 1965 4330 3565 4409">
    <p class='ocr_par' dir='ltr' id='par_1_105' title="bbox 1965 4330 3565 4409">
     <span class='ocr_line' id='line_1_105' title="bbox 1965 4330 3565 4409; baseline 0.011 -32"><span class='ocrx_word' id='word_1_837' title='bbox 1965 4330 2227 4401; x_wconf 86' lang='lat' dir='ltr'><strong>quinquies</strong></span> <span class='ocrx_word' id='word_1_838' title='bbox 2264 4330 2613 4403; x_wconf 81' lang='lat' dir='ltr'><strong>quadragenas</strong></span> <span class='ocrx_word' id='word_1_839' title='bbox 2658 4350 2761 4387; x_wconf 84' lang='lat' dir='ltr'><strong>una</strong></span> <span class='ocrx_word' id='word_1_840' title='bbox 2805 4335 2971 4390; x_wconf 86' lang='lat' dir='ltr'><strong>minus</strong></span> <span class='ocrx_word' id='word_1_841' title='bbox 3016 4338 3190 4407; x_wconf 87' lang='lat' dir='ltr'><strong>accepi</strong></span> <span class='ocrx_word' id='word_1_842' title='bbox 3230 4352 3253 4393; x_wconf 89' lang='lat'><strong><em>:</em></strong></span> <span class='ocrx_word' id='word_1_843' title='bbox 3280 4347 3354 4392; x_wconf 89' lang='lat' dir='ltr'><strong>ter</strong></span> <span class='ocrx_word' id='word_1_844' title='bbox 3408 4341 3565 4409; x_wconf 75' lang='lat' dir='ltr'><strong>virgis</strong></span> 
     </span>
    </p>
   </div>
   <div class='ocr_carea' id='block_1_106' title="bbox 1967 4424 3560 4500">
    <p class='ocr_par' dir='ltr' id='par_1_106' title="bbox 1967 4424 3560 4500">
     <span class='ocr_line' id='line_1_106' title="bbox 1967 4424 3560 4500; baseline 0.005 -25"><span class='ocrx_word' id='word_1_845' title='bbox 1967 4437 2130 4475; x_wconf 74' lang='lat' dir='ltr'><strong>cazsus</strong></span> <span class='ocrx_word' id='word_1_846' title='bbox 2176 4439 2309 4486; x_wconf 87' lang='lat' dir='ltr'><strong>sum,</strong></span> <span class='ocrx_word' id='word_1_847' title='bbox 2338 4424 2490 4477; x_wconf 82' lang='lat' dir='ltr'><strong>semel</strong></span> <span class='ocrx_word' id='word_1_848' title='bbox 2529 4424 2785 4495; x_wconf 85' lang='lat' dir='ltr'><strong>lapidatus</strong></span> <span class='ocrx_word' id='word_1_849' title='bbox 2824 4442 2957 4491; x_wconf 88' lang='lat' dir='ltr'><strong>sum,</strong></span> <span class='ocrx_word' id='word_1_850' title='bbox 2992 4436 3065 4480; x_wconf 84' lang='lat' dir='ltr'><strong>ter</strong></span> <span class='ocrx_word' id='word_1_851' title='bbox 3089 4430 3413 4499; x_wconf 79' lang='lat' dir='ltr'><strong>naufragium</strong></span> <span class='ocrx_word' id='word_1_852' title='bbox 3442 4432 3560 4500; x_wconf 82' lang='lat' dir='ltr'><strong>feci,</strong></span> 
     </span>
    </p>
   </div>
   <div class='ocr_carea' id='block_1_107' title="bbox 1967 4514 3555 4589">
    <p class='ocr_par' dir='ltr' id='par_1_107' title="bbox 1967 4514 3555 4589">
     <span class='ocr_line' id='line_1_107' title="bbox 1967 4514 3555 4589; baseline 0.005 -24"><span class='ocrx_word' id='word_1_853' title='bbox 1967 4524 2111 4566; x_wconf 83' lang='lat' dir='ltr'><strong>nocte</strong></span> <span class='ocrx_word' id='word_1_854' title='bbox 2164 4523 2211 4566; x_wconf 92' lang='lat' dir='ltr'><strong>et</strong></span> <span class='ocrx_word' id='word_1_855' title='bbox 2270 4514 2351 4566; x_wconf 85' lang='lat' dir='ltr'><strong>die</strong></span> <span class='ocrx_word' id='word_1_856' title='bbox 2397 4516 2451 4568; x_wconf 85' lang='lat' dir='ltr'><strong>in</strong></span> <span class='ocrx_word' id='word_1_857' title='bbox 2496 4517 2754 4586; x_wconf 83' lang='lat' dir='ltr'><strong>profundo</strong></span> <span class='ocrx_word' id='word_1_858' title='bbox 2802 4519 2958 4572; x_wconf 87' lang='lat' dir='ltr'><strong>maris</strong></span> <span class='ocrx_word' id='word_1_859' title='bbox 3007 4519 3081 4589; x_wconf 85' lang='lat' dir='ltr'><strong>fui</strong></span> <span class='ocrx_word' id='word_1_860' title='bbox 3109 4561 3125 4582; x_wconf 90' lang='lat'><strong>,</strong></span> <span class='ocrx_word' id='word_1_861' title='bbox 3176 4520 3229 4573; x_wconf 85' lang='lat' dir='ltr'><strong>in</strong></span> <span class='ocrx_word' id='word_1_862' title='bbox 3295 4521 3555 4574; x_wconf 85' lang='lat' dir='ltr'><strong>itineribus</strong></span> 
     </span>
    </p>
   </div>
   <div class='ocr_carea' id='block_1_108' title="bbox 1966 4608 3561 4687">
    <p class='ocr_par' dir='ltr' id='par_1_108' title="bbox 1966 4608 3561 4687">
     <span class='ocr_line' id='line_1_108' title="bbox 1966 4608 3561 4687; baseline 0.006 -27"><span class='ocrx_word' id='word_1_863' title='bbox 1966 4622 2100 4674; x_wconf 62' lang='grc' dir='ltr'><strong>δαέρα</strong></span> <span class='ocrx_word' id='word_1_864' title='bbox 2123 4648 2137 4671; x_wconf 93' lang='lat'><strong>,</strong></span> <span class='ocrx_word' id='word_1_865' title='bbox 2195 4608 2429 4676; x_wconf 85' lang='lat' dir='ltr'><strong>periculis</strong></span> <span class='ocrx_word' id='word_1_866' title='bbox 2484 4610 2752 4679; x_wconf 79' lang='lat' dir='ltr'><strong>ﬂuminum</strong></span> <span class='ocrx_word' id='word_1_867' title='bbox 2773 4651 2786 4674; x_wconf 93' lang='lat'><strong>,</strong></span> <span class='ocrx_word' id='word_1_868' title='bbox 2817 4613 3056 4680; x_wconf 86' lang='lat' dir='ltr'><strong>periculis</strong></span> <span class='ocrx_word' id='word_1_869' title='bbox 3086 4613 3341 4667; x_wconf 89' lang='lat' dir='ltr'><strong>latronum</strong></span> <span class='ocrx_word' id='word_1_870' title='bbox 3360 4657 3373 4677; x_wconf 86' lang='lat'><strong>,</strong></span> <span class='ocrx_word' id='word_1_871' title='bbox 3425 4618 3561 4687; x_wconf 82' lang='lat' dir='ltr'><strong>peri-</strong></span> 
     </span>
    </p>
   </div>
   <div class='ocr_carea' id='block_1_109' title="bbox 1966 4697 3557 4774">
    <p class='ocr_par' dir='ltr' id='par_1_109' title="bbox 1966 4697 3557 4774">
     <span class='ocr_line' id='line_1_109' title="bbox 1966 4697 3557 4774; baseline 0.008 -26"><span class='ocrx_word' id='word_1_872' title='bbox 1966 4697 2095 4749; x_wconf 87' lang='lat' dir='ltr'><strong>culis</strong></span> <span class='ocrx_word' id='word_1_873' title='bbox 2124 4698 2177 4749; x_wconf 88' lang='lat' dir='ltr'><strong>in</strong></span> <span class='ocrx_word' id='word_1_874' title='bbox 2221 4698 2364 4767; x_wconf 77' lang='lat' dir='ltr'><strong>falsis</strong></span> <span class='ocrx_word' id='word_1_875' title='bbox 2403 4698 2675 4767; x_wconf 86' lang='lat' dir='ltr'><strong>fratribus,</strong></span> <span class='ocrx_word' id='word_1_876' title='bbox 2698 4701 2752 4754; x_wconf 87' lang='lat' dir='ltr'><strong>in</strong></span> <span class='ocrx_word' id='word_1_877' title='bbox 2781 4703 2953 4756; x_wconf 85' lang='lat' dir='ltr'><strong>labore</strong></span> <span class='ocrx_word' id='word_1_878' title='bbox 2992 4715 3039 4757; x_wconf 90' lang='lat' dir='ltr'><strong>et</strong></span> <span class='ocrx_word' id='word_1_879' title='bbox 3066 4720 3291 4757; x_wconf 77' lang='lat' dir='ltr'><strong>(erumna</strong></span> <span class='ocrx_word' id='word_1_880' title='bbox 3322 4705 3341 4774; x_wconf 94' lang='lat'>(</span> <span class='ocrx_word' id='word_1_881' title='bbox 3367 4704 3419 4758; x_wconf 75' lang='lat'><strong>2.</strong></span> <span class='ocrx_word' id='word_1_882' title='bbox 3440 4704 3557 4761; x_wconf 83' lang='lat' dir='ltr'><strong>Cor.</strong></span> 
     </span>
    </p>
   </div>
   <div class='ocr_carea' id='block_1_110' title="bbox 1968 4787 3549 4864">
    <p class='ocr_par' dir='ltr' id='par_1_110' title="bbox 1968 4787 3549 4864">
     <span class='ocr_line' id='line_1_110' title="bbox 1968 4787 3549 4864; baseline 0.008 -24"><span class='ocrx_word' id='word_1_883' title='bbox 1968 4788 2056 4841; x_wconf 81' lang='grc' dir='ltr'><strong>Η.</strong></span> <span class='ocrx_word' id='word_1_884' title='bbox 2086 4787 2285 4858; x_wconf 70' lang='grc'><strong>25-27)</strong></span> <span class='ocrx_word' id='word_1_885' title='bbox 2313 4804 2328 4842; x_wconf 93' lang='lat'><strong>:</strong></span> <span class='ocrx_word' id='word_1_886' title='bbox 2364 4799 2418 4844; x_wconf 87' lang='lat' dir='ltr'><strong>et</strong></span> <span class='ocrx_word' id='word_1_887' title='bbox 2445 4791 2565 4844; x_wconf 89' lang='lat' dir='ltr'><strong>talia</strong></span> <span class='ocrx_word' id='word_1_888' title='bbox 2595 4793 2819 4861; x_wconf 90' lang='lat' dir='ltr'><strong>patiens,</strong></span> <span class='ocrx_word' id='word_1_889' title='bbox 2865 4795 3129 4864; x_wconf 90' lang='lat' dir='ltr'><strong>gaudebat</strong></span> <span class='ocrx_word' id='word_1_890' title='bbox 3157 4806 3211 4851; x_wconf 93' lang='lat' dir='ltr'><strong>et</strong></span> <span class='ocrx_word' id='word_1_891' title='bbox 3235 4797 3549 4859; x_wconf 86' lang='lat' dir='ltr'><strong>exsultabat.</strong></span> 
     </span>
    </p>
   </div>
   <div class='ocr_carea' id='block_1_111' title="bbox 1966 4876 3548 4952">
    <p class='ocr_par' dir='ltr' id='par_1_111' title="bbox 1966 4876 3548 4952">
     <span class='ocr_line' id='line_1_111' title="bbox 1966 4876 3548 4952; baseline 0.007 -20"><span class='ocrx_word' id='word_1_892' title='bbox 1966 4876 2177 4934; x_wconf 86' lang='lat' dir='ltr'><strong>Sciebat</strong></span> <span class='ocrx_word' id='word_1_893' title='bbox 2199 4880 2364 4945; x_wconf 91' lang='lat' dir='ltr'><strong>enim,</strong></span> <span class='ocrx_word' id='word_1_894' title='bbox 2395 4891 2449 4936; x_wconf 89' lang='lat' dir='ltr'><strong>et</strong></span> <span class='ocrx_word' id='word_1_895' title='bbox 2477 4885 2805 4952; x_wconf 85' lang='lat' dir='ltr'><strong>argumentis</strong></span> <span class='ocrx_word' id='word_1_896' title='bbox 2826 4886 3006 4940; x_wconf 89' lang='lat' dir='ltr'><strong>multis</strong></span> <span class='ocrx_word' id='word_1_897' title='bbox 3033 4897 3212 4941; x_wconf 88' lang='lat' dir='ltr'><strong>certus</strong></span> <span class='ocrx_word' id='word_1_898' title='bbox 3238 4897 3374 4951; x_wconf 86' lang='lat' dir='ltr'><strong>erat,</strong></span> <span class='ocrx_word' id='word_1_899' title='bbox 3402 4889 3548 4943; x_wconf 89' lang='lat' dir='ltr'><strong>labo-</strong></span> 
     </span>
    </p>
   </div>
   <div class='ocr_carea' id='block_1_112' title="bbox 1968 4977 3556 5050">
    <p class='ocr_par' dir='ltr' id='par_1_112' title="bbox 1968 4977 3556 5050">
     <span class='ocr_line' id='line_1_112' title="bbox 1968 4977 3556 5050; baseline 0.008 -25"><span class='ocrx_word' id='word_1_900' title='bbox 1968 4987 2052 5026; x_wconf 92' lang='lat' dir='ltr'><strong>res</strong></span> <span class='ocrx_word' id='word_1_901' title='bbox 2080 4984 2372 5042; x_wconf 69' lang='lat' dir='ltr'><strong>praascntes</strong></span> <span class='ocrx_word' id='word_1_902' title='bbox 2401 4977 2631 5030; x_wconf 91' lang='lat' dir='ltr'><strong>maxima</strong></span> <span class='ocrx_word' id='word_1_903' title='bbox 2661 4978 2761 5032; x_wconf 91' lang='lat' dir='ltr'><strong>sibi</strong></span> <span class='ocrx_word' id='word_1_904' title='bbox 2804 4981 3020 5048; x_wconf 68' lang='lat' dir='ltr'><strong>praemia</strong></span> <span class='ocrx_word' id='word_1_905' title='bbox 3046 4980 3355 5047; x_wconf 89' lang='lat' dir='ltr'><strong>conciliare,</strong></span> <span class='ocrx_word' id='word_1_906' title='bbox 3380 4991 3435 5035; x_wconf 90' lang='lat' dir='ltr'><strong>et</strong></span> <span class='ocrx_word' id='word_1_907' title='bbox 3462 4996 3556 5050; x_wconf 74' lang='lat' dir='ltr'><strong>pc-</strong></span> 
     </span>
    </p>
   </div>
   <div class='ocr_carea' id='block_1_113' title="bbox 1967 5066 3551 5142">
    <p class='ocr_par' dir='ltr' id='par_1_113' title="bbox 1967 5066 3551 5142">
     <span class='ocr_line' id='line_1_113' title="bbox 1967 5066 3551 5142; baseline 0.006 -24"><span class='ocrx_word' id='word_1_908' title='bbox 1967 5066 2131 5120; x_wconf 89' lang='lat' dir='ltr'><strong>ricula</strong></span> <span class='ocrx_word' id='word_1_909' title='bbox 2160 5082 2387 5123; x_wconf 89' lang='lat' dir='ltr'><strong>coronas</strong></span> <span class='ocrx_word' id='word_1_910' title='bbox 2417 5084 2622 5137; x_wconf 89' lang='lat' dir='ltr'><strong>parere.</strong></span> <span class='ocrx_word' id='word_1_911' title='bbox 2652 5070 2783 5125; x_wconf 90' lang='lat' dir='ltr'><strong>Nam</strong></span> <span class='ocrx_word' id='word_1_912' title='bbox 2805 5073 2849 5125; x_wconf 90' lang='lat' dir='ltr'><strong>si</strong></span> <span class='ocrx_word' id='word_1_913' title='bbox 2875 5071 3039 5127; x_wconf 85' lang='lat' dir='ltr'><strong>Jacob</strong></span> <span class='ocrx_word' id='word_1_914' title='bbox 3068 5083 3286 5142; x_wconf 88' lang='lat' dir='ltr'><strong>propter</strong></span> <span class='ocrx_word' id='word_1_915' title='bbox 3311 5087 3551 5130; x_wconf 83' lang='lat' dir='ltr'><strong>amorem</strong></span> 
     </span>
    </p>
   </div>
   <div class='ocr_carea' id='block_1_114' title="bbox 1968 5157 3575 5236">
    <p class='ocr_par' dir='ltr' id='par_1_114' title="bbox 1968 5157 3575 5236">
     <span class='ocr_line' id='line_1_114' title="bbox 1968 5157 3575 5236; baseline 0.006 -25"><span class='ocrx_word' id='word_1_916' title='bbox 1968 5157 2022 5211; x_wconf 90' lang='lat' dir='ltr'><strong>in</strong></span> <span class='ocrx_word' id='word_1_917' title='bbox 2048 5157 2332 5213; x_wconf 83' lang='lat' dir='ltr'><strong>Rachelem</strong></span> <span class='ocrx_word' id='word_1_918' title='bbox 2355 5161 2507 5230; x_wconf 90' lang='lat' dir='ltr'><strong>quasi</strong></span> <span class='ocrx_word' id='word_1_919' title='bbox 2536 5164 2786 5231; x_wconf 88' lang='lat' dir='ltr'><strong>pauculos</strong></span> <span class='ocrx_word' id='word_1_920' title='bbox 2811 5163 2927 5219; x_wconf 90' lang='lat' dir='ltr'><strong>dies</strong></span> <span class='ocrx_word' id='word_1_921' title='bbox 2947 5167 3282 5234; x_wconf 90' lang='lat' dir='ltr'><strong>septeunium</strong></span> <span class='ocrx_word' id='word_1_922' title='bbox 3310 5168 3575 5236; x_wconf 83' lang='lat' dir='ltr'><strong>putabat.‘</strong></span> 
     </span>
    </p>
   </div>
   <div class='ocr_carea' id='block_1_115' title="bbox 1966 5251 3557 5321">
    <p class='ocr_par' dir='ltr' id='par_1_115' title="bbox 1966 5251 3557 5321">
     <span class='ocr_line' id='line_1_115' title="bbox 1966 5251 3557 5321; baseline 0.005 -18"><span class='ocrx_word' id='word_1_923' title='bbox 1966 5251 2133 5304; x_wconf 90' lang='lat' dir='ltr'><strong>multo</strong></span> <span class='ocrx_word' id='word_1_924' title='bbox 2158 5253 2325 5321; x_wconf 89' lang='lat' dir='ltr'><strong>magis</strong></span> <span class='ocrx_word' id='word_1_925' title='bbox 2351 5252 2534 5307; x_wconf 92' lang='lat' dir='ltr'><strong>beatus</strong></span> <span class='ocrx_word' id='word_1_926' title='bbox 2562 5254 2650 5309; x_wconf 90' lang='lat' dir='ltr'><strong>ille</strong></span> <span class='ocrx_word' id='word_1_927' title='bbox 2674 5256 2850 5309; x_wconf 90' lang='lat' dir='ltr'><strong>omnia</strong></span> <span class='ocrx_word' id='word_1_928' title='bbox 2883 5255 3031 5309; x_wconf 90' lang='lat' dir='ltr'><strong>nihili</strong></span> <span class='ocrx_word' id='word_1_929' title='bbox 3062 5256 3307 5321; x_wconf 85' lang='lat' dir='ltr'><strong>faciebat,</strong></span> <span class='ocrx_word' id='word_1_930' title='bbox 3327 5272 3557 5312; x_wconf 84' lang='lat' dir='ltr'><strong>succen-</strong></span> 
     </span>
    </p>
   </div>
   <div class='ocr_carea' id='block_1_116' title="bbox 1966 5344 3558 5416">
    <p class='ocr_par' dir='ltr' id='par_1_116' title="bbox 1966 5344 3558 5416">
     <span class='ocr_line' id='line_1_116' title="bbox 1966 5344 3558 5416; baseline 0.004 -21"><span class='ocrx_word' id='word_1_931' title='bbox 1966 5356 2058 5397; x_wconf 91' lang='lat' dir='ltr'><strong>sus</strong></span> <span class='ocrx_word' id='word_1_932' title='bbox 2084 5344 2249 5398; x_wconf 89' lang='lat' dir='ltr'><strong>semel</strong></span> <span class='ocrx_word' id='word_1_933' title='bbox 2272 5359 2455 5399; x_wconf 87' lang='lat' dir='ltr'><strong>amore</strong></span> <span class='ocrx_word' id='word_1_934' title='bbox 2475 5346 2527 5398; x_wconf 93' lang='lat' dir='ltr'><strong>in</strong></span> <span class='ocrx_word' id='word_1_935' title='bbox 2560 5346 2749 5407; x_wconf 84' lang='lat' dir='ltr'><strong>Deum.</strong></span> <span class='ocrx_word' id='word_1_936' title='bbox 2782 5355 2837 5400; x_wconf 90' lang='lat' dir='ltr'><strong>et</strong></span> <span class='ocrx_word' id='word_1_937' title='bbox 2874 5357 3092 5416; x_wconf 89' lang='lat' dir='ltr'><strong>propter</strong></span> <span class='ocrx_word' id='word_1_938' title='bbox 3119 5347 3392 5402; x_wconf 79' lang='lat' dir='ltr'><strong>Christum</strong></span> <span class='ocrx_word' id='word_1_939' title='bbox 3419 5348 3558 5402; x_wconf 87' lang='lat' dir='ltr'><strong>dile-</strong></span> 
     </span>
    </p>
   </div>
   <div class='ocr_carea' id='block_1_117' title="bbox 1966 5436 3557 5507">
    <p class='ocr_par' dir='ltr' id='par_1_117' title="bbox 1966 5436 3557 5507">
     <span class='ocr_line' id='line_1_117' title="bbox 1966 5436 3557 5507; baseline 0.004 -19"><span class='ocrx_word' id='word_1_940' title='bbox 1966 5443 2111 5488; x_wconf 89' lang='lat' dir='ltr'><strong>ctum</strong></span> <span class='ocrx_word' id='word_1_941' title='bbox 2139 5437 2317 5490; x_wconf 89' lang='lat' dir='ltr'><strong>omnia</strong></span> <span class='ocrx_word' id='word_1_942' title='bbox 2340 5436 2536 5491; x_wconf 90' lang='lat' dir='ltr'><strong>ferens.</strong></span> <span class='ocrx_word' id='word_1_943' title='bbox 2565 5438 2884 5493; x_wconf 85' lang='lat' dir='ltr'><strong>Studeamus</strong></span> <span class='ocrx_word' id='word_1_944' title='bbox 2901 5440 3077 5507; x_wconf 86' lang='lat' dir='ltr'><strong>igitur,</strong></span> <span class='ocrx_word' id='word_1_945' title='bbox 3103 5440 3347 5504; x_wconf 82' lang='lat' dir='ltr'><strong>obsecro,</strong></span> <span class='ocrx_word' id='word_1_946' title='bbox 3380 5449 3434 5494; x_wconf 90' lang='lat' dir='ltr'><strong>et</strong></span> <span class='ocrx_word' id='word_1_947' title='bbox 3461 5455 3557 5494; x_wconf 89' lang='lat' dir='ltr'><strong>nos</strong></span> 
     </span>
    </p>
   </div>
   <div class='ocr_carea' id='block_1_118' title="bbox 1968 5525 3555 5601">
    <p class='ocr_par' dir='ltr' id='par_1_118' title="bbox 1968 5525 3555 5601">
     <span class='ocr_line' id='line_1_118' title="bbox 1968 5525 3555 5601; baseline 0.004 -23"><span class='ocrx_word' id='word_1_948' title='bbox 1968 5525 2186 5595; x_wconf 86' lang='lat' dir='ltr'><strong>diligere</strong></span> <span class='ocrx_word' id='word_1_949' title='bbox 2227 5526 2517 5584; x_wconf 86' lang='lat' dir='ltr'><strong>Christum.</strong></span> <span class='ocrx_word' id='word_1_950' title='bbox 2553 5529 2692 5584; x_wconf 86' lang='lat' dir='ltr'><strong>Nihil</strong></span> <span class='ocrx_word' id='word_1_951' title='bbox 2720 5530 2861 5584; x_wconf 90' lang='lat' dir='ltr'><strong>enim</strong></span> <span class='ocrx_word' id='word_1_952' title='bbox 2889 5529 3051 5595; x_wconf 91' lang='lat' dir='ltr'><strong>aliud,</strong></span> <span class='ocrx_word' id='word_1_953' title='bbox 3088 5530 3277 5601; x_wconf 91' lang='lat' dir='ltr'><strong>inquit,</strong></span> <span class='ocrx_word' id='word_1_954' title='bbox 3311 5530 3555 5585; x_wconf 81' lang='lat' dir='ltr'><strong>Chrisms</strong></span> 
     </span>
    </p>
   </div>
   <div class='ocr_carea' id='block_1_119' title="bbox 2027 5707 3549 5770">
    <p class='ocr_par' dir='ltr' id='par_1_119' title="bbox 2027 5707 3549 5770">
     <span class='ocr_line' id='line_1_119' title="bbox 2027 5707 3549 5770; baseline -0.005 -9"><span class='ocrx_word' id='word_1_955' title='bbox 2027 5715 2044 5745; x_wconf 74' lang='grc' dir='ltr'>ί</span> <span class='ocrx_word' id='word_1_956' title='bbox 2089 5712 2172 5761; x_wconf 89' lang='lat' dir='ltr'><strong>Sic</strong></span> <span class='ocrx_word' id='word_1_957' title='bbox 2214 5711 2314 5760; x_wconf 88' lang='lat' dir='ltr'><strong>duo</strong></span> <span class='ocrx_word' id='word_1_958' title='bbox 2359 5709 2495 5770; x_wconf 80' lang='lat' dir='ltr'><strong>Mss.</strong></span> <span class='ocrx_word' id='word_1_959' title='bbox 2539 5707 2802 5770; x_wconf 74' lang='lat' dir='ltr'><strong>atqueita</strong></span> <span class='ocrx_word' id='word_1_960' title='bbox 2846 5707 2973 5770; x_wconf 85' lang='lat' dir='ltr'><strong>legit</strong></span> <span class='ocrx_word' id='word_1_961' title='bbox 3013 5712 3160 5755; x_wconf 83' lang='lat' dir='ltr'><strong>vetus</strong></span> <span class='ocrx_word' id='word_1_962' title='bbox 3186 5707 3456 5770; x_wconf 84' lang='lat' dir='ltr'><strong>lnterpres.</strong></span> <span class='ocrx_word' id='word_1_963' title='bbox 3502 5709 3549 5754; x_wconf 63' lang='lat' dir='ltr'><strong>tu</strong></span> 
     </span>
    </p>
   </div>
   <div class='ocr_carea' id='block_1_120' title="bbox 1967 5768 3553 5833">
    <p class='ocr_par' dir='ltr' id='par_1_120' title="bbox 1967 5768 3553 5833">
     <span class='ocr_line' id='line_1_120' title="bbox 1967 5768 3553 5833; baseline -0.003 -9"><span class='ocrx_word' id='word_1_964' title='bbox 1967 5776 2122 5825; x_wconf 85' lang='lat' dir='ltr'><strong>Editis</strong></span> <span class='ocrx_word' id='word_1_965' title='bbox 2144 5775 2266 5827; x_wconf 73' lang='lat' dir='ltr'><strong>haec.</strong></span> <span class='ocrx_word' id='word_1_966' title='bbox 2290 5769 2408 5833; x_wconf 84' lang='lat' dir='ltr'><strong>quid</strong></span> <span class='ocrx_word' id='word_1_967' title='bbox 2430 5770 2557 5833; x_wconf 83' lang='lat' dir='ltr'><strong>inter</strong></span> <span class='ocrx_word' id='word_1_968' title='bbox 2580 5768 2791 5833; x_wconf 82' lang='lat' dir='ltr'><strong>visibilia</strong></span> <span class='ocrx_word' id='word_1_969' title='bbox 2814 5771 2877 5829; x_wconf 85' lang='grc' dir='ltr'><strong>(τί</strong></span> <span class='ocrx_word' id='word_1_970' title='bbox 2903 5768 2998 5818; x_wconf 70' lang='grc' dir='ltr'><strong>ῖτῶν</strong></span> <span class='ocrx_word' id='word_1_971' title='bbox 3021 5770 3311 5832; x_wconf 81' lang='grc' dir='ltr'><strong>ὁρωμένων),</strong></span> <span class='ocrx_word' id='word_1_972' title='bbox 3328 5768 3553 5819; x_wconf 71' lang='lat' dir='ltr'><strong>deficie-</strong></span> 
     </span>
    </p>
   </div>
   <div class='ocr_carea' id='block_1_121' title="bbox 1964 5832 2833 5896">
    <p class='ocr_par' dir='ltr' id='par_1_121' title="bbox 1964 5832 2833 5896">
     <span class='ocr_line' id='line_1_121' title="bbox 1964 5832 2833 5896; baseline -0.01 -8"><span class='ocrx_word' id='word_1_973' title='bbox 1964 5838 2080 5888; x_wconf 88' lang='lat' dir='ltr'><strong>bant</strong></span> <span class='ocrx_word' id='word_1_974' title='bbox 2103 5850 2115 5891; x_wconf 87' lang='lat'><strong>;</strong></span> <span class='ocrx_word' id='word_1_975' title='bbox 2146 5837 2235 5885; x_wconf 88' lang='lat' dir='ltr'><strong>sed</strong></span> <span class='ocrx_word' id='word_1_976' title='bbox 2260 5832 2320 5883; x_wconf 78' lang='lat' dir='ltr'><strong>ea</strong></span> <span class='ocrx_word' id='word_1_977' title='bbox 2353 5832 2514 5883; x_wconf 86' lang='lat' dir='ltr'><strong>series</strong></span> <span class='ocrx_word' id='word_1_978' title='bbox 2538 5832 2833 5896; x_wconf 82' lang='lat' dir='ltr'><strong>postulabat.</strong></span> 
     </span>
    </p>
   </div>
  </div>
