4038 6358
463 395 569 451 485

459 507 683 579 requirit
708 520 737 560 a
766 513 838 569 te,
868 517 1027 574 quam
1050 510 1108 555 ut
1136 500 1309 569 ipsum
1334 497 1523 566 diligas
1550 510 1614 548 ex
1639 503 1749 547 toto
1774 490 1958 552 corde,
1990 497 2047 541 et

461 600 623 654 facias
650 596 901 651 mandata
935 595 1050 663 ejus
1078 590 1267 664 (Mure.
1298 589 1385 644 12.
1408 589 1531 655 ³50).
1578 586 1677 653 Qui
1706 584 1847 639 enim
1878 579 2049 648 diligit

459 697 596 744 sicut
646 696 856 757 oportet
909 686 1095 750 Deum,
1134 682 1472 737 manifestum
1508 678 1649 749 quod
1696 685 1753 732 et
1797 673 2048 729 mandata

453 783 575 850 ejus
598 780 821 849 implere
849 778 1067 831 nitatur.
1096 772 1319 843 Quando
1348 772 1489 827 enim
1520 770 1640 839 quis
1660 782 1784 836 erga
1806 766 2039 835 aliquem

461 875 697 927 fraterne
722 870 969 933 afﬁcitur,
999 868 1178 922 omnia
1229 865 1403 920 facere
1449 862 1647 926 studet,
1695 870 1751 913 ut
1792 857 2047 911 dilectum

458 963 727 1018 attrahere
747 962 915 1033 possit
948 959 999 1013 in
1027 972 1266 1012 amorem
1294 970 1469 1010 suum.
1524 953 1586 1006 Et
1639 965 1734 1004 nos
1761 962 1975 1018 quoque
2002 946 2046 999 si

462 1054 742 1109 hominum
772 1053 979 1106 sincere
1005 1049 1367 1107 dilexerimus.
1390 1042 1636 1098 mandata
1666 1041 1782 1109 ejus
1804 1038 2046 1108 implere,

469 1144 713 1212 nihilque
740 1156 948 1205 eorum,
977 1154 1096 1209 quae
1126 1137 1447 1191 exacerbare
1473 1140 1722 1203 poterunt
1771 1130 2046 1190 dilectum,

471 1236 648 1289 facere
673 1232 1022 1288 studebimus.
1046 1230 1159 1285 Hoc
1182 1228 1342 1282 fuerit
1366 1240 1587 1296 regnum
1624 1223 1900 1287 caelorum,
1950 1220 2051 1275 hoc

465 1325 728 1379 bonorum
756 1324 972 1384 fruitio;
1001 1322 1102 1376 hoc
1143 1320 1345 1374 infinita
1388 1317 1525 1372 bona
1564 1316 1823 1380 continet,
1853 1314 1896 1369 si
1924 1328 2048 1384 ger-

464 1430 621 1470 mane
670 1424 725 1470 et
771 1415 909 1468 sicut
942 1421 1151 1483 Oportet
1201 1426 1322 1467 eum
1367 1408 1618 1465 dilexeris
1651 1425 1664 1461 :
1697 1408 1845 1465 illum
1870 1415 2049 1461 autem

469 1508 676 1561 sincere
722 1506 1027 1574 diligimus,
1058 1503 1102 1556 si
1148 1510 1365 1572 promer
1406 1501 1682 1555 caritatem
1723 1502 1777 1552 tn
1804 1512 1949 1561 eum,
1998 1506 2054 1551 et

463 1614 586 1666 erga
607 1611 902 1652 conservos
942 1594 1172 1648 multam
1213 1592 1562 1647 exbibeamus
1591 1590 1953 1645 dilectionem.
1985 1588 2051 1643 In

464 1688 541 1741 his
565 1688 697 1741 enim
719 1685 912 1739 duobus
932 1683 1203 1748 ntandatis,
1246 1681 1437 1751 inquit,
1480 1682 1711 1734 universa
1739 1680 1824 1734 lea:
1851 1689 1898 1733 et
1927 1695 2050 1749 pro-

463 1781 626 1849 pheta
668 1779 883 1848 pendent
926 1775 1138 1847 (Matth.
1179 1774 1269 1828 22.
1324 1772 1432 1845 40)
1461 1789 1474 1826 :
1507 1787 1698 1841 nempe
1754 1780 1813 1826 ut
1864 1771 2052 1843 diligas

464 1871 747 1926 Dominum
776 1870 943 1923 Deum
988 1876 1135 1921 tuum
1169 1881 1237 1921 ex
1280 1873 1392 1920 toto
1416 1865 1579 1920 corde
1604 1874 1695 1920 tuo
1715 1904 1732 1931 ,
1766 1874 1822 1920 et
1848 1881 1914 1919 ex
1944 1875 2051 1920 tota

464 1972 644 2017 mente
673 1971 781 2027 tua,
814 1970 868 2015 et
891 1974 956 2015 ex
982 1958 1229 2014 omnibus
1256 1957 1454 2012 viribus
1482 1960 1625 2022 tuis;
1660 1965 1715 2011 et
1752 1956 2052 2026 proximum

463 2064 612 2109 tuum
627 2052 765 2107 sicut
800 2051 1029 2119 teipsum
1059 2048 1249 2122 (Marc.
1277 2048 1363 2103 12.
1394 2048 1481 2105 50.
1516 2047 1631 2119 31).
1662 2047 1787 2102 Haec
1814 2048 2051 2102 omnium

466 2144 721 2198 virtutum
744 2155 975 2207 summa,
1002 2138 1103 2193 hoc
1118 2138 1542 2193 fundamentum.
1570 2138 1739 2193 Simul
1764 2138 1907 2193 enim
1932 2154 2051 2192 cum

462 2233 684 2287 caritate
706 2232 759 2285 in
793 2231 956 2285 Deum
982 2228 1276 2298 ingreditur
1300 2228 1516 2283 dilectio
1539 2228 1785 2299 proximi.
1809 2227 1941 2282 Nam
1961 2228 2051 2297 qui

466 2324 629 2377 Deum
651 2321 842 2391 diligit,
876 2336 983 2375 non
1009 2320 1268 2389 despiciet
1291 2319 1529 2384 fratrem,
1561 2334 1733 2387 neque
1762 2334 1892 2388 opes
1936 2320 2055 2389 plu-

465 2415 560 2479 ris,
592 2427 753 2483 quam
778 2411 1075 2467 membrum
1100 2425 1253 2465 suum
1278 2450 1292 2476 ,
1323 2410 1515 2474 faciet,
1544 2410 1639 2465 sed
1666 2426 1913 2480 magnam
1944 2427 2053 2480 pra:

464 2520 522 2559 se
553 2504 685 2559 feret
712 2503 1121 2573 benignitatem,
1158 2517 1365 2557 memor
1387 2502 1503 2565 ejus
1530 2504 1619 2572 qui
1646 2501 1785 2557 dixit
1815 2521 1829 2558 :
1859 2502 1959 2569 Qui
1979 2505 2054 2573 [e-

465 2601 586 2653 cerit
610 2599 804 2670 aliquid
829 2598 1107 2653 unihorum
1122 2599 1461 2662 minimarum,
1483 2598 1607 2651 mihi
1624 2597 1797 2666 fecerit
1823 2596 2041 2669 (Matth.

469 2690 561 2745 25.
584 2689 714 2760 40).
747 2690 812 2745 Ει
833 2690 1091 2759 cogitans,
1119 2696 1335 2759 propter
1358 2688 1708 2744 ministerium
1739 2689 1792 2744 in
1831 2704 2050 2745 conser-

465 2796 588 2836 vum
620 2782 785 2835 Deum
812 2782 982 2850 ipsum
1012 2796 1130 2835 esse
1153 2781 1241 2850 qui
1271 2790 1327 2834 ut
1355 2779 1454 2834 sibi
1494 2780 1789 2849 przestitum
1817 2780 2051 2836 officium

466 2873 750 2940 adscribat,
800 2888 988 2942 magna
1036 2887 1156 2926 cum
1185 2871 1460 2926 alacritate
1502 2872 1681 2925 omnia
1723 2871 2050 2941 operabitur,

467 2980 818 3037 magnamque
847 2963 1218 3019 liberalitatem
1258 2962 1531 3017 exhibebit
1570 2964 1712 3017 circa
1758 2964 2056 3034 eleemosy—

468 3075 611 3126 nam,
633 3074 735 3113 non
765 3058 831 3112 ad
856 3058 1107 3112 vilitatem
1135 3056 1422 3126 reSpiciens
1440 3056 1683 3124 pauperis
1701 3056 1789 3125 qui
1814 3064 2052 3124 apparet,

469 3152 561 3206 sed
590 3151 657 3205 ad
705 3149 1122 3220 magnitudinem
1161 3152 1279 3216 ejus
1323 3148 1412 3217 qui
1457 3148 1701 3217 promisit
1743 3162 1802 3203 se
1846 3148 2055 3203 habitu-

468 3259 585 3298 rum
616 3243 835 3313 perinde
866 3256 929 3295 ac
962 3241 1005 3293 si
1037 3240 1135 3293 sibi
1176 3238 1312 3293 facta
1342 3250 1543 3303 essent,
1574 3254 1925 3309 quaecumque
1976 3238 2055 3293 illi

470 3338 603 3391 facta
631 3336 839 3390 fuerint.
870 3333 948 3389 Ne
973 3334 1130 3403 igitur
1171 3342 1550 3402 pmtereamus
1574 3332 1905 3402 simpliciter,
1936 3346 2054 3399 oro,

470 3429 672 3482 lucrum
698 3435 999 3480 nostrarum
1029 3423 1324 3477 animarum
1352 3432 1405 3477 et
1424 3423 1719 3477 remedium
1752 3432 2053 3477 nostrorum

473 3519 766 3572 vulnerum.
798 3516 912 3570 Hoc
931 3514 1095 3579 enim,
1149 3513 1251 3568 hoc
1278 3516 1564 3568 maximum
1607 3515 1950 3585 pharmacum
1982 3518 2052 3571 ita

470 3611 676 3666 curabit
710 3619 764 3665 et
790 3610 1022 3664 abolebit
1054 3609 1234 3664 ulcera
1278 3611 1576 3663 animarum
1628 3620 1929 3666 nostrarum
1950 3653 1966 3677 ,
2000 3622 2059 3665 ut

473 3719 643 3775 neque
667 3703 943 3773 vestigium
967 3717 1139 3771 neque
1162 3702 1379 3756 cicatrix
1401 3702 1575 3771 aliqua
1601 3704 1908 3773 apparitura
1938 3707 2008 3759 sit
2039 3724 2051 3758 :

476 3794 526 3846 id
576 3791 717 3862 quod
764 3792 816 3845 in
858 3791 1098 3860 corporis
1141 3792 1446 3845 vulneribus
1494 3806 1598 3844 non
1650 3801 1734 3846 est
1785 3794 2053 3863 possibile.

473 3883 605 3937 Nam
635 3883 759 3937 licet
795 3881 911 3951 quis
946 3881 1138 3935 millies
1184 3882 1564 3951 cataplasmata
1594 3896 1809 3953 accepta
1834 3901 1861 3938 a
1891 3887 2060 3940 medi-

484 3979 563 4032 eis
588 3983 932 4046 superponat,
950 3990 1170 4031 necesse
1189 3985 1272 4031 est
1308 3977 1606 4031 cicatricem
1626 3978 1679 4033 in
1695 3994 1917 4048 corpore
1946 3995 2061 4032 ma-

475 4083 643 4131 nere;
674 4076 727 4120 et
752 4068 941 4121 merito
969 4083 982 4119 :
1009 4080 1201 4135 corpus
1225 4067 1368 4121 enim
1399 4077 1482 4121 est
1526 4068 1667 4136 quod
1695 4077 1931 4123 curatur.
1963 4069 2060 4123 llic

476 4168 653 4213 autem
680 4158 801 4225 quia
823 4157 997 4210 anima
1032 4164 1116 4210 est
1143 4172 1260 4226 qua:
1287 4166 1503 4211 curatur
1525 4197 1542 4223 ,
1576 4158 1787 4225 quando
1815 4159 1933 4228 quis
1960 4159 2057 4212 bo-

480 4262 601 4302 nam
642 4261 789 4299 suam
836 4246 1165 4301 voluntatem
1204 4245 1458 4312 declarat,
1505 4246 1723 4300 multam
1769 4248 1820 4301 in
1870 4248 2060 4302 melius

480 4337 827 4392 mutationem
848 4336 1045 4405 accipit
1075 4352 1088 4388 :
1123 4345 1178 4390 et
1212 4336 1291 4389 sic
1314 4336 1492 4390 omnia
1526 4336 1706 4391 ulcera
1736 4337 1978 4408 depellit,
2005 4348 2062 4392 ut

479 4435 668 4482 ventus
714 4426 1004 4481 vehemens
1045 4426 1317 4497 pulverem
1360 4426 1630 4482 deturbat.
1672 4429 1845 4498 Atque
1872 4428 2058 4483 horum

481 4517 718 4572 omnium
765 4516 1026 4585 exemplis
1051 4517 1223 4585 plena:
1269 4526 1394 4570 sunt
1422 4517 1733 4587 Scriptura).
1762 4518 1837 4573 Ita
1866 4520 2060 4574 Paulus

426 4618 432 4627 ‘
478 4610 752 4680 apostolus
779 4610 946 4664 factus
979 4619 1061 4667 est
1089 4626 1155 4665 ex
1177 4620 1579 4681 persequutore,
1601 4624 1654 4669 et
1675 4617 1765 4685 qui
1791 4618 1937 4685 prius
1964 4617 2063 4670 im-

480 4701 746 4772 pugnabat
772 4700 1088 4766 Ecclesiam,
1131 4711 1309 4770 postea
1336 4702 1508 4759 factus
1532 4716 1613 4760 est
1632 4708 1748 4776 ejus
1771 4706 2058 4777 pronubas.

556 4791 612 4846 4.
658 4790 806 4845 Brevi
850 4799 1069 4861 tempore
1097 4802 1258 4861 potest
1301 4793 1598 4849 delictorum
1638 4797 1862 4851 remissio
1906 4798 2063 4867 impe-

486 4883 630 4936 trari.
666 4881 1009 4951 Eleemosyuaz
1034 4881 1345 4952 magnitudo.
1366 4884 1641 4940 —Vidisti
1670 4896 1862 4957 quanta
1885 4904 2061 4943 rerum

485 4974 830 5031 vicissitudo?
855 4974 1035 5029 vidisti
1061 4988 1253 5043 quanta
1277 4980 1684 5033 transmutatio?
1710 4978 1798 5035 Sic
1826 4989 1882 5034 et
1902 4982 2059 5045 latro,

485 5067 574 5135 qui
604 5065 767 5119 multa
794 5062 991 5119 fecerat
1020 5064 1324 5133 homicidia,
1357 5068 1410 5121 in
1434 5084 1540 5123 uno
1564 5071 1822 5139 temporis
1847 5084 2060 5140 puncto,

486 5165 704 5226 propter
731 5170 896 5225 pauca
922 5155 1013 5209 illa
1043 5155 1206 5210 verba
1236 5157 1306 5210 ita
1335 5159 1514 5213 omnia
1539 5159 1705 5215 abluit
1746 5172 1981 5229 peccata,
2010 5172 2067 5218 ut

486 5248 698 5302 audiret
725 5262 755 5300 a
800 5247 1025 5302 Domino
1067 5265 1080 5301 :
1134 5247 1301 5302 Hodie
1352 5267 1545 5305 mecum
1593 5254 1689 5307 eris
1734 5255 1787 5308 in
1829 5256 2066 5324 paradiso

493 5339 643 5407 (Luc.
665 5338 757 5393 25.
790 5340 859 5396 43
882 5340 921 5408 ).
949 5338 1038 5393 Sic
1063 5348 1116 5393 et
1137 5341 1469 5408 publicanus,
1496 5344 1584 5412 qui
1615 5358 1947 5413 percusserat
1974 5364 2067 5415 pe-

484 5440 628 5492 ctus,
661 5438 716 5482 et
736 5443 832 5483 sua
865 5437 1077 5497 peccata
1107 5430 1384 5486 confessus
1404 5444 1539 5499 erat,
1572 5434 1847 5492 descendit
1869 5439 2065 5506 justiti-

492 5529 639 5572 catus
666 5522 852 5589 magis,
879 5534 1037 5589 quam
1083 5520 1384 5576 Pharisreus
1421 5523 1440 5594 (
1471 5523 1558 5577 ld.
1592 5526 1678 5580 l8.
1712 5528 1778 5581 15
1799 5527 1837 5597 ).
1871 5528 2066 5583 Verum

494 5624 681 5663 omnes
714 5610 766 5663 hi
814 5612 1006 5664 anima:
1045 5625 1153 5665 suae
1183 5612 1380 5669 bonum
1422 5615 1666 5671 affectum
1712 5619 2064 5687 declararunt,

494 5708 550 5752 et
588 5699 762 5767 priora
804 5702 1031 5755 confessi
1065 5713 1302 5769 peccata,
1356 5706 1720 5761 remissionem
1771 5710 2065 5766 obtinuere.

501 5788 780 5847 Videamus
809 5802 985 5849 autem
1007 5802 1060 5849 et
1086 5791 1244 5863 hujus
1273 5798 1505 5853 mandati
1528 5799 1705 5867 robur,
1733 5812 1788 5856 et
1814 5817 2065 5875 quantam

1204 384 1260 437 s.
1301 379 1578 436 manus
1617 368 2084 430 tamvsosrout
2127 367 2441 425 AltClllEP.
2482 370 3014 427 CONSTANTINOP.

3632 369 3741 426 484

2157 485 2494 541 abundantia-
2523 487 2628 541 vim
2669 488 2938 558 possideat
2965 488 3109 559 larga
3138 489 3477 559 eleemosyna
3504 529 3517 552 ,
3545 499 3601 542 ut
3629 503 3753 542 cum

2155 574 2498 631 didicerimus
2523 578 2725 632 lucrum
2749 579 2889 649 quod
2917 580 3041 635 inde
3065 582 3321 643 nascitur,
3352 581 3602 634 alacriter
3629 595 3756 634 eam

2156 666 2457 739 largiamur.
2489 670 2646 725 Forte
2671 672 2813 726 enim
2846 682 2991 727 tanta
3022 673 3138 741 ejus
3164 683 3243 727 est
3270 682 3528 743 potestas,
3557 682 3613 724 ut
3644 686 3755 726 nua

2156 762 2328 815 solum
2365 770 2576 830 peccata
2620 779 2865 833 purgare,
2894 764 2987 819 sed
3019 774 3072 818 et
3099 774 3324 819 mortem
3352 764 3534 831 fugare
3555 764 3759 816 valeat.

2156 851 2225 906 Et
2251 852 2535 922 quomodo,
2562 869 2660 924 ego
2690 855 2883 909 dicam.
2916 855 2982 909 Et
3008 856 3148 925 quis,
3178 855 3317 909 dicet
3346 855 3567 923 aliquis,
3597 855 3758 907 elec—

2157 956 2433 1013 mosynam
2467 942 2685 1009 faciens,
2701 947 2943 1015 superior
2965 957 3136 1001 morte
3155 946 3323 1000 factus
3338 955 3421 1001 est
3439 947 3461 998 Ἰ
3481 946 3623 1000 Sane
3636 962 3765 999 oru-

2158 1050 2253 1089 nes
2284 1034 2528 1089 videmur
2550 1036 2648 1091 sub
2682 1038 2869 1090 mortis
2894 1036 3227 1107 tyrannidem
3260 1038 3490 1091 venisse.
3525 1035 3602 1090 Ne
3633 1046 3755 1089 tur-

2155 1125 2319 1189 beris,
2350 1122 2561 1189 dilecte,
2593 1126 2685 1180 sed
2714 1126 2872 1180 rebus
2890 1127 3016 1195 ipsis
3039 1125 3188 1181 disce
3213 1125 3481 1196 quomodo
3498 1126 3710 1179 eleeum
3730 1154 3755 1164 -

2156 1232 2305 1289 syuze
2359 1220 2438 1273 vis
2485 1229 2538 1273 et
2592 1218 2779 1272 mortis
2809 1218 2935 1271 vicit
2963 1217 3317 1289 tyrannidem.
3375 1217 3606 1271 Tabitba
3639 1227 3760 1269 erat

2155 1311 2384 1377 mulier,
2418 1309 2571 1380 cujus
2620 1326 2816 1364 nomen
2851 1311 2894 1363 si
2925 1311 3044 1379 quis
3101 1310 3484 1380 interpretatur
3510 1350 3525 1373 ,
3555 1309 3759 1362 dicitur

2157 1400 2396 1454 Dorcas:
2440 1399 2554 1453 haec
2570 1400 2805 1469 quotidie
2824 1399 3238 1468 dabatoperam,
3278 1409 3336 1452 ut
3361 1399 3635 1468 colligeret
3675 1415 3753 1452 ex

2155 1493 2496 1563 eleemosyna
2526 1492 2754 1547 divitias.
2793 1492 2861 1545 Et
2905 1492 3183 1557 vestiebat,
3216 1492 3425 1560 inquit,
3449 1490 3661 1555 viduas,
3696 1500 3757 1543 et

2155 1585 2289 1640 alios
2318 1600 2508 1640 omnes
2547 1594 2796 1653 sumptus
2824 1584 2903 1638 eis
2934 1584 3226 1653 pratbebat.
3273 1583 3493 1637 Factum
3535 1592 3623 1638 est
3651 1599 3757 1635 au-

2156 1684 2266 1731 tem
2290 1686 2347 1731 ut
2396 1677 2662 1731 infirmata
2694 1678 2807 1746 ipsa
2843 1686 3162 1731 moreretur.
3190 1675 3293 1731 Sed
3323 1676 3442 1729 vide
3482 1676 3757 1746 quouuidu

2157 1770 2241 1826 hae
2268 1786 2387 1840 qua:
2414 1772 2483 1825 ab
2529 1772 2617 1825 illa
2647 1771 2988 1837 curabantur,
3020 1779 3075 1825 et
3104 1785 3236 1841 quas
3263 1769 3544 1835 vestiebat,
3587 1769 3757 1822 bene-

2156 1862 2310 1916 licam
2342 1872 2638 1932 opportune
2674 1862 3087 1916 remunerarint.
3131 1862 3346 1915 Stantes
3370 1861 3513 1913 circa
3537 1869 3758 1929 aposto-

2156 1951 2265 2007 lum
2293 1993 2309 2018 ,
2340 1954 2729 2018 monstrabant,
2768 1953 2973 2024 inquit,
3001 1954 3049 2007 ei
3082 1962 3279 2019 vestes,
3308 1960 3364 2006 et
3409 1962 3598 2006 cuncta
3630 1968 3757 2021 qua:

2156 2043 2405 2109 faciebat,
2452 2060 2571 2100 cum
2599 2046 2773 2101 adhuc
2812 2046 2864 2101 in
2914 2046 3161 2101 humanis
3189 2056 3371 2116 ageret
3421 2046 3619 2099 Dorcas
3649 2064 3661 2099 :
3698 2056 3754 2099 et

2154 2137 2424 2191 alumnam
2452 2138 2814 2207 requirebant,
2849 2138 3115 2209 lacrymas
3153 2138 3567 2209 profundebant,
3598 2148 3652 2192 et
3681 2139 3752 2191 ad

2156 2246 2401 2300 magnam
2429 2231 2826 2286 miserationem
2856 2232 3159 2300 apostolum
3201 2233 3584 2301 provocabant.
3615 2231 3752 2299 Quid

2156 2322 2317 2391 igitur
2344 2322 2537 2377 beatus
2565 2323 2797 2378 Petrus?
2827 2323 3046 2377 Genibus
3091 2324 3288 2392 positis,
3322 2324 3511 2393 inquit,
3535 2324 3701 2375 oravit
3732 2338 3752 2374 :

2156 2423 2201 2467 et
2220 2430 2485 2468 conversus
2520 2414 2589 2468 ad
2613 2431 2819 2483 corpus,
2849 2415 2978 2469 dixit
2999 2431 3018 2468 :
3043 2414 3277 2480 Tabitha,
3323 2432 3495 2487 surge.
3526 2414 3632 2468 Illa
3658 2432 3753 2466 nu-

2156 2517 2254 2561 tent
2289 2508 2485 2577 aperuit
2516 2509 2686 2562 oculos
2728 2525 2847 2562 suos
2870 2549 2886 2574 ,
2930 2518 3058 2561 etut
3101 2508 3224 2561 vidit
3264 2506 3496 2574 Petrum,
3548 2508 3747 2560 resedit.

2157 2599 2297 2653 Data
2319 2609 2488 2653 autem
2516 2600 2560 2653 ei
2587 2616 2760 2666 manu,
2782 2599 2937 2653 erexit
2953 2615 3061 2652 eam
3092 2614 3111 2652 :
3136 2608 3185 2651 et
3207 2599 3466 2652 accersitis
3495 2597 3681 2651 sanctis
3703 2605 3751 2649 et

2156 2689 2338 2757 viduis,
2366 2690 2729 2743 commendavit
2749 2690 2853 2742 illis
2878 2705 2987 2743 eam
3005 2690 3165 2743 vivam
3198 2688 3333 2760 (Act.
3362 2689 3415 2743 9.
3442 2690 3561 2757 40).
3594 2687 3745 2741 Vidi-

2156 2781 2223 2834 sti
2246 2782 2494 2836 virtutem
2523 2781 2769 2851 apostoli,
2799 2780 2907 2835 imo
2924 2781 3197 2848 onerantis
3227 2796 3323 2851 per
3352 2796 3477 2835 eum
3502 2779 3752 2834 Domini?

2156 2872 2335 2927 vidisti
2357 2884 2553 2943 quanta
2577 2874 2857 2928 retributio
2876 2873 3241 2929 beneﬁcentia:
3263 2875 3321 2928 iu
3343 2873 3552 2938 viduas,
3581 2874 3744 2927 etiam

2158 2966 2211 3020 in
2236 2965 2523 3035 praesenti?
2564 2965 2701 3032 Quid
2731 2967 2872 3021 enim
2902 2977 3128 3031 tantum,
3166 2983 3369 3035 qumso.
3404 2966 3633 3035 praebuit
3660 2964 3751 3017 illa

2160 3059 2350 3124 viduis,
2377 3068 2629 3129 quantum
2661 3060 2764 3114 illa:
2802 3062 2850 3114 ei
2881 3060 3276 3128 rependerunt?
3306 3059 3492 3114 Vestes
3526 3059 3754 3128 praebuit

2159 3160 2214 3204 et
2236 3150 2509 3213 alimenta,
2538 3150 2635 3204 sed
2674 3150 2778 3204 illa:
2817 3150 2884 3204 ad
2910 3154 3071 3205 vitam
3096 3150 3235 3205 hanc
3278 3150 3643 3216 reduxerunt;
3700 3162 3755 3207 et

2160 3250 2387 3297 mortem
2415 3242 2483 3295 ab
2501 3257 2563 3296 ea
2608 3243 2857 3311 fugarunt
2884 3260 2896 3295 :
2928 3243 3036 3295 imo
3064 3258 3166 3296 non
3213 3242 3337 3303 illae,
3367 3242 3462 3296 sed
3504 3244 3754 3300 clemens

2162 3333 2416 3387 Dominus
2438 3342 2617 3386 noster
2642 3341 2857 3403 propter
2880 3348 3061 3388 curam
3084 3349 3241 3403 quam
3270 3334 3373 3388 illis
3397 3334 3751 3403 impenderat.

2162 3423 2380 3477 Vidistis
2427 3422 2698 3493 pharmaci
2743 3424 3059 3494 potentiam,
3092 3425 3469 3479 dilectissimi?
3498 3427 3610 3481 Hoc
3640 3442 3757 3481 om-

2160 3529 2258 3569 nes
2302 3515 2589 3583 nobisipsis
2630 3530 2923 3584 paremus:
2964 3532 3137 3587 neque
3190 3519 3331 3572 enim
3382 3527 3754 3587 sumptuosum

2161 3613 2265 3670 cst,
2298 3608 2541 3675 quamvis
2563 3616 2725 3663 tantae
2750 3608 2820 3661 sit
2848 3609 3075 3673 virtutis,
3103 3608 3198 3662 sed
3218 3618 3272 3662 et
3296 3609 3385 3662 vili
3408 3611 3628 3675 emitur,
3659 3626 3759 3664 nec

2163 3696 2329 3748 multo
2356 3705 2570 3764 sumptu
2620 3696 2842 3766 indiget.
2896 3697 3201 3767 Magnitudo
3228 3700 3370 3753 enim
3397 3700 3755 3771 eleemosynte

2162 3802 2266 3841 non
2296 3787 2348 3841 in
2378 3788 2714 3842 multitudine
2736 3790 3079 3858 pecuniarum
3104 3789 3186 3843 vel
3207 3804 3367 3859 apum
3399 3791 3499 3843 sita
3530 3801 3638 3853 est,
3662 3791 3758 3844 sed

2162 3892 2227 3933 ex
2257 3878 2527 3932 alacritate
2550 3878 2787 3932 dantium
2812 3879 3078 3947 judicatur
3102 3879 3312 3950 (Matth.
3348 3881 3435 3935 10.
3474 3880 3589 3949 42).
3619 3881 3755 3937 Pro-

2165 3979 2281 4039 pter
2300 3969 2402 4023 hoc
2426 3979 2481 4024 et
2509 3971 2601 4039 qui
2647 3980 2827 4039 potum
2859 3986 3011 4040 aquae
3053 3971 3258 4041 frigidae
3287 3972 3457 4037 dedit,
3503 3983 3759 4042 acceptus

2163 4072 2266 4123 est,
2307 4076 2514 4114 necnon
2547 4078 2606 4115 ea
2653 4078 2771 4130 qua:
2799 4062 2905 4116 duo
2928 4064 3132 4117 minuta
3174 4063 3228 4116 in
3271 4064 3562 4118 corbonam
3614 4065 3760 4119 misit

2164 4151 2317 4220 (Luc.
2347 4152 2438 4205 21.
2461 4151 2571 4221 2),
2621 4162 2678 4206 ut
2722 4152 3007 4216 discamus,
3040 4153 3235 4222 ubique
3283 4162 3487 4208 rectam
3519 4166 3757 4209 mentem

2164 4243 2361 4312 requiri
2389 4243 2456 4297 ab
2483 4244 2849 4297 universorum
2894 4245 3140 4298 Domino.
3174 4245 3315 4300 Fieri
3359 4253 3539 4313 potest
3570 4256 3627 4299 ut
3668 4246 3758 4315 qui

2166 4348 2349 4403 parum
2378 4333 2554 4399 habet,
2584 4350 2833 4404 magnam
2866 4350 2976 4404 prae
3017 4351 3075 4390 se
3117 4335 3256 4390 ferat
3281 4337 3685 4401 liberalitatem,
3713 4339 3756 4391 si

2166 4442 2354 4497 magna
2381 4432 2521 4481 valet
2545 4428 2814 4482 alacritate
2846 4444 2860 4481 :
2889 4437 2944 4482 et
2965 4428 3057 4497 qui
3087 4429 3251 4483 multa
3277 4430 3552 4498 possidet,
3582 4431 3761 4483 minor

2176 4518 2422 4571 videatur
2453 4518 2516 4572 iis
2540 4519 2629 4587 qui
2666 4535 2847 4587 parum
2875 4518 3092 4587 habent,
3124 4529 3343 4589 pr0pter
3367 4520 3570 4576 sordidi
3593 4522 3758 4575 animi

2168 4609 2523 4664 tenacitatem.
2599 4609 2941 4665 Eﬂ‘undamus
3005 4612 3200 4681 igitur,
3254 4627 3474 4682 quaeso,
3528 4612 3759 4666 faculta-

2169 4709 2247 4754 tes
2291 4709 2498 4754 nostras
2558 4700 2610 4753 in
2635 4716 2832 4769 egenos
2856 4712 3032 4756 mente
3064 4702 3292 4769 liberali,
3324 4720 3389 4757 ex
3419 4704 3483 4758 iis
3510 4720 3632 4772 qua:
3659 4718 3757 4756 no-

2168 4793 2249 4849 bis
2274 4794 2529 4847 Dominus
2574 4792 2721 4847 dedit
2749 4811 2762 4847 :
2791 4804 2845 4846 et
2872 4810 2990 4863 qua:
3019 4795 3085 4847 ab
3108 4810 3172 4848 eo
3198 4794 3325 4848 data
3349 4806 3494 4861 sunt,
3523 4795 3627 4864 ipsi
3654 4796 3758 4850 ite-

2167 4902 2286 4940 rum
2311 4886 2516 4951 demus,
2573 4895 2630 4941 ut
2667 4889 2746 4941 sic
2782 4886 2973 4942 iterum
3014 4898 3194 4943 nostra
3238 4904 3361 4943 cum
3410 4891 3561 4945 lucro
3604 4891 3753 4945 fiant.

2170 4979 2337 5033 Tanta
2387 4979 2532 5033 enim
2585 4980 2702 5047 ejus
2754 4990 2837 5033 est
2890 4980 3213 5046 liberalitas,
3269 4993 3327 5036 ut
3370 4983 3494 5038 licet
3532 4984 3758 5052 accipiat

2170 5070 2238 5124 de
2269 5072 2332 5124 iis
2383 5087 2501 5140 qure
2545 5072 2658 5139 ipse
2701 5071 2868 5138 dedit,
2911 5088 3015 5127 non
3047 5083 3194 5142 putet
3238 5084 3417 5131 tamen
3453 5079 3671 5146 propria
3700 5093 3757 5133 se

2170 5164 2434 5231 accipere,
2479 5163 2574 5217 sed
2621 5179 2807 5233 magna
2853 5165 3211 5221 munificentia
3240 5166 3393 5223 nobis
3420 5183 3483 5224 ea
3518 5169 3757 5223 redditu-

2172 5269 2287 5309 rum
2315 5268 2373 5308 se
2401 5253 2714 5322 pollicetur;
2772 5264 2975 5309 tantum
3024 5257 3071 5310 si
3102 5271 3200 5311 nos
3238 5273 3359 5326 quae
3409 5268 3594 5314 nostra
3635 5268 3759 5313 sunt

2172 5344 2349 5401 facere
2396 5346 2655 5409 velimus,
2700 5358 2753 5401 et
2779 5346 2856 5401 sic
2899 5350 3217 5418 pauperibus
3244 5366 3551 5421 erogemus,
3608 5355 3760 5423 quasi

2174 5437 2502 5504 deponentes
2554 5452 2613 5490 ea
2672 5438 2725 5491 in
2770 5454 2958 5492 manus
3016 5440 3224 5494 Domini
3278 5434 3581 5498 {scientes
3608 5460 3757 5514 quie-

2172 5543 2399 5596 cumque
2445 5529 2709 5597 acceperit
2764 5545 2952 5585 manus
2988 5531 3097 5592 illa,
3154 5548 3216 5587 ea
3254 5548 3361 5588 non
3409 5536 3585 5590 solum
3641 5537 3762 5592 red-

2175 5622 2425 5685 diturum,
2470 5622 2565 5676 sed
2598 5623 2942 5691 multiplicata
2985 5625 3138 5679 nobis
3175 5627 3369 5682 iterum
3423 5629 3761 5698 largitur-am,

2175 5728 2288 5769 sua:
2336 5713 2663 5767 liberalitatis
2699 5714 2917 5784 gloriam
2963 5714 3347 5773 declarantem.
3391 5719 3459 5774 Et
3505 5721 3636 5787 quid
3680 5737 3767 5774 as-

2178 5821 2319 5871 sero,
2342 5820 2404 5860 ea
2441 5804 2667 5859 reddere
2694 5804 3040 5874 multiplicata
3064 5806 3086 5861 ?
3112 5806 3297 5863 Manus
3324 5809 3413 5865 illa
3438 5826 3546 5865 non
3575 5828 3644 5867 ea
3672 5828 3764 5866 so-
