4038 6358
294 345 402 401 ιεδ

292 455 390 509 καὶ
422 453 594 506 ποιεῖν
618 451 718 514 τάς
742 450 958 514 ἐντολάς
993 450 1177 504 αὐτοῦ.
1219 452 1280 504 Ὀ
1308 451 1417 522 7&9
1445 451 1672 520 ἀγαπῶν
1699 452 1860 505 αὐτὸν

293 537 416 592 καθ’
441 535 500 589 ὃν
547 536 629 588 δεῖ
660 535 859 604 τρόπον
907 535 1146 604 ἀγαπᾷν,
1181 533 1424 603 δηλονότι
1453 535 1546 587 καὶ
1562 534 1666 598 τὰς
1696 533 1862 588 αὐτοῦ

291 621 573 688 ἐπείγεται
617 617 834 679 ἐντολὰς
867 620 1060 670 ποιεῖν.
1096 617 1272 671 Ὅταν,
1297 618 1405 688 γάρ
1435 635 1520 681 τις
1565 618 1694 689 περί
1742 633 1866 670 τινα

291 703 532 772 γνησίως
554 701 840 761 διάκειται,
873 700 1052 753 πάντα
1090 701 1350 770 πράττειν
1375 699 1693 765 σπουδάζει,
1717 699 1753 756 ἀ
1770 701 1864 754 τὸν

289 784 656 854 ἀγαπώμενον
705 781 1027 851 ἐφέλκεσθαι
1056 781 1273 836 δύναται
1311 785 1390 846 είς
1413 783 1507 836 τὸν
1542 786 1670 854 περί
1701 783 1869 836 αὐτὸν

291 869 480 921 πόθον.
518 865 629 920 Καὶ
661 867 822 935 ἡμεῖς
851 864 1052 926 τοίνυν,
1085 864 1178 918 ἐὰν
1222 866 1595 936 ἀγαπήσωμεν
1625 867 1866 936 γνησίως

289 951 384 1004 τὸν
419 949 720 1016 Δεσπότην,
752 951 846 1000 καὶ
867 947 967 1009 τάς
996 947 1214 1012 ἐντολὰς
1248 948 1411 1002 αὐτοῦ
1451 948 1737 1020 πληρῶσαι
1770 947 1862 1000 δυ-

290 1031 592 1104 νησόμεθα,
627 1031 721 1084 καὶ
752 1031 917 1101 μηδὲν
946 1031 1204 1100 πράττειν
1234 1030 1454 1084 ἐκείνων
1483 1031 1591 1084 τῶν
1623 1027 1864 1100 παροξῦ-

289 1135 381 1170 ναι
432 1113 744 1184 δυναμένων
775 1113 866 1165 τὸν
899 1113 1279 1184 ἀγαπώμενον.
1337 1114 1506 1167 Τοῦτο
1539 1116 1572 1184 ἡ
1618 1112 1865 1184 βασιλεία

287 1203 401 1256 τῶν
432 1199 699 1270 οὐρανῶν,
728 1196 885 1250 τοῦτο
919 1199 952 1267 ἡ
989 1197 1286 1260 ἀπόλαυσις
1305 1197 1411 1251 τῶν
1441 1197 1684 1266 ἀγαθῶν,
1706 1195 1865 1249 τοῦτο

287 1285 362 1338 τά
395 1283 562 1355 μυρία
585 1280 790 1349 ἀγαθά,
819 1280 879 1333 τὸ
914 1280 1315 1350 καταξιωθῆναι
1351 1280 1589 1351 γνησίως
1617 1280 1712 1333 καὶ
1739 1278 1866 1333 καθ’

287 1368 352 1420 δν
372 1367 478 1437 χρὴ
506 1366 571 1436 δὴ
598 1365 798 1437 τρόπον
822 1365 1041 1433 ἀγαπᾷν
1061 1382 1075 1396 ·
1101 1365 1458 1434 ἀγαπήσομεν
1478 1363 1534 1416 δὲ
1559 1363 1721 1416 αὐτὸν
1741 1379 1868 1434 γνη-

290 1453 447 1515 σίως,
478 1450 573 1502 ἐάν
603 1448 693 1502 διά
717 1447 817 1518 τὴν
845 1449 975 1518 περὶ
1001 1447 1168 1501 αὐτὸν
1199 1448 1442 1517 ἀγάπην,
1474 1448 1567 1500 καὶ
1591 1446 1721 1510 περὶ
1746 1447 1866 1510 τοὺς

287 1533 619 1603 ὁμοδούλους
674 1530 874 1602 πολλὴν
922 1530 1316 1600 ἐπιδειξὼμεθα
1346 1532 1444 1601 τὴν
1482 1531 1722 1599 ἀγάπην.
1771 1529 1868 1583 Ἐν

287 1617 536 1678 ταύταις
564 1613 706 1683 γὰρ,
749 1614 910 1684 φησὶ,
954 1613 1084 1679 ταῖς
1123 1613 1306 1666 δυσὶν
1344 1613 1619 1679 ἐντολαῖς
1649 1613 1797 1677 ὅλος
1833 1615 1868 1666 ό

287 1700 477 1767 νόμος
498 1697 597 1752 καὶ
623 1701 677 1751 οι
698 1696 995 1765 προφῆται
1027 1696 1363 1766 κρέμανται,
1395 1698 1453 1750 ἐν
1477 1695 1557 1766 τῷ
1585 1695 1867 1766 ἀγαπῆσαι

289 1784 498 1854 Κύριον
520 1781 612 1836 τὸν
642 1781 773 1834 Θεόν
801 1795 894 1834 σου
929 1780 988 1845 ἐξ
1007 1781 1136 1848 ὅλης
1167 1781 1266 1850 τῆς
1287 1779 1510 1850 καρδίας
1535 1797 1626 1832 σου
1646 1819 1662 1842 ,
1691 1780 1785 1832 καὶ
1809 1778 1867 1845 ἐξ

286 1866 422 1937 ὅλης
447 1865 548 1936 τῆς
578 1862 760 1934 ἰσχύος
800 1879 924 1926 σου,
959 1864 1052 1916 καὶ
1078 1862 1140 1926 ἐξ
1166 1862 1295 1933 ὅλης
1341 1865 1440 1933 τῆς
1469 1862 1706 1925 διανοίας
1749 1877 1864 1926 σου,

291 1951 506 2004 καὶτὸν
538 1948 765 2018 πλησίον
793 1964 886 2000 σου
915 1946 990 2009 ὡς
1025 1947 1266 2001 σεαυτόν.
1315 1945 1485 2000 Τοῦτο
1516 1946 1626 2000 τῶν
1658 1946 1868 2016 ἀρετῶν

287 2035 356 2088 τὸ
374 2033 688 2103 κεφάλαιον,
709 2031 871 2086 τοῦτο
910 2030 1098 2084 πασῶν
1135 2029 1243 2083 τῶν
1267 2029 1361 2083 τοῦ
1409 2029 1543 2084 Θεοῦ
1591 2029 1819 2082 ἐντολῶν
1841 2031 1870 2082 ὀ

292 2117 566 2187 θεμέλιος.
597 2117 678 2186 Τῇ
701 2115 811 2185 γὰρ
846 2114 1036 2185 ἀγάπῃ
1070 2117 1136 2184 τῇ
1166 2114 1293 2185 περί
1323 2113 1414 2166 τὸν
1431 2113 1565 2166 Θεὸν
1594 2112 1870 2184 συνεισέρ-

291 2217 450 2272 χεται
472 2199 567 2253 καὶ
593 2199 628 2268 ἡ
654 2198 783 2268 περὶ
806 2198 898 2251 τὸν
922 2196 1149 2268 πλησίον
1175 2196 1388 2266 ἀγάπη.
1421 2196 1480 2249 '0
1510 2195 1619 2266 7&9
1640 2194 1872 2263 ἀγαπῶν

288 2285 387 2337 τὴν
418 2284 554 2336 Θεὸν
590 2283 653 2335 οὐ
683 2281 1001 2352 περιόψεται
1056 2281 1149 2334 τὸν
1198 2280 1448 2350 ἀδελφὸν,
1481 2280 1602 2333 οὐδὲ
1630 2279 1700 2332 τά
1736 2280 1872 2350 χρή-

295 2384 449 2439 ματα
491 2366 586 2419 τοῦ
639 2366 840 2419 οἰκείου
874 2364 1068 2435 μέλους
1121 2366 1466 2436 προτιμήσει,
1509 2362 1646 2417 ἀλλά
1670 2362 1872 2434 πολλὴν

291 2451 426 2521 περὶ
456 2449 618 2502 αὐτὸν
646 2448 971 2512 ἐπιδείξεται
1020 2447 1120 2518 τὴν
1147 2447 1481 2518 φιλοτιμίαν,
1529 2448 1872 2518 μεμνημένος

288 2533 389 2586 τοῦ
437 2533 739 2602 εἰρηκότος,
791 2532 873 2584 ὅτι
914 2531 976 2584 '0
1034 2530 1295 2598 ποιήσας
1331 2532 1420 2585 ὲνί
1480 2533 1702 2586 τούτων
1754 2530 1874 2584 τῶν

289 2614 576 2684 ἀδελφῶν
591 2632 711 2684 μου
735 2614 854 2669 τῶν
884 2615 1239 2683 ἐλαχίστων,
1296 2615 1425 2682 ἐμοὶ
1466 2615 1734 2682 ἐποίησε.
1764 2613 1876 2666 Καὶ

292 2700 513 2765 ἐννοῶν,
536 2701 618 2752 ὅτι
633 2698 720 2752 διὰ
737 2699 836 2770 τῆς
851 2701 932 2762 εἰς
959 2699 1050 2752 τὸν
1081 2696 1372 2767 ὁμόδουλον
1389 2697 1683 2768 θεραπείας
1711 2696 1873 2760 αὐτός

291 2789 448 2839 ἐστιν
478 2787 506 2838 6
529 2783 598 2836 τὰ
630 2781 885 2853 γινόμενα
911 2783 1281 2852 οἰκειούμενος
1319 2783 1348 2834 ό
1375 2782 1482 2834 τῶν
1508 2781 1760 2834 ἀπάντων
1785 2782 1876 2831 Δε-

294 2868 524 2938 σπότης,
553 2866 692 2937 μετὰ
725 2865 924 2936 πολλῆς
945 2866 1047 2935 τῆς
1078 2865 1383 2936 προθυμίας
1405 2865 1618 2919 ἅπαντα
1645 2865 1874 2936 ἐργάσε-

292 2969 409 3014 ται,
439 2950 533 3004 καὶ
558 2949 761 3020 πολλὴν
781 2949 881 3020 τὴν
911 2948 1192 3017 δαψίλειαν
1219 2950 1348 3020 περὶ
1379 2949 1477 3019 τὴν
1507 2947 1872 3018 ἐλεημοσύνην

294 3034 624 3098 ἐπιδείξεται
644 3072 659 3094 ,
687 3033 750 3086 οὐ
801 3033 938 3102 πρὸς
961 3031 1058 3102 τὴν
1086 3032 1358 3085 εὐτέλειαν
1392 3031 1535 3102 ὀρῶν
1560 3031 1654 3084 τοῦ
1689 3049 1874 3101 φαινο-

299 3120 490 3188 μένου,
523 3116 658 3170 ἀλλά
682 3116 819 3186 πρὸς
849 3116 911 3168 τὸ
939 3114 1167 3185 μέγεθος
1219 3114 1312 3169 τοῦ
1342 3115 1670 3169 οἰκειοῦσθαι
1696 3117 1873 3184 ἐπαγ-

294 3202 622 3272 γειλαμένου
649 3200 718 3253 τὰ
741 3201 820 3262 εἰς
849 3199 975 3261 τούς
997 3199 1236 3268 πένητας
1262 3199 1540 3270 γινόμενα.
1570 3200 1661 3270 Μὴ
1692 3200 1756 3270 δὴ
1778 3217 1878 3254 πα-

298 3286 659 3358 ρατρέχωμεν
686 3283 895 3346 ἀπλῶς,
937 3283 1260 3353 παρακαλῶ,
1285 3283 1348 3336 τὸ
1378 3284 1568 3353 κέρδος
1595 3283 1704 3337 τῶν
1736 3285 1876 3354 ἡμε-

294 3370 358 3420 τέ
368 3385 476 3438 ρων
491 3366 701 3436 ψυχῶν,
716 3365 777 3418 τὸ
793 3364 1082 3435 φάρμακον
1099 3364 1206 3417 τῶν
1228 3365 1509 3437 ἡμετέρων
1523 3367 1878 3438 τραυμάτων.

297 3449 476 3503 Τοῦτο
528 3448 658 3518 γὰρ,
706 3446 864 3500 τοῦτο
908 3446 1143 3517 μάλιστα
1178 3448 1241 3500 τὸ
1282 3448 1570 3519 φάρμακον
1609 3449 1877 3520 τοσαύτην

297 3537 434 3602 ἡμῖν
461 3531 687 3602 παρέξει
729 3530 828 3601 τὴν
861 3531 1174 3602 θεραπείαν,
1204 3533 1299 3584 κοιλ⁹
1327 3531 1497 3595 οὕτως
1529 3533 1782 3602 ἁφανίσει
1810 3534 1881 3587 τὰ

301 3616 436 3686 ἕλκη
484 3617 592 3667 τῶν
635 3614 916 3684 ἡμετέρων
965 3614 1148 3684 ψυχῶν
1173 3655 1188 3678 ,
1233 3615 1305 3678 ὡς
1374 3615 1507 3684 μηδέ
1553 3617 1697 3685 ἴχνος
1744 3617 1881 3687 μηδὲ

300 3700 466 3767 οὐλὴν
482 3698 907 3768 καταλειφθῆναι
930 3713 944 3726 ·
972 3700 1106 3770 ὅπερ
1127 3699 1218 3752 ἐπὶ
1239 3699 1346 3751 τῶν
1372 3699 1695 3769 σωματικῶν
1716 3718 1881 3770 τραυ-

306 3784 499 3852 μάτων
523 3781 621 3852 οὐχ
638 3777 750 3836 οἷόν
775 3799 834 3834 τε
861 3781 1132 3850 γενέσθαι.
1155 3782 1276 3835 Κάν
1290 3782 1396 3853 γὰρ
1419 3783 1676 3853 μυριάκις
1703 3800 1786 3846 τις
1811 3783 1881 3836 τὰ

304 3867 579 3936 φάρμακα
613 3863 692 3936 τῷ
737 3865 924 3935 οἰκείῳ
974 3864 1251 3936 τραύματι
1284 3864 1444 3934 ἐπιθῇ
1494 3865 1562 3917 τὰ
1597 3865 1746 3935 παρά
1771 3865 1912 3940 τῶν,

309 3949 514 4021 ἰατρῶν
545 3949 1085 4020 κατασκευαζόμενα,
1115 3951 1329 4020 ἀνάγκη
1368 3949 1466 4019 τὴν
1496 3948 1661 4019 οὐλὴν
1693 3950 1750 4000 ἐν
1804 3947 1883 4018 τῷ

307 4035 527 4102 σώματι
543 4033 896 4102 ἐναπομένειν
919 4048 934 4064 ·
962 4033 1057 4086 καὶ
1078 4033 1302 4095 είκότως
1321 4048 1336 4062 °
1363 4033 1528 4102 σῶμα
1550 4031 1656 4102 γάρ
1679 4032 1795 4084 ἐστι
1822 4031 1884 4084 τὸ

305 4115 768 4185 θεραπευόμενον.
799 4115 1064 4169 Ἐνταῦθα
1090 4115 1148 4169 δὲ
1173 4115 1356 4185 ἐπειδὴ
1380 4115 1525 4185 ψυχή
1553 4117 1700 4166 ἐστιν
1723 4115 1764 4185 ,ἡ
1797 4113 1884 4166 θε-

310 4198 689 4270 ραπευομένη,
717 4198 936 4252 ἐπειδάν
961 4199 1060 4270 τὴν
1089 4199 1296 4253 οἰκείαν
1321 4198 1741 4269 εὐγνωμοσύνην
1765 4199 1886 4252 ἐπι-

304 4281 574 4350 δείξηται,
609 4281 810 4352 πολλὴν
834 4281 1044 4351 δέχεται
1077 4282 1176 4350 τὴν
1209 4282 1303 4334 ἐπὶ
1325 4281 1385 4334 τὸ
1417 4281 1626 4350 βέλτιον
1655 4282 1888 4350 μεταϐο-

309 4364 433 4433 λὴν,
463 4364 559 4416 καὶ
589 4362 760 4427 οὕτως
789 4365 1006 4418 ἅπαντα
1042 4364 1399 4434 φυγαδεύεται
1423 4365 1492 4417 τά
1515 4363 1671 4433 έλκη,
1705 4364 1780 4427 ὡς
1824 4363 1888 4416 ἂν

311 4447 612 4516 κονιορτὸς,
645 4447 848 4518 ἀνέμου
880 4447 1106 4520 σφοδροῦ
1130 4447 1517 4519 διεγερθέντος.
1558 4449 1667 4501 Καὶ
1688 4446 1892 4499 τούτων

307 4531 569 4584 ἁπάντων
616 4531 724 4585 τῶν
767 4532 1182 4603 ὑποδειγμάτων
1233 4532 1601 4602 ὑπερπλήρεις
1653 4532 1783 4601 ἡμῖν
1833 4532 1890 4583 αἱ

310 4615 550 4685 Γραφαί.
578 4613 764 4678 Οὕτως
788 4617 816 4667 6
839 4615 1102 4685 μακάριος
1131 4615 1340 4676 Παῦλος
1363 4615 1655 4678 ἀπόστολος
1671 4614 1890 4682 γέγονεν

309 4700 423 4752 ἀπὸ
445 4697 694 4765 διώκτου,
721 4699 817 4751 καὶ
840 4700 868 4752 6
894 4699 1157 4770 πρότερον
1186 4698 1400 4770 πορθῶν
1421 4699 1519 4770 τὴν
1545 4698 1888 4769 Ἐκκλησίαν,

313 4780 544 4852 ὕστερον
582 4781 743 4843 αὐτὸς
778 4781 945 4851 αὐτῆς
973 4781 1162 4850 γέγονε
1194 4781 1578 4852 νυμφαγωγός.

382 4885 448 4939 δ’.
473 4881 629 4948 Εἶδες
653 4885 830 4955 ἄκραν
864 4883 964 4954 τὴν
1003 4883 1340 4955 μεταϐολὴν;
1379 4883 1516 4948 εἶδες
1547 4885 1754 4954 ἄφατον
1789 4885 1892 4955 τὴν

313 4973 649 5045 μετάστασιν
669 4988 684 5036 ;
713 4971 869 5025 Οὕτω
883 4970 976 5024 κα)⁵
1003 4973 1032 5024 6
1050 4971 1252 5043 λῃστὴς
1273 4973 1498 5042 μυρίους
1521 4973 1894 5044 ἐργασάμενος

312 5064 533 5131 φόνους,
564 5063 622 5113 ἐν
666 5061 766 5130 μιᾷ
802 5057 992 5131 καιροῦ
1022 5061 1160 5131 ροπῇ
1189 5058 1278 5112 διὰ
1302 5060 1414 5112 τῶν,
1441 5059 1636 5129 ὀλίγων
1665 5059 1887 5112 ἐκείνων

315 5149 582 5221 ῥημάτων
607 5147 778 5210 οὐτως
811 5147 1030 5201 ἅπαντα
1062 5146 1361 5216 ἀπενίψατο
1388 5147 1456 5200 τὰ
1495 5149 1887 5218 ἁμαρτήματα,

311 5237 393 5299 ὡς
433 5233 664 5288 ἀκοῦσαι
697 5235 850 5305 παρά
879 5234 973 5287 τοῦ
1020 5234 1309 5298 Δεσπότου,
1336 5235 1417 5287 ὃτι
1462 5233 1730 5304 Σήμερον
1763 5238 1892 5303 μετ’

311 5322 466 5393 ἐμοῦ
488 5321 603 5390 ἔσῃ
630 5323 699 5375 ἐν
715 5322 793 5387 τῷ
808 5320 1172 5391 παραδείσῳ.
1380 5319 1536 5374 Οῦτω
1560 5321 1653 5375 καὶ
1677 5323 1707 5374 6
1723 5321 1890 5374 τελώ-

314 5427 439 5480 νης,
465 5407 660 5479 στῆθος
689 5408 917 5478 πλήξας,
958 5409 1137 5462 καὶτά
1166 5409 1340 5462 οἰκεῖα
1368 5408 1734 5480 ἁμαρτήματα
1756 5410 1888 5479 ὀμο-

314 5499 576 5567 λογήσας,
601 5496 836 5565 κατῆλθε
858 5495 1270 5566 δεδικαιωμένος
1304 5495 1444 5566 ὑπὲρ
1474 5495 1563 5548 τὸν
1577 5498 1887 5567 Φαρισαῖον.

327 5584 495 5638 Ἀλλά
517 5583 720 5636 τούτων
744 5583 840 5652 μέν
865 5583 1094 5646 ἕκαστος
1129 5583 1308 5653 ψυχῆς
1333 5582 1750 5653 εὐγνωμοσύνην
1771 5585 1890 5636 ἐπι-

315 5671 656 5741 δειξάμενος,
687 5671 784 5725 καὶ
811 5670 880 5724 τὰ
905 5671 1147 5742 πρότερα
1173 5670 1509 5741 ὁμολογήσας
1551 5670 1889 5740 πταίσματα,

314 5759 468 5813 οὕτω
481 5761 580 5828 τῆς
605 5760 1001 5829 συγχωρήσεως
1017 5758 1349 5828 ἀπὴλαυσεν.
1373 5758 1597 5826 Ἱδωμεν
1621 5756 1675 5809 δέ
1691 5757 1892 5824 ταύτης

318 5849 423 5917 τῆς
450 5849 667 5918 ἐντολῆς
695 5850 788 5917 τὴν
832 5848 1005 5916 ἰσχὺν,
1028 5847 1121 5900 καὶ
1153 5849 1282 5917 ὅσην
1326 5847 1638 5917 περιουσίας
1669 5847 1896 5915 δύναμιν

324 5937 588 6008 κέκτηται
616 5938 649 6008 ἡ
673 5935 896 6007 δαψιλὴς
922 5934 1277 6008 ἐλεημοσύνη,
1323 5935 1408 5992 ἵνα
1443 5933 1704 6005 μαθόντες
1727 5934 1787 5990 τύ
1840 5935 1897 6003 ἐξ

1277 334 1342 390 ΙΝ
1382 335 1532 388 CAP.
1573 333 1744 389 XXIX
1781 335 2033 392 GENES.
2075 336 2309 394 HOMIL.
2343 338 2452 394 LV.

3425 342 3558 399 ικαι

1961 452 2130 524 αὐτῆς
2164 455 2296 526 ἡμῖν
2343 456 2690 526 ἐγγινόμενον
2735 455 2922 526 κέρδος
2945 496 2960 521 ,
3009 455 3299 527 προθύμως
3359 459 3558 527 αὐτὴν.

1963 536 2326 608 μετέλθωμεν.
2354 538 2507 608 Τάχα
2552 539 2662 612 γὰρ
2685 538 2921 608 τοσαύτη
2946 540 3116 610 αὐτῆς
3153 542 3186 610 ἡ
3219 541 3531 612 περιουσία,

1959 615 2036 681 ὡς
2066 619 2140 689 μὴ
2174 619 2333 690 μόνον
2357 622 2729 692 ἀμαρτὴματα
2759 622 3127 694 ἐκκαθαίρειν,
3155 623 3292 678 ἀλλά
3321 626 3414 678 καὶ
3441 625 3534 680 αὐ-

1960 699 2056 752 τὸν
2077 700 2168 753 τὸν
2199 701 2426 756 θάνατον
2458 704 2799 771 φυγαδεύειν.
2831 705 2940 757 Καὶ
2997 705 3139 774 λέγω
3182 705 3274 760 τὸν
3305 706 3527 779 τρόπον.

1962 782 2073 835 Καὶ
2093 782 2196 848 τίς,
2229 785 2416 855 φησιν,
2449 786 2820 856 ἐλεημοσύνην
2847 788 3276 860 ἐπιδειξάμενος,
3309 789 3406 844 τοῦ
3429 790 3532 844 θα-

1961 864 2120 918 νάτου
2160 867 2422 936 κρείττων
2467 867 2698 937 γέγονε;
2752 870 2861 922 Καὶ
2905 871 3012 941 μὴν
3045 871 3288 934 ἅπαντας
3313 872 3542 944 ὁρῶμεν.

1963 947 2068 1001 ὑπὸ
2088 948 2187 1020 τὴν
2207 951 2496 1020 τυραννίδα
2514 951 2608 1004 τοῦ
2639 951 2871 1006 θανάτου
2901 953 3237 1022 γινομένους.
3264 955 3355 1026 Μὴ
3372 955 3533 1026 θορυ-

1963 1030 2154 1102 ϐηθῇς,
2185 1032 2454 1104 ἀγαπητέ,
2481 1035 2617 1089 ἀλλά
2649 1035 2789 1106 μάθε
2819 1035 2886 1089 δι’
2915 1035 3096 1090 αὐτῶν
3139 1037 3249 1092 τῶν
3274 1038 3534 1109 πραγμάρ

1962 1131 2091 1174 των,
2123 1115 2270 1178 ὅπως
2297 1117 2332 1187 ἡ
2358 1116 2458 1184 τῆς
2510 1118 2878 1188 ἐλεημοσύνης
2934 1118 3162 1190 δύναμις
3195 1120 3412 1190 ἐνίκησε
3438 1121 3539 1173 καὶ.

1963 1198 2153 1251 τούτου
2184 1199 2284 1269 τὴν
2313 1201 2620 1272 τυραννίδα.
2652 1201 2865 1256 Ταϐιθά
2882 1219 2966 1264 τις
2991 1202 3209 1269 ἐγένετο
3232 1203 3388 1274 γυνὴ,
3411 1204 3535 1273 ἥτις

1963 1279 2422 1352 διερμηνευομένη
2450 1283 2664 1353 λέγεται
2689 1286 2898 1355 Δορκάς
2917 1301 2932 1315 '
2955 1283 3096 1356 αὐτη
3117 1285 3277 1356 ἔργον
3301 1289 3539 1340 ἐποιεῖτο

1964 1362 2084 1415 καθ’
2109 1363 2344 1434 ἑκάστην
2381 1365 2592 1437 ἡμέραν
2611 1365 2708 1436 τὴν
2728 1367 2834 1419 ἀπὸ
2857 1369 2958 1438 τῆς
2985 1367 3356 1440 ἐλεημοσύνης
3381 1369 3537 1422 εὐπο-

1968 1446 2087 1516 ρίαν
2115 1446 2389 1516 συλλέγειν
2407 1450 2576 1521 ἐαυτῇ
2597 1466 2610 1479 ·
2643 1451 2737 1503 καὶ
2770 1451 3098 1513 ἐνεδίδυσκε,
3125 1453 3279 1522 φησι,
3311 1451 3412 1516 τὰς
3436 1452 3538 1522 χὴ-

1967 1546 2085 1598 ρας,
2107 1532 2200 1584 καὶ
2223 1531 2322 1603 τὴν
2336 1532 2507 1601 ἀλλην
2529 1533 2748 1587 ἅπασαν
2765 1533 3026 1605 εὐπορίαν
3041 1535 3231 1599 αὐταῖς
3256 1539 3533 1608 παρεῖχεν.

1979 1612 2224 1680 Ἐγένετο
2251 1614 2310 1668 δὲ
2361 1615 2739 1686 ἀσθενήσασαν
2789 1616 2957 1686 αὐτὴν
2990 1616 3302 1671 ἀποθανεῖν.
3380 1618 3542 1672 Ἀλλά

1967 1694 2128 1764 βλέπε
2156 1713 2245 1766 μοι
2293 1697 2547 1764 ἐνταῦθα,
2586 1699 2857 1770 ἀγαπητὴ
2882 1699 2999 1762 πῶς
3025 1701 3081 1752 αί
3113 1700 3214 1770 τῆς
3243 1700 3538 1773 θεραπείας

1965 1779 2355 1846 ἀπολαύουσαι,
2389 1781 2482 1834 καὶ
2504 1781 2574 1834 τὰ
2599 1781 2826 1852 σώματα
2859 1783 3196 1853 σκεπόμεναι
3223 1784 3319 1838 ἀπ’
3343 1784 3570 1856 αὐτῆς,Γ

1966 1862 2024 1914 ἐν
2051 1862 2224 1934 καιρῷ
2245 1862 2342 1934 τὴν
2367 1864 2645 1933 εὐεργέτιν
2662 1865 3042 1935 ἀμειϐόμεναι,
3065 1866 3426 1937 περιεστῶσαι
3446 1867 3544 1920 τὸν

1966 1944 2284 2010 ἀπόστολον,
2314 1946 2675 2011 ἐπεδείκνυον,
2731 1947 2885 2018 φησί,
2924 1947 2992 2002 τά
3027 1949 3236 2018 ἱμάτια,
3295 1950 3386 2004 καὶ
3437 1950 3539 2004 ὅσα

1967 2028 2139 2082 ἐποίει
2174 2031 2290 2100 μετ’
2325 2030 2502 2085 αὐτῶν
2541 2027 2675 2084 οὖσα
2705 2032 2739 2102 ἡ
2790 2031 3030 2102 Δορκάς,
3059 2034 3153 2086 καὶ
3197 2033 3293 2104 τὴν
3345 2035 3539 2105 τροφὸν

1968 2111 2284 2184 ἐπεζήτουν,
2311 2112 2407 2166 καὶ
2427 2113 2636 2185 δάκρυα
2662 2113 2792 2177 ἴσως
2813 2115 3124 2186 προσέχεον,
3153 2117 3247 2169 καὶ
3271 2117 3352 2180 εἰς
3372 2117 3538 2170 πολὺν

1968 2190 2146 2248 οἶκτον
2171 2196 2263 2248 τὸν
2298 2196 2616 2249 Ἀπόστολον
2642 2196 2971 2264 ἐφείλκοντο.
3003 2199 3068 2251 Τί
3092 2195 3186 2252 οὖν
3215 2201 3243 2252 6
3273 2200 3554 2270 μακάριος,

1968 2279 2208 2350 Πέτρος;
2262 2279 2339 2333 Τὰ
2369 2281 2592 2350 γόνατα
2623 2281 2770 2346 θεὶς,
2808 2281 2961 2350 φησὶ,
2997 2284 3401 2351 προσηύξατο,
3438 2287 3540 2340 καὶ

1967 2365 2336 2434 ἐπιστρέψας
2371 2365 2523 2433 πρὸς
2568 2366 2636 2420 τὸ
2665 2365 2836 2437 σῶμα
2854 2407 2869 2431 ,
2901 2366 3030 2424 εἷπε
3052 2386 3066 2400 ·
3105 2371 3315 2426 Τασιθὰ
3335 2412 3350 2435 ,
3394 2371 3542 2426 ἀνά-

1969 2453 2166 2516 στηθι.
2213 2449 2274 2503 Ἡ
2298 2449 2366 2502 δὲ
2385 2448 2592 2518 ἤνοιξε
2623 2451 2766 2517 τοὺς
2810 2453 3153 2523 ὀφθαλμοὺς
3193 2455 3404 2525 αὐτῆς,
3443 2457 3552 2510 καί·

1973 2530 2187 2586 ἰδοῦσα
2229 2531 2337 2586 τὸν
2380 2532 2640 2600 Πέτρον,
2675 2534 3016 2590 ἀνεκάθισε.
3072 2538 3221 2602 Δοὺς
3275 2539 3346 2592 δὲ
3385 2539 3548 2608 αὐτῇ

1969 2614 2158 2684 χεῖρα,
2168 2613 2512 2682 ἀνέστησεν
2523 2617 2737 2684 αὐτὴν,
2755 2617 2853 2670 καὶ
2869 2620 3158 2688 φωνήσας
3178 2621 3321 2688 τοὺς
3335 2623 3545 2691 ἁγίους

1970 2697 2072 2751 καὶ
2101 2696 2208 2764 τὰς
2240 2698 2450 2768 χήρας,
2479 2699 2868 2768 παρέστησεν
2896 2701 3094 2770 αὐτὴν
3126 2701 3340 2763 ζῶσαν.
3390 2699 3552 2767 Εἶδες,

1971 2779 2196 2850 δύναμιν
2231 2779 2324 2834 τοῦ
2387 2780 2709 2845 ἀποστόλου,
2745 2782 2943 2852 μᾶλλον
2966 2783 3024 2836 δὲ
3060 2783 3155 2838 τοῦ
3197 2787 3547 2857 ἐνεργοῦντος

1972 2864 2030 2915 ἐν
2052 2861 2200 2933 αὐτῷ
2245 2863 2550 2928 Δεσπότου;
2593 2859 2731 2927 εἶδες
2757 2865 2858 2934 ὅση
2890 2866 2990 2935 τῆς
3018 2869 3098 2930 εἰς
3117 2869 3212 2931 τὰς
3245 2870 3420 2940 χὴρας
3451 2871 3546 2922 εὐ-

1973 2945 2154 3009 ποιίας
2204 2945 2406 3016 ἀμοιϐὴ
2433 2947 2528 2999 κιιή⁹
2558 2947 2618 3000 ἐν
2646 2945 2724 3016 τῷ
2764 2948 2991 3019 παρόντι
3020 2951 3195 3021 καιρῷ
3223 2954 3444 3020 γέγονε;
3480 2951 3574 3005 Τι’.

1973 3029 2083 3100 γάρ
2106 3029 2379 3093 τοσοῦτον,
2414 3031 2535 3082 εἰπέ
2563 3047 2674 3101 μοι,
2703 3031 2977 3102 παρέσχεν
3000 3031 3139 3104 αὐτη
3170 3036 3291 3098 ταῖς
3328 3036 3576 3105 χήραις,-,

1973 3115 2096 3167 ὂσον
2129 3107 2288 3167 αὗται
2312 3113 2483 3184 αὐτὴν
2524 3114 2862 3184 ἡμείψαντο;
2907 3115 3129 3184 Ίμάτια
3168 3116 3411 3188 παρέσχε
3454 3120 3550 3172 καὶ

1972 3194 2180 3266 τροφὰς
2207 3195 2419 3258 αὐταῖς,
2454 3195 2567 3250 ἀλλ’
2583 3191 2745 3251 αὗται
2762 3199 2897 3269 πρὸς
2922 3198 3066 3268 ζωὴν
3097 3199 3267 3270 αὐτὴν
3283 3202 3552 3270 ἐπανὴγα-

1973 3297 2092 3350 γον,
2115 3279 2321 3334 καὶτὸν
2343 3279 2572 3334 θάνατον
2590 3280 2652 3346 ἐξ
2675 3282 2846 3351 αὐτῆς
2860 3283 3226 3354 δραπετεῦσαι
3254 3286 3516 3358 ἐποίησαν
3533 3303 3547 3316 °

1979 3362 2178 3434 μᾶλλον
2206 3364 2265 3418 δὲ
2289 3363 2387 3433 οὐχ
2413 3358 2598 3428 αὗται,
2627 3365 2765 3418 ἀλλά
2787 3365 2874 3419 διὰ
2901 3368 3002 3438 τὴν
3045 3370 3125 3432 εἰς
3154 3369 3356 3433 ταύτας
3392 3371 3556 3441 θερα-

1978 3445 2136 3499 πείαν
2163 3447 2192 3499 ό
2219 3446 2602 3516 φιλάνθρωπος
2623 3448 2783 3518 ἡμῶν
2816 3451 3112 3520 Δεσπότης.
3141 3451 3328 3506 Εῐδετε
3340 3451 3577 3522 φαρμά--

1978 3546 2076 3582 κου
2110 3528 2358 3600 δύναμιν,
2391 3531 2663 3600 ἀγαπητοί
2687 3547 2702 3596 ;
2725 3531 2895 3584 Τοῦτο
2914 3533 3345 3598 πάντες-,ἑαυτοῖς
3381 3552 3553 3588 κατα-

1981 3611 2372 3682 σκευάσωμεν·
2427 3613 2548 3666 οὐδὲ
2603 3613 2712 3684 γὰρ
2767 3614 3056 3678 πολυτελές
3108 3617 3246 3680 ἐστι,
3280 3615 3455 3669 καίτοι
3489 3634 3555 3686 γε

1979 3694 2248 3764 τοσαύτην
2269 3694 2392 3764 ἕχον
2421 3694 2520 3766 τὴν
2541 3694 2788 3764 δύναμιν,
2814 3695 2948 3749 ἀλλά
2971 3698 3064 3749 καὶ
3097 3697 3300 3768 σφόδρα
3329 3696 3568 3764 εὐωνον,

1981 3778 2076 3830 καὶ
2103 3776 2224 3829 οὐτε
2260 3777 2506 3848 δαπάνης
2526 3777 2696 3832 δεῖται
2725 3779 2946 3850 πολλῆς.
2969 3780 3042 3832 Τὸ
3067 3779 3177 3851 7&9
3200 3781 3300 3850 τῆς
3330 3781 3556 3851 ἐλεημο-

1984 3857 2148 3932 σύνης
2183 3857 2411 3929 μέγεθος
2438 3860 2538 3912 οὐκ
2563 3861 2620 3912 ἐν
2655 3861 2735 3932 τῷ
2773 3861 2965 3932 πλήθει
2989 3863 3098 3915 τῶν
3117 3863 3413 3933 χρημάτων
3437 3864 3556 3934 κρί⁸

1982 3957 2154 4002 νεται,
2187 3940 2300 3994 ἀλλ’
2328 3941 2387 3994 ἐν
2411 3944 2477 4012 τῇ
2508 3943 2802 4015 προθυμίᾳ.
2827 3945 2935 3997 τῶν
2966 3944 3233 3999 διδόντων.
3265 3947 3364 4000 Διά
3399 3945 3584 4000 τοῦτο,

1985 4024 2078 4078 καὶ
2099 4026 2127 4077 6
2158 4025 2416 4096 ποτήριον
2442 4025 2652 4096 ψυχροῦ
2685 4027 2809 4090 δούς
2833 4028 3128 4092 ἀπόδεκτος
3156 4029 3368 4098 γέγονε,
3398 4031 3492 4082 καὶ
3522 4033 3558 4099 ἡ
3585 4088 3592 4094 ,

1984 4105 2055 4158 τὰ
2080 4105 2173 4158 δύο
2199 4107 2374 4160 λεπτά
2401 4108 2807 4173 καταϐαλοῦσα,
2843 4111 2928 4164 ἵνα
2959 4111 3219 4182 μάθωμεν
3242 4113 3324 4164 ὄτι
3358 4129 3562 4165 παντα-

1988 4190 2084 4261 χοῦ
2119 4190 2344 4261 γνώμην
2367 4191 2540 4262 ὀρθὴν.
2566 4194 2871 4263 ἐπιζητεῖ-ὀ
2920 4195 3026 4248 τῶν
3058 4195 3316 4249 ἁπάντων
3357 4197 3562 4247 Δεσπό-

1987 4289 2106 4342 της.
2147 4274 2301 4326 Ἔστι
2349 4273 2610 4338 πολλάκις
2643 4277 2740 4328 καὶ
2789 4276 2946 4346 ὀλίγα
2998 4277 3190 4347 ἔχοντα
3235 4277 3434 4348 πολλὴν
3461 4279 3578 4346 τὴν·
3635 4273 3650 4294 ⁹

1988 4355 2271 4426 δαψίλειαν
2298 4357 2398 4428 τῆς
2428 4357 2798 4430 ἐλεημοσύνης
2845 4361 3244 4428 ἐπιδείξασθαι,
3293 4364 3424 4415 ὅταν
3528 4363 3588 4431 ἠ,-

1990 4440 2269 4512 προθυμία
2323 4443 2642 4513 ἐρῤωμένη’
2701 4445 2796 4497 καὶ
2830 4443 2992 4498 πάλιν
3037 4445 3098 4497 τὸ
3135 4447 3398 4512 ἐναντίον,
3446 4446 3596 4500 ἐστι.

1991 4525 2086 4578 καὶ
2114 4523 2285 4577 πολλά
2323 4527 2659 4596 κεκτημένον
2695 4527 2952 4581 ἐλάττονα
2999 4528 3232 4598 ὀφθῆναι
3264 4530 3372 4582 τῶν
3405 4531 3566 4598 ὀλίγα

1991 4608 2222 4678 ἐχόντων
2243 4607 2330 4661 διὰ
2357 4607 2454 4679 τὴν
2484 4609 2581 4679 τῆς
2605 4609 2741 4673 ἰδίας
2765 4610 2989 4682 γνώμης
3017 4613 3384 4683 μικρολογίαν.
3412 4612 3562 4685 [557]
3591 4681 3596 4684 _

2003 4691 2315 4762 Ἐκχέωμεν
2336 4687 2450 4754 οὖν,
2486 4693 2805 4764 παρακαλῶ,
2829 4695 2898 4747 τά
2917 4697 3047 4748 ὄντα
3076 4699 3154 4760 εἰς
3180 4698 3306 4760 τούς
3330 4699 3387 4748 ἐν
3408 4698 3565 4768 χρείᾳ

1989 4774 2150 4836 ὄντας
2189 4775 2327 4844 μετά
2379 4773 2636 4844 δαψιλοῦς
2671 4776 2896 4848 γνώμης
2921 4820 2935 4843 ,
2997 4779 3057 4843 ἐξ
3093 4773 3167 4832 ὧν
3213 4782 3242 4833 ό
3286 4781 3585 4850 Δεσπότης·

1990 4859 2124 4926 ἡμῖν
2150 4857 2470 4927 κεχάρισται
2494 4895 2511 4921 ,
2550 4858 2643 4911 καὶ
2668 4859 2807 4912 αὐτά
2839 4861 2907 4913 τὰ
2941 4861 3270 4933 παρ”αὐτοῦ
3304 4865 3457 4932 ἡμῖν-
3479 4863 3566 4915 δοο

1993 4939 2152 4992 θέντα
2175 4939 2326 5010 αὐτῷ
2355 4939 2516 4993 πάλιν
2540 4942 2703 5011 ἡμεῖς
2726 4941 2928 5013 δῶμεν,
2966 4943 3053 4997 ἵνα
3080 4943 3222 4997 οὕτω
3243 4944 3403 4998 πάλιν
3427 4946 3586 5014 μετά-

1996 5022 2195 5091 πολλῆς
2238 5023 2556 5094 προσθήκης
2591 5025 2837 5096 ἡμέτερα
2873 5026 3116 5096 γένηται.
3171 5029 3419 5097 Τοσαύτη
3456 5029 3566 5100 7&9

1993 5105 2157 5158 αὐτοῦ
2183 5106 2216 5175 ἡ
2249 5105 2530 5176 φιλοτιμία
2548 5147 2563 5172 ,
2594 5107 2679 5160 ὅτι
2714 5109 2806 5161 καὶ
2837 5109 2930 5177 ἀφ’
2961 5104 3038 5163 ὧν
3062 5108 3228 5163 ἔδωκε
3253 5110 3565 5180 λαμϐάνων,
3591 5166 3597 5170 .

1994 5189 2094 5259 οὐχ
2136 5190 2347 5260 ἡγεῖται
2387 5189 2456 5242 τά
2501 5189 2608 5244 ίδια
2652 5191 2948 5261 λαμϐάνειν
2971 5230 2986 5255 ,
3022 5192 3158 5246 ἀλλά
3193 5193 3328 5264 μετά
3366 5193 3568 5264 πολλῆς

1998 5275 2130 5344 ἡμῖν
2171 5273 2311 5328 αὐτά
2347 5273 2447 5344 τῆς
2481 5273 2794 5344 φιλοτιμίας
2839 5275 3144 5330 ἀποδιδόναι
3183 5278 3522 5348 ὑπισχνεῖται
3550 5292 3567 5308 °

2001 5356 2160 5426 μόνον
2193 5355 2289 5409 ἐὰν
2323 5356 2484 5426 ἡμεῖς
2519 5357 2588 5410 τά
2613 5359 2740 5428 παρ’
2768 5358 2978 5412 ἑαυτῶν
2994 5357 3360 5424 ἐπιδείξασθαι
3381 5359 3571 5430 βουλη·

1999 5439 2200 5510 θῶμεν,
2230 5441 2325 5493 καὶ
2357 5439 2608 5509 καθάπερ
2638 5443 2704 5512 τῇ
2733 5441 2826 5493 τοῦ
2861 5440 2997 5494 Θεοῦ
3027 5442 3172 5513 χειρὶ
3191 5442 3361 5497 ταῦτα
3389 5461 3570 5516 παρα-

1999 5523 2445 5594 κατατιθέμενοι,
2479 5523 2653 5586 οὕτως
2676 5523 2816 5576 αὐτά
2844 5527 2956 5588 τοῖς
2985 5526 3179 5598 πένησι
3207 5528 3534 5599 χορηγῶμεν
3557 5571 3571 5594 ,

2000 5607 2200 5669 εἰδότες
2221 5606 2303 5659 ὅτι
2329 5607 2474 5678 ἅπερ
2504 5607 2570 5660 ἂν
2593 5609 2626 5676 ἡ
2656 5607 2776 5677 χεὶρ
2799 5607 2982 5679 ἐκείνη
3006 5608 3244 5679 δέξηται,
3269 5611 3367 5664 οὐκ
3391 5612 3590 5666 ἐκεῖνα.

2001 5688 2158 5758 μόνον
2187 5689 2528 5755 ἀποδίδωσιν,
2551 5689 2686 5743 ἀλλά
2715 5690 2809 5744 καὶ
2838 5691 3236 5747 πολυπλασίονα
3257 5693 3328 5746 τά
3351 5694 3572 5747 δοθέντα

2005 5767 2157 5835 οὗτος
2180 5774 2310 5843 ἡμῖν
2333 5773 2470 5826 αὐτά
2492 5773 2654 5825 πάλιν
2692 5774 2971 5844 χαρίζεται
2998 5817 3010 5837 ,
3047 5775 3145 5844 τὴν
3182 5777 3386 5830 οἰκείαν
3427 5777 3574 5846 φιλο-

2007 5857 2194 5925 τιμίαν
2217 5856 2302 5910 διά
2328 5857 2540 5910 πάντων
2563 5857 3020 5928 ἐπιδεικνύμενος.
3066 5860 3175 5912 Καὶ
3204 5862 3255 5912 τί
3284 5861 3426 5928 λέγω
3450 5901 3464 5921 ,
3492 5862 3574 5912 ὅτι

2008 5940 2143 5998 αὐτὰ
2186 5940 2341 5999 πάλιν
2382 5941 2835 6011 πολυπλασιάζει;
2892 5945 2952 6000 'H
2994 5944 3114 6015 χεὶρ
3155 5945 3332 6017 ἐκείνη
3363 5947 3592 6001 δίδωσιν-
