4038 6358
509 376 613 430 ιεδ

513 495 610 546 οὐκ
637 491 770 547 αὐτά
802 486 977 559 μόνον,
1015 487 1147 540 ἀλλά
1172 487 1309 558 μετά
1333 486 1536 540 τούτων
1559 485 1653 538 καὶ
1674 485 1770 554 τὴν
1805 485 2079 554 βασιλείαν

511 579 616 630 τῶν
639 572 882 642 οὐρανῶν
905 570 1178 641 δωρεῖται,
1201 571 1294 623 καὶ
1310 569 1673 641 ἀνακηρύττει
1696 569 1787 620 καὶ
1807 569 2076 636 στεφανοῖ,

511 660 605 714 καὶ
645 656 716 710 τά
763 655 929 726 μυρία
976 654 1154 723 ἀγαθὰ
1198 653 1502 725 χαρίζεται,
1550 651 1647 704 ἑάν
1696 652 1759 702 ὲκ
1791 650 1900 704 τῶν
1948 649 2078 719 παρ’

507 741 672 796 αὐτοῦ
712 738 971 792 δοθέντων
1013 736 1208 808 μικρόν
1251 753 1304 789 τι
1349 735 1675 801 εἰσενεγκεῖν
1709 731 2075 802 βουληθῶμεν.

507 825 598 896 Μὴ
637 823 745 894 γὰρ
777 819 914 892 βαρύ
937 837 988 873 τι
1017 820 1110 872 καὶ
1143 818 1378 888 ἐπαχθὲς
1408 819 1536 889 παρ’
1562 816 1718 887 ήμῶν
1747 817 1888 868 αἰτεῖ
1909 828 1967 879 ις
1998 815 2080 868 Τά

507 906 736 978 περιττά
766 905 864 972 τῆς
895 901 1082 974 χρείας
1103 899 1349 971 βούλεται
1379 901 1651 968 ἀναγκαῖα
1677 899 1824 969 ἡμᾶς
1851 899 2078 969 ποιήσα-

507 991 651 1048 σθαι.
683 989 774 1042 καὶ
799 987 942 1056 άπερ
983 984 1107 1054 εἰκῆ
1151 984 1244 1037 καὶ
1279 983 1454 1054 μάτην
1483 983 1542 1035 ἐν
1570 984 1681 1045 τοῖς
1701 980 1967 1052 ταμιείοις
1995 982 2080 1033 ἐν·

503 1074 818 1131 απόκειται,
858 1068 1032 1126 ταῦτα
1069 1066 1313 1136 βούλεται
1349 1065 1439 1134 ὐφ’
1474 1065 1628 1136 ἡμῶν
1673 1064 1852 1118 αὐτῶν
1898 1063 2078 1127 καλῶς

501 1155 913 1226 διανεμηθῆναι,
936 1153 1022 1205 ἴνα
1041 1151 1295 1222 ἀφορμὴν
1315 1149 1494 1202 λαϐὼν
1521 1147 1790 1214 ἐντεῦθεν,
1811 1147 2077 1219 λαμπρῶς

502 1242 651 1310 ἡμᾶς
679 1235 1021 1307 στεφανώσῃ.
1065 1233 1290 1286 Σπεύδει
1335 1232 1444 1304 γὰρ
1483 1233 1578 1285 καὶ
1621 1231 1936 1299 ἐπείγεται,
1983 1233 2078 1284 καὶ⁹

503 1324 680 1377 πάντα
706 1321 848 1376 ποιεῖ
878 1319 971 1372 καὶ
1007 1315 1474 1387 πραγματεύεται,
1507 1314 1647 1368 ὥστε
1671 1312 1900 1381 ἀξιῶσαι
1929 1315 2075 1386 ἡμᾶς

500 1403 578 1460 ὧν
606 1407 700 1460 καὶ
726 1401 1108 1473 ἐπηγγείλατο.

571 1487 632 1541 ε’.
661 1488 752 1556 Μὴ
783 1484 960 1537 τοίνυν
987 1483 1206 1544 ἑαυτοὺς
1236 1481 1714 1551 ἀποστερήσωμεν,
1750 1479 2072 1552 παρακαλῶ,

500 1571 608 1623 τῶν
643 1567 914 1624 τοσούτων
949 1563 1188 1635 ἀγαθῶν.
1230 1565 1291 1616 Εἰ
1339 1562 1447 1634 γὰρ
1477 1565 1527 1617 οἱ
1555 1563 1683 1634 περὶ
1709 1563 1807 1633 τὴν
1839 1563 1944 1634 γῆν
1972 1580 2072 1617 πο-

498 1654 748 1724 νούμενοι
783 1652 877 1704 καὶ
905 1647 1396 1718 ταλαιπωροῦντες,
1427 1647 1525 1710 τάς
1550 1646 1755 1700 ἑαυτῶν
1788 1646 2072 1718 ἀποθήκας

498 1737 802 1800 κενοῦντες,
837 1736 917 1797 εἰς
946 1732 1043 1803 τὴν
1078 1733 1182 1799 γῆν
1217 1729 1613 1784 καταϐάλλουσι
1642 1730 1709 1783 τά
1745 1731 2068 1802 σπέρματα,

498 1824 593 1877 καὶ
619 1821 690 1874 τά
712 1818 877 1872 πάλαι
909 1813 1223 1884 συνηγμένα
1267 1812 1638 1883 σκορπίξουσι,
1670 1814 1763 1866 καὶ
1797 1813 1914 1884 μεθ’
1948 1813 2071 1883 ἡδο-

500 1905 594 1975 νῆς
635 1902 793 1956 τοῦτο
843 1897 1090 1961 ποιοῦσι,
1125 1899 1190 1967 τῇ
1233 1895 1406 1949 ἐλπίδι
1437 1895 1530 1948 τοῦ
1569 1896 1810 1959 πλείονος
1845 1897 2070 1957 ἑαυτοὺς

499 1984 1002 2059 παραμυθούμενοι,
1045 1982 1138 2034 καὶ
1179 1980 1347 2033 ταῦτα
1382 1978 1580 2041 εἰδότες
1620 1981 1698 2044 ῶς
1753 1979 1846 2032 καὶ
1891 1979 2070 2048 ἀέρων

495 2071 800 2142 ἀνωμαλίαι
851 2066 1128 2128 πολλάκις,
1177 2063 1270 2116 καὶ
1302 2063 1408 2132 γῆς
1451 2063 1728 2134 ἀκαρπία,
1765 2064 1859 2116 καὶ
1887 2063 2068 2134 ἐτεραι

496 2155 686 2208 πολλαὶ
736 2149 1104 2222 περιστάσεις,
1159 2147 1193 2218 ἢ
1251 2145 1486 2217 ἀκρίδων
1577 2145 1967 2218 στρατόπεδον,
2031 2146 2066 2218 ἢ

495 2237 754 2310 ἐρυσίϐης
778 2232 1010 2306 ήὲφοδος
1032 2232 1130 2301 τῆς
1147 2230 1470 2302 προσδοκίας
1481 2230 1796 2301 διαμαρτεῖν
1820 2229 2066 2300 ἐποίησε,

493 2325 588 2376 καὶ
612 2322 759 2392 ὅμως
785 2319 903 2380 ταῖς
932 2316 1195 2386 χρησταῖς
1237 2313 1447 2367 ἐλπίσιν
1479 2313 1706 2376 ἑαυτοὺς
1737 2313 2026 2385 τρέφοντες
2048 2350 2066 2378 ,

493 2405 562 2458 τὰ
592 2406 651 2457 ἐν
688 2404 799 2464 τοῖς
839 2398 1105 2467 ταμιείοις
1140 2396 1454 2466 συνηγμένα
1485 2399 1551 2467 τῇ
1580 2400 1651 2467 γῇ
1690 2395 2068 2469 παρακατατί-

495 2488 678 2542 θενται
709 2501 724 2516 ο
757 2481 936 2552 πολλῷ
973 2480 1170 2551 μᾶλλον
1209 2481 1356 2550 ἡμᾶς
1397 2479 1466 2532 τά
1511 2479 1696 2544 ἁπλῶς
1729 2479 2066 2551 ἀποκείμενα

495 2568 811 2642 σκορπίζειν
836 2567 914 2628 εἰς
934 2563 1032 2634 τὴν
1064 2561 1174 2615 τῶν
1198 2563 1444 2632 πενήτων
1459 2563 1749 2634 διατροφήν
1768 2564 2062 2634 προσῆκεν,

494 2655 624 2708 ἔνθα
651 2654 752 2706 οὐκ
782 2651 862 2704 ἑνι
893 2647 1025 2703 ποτέ
1059 2648 1376 2719 διαμαρτεῖν
1397 2646 1490 2700 τοῦ
1518 2646 1724 2712 τέλους,
1750 2647 1870 2701 οὐδὲ
1891 2648 2067 2702 δεῖσαι

493 2739 590 2811 τὴν
622 2733 919 2805 ἀποτυχίαν
956 2732 1054 2804 τὴν
1081 2732 1170 2786 ἐπὶ
1199 2731 1296 2801 τῆς
1331 2731 1436 2801 γῆς
1463 2731 1774 2802 γινομένην.
1822 2731 2066 2801 Ἐσκόρο

493 2836 634 2876 mas
659 2821 788 2889 γὰρ,
821 2816 1004 2886 φησὶν,
1033 2813 1215 2868 ἔδωκε
1239 2811 1363 2878 τοῖς
1380 2812 1659 2882 πένησιν.
1721 2813 1860 2866 Ἀλλ’
1901 2815 2066 2869 ἄκουε

493 2907 586 2958 καὶ
604 2903 711 2956 τῶν
737 2901 862 2970 ἑξῆς
886 2914 900 2929 ·
941 2899 1012 2953 Ἠ
1048 2896 1399 2962 δικαιοσύνη
1440 2895 1627 2950 αὑτοῦ
1645 2897 1815 2966 μένει
1843 2899 1930 2964 εἰς
1961 2900 2067 2951 τὸν

489 2987 676 3041 αἰῶνα
700 2984 806 3038 τοῦ
832 2980 1068 3045 αἰῶνος.
1122 2980 1187 3032 Ὢ
1230 2978 1532 3048 θαυμασίου
1567 2979 1929 3050 σκορπισμοῦ.
1978 2981 2066 3034 Ἐν

494 3071 685 3142 βραχεῖ
727 3066 805 3137 τῷ
846 3065 1022 3136 χρόνῳ
1057 3062 1156 3132 τὴν
1199 3061 1459 3131 διανομὴν
1506 3063 1830 3132 ἐποιήσατο,
1882 3064 1976 3117 καὶ
2006 3066 2066 3118 ἐν

492 3152 728 3222 διηνεκεῖ
763 3149 840 3219 τῷ
883 3147 1038 3202 αἰῶνι
1071 3147 1106 3216 ὴ
1147 3144 1461 3215 δικαιοσύνη
1509 3146 1673 3199 αὐτοῦ
1705 3147 1966 3218 διαμένει.
2000 3149 2065 3200 Τί

491 3241 680 3287 τούτου
714 3230 1176 3303 μακαριστότερον
1206 3229 1401 3296 γένοιτ’
1444 3228 1510 3282 ἄν
1541 3245 1708 3295 ποτε;
1742 3231 1840 3284 Διά
1873 3231 2062 3296 τοῦτο,

491 3313 833 3387 παρακαλῶ,
883 3313 984 3383 τὴν
1031 3311 1118 3363 διὰ
1163 3311 1261 3380 τῆς
1309 3311 1675 3383 ἐλεημοσύνης
1723 3313 2065 3386 δικαιοσύνην

491 3401 705 3461 ἑαυτοῖς
756 3394 1205 3464 ἐπισπασώμεθα,
1246 3395 1311 3446 ἵν’
1431 3394 1524 3448 καὶ
1559 3396 1685 3467 περὶ
1722 3397 1879 3466 ἡμῶν
1909 3397 2065 3452 τοῦτο

490 3478 1004 3550 λέγεσθαιάξιον,ὃτι
1026 3478 1408 3549 Ἐσκόρπισαν,
1435 3477 1642 3533 ἔδωκαν
1673 3484 1784 3543 τοῖς
1816 3481 2061 3552 πένησιν,

488 3569 522 3635 ἡ
559 3561 872 3633 δικαιοσύνη
910 3560 1088 3614 αὐτῶν
1113 3559 1266 3630 μένει
1293 3563 1373 3624 εἰς
1402 3559 1496 3613 τὸν
1527 3561 1699 3614 αἰῶνα
1727 3561 1820 3614 τοῦ
1847 3563 2059 3628 αἰῶνος.

503 3647 718 3717 Ἐπειδὴ
758 3645 866 3716 γάρ
911 3640 1082 3707 εἶπεν,
1108 3643 1532 3710 Ἐσκόρπισεν,
1573 3643 1815 3706 ἔδωκεν,
1863 3645 1948 3698 ἵνα
1987 3647 2061 3718 μὴ

489 3731 715 3803 νομίσῃς
768 3730 848 3788 ὅτι
891 3727 958 3784 τά
1006 3727 1402 3796 σκορπισθέντα
1445 3723 1727 3791 ἀπώλετο,
1768 3725 1854 3781 διά
1905 3723 2063 3782 τοῦτό

484 3817 693 3886 ταχέως
725 3815 1021 3886 ἐπήγαγεν,
1065 3811 1136 3864 Ἦ
1153 3810 1505 3877 δικαιοσύνη
1543 3810 1728 3864 αὐτοῦ
1769 3811 1936 3880 μένει
1975 3816 2062 3880 εὶς

486 3900 594 3956 τὸν
621 3897 804 3951 αἰῶνα
829 3896 934 3952 τοῦ
963 3892 1196 3958 αἰῶνος.
1238 3891 1494 3948 Ἐκείνων
1514 3932 1529 3958 ,
1571 3893 1734 3962 φησὶ,
1771 3894 1880 3946 τῶν
1903 3913 2062 3968 σκορ-

486 3981 835 4048 πισθέντωνή
859 3975 1169 4045 δικαιοσύνη
1197 3974 1468 4037 ἀνάλωτος
1497 3976 1634 4049 μένῃ
1647 3977 1692 4045 ι’,
1723 3977 1875 4047 [558]
1899 3982 2060 4033 παντὶ

483 4065 562 4136 τῷ
578 4063 732 4120 αἰῶνι
751 4058 1212 4131 παρεκτεινομένη
1243 4058 1335 4110 καὶ
1354 4058 1620 4128 μηδέποτε
1655 4061 1828 4133 πέρας
1851 4061 2060 4131 λαμεά-

485 4165 670 4202 νουσα.
724 4145 832 4203 Καὶ
876 4143 1012 4214 μετὰ
1058 4142 1158 4211 τῆς
1202 4141 1567 4211 ὲλεημοσύνης
1619 4143 1712 4195 καὶ
1756 4145 1854 4215 τῆς
1893 4145 2059 4215 ἄλλης

485 4231 684 4302 ἀρετῆς
717 4227 916 4297 πολλὴν
945 4227 1044 4295 τὴν
1067 4225 1385 4294 ἐπιμέλειαν
1419 4222 1776 4294 ποιησώμεθα
1798 4267 1812 4290 ,
1855 4232 1948 4280 καὶ
1991 4229 2058 4282 τὰ

431 4320 446 4338 ⁹
487 4314 632 4382 πάθη
668 4312 766 4381 τῆς
795 4309 996 4381 σαρκὸς
1025 4309 1496 4377 καταστέλλωμεν,
1524 4307 1616 4360 καὶ
1648 4308 1979 4380 ἐξορίσωμεν
1994 4313 2056 4364 ἐκ

483 4399 582 4468 τῆς
613 4395 820 4451 ἑαυτῶν
857 4393 1036 4463 ψυχῆς
1069 4394 1246 4446 πᾶσαν
1277 4392 1569 4460 ἐπιθυμίαν
1609 4393 1806 4446 ἄτοπον
1831 4435 1844 4455 ,
1883 4397 2056 4449 πάντα

482 4479 717 4550 πονηρὸν
745 4477 1024 4546 λογισμὸν,
1055 4476 1244 4546 ὀργὴν,
1277 4475 1466 4544 θυμὸν,
1501 4475 1818 4544 βασκανίαν,
1843 4480 1936 4530 καὶ
1959 4478 2058 4549 τὴν

483 4562 783 4633 εὐμορφίαν
804 4560 903 4628 τῆς
927 4559 1104 4630 ψυχῆς
1127 4559 1213 4611 διά
1241 4559 1454 4611 πάντων
1486 4559 1933 4630 καλλωπίζωμεν,
1968 4563 2053 4614 ἵνα

481 4645 705 4715 φαιδρὸν
745 4644 911 4713 αὐτῆς
952 4645 1043 4696 καὶ
1085 4643 1333 4712 λαμπρὸν
1374 4642 1434 4694 τὸ
1469 4641 1660 4704 κάλλος
1707 4646 2046 4699 κατασκευά-

481 4746 672 4792 σαντες
698 4725 1131 4790 ἐπισπασώμεθα
1161 4727 1372 4787 ἑαυτοῖς
1413 4725 1503 4777 τὸν
1531 4725 1639 4777 τῶν
1667 4726 1910 4796 οὐρανῶν
1959 4731 2053 4780 Δε-

480 4813 719 4882 σπότην,
764 4811 858 4867 καὶ
907 4807 1072 4878 μονὴν
1112 4810 1240 4878 παρ’
1273 4810 1404 4878 ἡμῖν
1445 4806 1756 4881 καταξιώσῃ
1806 4812 2046 4881 ποιῆσαι.

482 4895 650 4948 Ἔνθα
696 4893 804 4964 γάρ
855 4892 921 4946 ἂν
972 4890 1057 4962 ἴδῃ
1103 4891 1277 4960 ψυχῆς
1321 4891 1642 4961 εὐμορφίαν,
1687 4893 1888 4956 εὐθέως
1938 4897 2053 4946 ἐκεῖ

478 4979 790 5047 ἐφίπταται.
821 4975 990 5038 Αὐτὸς
1013 4973 1121 5044 γὰρ
1147 4973 1387 5044 εἴρηκεν,
1411 4975 1493 5026 ὅτι
1510 4975 1636 5027 Ἐπὶ
1662 4975 1796 5028 τινα
1815 4976 2050 5030 ἐπιϐλέ-

474 5067 594 5129 ψω,
616 5061 753 5114 ἀλλ’
779 5059 816 5127 ἣ
843 5060 941 5112 ἐπὶ
972 5057 1079 5112 τὸν
1103 5055 1326 5124 πρᾶον,
1357 5059 1454 5112 καί
1490 5059 1780 5126 ἡσύχιον,
1813 5049 1908 5113 καὶ
1949 5076 2049 5113 τα-

475 5144 708 5208 πεινὸν,
754 5143 854 5198 καί
896 5140 1186 5210 τρέμοντα
1222 5159 1342 5210 μου
1394 5142 1535 5206 τοὺς
1571 5143 1834 5210 λόγους;
1899 5139 2051 5208 Εἶδες

473 5228 593 5291 πῶς
619 5228 764 5296 ἡμᾶς
797 5225 1034 5289 ἐδίδαξεν
1059 5225 1274 5277 ἅπαντα
1305 5224 1372 5276 τὰ
1402 5226 1745 5294 πνευματικὰ
1782 5225 2050 5298 χρώματα

475 5313 544 5363 τά
565 5311 840 5380 δυνάμενα
861 5310 959 5379 τῆς
984 5308 1160 5378 ψυχῆς
1186 5308 1284 5378 τὴν
1306 5308 1607 5378 εὐμορφίαν
1629 5309 1856 5376 φαιδρὰν
1879 5311 2049 5382 ἀπερ-

475 5394 742 5461 γάσασθαι
776 5405 797 5430 ο
824 5411 838 5458 ;
873 5392 1003 5445 Ἐπὶ
1027 5393 1132 5445 τὸν
1157 5389 1346 5457 πρᾶον
1371 5433 1385 5456 ,
1417 5391 1590 5460 φησὶ,
1622 5392 1720 5445 καὶ
1755 5393 2046 5462 ἡσύχιον,

475 5477 575 5528 καί
624 5477 925 5537 ταπεινόν.
982 5472 1114 5530 Εἶτα
1168 5474 1227 5526 τὸ
1278 5473 1493 5526 πάντων
1551 5475 2050 5528 κατασκευαστικὸν

478 5559 746 5628 ἐπήγαγε,
773 5559 881 5614 Καὶ
916 5555 1203 5624 τρέμον-τά
1227 5574 1344 5625 μου
1377 5557 1516 5623 τοὺς
1543 5559 1785 5626 λόγους.
1833 5558 1896 5610 Τί
1933 5561 2049 5612 ἐστι

481 5640 557 5696 τὸ.
595 5641 702 5694 Καὶ
728 5639 1016 5709 τρέμοντὰ
1047 5657 1166 5706 μου
1207 5639 1348 5704 τοὺς
1370 5641 1625 5706 λόγουςς
1667 5641 1777 5709 Τὴν
1807 5641 2049 5713 ὐπακοὴν

543 5737 569 5794 ἒ
594 5733 816 5794 Quinque
842 5745 963 5794 ωδε,
978 5732 1088 5793 παρ’
1111 5733 1247 5792 ἡμῶν
1278 5733 1498 5788 ἐπιζητεῖ.

540 5793 570 5831 b
595 5791 752 5842 Savili
772 5801 826 5839 el.
845 5791 988 5842 Cois].
1017 5791 1157 5854 μένει.

543 5859 566 5885 ι·
601 5852 1136 5919 Ἀπεργᾲσοισθαιερυω
1162 5854 1211 5919 il}
1235 5852 1381 5919 e_dili_s_
1402 5863 1506 5916 post
1522 5857 1645 5904 hanc
1667 5868 1836 5904 vocem
1860 5869 2039 5919 seque-

482 5915 791 5979 bantur_(ial
816 5917 884 5974 τῷ
902 5915 1064 5979 κάλλει
1089 5916 1309 5979 ’σφοδρῶς
1341 5915 1775 5977 ἐξαστράπτεσθαι),
1798 5933 1823 5966 a
1849 5915 2040 5979 sep-tem

489 5991 603 6042 τηρεε.
646 5975 838 6044 absum,
863 5974 1272 6044 31190606617352,
1295 5984 1346 6026 ut
1371 5974 1542 6028 mirum
1567 5993 1664 6028 non
1684 5982 1744 6029 sit
1764 5979 1880 6030 51H.
1909 5974 2041 6030 Savi-

475 6035 596 6088 m'xm
619 6037 845 6088 torserint
860 6047 908 6084 1n
927 6038 1062 6100 non;
1078 6047 1108 6105 Γ

1203 371 1257 426 s.
1299 366 1584 424 JOANNIS
1621 356 2110 424 CHRYSOSTOMI
2150 365 2472 423 AluilllEP.
2513 367 3062 423 CONSTANTINOP.

3654 375 3763 428 486

2190 481 2298 536 τῶν
2325 485 2418 536 τοῦ
2457 485 2592 537 Θεοῦ
2621 487 3058 558 προσταγμάτων
3094 484 3159 537 δι’
3208 487 3386 540 αὐτῶν
3429 486 3538 540 τῶν
3589 488 3771 558 ἔργων

2191 566 2506 636 πληροῦντα
2527 607 2542 632 ,
2585 569 2835 641 καθάπερ
2868 570 2960 622 καὶ
2991 567 3223 638 ἀλλαχοῦ
3258 587 3391 638 φησι
3417 586 3432 600 ο
3468 572 3772 638 Μακάριος

2189 648 2258 714 ὃς
2315 651 2724 720 καταπτήσσει
2783 651 2980 705 πάντα
3030 651 3104 703 δι’
3163 653 3501 707 εὐλάϐειαν.
3553 655 3616 706 Εἰ
3659 656 3772 724 γάρ

2188 731 2370 802 ἡμεῖς,
2402 733 2624 788 ἐπειδάν
2678 735 2878 806 ἴδωμεν
2919 735 3134 804 οίκέτην
3174 735 3440 806 ἡμέτερον
3487 737 3603 806 μετ’
3647 738 3772 790 ἐπι-

2191 814 2412 883 μελείας
2453 815 2653 886 πολλῆς
2688 819 2756 870 τά
2802 818 3150 887 ἐπιτάγματα
3194 817 3504 887 πληροῦντα
3530 819 3597 872 τά
3630 818 3771 889 ὴμέ-

2186 912 2341 966 τερα,
2373 899 2466 950 καὶ
2495 898 2689 954 πολλοῦ
2713 899 2808 954 τοῦ
2834 900 3000 970 φόϐου
3029 900 3238 954 καὶτοῦ
3274 901 3475 970 τρόμου
3495 943 3510 966 ,
3545 901 3768 954 πλείονα

2185 980 2284 1050 τὴν
2323 983 2452 1051 παρ’
2486 982 2694 1036 ἑαυτῶν
2721 982 2933 1036 εὐνοιαν
2970 983 3066 1036 καὶ
3102 983 3446 1053 συμπάθειαν
3483 987 3562 1048 εἰς
3602 984 3766 1038 αὐτὸν

2186 1061 2601 1134 ἐπιδεικνύμεθα
2625 1082 2639 1096 ·
2663 1065 2842 1136 πολλῷ
2872 1065 3069 1136 μᾶλλον
3101 1066 3167 1119 ἀν
3196 1066 3224 1118 6
3250 1065 3454 1134 ἀγαθὸς
3488 1068 3766 1137 Δεσπότης

2185 1146 2266 1207 εἰς
2293 1147 2440 1216 ἡμᾶς
2471 1146 2630 1201 τοῦτο
2658 1148 3009 1219 ἐπιδείξηται.
3037 1148 3135 1201 Διά
3160 1147 3320 1202 τοῦτο
3350 1149 3529 1202 τοίνυν
3555 1149 3763 1219 ἔλεγεν·
3795 1164 3798 1167 ·

2198 1227 2323 1281 Ἐπ’
2352 1229 2586 1284 ἐκεῖνον
2608 1231 2911 1299 ἐπιϐλέψαι
2943 1232 3050 1285 τὸν
3083 1230 3306 1300 πρᾶον,
3347 1233 3444 1286 καί
3481 1232 3762 1302 ἡσύχιον,

2186 1313 2287 1366 καὶ
2319 1314 2610 1383 τρέμοντα
2635 1332 2756 1384 μου
2779 1331 2923 1380 τους
2956 1315 3198 1385 λόγους.
3240 1315 3545 1386 Τρέμωμεν
3559 1317 3763 1378 τοίνυν,

2184 1397 2486 1466 παρακαλῶ
2509 1439 2524 1462 ,
2555 1398 2650 1452 καὶ
2683 1397 2820 1468 μετά
2850 1397 3042 1452 πολλοῦ
3087 1399 3253 1468 φόὸου
3280 1398 3573 1470 πληρῶμεν
3595 1399 3762 1453 αὐτοῦ

2180 1481 2311 1543 τοὺς
2363 1481 2779 1546 λόγουςάὐτοῦ
2822 1483 2927 1554 γάρ
2964 1485 3071 1536 εἰσι
3113 1482 3262 1552 λόγοι
3303 1481 3373 1535 τὰ
3423 1484 3555 1555 παρ’
3595 1481 3762 1538 αὐτοῦ

2182 1564 2315 1634 ἡμῖν
2346 1564 2583 1618 δοθέντα
2634 1567 3036 1637 προστάγματα
3077 1583 3090 1594 ·
3140 1568 3234 1620 καὶ
3299 1563 3560 1636 μαθόντες
3618 1567 3763 1620 τίσιν

2179 1645 2496 1717 ἀρέσκεται,
2542 1649 2637 1702 καὶ
2682 1649 2802 1702 τίνα
2861 1650 3162 1720 προσίεται,
3215 1650 3400 1703 ἐκεῖνα
3441 1650 3715 1720 μετίωμεν
3743 1688 3758 1712 ,

2182 1731 2274 1783 καὶ⁵
2311 1731 2540 1784 τοιοῦτοι
2579 1733 2830 1802 γενέσθαι
2867 1732 3275 1802 σπουδάζωμεν,
3304 1733 3553 1803 ἡσυχίαν,
3586 1734 3760 1804 πραό-

2180 1827 2336 1882 τητα,
2377 1815 2704 1868 ταπείνωσιν
2737 1814 2946 1888 πολλὴν
2978 1815 3431 1886 ἐπιδεικνύμενοι,
3459 1817 3554 1868 καὶ
3581 1818 3761 1869 πάντα

2179 1897 2248 1950 τά
2283 1898 2413 1969 παρ’
2455 1899 2618 1952 αὐτοῦ
2652 1900 3001 1972 ἐπιτάγματα
3071 1899 3188 1970 μετ’
3227 1899 3510 1963 εὐλαϐείας
3559 1900 3761 1970 πολλῆς

2183 1983 2573 2052 μετερχόμενοι
2603 1983 2696 2036 καὶ
2727 1985 2890 2052 φόὸου
2915 1983 3133 2048 πολλοῦ,
3165 1984 3251 2037 ἵνα
3272 1984 3372 2054 τὴν
3395 1983 3634 2038 διάθεσιν
3660 1986 3761 2056 τῆς

2178 2058 2403 2136 γνώμης
2434 2066 2531 2136 τῆς
2553 2066 2828 2139 ἡμετέρας
2850 2067 3251 2138 ἀποδεξάμενος
3285 2067 3316 2118 6
3353 2067 3460 2120 τῶν
3504 2067 3760 2120 ἁπάντων

2178 2148 2580 2219 Δεσπότης,καῖ¹
2607 2149 2929 2221 ἀρκεσθεὶςά
2956 2150 3111 2220 ἡμῶν
3132 2153 3197 2221 τῇ
3221 2150 3759 2221 ὐπακοῇ,ἐπι6λέψαι

2174 2231 2264 2300 ἐφ’
2294 2233 2440 2302 ἡμᾶς
2462 2233 2798 2305 καταξιώσῃ.
2816 2234 2940 2287 Ἐάν
2961 2237 3068 2306 γάρ
3090 2233 3250 2287 τοῦτο
3279 2237 3504 2304 ποιῆσαι
3525 2235 3757 2287 καταδέ-

2179 2311 2358 2384 ξηται,
2375 2317 2433 2368 ἐν
2451 2316 2598 2389 πάσῃ
2615 2317 2883 2388 ἀσφαλείᾳ
2899 2319 3048 2388 ἡμᾶς
3061 2318 3412 2386 καταστήσει·
3431 2316 3759 2384 Ἐπιϐλέψω

2177 2398 2308 2470 γὰρ,
2338 2400 2522 2470 φησὶν,
2548 2402 2669 2453 ἀντὶ
2693 2401 2811 2465 τοῦ,
2837 2403 3091 2472 προνοίας
3123 2401 3361 2467 ἀξιώσω,
3381 2403 3537 2471 χεῖρα
3563 2399 3754 2471 ὀρέξω,

2177 2483 2234 2534 ἐν
2269 2483 2470 2536 ἅπασιν
2493 2483 2878 2554 ἀντιλήψομαι,
2899 2484 3000 2546 τὰς
3021 2487 3149 2555 παρ’
3183 2483 3420 2554 ἐμαυτοῦ
3450 2483 3758 2552 φιλοτιμίας

2179 2566 2320 2636 μετὰ
2350 2565 2631 2636 δαψιλείας
2678 2567 2919 2638 παρέξω.
2962 2568 3004 2620 Τ
3007 2568 3145 2620 αῦτα
3190 2563 3282 2620 οὖν
3313 2567 3529 2620 ἅπαντα
3560 2566 3757 2636 μετίω-

2179 2667 2298 2720 μεν,
2341 2651 2665 2724 παρακαλῶ,
2713 2653 2800 2706 ῖνα
2839 2651 3112 2724 ἐπιϐλέψῃ
3142 2652 3235 2704 καὶ
3263 2650 3348 2719 ἐφ’
3396 2652 3545 2721 ἡμᾶς
3597 2651 3626 2702 6
3662 2655 3759 2702 Δε-

2177 2734 2402 2805 σπότης,
2421 2736 2515 2788 καὶ
2528 2735 2887 2807 δυνηθείημεν
2907 2735 3001 2788 καὶ
3028 2735 3119 2787 τὸν
3147 2734 3386 2804 παρόντα
3404 2733 3519 2804 βίον
3538 2732 3758 2796 ἀλύπως

2174 2817 2442 2881 διανύσαι,
2469 2819 2562 2872 καὶ
2588 2818 2696 2871 τῶν
2727 2819 3029 2890 μελλόντων
3066 2817 3284 2886 ἀγαθῶν
3316 2820 3592 2887 ἐπιτυχεῖν
3611 2859 3626 2879 ,
3661 2819 3758 2888 χά-

2179 2916 2285 2969 ριτι
2342 2900 2437 2954 καὶ
2492 2899 2872 2972 φιλανθρωπίᾳ
2929 2902 3025 2954 τοῦ
3099 2901 3305 2969 Κυρίου
3366 2901 3522 2971 ἡμῶν
3584 2900 3757 2972 Ἰησοῦ

2175 2982 2412 3052 Χριστοῦ
2433 3022 2448 3045 ,
2484 2983 2603 3053 μεθ’
2634 2979 2696 3039 οὗ
2720 2983 2799 3054 τῷ
2833 2985 3010 3057 Πατρὶ
3045 2983 3164 3054 ἅμα
3196 2983 3274 3053 τῷ
3309 2983 3449 3054 ἀγίῳ
3481 2983 3758 3054 Πνεύματι

2174 3066 2322 3134 δόξα,
2356 3067 2576 3138 κράτος,
2612 3067 2765 3138 τιμὴ,
2799 3071 2895 3122 νῦν
2934 3068 3025 3121 καὶ
3045 3068 3151 3132 ἀεὶ,
3182 3069 3278 3121 καὶ⁵
3301 3069 3380 3131 εἰς
3403 3067 3533 3131 τοὺς
3554 3068 3758 3131 αἰῶνας

2174 3151 2280 3204 τῶν
2312 3150 2542 3205 αἰώνων.
2590 3151 2647 3203 ’Δ
2655 3153 2782 3221 μήν.

2671 3233 3092 3306 [5591οΜΙΛ1Α
3117 3236 3259 3302 Νσῖσ.

2173 3299 2324 3357 Εἴπε
2370 3299 2691 3375 6670124666-
2713 3299 2864 3373 πρὸς
2921 3307 3124 3359 Λὰὅαν
3149 3322 3163 3336 ·
3198 3299 3456 3371 ”Απόδος
3489 3325 3590 3375 μοι
3642 3305 3758 3372 τὴν

2243 3373 2497 3446 γυναῖκα
2542 3395 2661 3446 μου
2688 3393 2700 3405 ·
2734 3375 3155 3446 πεπλήρωνται
3207 3376 3317 3445 γὰρ
3378 3381 3438 3431 αὶ
3491 3373 3708 3446 ἡμέραι
3738 3416 3754 3439 ,

2245 3444 2404 3510 ὅπως
2431 3444 2683 3499 εἰσέλθω
2719 3445 2869 3514 πρὸς
2901 3446 3116 3510 αὑτήν.

2243 3527 2313 3581 α’.
2332 3527 2464 3580 Ἀπὸ
2491 3531 2590 3600 τῆς
2617 3530 2836 3600 ἀγάπης
2861 3531 2956 3583 τοῦ
2995 3528 3210 3593 Ἰακὼϐ,
3242 3531 3306 3600 ἦν
3341 3531 3468 3601 περί
3492 3530 3590 3602 τὴν
3631 3531 3757 3583 Ῥαο

2171 3609 2272 3680 χὴλ
2296 3611 2626 3678 ἐπεδείξατο,
2651 3615 2732 3676 είς
2761 3615 2860 3684 τὴν
2887 3613 3100 3669 Παύλου
3131 3613 3353 3682 ἀγάπην
3391 3613 3755 3683 μεταστάντες

2169 3693 2318 3763 χθὲς,
2363 3696 2456 3748 καὶ
2501 3695 2564 3748 τὸ
2618 3695 2844 3766 μέγεθος
2893 3696 2986 3748 τοῦ
3032 3696 3160 3764 περὶ
3187 3696 3277 3748 τὸν
3314 3697 3550 3767 Χριστὸν
3588 3697 3755 3749 πόθου

2171 3777 2338 3831 αὐτοῦ
2364 3778 2798 3848 καταμαθόντες,
2827 3779 3079 3851 καθάπερ
3107 3781 3209 3832 ὐπὸ
3243 3779 3422 3850 ῥύμης
3448 3781 3594 3844 τινὸς
3625 3798 3757 3850 σφο-

2169 3860 2432 3932 δροτέρας
2480 3861 2916 3927 ἐξελκυσθέντες,
2959 3863 3166 3918 οὐκέτι
3205 3863 3502 3933 ἰσχύσαμεν
3534 3865 3626 3918 ἐπὶ
3655 3866 3754 3935 τὴν

2169 3943 2491 3998 ἀκολουθίαν
2520 3945 2836 4000 ἐπανελθεῖν
2879 3945 2974 3999 τοῦ
3013 3946 3194 4014 λόγου.
3243 3947 3469 4018 Διόπερ,
3503 3947 3751 4013 είδοκεῖ,

2171 4030 2409 4099 σήμερον
2442 4031 2553 4092 τοῖς
2584 4027 2710 4098 ἑξῆς
2752 4028 3151 4093 ἐπεξελθόντες.
3201 4031 3270 4083 τὰ
3315 4029 3599 4100 λειφθέντα
3625 4034 3754 4084 ἀνα-

2168 4111 2566 4183 πληρώσωμεν,
2625 4112 2711 4165 ἵνα
2758 4112 2852 4165 καὶ
2897 4113 2961 4164 ἐκ
2999 4112 3108 4164 τῶν
3149 4115 3387 4183 σήμερον
3434 4115 3751 4183 λεγομένων

2169 4195 2446 4266 ἀρκοῦσαν
2467 4195 2735 4262 ὠφέλειαν
2761 4194 3207 4266 καρπωσάμενοι,
3229 4196 3400 4258 οὕτως
3429 4198 3609 4250 οἴκαδε
3646 4199 3749 4250 ἐπ-

2166 4278 2493 4348 ανέλθωμεν.
2537 4278 2753 4349 Ἐπειδὴ
2786 4278 2892 4348 γὰρ
2919 4278 3208 4349 ἐπληρώθη
3239 4281 3267 4332 6
3297 4279 3401 4332 τῶν
3431 4281 3570 4333 ἐπτὰ
3609 4281 3751 4334 ἑτῶν

2164 4360 2417 4432 ἀριθμὸς,
2431 4361 2537 4415 Καὶ
2555 4356 2738 4429 ἦσαν,
2753 4361 2937 4431 φησὶν,
2950 4361 3205 4414 ἐνώπιον
3221 4364 3427 4416 Ἰακὼό
3437 4364 3515 4428 ὠς
3536 4363 3748 4432 ἡμέραι

2165 4443 2360 4510 ὀλίγαι
2398 4443 2430 4494 ό
2466 4440 2754 4505 τοσοῦτος
2795 4442 3014 4508 χρόνος
3053 4441 3150 4494 διὰ
3193 4442 3258 4494 τὸ
3287 4443 3528 4511 ἀγαπᾷν
3558 4446 3748 4496 αὑτὸν

2163 4520 2375 4592 αὐτὴν,
2409 4515 2537 4572 εἷπε
2563 4516 2642 4582 τῷ
2673 4519 2876 4572 Λάὅαν
2899 4535 2911 4548 ·
2948 4519 3190 4584 Ἀπόδος
3211 4537 3313 4587 μοι
3347 4519 3460 4588 τὴν
3489 4521 3746 4590 γυναῖκὰ

2157 4617 2276 4667 μου
2300 4616 2314 4630 ⁸
2355 4597 2772 4665 πεπλήρωνται
2811 4598 2919 4667 γὰρ
2954 4601 3014 4651 αἱ
3039 4598 3248 4665 ἡμέραι
3273 4616 3408 4665 μου,
3435 4599 3594 4665 ὅπως
3617 4604 3744 4653 εἱσ-

2162 4679 2314 4732 ἐλθω
2328 4679 2476 4748 πρὸς
2490 4677 2702 4743 αὺτὴν.
2727 4681 2772 4731 Σ
2778 4678 3033 4747 υνήγιαγε
3057 4678 3124 4730 δὲ
3138 4678 3336 4732 Λὰὅαν
3356 4678 3588 4745 πάντας
3603 4681 3745 4746 τοὺς

2161 4757 2384 4826 ἄνδρας
2416 4757 2524 4811 τοῦ
2551 4757 2758 4821 τόπου,
2805 4756 2902 4809 καὶ
2950 4758 3200 4823 ἐποίησε
3243 4757 3347 4810 τὸν
3383 4758 3592 4826 τάμον.
3632 4763 3741 4814 Καὶ

2159 4838 2396 4907 ἐγένετο
2439 4835 2686 4902 ἑσπέρα,
2740 4838 2839 4888 καί
2879 4837 3080 4890 ,λαϐὼν
3133 4837 3334 4890 Λάϐαν
3381 4840 3563 4892 Λείαν
3626 4841 3743 4907 τὴν

2161 4917 2451 4987 θυγατέρα
2489 4915 2677 4970 αὑτοῦ
2697 4954 2713 4980 ,
2746 4917 3070 4986 εἰσήγαγεν
3098 4917 3291 4983 αὐτὴν
3323 4918 3471 4984 πρὸς
3515 4919 3736 4974 Ἰακώϐ.

2232 4993 2384 5060 Εἶδες
2405 4996 2465 5048 τὸ
2489 4993 2718 5048 παλαιὸν
2744 4997 2858 5065 μεθ’
2878 4996 3010 5066 ὅσης
3029 4996 3355 5066 σεμνότητος
3380 4999 3506 5060 τοὺς
3526 4999 3740 5068 γάμους

2159 5075 2447 5128 ἐπετέλουν
2474 5093 2488 5139 ;
2527 5074 2889 5134 Ἀκούσατε,οἱ
2913 5075 3040 5144 περὶ
3069 5075 3166 5138 τάς
3194 5075 3486 5139 σατανικάς
3514 5077 3739 5147 πομπάς

2159 5154 2504 5224 ἐπτοημένοι,
2543 5155 2634 5206 καὶ
2677 5153 2735 5218 ἐξ
2781 5153 2958 5205 αὐτῶν
2995 5153 3103 5205 τῶν
3141 5156 3441 5226 προοιμίων
3470 5157 3540 5208 τά
3566 5156 3744 5226 σεμνά

2157 5233 2252 5286 τοῦ
2281 5235 2459 5302 γάμου
2495 5232 2963 5301 καταισχύνοντες.
2998 5233 3088 5303 Μή
3134 5251 3235 5286 που
3278 5235 3470 5295 αὐλοί;
3514 5237 3586 5305 μή
3636 5254 3736 5290 που

2161 5313 2450 5383 κύμϐαλα;
2508 5313 2579 5382 μή
2633 5329 2734 5364 που
2778 5315 2984 5382 χορεῖαι
3049 5313 3367 5380 σατανικαί;
3427 5315 3583 5377 Τίνος
3627 5315 3737 5385 γάρ

2158 5393 2364 5453 ἕνεκεν,
2394 5391 2515 5445 εἰπέ
2553 5409 2662 5461 μοι,
2693 5390 2961 5460 τοσαύτην
2987 5389 3162 5462 λύμην
3189 5391 3390 5456 εὐθέως
3425 5394 3735 5464 ἐπεισάγεις

2158 5475 2237 5535 εἰς
2291 5473 2388 5541 τὴν
2425 5471 2639 5532 οἰκίαν,
2686 5472 2777 5524 καὶ
2818 5472 2945 5532 τοὺς
2986 5470 3094 5522 ἀπὸ
3137 5469 3238 5537 τῆς
3281 5473 3485 5540 σκηνῆς
3519 5473 3735 5541 καὶτῆς

2157 5552 2461 5622 ὀρχήστρας
2490 5551 2692 5612 καλεῖς,
2721 5551 2804 5602 ἴνα
2838 5549 2974 5619 μετά
3001 5549 3098 5619 τῆς
3122 5549 3347 5620 ἀκαίρου
3370 5550 3615 5622 δαπάνης
3643 5553 3734 5604 καὶ

2157 5633 2254 5700 τὴν
2305 5633 2399 5700 τῆς
2453 5630 2620 5698 κόρης
2664 5628 2876 5699 λυμήνῃ
2912 5627 3290 5698 σωφροσύνην,
3344 5630 3437 5682 καὶ
3484 5631 3576 5683 τὸν
3617 5631 3733 5683 νέον

2157 5709 2634 5778 ἀναισχυντότερον
2674 5709 2912 5777 ἐργάσῃ;
2954 5708 3260 5778 Ἀγαπητὸν
3297 5708 3436 5778 γάρ,
3488 5711 3582 5763 καὶ
3605 5710 3732 5762 ἄνευ

2157 5789 2358 5842 τούτων
2412 5787 2519 5840 τῶν
2573 5787 3052 5857 ὑπεκκαυμάτων,
3110 5787 3325 5856 ἐκείνην
3377 5789 3474 5858 τὴν
3521 5789 3731 5857 ήλικίαν

2157 5865 2447 5935 δυνηθῆναι
2474 5865 2664 5934 πράως
2690 5864 2932 5930 ἐνεγκεῖν
2960 5862 3049 5915 τὸν
3079 5864 3322 5932 χειμῶνα
3360 5867 3466 5917 τῶν
3496 5866 3684 5918 παθῶν
3716 5884 3725 5892 ·

2152 5945 2278 5998 ὅταν
2311 5944 2368 5995 δὲ
2398 5943 2490 5995 καί¹
2525 5940 2763 5994 τοσαῦτα
2860 5942 2925 5995 τὰ
2953 5941 3041 5994 διά
3071 5944 3169 6010 τῆς
3195 5942 3369 6011 ὄψεως
3399 5946 3491 5996 καὶ
3518 5944 3605 5996 διὰ
3635 5945 3728 6014 τῆς

2215 6040 2238 6080 ἀ
2260 6043 2407 6093 Sani.
2445 6050 2494 6092 et
2515 6043 2684 6092 More}.
2716 6044 2972 6100 ἂςτ-ιεσθεῖς,
2994 6046 3129 6092 mn"!
3154 6027 3266 6094 πτιὲ.
3292 6049 3368 6094 καὶ
3398 6047 3628 6108 ἁρεείέίς.
