4038 6358
347 342 455 397 ιδδ

351 456 460 505 lmn
489 453 682 517 reddit,
724 451 817 506 sed
846 467 966 506 cum
1007 452 1108 504 illis
1135 466 1350 519 regnum
1382 450 1631 504 caelorum
1657 448 1837 512 donat,
1869 457 1923 501 et

349 546 606 606 celebrat,
636 553 796 613 atque
821 555 1061 610 Cornnat,
1106 546 1488 611 innumeraqne
1517 543 1650 594 bona
1682 541 1923 609 largitur,

349 637 509 688 modo
538 652 603 688 ex
628 636 691 687 iis
716 650 833 703 qure
862 636 929 689 ab
959 636 1073 701 ipso
1110 634 1231 688 data
1278 643 1401 686 sunt
1432 647 1649 701 parvum
1676 629 1924 700 quiddam

348 727 548 781 infrrre
573 726 917 780 voluerimus.
946 726 1079 779 Num
1122 740 1283 794 grave
1310 724 1507 794 aliquid
1545 732 1599 777 et
1640 735 1941 776 onerosum.

344 834 376 869 a
406 818 560 871 nobis
589 817 855 886 requirit?
896 817 971 870 Ea
1001 833 1116 886 qua:
1141 815 1409 869 abundant
1430 824 1483 869 et
1532 827 1928 883 supervacanea

343 916 473 961 sunt
502 908 675 973 nobis,
703 908 997 961 necessaria
1028 907 1179 961 nobis
1206 906 1380 962 facere
1403 906 1520 960 vult
1546 924 1560 960 :
1589 916 1642 959 et
1667 920 1785 975 qua:
1813 905 1927 957 fru-

345 1009 457 1051 stra
485 1008 538 1052 et
555 999 605 1051 in
625 1014 816 1052 vanum
840 1000 890 1051 in
909 999 1289 1068 promptuariis
1312 998 1541 1067 reposita
1566 1004 1708 1056 sunt,
1735 1010 1796 1049 ea
1817 995 1928 1049 vult

346 1104 378 1140 a
406 1090 560 1143 nobis
585 1089 717 1143 bene
741 1088 1007 1152 distribui,
1034 1099 1091 1141 nt
1115 1089 1393 1142 occasione
1410 1099 1626 1156 accepta
1654 1087 1796 1152 hinc,
1829 1100 1927 1141 nos

343 1179 627 1248 Splendide
652 1189 890 1234 coronet.
924 1179 1160 1233 Festinat
1180 1180 1323 1233 enim
1351 1188 1405 1233 et
1430 1190 1596 1245 urget,
1627 1187 1784 1247 atque
1812 1193 1927 1231 om-

346 1270 435 1322 nia
457 1269 581 1322 facit
625 1280 678 1323 et
704 1270 938 1332 molitur,
976 1279 1033 1322 ut
1057 1268 1246 1339 dignos
1269 1285 1365 1325 nos
1390 1269 1575 1324 reddat
1599 1269 1662 1323 iis
1688 1284 1807 1339 qua:
1840 1269 1927 1323 ille

344 1360 614 1431 promisit.

423 1451 477 1504 5.
507 1449 844 1520 Eleemosyna
871 1449 1266 1502 commendatur.
1289 1479 1359 1488 —
1387 1446 1465 1503 Ne
1490 1448 1669 1519 igitur,
1697 1461 1879 1517 quaeso
1907 1488 1923 1513 ,

344 1541 593 1609 nosipsos
648 1540 915 1608 privemus
969 1539 1128 1592 tantis
1174 1539 1347 1592 bonis.
1400 1538 1530 1592 Nam
1578 1539 1620 1592 si
1677 1536 1927 1592 laboriosi

343 1630 595 1699 agricolae
618 1645 814 1699 penum
841 1645 996 1704 suum
1015 1640 1289 1692 evacuant,
1322 1638 1377 1682 et
1402 1627 1603 1683 semina
1626 1636 1782 1681 terra:
1801 1641 1928 1681 con-

344 1720 590 1783 credunt,
621 1730 675 1775 et
700 1721 825 1774 olim
853 1721 1071 1774 collecta
1095 1720 1427 1789 dispergunt,
1457 1719 1616 1788 idque
1658 1733 1778 1772 cum
1827 1734 1926 1773 νο-

346 1811 549 1880 luptate
581 1810 804 1875 faciunt,
824 1826 918 1880 spe
939 1812 1141 1880 majora
1162 1810 1452 1879 recipiendi
1480 1826 1538 1864 se
1568 1810 1799 1863 solantes
1832 1826 1845 1863 :
1875 1819 1928 1864 et

345 1903 589 1972 quamvis
605 1903 775 1957 sciant
798 1904 1090 1971 swpeaeris
1115 1902 1504 1971 intemperiem,
1529 1915 1926 1969 nonnumquam

344 2005 401 2050 et
430 2005 586 2050 terra:
616 1996 951 2049 sterilitatem
996 1994 1205 2064 aliaque
1233 1996 1396 2049 multa
1425 1994 1738 2061 accidentia,
1771 2004 1827 2048 ut
1849 1995 1929 2048 lo-

344 2097 619 2142 eustarum
647 2086 940 2141 exercitum
970 2087 985 2116 ¹
1006 2126 1021 2151 ,
1054 2097 1109 2139 et
1136 2085 1392 2155 rubiginis
1418 2087 1712 2153 incursum,
1738 2100 1927 2155 exspe-

342 2177 634 2231 ctationem
681 2191 831 2230 suam
881 2174 1134 2230 fefellisse
1163 2193 1181 2242 ;
1208 2186 1442 2230 attamen
1490 2175 1629 2231 bona
1676 2191 1772 2244 spe
1808 2190 1928 2230 sese

342 2269 579 2332 alentes,
605 2282 666 2321 ea
689 2283 808 2335 qua!
833 2268 886 2321 in
913 2269 1292 2337 promptuariis
1318 2269 1539 2323 collecta
1569 2278 1726 2333 sunt,
1770 2278 1927 2324 terra:

343 2362 676 2416 concredunt
705 2378 718 2412 :
752 2360 917 2414 multo
938 2362 1105 2430 magis
1122 2375 1218 2413 nos
1233 2375 1350 2429 quae
1375 2359 1576 2431 absque
1606 2375 1703 2414 usu
1732 2376 1925 2415 recon-

326 2450 456 2505 'dita
483 2461 625 2515 sunt,
657 2451 963 2519 diSpergere
986 2451 1036 2503 in
1069 2466 1359 2520 pauperum
1391 2465 1517 2504 usus
1553 2459 1607 2505 et
1651 2450 1925 2505 educatio-

346 2556 469 2594 nem
497 2542 763 2607 convenit,
791 2541 878 2593 ubi
905 2556 1194 2609 numquam
1216 2554 1339 2610 spes
1360 2540 1610 2609 eluditur,
1638 2556 1811 2610 neque
1858 2542 1926 2596 ti-

344 2631 534 2685 menda
560 2631 730 2700 aliqua
783 2640 936 2685 terra:
962 2632 1236 2685 sterilitas.
1265 2631 1400 2684 Dicit
1426 2632 1568 2686 enim
1598 2648 1613 2685 :
1641 2629 1922 2701 Dispersit,

345 2725 484 2777 dedit
503 2724 831 2793 pauperibus.
860 2723 965 2779 Sed
994 2724 1116 2777 audi
1142 2724 1302 2777 etiam
1327 2740 1444 2794 qua:
1466 2732 1761 2794 sequuntur
1793 2742 1811 2780 :
1836 2723 1930 2778 Ju-

342 2818 482 2872 stitia
510 2821 619 2887 ejus
635 2827 801 2871 manet
822 2818 874 2870 in
896 2818 1141 2871 saeculum
1162 2819 1337 2871 διεσαιὶ
1362 2814 1537 2889 (Psat.
1574 2817 1697 2871 111.
1730 2816 1762 2873 9
1884 2817 1927 2871 0

344 2912 642 2965 mirabilem
672 2913 999 2965 sementem!
1034 2911 1185 2965 Brevi
1216 2920 1455 2980 tempore
1482 2910 1773 2977 distribuit,
1797 2911 1924 2965 etin

343 3012 596 3073 perpetua
621 3002 814 3057 sazcula
833 3002 1035 3071 justitia
1056 3002 1171 3070 ejus
1205 3009 1497 3070 permanet.
1518 3001 1653 3068 Quid
1672 3001 1775 3057 hoc
1796 3002 1923 3057 bea-

347 3095 456 3147 tius
483 3108 733 3163 nunquam
759 3092 955 3157 fuerit?
981 3092 1183 3148 Idcirco
1207 3107 1327 3158 oro,
1358 3100 1415 3146 ut
1437 3092 1695 3161 justitiam
1722 3108 1841 3163 quae
1857 3108 1925 3148 ex

344 3184 688 3252 eleemosyna
710 3192 793 3238 est
819 3170 972 3237 nobis
999 3184 1361 3251 acquiramus,
1383 3193 1439 3236 ut
1463 3192 1518 3237 et
1545 3183 1611 3237 de
1638 3183 1790 3237 nobis
1841 3184 1925 3237 di-

339 3286 531 3335 catur:
568 3257 964 3344 Disperserunt,
1012 3275 1274 3330 dederunt
1325 3277 1680 3344 pauperibus,
1721 3276 1924 3345 justitia

339 3383 528 3421 eorum
556 3376 734 3419 manet
761 3366 812 3420 in
843 3366 1093 3420 sarculum
1121 3366 1321 3420 SIIBCUli.
1355 3365 1639 3435 Postquam
1668 3367 1809 3421 enim
1844 3365 1924 3419 di-

340 3460 438 3517 xit.
468 3457 743 3527 Dispersit,
773 3457 932 3521 dedit,
967 3472 1035 3511 ne
1075 3467 1230 3526 putes
1257 3457 1495 3526 dispersa
1527 3456 1771 3525 periisse,
1806 3456 1924 3509 ideo

340 3548 519 3601 statim
550 3548 783 3602 subdidit
810 3566 822 3601 :
845 3547 1056 3600 Justitia
1085 3548 1193 3616 ejus
1220 3557 1385 3599 manet
1399 3548 1450 3599 in
1468 3547 1920 3600 steculumsa'culi.

340 3637 471 3701 lllis,
500 3639 691 3706 inquit,
719 3637 997 3705 dispersis,
1016 3636 1219 3705 jnstitia
1242 3645 1456 3689 maneat
1474 3636 1917 3702 inexpugnabilis,

339 3739 395 3783 et
423 3729 477 3799 in
507 3744 665 3783 omne
712 3730 966 3782 saeculum
1019 3743 1079 3782 se
1128 3728 1383 3783 extendat
1424 3742 1712 3797 numquam
1762 3726 1921 3783 linem

340 3816 608 3897 habitura.
645 3822 814 3891 Atque
835 3837 957 3875 cum
985 3821 1324 3890 eleemosyna
1356 3820 1517 3874 etiam
1540 3820 1670 3873 alias
1701 3820 1921 3875 virtutes

337 3912 620 3981 diligenter
641 3927 906 3975 curemus,
940 3920 995 3966 et
1019 3910 1327 3965 affectiones
1351 3910 1525 3967 carnis
1544 3914 1919 3979 reprimamus,

337 4014 394 4058 et
445 4004 784 4057 eliminemus
816 4018 884 4057 ex
919 4003 1096 4055 anima
1130 4014 1344 4056 omnent
1388 4002 1622 4056 illicitam
1664 4002 1919 4071 concupi-

337 4095 614 4157 scentiam,
638 4109 849 4151 omnem
868 4094 1058 4147 malam
1077 4094 1471 4162 cogitationem,
1499 4092 1654 4157 iram,
1679 4092 1922 4163 indigna-

337 4186 560 4250 tionem,
595 4184 884 4250 invidiam;
907 4194 961 4238 et
980 4197 1234 4237 ornemus
1254 4183 1502 4237 omnibus
1530 4182 1701 4239 modis
1726 4185 1919 4241 anima:

336 4277 885 4347 pulchritudinem,ut
912 4279 1153 4332 claritate
1187 4277 1596 4348 pulchritudinis
1636 4279 1749 4348 ejus
1791 4294 1919 4335 con-

335 4370 584 4423 ciliemus
612 4369 766 4422 nobis
797 4369 1051 4424 caelorum
1082 4369 1386 4435 Dominum,
1421 4377 1476 4423 et
1504 4369 1643 4439 apud
1688 4384 1784 4425 nos
1824 4370 1919 4425 ba-

335 4460 508 4515 bitare
534 4461 800 4531 dignetur.
836 4461 966 4514 Nam
1004 4462 1092 4515 ubi
1136 4460 1530 4515 videritanimaa
1558 4471 1914 4529 venustatem,

332 4552 515 4606 statim
544 4553 809 4606 adveniet.
838 4551 977 4606 Dixit
994 4551 1135 4607 enim
1165 4569 1178 4603 :
1212 4550 1380 4621 Super
1398 4567 1547 4622 quem
1572 4552 1731 4605 alium
1751 4555 1917 4622 respi-

330 4644 466 4696 ciam
486 4659 638 4714 quam
664 4659 818 4711 super
846 4652 1162 4695 mansuetum
1188 4650 1237 4695 et
1261 4643 1483 4711 quietum
1509 4650 1554 4696 et
1578 4644 1839 4708 humilem,
1866 4652 1913 4698 et

330 4741 620 4786 trementem
647 4748 905 4786 sermones
930 4747 1065 4784 meos
1088 4729 1251 4803 (l'sai.
1280 4732 1368 4786 66.
1399 4732 1455 4802 2)
1482 4732 1505 4785 ?
1561 4732 1747 4786 Vidisti
1776 4749 1913 4802 quo-

331 4824 496 4879 modo
540 4839 637 4877 nos
661 4823 844 4879 docuit
871 4837 1058 4876 omnes
1095 4823 1398 4892 spirituales
1440 4824 1670 4888 colores,
1723 4824 1915 4893 quibus

329 4916 525 4969 anima:
551 4914 892 4983 pulchritudo
920 4922 1097 4983 potest
1140 4914 1421 4969 decorari?
1468 4915 1640 4984 Super
1677 4932 1913 4970 mansue-

329 5018 459 5073 tum,
486 5006 675 5074 inquit,
715 5006 1026 5077 etquietum,
1060 5006 1393 5059 ethumilem.
1425 5006 1628 5061 Deinde
1645 5007 1783 5076 quod
1800 5008 1912 5064 hmc

326 5098 509 5151 omnia
540 5097 708 5152 efﬁcit
749 5095 991 5150 addidit:
1024 5093 1092 5148 Et
1137 5106 1424 5150 trementem
1454 5113 1708 5151 sermones
1755 5114 1906 5153 meos.

325 5190 475 5255 Quid
510 5200 613 5256 est,
669 5190 987 5245 Trementem
1035 5209 1285 5247 sermones
1330 5195 1508 5247 meos?
1544 5193 1908 5248 Obedientiam

327 5282 424 5335 Dei
452 5282 723 5337 mandatis»
736 5298 831 5352 per
849 5286 963 5353 ipsa
986 5299 1147 5354 Opera
1179 5284 1510 5354 iniplentem,
1535 5284 1677 5354 quod
1706 5293 1759 5339 et
1784 5285 1911 5339 alibi

324 5373 458 5427 dicit
483 5392 496 5425 :
528 5373 716 5428 Beatus
742 5376 826 5445 qui
856 5377 992 5430 timet
1018 5377 1187 5430 omnia
1213 5386 1413 5445 propter
1445 5379 1681 5445 pietatem
1710 5377 1907 5448 (Prov.

321 5464 416 5519 9.8.
434 5465 543 5535 14).
559 5464 691 5519 Nam
705 5466 748 5520 si
760 5481 877 5531 nos,
901 5483 1020 5522 cum
1040 5467 1542 5522 videmusfamulum
1563 5470 1650 5539 qui
1666 5471 1908 5523 mandata

322 5564 510 5613 nostra
530 5571 651 5610 eum
666 5556 936 5626 diligentia
967 5558 1261 5630 timoreque
1286 5559 1453 5615 multo
1472 5575 1533 5615 ac
1553 5570 1783 5617 tremore
1806 5560 1908 5615 im-

382 5726 397 5755 ι
430 5721 837 5784 Vux,e.1‘ercitunt
857 5726 1233 5791 (στρατόπεδον),
1251 5728 1398 5778 deest
1415 5728 1464 5778 in
1486 5726 1774 5790 quibusdam
1798 5730 1909 5781 Mss.

1374 338 1436 392 ΙΝ
1476 336 1624 391 CAP.
1670 333 1859 391 XXIX.
1904 331 2148 389 GENES.
2179 335 2404 390 llOMIL.
2449 337 2577 397 LVI.

3503 346 3609 401 485

2034 448 2179 513 plere
2207 459 2375 516 curat,
2403 453 2659 519 majorem
2685 467 2808 520 erga
2839 453 2984 508 illum
3014 454 3347 510 declaramus
3376 457 3608 514 benevo—

2033 538 2250 593 lentiam
2302 551 2356 595 et
2402 544 2919 599 commiserationem
2960 563 2973 599 :
3022 548 3188 601 multo
3231 552 3398 619 magis
3436 554 3610 607 bonus

2034 630 2288 687 Dominus
2308 649 2432 704 erga
2456 650 2551 690 nos
2572 635 2623 691 id
2649 638 2957 693 declarabit.
2991 640 3215 710 Pr0pter
3242 641 3343 696 hoc
3373 642 3602 697 dicebat:

2033 720 2202 791 Super
2229 724 2374 777 illum
2404 728 2667 795 respiciam
2708 739 3021 783 mansuetum
3055 741 3102 784 et
3129 732 3387 799 quietum,
3428 742 3475 786 et
3518 745 3610 786 tre-

2033 825 2244 868 mentem
2261 832 2515 872 sermones
2545 836 2699 873 meos.
2735 820 2776 873 Τ
2782 836 3048 877 remamus
3073 822 3253 893 igitur,
3284 833 3607 887 oro,etcum

2032 916 2223 973 magno
2262 907 2452 963 timore
2483 923 2759 965 sermones
2796 913 2913 980 ejus
2947 913 3295 982 impleamus;
3324 928 3446 967 nam
3490 914 3610 983 ejus

2031 1005 2155 1051 sunt
2180 1013 2454 1055 sermones
2479 1002 2634 1056 nobis
2656 1003 2724 1057 ab
2752 1004 2843 1059 illo
2867 1006 3061 1059 tradita
3082 1006 3332 1060 mandata
3361 1025 3374 1060 :
3408 1015 3605 1061 etcum

2030 1087 2373 1143 didicerimus
2393 1106 2511 1158 qua:
2534 1091 2608 1146 illi
2637 1093 2876 1161 placent,
2923 1102 2978 1149 et
3004 1110 3123 1164 qua:
3166 1097 3373 1164 prohat,
3411 1111 3473 1151 ea
3514 1098 3611 1151 ob-

2032 1197 2237 1247 eamus,
2256 1192 2309 1237 et
2336 1184 2467 1239 tales
2495 1185 2607 1239 ﬁeri
2638 1187 2981 1253 studeamus;
3013 1190 3275 1257 quietem,
3299 1201 3608 1245 mansuetu-

2030 1271 2232 1336 dinem,
2258 1273 2610 1329 humilitatem
2634 1292 2881 1346 magnam
2933 1280 3299 1344 exhibeamus,
3343 1290 3398 1336 et
3425 1285 3607 1336 omnia

2029 1381 2149 1435 quas
2188 1366 2257 1421 ab
2291 1382 2357 1422 eo
2393 1368 2641 1424 mandata
2683 1383 2807 1424 sunt
2834 1385 2955 1424 eum
2993 1376 3293 1427 reverentia
3332 1383 3387 1428 et
3420 1375 3619 1427 timore

2030 1457 2455 1528 adimpleamus:
2494 1470 2550 1514 ut
2605 1476 2726 1515 cum
2771 1463 3078 1532 approbarit
3120 1463 3369 1519 affectum
3418 1467 3629 1519 mentis

2031 1560 2250 1618 nostrae,
2280 1551 2517 1619 placatus
2564 1562 2743 1607 nostra
2773 1553 3095 1619 obedientia,
3141 1554 3406 1623 respicere
3448 1555 3621 1609 etiam

2031 1655 2194 1709 super
2221 1655 2319 1695 nos
2343 1640 2609 1711 dignetur.
2648 1642 2799 1710 Quod
2821 1644 2866 1697 si
2906 1644 3061 1697 nobis
3084 1645 3379 1714 continget,
3413 1646 3613 1700 erimus

2033 1747 2130 1802 per
2155 1733 2331 1787 omnia
2363 1734 2577 1788 securi:
2609 1734 2739 1789 dicit
2758 1736 2923 1799 enim,
2979 1736 3266 1806 Respieiam
3288 1777 3303 1800 ,
3352 1737 3455 1791 hoc
3482 1749 3565 1791 est
3591 1778 3606 1801 ,

2032 1824 2374 1880 Providentia
2397 1840 2513 1880 mea
2538 1825 2817 1895 dignabor,
2848 1842 3064 1881 manum
3096 1829 3385 1897 porrigam,
3422 1828 3473 1881 in
3492 1844 3609 1882 om-
3696 1833 3704 1843 '

2032 1913 2189 1968 nibus
2217 1914 2501 1969 auxiliator
2523 1931 2641 1981 ero,
2672 1916 2901 1971 ubertim
2924 1916 2976 1970 in
3006 1931 3128 1970 eum
3160 1932 3333 1971 meam
3381 1918 3613 1972 liberali-

2032 2016 2194 2062 tatem
2210 2006 2544 2077 profundam.
2563 2008 2687 2063 Haec
2702 2009 2859 2079 igitur
2873 2010 3052 2063 omnia
3073 2009 3345 2073 faciamus,
3364 2011 3613 2076 obsecro,

2031 2106 2090 2151 ut
2118 2097 2367 2167 respiciat
2397 2112 2557 2169 super
2590 2116 2687 2154 nos
2716 2100 3002 2166 Dominus,
3055 2116 3160 2170 quo
3195 2108 3250 2154 et
3294 2111 3610 2169 praesentem

2030 2189 2193 2242 vitam
2223 2189 2425 2258 absque
2456 2190 2666 2244 tristitia
2702 2191 3053 2261 transigamus
3075 2231 3089 2253 ,
3139 2201 3201 2245 et.
3240 2190 3414 2245 futura
3466 2193 3604 2245 bona

2030 2280 2283 2349 consequi
2306 2281 2780 2351 possimus,gratia
2828 2294 2882 2336 et
2908 2283 3248 2351 benignitate
3275 2283 3479 2336 Domini
3521 2298 3615 2336 ιιο⁴

2031 2374 2127 2426 stri
2148 2372 2274 2427 .lesu
2295 2373 2516 2440 Christi,
2534 2390 2654 2428 cum
2672 2389 2779 2444 quo
2808 2375 2948 2429 Patri
2975 2375 3135 2429 simul
3162 2385 3216 2429 et
3246 2374 3463 2443 Spiritui
3491 2390 3614 2428 san-

2030 2473 2118 2517 cto
2144 2463 2213 2518 sit
2232 2464 2420 2534 gloria,
2449 2464 2754 2533 imperium,
2788 2466 2982 2533 honor,
3012 2481 3154 2520 nunc
3183 2474 3236 2520 ct
3264 2482 3476 2535 semper
3498 2507 3515 2533 ,
3556 2474 3631 2520 et,

2033 2559 2085 2611 in
2113 2557 2307 2612 srecula
2331 2559 2670 2613 saiculorum.
2693 2560 2889 2613 Amen.

2596 2672 2871 2729 HOMILIA
2912 2674 3044 2729 LVI.

2032 2772 2174 2826 Dixit
2197 2781 2361 2825 autem
2387 2769 2546 2824 Iacob
2574 2770 2641 2822 ad
2669 2766 2845 2823 Laban
2872 2785 2891 2823 :
2921 2768 3005 2822 Da
3025 2769 3147 2821 mihi
3169 2784 3379 2821 uxorem
3407 2784 3610 2822 meam:

2101 2861 2293 2931 impleti
2312 2871 2428 2914 sunt
2454 2864 2587 2913 enim
2612 2858 2738 2924 dies,
2780 2868 2833 2911 ut
2875 2860 3133 2930 ingrediar
3177 2859 3245 2911 ad
3289 2875 3399 2911 eam
3445 2857 3608 2929 (Gen.

2099 2954 2330 3025 29.21).

2102 3048 2155 3100 1.
2184 3045 2310 3100 Heri
2338 3044 2675 3101 adilectione
2702 3042 2886 3109 Jacob,
2937 3058 3096 3113 quam
3146 3057 3271 3113 erga
3320 3042 3611 3097 Racheiem

2029 3138 2286 3202 exhibuit,
2313 3137 2380 3191 ad
2407 3137 2556 3191 Pauli
2581 3137 2854 3191 caritatem
2873 3146 2928 3191 et
2950 3136 3366 3205 magnitudinem
3391 3136 3613 3199 amoris,

2029 3245 2186 3299 quem
2216 3243 2341 3298 erga
2368 3228 2637 3283 Christum
2664 3227 2899 3297 gerebat,
2943 3234 3281 3282 transeuntes
3300 3268 3317 3293 ,
3361 3227 3511 3296 quasi
3546 3228 3614 3280 ab

2030 3321 2332 3390 impetuoso
2360 3320 2588 3389 quodam
2623 3328 2860 3374 torrente
2888 3319 3044 3387 rapti,
3092 3333 3199 3372 non
3237 3318 3506 3387 potuimus
3546 3316 3615 3371 ad

2027 3415 2221 3468 seriem
2248 3422 2302 3468 et
2322 3422 2628 3467 contextum
2653 3412 2917 3467 sermonis
2942 3412 3169 3481 regredi.
3192 3410 3335 3473 Ideo,
3354 3410 3399 3465 si
3419 3410 3611 3479 placet,

2029 3503 2188 3558 hodie
2232 3504 2508 3573 sequentia
2536 3503 2791 3574 aggressi,
2839 3517 2902 3555 ea
2940 3517 3061 3572 qua:
3096 3510 3223 3556 tunc
3266 3503 3449 3556 relicta
3491 3514 3615 3557 sunt

2028 3595 2346 3664 impleamus
2372 3613 2385 3648 :
2411 3604 2467 3648 ut
2504 3608 2571 3648 ex
2610 3593 2677 3648 iis
2721 3608 2841 3662 qua:
2886 3592 3050 3646 hodie
3088 3591 3336 3646 dicuntur
3366 3602 3614 3660 percepta

2029 3686 2257 3740 utilitate
2304 3684 2501 3755 aliqua,
2536 3685 2752 3739 domum
2783 3692 3113 3753 repetamus.
3147 3683 3306 3753 Igitur
3334 3693 3619 3752 peslquam

2028 3776 2278 3845 impletus
2297 3784 2380 3830 cst
2405 3785 2608 3845 septem
2638 3790 2899 3829 annorum
2929 3790 3206 3839 numerus,
3257 3773 3347 3828 20.
3397 3773 3464 3828 Et
3505 3777 3623 3844 [κει

2026 3877 2164 3933 runt,
2190 3869 2378 3938 inquit,
2409 3866 2761 3921 coramJacob
2781 3868 2923 3936 quasi
2954 3867 3061 3920 dies
3084 3867 3234 3937 pauci
3265 3875 3345 3920 tot
3373 3866 3495 3919 anni
3546 3868 3633 3919 ob-

2027 3960 2213 4012 amoris
2237 3959 2617 4026 vehementiam,
2666 3959 2755 4013 21.
2789 3959 2918 4012 dixit
2960 3958 3028 4012 ad
3071 3959 3251 4012 Laban
3299 3974 3319 4012 :
3365 3956 3447 4011 Da
3488 3959 3635 4011 milii-

1942 4088 1945 4091 ν
2026 4069 2235 4107 uxorem
2258 4069 2421 4107 meam
2446 4069 2465 4107 :
2490 4053 2683 4123 impleti
2704 4054 2837 4107 enim
2861 4063 2977 4106 sunt
3002 4052 3108 4105 dies
3126 4053 3241 4115 mei,
3272 4063 3327 4104 ut
3352 4052 3612 4121 ingrediar

2029 4145 2098 4197 ad
2127 4160 2258 4199 eam.
2285 4144 2377 4198 ‘22.
2410 4143 2932 4216 Congregavit’autem
2958 4142 3135 4197 Laban
3165 4159 3336 4196 omnes
3369 4144 3503 4196 viros
3533 4143 3611 4195 lo-

2025 4236 2092 4299 ci,
2121 4246 2166 4290 et
2194 4235 2310 4306 fecit
2336 4239 2562 4305 nuptias.
2585 4236 2675 4290 25.
2697 4235 2763 4289 Et
2790 4238 2982 4307 factum
3008 4244 3079 4289 est
3100 4249 3320 4304 vespere,
3345 4244 3391 4287 et
3414 4234 3631 4304 accepit.

2026 4327 2203 4381 Laban
2227 4328 2373 4381 Liam
2410 4327 2571 4396 ﬁliam
2593 4344 2760 4392 suam,
2791 4326 3170 4395 introduxitque
3195 4342 3305 4379 eam
3330 4326 3397 4378 ad
3418 4325 3607 4378 Jacob.

2095 4421 2164 4476 In
2191 4423 2444 4475 satanicas
2468 4422 2760 4492 nuptiarum
2792 4436 3003 4490 pompas
3023 4419 3293 4472 invehitur.
3312 4448 3385 4457 —
3416 4418 3611 4471 Vidisti

2024 4530 2143 4569 cum
2171 4523 2366 4584 quanta
2394 4513 2519 4567 olim
2565 4511 2845 4566 honestate
2875 4510 3086 4579 nuptias
3126 4509 3387 4579 egerint?
3413 4509 3608 4563 Audite

2022 4609 2109 4677 qui
2143 4605 2405 4660 satanicas
2431 4619 2650 4674 pompas
2678 4602 3035 4666 admiramini,
3066 4609 3120 4655 ct
3150 4600 3330 4654 statim
3358 4600 3426 4653 ab
3451 4599 3635 4653 initio.-

2023 4699 2324 4768 nuptiarum
2352 4698 2684 4751 honestatem
2711 4694 2975 4750 dedecore
3014 4694 3242 4748 afﬁcitis.
3295 4691 3429 4746 Num
3478 4700 3611 4746 tunc

2022 4791 2199 4845 tibiaz?
2229 4804 2352 4844 num
2379 4798 2508 4842 tunc
2536 4787 2815 4858 cymbala?
2851 4800 2976 4839 num
3016 4792 3142 4841 tunc
3178 4784 3389 4838 chorea:
3415 4781 3604 4837 diabo-

2020 4883 2170 4939 licm?
2200 4882 2375 4951 Quare
2398 4881 2564 4948 enim,
2594 4880 2680 4934 dic
2708 4879 2861 4945 mihi,
2891 4888 3093 4933 tantum
3125 4877 3306 4931 statim
3333 4876 3403 4930 ab
3449 4875 3629 4929 initio...

2018 4978 2272 5031 damnum
2315 4972 2526 5030 ihducis
2576 4974 2627 5027 in
2669 4973 2887 5027 domum
2941 4980 3082 5025 tuam
3109 5011 3125 5035 ,
3168 4979 3221 5024 et
3262 4984 3355 5024 eos
3398 4968 3486 5037 qui
3538 4967 3619 5022 in»

2020 5069 2194 5124 scenis
2222 5077 2279 5122 et
2308 5065 2599 5120 orchestris
2629 5078 2848 5133 operam
2871 5062 3047 5115 locant
3072 5074 3250 5124 vocas,
3277 5066 3336 5112 ut
3364 5073 3483 5112 cum
3520 5057 3603 5111 in-

2021 5162 2343 5232 tempestivo
2371 5167 2583 5227 sumptu
2629 5157 2847 5226 virginis
2884 5154 3054 5209 laedas
3086 5152 3468 5207 continentiam
3490 5190 3505 5214 ,
3550 5162 3604 5206 et

2014 5257 2265 5323 juvenem
2294 5250 2739 5321 impudentiorem
2762 5247 2966 5301 facias?
2988 5244 3235 5314 Optabile
3264 5244 3405 5297 enim
3430 5252 3485 5296 et
3512 5257 3603 5295 ar-

2018 5350 2179 5403 duum
2204 5354 2340 5412 erat,
2367 5344 2569 5413 absque
2612 5342 2715 5395 illis
2743 5339 3013 5394 fomitibus
3057 5336 3200 5390 illam
3248 5343 3459 5388 aetatem
3507 5348 3603 5403 po-

2020 5441 2181 5494 tuisse
2201 5436 2475 5492 moderate
2500 5433 2638 5488 l‘erre
2661 5437 3029 5500 tempestatem
3060 5424 3394 5480 atl‘ectionum
3427 5442 3442 5478 :
3474 5437 3607 5477 eum.

2017 5540 2193 5586 autem
2243 5536 2298 5584 et
2345 5528 2462 5582 haec
2505 5525 2781 5589 accedant,
2831 5531 2940 5575 tam
2981 5535 3098 5591 qua:
3145 5517 3413 5582 videntur,
3438 5532 3598 5585 quam

2016 5640 2136 5697 quae
2174 5622 2479 5685 audiuntur,
2504 5619 2631 5674 dum
2657 5616 2830 5686 majus
2854 5611 3160 5669 accenditur
3187 5609 3488 5665 incendium
3508 5649 3523 5673 ,
3547 5620 3607 5662 et

2021 5717 2206 5776 (ornas
2254 5709 2806 5784 concupiscentiarum
2832 5706 3002 5778 magis
3031 5704 3429 5768 inﬂammatur,
3458 5718 3629 5774 quot..-
