4038 6358
436 337 535 395 687
1172 330 1227 389 S.
1266 331 1545 391 JOANNIS
1574 326 2047 388 CHRYSOSTOII
2085 326 2405 386 ARCHIEP.
2445 330 2979 393 CONSTANTINOP.

438 454 602 508 modo
620 468 727 508 non
754 462 969 524 pessum
1015 450 1058 506 it
1101 447 1455 506 adolescentis
1481 447 1697 503 anima?
1723 446 1858 502 Hinc
1880 448 2024 500 enim

436 548 616 600 omnia
640 552 865 614 pereunt
886 551 943 599 et
965 550 1413 613 corrumpuntur:
1442 539 1565 610 quia
1593 539 1663 594 ab
1684 539 1836 592 initio
1863 536 2027 592 casti-

446 638 530 687 tas
549 646 731 687 eorum
758 630 847 700 qui
879 630 1018 684 inter
1038 644 1096 683 se
1115 626 1425 683 conventuri
1448 632 1572 680 sunt
1597 631 1955 694 oppugnatur,
1973 628 2029 676 et

439 734 582 789 smpe
602 720 771 789 primo
783 719 870 775 die
887 718 1120 789 juvenis,
1148 716 1316 772 oculis
1338 715 1523 771 videns
1550 712 2023 777 incontinentibus,

436 813 547 868 tolo
572 814 834 869 diabolico
862 813 914 867 in
942 812 1120 867 anima
1148 811 1459 866 vulneratur
1486 824 1499 861 :
1531 815 1585 862 et
1615 806 1785 876 puella
1825 820 1922 875 per
1962 818 2025 859 ea

434 923 558 978 qua:
579 906 725 961 audit
752 916 807 961 et
836 905 981 960 videt
1006 903 1215 973 captiva
1245 901 1321 964 fit,
1350 910 1404 955 et
1424 900 1491 955 ab
1516 914 1581 955 eo
1601 898 1688 953 die
1710 907 1892 966 postea
1908 910 2028 950 cre-

440 1008 593 1051 smul
619 997 859 1060 vulnera,
882 996 1161 1065 majusque
1185 994 1241 1049 fit
1264 992 1483 1049 malum.
1512 990 1725 1045 Etenim
1747 989 1889 1043 illinc
1912 998 2025 1042 sta-

439 1087 534 1143 tim
560 1098 616 1143 et
658 1096 897 1151 mutuam
922 1086 1268 1147 concordiam
1295 1084 1631 1148 dilacerant,
1676 1091 1731 1135 et
1784 1095 2024 1145 amorem

436 1178 738 1235 debilitant.
760 1178 989 1247 Quando
1008 1177 1149 1232 enim
1178 1177 1266 1231 ille
1293 1182 1529 1232 mentem
1555 1172 1620 1228 ad
1652 1171 1811 1227 aliam
1840 1171 2022 1237 vertit,

434 1273 563 1327 hinc
590 1282 645 1327 et
672 1272 797 1331 inde
826 1271 1069 1327 dividens
1097 1270 1355 1333 animum,
1378 1282 1408 1321 a
1429 1265 1643 1321 diabolo
1665 1266 1781 1335 ipso
1808 1263 2019 1328 ductus,

435 1364 604 1417 multa
632 1362 988 1417 amaritudine
1026 1362 1244 1416 domum
1284 1359 1485 1428 implet.
1530 1356 1683 1424 Quod
1730 1357 1776 1412 si
1832 1366 1887 1411 et
1934 1354 2024 1409 illa

433 1456 762 1524 comperitur
788 1455 859 1507 ita
881 1455 1067 1509 all'ecta
1098 1466 1240 1518 esse,
1271 1466 1335 1513 ex
1359 1450 1490 1519 ipsis
1514 1446 1872 1513 fundamentis
1900 1461 2023 1501 om-

433 1547 545 1613 nia,
576 1557 632 1605 ut
662 1549 731 1603 ita
758 1547 935 1602 dicam
957 1586 971 1611 ,
1025 1544 1446 1605 subvertantur:
1479 1549 1664 1611 postea
1689 1539 1825 1594 alter
1854 1537 1922 1593 ab
1945 1538 2022 1593 al-

434 1649 551 1693 tero
589 1639 905 1703 occultatur,
949 1645 1003 1692 et
1038 1638 1129 1695 ille
1182 1634 1397 1705 quidem
1442 1632 1735 1702 suspiciose
1776 1630 2025 1691 observat

435 1747 682 1799 uxorem,
710 1742 768 1787 et
814 1729 1061 1787 similiter
1087 1727 1176 1781 illa
1204 1726 1399 1785 virum.
1427 1726 1601 1794 Atque
1628 1723 1714 1777 ubi
1744 1721 2025 1792 oportebat

362 1831 372 1843 '
433 1827 775 1882 concordiam
824 1839 944 1880 esse
984 1832 1038 1879 et
1074 1821 1338 1893 capulam,
1371 1820 1568 1890 quippe
1595 1817 1861 1874 debebant
1901 1830 2023 1871 esse

432 1933 560 1973 caro
602 1934 704 1973 una
734 1916 937 1986 (Erunt
964 1917 1130 1982 enim,
1177 1913 1368 1984 inquit,
1408 1912 1508 1969 duo
1547 1911 1600 1965 in
1640 1926 1841 1965 carnem
1868 1924 2023 1963 unam

432 2008 598 2085 [Gem
624 2009 679 2064 2.
701 2007 853 2081 24]),
893 2007 944 2062 111
973 2006 1029 2062 in
1058 2016 1201 2071 tanta
1236 2006 1423 2061 vivunt
1459 2002 1825 2065 dissensione.
1870 2000 2021 2071 quasi

432 2101 659 2170 sejuncti
704 2109 906 2154 essent.
942 2097 1193 2153 Diabolus
1216 2097 1364 2153 enim
1392 2095 1769 2165 subingressns
1817 2102 2021 2147 tantam

430 2194 485 2247 in
515 2193 595 2247 eis
623 2192 915 2262 perniciem
943 2199 1217 2261 operatur,
1243 2197 1302 2243 ut
1324 2187 1646 2259 quotidiana:
1668 2201 1861 2257 pugnae
1880 2185 2022 2240 inter

434 2299 529 2340 eos
556 2295 844 2339 nasvantur
865 2294 919 2338 et
942 2298 973 2337 a
998 2282 1155 2338 malis
1186 2296 1475 2351 numquam
1504 2279 1737 2334 habeant
1760 2278 2016 2348 quietem.

430 2377 569 2446 Quid
616 2376 759 2431 enim
803 2376 924 2447 quis
966 2374 1161 2431 dixerit
1189 2373 1457 2445 quomodo
1509 2384 1692 2443 postea
1734 2386 1763 2424 a
1803 2370 2020 2425 famulis

429 2479 865 2533 contemnantur,
896 2467 1164 2537 quomodo
1205 2483 1235 2521 a
1273 2466 1463 2522 vicinis
1502 2464 1803 2529 rideantur,
1858 2477 2018 2533 quam

427 2561 568 2614 foeda
597 2558 931 2629 operentur?
960 2557 1094 2613 Nam
1122 2557 1259 2613 sicut
1287 2556 1499 2629 quando
1525 2555 1905 2627 gubernatores
1936 2553 2017 2608 in-

426 2665 510 2709 ter
540 2670 598 2710 se
622 2653 902 2719 dissident,
931 2654 1092 2708 etiam
1116 2653 1203 2727 qui
1223 2653 1343 2707 navi
1364 2650 1652 2717 vehuntur,
1684 2664 1783 2703 una
1805 2648 2019 2718 pericli-

428 2756 630 2813 tantur,
657 2759 720 2799 ae
748 2746 938 2801 timent
966 2760 1032 2798 ne
1055 2759 1180 2800 cum
1217 2744 1335 2799 navi
1362 2743 1771 2812 submergantur
1799 2758 1811 2794 :
1844 2741 1913 2794 ita
1961 2746 2018 2794 et

426 2838 532 2904 hic,
564 2838 608 2892 si
637 2836 913 2892 discordes
959 2836 1068 2891 sint
1096 2837 1177 2891 vir
1199 2846 1254 2891 et
1296 2834 1511 2900 mulier,
1558 2845 1894 2902 consequens
1933 2839 2017 2886 est

426 2945 616 2985 omnes
643 2930 735 3002 qui
766 2928 909 3000 apud
956 2928 1078 2983 illos
1104 2935 1231 2982 sunt
1262 2926 1547 2996 participes
1574 2940 1695 2980 esse
1722 2923 2008 2979 malorum.

428 3023 721 3093 Pmpterea
746 3036 845 3076 oro
872 3030 929 3075 ut
956 3019 1071 3075 haec
1102 3019 1279 3074 omnia
1307 3017 1688 3089 prrevidentes,
1735 3024 2017 3071 consuetu-

424 3120 604 3174 dinem
628 3133 696 3173 ne
724 3115 1024 3173 scctemini.
1056 3113 1180 3169 Seio
1200 3114 1346 3168 enim
1368 3111 1565 3167 multos
1589 3120 1867 3184 receptum
1892 3123 2013 3164 mo-

424 3226 539 3265 rem
566 3208 879 3272 obtendere,
905 3220 1078 3276 neque
1106 3205 1366 3277 patienter
1407 3202 1548 3259 ferre
1575 3216 1631 3257 ut
1659 3201 1775 3257 haec
1801 3217 1831 3267 a
1862 3200 2015 3256 nobis

425 3303 671 3357 dicantur
696 3317 709 3355 :
740 3308 978 3354 attamen
1003 3310 1224 3351 necesse
1249 3307 1332 3351 est
1355 3304 1412 3349 ut
1437 3309 1535 3349 nos
1559 3294 1704 3349 utilia
1732 3293 1975 3348 dicamus
1994 3332 2011 3357 ,

429 3400 484 3448 et
505 3409 624 3464 quae
655 3393 775 3446 illos
825 3406 855 3444 a
900 3389 1078 3444 futuro
1105 3389 1368 3461 supplicio
1416 3387 1663 3442 liberent.
1715 3385 1817 3441 Ubi
1868 3384 2014 3438 enim

430 3494 641 3541 tantum
659 3485 853 3538 anima:
880 3482 1155 3545 damnum,
1186 3496 1290 3551 qua
1316 3480 1385 3535 de
1426 3495 1586 3535 causa
1627 3476 1759 3534 mihi
1786 3492 2012 3533 consue-

424 3580 664 3635 tudinem
688 3586 983 3647 prrctexere
1009 3575 1212 3631 audes?
1244 3575 1382 3629 Ecce
1408 3574 1552 3628 enim
1575 3581 1631 3627 et
1655 3587 1754 3641 ego
1773 3571 2012 3625 tibicen-

424 3669 760 3727 suetudinem
786 3669 1064 3724 meliorem
1091 3669 1308 3739 objieio,
1340 3683 1459 3738 qum
1474 3666 1614 3737 apud
1643 3676 1856 3723 veteres
1870 3676 2009 3732 erat,

423 3760 638 3833 quando
663 3760 899 3817 nondum
927 3769 1073 3817 tanta
1104 3761 1203 3830 pia:
1229 3760 1503 3830 religionis
1530 3768 1645 3814 erat
1689 3759 1911 3829 agnitio.
1946 3758 2014 3813 Et

423 3869 492 3909 ne
516 3854 719 3924 justum
750 3852 834 3907 hic
856 3852 1022 3909 Jacob
1052 3859 1258 3907 tantum
1302 3852 1523 3923 cogites,
1576 3849 1671 3905 sed
1722 3859 1777 3905 et
1828 3849 2010 3905 Laban

423 3949 599 4004 adhuc
642 3948 909 4003 idolorum
948 3946 1114 4002 cultui
1145 3946 1404 4013 deditum,
1454 3960 1554 4001 nec
1602 3946 1685 4000 vel
1733 3945 2012 3999 minimam

419 4057 565 4098 verte
594 4040 868 4110 religionis
892 4039 1134 4097 notitiam
1166 4038 1473 4103 habentem,
1522 4047 1577 4093 et
1600 4047 1777 4093 tamen
1809 4046 2008 4091 tantam

419 4149 533 4204 pra:
560 4146 619 4186 se
640 4133 895 4186 ferentem
924 4129 1338 4201 philos0phiam.
1390 4128 1574 4198 Neque
1597 4129 1742 4184 enim
1768 4128 1885 4182 hme
1913 4128 2011 4182 bo-

422 4235 605 4281 nestas
626 4224 742 4295 ejus
794 4232 932 4290 erat,
993 4222 1085 4293 qui
1127 4222 1387 4277 ducturus
1434 4221 1686 4290 puellam,
1715 4220 1813 4276 sed
1842 4220 2011 4290 patris

419 4333 540 4373 eam
570 4317 849 4373 tradentis.
874 4315 998 4371 ldeo
1025 4324 1080 4370 et
1107 4316 1254 4370 illum
1277 4314 1376 4370 feci
1415 4329 1741 4380 sermonem,
1789 4328 1895 4368 non
1942 4313 2009 4367 ad

418 4424 646 4479 sponsos
670 4417 875 4463 tantum
901 4416 1149 4477 spectans
1178 4415 1437 4477 quantum
1457 4406 1524 4461 ad
1561 4414 1833 4475 parentes,
1860 4415 1911 4460 et
1941 4405 2011 4460 ad

419 4511 624 4571 patrem
643 4499 734 4570 qui
752 4500 1008 4569 virginem
1035 4500 1193 4555 locat.
1222 4497 1505 4565 Quomodo
1530 4501 1672 4554 enim
1697 4512 1804 4555 non
1825 4498 2012 4553 absur-

421 4594 547 4647 dum
569 4631 587 4658 ,
618 4594 662 4645 si
715 4605 816 4646 nos
853 4590 945 4660 qui
975 4600 1177 4647 tantam
1207 4590 1511 4661 accepimus
1556 4589 2003 4657 misericordiam,

418 4694 475 4743 et
516 4693 623 4739 tam
669 4682 991 4739 terribilium
1042 4681 1498 4753 ineabiliumque
1548 4694 2006 4739 sacramentorum

416 4775 707 4847 participes
735 4790 941 4843 sumus,
973 4775 1147 4831 hacin
1173 4791 1234 4831 re
1261 4775 1544 4831 inferiores
1569 4777 1737 4833 simus
1766 4775 2003 4842 Labano,

420 4871 511 4942 qui
538 4872 704 4927 cultui
736 4871 999 4929 idolorum
1022 4870 1196 4926 adhuc
1217 4880 1331 4926 erat
1358 4872 1609 4928 deditus?
1634 4874 1828 4928 Annon
1851 4873 2008 4927 audis

415 4961 641 5020 Paulum
669 4963 936 5019 dicentem
966 4974 1361 5022 sacramentum
1387 4979 1508 5020 esse
1548 4965 1763 5035 nuptias
1796 4975 1852 5020 et
1874 4965 2009 5021 ima-

415 5057 595 5126 ginem
620 5055 925 5113 dilectionis
948 5055 1167 5123 Christi,
1199 5072 1360 5126 quam
1390 5072 1514 5127 erga
1555 5057 1852 5113 Ecclesiam
1900 5072 2003 5113 ex-

418 5148 593 5204 hibuit
626 5146 849 5220 (Ephes.
877 5150 932 5205 5.
1117 5149 1195 5205 Ne
1223 5150 1381 5220 igitur
1405 5151 1796 5209 eonfundamus
1821 5152 2005 5223 nosip-

420 5256 533 5307 sos,
566 5253 619 5297 et
648 5242 983 5298 honestatem
1011 5245 1315 5313 nuptiarum
1340 5260 1767 5315 corrumpamus.
1797 5248 1929 5304 Nam
1957 5252 2001 5303 si

420 5332 635 5402 quidem
685 5333 887 5389 bonum
938 5343 992 5389 et
1037 5335 1169 5391 utile
1206 5335 1369 5392 fuerit
1415 5341 1697 5395 consilium
1725 5381 1742 5407 ,
1790 5341 1999 5397 etiamsi

415 5437 525 5477 non
554 5424 623 5478 sit
648 5426 1002 5494 consuetudo,
1031 5429 1122 5483 ftat
1146 5443 1161 5482 :
1192 5429 1273 5484 sin
1301 5429 1620 5487 damnosum
1651 5442 1707 5488 et
1733 5435 1999 5501 pernicio-

415 5527 537 5568 sum
558 5526 640 5569 est
666 5517 718 5570 id
740 5518 881 5588 quod
899 5535 931 5574 a
958 5521 1108 5578 vobis
1134 5520 1387 5591 efficitur,
1419 5526 1633 5581 etiamsi
1662 5529 1998 5584 consuetudo

413 5606 816 5676 sit,rejiciatur.
847 5611 982 5667 Nam
1030 5615 1076 5669 si
1130 5614 1232 5670 hoe
1257 5616 1649 5685 admiserimus,
1694 5629 1749 5674 et
1796 5619 1902 5689 fur,
1944 5632 2000 5677 et

415 5695 645 5761 adulter,
678 5708 733 5754 ct
758 5706 1097 5771 quantumvis
1140 5706 1311 5761 malus
1335 5708 1471 5764 alius
1491 5751 1507 5777 ,
1552 5712 1996 5769 consuetudinem

413 5787 670 5845 obtendet
696 5810 706 5846 :
733 5805 785 5847 at
816 5794 1019 5852 nullum
1052 5796 1177 5854 hinc
1205 5800 1308 5855 illis
1339 5801 1542 5858 lucrum
1572 5813 1655 5860 est
1680 5806 1761 5862 vel
1793 5808 1945 5865 venia
1971 5851 1985 5879 ,

3625 346 3733 401 488

2137 444 2232 500 sed
2263 445 2437 515 major
2461 450 2641 517 potius
2666 455 2959 520 accusatio,
2990 453 3134 526 quod
3159 457 3354 514 malam
3382 463 3730 517 consuetudi-

2131 552 2256 592 nem
2287 553 2543 608 superare
2568 556 2676 596 non
2708 544 3001 601 valuerint.

2200 629 2256 685 2.
2296 630 2354 687 Si
2393 633 2536 687 enim
2575 636 2899 693 voluerimus
2932 640 3166 709 vigilare,
3193 652 3249 697 et
3289 659 3475 699 curam
3520 644 3724 701 habere

2132 732 2330 778 nostra:
2352 724 2561 791 salutis,
2591 742 2875 797 possumus
2899 737 2956 784 et
2988 746 3019 785 a
3046 734 3182 787 mala
3211 736 3600 791 consuetudine
3626 738 3724 790 de-

2130 814 2345 881 sistere,
2383 826 2438 872 et
2477 817 2530 871 in
2574 819 2767 873 bonam
2809 824 3251 879 consuetudinem
3294 842 3393 879 nos
3417 827 3677 883 reducere
3708 846 3722 878 ;

2130 909 2317 979 sicque
2347 912 2574 979 posteris
2603 913 2802 968 nostris
2829 930 2935 970 non
2969 932 3184 986 parvam
3211 918 3455 976 dabimus
3482 924 3725 977 occasio-

2129 1016 2253 1055 nem
2278 1002 2465 1057 eadem
2506 1004 2766 1069 imitandi,
2798 1016 2854 1061 et
2880 1008 3209 1078 accipiemus
3242 1014 3403 1066 etiam
3444 1028 3544 1067 nos
3573 1030 3723 1068 mer-

2128 1093 2314 1148 cedem
2340 1110 2525 1150 eorum
2561 1112 2681 1167 qua:
2720 1099 2788 1153 ab
2819 1100 2886 1154 iis
2916 1111 3166 1171 aguntur.
3207 1102 3341 1158 Nam
3384 1106 3473 1175 qui
3506 1106 3719 1161 initium

2128 1186 2281 1242 bona:
2310 1189 2410 1244 vis:
2434 1190 2683 1261 praebuit,
2719 1192 2804 1247 hic
2848 1206 3036 1248 auctor
3073 1205 3154 1249 est
3180 1210 3367 1250 eorum
3409 1213 3529 1267 quae
3568 1209 3623 1252 et
3649 1201 3721 1255 ab

2126 1281 2247 1336 aliis
2277 1291 2422 1339 recte
2447 1282 2599 1343 fiunt.
2628 1297 2683 1340 et
2708 1286 2973 1356 duplicem
3000 1289 3221 1358 recipiet
3246 1292 3572 1356 mercedem,
3607 1301 3717 1345 tam

2126 1388 2226 1443 pro
2258 1374 2321 1428 iis
2350 1390 2470 1445 quae
2511 1375 2625 1445 ipse
2669 1387 2813 1432 recte
2859 1376 3006 1444 facit,
3051 1395 3209 1448 quam
3252 1380 3444 1449 quibus
3478 1381 3613 1435 alios
3661 1382 3718 1436 in

2126 1466 2381 1534 Optimam
2422 1467 2563 1521 illam
2589 1468 2791 1523 inducit
2833 1470 3250 1540 philosophiam.
3279 1470 3358 1527 Ne
3386 1473 3715 1541 prmtexatis,

2124 1556 2371 1623 obsecro,
2404 1558 2592 1629 frigida
2620 1568 2676 1613 et
2702 1560 2923 1643 ridicula
2948 1562 3110 1616 verba
3140 1562 3275 1629 haec,
3309 1563 3549 1617 dicentes
3579 1563 3717 1633 legi-

2124 1650 2252 1704 tima
2283 1650 2526 1717 quaedam
2564 1665 2684 1707 esse
2720 1650 2857 1718 haec,
2899 1663 2953 1708 et
2994 1663 3274 1723 propterea
3304 1655 3510 1725 impleri
3550 1669 3720 1725 0p0r--

2125 1750 2258 1796 tere.
2287 1741 2403 1797 Non
2427 1745 2568 1798 enim
2592 1744 2707 1799 hare
2724 1745 3014 1816 legitimum
3043 1747 3242 1801 faciunt
3266 1748 3594 1818 conjugium,
3617 1747 3717 1802 sed

2122 1837 2167 1890 si
2197 1836 2487 1891 secundum
2514 1838 2657 1908 leges
2688 1838 2778 1893 Dei
2810 1854 2929 1892 cum
2959 1840 3202 1896 castitate
3228 1850 3282 1895 et
3310 1840 3591 1895 honestate
3623 1839 3717 1893 fiat

2122 1939 2440 1998 conventus,
2484 1932 2613 1987 etsi
2643 1931 2928 1987 concordia
2972 1947 3162 2002 magna
3205 1931 3517 1987 cohaereant
3554 1931 3590 1984 ii
3620 1931 3714 2002 qui

2122 2022 2467 2076 conveniunt.
2510 2021 2785 2077 Noverunt
2825 2023 2925 2077 hoc
2951 2023 3115 2077 etiam
3166 2033 3404 2078 externae
3433 2022 3579 2093 leges
3612 2039 3627 2075 :
3657 2032 3717 2078 et

2120 2113 2307 2168 audies
2349 2129 2463 2178 eos,
2509 2115 2599 2183 qui
2655 2115 2738 2169 his
2780 2114 3116 2181 studuerunt,
3162 2115 3361 2180 dicere,
3403 2115 3711 2183 conjugium

2122 2204 2253 2259 nihil
2283 2204 2426 2259 aliud
2465 2207 2791 2261 constituere
2817 2222 2978 2276 quam
3012 2206 3477 2261 consuetudinem.
3508 2206 3584 2260 Ne
3614 2206 3714 2276 igi-

2120 2308 2207 2355 tur
2236 2299 2443 2355 divinas
2471 2300 2617 2370 leges
2653 2316 2775 2355 cum
2806 2299 3054 2354 humanis
3102 2300 3577 2371 transgrediamur,
3611 2314 3712 2353 nec

2120 2392 2472 2463 pra-feramus
2515 2393 2805 2449 diabolicas
2857 2393 3001 2465 leges
3066 2403 3121 2449 et
3170 2394 3524 2463 perniciosam
3573 2393 3733 2474 hanc.

2119 2485 2560 2541 consuetudinem
2593 2505 2605 2540 :
2636 2487 2779 2541 illius
2799 2487 2945 2541 enim
2973 2486 3059 2541 lex
3085 2497 3209 2541 sunt
3235 2485 3373 2552 haec,
3397 2487 3486 2556 qui
3514 2487 3711 2556 gaudet

2118 2577 2185 2634 de
2206 2578 2424 2633 interitu
2453 2588 2657 2633 nostro.
2690 2578 2830 2647 Quid
2868 2579 3028 2650 igitur
3055 2578 3154 2633 hac
3176 2579 3565 2633 consuetudine
3593 2594 3710 2633 ma-

2116 2672 2197 2742 gis
2221 2672 2528 2736 ridiculum,
2566 2671 2780 2743 quando
2805 2673 2886 2726 vir
2928 2682 2985 2726 et
3025 2688 3165 2726 uxor
3194 2671 3492 2726 innumeris
3523 2673 3712 2725 convi-

2116 2763 2214 2819 ciis
2235 2774 2289 2819 et
2318 2763 2625 2818 scommatis
2646 2778 2676 2817 a
2702 2763 2873 2818 servis
2895 2763 3198 2832 nulliusque
3220 2763 3375 2833 pretii
3406 2762 3711 2816 hominibus

2116 2857 2476 2924 incessuntur,
2506 2871 2569 2911 ac
2595 2871 2752 2911 nemo
2781 2864 2865 2911 est
2888 2856 2978 2927 qui
3010 2856 3288 2924 increpet:
3319 2855 3415 2910 sed
3442 2856 3568 2909 licet
3595 2856 3711 2909 cui-

2116 2950 2197 3005 vis
2219 2949 2422 3005 volenti
2452 2949 2517 3003 ad
2549 2964 2829 3025 vesperam
2859 2950 3037 3003 omnia
3073 2949 3238 3020 loqui,
3281 2958 3336 3005 et
3364 2950 3604 3003 convicia
3630 2949 3713 3017 ja-

2114 3059 2240 3100 cere
2268 3043 2320 3098 in
2364 3058 2619 3113 sponsum
2647 3052 2703 3098 et
2730 3042 3025 3113 sponsam?
3054 3042 3123 3097 Et
3168 3044 3219 3096 in
3250 3043 3355 3096 alio
3384 3042 3474 3097 die
3517 3043 3559 3096 si
3588 3042 3710 3111 quis

2114 3144 2403 3192 conaretur
2426 3134 2498 3189 ita
2528 3135 2726 3190 salibus
2756 3134 3026 3200 mordere,
3067 3133 3482 3203 periclitaretur,
3510 3132 3577 3206 ad
3616 3132 3713 3185 tri-

2116 3227 2276 3283 bunal
2306 3227 2664 3283 abduceretur
2689 3235 2743 3282 et
2774 3227 3050 3297 puniretur
3075 3244 3088 3279 :
3120 3234 3245 3281 tunc
3283 3236 3461 3280 autem
3494 3224 3709 3295 quando

2115 3318 2397 3388 plurimam
2443 3318 2725 3386 oportebat
2763 3333 2882 3373 esse
2923 3319 3299 3384 reverentiam,
3339 3318 3709 3386 majoremque

2116 3410 2450 3466 honestatem
2482 3419 2537 3466 et
2563 3411 2884 3476 castitatem,
2919 3418 3061 3464 tanta
3090 3410 3445 3466 obscoenitate
3474 3409 3709 3480 implen-

2114 3510 2202 3558 tur
2237 3502 2416 3559 omnia
2463 3502 2575 3568 illa,
2632 3514 2689 3558 ut
2722 3502 2997 3572 probabile
3040 3503 3110 3557 sit
3151 3502 3365 3556 diabolo
3407 3500 3546 3558 duce
3593 3501 3713 3556 lucc

2114 3594 2292 3648 omnia
2325 3594 2540 3648 iuventa
2566 3609 2706 3648 esse.
2736 3592 2934 3649 Verum
2954 3610 3021 3648 ne
3049 3609 3193 3665 aegre
3218 3594 3421 3659 feratis,
3447 3609 3546 3649 oro
3567 3612 3580 3647 :
3601 3609 3709 3647 non

2113 3687 2257 3743 enim
2284 3687 2488 3757 absque
2508 3701 2669 3741 causa
2693 3687 2745 3741 in
2772 3687 2911 3742 hunc
2926 3702 3229 3742 sermonem
3252 3688 3477 3758 digressi
3501 3703 3709 3755 sumus,

2115 3777 2212 3833 sed
2259 3791 2440 3831 curam
2474 3776 2681 3832 habens
2726 3787 2918 3832 vestra:
2939 3777 3126 3832 salutis
3155 3789 3209 3833 et
3240 3778 3567 3846 honestatis,
3600 3779 3707 3835 vel-

2115 3869 2220 3924 lem
2246 3869 2501 3940 optimam
2537 3869 2673 3924 hanc
2700 3872 3048 3926 mutationem
3078 3871 3210 3937 eri,
3262 3888 3464 3941 vosque
3491 3874 3709 3943 optimae

2114 3963 2274 4033 hujus
2295 3963 2701 4019 consuetudinis
2729 3979 2850 4019 csse
2876 3965 3059 4020 duces.
3103 3964 3237 4020 Nam
3266 3967 3311 4021 si
3356 3967 3530 4021 solum
3560 3968 3709 4037 prin.

2112 4058 2310 4128 cipium
2336 4068 2390 4113 et
2418 4057 2500 4112 via
2531 4057 2623 4112 fiat
2650 4060 2849 4128 cperis,
2884 4060 3140 4128 paulatim
3187 4076 3294 4115 uno
3327 4062 3557 4115 alterum
3588 4062 3710 4116 lau-

2113 4150 2273 4205 dabili
2288 4150 2388 4205 hac
2400 4152 2741 4207 armulatione
2767 4154 3073 4220 aemulante,
3091 4170 3280 4209 omnes
3295 4155 3601 4211 laudatores
3615 4156 3682 4211 ha

2111 4242 2305 4298 bebitis
2322 4255 2399 4299 :et
2414 4259 2519 4299 non
2537 4252 2740 4299 tantum
2754 4246 2843 4316 qui
2863 4244 3131 4301 civitatem
3147 4247 3402 4312 incolunt,
3423 4248 3707 4303 imitabuu-

2111 4342 2199 4391 tur
2213 4335 2467 4405 optimam
2492 4337 2627 4391 hanc
2649 4336 3041 4392 innovationem
3061 4381 3075 4405 ,
3108 4339 3200 4394 sed
3219 4350 3272 4396 et
3288 4356 3384 4397 eos
3402 4341 3493 4411 qui
3523 4357 3712 4411 procn.

2112 4426 2348 4483 habitant
2393 4427 2761 4494 coneiliabitis,
2813 4438 2867 4484 et
2916 4431 3212 4486 imitatores
3254 4442 3465 4487 vestros
3504 4433 3708 4488 consti-

2112 4521 2272 4576 tuetis
2301 4538 2314 4576 :
2344 4530 2504 4592 atque
2529 4522 2748 4595 insuper
2775 4523 2930 4593 longe
2956 4524 3271 4594 ampliorem
3312 4541 3341 4580 a
3372 4526 3486 4581 Deo
3521 4542 3709 4598 repor-

2111 4616 2290 4673 tabitis
2328 4632 2602 4682 coronam,
2643 4618 2782 4688 quod
2815 4628 3033 4690 pr0pter
3075 4620 3167 4674 Dei
3213 4620 3459 4675 timorem
3506 4633 3559 4676 et
3588 4622 3708 4691 ejus

2109 4708 2417 4764 mandatum
2441 4710 2759 4765 diabolicam
2796 4711 2931 4765 hanc
2952 4713 3333 4781 superaveritis
3360 4714 3708 4769 consuetudi-

2110 4818 2255 4859 nem.
2283 4803 2389 4860 Sed
2416 4805 2559 4874 quod
2581 4806 2884 4875 suscepturi
2914 4808 3033 4862 sitis
3063 4824 3252 4879 magna
3293 4810 3570 4884 alacritate
3602 4811 3703 4867 hoe

2108 4904 2351 4951 nostrum
2393 4897 2699 4962 consilium,
2741 4908 2796 4952 et
2837 4914 3003 4967 opere
3034 4901 3324 4969 impleturi,
3376 4901 3535 4956 valde
3575 4918 3697 4956 cono

2082 4988 2236 5055 fido.
2269 4985 2470 5043 Videtis
2498 4988 2640 5043 enim
2692 5004 2789 5044 vos
2830 5006 3020 5060 magna
3065 5006 3186 5055 cum
3213 4993 3489 5062 voluptate
3518 4995 3705 5049 audire

2106 5095 2170 5136 ea
2194 5098 2313 5153 quae
2333 5081 2601 5147 dicuntur,
2635 5081 2686 5136 id
2707 5096 2774 5136 ex
2795 5082 3053 5152 applausu
3081 5092 3134 5138 et
3162 5084 3411 5140 laudibus
3431 5086 3699 5156 conjecto,

2107 5187 2203 5228 vos
2227 5174 2388 5228 etiam
2418 5174 2667 5243 operibus
2695 5173 2837 5229 idem
2874 5174 3049 5245 ipsum
3080 5176 3534 5247 comprobatnros
3559 5194 3680 5233 esse

2108 5265 2397 5335 Propterea
2431 5277 2716 5323 contentus
2741 5267 2919 5332 dictis,
2964 5268 3032 5323 ad
3072 5278 3361 5329 contextus
3390 5271 3589 5325 seriem
3618 5288 3690 5325 re-

2102 5357 2336 5427 grediar.
2366 5356 2434 5413 Et
2465 5362 2600 5428 facta
2623 5369 2716 5423 est,
2748 5360 2937 5428 inquit,
2966 5376 3195 5430 vespera,
3223 5371 3269 5414 et
3299 5363 3496 5432 accepit
3522 5361 3703 5417 Labori

2102 5446 2250 5503 Liam
2279 5449 2440 5518 liam
2468 5467 2636 5515 suam,
2663 5461 2710 5505 et
2734 5452 3013 5507 introduxit
3041 5470 3152 5506 eam
3180 5454 3249 5507 ad
3280 5452 3465 5509 Jacob.

2177 5539 2492 5605 Quomodoa
2515 5540 2726 5598 Labano
2753 5542 2990 5613 deceptus
3016 5546 3167 5614 fuerit
3187 5544 3353 5599 Iacob
3377 5562 3397 5611 ,
3428 5546 3538 5616 ejus
3573 5548 3706 5600 sim-

2102 5632 2323 5703 plicitas.
2351 5664 2423 5674 _
2444 5634 2521 5689 Ne
2560 5636 2735 5691 obiter
2778 5637 2941 5690 etiam
2981 5635 3084 5692 hoc
3115 5648 3499 5708 praetereamus
3533 5660 3546 5695 :
3577 5656 3698 5695 nam

2100 5725 2189 5782 hic
2213 5742 2426 5797 quoque
2450 5731 2615 5785 multa
2643 5730 2972 5786 considerari
3004 5744 3229 5803 possunt
3256 5753 3269 5790 :
3297 5736 3533 5804 primum
3573 5735 3685 5789 sim

2105 5817 2314 5887 plicitas
2342 5818 2527 5889 Jacob,
2573 5831 2627 5878 et
2664 5822 2933 5892 quomodo
2962 5822 3030 5880 ab
3059 5826 3205 5881 omni
3250 5826 3451 5882 malitia
3493 5827 3703 5882 alienus;
