  <div class='ocr_page' id='page_1' title='image "/cluster/home/n/w/nwhite01/storage/ocr_20150623/54/nnc1.0046978518/114.png"; bbox 0 0 4038 6358; ppageno 0'>
   <div class='ocr_carea' id='block_1_1' title="bbox 258 324 368 381">
    <p class='ocr_par' dir='ltr' id='par_1_1' title="bbox 258 324 368 381">
     <span class='ocr_line' id='line_1_1' title="bbox 258 324 368 381; baseline -0.018 0"><span class='ocrx_word' id='word_1_1' title='bbox 258 324 368 381; x_wconf 70' lang='grc'>487</span> 
     </span>
    </p>
   </div>
   <div class='ocr_carea' id='block_1_2' title="bbox 258 431 1851 506">
    <p class='ocr_par' dir='ltr' id='par_1_2' title="bbox 258 431 1851 506">
     <span class='ocr_line' id='line_1_2' title="bbox 258 431 1851 506; baseline -0.001 -17"><span class='ocrx_word' id='word_1_2' title='bbox 258 434 438 505; x_wconf 82' lang='grc' dir='ltr'>ἀκοῆς</span> <span class='ocrx_word' id='word_1_3' title='bbox 474 431 868 504; x_wconf 75' lang='grc' dir='ltr'>ὀαψιλεστέραν</span> <span class='ocrx_word' id='word_1_4' title='bbox 903 433 1212 487; x_wconf 82' lang='grc' dir='ltr'>ἀνάπτοντα</span> <span class='ocrx_word' id='word_1_5' title='bbox 1246 435 1346 506; x_wconf 82' lang='grc' dir='ltr'>τὴν</span> <span class='ocrx_word' id='word_1_6' title='bbox 1387 435 1567 506; x_wconf 85' lang='grc' dir='ltr'>πυρὰν</span> <span class='ocrx_word' id='word_1_7' title='bbox 1587 475 1602 498; x_wconf 93' lang='grc'>,</span> <span class='ocrx_word' id='word_1_8' title='bbox 1634 435 1729 490; x_wconf 76' lang='grc' dir='ltr'>καὶ</span> <span class='ocrx_word' id='word_1_9' title='bbox 1752 436 1851 506; x_wconf 83' lang='grc' dir='ltr'>τὴν</span> 
     </span>
    </p>
   </div>
   <div class='ocr_carea' id='block_1_3' title="bbox 258 516 1851 589">
    <p class='ocr_par' dir='ltr' id='par_1_3' title="bbox 258 516 1851 589">
     <span class='ocr_line' id='line_1_3' title="bbox 258 516 1851 589; baseline -0.002 -16"><span class='ocrx_word' id='word_1_10' title='bbox 258 518 499 589; x_wconf 76' lang='grc' dir='ltr'>κάμινον</span> <span class='ocrx_word' id='word_1_11' title='bbox 531 516 639 569; x_wconf 88' lang='grc' dir='ltr'>τῶν</span> <span class='ocrx_word' id='word_1_12' title='bbox 665 517 851 570; x_wconf 89' lang='grc' dir='ltr'>παθῶν</span> <span class='ocrx_word' id='word_1_13' title='bbox 880 517 1319 588; x_wconf 84' lang='grc' dir='ltr'>φλογωδεστέραν</span> <span class='ocrx_word' id='word_1_14' title='bbox 1347 518 1709 588; x_wconf 86' lang='grc' dir='ltr'>ἐργαζόμενα,</span> <span class='ocrx_word' id='word_1_15' title='bbox 1734 519 1851 582; x_wconf 89' lang='grc' dir='ltr'>πῶς</span> 
     </span>
    </p>
   </div>
   <div class='ocr_carea' id='block_1_4' title="bbox 258 599 1861 671">
    <p class='ocr_par' dir='ltr' id='par_1_4' title="bbox 258 599 1861 671">
     <span class='ocr_line' id='line_1_4' title="bbox 258 599 1861 671; baseline 0 -18"><span class='ocrx_word' id='word_1_16' title='bbox 258 604 389 670; x_wconf 73' lang='grc' dir='ltr'>οὐχὶ</span> <span class='ocrx_word' id='word_1_17' title='bbox 415 599 742 670; x_wconf 82' lang='grc' dir='ltr'>ὑποϐρύχιος</span> <span class='ocrx_word' id='word_1_18' title='bbox 772 602 805 670; x_wconf 80' lang='grc' dir='ltr'>ἡ</span> <span class='ocrx_word' id='word_1_19' title='bbox 834 599 928 653; x_wconf 91' lang='grc' dir='ltr'>τοῦ</span> <span class='ocrx_word' id='word_1_20' title='bbox 960 602 1079 655; x_wconf 87' lang='grc' dir='ltr'>νέου</span> <span class='ocrx_word' id='word_1_21' title='bbox 1105 601 1250 670; x_wconf 84' lang='grc' dir='ltr'>ψυχὴ</span> <span class='ocrx_word' id='word_1_22' title='bbox 1288 603 1573 671; x_wconf 83' lang='grc' dir='ltr'>γενήσεται</span> <span class='ocrx_word' id='word_1_23' title='bbox 1597 619 1611 668; x_wconf 90' lang='grc'><strong>;</strong></span> <span class='ocrx_word' id='word_1_24' title='bbox 1649 602 1861 659; x_wconf 80' lang='grc' dir='ltr'>Ἐντεῦ-</span> 
     </span>
    </p>
   </div>
   <div class='ocr_carea' id='block_1_5' title="bbox 260 682 1856 755">
    <p class='ocr_par' dir='ltr' id='par_1_5' title="bbox 260 682 1856 755">
     <span class='ocr_line' id='line_1_5' title="bbox 260 682 1856 755; baseline 0.002 -20"><span class='ocrx_word' id='word_1_25' title='bbox 260 684 358 737; x_wconf 85' lang='grc' dir='ltr'>θεν</span> <span class='ocrx_word' id='word_1_26' title='bbox 399 685 507 753; x_wconf 86' lang='grc' dir='ltr'>γάρ</span> <span class='ocrx_word' id='word_1_27' title='bbox 556 682 772 736; x_wconf 80' lang='grc' dir='ltr'>ἅπαντα</span> <span class='ocrx_word' id='word_1_28' title='bbox 815 683 1059 736; x_wconf 87' lang='grc' dir='ltr'>ἀπόλωλε</span> <span class='ocrx_word' id='word_1_29' title='bbox 1098 685 1194 737; x_wconf 74' lang='grc' dir='ltr'>καὶ</span> <span class='ocrx_word' id='word_1_30' title='bbox 1233 683 1585 755; x_wconf 86' lang='grc' dir='ltr'>διέφθαρται,</span> <span class='ocrx_word' id='word_1_31' title='bbox 1631 684 1737 737; x_wconf 84' lang='grc' dir='ltr'>ἀπὸ</span> <span class='ocrx_word' id='word_1_32' title='bbox 1764 684 1856 738; x_wconf 91' lang='grc' dir='ltr'>τοῦ</span> 
     </span>
    </p>
   </div>
   <div class='ocr_carea' id='block_1_6' title="bbox 257 764 1860 837">
    <p class='ocr_par' dir='ltr' id='par_1_6' title="bbox 257 764 1860 837">
     <span class='ocr_line' id='line_1_6' title="bbox 257 764 1860 837; baseline -0.001 -18"><span class='ocrx_word' id='word_1_33' title='bbox 257 767 367 836; x_wconf 83' lang='grc' dir='ltr'>τὴν</span> <span class='ocrx_word' id='word_1_34' title='bbox 398 764 754 835; x_wconf 74' lang='grc' dir='ltr'>σωφροσύνην</span> <span class='ocrx_word' id='word_1_35' title='bbox 783 764 844 830; x_wconf 80' lang='grc' dir='ltr'>ἐξ</span> <span class='ocrx_word' id='word_1_36' title='bbox 875 767 1050 836; x_wconf 86' lang='grc' dir='ltr'>ἀρχῆς</span> <span class='ocrx_word' id='word_1_37' title='bbox 1078 766 1446 834; x_wconf 89' lang='grc' dir='ltr'>διορύττεσθαι</span> <span class='ocrx_word' id='word_1_38' title='bbox 1476 766 1587 819; x_wconf 87' lang='grc' dir='ltr'>τῶν</span> <span class='ocrx_word' id='word_1_39' title='bbox 1643 767 1860 837; x_wconf 88' lang='grc' dir='ltr'>μελλόν-</span> 
     </span>
    </p>
   </div>
   <div class='ocr_carea' id='block_1_7' title="bbox 260 849 1861 921">
    <p class='ocr_par' dir='ltr' id='par_1_7' title="bbox 260 849 1861 921">
     <span class='ocr_line' id='line_1_7' title="bbox 260 849 1861 921; baseline 0.001 -21"><span class='ocrx_word' id='word_1_40' title='bbox 260 866 377 902; x_wconf 83' lang='grc' dir='ltr'>των</span> <span class='ocrx_word' id='word_1_41' title='bbox 423 849 676 918; x_wconf 77' lang='grc' dir='ltr'>ἀλλήλοις</span> <span class='ocrx_word' id='word_1_42' title='bbox 734 850 1026 902; x_wconf 86' lang='grc' dir='ltr'>συνιέναι·</span> <span class='ocrx_word' id='word_1_43' title='bbox 1069 851 1161 903; x_wconf 79' lang='grc' dir='ltr'>καὶ</span> <span class='ocrx_word' id='word_1_44' title='bbox 1214 849 1472 912; x_wconf 81' lang='grc' dir='ltr'>πολλάκις</span> <span class='ocrx_word' id='word_1_45' title='bbox 1526 852 1590 903; x_wconf 85' lang='grc' dir='ltr'>ἐκ</span> <span class='ocrx_word' id='word_1_46' title='bbox 1638 850 1861 921; x_wconf 84' lang='grc' dir='ltr'>πρώτης</span> 
     </span>
    </p>
   </div>
   <div class='ocr_carea' id='block_1_8' title="bbox 263 932 1862 1004">
    <p class='ocr_par' dir='ltr' id='par_1_8' title="bbox 263 932 1862 1004">
     <span class='ocr_line' id='line_1_8' title="bbox 263 932 1862 1004; baseline 0 -20"><span class='ocrx_word' id='word_1_47' title='bbox 263 932 486 1004; x_wconf 64' lang='grc' dir='ltr'>⁴ἡμέρας</span> <span class='ocrx_word' id='word_1_48' title='bbox 516 933 611 984; x_wconf 77' lang='grc' dir='ltr'>καὶ</span> <span class='ocrx_word' id='word_1_49' title='bbox 641 934 671 985; x_wconf 94' lang='lat'>6</span> <span class='ocrx_word' id='word_1_50' title='bbox 698 932 817 995; x_wconf 88' lang='grc' dir='ltr'>νέος</span> <span class='ocrx_word' id='word_1_51' title='bbox 842 932 1060 995; x_wconf 78' lang='grc' dir='ltr'>ἐδέξατο</span> <span class='ocrx_word' id='word_1_52' title='bbox 1087 932 1240 1002; x_wconf 81' lang='grc' dir='ltr'>βέλος</span> <span class='ocrx_word' id='word_1_53' title='bbox 1269 932 1554 985; x_wconf 85' lang='grc' dir='ltr'>σατανικὸν</span> <span class='ocrx_word' id='word_1_54' title='bbox 1582 935 1639 986; x_wconf 85' lang='grc' dir='ltr'>ἐν</span> <span class='ocrx_word' id='word_1_55' title='bbox 1668 937 1734 1004; x_wconf 82' lang='grc' dir='ltr'>τῇ</span> <span class='ocrx_word' id='word_1_56' title='bbox 1758 933 1862 1001; x_wconf 77' lang='grc' dir='ltr'>ψυ·</span> 
     </span>
    </p>
   </div>
   <div class='ocr_carea' id='block_1_9' title="bbox 261 1014 1863 1088">
    <p class='ocr_par' dir='ltr' id='par_1_9' title="bbox 261 1014 1863 1088">
     <span class='ocr_line' id='line_1_9' title="bbox 261 1014 1863 1088; baseline -0.002 -18"><span class='ocrx_word' id='word_1_57' title='bbox 261 1019 337 1085; x_wconf 78' lang='grc' dir='ltr'>χῇ</span> <span class='ocrx_word' id='word_1_58' title='bbox 360 1058 375 1081; x_wconf 89' lang='grc'>,</span> <span class='ocrx_word' id='word_1_59' title='bbox 411 1014 731 1078; x_wconf 78' lang='grc' dir='ltr'>ἀκολάστοις</span> <span class='ocrx_word' id='word_1_60' title='bbox 768 1014 893 1069; x_wconf 88' lang='grc' dir='ltr'>ἰδὼν</span> <span class='ocrx_word' id='word_1_61' title='bbox 932 1015 1265 1085; x_wconf 78' lang='grc' dir='ltr'>ὀφθαλμοῖς,</span> <span class='ocrx_word' id='word_1_62' title='bbox 1299 1017 1446 1085; x_wconf 72' lang='grc' dir='ltr'>καὶὴ</span> <span class='ocrx_word' id='word_1_63' title='bbox 1474 1016 1609 1088; x_wconf 87' lang='grc' dir='ltr'>κόρη</span> <span class='ocrx_word' id='word_1_64' title='bbox 1644 1017 1738 1069; x_wconf 81' lang='grc' dir='ltr'>καὶ</span> <span class='ocrx_word' id='word_1_65' title='bbox 1772 1015 1863 1068; x_wconf 78' lang='grc' dir='ltr'>διὰ</span> 
     </span>
    </p>
   </div>
   <div class='ocr_carea' id='block_1_10' title="bbox 263 1098 1861 1168">
    <p class='ocr_par' dir='ltr' id='par_1_10' title="bbox 263 1098 1861 1168">
     <span class='ocr_line' id='line_1_10' title="bbox 263 1098 1861 1168; baseline -0.001 -16"><span class='ocrx_word' id='word_1_66' title='bbox 263 1100 367 1168; x_wconf 77' lang='grc' dir='ltr'>τῆς</span> <span class='ocrx_word' id='word_1_67' title='bbox 394 1099 561 1168; x_wconf 85' lang='grc' dir='ltr'>ἀκοῆς</span> <span class='ocrx_word' id='word_1_68' title='bbox 593 1099 687 1151; x_wconf 71' lang='grc' dir='ltr'>καὶ</span> <span class='ocrx_word' id='word_1_69' title='bbox 712 1099 802 1153; x_wconf 78' lang='grc' dir='ltr'>διὰ</span> <span class='ocrx_word' id='word_1_70' title='bbox 828 1099 927 1168; x_wconf 85' lang='grc' dir='ltr'>τῆς</span> <span class='ocrx_word' id='word_1_71' title='bbox 953 1099 1131 1167; x_wconf 73' lang='grc' dir='ltr'>ὅψεως</span> <span class='ocrx_word' id='word_1_72' title='bbox 1155 1098 1497 1168; x_wconf 77' lang='grc' dir='ltr'>αἰχμάλωτος</span> <span class='ocrx_word' id='word_1_73' title='bbox 1522 1099 1736 1167; x_wconf 86' lang='grc' dir='ltr'>γέγονε,</span> <span class='ocrx_word' id='word_1_74' title='bbox 1766 1098 1861 1152; x_wconf 70' lang='grc' dir='ltr'>καὶ</span> 
     </span>
    </p>
   </div>
   <div class='ocr_carea' id='block_1_11' title="bbox 265 1182 1861 1253">
    <p class='ocr_par' dir='ltr' id='par_1_11' title="bbox 265 1182 1861 1253">
     <span class='ocr_line' id='line_1_11' title="bbox 265 1182 1861 1253; baseline 0 -19"><span class='ocrx_word' id='word_1_75' title='bbox 265 1182 443 1234; x_wconf 87' lang='grc' dir='ltr'>ταῦτα</span> <span class='ocrx_word' id='word_1_76' title='bbox 489 1182 546 1248; x_wconf 77' lang='grc' dir='ltr'>ἐξ</span> <span class='ocrx_word' id='word_1_77' title='bbox 576 1182 812 1252; x_wconf 60' lang='grc' dir='ltr'>⁷ἐκείνης</span> <span class='ocrx_word' id='word_1_78' title='bbox 851 1182 1039 1236; x_wconf 82' lang='grc' dir='ltr'>λοιπὸν</span> <span class='ocrx_word' id='word_1_79' title='bbox 1085 1182 1187 1252; x_wconf 86' lang='grc' dir='ltr'>τῆς</span> <span class='ocrx_word' id='word_1_80' title='bbox 1225 1183 1437 1253; x_wconf 77' lang='grc' dir='ltr'>ἡμέρας</span> <span class='ocrx_word' id='word_1_81' title='bbox 1472 1182 1540 1235; x_wconf 86' lang='grc' dir='ltr'>τὰ</span> <span class='ocrx_word' id='word_1_82' title='bbox 1572 1182 1861 1252; x_wconf 80' lang='grc' dir='ltr'>τραύματα</span> 
     </span>
    </p>
   </div>
   <div class='ocr_carea' id='block_1_12' title="bbox 266 1264 1863 1339">
    <p class='ocr_par' dir='ltr' id='par_1_12' title="bbox 266 1264 1863 1339">
     <span class='ocr_line' id='line_1_12' title="bbox 266 1264 1863 1339; baseline 0 -22"><span class='ocrx_word' id='word_1_83' title='bbox 266 1266 611 1335; x_wconf 83' lang='grc' dir='ltr'>αὐξανόμενα</span> <span class='ocrx_word' id='word_1_84' title='bbox 671 1267 855 1335; x_wconf 85' lang='grc' dir='ltr'>μεῖζον</span> <span class='ocrx_word' id='word_1_85' title='bbox 919 1265 1209 1339; x_wconf 76' lang='grc' dir='ltr'>ἐργάζεται</span> <span class='ocrx_word' id='word_1_86' title='bbox 1261 1266 1324 1319; x_wconf 86' lang='grc' dir='ltr'>τὸ</span> <span class='ocrx_word' id='word_1_87' title='bbox 1369 1266 1561 1319; x_wconf 87' lang='grc' dir='ltr'>κακόν.</span> <span class='ocrx_word' id='word_1_88' title='bbox 1602 1266 1712 1319; x_wconf 77' lang='grc' dir='ltr'>Καὶ</span> <span class='ocrx_word' id='word_1_89' title='bbox 1756 1264 1863 1335; x_wconf 82' lang='grc' dir='ltr'>γὰρ</span> 
     </span>
    </p>
   </div>
   <div class='ocr_carea' id='block_1_13' title="bbox 266 1348 1864 1421">
    <p class='ocr_par' dir='ltr' id='par_1_13' title="bbox 266 1348 1864 1421">
     <span class='ocr_line' id='line_1_13' title="bbox 266 1348 1864 1421; baseline 0 -22"><span class='ocrx_word' id='word_1_90' title='bbox 266 1348 491 1419; x_wconf 84' lang='grc' dir='ltr'>πρῶτον</span> <span class='ocrx_word' id='word_1_91' title='bbox 539 1350 634 1418; x_wconf 86' lang='grc' dir='ltr'>μὲν</span> <span class='ocrx_word' id='word_1_92' title='bbox 676 1351 777 1419; x_wconf 76' lang='grc' dir='ltr'>τὴν</span> <span class='ocrx_word' id='word_1_93' title='bbox 816 1348 954 1420; x_wconf 82' lang='grc' dir='ltr'>πρὸς</span> <span class='ocrx_word' id='word_1_94' title='bbox 994 1349 1259 1421; x_wconf 74' lang='grc' dir='ltr'>ἀλλήλους</span> <span class='ocrx_word' id='word_1_95' title='bbox 1294 1348 1473 1401; x_wconf 86' lang='grc' dir='ltr'>αὐτῶν</span> <span class='ocrx_word' id='word_1_96' title='bbox 1498 1348 1751 1418; x_wconf 86' lang='grc' dir='ltr'>ὁμόνοιαν</span> <span class='ocrx_word' id='word_1_97' title='bbox 1783 1349 1864 1401; x_wconf 85' lang='grc' dir='ltr'>δι-</span> 
     </span>
    </p>
   </div>
   <div class='ocr_carea' id='block_1_14' title="bbox 268 1430 1865 1501">
    <p class='ocr_par' dir='ltr' id='par_1_14' title="bbox 268 1430 1865 1501">
     <span class='ocr_line' id='line_1_14' title="bbox 268 1430 1865 1501; baseline 0.001 -20"><span class='ocrx_word' id='word_1_98' title='bbox 268 1430 510 1500; x_wconf 89' lang='grc' dir='ltr'>ορύττει,</span> <span class='ocrx_word' id='word_1_99' title='bbox 545 1432 639 1484; x_wconf 76' lang='grc' dir='ltr'>καὶ</span> <span class='ocrx_word' id='word_1_100' title='bbox 663 1432 753 1484; x_wconf 83' lang='grc' dir='ltr'>τὸν</span> <span class='ocrx_word' id='word_1_101' title='bbox 785 1430 950 1484; x_wconf 82' lang='grc' dir='ltr'>πόθον</span> <span class='ocrx_word' id='word_1_102' title='bbox 976 1431 1579 1501; x_wconf 87' lang='grc' dir='ltr'>καταμαραίνει.Ὅταν</span> <span class='ocrx_word' id='word_1_103' title='bbox 1600 1431 1709 1501; x_wconf 86' lang='grc' dir='ltr'>γάρ</span> <span class='ocrx_word' id='word_1_104' title='bbox 1729 1430 1865 1500; x_wconf 84' lang='grc' dir='ltr'>πρὸς</span> 
     </span>
    </p>
   </div>
   <div class='ocr_carea' id='block_1_15' title="bbox 268 1510 1866 1587">
    <p class='ocr_par' dir='ltr' id='par_1_15' title="bbox 268 1510 1866 1587">
     <span class='ocr_line' id='line_1_15' title="bbox 268 1510 1866 1587; baseline 0 -20"><span class='ocrx_word' id='word_1_105' title='bbox 268 1515 470 1586; x_wconf 80' lang='grc' dir='ltr'>ἑτέραν</span> <span class='ocrx_word' id='word_1_106' title='bbox 505 1517 712 1579; x_wconf 87' lang='grc' dir='ltr'>ἐκεῖνος</span> <span class='ocrx_word' id='word_1_107' title='bbox 733 1518 945 1586; x_wconf 82' lang='grc' dir='ltr'>προσχῇ</span> <span class='ocrx_word' id='word_1_108' title='bbox 977 1519 1042 1587; x_wconf 83' lang='grc' dir='ltr'>τῇ</span> <span class='ocrx_word' id='word_1_109' title='bbox 1076 1516 1305 1586; x_wconf 79' lang='grc' dir='ltr'>διανοίᾳ,</span> <span class='ocrx_word' id='word_1_110' title='bbox 1330 1510 1432 1569; x_wconf 80' lang='grc' dir='ltr'>ὧδε</span> <span class='ocrx_word' id='word_1_111' title='bbox 1454 1517 1679 1569; x_wconf 85' lang='grc' dir='ltr'>κάκεῖσε</span> <span class='ocrx_word' id='word_1_112' title='bbox 1710 1533 1866 1586; x_wconf 86' lang='grc' dir='ltr'>μερι-</span> 
     </span>
    </p>
   </div>
   <div class='ocr_carea' id='block_1_16' title="bbox 271 1595 1863 1667">
    <p class='ocr_par' dir='ltr' id='par_1_16' title="bbox 271 1595 1863 1667">
     <span class='ocr_line' id='line_1_16' title="bbox 271 1595 1863 1667; baseline -0.001 -17"><span class='ocrx_word' id='word_1_113' title='bbox 271 1596 502 1667; x_wconf 83' lang='grc' dir='ltr'>ζόμενος</span> <span class='ocrx_word' id='word_1_114' title='bbox 543 1599 636 1650; x_wconf 84' lang='grc' dir='ltr'>τὸν</span> <span class='ocrx_word' id='word_1_115' title='bbox 679 1598 973 1667; x_wconf 86' lang='grc' dir='ltr'>λογισμὸν,</span> <span class='ocrx_word' id='word_1_116' title='bbox 1023 1598 1119 1650; x_wconf 77' lang='grc' dir='ltr'>καὶ</span> <span class='ocrx_word' id='word_1_117' title='bbox 1147 1597 1252 1651; x_wconf 76' lang='grc' dir='ltr'>ὑπὸ</span> <span class='ocrx_word' id='word_1_118' title='bbox 1279 1596 1375 1650; x_wconf 90' lang='grc' dir='ltr'>τοῦ</span> <span class='ocrx_word' id='word_1_119' title='bbox 1410 1597 1657 1650; x_wconf 87' lang='grc' dir='ltr'>διαϐόλου</span> <span class='ocrx_word' id='word_1_120' title='bbox 1699 1595 1863 1651; x_wconf 84' lang='grc' dir='ltr'>αὐτοῦ</span> 
     </span>
    </p>
   </div>
   <div class='ocr_carea' id='block_1_17' title="bbox 273 1680 1866 1752">
    <p class='ocr_par' dir='ltr' id='par_1_17' title="bbox 273 1680 1866 1752">
     <span class='ocr_line' id='line_1_17' title="bbox 273 1680 1866 1752; baseline 0.001 -21"><span class='ocrx_word' id='word_1_121' title='bbox 273 1680 585 1750; x_wconf 75' lang='grc' dir='ltr'>στρατηγοῦ</span> <span class='ocrx_word' id='word_1_122' title='bbox 596 1698 779 1750; x_wconf 90' lang='grc' dir='ltr'>μενος,</span> <span class='ocrx_word' id='word_1_123' title='bbox 801 1680 1003 1749; x_wconf 82' lang='grc' dir='ltr'>πολλῆς</span> <span class='ocrx_word' id='word_1_124' title='bbox 1028 1680 1219 1750; x_wconf 81' lang='grc' dir='ltr'>ἀηδίας</span> <span class='ocrx_word' id='word_1_125' title='bbox 1246 1680 1524 1752; x_wconf 85' lang='grc' dir='ltr'>πληρώσει</span> <span class='ocrx_word' id='word_1_126' title='bbox 1544 1680 1642 1750; x_wconf 86' lang='grc' dir='ltr'>τὴν</span> <span class='ocrx_word' id='word_1_127' title='bbox 1669 1681 1866 1733; x_wconf 83' lang='grc' dir='ltr'>οἰκίαν.</span> 
     </span>
    </p>
   </div>
   <div class='ocr_carea' id='block_1_18' title="bbox 271 1762 1863 1835">
    <p class='ocr_par' dir='ltr' id='par_1_18' title="bbox 271 1762 1863 1835">
     <span class='ocr_line' id='line_1_18' title="bbox 271 1762 1863 1835; baseline -0.001 -18"><span class='ocrx_word' id='word_1_128' title='bbox 271 1764 336 1817; x_wconf 85' lang='grc' dir='ltr'><strong>Εἰ</strong></span> <span class='ocrx_word' id='word_1_129' title='bbox 364 1763 419 1816; x_wconf 79' lang='grc' dir='ltr'>δὲ</span> <span class='ocrx_word' id='word_1_130' title='bbox 451 1764 677 1833; x_wconf 88' lang='grc' dir='ltr'>κάκείνη</span> <span class='ocrx_word' id='word_1_131' title='bbox 699 1763 946 1835; x_wconf 84' lang='grc' dir='ltr'>εὑρεθείη</span> <span class='ocrx_word' id='word_1_132' title='bbox 968 1762 1208 1817; x_wconf 91' lang='grc' dir='ltr'>τοιοῦτόν</span> <span class='ocrx_word' id='word_1_133' title='bbox 1224 1782 1273 1817; x_wconf 89' lang='grc' dir='ltr'>τι</span> <span class='ocrx_word' id='word_1_134' title='bbox 1288 1763 1555 1828; x_wconf 80' lang='grc' dir='ltr'>παθοῦσα,</span> <span class='ocrx_word' id='word_1_135' title='bbox 1584 1763 1642 1830; x_wconf 76' lang='grc' dir='ltr'>ἐξ</span> <span class='ocrx_word' id='word_1_136' title='bbox 1664 1763 1863 1827; x_wconf 87' lang='grc' dir='ltr'>αὐτῶν,</span> 
     </span>
    </p>
   </div>
   <div class='ocr_carea' id='block_1_19' title="bbox 270 1844 1867 1917">
    <p class='ocr_par' dir='ltr' id='par_1_19' title="bbox 270 1844 1867 1917">
     <span class='ocr_line' id='line_1_19' title="bbox 270 1844 1867 1917; baseline -0.001 -19"><span class='ocrx_word' id='word_1_137' title='bbox 270 1846 350 1909; x_wconf 81' lang='grc' dir='ltr'>ὡς</span> <span class='ocrx_word' id='word_1_138' title='bbox 376 1848 573 1909; x_wconf 87' lang='grc' dir='ltr'>είπεῖν,</span> <span class='ocrx_word' id='word_1_139' title='bbox 605 1847 715 1899; x_wconf 89' lang='grc' dir='ltr'>τῶν</span> <span class='ocrx_word' id='word_1_140' title='bbox 747 1847 962 1916; x_wconf 86' lang='grc' dir='ltr'>βάθρων</span> <span class='ocrx_word' id='word_1_141' title='bbox 985 1846 1198 1901; x_wconf 72' lang='grc' dir='ltr'>ἅπαντα</span> <span class='ocrx_word' id='word_1_142' title='bbox 1232 1846 1613 1917; x_wconf 83' lang='grc' dir='ltr'>ἀνατρέπεται,</span> <span class='ocrx_word' id='word_1_143' title='bbox 1638 1847 1732 1899; x_wconf 78' lang='grc' dir='ltr'>καὶ</span> <span class='ocrx_word' id='word_1_144' title='bbox 1758 1844 1867 1898; x_wconf 82' lang='grc' dir='ltr'>λοι-</span> 
     </span>
    </p>
   </div>
   <div class='ocr_carea' id='block_1_20' title="bbox 273 1927 1869 2002">
    <p class='ocr_par' dir='ltr' id='par_1_20' title="bbox 273 1927 1869 2002">
     <span class='ocr_line' id='line_1_20' title="bbox 273 1927 1869 2002; baseline -0.001 -20"><span class='ocrx_word' id='word_1_145' title='bbox 273 1931 380 1984; x_wconf 80' lang='grc' dir='ltr'>πδν</span> <span class='ocrx_word' id='word_1_146' title='bbox 408 1930 673 2002; x_wconf 83' lang='grc' dir='ltr'>ἀλλήλους</span> <span class='ocrx_word' id='word_1_147' title='bbox 699 1929 1053 2001; x_wconf 82' lang='grc' dir='ltr'>κρύπτοντες,</span> <span class='ocrx_word' id='word_1_148' title='bbox 1090 1932 1119 1984; x_wconf 98' lang='lat'>6</span> <span class='ocrx_word' id='word_1_149' title='bbox 1150 1930 1250 1998; x_wconf 85' lang='grc' dir='ltr'>μὲν</span> <span class='ocrx_word' id='word_1_150' title='bbox 1283 1930 1348 1983; x_wconf 88' lang='grc' dir='ltr'>δι’</span> <span class='ocrx_word' id='word_1_151' title='bbox 1378 1930 1611 1999; x_wconf 80' lang='grc' dir='ltr'>ὑποψίας</span> <span class='ocrx_word' id='word_1_152' title='bbox 1635 1929 1749 2000; x_wconf 81' lang='grc' dir='ltr'>ἔχει</span> <span class='ocrx_word' id='word_1_153' title='bbox 1772 1927 1869 1998; x_wconf 84' lang='grc' dir='ltr'>τὴν</span> 
     </span>
    </p>
   </div>
   <div class='ocr_carea' id='block_1_21' title="bbox 271 2013 1868 2085">
    <p class='ocr_par' dir='ltr' id='par_1_21' title="bbox 271 2013 1868 2085">
     <span class='ocr_line' id='line_1_21' title="bbox 271 2013 1868 2085; baseline -0.001 -18"><span class='ocrx_word' id='word_1_154' title='bbox 271 2014 556 2083; x_wconf 82' lang='grc' dir='ltr'>γαμετὴν,</span> <span class='ocrx_word' id='word_1_155' title='bbox 597 2017 630 2084; x_wconf 84' lang='grc' dir='ltr'>ἡ</span> <span class='ocrx_word' id='word_1_156' title='bbox 665 2013 723 2066; x_wconf 83' lang='grc' dir='ltr'>δὲ</span> <span class='ocrx_word' id='word_1_157' title='bbox 760 2013 852 2067; x_wconf 87' lang='grc' dir='ltr'>τὸν</span> <span class='ocrx_word' id='word_1_158' title='bbox 893 2013 1080 2085; x_wconf 81' lang='grc' dir='ltr'>ἄνδρα.</span> <span class='ocrx_word' id='word_1_159' title='bbox 1119 2015 1229 2066; x_wconf 77' lang='grc' dir='ltr'>Καὶ</span> <span class='ocrx_word' id='word_1_160' title='bbox 1262 2014 1391 2067; x_wconf 74' lang='grc' dir='ltr'>ἔνθα</span> <span class='ocrx_word' id='word_1_161' title='bbox 1420 2015 1586 2085; x_wconf 84' lang='grc' dir='ltr'>ἐχρῆν</span> <span class='ocrx_word' id='word_1_162' title='bbox 1617 2013 1868 2084; x_wconf 84' lang='grc' dir='ltr'>ὁμόνοιαν</span> 
     </span>
    </p>
   </div>
   <div class='ocr_carea' id='block_1_22' title="bbox 272 2092 1870 2167">
    <p class='ocr_par' dir='ltr' id='par_1_22' title="bbox 272 2092 1870 2167">
     <span class='ocr_line' id='line_1_22' title="bbox 272 2092 1870 2167; baseline 0 -20"><span class='ocrx_word' id='word_1_163' title='bbox 272 2094 421 2149; x_wconf 81' lang='grc' dir='ltr'>εἶναι</span> <span class='ocrx_word' id='word_1_164' title='bbox 455 2097 549 2149; x_wconf 75' lang='grc' dir='ltr'>καὶ</span> <span class='ocrx_word' id='word_1_165' title='bbox 583 2094 896 2167; x_wconf 85' lang='grc' dir='ltr'>σύνδεσμον,</span> <span class='ocrx_word' id='word_1_166' title='bbox 918 2096 1012 2149; x_wconf 76' lang='grc' dir='ltr'>καὶ</span> <span class='ocrx_word' id='word_1_167' title='bbox 1037 2096 1085 2148; x_wconf 81' lang='grc' dir='ltr'>οἱ</span> <span class='ocrx_word' id='word_1_168' title='bbox 1109 2096 1414 2165; x_wconf 85' lang='grc' dir='ltr'>ὀφείλοντες</span> <span class='ocrx_word' id='word_1_169' title='bbox 1446 2096 1581 2167; x_wconf 76' lang='grc' dir='ltr'>σὰρξ</span> <span class='ocrx_word' id='word_1_170' title='bbox 1602 2092 1740 2150; x_wconf 78' lang='grc' dir='ltr'>εἶναι</span> <span class='ocrx_word' id='word_1_171' title='bbox 1773 2095 1870 2165; x_wconf 86' lang='grc' dir='ltr'>μία</span> 
     </span>
    </p>
   </div>
   <div class='ocr_carea' id='block_1_23' title="bbox 272 2178 1867 2249">
    <p class='ocr_par' dir='ltr' id='par_1_23' title="bbox 272 2178 1867 2249">
     <span class='ocr_line' id='line_1_23' title="bbox 272 2178 1867 2249; baseline 0.001 -18"><span class='ocrx_word' id='word_1_172' title='bbox 272 2179 595 2248; x_wconf 74' lang='grc' dir='ltr'>(”Εσονται</span> <span class='ocrx_word' id='word_1_173' title='bbox 635 2178 766 2248; x_wconf 78' lang='grc' dir='ltr'>γὰρ,</span> <span class='ocrx_word' id='word_1_174' title='bbox 811 2179 999 2248; x_wconf 79' lang='grc' dir='ltr'>φησὶν,</span> <span class='ocrx_word' id='word_1_175' title='bbox 1047 2181 1103 2232; x_wconf 80' lang='grc' dir='ltr'>οἱ</span> <span class='ocrx_word' id='word_1_176' title='bbox 1151 2179 1261 2233; x_wconf 83' lang='grc' dir='ltr'>δύο</span> <span class='ocrx_word' id='word_1_177' title='bbox 1311 2182 1399 2245; x_wconf 84' lang='grc' dir='ltr'>είς</span> <span class='ocrx_word' id='word_1_178' title='bbox 1445 2181 1645 2247; x_wconf 80' lang='grc' dir='ltr'>σάρκα</span> <span class='ocrx_word' id='word_1_179' title='bbox 1676 2178 1867 2249; x_wconf 80' lang='grc' dir='ltr'>μίαν),</span> 
     </span>
    </p>
   </div>
   <div class='ocr_carea' id='block_1_24' title="bbox 272 2254 1871 2333">
    <p class='ocr_par' dir='ltr' id='par_1_24' title="bbox 272 2254 1871 2333">
     <span class='ocr_line' id='line_1_24' title="bbox 272 2254 1871 2333; baseline -0.001 -20"><span class='ocrx_word' id='word_1_180' title='bbox 272 2254 427 2317; x_wconf 79' lang='grc' dir='ltr'>οῦτοι</span> <span class='ocrx_word' id='word_1_181' title='bbox 463 2260 615 2333; x_wconf 72' lang='grc'>1-540]</span> <span class='ocrx_word' id='word_1_182' title='bbox 648 2263 707 2314; x_wconf 80' lang='grc' dir='ltr'>ἐν</span> <span class='ocrx_word' id='word_1_183' title='bbox 738 2261 975 2333; x_wconf 78' lang='grc' dir='ltr'>τοσαύτῃ</span> <span class='ocrx_word' id='word_1_184' title='bbox 1011 2261 1271 2332; x_wconf 79' lang='grc' dir='ltr'>διαιρέσει</span> <span class='ocrx_word' id='word_1_185' title='bbox 1300 2261 1682 2332; x_wconf 83' lang='grc' dir='ltr'>τυγχάνουσιν,</span> <span class='ocrx_word' id='word_1_186' title='bbox 1708 2262 1782 2324; x_wconf 86' lang='grc' dir='ltr'>ὼς</span> <span class='ocrx_word' id='word_1_187' title='bbox 1822 2263 1871 2313; x_wconf 87' lang='grc' dir='ltr'>εί</span> 
     </span>
    </p>
   </div>
   <div class='ocr_carea' id='block_1_25' title="bbox 276 2341 1870 2417">
    <p class='ocr_par' dir='ltr' id='par_1_25' title="bbox 276 2341 1870 2417">
     <span class='ocr_line' id='line_1_25' title="bbox 276 2341 1870 2417; baseline 0.001 -20"><span class='ocrx_word' id='word_1_188' title='bbox 276 2347 377 2400; x_wconf 79' lang='grc' dir='ltr'>καὶ</span> <span class='ocrx_word' id='word_1_189' title='bbox 415 2347 890 2416; x_wconf 82' lang='grc' dir='ltr'>κατατετμημένοι</span> <span class='ocrx_word' id='word_1_190' title='bbox 912 2341 1071 2416; x_wconf 86' lang='grc' dir='ltr'>ἦσαν.</span> <span class='ocrx_word' id='word_1_191' title='bbox 1116 2345 1476 2399; x_wconf 87' lang='grc' dir='ltr'>Ἐπεισελθὼν</span> <span class='ocrx_word' id='word_1_192' title='bbox 1500 2346 1607 2417; x_wconf 83' lang='grc' dir='ltr'>γὰρ</span> <span class='ocrx_word' id='word_1_193' title='bbox 1635 2348 1662 2398; x_wconf 86' lang='grc' dir='ltr'>ό</span> <span class='ocrx_word' id='word_1_194' title='bbox 1686 2345 1870 2399; x_wconf 89' lang='grc' dir='ltr'>διάϐο-</span> 
     </span>
    </p>
   </div>
   <div class='ocr_carea' id='block_1_26' title="bbox 273 2428 1871 2500">
    <p class='ocr_par' dir='ltr' id='par_1_26' title="bbox 273 2428 1871 2500">
     <span class='ocr_line' id='line_1_26' title="bbox 273 2428 1871 2500; baseline 0 -19"><span class='ocrx_word' id='word_1_195' title='bbox 273 2430 373 2492; x_wconf 88' lang='grc' dir='ltr'>λος</span> <span class='ocrx_word' id='word_1_196' title='bbox 410 2428 683 2499; x_wconf 80' lang='grc' dir='ltr'>τοσαύτην</span> <span class='ocrx_word' id='word_1_197' title='bbox 732 2430 790 2482; x_wconf 88' lang='grc' dir='ltr'>ἐν</span> <span class='ocrx_word' id='word_1_198' title='bbox 836 2430 1018 2491; x_wconf 86' lang='grc' dir='ltr'>αὐτοῖς</span> <span class='ocrx_word' id='word_1_199' title='bbox 1067 2428 1360 2500; x_wconf 75' lang='grc' dir='ltr'>ἐργάζεται</span> <span class='ocrx_word' id='word_1_200' title='bbox 1407 2429 1505 2499; x_wconf 83' lang='grc' dir='ltr'>τὴν</span> <span class='ocrx_word' id='word_1_201' title='bbox 1552 2428 1748 2500; x_wconf 88' lang='grc' dir='ltr'>λύμην,</span> <span class='ocrx_word' id='word_1_202' title='bbox 1796 2430 1871 2493; x_wconf 87' lang='grc' dir='ltr'>ὡς</span> 
     </span>
    </p>
   </div>
   <div class='ocr_carea' id='block_1_27' title="bbox 274 2511 1873 2583">
    <p class='ocr_par' dir='ltr' id='par_1_27' title="bbox 274 2511 1873 2583">
     <span class='ocr_line' id='line_1_27' title="bbox 274 2511 1873 2583; baseline 0 -20"><span class='ocrx_word' id='word_1_203' title='bbox 274 2512 555 2583; x_wconf 76' lang='grc' dir='ltr'>πολέμους</span> <span class='ocrx_word' id='word_1_204' title='bbox 583 2512 679 2564; x_wconf 78' lang='grc' dir='ltr'>καὶ</span> <span class='ocrx_word' id='word_1_205' title='bbox 715 2513 892 2582; x_wconf 83' lang='grc' dir='ltr'>μάχας</span> <span class='ocrx_word' id='word_1_206' title='bbox 922 2511 1294 2583; x_wconf 84' lang='grc' dir='ltr'>καθημερινὰς</span> <span class='ocrx_word' id='word_1_207' title='bbox 1318 2512 1616 2574; x_wconf 87' lang='grc' dir='ltr'>τίκτεσθαι,</span> <span class='ocrx_word' id='word_1_208' title='bbox 1647 2514 1739 2565; x_wconf 77' lang='grc' dir='ltr'>καὶ</span> <span class='ocrx_word' id='word_1_209' title='bbox 1770 2530 1873 2583; x_wconf 88' lang='grc' dir='ltr'>μη-</span> 
     </span>
    </p>
   </div>
   <div class='ocr_carea' id='block_1_28' title="bbox 274 2594 1874 2665">
    <p class='ocr_par' dir='ltr' id='par_1_28' title="bbox 274 2594 1874 2665">
     <span class='ocr_line' id='line_1_28' title="bbox 274 2594 1874 2665; baseline 0.001 -18"><span class='ocrx_word' id='word_1_210' title='bbox 274 2596 472 2648; x_wconf 78' lang='grc' dir='ltr'>δέποτε</span> <span class='ocrx_word' id='word_1_211' title='bbox 508 2596 827 2649; x_wconf 83' lang='grc' dir='ltr'>ἀνάπαυλαν</span> <span class='ocrx_word' id='word_1_212' title='bbox 858 2594 1004 2665; x_wconf 79' lang='grc' dir='ltr'>ἔχειν</span> <span class='ocrx_word' id='word_1_213' title='bbox 1031 2596 1139 2649; x_wconf 89' lang='grc' dir='ltr'>τῶν</span> <span class='ocrx_word' id='word_1_214' title='bbox 1180 2595 1387 2650; x_wconf 84' lang='grc' dir='ltr'>κακῶν.</span> <span class='ocrx_word' id='word_1_215' title='bbox 1421 2596 1486 2648; x_wconf 90' lang='grc' dir='ltr'>Τί</span> <span class='ocrx_word' id='word_1_216' title='bbox 1533 2596 1643 2664; x_wconf 86' lang='grc' dir='ltr'>γὰρ</span> <span class='ocrx_word' id='word_1_217' title='bbox 1678 2594 1743 2649; x_wconf 84' lang='grc' dir='ltr'>ἀν</span> <span class='ocrx_word' id='word_1_218' title='bbox 1789 2612 1874 2659; x_wconf 86' lang='grc' dir='ltr'>τις</span> 
     </span>
    </p>
   </div>
   <div class='ocr_carea' id='block_1_29' title="bbox 277 2681 1875 2753">
    <p class='ocr_par' dir='ltr' id='par_1_29' title="bbox 277 2681 1875 2753">
     <span class='ocr_line' id='line_1_29' title="bbox 277 2681 1875 2753; baseline -0.001 -18"><span class='ocrx_word' id='word_1_219' title='bbox 277 2683 426 2735; x_wconf 80' lang='grc' dir='ltr'>εῐποι</span> <span class='ocrx_word' id='word_1_220' title='bbox 478 2682 661 2735; x_wconf 80' lang='grc' dir='ltr'>λοιπὸν</span> <span class='ocrx_word' id='word_1_221' title='bbox 697 2681 805 2734; x_wconf 91' lang='grc' dir='ltr'>τῶν</span> <span class='ocrx_word' id='word_1_222' title='bbox 853 2682 1080 2735; x_wconf 81' lang='grc' dir='ltr'>οἰκετῶν</span> <span class='ocrx_word' id='word_1_223' title='bbox 1126 2682 1227 2746; x_wconf 86' lang='grc' dir='ltr'>τὰς</span> <span class='ocrx_word' id='word_1_224' title='bbox 1274 2682 1727 2753; x_wconf 82' lang='grc' dir='ltr'>καταφρονήσεις,</span> <span class='ocrx_word' id='word_1_225' title='bbox 1766 2682 1875 2735; x_wconf 90' lang='grc' dir='ltr'>τῶν</span> 
     </span>
    </p>
   </div>
   <div class='ocr_carea' id='block_1_30' title="bbox 278 2765 1873 2837">
    <p class='ocr_par' dir='ltr' id='par_1_30' title="bbox 278 2765 1873 2837">
     <span class='ocr_line' id='line_1_30' title="bbox 278 2765 1873 2837; baseline 0.003 -21"><span class='ocrx_word' id='word_1_226' title='bbox 278 2765 514 2834; x_wconf 77' lang='grc' dir='ltr'>πλησίον</span> <span class='ocrx_word' id='word_1_227' title='bbox 545 2765 839 2818; x_wconf 79' lang='grc' dir='ltr'>οἰκούντων</span> <span class='ocrx_word' id='word_1_228' title='bbox 880 2767 971 2818; x_wconf 85' lang='grc' dir='ltr'>τὸν</span> <span class='ocrx_word' id='word_1_229' title='bbox 1022 2765 1258 2834; x_wconf 84' lang='grc' dir='ltr'>γέλωτα,</span> <span class='ocrx_word' id='word_1_230' title='bbox 1310 2766 1411 2829; x_wconf 79' lang='grc' dir='ltr'>τὰς</span> <span class='ocrx_word' id='word_1_231' title='bbox 1455 2766 1873 2837; x_wconf 87' lang='grc' dir='ltr'>ἁσχημοσύνας;</span> 
     </span>
    </p>
   </div>
   <div class='ocr_carea' id='block_1_31' title="bbox 281 2847 1876 2921">
    <p class='ocr_par' dir='ltr' id='par_1_31' title="bbox 281 2847 1876 2921">
     <span class='ocr_line' id='line_1_31' title="bbox 281 2847 1876 2921; baseline 0.001 -21"><span class='ocrx_word' id='word_1_232' title='bbox 281 2847 554 2919; x_wconf 88' lang='grc' dir='ltr'>Καθάπερ</span> <span class='ocrx_word' id='word_1_233' title='bbox 587 2849 697 2921; x_wconf 81' lang='grc' dir='ltr'>γάρ</span> <span class='ocrx_word' id='word_1_234' title='bbox 724 2848 833 2902; x_wconf 88' lang='grc' dir='ltr'>τῶν</span> <span class='ocrx_word' id='word_1_235' title='bbox 864 2849 1213 2920; x_wconf 87' lang='grc' dir='ltr'>κυϐερνητῶν</span> <span class='ocrx_word' id='word_1_236' title='bbox 1249 2849 1648 2913; x_wconf 78' lang='grc' dir='ltr'>στασιαζόντων</span> <span class='ocrx_word' id='word_1_237' title='bbox 1696 2849 1788 2902; x_wconf 80' lang='grc' dir='ltr'>καὶ</span> <span class='ocrx_word' id='word_1_238' title='bbox 1825 2850 1876 2902; x_wconf 81' lang='grc' dir='ltr'>οἱ</span> 
     </span>
    </p>
   </div>
   <div class='ocr_carea' id='block_1_32' title="bbox 279 2931 1877 2998">
    <p class='ocr_par' dir='ltr' id='par_1_32' title="bbox 279 2931 1877 2998">
     <span class='ocr_line' id='line_1_32' title="bbox 279 2931 1877 2998; baseline 0.001 -15"><span class='ocrx_word' id='word_1_239' title='bbox 279 2931 613 2997; x_wconf 74' lang='grc' dir='ltr'>ἐμπλέοντες</span> <span class='ocrx_word' id='word_1_240' title='bbox 637 2932 745 2985; x_wconf 91' lang='grc' dir='ltr'>τῶν</span> <span class='ocrx_word' id='word_1_241' title='bbox 786 2932 1045 2985; x_wconf 87' lang='grc' dir='ltr'>κινδύνων</span> <span class='ocrx_word' id='word_1_242' title='bbox 1076 2932 1504 2986; x_wconf 90' lang='grc' dir='ltr'>συναπολαύουσι</span> <span class='ocrx_word' id='word_1_243' title='bbox 1522 2976 1537 2998; x_wconf 91' lang='grc'>,</span> <span class='ocrx_word' id='word_1_244' title='bbox 1569 2934 1661 2987; x_wconf 76' lang='grc' dir='ltr'>καὶ</span> <span class='ocrx_word' id='word_1_245' title='bbox 1682 2932 1877 2987; x_wconf 76' lang='grc' dir='ltr'>αὔταν-</span> 
     </span>
    </p>
   </div>
   <div class='ocr_carea' id='block_1_33' title="bbox 278 3015 1875 3087">
    <p class='ocr_par' dir='ltr' id='par_1_33' title="bbox 278 3015 1875 3087">
     <span class='ocr_line' id='line_1_33' title="bbox 278 3015 1875 3087; baseline -0.001 -18"><span class='ocrx_word' id='word_1_246' title='bbox 278 3016 409 3086; x_wconf 90' lang='grc' dir='ltr'>δρον</span> <span class='ocrx_word' id='word_1_247' title='bbox 438 3015 651 3084; x_wconf 83' lang='grc' dir='ltr'>ἀνάγκη</span> <span class='ocrx_word' id='word_1_248' title='bbox 679 3015 780 3087; x_wconf 83' lang='grc' dir='ltr'>τὴν</span> <span class='ocrx_word' id='word_1_249' title='bbox 806 3015 941 3068; x_wconf 92' lang='grc' dir='ltr'>ναῦν</span> <span class='ocrx_word' id='word_1_250' title='bbox 974 3015 1496 3086; x_wconf 77' lang='grc' dir='ltr'>καταποντισθῆναιο</span> <span class='ocrx_word' id='word_1_251' title='bbox 1527 3016 1668 3070; x_wconf 88' lang='grc' dir='ltr'>οῦτω</span> <span class='ocrx_word' id='word_1_252' title='bbox 1687 3017 1751 3087; x_wconf 84' lang='grc' dir='ltr'>δὴ</span> <span class='ocrx_word' id='word_1_253' title='bbox 1781 3019 1875 3071; x_wconf 71' lang='grc' dir='ltr'>καὶ¹</span> 
     </span>
    </p>
   </div>
   <div class='ocr_carea' id='block_1_34' title="bbox 282 3098 1877 3171">
    <p class='ocr_par' dir='ltr' id='par_1_34' title="bbox 282 3098 1877 3171">
     <span class='ocr_line' id='line_1_34' title="bbox 282 3098 1877 3171; baseline 0.002 -21"><span class='ocrx_word' id='word_1_254' title='bbox 282 3098 541 3161; x_wconf 83' lang='grc' dir='ltr'>ἐνταῦθα,</span> <span class='ocrx_word' id='word_1_255' title='bbox 577 3098 671 3152; x_wconf 85' lang='grc' dir='ltr'>τοῦ</span> <span class='ocrx_word' id='word_1_256' title='bbox 701 3098 897 3170; x_wconf 77' lang='grc' dir='ltr'>ἀνδρὸς</span> <span class='ocrx_word' id='word_1_257' title='bbox 924 3100 1018 3152; x_wconf 80' lang='grc' dir='ltr'>καὶ</span> <span class='ocrx_word' id='word_1_258' title='bbox 1048 3100 1148 3170; x_wconf 82' lang='grc' dir='ltr'>τῆς</span> <span class='ocrx_word' id='word_1_259' title='bbox 1176 3099 1433 3167; x_wconf 82' lang='grc' dir='ltr'>γυναικὸς</span> <span class='ocrx_word' id='word_1_260' title='bbox 1460 3100 1596 3171; x_wconf 87' lang='grc' dir='ltr'>πρὸς</span> <span class='ocrx_word' id='word_1_261' title='bbox 1619 3100 1877 3169; x_wconf 84' lang='grc' dir='ltr'>ἀλλήλους</span> 
     </span>
    </p>
   </div>
   <div class='ocr_carea' id='block_1_35' title="bbox 279 3179 1879 3246">
    <p class='ocr_par' dir='ltr' id='par_1_35' title="bbox 279 3179 1879 3246">
     <span class='ocr_line' id='line_1_35' title="bbox 279 3179 1879 3246; baseline 0.003 -13"><span class='ocrx_word' id='word_1_262' title='bbox 279 3179 810 3244; x_wconf 80' lang='grc' dir='ltr'>διαστασιαζόντων,</span> <span class='ocrx_word' id='word_1_263' title='bbox 843 3180 939 3235; x_wconf 73' lang='grc' dir='ltr'>καὶ</span> <span class='ocrx_word' id='word_1_264' title='bbox 977 3181 1105 3245; x_wconf 86' lang='grc' dir='ltr'>τούς</span> <span class='ocrx_word' id='word_1_265' title='bbox 1136 3181 1329 3246; x_wconf 82' lang='grc' dir='ltr'>ἄλλους</span> <span class='ocrx_word' id='word_1_266' title='bbox 1362 3182 1606 3245; x_wconf 78' lang='grc' dir='ltr'>ἅπαντας</span> <span class='ocrx_word' id='word_1_267' title='bbox 1644 3200 1879 3237; x_wconf 89' lang='grc' dir='ltr'>συναπο-</span> 
     </span>
    </p>
   </div>
   <div class='ocr_carea' id='block_1_36' title="bbox 280 3264 1880 3337">
    <p class='ocr_par' dir='ltr' id='par_1_36' title="bbox 280 3264 1880 3337">
     <span class='ocr_line' id='line_1_36' title="bbox 280 3264 1880 3337; baseline 0.002 -19"><span class='ocrx_word' id='word_1_268' title='bbox 280 3265 473 3318; x_wconf 86' lang='grc' dir='ltr'>λαύειν</span> <span class='ocrx_word' id='word_1_269' title='bbox 496 3264 605 3316; x_wconf 89' lang='grc' dir='ltr'>τῶν</span> <span class='ocrx_word' id='word_1_270' title='bbox 634 3264 823 3317; x_wconf 86' lang='grc' dir='ltr'>κακῶν</span> <span class='ocrx_word' id='word_1_271' title='bbox 854 3264 1022 3327; x_wconf 87' lang='grc' dir='ltr'>είκός.</span> <span class='ocrx_word' id='word_1_272' title='bbox 1044 3264 1142 3319; x_wconf 85' lang='grc' dir='ltr'>Διά</span> <span class='ocrx_word' id='word_1_273' title='bbox 1173 3265 1332 3319; x_wconf 88' lang='grc' dir='ltr'>τοῦτο</span> <span class='ocrx_word' id='word_1_274' title='bbox 1356 3265 1676 3337; x_wconf 89' lang='grc' dir='ltr'>παρακαλῶ,</span> <span class='ocrx_word' id='word_1_275' title='bbox 1702 3266 1880 3321; x_wconf 85' lang='grc' dir='ltr'>ταῦτα</span> 
     </span>
    </p>
   </div>
   <div class='ocr_carea' id='block_1_37' title="bbox 286 3346 1875 3419">
    <p class='ocr_par' dir='ltr' id='par_1_37' title="bbox 286 3346 1875 3419">
     <span class='ocr_line' id='line_1_37' title="bbox 286 3346 1875 3419; baseline 0.002 -18"><span class='ocrx_word' id='word_1_276' title='bbox 286 3349 505 3401; x_wconf 62' lang='grc' dir='ltr'>Ξὶὶπαντα</span> <span class='ocrx_word' id='word_1_277' title='bbox 523 3347 961 3417; x_wconf 81' lang='grc' dir='ltr'>προορωμένους,</span> <span class='ocrx_word' id='word_1_278' title='bbox 987 3346 1061 3417; x_wconf 77' lang='grc' dir='ltr'>μὴ</span> <span class='ocrx_word' id='word_1_279' title='bbox 1077 3350 1143 3418; x_wconf 78' lang='grc' dir='ltr'>τῇ</span> <span class='ocrx_word' id='word_1_280' title='bbox 1161 3348 1417 3419; x_wconf 81' lang='grc' dir='ltr'>συνηθείᾳ</span> <span class='ocrx_word' id='word_1_281' title='bbox 1440 3349 1875 3405; x_wconf 81' lang='grc' dir='ltr'>κατακολουθεῖν.</span> 
     </span>
    </p>
   </div>
   <div class='ocr_carea' id='block_1_38' title="bbox 281 3428 1880 3502">
    <p class='ocr_par' dir='ltr' id='par_1_38' title="bbox 281 3428 1880 3502">
     <span class='ocr_line' id='line_1_38' title="bbox 281 3428 1880 3502; baseline 0 -16"><span class='ocrx_word' id='word_1_282' title='bbox 281 3428 420 3486; x_wconf 80' lang='grc' dir='ltr'>οῖδα</span> <span class='ocrx_word' id='word_1_283' title='bbox 439 3432 546 3502; x_wconf 79' lang='grc' dir='ltr'>γὰρ</span> <span class='ocrx_word' id='word_1_284' title='bbox 570 3432 651 3484; x_wconf 83' lang='grc' dir='ltr'>ὅτι</span> <span class='ocrx_word' id='word_1_285' title='bbox 677 3430 861 3483; x_wconf 72' lang='grc' dir='ltr'>πολλοὶ</span> <span class='ocrx_word' id='word_1_286' title='bbox 883 3430 1088 3500; x_wconf 86' lang='grc' dir='ltr'>ταύτην</span> <span class='ocrx_word' id='word_1_287' title='bbox 1118 3432 1249 3501; x_wconf 79' lang='grc' dir='ltr'>ἡμῖν</span> <span class='ocrx_word' id='word_1_288' title='bbox 1282 3430 1709 3502; x_wconf 85' lang='grc' dir='ltr'>προϐαλλόμενοι</span> <span class='ocrx_word' id='word_1_289' title='bbox 1756 3432 1880 3486; x_wconf 83' lang='grc' dir='ltr'>οὐδὲ</span> 
     </span>
    </p>
   </div>
   <div class='ocr_carea' id='block_1_39' title="bbox 283 3512 1881 3585">
    <p class='ocr_par' dir='ltr' id='par_1_39' title="bbox 283 3512 1881 3585">
     <span class='ocr_line' id='line_1_39' title="bbox 283 3512 1881 3585; baseline -0.001 -15"><span class='ocrx_word' id='word_1_290' title='bbox 283 3514 570 3585; x_wconf 86' lang='grc' dir='ltr'>ἀνέχονται</span> <span class='ocrx_word' id='word_1_291' title='bbox 614 3512 723 3566; x_wconf 88' lang='grc' dir='ltr'>τῶν</span> <span class='ocrx_word' id='word_1_292' title='bbox 776 3515 906 3585; x_wconf 82' lang='grc' dir='ltr'>παρ’</span> <span class='ocrx_word' id='word_1_293' title='bbox 952 3514 1112 3584; x_wconf 81' lang='grc' dir='ltr'>ἡμῶν</span> <span class='ocrx_word' id='word_1_294' title='bbox 1150 3514 1460 3584; x_wconf 85' lang='grc' dir='ltr'>λεγομένων</span> <span class='ocrx_word' id='word_1_295' title='bbox 1495 3530 1508 3544; x_wconf 95' lang='grc'><strong>·</strong></span> <span class='ocrx_word' id='word_1_296' title='bbox 1562 3515 1675 3568; x_wconf 87' lang='grc' dir='ltr'>ἀλλ’</span> <span class='ocrx_word' id='word_1_297' title='bbox 1732 3516 1881 3585; x_wconf 85' lang='grc' dir='ltr'>ὅμως</span> 
     </span>
    </p>
   </div>
   <div class='ocr_carea' id='block_1_40' title="bbox 282 3596 1882 3668">
    <p class='ocr_par' dir='ltr' id='par_1_40' title="bbox 282 3596 1882 3668">
     <span class='ocr_line' id='line_1_40' title="bbox 282 3596 1882 3668; baseline 0.001 -18"><span class='ocrx_word' id='word_1_298' title='bbox 282 3600 439 3668; x_wconf 75' lang='grc' dir='ltr'>ἡμᾶς</span> <span class='ocrx_word' id='word_1_299' title='bbox 485 3597 700 3666; x_wconf 83' lang='grc' dir='ltr'>ἀνάγκη</span> <span class='ocrx_word' id='word_1_300' title='bbox 756 3596 826 3650; x_wconf 75' lang='grc' dir='ltr'>τὰ</span> <span class='ocrx_word' id='word_1_301' title='bbox 874 3596 1123 3667; x_wconf 89' lang='grc' dir='ltr'>λυσιτελῆ</span> <span class='ocrx_word' id='word_1_302' title='bbox 1172 3597 1266 3650; x_wconf 76' lang='grc' dir='ltr'>καὶ</span> <span class='ocrx_word' id='word_1_303' title='bbox 1323 3596 1393 3649; x_wconf 84' lang='grc' dir='ltr'>τὰ</span> <span class='ocrx_word' id='word_1_304' title='bbox 1435 3599 1534 3668; x_wconf 85' lang='grc' dir='ltr'>τῆς</span> <span class='ocrx_word' id='word_1_305' title='bbox 1586 3597 1882 3668; x_wconf 85' lang='grc' dir='ltr'>μελλούσης</span> 
     </span>
    </p>
   </div>
   <div class='ocr_carea' id='block_1_41' title="bbox 285 3682 1884 3757">
    <p class='ocr_par' dir='ltr' id='par_1_41' title="bbox 285 3682 1884 3757">
     <span class='ocr_line' id='line_1_41' title="bbox 285 3682 1884 3757; baseline -0.001 -18"><span class='ocrx_word' id='word_1_306' title='bbox 285 3686 563 3747; x_wconf 80' lang='grc' dir='ltr'>κολάσεως</span> <span class='ocrx_word' id='word_1_307' title='bbox 604 3682 979 3755; x_wconf 80' lang='grc' dir='ltr'>ἐξαρπάζοντα</span> <span class='ocrx_word' id='word_1_308' title='bbox 1022 3683 1217 3751; x_wconf 86' lang='grc' dir='ltr'>λέγειν.</span> <span class='ocrx_word' id='word_1_309' title='bbox 1248 3684 1424 3737; x_wconf 87' lang='grc' dir='ltr'>Ὅπου</span> <span class='ocrx_word' id='word_1_310' title='bbox 1448 3685 1557 3755; x_wconf 82' lang='grc' dir='ltr'>γὰρ</span> <span class='ocrx_word' id='word_1_311' title='bbox 1589 3684 1733 3757; x_wconf 89' lang='grc' dir='ltr'>λύμη</span> <span class='ocrx_word' id='word_1_312' title='bbox 1757 3702 1884 3738; x_wconf 88' lang='grc' dir='ltr'>τοσ-</span> 
     </span>
    </p>
   </div>
   <div class='ocr_carea' id='block_1_42' title="bbox 289 3766 1884 3840">
    <p class='ocr_par' dir='ltr' id='par_1_42' title="bbox 289 3766 1884 3840">
     <span class='ocr_line' id='line_1_42' title="bbox 289 3766 1884 3840; baseline -0.002 -16"><span class='ocrx_word' id='word_1_313' title='bbox 289 3770 433 3839; x_wconf 87' lang='grc' dir='ltr'>αύτη</span> <span class='ocrx_word' id='word_1_314' title='bbox 474 3767 672 3837; x_wconf 82' lang='grc' dir='ltr'>ψυχῆς,</span> <span class='ocrx_word' id='word_1_315' title='bbox 696 3767 841 3829; x_wconf 86' lang='grc' dir='ltr'>τίνος</span> <span class='ocrx_word' id='word_1_316' title='bbox 876 3767 1059 3821; x_wconf 75' lang='grc' dir='ltr'>ἕνεκέν</span> <span class='ocrx_word' id='word_1_317' title='bbox 1081 3784 1170 3836; x_wconf 82' lang='grc' dir='ltr'>μοι</span> <span class='ocrx_word' id='word_1_318' title='bbox 1199 3766 1484 3837; x_wconf 86' lang='grc' dir='ltr'>συνήθειαν</span> <span class='ocrx_word' id='word_1_319' title='bbox 1533 3767 1710 3838; x_wconf 84' lang='grc' dir='ltr'>βούλει</span> <span class='ocrx_word' id='word_1_320' title='bbox 1748 3785 1884 3840; x_wconf 77' lang='grc' dir='ltr'>προσ-</span> 
     </span>
    </p>
   </div>
   <div class='ocr_carea' id='block_1_43' title="bbox 290 3849 1883 3922">
    <p class='ocr_par' dir='ltr' id='par_1_43' title="bbox 290 3849 1883 3922">
     <span class='ocr_line' id='line_1_43' title="bbox 290 3849 1883 3922; baseline -0.001 -17"><span class='ocrx_word' id='word_1_321' title='bbox 290 3851 626 3916; x_wconf 87' lang='grc' dir='ltr'>ϐάλλεσθαι;</span> <span class='ocrx_word' id='word_1_322' title='bbox 685 3850 817 3903; x_wconf 84' lang='grc' dir='ltr'>Ἰδοὺ</span> <span class='ocrx_word' id='word_1_323' title='bbox 860 3849 1016 3917; x_wconf 86' lang='grc' dir='ltr'>κάγὼ</span> <span class='ocrx_word' id='word_1_324' title='bbox 1063 3849 1349 3920; x_wconf 79' lang='grc' dir='ltr'>συνήθειάν</span> <span class='ocrx_word' id='word_1_325' title='bbox 1394 3866 1478 3903; x_wconf 90' lang='grc' dir='ltr'>σοι</span> <span class='ocrx_word' id='word_1_326' title='bbox 1512 3850 1883 3922; x_wconf 87' lang='grc' dir='ltr'>προϐάλλομαι</span> 
     </span>
    </p>
   </div>
   <div class='ocr_carea' id='block_1_44' title="bbox 292 3927 1882 4007">
    <p class='ocr_par' dir='ltr' id='par_1_44' title="bbox 292 3927 1882 4007">
     <span class='ocr_line' id='line_1_44' title="bbox 292 3927 1882 4007; baseline -0.001 -19"><span class='ocrx_word' id='word_1_327' title='bbox 292 3936 539 4007; x_wconf 82' lang='grc' dir='ltr'>βελτίονα</span> <span class='ocrx_word' id='word_1_328' title='bbox 564 3973 578 3996; x_wconf 96' lang='grc'>,</span> <span class='ocrx_word' id='word_1_329' title='bbox 674 3933 723 3986; x_wconf 81' lang='grc' dir='ltr'>οἱ</span> <span class='ocrx_word' id='word_1_330' title='bbox 747 3931 808 3997; x_wconf 80' lang='grc' dir='ltr'>ἐξ</span> <span class='ocrx_word' id='word_1_331' title='bbox 834 3933 1008 4003; x_wconf 82' lang='grc' dir='ltr'>ἀρχῆς</span> <span class='ocrx_word' id='word_1_332' title='bbox 1038 3932 1334 4003; x_wconf 75' lang='grc' dir='ltr'>ἐκέχρηντο</span> <span class='ocrx_word' id='word_1_333' title='bbox 1353 3972 1369 3996; x_wconf 93' lang='grc'>,</span> <span class='ocrx_word' id='word_1_334' title='bbox 1395 3933 1484 3986; x_wconf 81' lang='grc' dir='ltr'>ὅτε</span> <span class='ocrx_word' id='word_1_335' title='bbox 1518 3933 1729 3987; x_wconf 82' lang='grc' dir='ltr'>οὐδέπω</span> <span class='ocrx_word' id='word_1_336' title='bbox 1757 3950 1882 3987; x_wconf 85' lang='grc' dir='ltr'>τοσ-</span> 
     </span>
    </p>
   </div>
   <div class='ocr_carea' id='block_1_45' title="bbox 292 4013 1883 4089">
    <p class='ocr_par' dir='ltr' id='par_1_45' title="bbox 292 4013 1883 4089">
     <span class='ocr_line' id='line_1_45' title="bbox 292 4013 1883 4089; baseline -0.001 -17"><span class='ocrx_word' id='word_1_337' title='bbox 292 4022 432 4089; x_wconf 76' lang='grc' dir='ltr'>αύτη</span> <span class='ocrx_word' id='word_1_338' title='bbox 482 4018 684 4085; x_wconf 89' lang='grc' dir='ltr'>γνῶσις</span> <span class='ocrx_word' id='word_1_339' title='bbox 732 4013 800 4087; x_wconf 83' lang='grc' dir='ltr'>ἦν</span> <span class='ocrx_word' id='word_1_340' title='bbox 845 4018 943 4087; x_wconf 87' lang='grc' dir='ltr'>τῆς</span> <span class='ocrx_word' id='word_1_341' title='bbox 996 4016 1297 4080; x_wconf 85' lang='grc' dir='ltr'>εὐσεϐείας.</span> <span class='ocrx_word' id='word_1_342' title='bbox 1350 4017 1462 4070; x_wconf 72' lang='grc' dir='ltr'>Καὶ</span> <span class='ocrx_word' id='word_1_343' title='bbox 1528 4018 1602 4089; x_wconf 85' lang='grc' dir='ltr'>μή</span> <span class='ocrx_word' id='word_1_344' title='bbox 1653 4035 1743 4087; x_wconf 89' lang='grc' dir='ltr'>μοι</span> <span class='ocrx_word' id='word_1_345' title='bbox 1792 4017 1883 4071; x_wconf 82' lang='grc' dir='ltr'>τὸν</span> 
     </span>
    </p>
   </div>
   <div class='ocr_carea' id='block_1_46' title="bbox 293 4099 1884 4168">
    <p class='ocr_par' dir='ltr' id='par_1_46' title="bbox 293 4099 1884 4168">
     <span class='ocr_line' id='line_1_46' title="bbox 293 4099 1884 4168; baseline -0.003 -11"><span class='ocrx_word' id='word_1_346' title='bbox 293 4105 504 4157; x_wconf 85' lang='grc' dir='ltr'>δίκαιον</span> <span class='ocrx_word' id='word_1_347' title='bbox 525 4100 754 4156; x_wconf 86' lang='grc' dir='ltr'>ἐνταῦθα</span> <span class='ocrx_word' id='word_1_348' title='bbox 785 4100 1002 4168; x_wconf 78' lang='grc' dir='ltr'>λογίζου</span> <span class='ocrx_word' id='word_1_349' title='bbox 1024 4141 1040 4166; x_wconf 91' lang='grc'>,</span> <span class='ocrx_word' id='word_1_350' title='bbox 1073 4100 1165 4153; x_wconf 83' lang='grc' dir='ltr'>τὸν</span> <span class='ocrx_word' id='word_1_351' title='bbox 1204 4099 1398 4153; x_wconf 86' lang='grc' dir='ltr'>Ἰακὼϐ</span> <span class='ocrx_word' id='word_1_352' title='bbox 1431 4099 1574 4167; x_wconf 89' lang='grc' dir='ltr'>λέγω</span> <span class='ocrx_word' id='word_1_353' title='bbox 1593 4143 1608 4167; x_wconf 92' lang='grc'>,</span> <span class='ocrx_word' id='word_1_354' title='bbox 1634 4099 1771 4154; x_wconf 88' lang='grc' dir='ltr'>ἀλλά</span> <span class='ocrx_word' id='word_1_355' title='bbox 1793 4101 1884 4153; x_wconf 85' lang='grc' dir='ltr'>τὸν</span> 
     </span>
    </p>
   </div>
   <div class='ocr_carea' id='block_1_47' title="bbox 294 4183 1882 4255">
    <p class='ocr_par' dir='ltr' id='par_1_47' title="bbox 294 4183 1882 4255">
     <span class='ocr_line' id='line_1_47' title="bbox 294 4183 1882 4255; baseline -0.002 -13"><span class='ocrx_word' id='word_1_356' title='bbox 294 4187 483 4243; x_wconf 79' lang='grc' dir='ltr'>Λάϐαν</span> <span class='ocrx_word' id='word_1_357' title='bbox 516 4186 708 4248; x_wconf 81' lang='grc' dir='ltr'>ἐννόει,</span> <span class='ocrx_word' id='word_1_358' title='bbox 740 4184 911 4253; x_wconf 83' lang='grc' dir='ltr'>ἀνδρα</span> <span class='ocrx_word' id='word_1_359' title='bbox 937 4183 1018 4236; x_wconf 78' lang='grc' dir='ltr'>ἔτι</span> <span class='ocrx_word' id='word_1_360' title='bbox 1052 4185 1166 4247; x_wconf 89' lang='grc' dir='ltr'>τοῖς</span> <span class='ocrx_word' id='word_1_361' title='bbox 1191 4183 1427 4246; x_wconf 82' lang='grc' dir='ltr'>εἰδώλοις</span> <span class='ocrx_word' id='word_1_362' title='bbox 1454 4184 1882 4255; x_wconf 88' lang='grc' dir='ltr'>προσανέχοντα,</span> 
     </span>
    </p>
   </div>
   <div class='ocr_carea' id='block_1_48' title="bbox 295 4266 1885 4338">
    <p class='ocr_par' dir='ltr' id='par_1_48' title="bbox 295 4266 1885 4338">
     <span class='ocr_line' id='line_1_48' title="bbox 295 4266 1885 4338; baseline -0.002 -15"><span class='ocrx_word' id='word_1_363' title='bbox 295 4271 395 4323; x_wconf 72' lang='grc' dir='ltr'>καὶ</span> <span class='ocrx_word' id='word_1_364' title='bbox 429 4268 688 4338; x_wconf 79' lang='grc' dir='ltr'>οὐδεμίαν</span> <span class='ocrx_word' id='word_1_365' title='bbox 716 4267 916 4335; x_wconf 90' lang='grc' dir='ltr'>γνῶσιν</span> <span class='ocrx_word' id='word_1_366' title='bbox 944 4266 1137 4336; x_wconf 82' lang='grc' dir='ltr'>ἔχοντα</span> <span class='ocrx_word' id='word_1_367' title='bbox 1176 4266 1275 4335; x_wconf 82' lang='grc' dir='ltr'>τῆς</span> <span class='ocrx_word' id='word_1_368' title='bbox 1309 4266 1611 4330; x_wconf 85' lang='grc' dir='ltr'>εὐσεϐείας,</span> <span class='ocrx_word' id='word_1_369' title='bbox 1642 4270 1734 4320; x_wconf 81' lang='grc' dir='ltr'>καὶ</span> <span class='ocrx_word' id='word_1_370' title='bbox 1761 4285 1885 4320; x_wconf 89' lang='grc' dir='ltr'>τοσ-</span> 
     </span>
    </p>
   </div>
   <div class='ocr_carea' id='block_1_49' title="bbox 303 4348 1885 4421">
    <p class='ocr_par' dir='ltr' id='par_1_49' title="bbox 303 4348 1885 4421">
     <span class='ocr_line' id='line_1_49' title="bbox 303 4348 1885 4421; baseline -0.003 -14"><span class='ocrx_word' id='word_1_371' title='bbox 303 4353 474 4421; x_wconf 80' lang='grc' dir='ltr'>αύτην</span> <span class='ocrx_word' id='word_1_372' title='bbox 521 4349 836 4420; x_wconf 83' lang='grc' dir='ltr'>φιλοσοφίαν</span> <span class='ocrx_word' id='word_1_373' title='bbox 868 4348 1329 4419; x_wconf 88' lang='grc' dir='ltr'>ἐπιδεικνύμενον.</span> <span class='ocrx_word' id='word_1_374' title='bbox 1382 4348 1553 4402; x_wconf 90' lang='grc' dir='ltr'>Τοῦτο</span> <span class='ocrx_word' id='word_1_375' title='bbox 1581 4349 1688 4421; x_wconf 82' lang='grc' dir='ltr'>γὰρ</span> <span class='ocrx_word' id='word_1_376' title='bbox 1707 4350 1769 4403; x_wconf 85' lang='grc' dir='ltr'>οὐ</span> <span class='ocrx_word' id='word_1_377' title='bbox 1792 4349 1885 4403; x_wconf 86' lang='grc' dir='ltr'>τοῦ</span> 
     </span>
    </p>
   </div>
   <div class='ocr_carea' id='block_1_50' title="bbox 304 4428 1887 4506">
    <p class='ocr_par' dir='ltr' id='par_1_50' title="bbox 304 4428 1887 4506">
     <span class='ocr_line' id='line_1_50' title="bbox 304 4428 1887 4506; baseline -0.001 -18"><span class='ocrx_word' id='word_1_378' title='bbox 304 4435 586 4506; x_wconf 87' lang='grc' dir='ltr'>μέλλοντος</span> <span class='ocrx_word' id='word_1_379' title='bbox 603 4428 672 4503; x_wconf 84' lang='grc' dir='ltr'>ἦν</span> <span class='ocrx_word' id='word_1_380' title='bbox 695 4431 923 4499; x_wconf 80' lang='grc' dir='ltr'>ἄγεσθαι</span> <span class='ocrx_word' id='word_1_381' title='bbox 953 4432 1051 4500; x_wconf 85' lang='grc' dir='ltr'>τὴν</span> <span class='ocrx_word' id='word_1_382' title='bbox 1082 4432 1252 4502; x_wconf 90' lang='grc' dir='ltr'>κόρην</span> <span class='ocrx_word' id='word_1_383' title='bbox 1273 4431 1334 4484; x_wconf 80' lang='grc' dir='ltr'>τὸ</span> <span class='ocrx_word' id='word_1_384' title='bbox 1357 4432 1712 4501; x_wconf 88' lang='grc' dir='ltr'>κατόρθωμα,</span> <span class='ocrx_word' id='word_1_385' title='bbox 1751 4433 1887 4486; x_wconf 85' lang='grc' dir='ltr'>ἀλλὰ</span> 
     </span>
    </p>
   </div>
   <div class='ocr_carea' id='block_1_51' title="bbox 300 4513 1887 4588">
    <p class='ocr_par' dir='ltr' id='par_1_51' title="bbox 300 4513 1887 4588">
     <span class='ocr_line' id='line_1_51' title="bbox 300 4513 1887 4588; baseline -0.002 -17"><span class='ocrx_word' id='word_1_386' title='bbox 300 4518 396 4571; x_wconf 88' lang='grc' dir='ltr'>τοῦ</span> <span class='ocrx_word' id='word_1_387' title='bbox 429 4517 637 4588; x_wconf 85' lang='grc' dir='ltr'>πατρὸς</span> <span class='ocrx_word' id='word_1_388' title='bbox 676 4515 770 4567; x_wconf 89' lang='grc' dir='ltr'>τοῦ</span> <span class='ocrx_word' id='word_1_389' title='bbox 804 4516 905 4585; x_wconf 79' lang='grc' dir='ltr'>τὴν</span> <span class='ocrx_word' id='word_1_390' title='bbox 942 4513 1110 4584; x_wconf 87' lang='grc' dir='ltr'>κόρην</span> <span class='ocrx_word' id='word_1_391' title='bbox 1130 4514 1446 4577; x_wconf 86' lang='grc' dir='ltr'>ἐκδιδόντος.</span> <span class='ocrx_word' id='word_1_392' title='bbox 1483 4516 1560 4566; x_wconf 87' lang='grc' dir='ltr'>Δι’</span> <span class='ocrx_word' id='word_1_393' title='bbox 1587 4514 1615 4567; x_wconf 88' lang='grc' dir='ltr'>ὃ</span> <span class='ocrx_word' id='word_1_394' title='bbox 1640 4516 1734 4568; x_wconf 77' lang='grc' dir='ltr'>καὶ</span> <span class='ocrx_word' id='word_1_395' title='bbox 1763 4517 1887 4569; x_wconf 88' lang='grc' dir='ltr'>τοῦ-</span> 
     </span>
    </p>
   </div>
   <div class='ocr_carea' id='block_1_52' title="bbox 302 4597 1889 4670">
    <p class='ocr_par' dir='ltr' id='par_1_52' title="bbox 302 4597 1889 4670">
     <span class='ocr_line' id='line_1_52' title="bbox 302 4597 1889 4670; baseline -0.002 -16"><span class='ocrx_word' id='word_1_396' title='bbox 302 4619 398 4655; x_wconf 86' lang='grc' dir='ltr'>τον</span> <span class='ocrx_word' id='word_1_397' title='bbox 441 4601 670 4670; x_wconf 87' lang='grc' dir='ltr'>ἐκίνησα</span> <span class='ocrx_word' id='word_1_398' title='bbox 691 4599 782 4651; x_wconf 75' lang='grc' dir='ltr'>τὸν</span> <span class='ocrx_word' id='word_1_399' title='bbox 810 4597 986 4666; x_wconf 90' lang='grc' dir='ltr'>λόγον,</span> <span class='ocrx_word' id='word_1_400' title='bbox 1017 4598 1137 4667; x_wconf 71' lang='grc' dir='ltr'>οὐχὶ</span> <span class='ocrx_word' id='word_1_401' title='bbox 1167 4598 1302 4666; x_wconf 85' lang='grc' dir='ltr'>πρὸς</span> <span class='ocrx_word' id='word_1_402' title='bbox 1327 4598 1452 4660; x_wconf 87' lang='grc' dir='ltr'>τούς</span> <span class='ocrx_word' id='word_1_403' title='bbox 1480 4597 1744 4666; x_wconf 89' lang='grc' dir='ltr'>νυμφίους</span> <span class='ocrx_word' id='word_1_404' title='bbox 1767 4615 1889 4651; x_wconf 91' lang='grc' dir='ltr'>τοσ-</span> 
     </span>
    </p>
   </div>
   <div class='ocr_carea' id='block_1_53' title="bbox 300 4681 1887 4752">
    <p class='ocr_par' dir='ltr' id='par_1_53' title="bbox 300 4681 1887 4752">
     <span class='ocr_line' id='line_1_53' title="bbox 300 4681 1887 4752; baseline -0.003 -13"><span class='ocrx_word' id='word_1_405' title='bbox 300 4684 461 4739; x_wconf 85' lang='grc' dir='ltr'>οῦτον</span> <span class='ocrx_word' id='word_1_406' title='bbox 497 4683 939 4752; x_wconf 85' lang='grc' dir='ltr'>ἀποτεινόμενος,</span> <span class='ocrx_word' id='word_1_407' title='bbox 981 4683 1103 4734; x_wconf 83' lang='grc' dir='ltr'>ὅσον</span> <span class='ocrx_word' id='word_1_408' title='bbox 1147 4681 1282 4751; x_wconf 84' lang='grc' dir='ltr'>πρὸς</span> <span class='ocrx_word' id='word_1_409' title='bbox 1320 4681 1444 4743; x_wconf 81' lang='grc' dir='ltr'>τοὺς</span> <span class='ocrx_word' id='word_1_410' title='bbox 1474 4681 1887 4751; x_wconf 86' lang='grc' dir='ltr'>γεγεννηκότας,</span> 
     </span>
    </p>
   </div>
   <div class='ocr_carea' id='block_1_54' title="bbox 304 4764 1889 4840">
    <p class='ocr_par' dir='ltr' id='par_1_54' title="bbox 304 4764 1889 4840">
     <span class='ocr_line' id='line_1_54' title="bbox 304 4764 1889 4840; baseline -0.003 -19"><span class='ocrx_word' id='word_1_411' title='bbox 304 4770 445 4840; x_wconf 71' lang='grc' dir='ltr'>πρὸς</span> <span class='ocrx_word' id='word_1_412' title='bbox 493 4768 583 4820; x_wconf 82' lang='grc' dir='ltr'>τὸν</span> <span class='ocrx_word' id='word_1_413' title='bbox 635 4767 849 4837; x_wconf 84' lang='grc' dir='ltr'>πατέρα</span> <span class='ocrx_word' id='word_1_414' title='bbox 896 4765 991 4818; x_wconf 91' lang='grc' dir='ltr'>τοῦ</span> <span class='ocrx_word' id='word_1_415' title='bbox 1032 4765 1287 4834; x_wconf 83' lang='grc' dir='ltr'>νυμφίου,</span> <span class='ocrx_word' id='word_1_416' title='bbox 1342 4765 1435 4817; x_wconf 88' lang='grc' dir='ltr'>καί</span> <span class='ocrx_word' id='word_1_417' title='bbox 1488 4764 1623 4834; x_wconf 85' lang='grc' dir='ltr'>πρὸς</span> <span class='ocrx_word' id='word_1_418' title='bbox 1667 4764 1756 4818; x_wconf 83' lang='grc' dir='ltr'>τὸν</span> <span class='ocrx_word' id='word_1_419' title='bbox 1792 4764 1889 4834; x_wconf 78' lang='grc' dir='ltr'>τὴν</span> 
     </span>
    </p>
   </div>
   <div class='ocr_carea' id='block_1_55' title="bbox 305 4846 1889 4920">
    <p class='ocr_par' dir='ltr' id='par_1_55' title="bbox 305 4846 1889 4920">
     <span class='ocr_line' id='line_1_55' title="bbox 305 4846 1889 4920; baseline -0.005 -15"><span class='ocrx_word' id='word_1_420' title='bbox 305 4853 474 4920; x_wconf 85' lang='grc' dir='ltr'>κόρην</span> <span class='ocrx_word' id='word_1_421' title='bbox 525 4850 801 4902; x_wconf 85' lang='grc' dir='ltr'>ἐκδιδόντα</span> <span class='ocrx_word' id='word_1_422' title='bbox 853 4847 1018 4917; x_wconf 89' lang='grc' dir='ltr'>φημί.</span> <span class='ocrx_word' id='word_1_423' title='bbox 1075 4847 1200 4909; x_wconf 85' lang='grc' dir='ltr'>Πῶς</span> <span class='ocrx_word' id='word_1_424' title='bbox 1227 4847 1335 4916; x_wconf 80' lang='grc' dir='ltr'>γὰρ</span> <span class='ocrx_word' id='word_1_425' title='bbox 1372 4847 1471 4899; x_wconf 87' lang='grc' dir='ltr'>οὐκ</span> <span class='ocrx_word' id='word_1_426' title='bbox 1509 4846 1707 4901; x_wconf 77' lang='grc' dir='ltr'>ἄτοπον</span> <span class='ocrx_word' id='word_1_427' title='bbox 1744 4848 1889 4917; x_wconf 80' lang='grc' dir='ltr'>ἡμᾶς</span> 
     </span>
    </p>
   </div>
   <div class='ocr_carea' id='block_1_56' title="bbox 304 4928 1890 5002">
    <p class='ocr_par' dir='ltr' id='par_1_56' title="bbox 304 4928 1890 5002">
     <span class='ocr_line' id='line_1_56' title="bbox 304 4928 1890 5002; baseline -0.005 -12"><span class='ocrx_word' id='word_1_428' title='bbox 304 4936 434 4998; x_wconf 75' lang='grc' dir='ltr'>τούς</span> <span class='ocrx_word' id='word_1_429' title='bbox 463 4933 729 5002; x_wconf 86' lang='grc' dir='ltr'>τοσαύτης</span> <span class='ocrx_word' id='word_1_430' title='bbox 757 4931 1167 4991; x_wconf 80' lang='grc' dir='ltr'>ἀπολαύσαντας</span> <span class='ocrx_word' id='word_1_431' title='bbox 1196 4928 1599 4999; x_wconf 82' lang='grc' dir='ltr'>φιλανθρωπίας</span> <span class='ocrx_word' id='word_1_432' title='bbox 1622 4969 1636 4993; x_wconf 94' lang='grc'>,</span> <span class='ocrx_word' id='word_1_433' title='bbox 1662 4930 1755 4985; x_wconf 74' lang='grc' dir='ltr'>καὶ</span> <span class='ocrx_word' id='word_1_434' title='bbox 1781 4930 1890 4982; x_wconf 88' lang='grc' dir='ltr'>τῶν</span> 
     </span>
    </p>
   </div>
   <div class='ocr_carea' id='block_1_57' title="bbox 306 5011 1887 5090">
    <p class='ocr_par' dir='ltr' id='par_1_57' title="bbox 306 5011 1887 5090">
     <span class='ocr_line' id='line_1_57' title="bbox 306 5011 1887 5090; baseline -0.006 -19"><span class='ocrx_word' id='word_1_435' title='bbox 306 5015 552 5090; x_wconf 82' lang='grc' dir='ltr'>φρικτῶν</span> <span class='ocrx_word' id='word_1_436' title='bbox 606 5017 702 5069; x_wconf 67' lang='grc' dir='ltr'>καὶ</span> <span class='ocrx_word' id='word_1_437' title='bbox 751 5015 1079 5085; x_wconf 74' lang='grc' dir='ltr'>ἀπορρήτων</span> <span class='ocrx_word' id='word_1_438' title='bbox 1138 5013 1454 5082; x_wconf 85' lang='grc' dir='ltr'>μυστηρίων</span> <span class='ocrx_word' id='word_1_439' title='bbox 1516 5011 1841 5075; x_wconf 84' lang='grc' dir='ltr'>ἀξιωθέντας</span> <span class='ocrx_word' id='word_1_440' title='bbox 1874 5056 1887 5076; x_wconf 81' lang='lat'><strong>,</strong></span> 
     </span>
    </p>
   </div>
   <div class='ocr_carea' id='block_1_58' title="bbox 304 5093 1891 5163">
    <p class='ocr_par' dir='ltr' id='par_1_58' title="bbox 304 5093 1891 5163">
     <span class='ocr_line' id='line_1_58' title="bbox 304 5093 1891 5163; baseline -0.003 -10"><span class='ocrx_word' id='word_1_441' title='bbox 304 5100 568 5163; x_wconf 83' lang='grc' dir='ltr'>ἐλάττους</span> <span class='ocrx_word' id='word_1_442' title='bbox 615 5097 756 5152; x_wconf 87' lang='grc' dir='ltr'>κατά</span> <span class='ocrx_word' id='word_1_443' title='bbox 797 5096 956 5149; x_wconf 86' lang='grc' dir='ltr'>τοῦτο</span> <span class='ocrx_word' id='word_1_444' title='bbox 1003 5094 1245 5161; x_wconf 88' lang='grc' dir='ltr'>γίνεσθαι</span> <span class='ocrx_word' id='word_1_445' title='bbox 1287 5093 1380 5146; x_wconf 88' lang='grc' dir='ltr'>τοῦ</span> <span class='ocrx_word' id='word_1_446' title='bbox 1416 5094 1632 5157; x_wconf 88' lang='grc' dir='ltr'>Λάϐαν,</span> <span class='ocrx_word' id='word_1_447' title='bbox 1675 5094 1768 5147; x_wconf 85' lang='grc' dir='ltr'>τοῦ</span> <span class='ocrx_word' id='word_1_448' title='bbox 1812 5095 1891 5148; x_wconf 82' lang='grc' dir='ltr'>έτι</span> 
     </span>
    </p>
   </div>
   <div class='ocr_carea' id='block_1_59' title="bbox 305 5176 1890 5252">
    <p class='ocr_par' dir='ltr' id='par_1_59' title="bbox 305 5176 1890 5252">
     <span class='ocr_line' id='line_1_59' title="bbox 305 5176 1890 5252; baseline -0.003 -17"><span class='ocrx_word' id='word_1_449' title='bbox 305 5181 507 5235; x_wconf 78' lang='grc' dir='ltr'>εἴδωλα</span> <span class='ocrx_word' id='word_1_450' title='bbox 535 5180 960 5252; x_wconf 75' lang='grc' dir='ltr'>θεραπεύοντοςς</span> <span class='ocrx_word' id='word_1_451' title='bbox 1000 5179 1068 5230; x_wconf 86' lang='grc' dir='ltr'><em>Ἢ</em></span> <span class='ocrx_word' id='word_1_452' title='bbox 1098 5178 1196 5233; x_wconf 83' lang='grc' dir='ltr'>οὐκ</span> <span class='ocrx_word' id='word_1_453' title='bbox 1224 5177 1439 5240; x_wconf 85' lang='grc' dir='ltr'>ἀκούεις</span> <span class='ocrx_word' id='word_1_454' title='bbox 1468 5177 1678 5230; x_wconf 84' lang='grc' dir='ltr'>Παύλου</span> <span class='ocrx_word' id='word_1_455' title='bbox 1708 5176 1890 5245; x_wconf 85' lang='grc' dir='ltr'>λέγον-</span> 
     </span>
    </p>
   </div>
   <div class='ocr_carea' id='block_1_60' title="bbox 305 5259 1894 5331">
    <p class='ocr_par' dir='ltr' id='par_1_60' title="bbox 305 5259 1894 5331">
     <span class='ocr_line' id='line_1_60' title="bbox 305 5259 1894 5331; baseline -0.003 -15"><span class='ocrx_word' id='word_1_456' title='bbox 305 5281 422 5327; x_wconf 87' lang='grc' dir='ltr'>τος,</span> <span class='ocrx_word' id='word_1_457' title='bbox 447 5264 529 5315; x_wconf 81' lang='grc' dir='ltr'>ὅτι</span> <span class='ocrx_word' id='word_1_458' title='bbox 558 5262 851 5331; x_wconf 81' lang='grc' dir='ltr'>μυστήριόν</span> <span class='ocrx_word' id='word_1_459' title='bbox 885 5264 1031 5317; x_wconf 86' lang='grc' dir='ltr'>ἐστιν</span> <span class='ocrx_word' id='word_1_460' title='bbox 1062 5261 1091 5312; x_wconf 90' lang='grc' dir='ltr'>ό</span> <span class='ocrx_word' id='word_1_461' title='bbox 1124 5260 1319 5329; x_wconf 82' lang='grc' dir='ltr'>γάμος,</span> <span class='ocrx_word' id='word_1_462' title='bbox 1354 5260 1446 5311; x_wconf 78' lang='grc' dir='ltr'>καὶ</span> <span class='ocrx_word' id='word_1_463' title='bbox 1473 5259 1633 5313; x_wconf 79' lang='grc' dir='ltr'>εἰκών</span> <span class='ocrx_word' id='word_1_464' title='bbox 1658 5260 1772 5312; x_wconf 85' lang='grc' dir='ltr'>ἐστι</span> <span class='ocrx_word' id='word_1_465' title='bbox 1795 5260 1894 5327; x_wconf 88' lang='grc' dir='ltr'>τῆς</span> 
     </span>
    </p>
   </div>
   <div class='ocr_carea' id='block_1_61' title="bbox 307 5343 1894 5416">
    <p class='ocr_par' dir='ltr' id='par_1_61' title="bbox 307 5343 1894 5416">
     <span class='ocr_line' id='line_1_61' title="bbox 307 5343 1894 5416; baseline -0.004 -16"><span class='ocrx_word' id='word_1_466' title='bbox 307 5347 533 5415; x_wconf 84' lang='grc' dir='ltr'>ἀγάπης</span> <span class='ocrx_word' id='word_1_467' title='bbox 556 5345 649 5399; x_wconf 91' lang='grc' dir='ltr'>τοῦ</span> <span class='ocrx_word' id='word_1_468' title='bbox 678 5344 915 5414; x_wconf 81' lang='grc' dir='ltr'>Χριστοῦ</span> <span class='ocrx_word' id='word_1_469' title='bbox 937 5382 951 5407; x_wconf 96' lang='grc'>,</span> <span class='ocrx_word' id='word_1_470' title='bbox 999 5344 1067 5416; x_wconf 84' lang='grc' dir='ltr'>ἢν</span> <span class='ocrx_word' id='word_1_471' title='bbox 1096 5343 1224 5413; x_wconf 77' lang='grc' dir='ltr'>περὶ</span> <span class='ocrx_word' id='word_1_472' title='bbox 1266 5343 1366 5412; x_wconf 79' lang='grc' dir='ltr'>τὴν</span> <span class='ocrx_word' id='word_1_473' title='bbox 1429 5343 1749 5413; x_wconf 86' lang='grc' dir='ltr'>Ἐκκλησίαν</span> <span class='ocrx_word' id='word_1_474' title='bbox 1793 5344 1894 5394; x_wconf 80' lang='grc' dir='ltr'>ἐπ-</span> 
     </span>
    </p>
   </div>
   <div class='ocr_carea' id='block_1_62' title="bbox 307 5423 1895 5498">
    <p class='ocr_par' dir='ltr' id='par_1_62' title="bbox 307 5423 1895 5498">
     <span class='ocr_line' id='line_1_62' title="bbox 307 5423 1895 5498; baseline -0.004 -14"><span class='ocrx_word' id='word_1_475' title='bbox 307 5429 581 5494; x_wconf 70' lang='grc' dir='ltr'>εδείξατο;</span> <span class='ocrx_word' id='word_1_476' title='bbox 607 5428 699 5498; x_wconf 84' lang='grc' dir='ltr'>Μὴ</span> <span class='ocrx_word' id='word_1_477' title='bbox 732 5427 908 5481; x_wconf 80' lang='grc' dir='ltr'>τοίνυν</span> <span class='ocrx_word' id='word_1_478' title='bbox 944 5425 1392 5495; x_wconf 86' lang='grc' dir='ltr'>καταισχύνωμεν</span> <span class='ocrx_word' id='word_1_479' title='bbox 1426 5426 1668 5489; x_wconf 76' lang='grc' dir='ltr'>ἑαυτοὺς,</span> <span class='ocrx_word' id='word_1_480' title='bbox 1701 5424 1794 5478; x_wconf 75' lang='grc' dir='ltr'>καὶ</span> <span class='ocrx_word' id='word_1_481' title='bbox 1827 5423 1895 5477; x_wconf 87' lang='grc' dir='ltr'>τὰ</span> 
     </span>
    </p>
   </div>
   <div class='ocr_carea' id='block_1_63' title="bbox 309 5506 1893 5581">
    <p class='ocr_par' dir='ltr' id='par_1_63' title="bbox 309 5506 1893 5581">
     <span class='ocr_line' id='line_1_63' title="bbox 309 5506 1893 5581; baseline -0.004 -16"><span class='ocrx_word' id='word_1_482' title='bbox 309 5511 490 5581; x_wconf 87' lang='grc' dir='ltr'>σεμνά</span> <span class='ocrx_word' id='word_1_483' title='bbox 525 5508 620 5562; x_wconf 92' lang='grc' dir='ltr'>τοῦ</span> <span class='ocrx_word' id='word_1_484' title='bbox 658 5510 836 5580; x_wconf 88' lang='grc' dir='ltr'>γάμου</span> <span class='ocrx_word' id='word_1_485' title='bbox 877 5509 1295 5579; x_wconf 87' lang='grc' dir='ltr'>διαφθείρωμεν.</span> <span class='ocrx_word' id='word_1_486' title='bbox 1359 5508 1421 5559; x_wconf 75' lang='lat' dir='ltr'>El</span> <span class='ocrx_word' id='word_1_487' title='bbox 1464 5508 1562 5576; x_wconf 83' lang='grc' dir='ltr'>μὲν</span> <span class='ocrx_word' id='word_1_488' title='bbox 1594 5509 1699 5577; x_wconf 77' lang='grc' dir='ltr'>γὰρ</span> <span class='ocrx_word' id='word_1_489' title='bbox 1732 5506 1893 5559; x_wconf 85' lang='grc' dir='ltr'>καλόν</span> 
     </span>
    </p>
   </div>
   <div class='ocr_carea' id='block_1_64' title="bbox 311 5590 1895 5662">
    <p class='ocr_par' dir='ltr' id='par_1_64' title="bbox 311 5590 1895 5662">
     <span class='ocr_line' id='line_1_64' title="bbox 311 5590 1895 5662; baseline -0.003 -16"><span class='ocrx_word' id='word_1_490' title='bbox 311 5592 515 5646; x_wconf 75' lang='grc' dir='ltr'>ἔστιτὸ</span> <span class='ocrx_word' id='word_1_491' title='bbox 541 5593 640 5662; x_wconf 86' lang='grc' dir='ltr'>τῆς</span> <span class='ocrx_word' id='word_1_492' title='bbox 676 5592 984 5661; x_wconf 89' lang='grc' dir='ltr'>συμϐουλῆς</span> <span class='ocrx_word' id='word_1_493' title='bbox 1012 5593 1105 5645; x_wconf 73' lang='grc' dir='ltr'>καὶ</span> <span class='ocrx_word' id='word_1_494' title='bbox 1133 5590 1410 5659; x_wconf 84' lang='grc' dir='ltr'>ἐπωφελές</span> <span class='ocrx_word' id='word_1_495' title='bbox 1433 5630 1448 5651; x_wconf 92' lang='grc'>,</span> <span class='ocrx_word' id='word_1_496' title='bbox 1491 5590 1593 5642; x_wconf 82' lang='grc' dir='ltr'>κᾶν</span> <span class='ocrx_word' id='word_1_497' title='bbox 1645 5590 1718 5659; x_wconf 82' lang='grc' dir='ltr'>μὴ</span> <span class='ocrx_word' id='word_1_498' title='bbox 1770 5607 1895 5641; x_wconf 91' lang='grc' dir='ltr'>συν-</span> 
     </span>
    </p>
   </div>
   <div class='ocr_carea' id='block_1_65' title="bbox 313 5673 1895 5748">
    <p class='ocr_par' dir='ltr' id='par_1_65' title="bbox 313 5673 1895 5748">
     <span class='ocr_line' id='line_1_65' title="bbox 313 5673 1895 5748; baseline -0.003 -20"><span class='ocrx_word' id='word_1_499' title='bbox 313 5676 472 5747; x_wconf 86' lang='grc' dir='ltr'>ήθεια</span> <span class='ocrx_word' id='word_1_500' title='bbox 493 5675 553 5748; x_wconf 81' lang='grc' dir='ltr'>ᾗ,</span> <span class='ocrx_word' id='word_1_501' title='bbox 582 5676 814 5745; x_wconf 82' lang='grc' dir='ltr'>γινέσθω</span> <span class='ocrx_word' id='word_1_502' title='bbox 850 5690 863 5703; x_wconf 90' lang='grc'><strong>·</strong></span> <span class='ocrx_word' id='word_1_503' title='bbox 905 5677 953 5729; x_wconf 83' lang='grc' dir='ltr'>εἰ</span> <span class='ocrx_word' id='word_1_504' title='bbox 997 5676 1053 5728; x_wconf 83' lang='grc' dir='ltr'>δὲ</span> <span class='ocrx_word' id='word_1_505' title='bbox 1088 5674 1289 5744; x_wconf 89' lang='grc' dir='ltr'>βλάϐην</span> <span class='ocrx_word' id='word_1_506' title='bbox 1327 5673 1448 5742; x_wconf 86' lang='grc' dir='ltr'>ἕχον</span> <span class='ocrx_word' id='word_1_507' title='bbox 1490 5674 1583 5726; x_wconf 74' lang='grc' dir='ltr'>καὶ</span> <span class='ocrx_word' id='word_1_508' title='bbox 1616 5673 1781 5725; x_wconf 79' lang='grc' dir='ltr'>πολὺν</span> <span class='ocrx_word' id='word_1_509' title='bbox 1806 5673 1895 5725; x_wconf 86' lang='grc' dir='ltr'>τὸν</span> 
     </span>
    </p>
   </div>
   <div class='ocr_carea' id='block_1_66' title="bbox 314 5755 1894 5830">
    <p class='ocr_par' dir='ltr' id='par_1_66' title="bbox 314 5755 1894 5830">
     <span class='ocr_line' id='line_1_66' title="bbox 314 5755 1894 5830; baseline -0.004 -17"><span class='ocrx_word' id='word_1_510' title='bbox 314 5759 538 5830; x_wconf 79' lang='grc' dir='ltr'>ὄλεθρον</span> <span class='ocrx_word' id='word_1_511' title='bbox 585 5758 646 5811; x_wconf 77' lang='grc' dir='ltr'>τὸ</span> <span class='ocrx_word' id='word_1_512' title='bbox 692 5756 787 5810; x_wconf 92' lang='grc' dir='ltr'>νῦν</span> <span class='ocrx_word' id='word_1_513' title='bbox 824 5757 955 5827; x_wconf 86' lang='grc' dir='ltr'>παρ’</span> <span class='ocrx_word' id='word_1_514' title='bbox 978 5757 1131 5825; x_wconf 89' lang='grc' dir='ltr'>ὐμῶν</span> <span class='ocrx_word' id='word_1_515' title='bbox 1161 5755 1572 5826; x_wconf 69' lang='grc' dir='ltr'>ἐπιτελούμενω</span> <span class='ocrx_word' id='word_1_516' title='bbox 1592 5796 1606 5819; x_wconf 93' lang='grc'>,</span> <span class='ocrx_word' id='word_1_517' title='bbox 1645 5755 1744 5807; x_wconf 85' lang='grc' dir='ltr'>κᾶν</span> <span class='ocrx_word' id='word_1_518' title='bbox 1773 5772 1894 5807; x_wconf 83' lang='grc' dir='ltr'>συν-</span> 
     </span>
    </p>
   </div>
   <div class='ocr_carea' id='block_1_67' title="bbox 323 5838 1891 5915">
    <p class='ocr_par' dir='ltr' id='par_1_67' title="bbox 323 5838 1891 5915">
     <span class='ocr_line' id='line_1_67' title="bbox 323 5838 1891 5915; baseline -0.004 -20"><span class='ocrx_word' id='word_1_519' title='bbox 323 5843 476 5913; x_wconf 69' lang='grc' dir='ltr'>ηθεια</span> <span class='ocrx_word' id='word_1_520' title='bbox 506 5838 560 5915; x_wconf 81' lang='grc' dir='ltr'>ᾖ,</span> <span class='ocrx_word' id='word_1_521' title='bbox 586 5840 953 5908; x_wconf 78' lang='grc' dir='ltr'>ὲγκοπτέσθω.</span> <span class='ocrx_word' id='word_1_522' title='bbox 972 5841 1122 5893; x_wconf 78' lang='grc' dir='ltr'>Ἐπεὶ</span> <span class='ocrx_word' id='word_1_523' title='bbox 1152 5843 1200 5893; x_wconf 80' lang='grc' dir='ltr'>εἰ</span> <span class='ocrx_word' id='word_1_524' title='bbox 1229 5840 1384 5893; x_wconf 90' lang='grc' dir='ltr'>τοῦτο</span> <span class='ocrx_word' id='word_1_525' title='bbox 1420 5840 1891 5909; x_wconf 79' lang='grc' dir='ltr'>συγχωρήσαιμεν,</span> 
     </span>
    </p>
   </div>
   <div class='ocr_carea' id='block_1_68' title="bbox 321 5922 1892 5997">
    <p class='ocr_par' dir='ltr' id='par_1_68' title="bbox 321 5922 1892 5997">
     <span class='ocr_line' id='line_1_68' title="bbox 321 5922 1892 5997; baseline -0.003 -19"><span class='ocrx_word' id='word_1_526' title='bbox 321 5927 414 5981; x_wconf 72' lang='grc' dir='ltr'>καὶ</span> <span class='ocrx_word' id='word_1_527' title='bbox 458 5928 485 5979; x_wconf 87' lang='lat'>6</span> <span class='ocrx_word' id='word_1_528' title='bbox 536 5925 796 5991; x_wconf 82' lang='grc' dir='ltr'>κλέπτων,</span> <span class='ocrx_word' id='word_1_529' title='bbox 838 5925 930 5978; x_wconf 78' lang='grc' dir='ltr'>καὶ</span> <span class='ocrx_word' id='word_1_530' title='bbox 970 5926 997 5976; x_wconf 79' lang='grc' dir='ltr'>ὁ</span> <span class='ocrx_word' id='word_1_531' title='bbox 1030 5924 1323 5997; x_wconf 83' lang='grc' dir='ltr'>πορνεύων,</span> <span class='ocrx_word' id='word_1_532' title='bbox 1380 5924 1467 5977; x_wconf 82' lang='grc' dir='ltr'>καὶ</span> <span class='ocrx_word' id='word_1_533' title='bbox 1507 5926 1533 5976; x_wconf 88' lang='lat'>6</span> <span class='ocrx_word' id='word_1_534' title='bbox 1587 5924 1685 5992; x_wconf 85' lang='grc' dir='ltr'>τὴν</span> <span class='ocrx_word' id='word_1_535' title='bbox 1730 5922 1892 5991; x_wconf 86' lang='grc' dir='ltr'>ἄλλην</span> 
     </span>
    </p>
   </div>
   <div class='ocr_carea' id='block_1_69' title="bbox 1299 323 2481 384">
    <p class='ocr_par' dir='ltr' id='par_1_69' title="bbox 1299 323 2481 384">
     <span class='ocr_line' id='line_1_69' title="bbox 1299 323 2481 384; baseline 0.003 -5"><span class='ocrx_word' id='word_1_536' title='bbox 1299 323 1367 379; x_wconf 84' lang='grc' dir='ltr'>ΙΝ</span> <span class='ocrx_word' id='word_1_537' title='bbox 1402 325 1555 380; x_wconf 79' lang='lat' dir='ltr'>CAP.</span> <span class='ocrx_word' id='word_1_538' title='bbox 1593 326 1761 381; x_wconf 77' lang='lat' dir='ltr'>XXIX</span> <span class='ocrx_word' id='word_1_539' title='bbox 1803 324 2052 383; x_wconf 82' lang='lat' dir='ltr'>GENES.</span> <span class='ocrx_word' id='word_1_540' title='bbox 2094 329 2325 384; x_wconf 81' lang='lat' dir='ltr'>HOMIL.</span> <span class='ocrx_word' id='word_1_541' title='bbox 2368 328 2481 383; x_wconf 72' lang='lat' dir='ltr'>LVI</span> 
     </span>
    </p>
   </div>
   <div class='ocr_carea' id='block_1_70' title="bbox 3427 325 3533 382">
    <p class='ocr_par' dir='ltr' id='par_1_70' title="bbox 3427 325 3533 382">
     <span class='ocr_line' id='line_1_70' title="bbox 3427 325 3533 382; baseline 0.009 -1"><span class='ocrx_word' id='word_1_542' title='bbox 3427 325 3533 382; x_wconf 73' lang='grc'>488</span> 
     </span>
    </p>
   </div>
   <div class='ocr_carea' id='block_1_71' title="bbox 1965 435 3541 510">
    <p class='ocr_par' dir='ltr' id='par_1_71' title="bbox 1965 435 3541 510">
     <span class='ocr_line' id='line_1_71' title="bbox 1965 435 3541 510; baseline -0.001 -18"><span class='ocrx_word' id='word_1_543' title='bbox 1965 439 2181 492; x_wconf 81' lang='grc' dir='ltr'>ἃπασαν</span> <span class='ocrx_word' id='word_1_544' title='bbox 2222 439 2417 492; x_wconf 87' lang='grc' dir='ltr'>κακίαν</span> <span class='ocrx_word' id='word_1_545' title='bbox 2456 440 2926 510; x_wconf 82' lang='grc' dir='ltr'>ἐπιδεικνύμενος,</span> <span class='ocrx_word' id='word_1_546' title='bbox 2959 438 3057 509; x_wconf 84' lang='grc' dir='ltr'>τὴν</span> <span class='ocrx_word' id='word_1_547' title='bbox 3087 435 3370 507; x_wconf 86' lang='grc' dir='ltr'>συνήθειαν</span> <span class='ocrx_word' id='word_1_548' title='bbox 3405 440 3541 509; x_wconf 81' lang='grc' dir='ltr'>ἡμῖν</span> 
     </span>
    </p>
   </div>
   <div class='ocr_carea' id='block_1_72' title="bbox 1959 520 3540 594">
    <p class='ocr_par' dir='ltr' id='par_1_72' title="bbox 1959 520 3540 594">
     <span class='ocr_line' id='line_1_72' title="bbox 1959 520 3540 594; baseline -0.002 -19"><span class='ocrx_word' id='word_1_549' title='bbox 1959 524 2341 594; x_wconf 78' lang='grc' dir='ltr'>προϐαλεῖταιο</span> <span class='ocrx_word' id='word_1_550' title='bbox 2387 523 2502 576; x_wconf 79' lang='grc' dir='ltr'>ἀλλ’</span> <span class='ocrx_word' id='word_1_551' title='bbox 2556 525 2707 576; x_wconf 82' lang='grc' dir='ltr'>οὐδὲν</span> <span class='ocrx_word' id='word_1_552' title='bbox 2752 523 2859 576; x_wconf 79' lang='grc' dir='ltr'>ἀπὸ</span> <span class='ocrx_word' id='word_1_553' title='bbox 2902 522 3091 574; x_wconf 90' lang='grc' dir='ltr'>τούτου</span> <span class='ocrx_word' id='word_1_554' title='bbox 3146 520 3335 590; x_wconf 86' lang='grc' dir='ltr'>κέρδος</span> <span class='ocrx_word' id='word_1_555' title='bbox 3389 522 3540 591; x_wconf 87' lang='grc' dir='ltr'>αὐτῷ</span> 
     </span>
    </p>
   </div>
   <div class='ocr_carea' id='block_1_73' title="bbox 1958 605 3539 679">
    <p class='ocr_par' dir='ltr' id='par_1_73' title="bbox 1958 605 3539 679">
     <span class='ocr_line' id='line_1_73' title="bbox 1958 605 3539 679; baseline -0.002 -18"><span class='ocrx_word' id='word_1_556' title='bbox 1958 608 2130 670; x_wconf 76' lang='grc' dir='ltr'>ἔσται,</span> <span class='ocrx_word' id='word_1_557' title='bbox 2159 609 2279 661; x_wconf 83' lang='grc' dir='ltr'>οὐδὲ</span> <span class='ocrx_word' id='word_1_558' title='bbox 2316 607 2633 679; x_wconf 83' lang='grc' dir='ltr'>συγγνώμη,</span> <span class='ocrx_word' id='word_1_559' title='bbox 2658 608 2794 661; x_wconf 85' lang='grc' dir='ltr'>ἀλλά</span> <span class='ocrx_word' id='word_1_560' title='bbox 2820 608 2915 660; x_wconf 71' lang='grc' dir='ltr'>καὶ</span> <span class='ocrx_word' id='word_1_561' title='bbox 2956 605 3122 675; x_wconf 84' lang='grc' dir='ltr'>πολλὴ</span> <span class='ocrx_word' id='word_1_562' title='bbox 3151 606 3184 675; x_wconf 85' lang='grc' dir='ltr'>ἡ</span> <span class='ocrx_word' id='word_1_563' title='bbox 3214 606 3539 677; x_wconf 79' lang='grc' dir='ltr'>κατηγορία,</span> 
     </span>
    </p>
   </div>
   <div class='ocr_carea' id='block_1_74' title="bbox 1958 689 3398 761">
    <p class='ocr_par' dir='ltr' id='par_1_74' title="bbox 1958 689 3398 761">
     <span class='ocr_line' id='line_1_74' title="bbox 1958 689 3398 761; baseline -0.001 -17"><span class='ocrx_word' id='word_1_564' title='bbox 1958 692 2039 744; x_wconf 85' lang='grc' dir='ltr'>ὃτι</span> <span class='ocrx_word' id='word_1_565' title='bbox 2069 692 2166 744; x_wconf 86' lang='grc' dir='ltr'>οὐκ</span> <span class='ocrx_word' id='word_1_566' title='bbox 2200 691 2386 761; x_wconf 78' lang='grc' dir='ltr'>ἴσχυσε</span> <span class='ocrx_word' id='word_1_567' title='bbox 2412 692 2697 761; x_wconf 87' lang='grc' dir='ltr'>συνηθείας</span> <span class='ocrx_word' id='word_1_568' title='bbox 2728 689 3107 761; x_wconf 85' lang='grc' dir='ltr'>περιγενέσθαι</span> <span class='ocrx_word' id='word_1_569' title='bbox 3138 689 3398 757; x_wconf 89' lang='grc' dir='ltr'>πονηρᾶς.</span> 
     </span>
    </p>
   </div>
   <div class='ocr_carea' id='block_1_75' title="bbox 2031 770 3545 845">
    <p class='ocr_par' dir='ltr' id='par_1_75' title="bbox 2031 770 3545 845">
     <span class='ocr_line' id='line_1_75' title="bbox 2031 770 3545 845; baseline -0.004 -18"><span class='ocrx_word' id='word_1_570' title='bbox 2031 774 2095 842; x_wconf 81' lang='grc' dir='ltr'>β’.</span> <span class='ocrx_word' id='word_1_571' title='bbox 2135 775 2260 826; x_wconf 80' lang='grc' dir='ltr'>Ἐάν</span> <span class='ocrx_word' id='word_1_572' title='bbox 2298 775 2406 845; x_wconf 88' lang='grc' dir='ltr'>γὰρ</span> <span class='ocrx_word' id='word_1_573' title='bbox 2447 773 2765 845; x_wconf 82' lang='grc' dir='ltr'>βουλώμεθα</span> <span class='ocrx_word' id='word_1_574' title='bbox 2797 774 3022 841; x_wconf 80' lang='grc' dir='ltr'>νήφειν,</span> <span class='ocrx_word' id='word_1_575' title='bbox 3070 771 3165 824; x_wconf 74' lang='grc' dir='ltr'>καὶ</span> <span class='ocrx_word' id='word_1_576' title='bbox 3210 770 3409 839; x_wconf 81' lang='grc' dir='ltr'>πολλὴν</span> <span class='ocrx_word' id='word_1_577' title='bbox 3446 770 3545 839; x_wconf 84' lang='grc' dir='ltr'>τῆς</span> 
     </span>
    </p>
   </div>
   <div class='ocr_carea' id='block_1_76' title="bbox 1959 851 3546 927">
    <p class='ocr_par' dir='ltr' id='par_1_76' title="bbox 1959 851 3546 927">
     <span class='ocr_line' id='line_1_76' title="bbox 1959 851 3546 927; baseline -0.002 -19"><span class='ocrx_word' id='word_1_578' title='bbox 1959 856 2166 910; x_wconf 77' lang='grc' dir='ltr'>ἑαυτῶν</span> <span class='ocrx_word' id='word_1_579' title='bbox 2201 858 2473 927; x_wconf 88' lang='grc' dir='ltr'>σωτηρίας</span> <span class='ocrx_word' id='word_1_580' title='bbox 2495 857 2761 909; x_wconf 88' lang='grc' dir='ltr'>ποιεῖσθαι</span> <span class='ocrx_word' id='word_1_581' title='bbox 2789 857 2885 926; x_wconf 78' lang='grc' dir='ltr'>τὴν</span> <span class='ocrx_word' id='word_1_582' title='bbox 2911 854 3188 925; x_wconf 86' lang='grc' dir='ltr'>φροντίδα,</span> <span class='ocrx_word' id='word_1_583' title='bbox 3208 851 3546 923; x_wconf 87' lang='grc' dir='ltr'>δυνησόμεθα</span> 
     </span>
    </p>
   </div>
   <div class='ocr_carea' id='block_1_77' title="bbox 1960 934 3546 1011">
    <p class='ocr_par' dir='ltr' id='par_1_77' title="bbox 1960 934 3546 1011">
     <span class='ocr_line' id='line_1_77' title="bbox 1960 934 3546 1011; baseline -0.004 -18"><span class='ocrx_word' id='word_1_584' title='bbox 1960 943 2052 994; x_wconf 75' lang='grc' dir='ltr'>καὶ</span> <span class='ocrx_word' id='word_1_585' title='bbox 2098 941 2195 1011; x_wconf 82' lang='grc' dir='ltr'>τῆς</span> <span class='ocrx_word' id='word_1_586' title='bbox 2250 943 2425 1011; x_wconf 89' lang='grc' dir='ltr'>κακῆς</span> <span class='ocrx_word' id='word_1_587' title='bbox 2470 940 2756 1011; x_wconf 88' lang='grc' dir='ltr'>συνηθείας</span> <span class='ocrx_word' id='word_1_588' title='bbox 2778 939 3111 1007; x_wconf 87' lang='grc' dir='ltr'>ἀποστῆναι,</span> <span class='ocrx_word' id='word_1_589' title='bbox 3142 936 3237 989; x_wconf 72' lang='grc' dir='ltr'>καὶ</span> <span class='ocrx_word' id='word_1_590' title='bbox 3264 939 3342 997; x_wconf 84' lang='grc' dir='ltr'>είς</span> <span class='ocrx_word' id='word_1_591' title='bbox 3378 934 3546 1002; x_wconf 83' lang='grc' dir='ltr'>καλὴν</span> 
     </span>
    </p>
   </div>
   <div class='ocr_carea' id='block_1_78' title="bbox 1962 1018 3546 1093">
    <p class='ocr_par' dir='ltr' id='par_1_78' title="bbox 1962 1018 3546 1093">
     <span class='ocr_line' id='line_1_78' title="bbox 1962 1018 3546 1093; baseline -0.003 -19"><span class='ocrx_word' id='word_1_592' title='bbox 1962 1023 2247 1093; x_wconf 81' lang='grc' dir='ltr'>συνήθειαν</span> <span class='ocrx_word' id='word_1_593' title='bbox 2285 1024 2511 1086; x_wconf 82' lang='grc' dir='ltr'>ἑαυτοὺς</span> <span class='ocrx_word' id='word_1_594' title='bbox 2543 1025 2768 1091; x_wconf 88' lang='grc' dir='ltr'>ἀγαγεῖν</span> <span class='ocrx_word' id='word_1_595' title='bbox 2797 1039 2811 1053; x_wconf 83' lang='grc'><em>’</em></span> <span class='ocrx_word' id='word_1_596' title='bbox 2870 1023 2962 1075; x_wconf 75' lang='grc' dir='ltr'>καὶ</span> <span class='ocrx_word' id='word_1_597' title='bbox 2993 1021 3132 1073; x_wconf 67' lang='grc' dir='ltr'>οὕτω</span> <span class='ocrx_word' id='word_1_598' title='bbox 3161 1020 3255 1072; x_wconf 75' lang='grc' dir='ltr'>καὶ</span> <span class='ocrx_word' id='word_1_599' title='bbox 3286 1022 3398 1081; x_wconf 90' lang='grc' dir='ltr'>τοῖς</span> <span class='ocrx_word' id='word_1_600' title='bbox 3426 1018 3546 1087; x_wconf 86' lang='grc' dir='ltr'>μεθ’</span> 
     </span>
    </p>
   </div>
   <div class='ocr_carea' id='block_1_79' title="bbox 1962 1100 3548 1176">
    <p class='ocr_par' dir='ltr' id='par_1_79' title="bbox 1962 1100 3548 1176">
     <span class='ocr_line' id='line_1_79' title="bbox 1962 1100 3548 1176; baseline -0.003 -19"><span class='ocrx_word' id='word_1_601' title='bbox 1962 1106 2109 1174; x_wconf 81' lang='grc' dir='ltr'>ἡμᾶς</span> <span class='ocrx_word' id='word_1_602' title='bbox 2159 1107 2220 1159; x_wconf 88' lang='grc' dir='ltr'>οὐ</span> <span class='ocrx_word' id='word_1_603' title='bbox 2280 1106 2479 1176; x_wconf 85' lang='grc' dir='ltr'>μικρὰν</span> <span class='ocrx_word' id='word_1_604' title='bbox 2532 1106 2842 1176; x_wconf 82' lang='grc' dir='ltr'>παρέξομεν</span> <span class='ocrx_word' id='word_1_605' title='bbox 2880 1103 3134 1174; x_wconf 80' lang='grc' dir='ltr'>ἀφορμὴν</span> <span class='ocrx_word' id='word_1_606' title='bbox 3170 1101 3265 1155; x_wconf 90' lang='grc' dir='ltr'>τοῦ</span> <span class='ocrx_word' id='word_1_607' title='bbox 3303 1101 3370 1155; x_wconf 82' lang='grc' dir='ltr'>τὰ</span> <span class='ocrx_word' id='word_1_608' title='bbox 3409 1100 3548 1153; x_wconf 85' lang='grc' dir='ltr'>αὐτά</span> 
     </span>
    </p>
   </div>
   <div class='ocr_carea' id='block_1_80' title="bbox 1963 1185 3548 1258">
    <p class='ocr_par' dir='ltr' id='par_1_80' title="bbox 1963 1185 3548 1258">
     <span class='ocr_line' id='line_1_80' title="bbox 1963 1185 3548 1258; baseline -0.004 -18"><span class='ocrx_word' id='word_1_609' title='bbox 1963 1187 2190 1258; x_wconf 79' lang='grc' dir='ltr'>ζηλοῦν,</span> <span class='ocrx_word' id='word_1_610' title='bbox 2242 1188 2336 1241; x_wconf 77' lang='grc' dir='ltr'>καὶ</span> <span class='ocrx_word' id='word_1_611' title='bbox 2372 1188 2480 1243; x_wconf 90' lang='grc' dir='ltr'>τῶν</span> <span class='ocrx_word' id='word_1_612' title='bbox 2520 1189 2613 1241; x_wconf 83' lang='grc' dir='ltr'>ὑπ’</span> <span class='ocrx_word' id='word_1_613' title='bbox 2645 1188 2870 1241; x_wconf 85' lang='grc' dir='ltr'>ἐκείνων</span> <span class='ocrx_word' id='word_1_614' title='bbox 2900 1185 3349 1256; x_wconf 88' lang='grc' dir='ltr'>κατορθουμένων</span> <span class='ocrx_word' id='word_1_615' title='bbox 3387 1185 3548 1253; x_wconf 83' lang='grc' dir='ltr'>ἡμεῖς</span> 
     </span>
    </p>
   </div>
   <div class='ocr_carea' id='block_1_81' title="bbox 1964 1262 3549 1341">
    <p class='ocr_par' dir='ltr' id='par_1_81' title="bbox 1964 1262 3549 1341">
     <span class='ocr_line' id='line_1_81' title="bbox 1964 1262 3549 1341; baseline -0.006 -16"><span class='ocrx_word' id='word_1_616' title='bbox 1964 1270 2251 1340; x_wconf 76' lang='grc' dir='ltr'>ληψόμεθα</span> <span class='ocrx_word' id='word_1_617' title='bbox 2283 1270 2374 1323; x_wconf 82' lang='grc' dir='ltr'>τὸν</span> <span class='ocrx_word' id='word_1_618' title='bbox 2424 1272 2634 1341; x_wconf 88' lang='grc' dir='ltr'>μισθόν.</span> <span class='ocrx_word' id='word_1_619' title='bbox 2677 1272 2734 1323; x_wconf 89' lang='lat'>&#39;0</span> <span class='ocrx_word' id='word_1_620' title='bbox 2762 1271 2869 1340; x_wconf 87' lang='grc' dir='ltr'>γὰρ</span> <span class='ocrx_word' id='word_1_621' title='bbox 2897 1269 2996 1340; x_wconf 83' lang='grc' dir='ltr'>τὴν</span> <span class='ocrx_word' id='word_1_622' title='bbox 3033 1266 3207 1338; x_wconf 80' lang='grc' dir='ltr'>ἀρχὴν</span> <span class='ocrx_word' id='word_1_623' title='bbox 3250 1262 3549 1335; x_wconf 84' lang='grc' dir='ltr'>παρασχὼν</span> 
     </span>
    </p>
   </div>
   <div class='ocr_carea' id='block_1_82' title="bbox 1963 1348 3549 1423">
    <p class='ocr_par' dir='ltr' id='par_1_82' title="bbox 1963 1348 3549 1423">
     <span class='ocr_line' id='line_1_82' title="bbox 1963 1348 3549 1423; baseline -0.004 -16"><span class='ocrx_word' id='word_1_624' title='bbox 1963 1353 2063 1421; x_wconf 86' lang='grc' dir='ltr'>τῆς</span> <span class='ocrx_word' id='word_1_625' title='bbox 2092 1354 2263 1423; x_wconf 90' lang='grc' dir='ltr'>καλῆς</span> <span class='ocrx_word' id='word_1_626' title='bbox 2298 1354 2439 1419; x_wconf 87' lang='grc' dir='ltr'>όδοῦ,</span> <span class='ocrx_word' id='word_1_627' title='bbox 2474 1348 2628 1418; x_wconf 74' lang='grc' dir='ltr'>οὗτος</span> <span class='ocrx_word' id='word_1_628' title='bbox 2658 1354 2883 1407; x_wconf 78' lang='grc' dir='ltr'>καὶτῶν</span> <span class='ocrx_word' id='word_1_629' title='bbox 2908 1352 2998 1421; x_wconf 85' lang='grc' dir='ltr'>ὐφ’</span> <span class='ocrx_word' id='word_1_630' title='bbox 3031 1352 3231 1421; x_wconf 85' lang='grc' dir='ltr'>ἐτέρων</span> <span class='ocrx_word' id='word_1_631' title='bbox 3252 1349 3549 1419; x_wconf 85' lang='grc' dir='ltr'>γινομένων</span> 
     </span>
    </p>
   </div>
   <div class='ocr_carea' id='block_1_83' title="bbox 1966 1430 3547 1507">
    <p class='ocr_par' dir='ltr' id='par_1_83' title="bbox 1966 1430 3547 1507">
     <span class='ocr_line' id='line_1_83' title="bbox 1966 1430 3547 1507; baseline -0.006 -18"><span class='ocrx_word' id='word_1_632' title='bbox 1966 1435 2113 1507; x_wconf 75' lang='grc'>[541]</span> <span class='ocrx_word' id='word_1_633' title='bbox 2139 1439 2308 1499; x_wconf 80' lang='grc' dir='ltr'>αἴτιος</span> <span class='ocrx_word' id='word_1_634' title='bbox 2333 1436 2507 1499; x_wconf 80' lang='grc' dir='ltr'>ἔσται,</span> <span class='ocrx_word' id='word_1_635' title='bbox 2540 1438 2636 1490; x_wconf 72' lang='grc' dir='ltr'>καὶ</span> <span class='ocrx_word' id='word_1_636' title='bbox 2661 1435 2886 1489; x_wconf 85' lang='grc' dir='ltr'>διπλοῦν</span> <span class='ocrx_word' id='word_1_637' title='bbox 2913 1437 3187 1505; x_wconf 88' lang='grc' dir='ltr'>κομιεῖται</span> <span class='ocrx_word' id='word_1_638' title='bbox 3216 1432 3305 1484; x_wconf 82' lang='grc' dir='ltr'>τὸν</span> <span class='ocrx_word' id='word_1_639' title='bbox 3338 1430 3547 1500; x_wconf 81' lang='grc' dir='ltr'>μισθὸν,</span> 
     </span>
    </p>
   </div>
   <div class='ocr_carea' id='block_1_84' title="bbox 1966 1512 3549 1591">
    <p class='ocr_par' dir='ltr' id='par_1_84' title="bbox 1966 1512 3549 1591">
     <span class='ocr_line' id='line_1_84' title="bbox 1966 1512 3549 1591; baseline -0.003 -20"><span class='ocrx_word' id='word_1_640' title='bbox 1966 1520 2104 1589; x_wconf 84' lang='grc' dir='ltr'>ὑπὲρ</span> <span class='ocrx_word' id='word_1_641' title='bbox 2126 1514 2201 1572; x_wconf 84' lang='grc' dir='ltr'>ὧν</span> <span class='ocrx_word' id='word_1_642' title='bbox 2220 1537 2278 1571; x_wconf 88' lang='grc' dir='ltr'>τε</span> <span class='ocrx_word' id='word_1_643' title='bbox 2301 1520 2462 1583; x_wconf 69' lang='grc' dir='ltr'>αὐτὸς</span> <span class='ocrx_word' id='word_1_644' title='bbox 2485 1520 2757 1591; x_wconf 80' lang='grc' dir='ltr'>κατορθοῖ,</span> <span class='ocrx_word' id='word_1_645' title='bbox 2778 1519 2920 1589; x_wconf 83' lang='grc' dir='ltr'>ὑπὲρ</span> <span class='ocrx_word' id='word_1_646' title='bbox 2946 1512 3019 1572; x_wconf 81' lang='grc' dir='ltr'>ὧν</span> <span class='ocrx_word' id='word_1_647' title='bbox 3040 1535 3097 1569; x_wconf 88' lang='grc' dir='ltr'>τε</span> <span class='ocrx_word' id='word_1_648' title='bbox 3126 1516 3342 1586; x_wconf 82' lang='grc' dir='ltr'>ἐτέρους</span> <span class='ocrx_word' id='word_1_649' title='bbox 3355 1514 3549 1581; x_wconf 83' lang='grc' dir='ltr'>ἐπάγει</span> 
     </span>
    </p>
   </div>
   <div class='ocr_carea' id='block_1_85' title="bbox 1965 1597 3551 1673">
    <p class='ocr_par' dir='ltr' id='par_1_85' title="bbox 1965 1597 3551 1673">
     <span class='ocr_line' id='line_1_85' title="bbox 1965 1597 3551 1673; baseline -0.002 -19"><span class='ocrx_word' id='word_1_650' title='bbox 1965 1604 2045 1665; x_wconf 89' lang='grc' dir='ltr'>εἰς</span> <span class='ocrx_word' id='word_1_651' title='bbox 2063 1602 2161 1672; x_wconf 78' lang='grc' dir='ltr'>τὴν</span> <span class='ocrx_word' id='word_1_652' title='bbox 2186 1604 2416 1673; x_wconf 85' lang='grc' dir='ltr'>ἀρίστην</span> <span class='ocrx_word' id='word_1_653' title='bbox 2444 1602 2646 1672; x_wconf 89' lang='grc' dir='ltr'>ταύτην</span> <span class='ocrx_word' id='word_1_654' title='bbox 2683 1602 3020 1671; x_wconf 84' lang='grc' dir='ltr'>φιλοσοφίαν.</span> <span class='ocrx_word' id='word_1_655' title='bbox 3044 1601 3134 1669; x_wconf 81' lang='grc' dir='ltr'>Μή</span> <span class='ocrx_word' id='word_1_656' title='bbox 3162 1616 3252 1669; x_wconf 90' lang='grc' dir='ltr'>μοι</span> <span class='ocrx_word' id='word_1_657' title='bbox 3275 1598 3343 1650; x_wconf 82' lang='grc' dir='ltr'>τὰ</span> <span class='ocrx_word' id='word_1_658' title='bbox 3367 1597 3551 1669; x_wconf 67' lang='grc' dir='ltr'>ψυχρά</span> 
     </span>
    </p>
   </div>
   <div class='ocr_carea' id='block_1_86' title="bbox 1967 1681 3549 1756">
    <p class='ocr_par' dir='ltr' id='par_1_86' title="bbox 1967 1681 3549 1756">
     <span class='ocr_line' id='line_1_86' title="bbox 1967 1681 3549 1756; baseline -0.003 -19"><span class='ocrx_word' id='word_1_659' title='bbox 1967 1686 2146 1738; x_wconf 88' lang='grc' dir='ltr'>ἐκεῖνα</span> <span class='ocrx_word' id='word_1_660' title='bbox 2195 1688 2412 1756; x_wconf 82' lang='grc' dir='ltr'>ῥήματα</span> <span class='ocrx_word' id='word_1_661' title='bbox 2456 1688 2550 1739; x_wconf 79' lang='grc' dir='ltr'>καὶ</span> <span class='ocrx_word' id='word_1_662' title='bbox 2596 1685 2830 1754; x_wconf 85' lang='grc' dir='ltr'>γέλωτος</span> <span class='ocrx_word' id='word_1_663' title='bbox 2869 1684 3108 1753; x_wconf 87' lang='grc' dir='ltr'>γέμοντα</span> <span class='ocrx_word' id='word_1_664' title='bbox 3148 1681 3549 1751; x_wconf 88' lang='grc' dir='ltr'>προϐάλλεσθε,</span> 
     </span>
    </p>
   </div>
   <div class='ocr_carea' id='block_1_87' title="bbox 1966 1763 3553 1838">
    <p class='ocr_par' dir='ltr' id='par_1_87' title="bbox 1966 1763 3553 1838">
     <span class='ocr_line' id='line_1_87' title="bbox 1966 1763 3553 1838; baseline -0.003 -18"><span class='ocrx_word' id='word_1_665' title='bbox 1966 1767 2212 1836; x_wconf 86' lang='grc' dir='ltr'>λέγοντες</span> <span class='ocrx_word' id='word_1_666' title='bbox 2244 1769 2450 1838; x_wconf 87' lang='grc' dir='ltr'>νόμιμά</span> <span class='ocrx_word' id='word_1_667' title='bbox 2470 1786 2591 1820; x_wconf 92' lang='grc' dir='ltr'>τινα</span> <span class='ocrx_word' id='word_1_668' title='bbox 2610 1765 2748 1822; x_wconf 84' lang='grc' dir='ltr'>εἶναι</span> <span class='ocrx_word' id='word_1_669' title='bbox 2777 1767 2969 1828; x_wconf 89' lang='grc' dir='ltr'>ταῦτα,</span> <span class='ocrx_word' id='word_1_670' title='bbox 3004 1767 3097 1818; x_wconf 77' lang='grc' dir='ltr'>καὶ</span> <span class='ocrx_word' id='word_1_671' title='bbox 3121 1764 3209 1818; x_wconf 85' lang='grc' dir='ltr'>διὰ</span> <span class='ocrx_word' id='word_1_672' title='bbox 3234 1764 3392 1817; x_wconf 86' lang='grc' dir='ltr'>τοῦτο</span> <span class='ocrx_word' id='word_1_673' title='bbox 3413 1763 3553 1833; x_wconf 75' lang='grc' dir='ltr'>πλη-</span> 
     </span>
    </p>
   </div>
   <div class='ocr_carea' id='block_1_88' title="bbox 1970 1846 3551 1922">
    <p class='ocr_par' dir='ltr' id='par_1_88' title="bbox 1970 1846 3551 1922">
     <span class='ocr_line' id='line_1_88' title="bbox 1970 1846 3551 1922; baseline -0.004 -19"><span class='ocrx_word' id='word_1_674' title='bbox 1970 1850 2194 1921; x_wconf 88' lang='grc' dir='ltr'>ροῦσθαι</span> <span class='ocrx_word' id='word_1_675' title='bbox 2222 1855 2347 1922; x_wconf 81' lang='grc' dir='ltr'>χρή.</span> <span class='ocrx_word' id='word_1_676' title='bbox 2370 1853 2443 1904; x_wconf 89' lang='grc' dir='ltr'>Οὐ</span> <span class='ocrx_word' id='word_1_677' title='bbox 2465 1851 2637 1904; x_wconf 90' lang='grc' dir='ltr'>ταῦτα</span> <span class='ocrx_word' id='word_1_678' title='bbox 2653 1852 2758 1921; x_wconf 86' lang='grc' dir='ltr'>γὰρ</span> <span class='ocrx_word' id='word_1_679' title='bbox 2781 1850 3011 1920; x_wconf 87' lang='grc' dir='ltr'>νόμιμον</span> <span class='ocrx_word' id='word_1_680' title='bbox 3034 1850 3180 1900; x_wconf 88' lang='grc' dir='ltr'>ποιεῖ</span> <span class='ocrx_word' id='word_1_681' title='bbox 3194 1846 3551 1907; x_wconf 87' lang='grc' dir='ltr'>συνοικέσιον,</span> 
     </span>
    </p>
   </div>
   <div class='ocr_carea' id='block_1_89' title="bbox 1968 1929 3606 2002">
    <p class='ocr_par' dir='ltr' id='par_1_89' title="bbox 1968 1929 3606 2002">
     <span class='ocr_line' id='line_1_89' title="bbox 1968 1929 3606 2002; baseline -0.004 -16"><span class='ocrx_word' id='word_1_682' title='bbox 1968 1932 2104 1986; x_wconf 87' lang='grc' dir='ltr'>ἀλλά</span> <span class='ocrx_word' id='word_1_683' title='bbox 2148 1933 2209 1986; x_wconf 82' lang='grc' dir='ltr'>τὸ</span> <span class='ocrx_word' id='word_1_684' title='bbox 2260 1933 2401 1987; x_wconf 84' lang='grc' dir='ltr'>κατά</span> <span class='ocrx_word' id='word_1_685' title='bbox 2445 1935 2571 1999; x_wconf 79' lang='grc' dir='ltr'>τοὺς</span> <span class='ocrx_word' id='word_1_686' title='bbox 2613 1934 2707 1987; x_wconf 91' lang='grc' dir='ltr'>τοῦ</span> <span class='ocrx_word' id='word_1_687' title='bbox 2747 1933 2882 1986; x_wconf 85' lang='grc' dir='ltr'>Θεοῦ</span> <span class='ocrx_word' id='word_1_688' title='bbox 2920 1931 3116 2002; x_wconf 87' lang='grc' dir='ltr'>νόμους</span> <span class='ocrx_word' id='word_1_689' title='bbox 3157 1929 3294 2000; x_wconf 89' lang='grc' dir='ltr'>μετά</span> <span class='ocrx_word' id='word_1_690' title='bbox 3338 1945 3555 1999; x_wconf 81' lang='grc' dir='ltr'>σωφρο-</span> <span class='ocrx_word' id='word_1_691' title='bbox 3595 1958 3606 1968; x_wconf 89' lang='lat'><strong><em>-</em></strong></span> 
     </span>
    </p>
   </div>
   <div class='ocr_carea' id='block_1_90' title="bbox 1972 2012 3553 2088">
    <p class='ocr_par' dir='ltr' id='par_1_90' title="bbox 1972 2012 3553 2088">
     <span class='ocr_line' id='line_1_90' title="bbox 1972 2012 3553 2088; baseline -0.003 -19"><span class='ocrx_word' id='word_1_692' title='bbox 1972 2016 2135 2087; x_wconf 90' lang='grc' dir='ltr'>σύνης</span> <span class='ocrx_word' id='word_1_693' title='bbox 2170 2016 2262 2069; x_wconf 74' lang='grc' dir='ltr'>καὶ</span> <span class='ocrx_word' id='word_1_694' title='bbox 2305 2016 2633 2087; x_wconf 88' lang='grc' dir='ltr'>σεμνότητος</span> <span class='ocrx_word' id='word_1_695' title='bbox 2666 2019 2763 2088; x_wconf 83' lang='grc' dir='ltr'>τὴν</span> <span class='ocrx_word' id='word_1_696' title='bbox 2792 2015 3103 2069; x_wconf 83' lang='grc' dir='ltr'>συνέλευσιν</span> <span class='ocrx_word' id='word_1_697' title='bbox 3136 2012 3416 2082; x_wconf 90' lang='grc' dir='ltr'>γίνεσθαι,</span> <span class='ocrx_word' id='word_1_698' title='bbox 3459 2014 3553 2065; x_wconf 80' lang='grc' dir='ltr'>καὶ</span> 
     </span>
    </p>
   </div>
   <div class='ocr_carea' id='block_1_91' title="bbox 1969 2094 3552 2172">
    <p class='ocr_par' dir='ltr' id='par_1_91' title="bbox 1969 2094 3552 2172">
     <span class='ocr_line' id='line_1_91' title="bbox 1969 2094 3552 2172; baseline -0.004 -18"><span class='ocrx_word' id='word_1_699' title='bbox 1969 2104 2034 2172; x_wconf 81' lang='grc' dir='ltr'>τῇ</span> <span class='ocrx_word' id='word_1_700' title='bbox 2064 2101 2285 2170; x_wconf 81' lang='grc' dir='ltr'>ὁμονοίᾳ</span> <span class='ocrx_word' id='word_1_701' title='bbox 2316 2101 2731 2171; x_wconf 88' lang='grc' dir='ltr'>συμπεπλέχθαι</span> <span class='ocrx_word' id='word_1_702' title='bbox 2782 2099 2912 2162; x_wconf 77' lang='grc' dir='ltr'>τοὺς</span> <span class='ocrx_word' id='word_1_703' title='bbox 2954 2098 3205 2169; x_wconf 82' lang='grc' dir='ltr'>ἀλλήλοις</span> <span class='ocrx_word' id='word_1_704' title='bbox 3251 2094 3552 2157; x_wconf 89' lang='grc' dir='ltr'>συνιόντας.</span> 
     </span>
    </p>
   </div>
   <div class='ocr_carea' id='block_1_92' title="bbox 1970 2177 3555 2252">
    <p class='ocr_par' dir='ltr' id='par_1_92' title="bbox 1970 2177 3555 2252">
     <span class='ocr_line' id='line_1_92' title="bbox 1970 2177 3555 2252; baseline -0.003 -17"><span class='ocrx_word' id='word_1_705' title='bbox 1970 2183 2139 2236; x_wconf 89' lang='grc' dir='ltr'>Τοῦτο</span> <span class='ocrx_word' id='word_1_706' title='bbox 2180 2183 2276 2235; x_wconf 76' lang='grc' dir='ltr'>καὶ</span> <span class='ocrx_word' id='word_1_707' title='bbox 2317 2185 2367 2236; x_wconf 86' lang='grc' dir='ltr'>οί</span> <span class='ocrx_word' id='word_1_708' title='bbox 2420 2183 2619 2249; x_wconf 76' lang='grc' dir='ltr'>ἔξωθεν</span> <span class='ocrx_word' id='word_1_709' title='bbox 2666 2184 2815 2237; x_wconf 88' lang='grc' dir='ltr'>ῐσασι</span> <span class='ocrx_word' id='word_1_710' title='bbox 2847 2182 3038 2252; x_wconf 85' lang='grc' dir='ltr'>νόμοι,</span> <span class='ocrx_word' id='word_1_711' title='bbox 3084 2181 3179 2233; x_wconf 76' lang='grc' dir='ltr'>καὶ</span> <span class='ocrx_word' id='word_1_712' title='bbox 3208 2178 3413 2249; x_wconf 77' lang='grc' dir='ltr'>ἀκούσῃ</span> <span class='ocrx_word' id='word_1_713' title='bbox 3447 2177 3555 2231; x_wconf 84' lang='grc' dir='ltr'>τῶν</span> 
     </span>
    </p>
   </div>
   <div class='ocr_carea' id='block_1_93' title="bbox 1970 2261 3555 2337">
    <p class='ocr_par' dir='ltr' id='par_1_93' title="bbox 1970 2261 3555 2337">
     <span class='ocr_line' id='line_1_93' title="bbox 1970 2261 3555 2337; baseline -0.004 -19"><span class='ocrx_word' id='word_1_714' title='bbox 1970 2267 2098 2337; x_wconf 66' lang='grc' dir='ltr'>περ)⁴</span> <span class='ocrx_word' id='word_1_715' title='bbox 2142 2267 2318 2320; x_wconf 88' lang='grc' dir='ltr'>ταῦτα</span> <span class='ocrx_word' id='word_1_716' title='bbox 2360 2267 2732 2336; x_wconf 86' lang='grc' dir='ltr'>ἐσχολακότων</span> <span class='ocrx_word' id='word_1_717' title='bbox 2776 2266 3042 2334; x_wconf 86' lang='grc' dir='ltr'>λεγόντων</span> <span class='ocrx_word' id='word_1_718' title='bbox 3064 2305 3079 2329; x_wconf 94' lang='grc'>,</span> <span class='ocrx_word' id='word_1_719' title='bbox 3112 2264 3194 2316; x_wconf 84' lang='grc' dir='ltr'>ὅτι</span> <span class='ocrx_word' id='word_1_720' title='bbox 3226 2261 3555 2317; x_wconf 84' lang='grc' dir='ltr'>συνοικέσιον</span> 
     </span>
    </p>
   </div>
   <div class='ocr_carea' id='block_1_94' title="bbox 1970 2344 3554 2421">
    <p class='ocr_par' dir='ltr' id='par_1_94' title="bbox 1970 2344 3554 2421">
     <span class='ocr_line' id='line_1_94' title="bbox 1970 2344 3554 2421; baseline -0.004 -18"><span class='ocrx_word' id='word_1_721' title='bbox 1970 2349 2120 2403; x_wconf 85' lang='grc' dir='ltr'>οὐδὲν</span> <span class='ocrx_word' id='word_1_722' title='bbox 2166 2350 2350 2420; x_wconf 75' lang='grc' dir='ltr'>ἕτερον</span> <span class='ocrx_word' id='word_1_723' title='bbox 2392 2349 2705 2420; x_wconf 89' lang='grc' dir='ltr'>συνίστησιν</span> <span class='ocrx_word' id='word_1_724' title='bbox 2754 2348 2787 2420; x_wconf 83' lang='grc' dir='ltr'>ἦ</span> <span class='ocrx_word' id='word_1_725' title='bbox 2840 2348 3116 2421; x_wconf 73' lang='grc' dir='ltr'>συνήθεια.</span> <span class='ocrx_word' id='word_1_726' title='bbox 3147 2346 3237 2415; x_wconf 80' lang='grc' dir='ltr'>Μὴ</span> <span class='ocrx_word' id='word_1_727' title='bbox 3256 2345 3433 2398; x_wconf 88' lang='grc' dir='ltr'>τοίνυν</span> <span class='ocrx_word' id='word_1_728' title='bbox 3464 2344 3554 2396; x_wconf 77' lang='grc' dir='ltr'>καὶ</span> 
     </span>
    </p>
   </div>
   <div class='ocr_carea' id='block_1_95' title="bbox 1970 2426 3558 2503">
    <p class='ocr_par' dir='ltr' id='par_1_95' title="bbox 1970 2426 3558 2503">
     <span class='ocr_line' id='line_1_95' title="bbox 1970 2426 3558 2503; baseline -0.004 -18"><span class='ocrx_word' id='word_1_729' title='bbox 1970 2433 2096 2495; x_wconf 81' lang='grc' dir='ltr'>τούς</span> <span class='ocrx_word' id='word_1_730' title='bbox 2141 2432 2234 2487; x_wconf 88' lang='grc' dir='ltr'>τοῦ</span> <span class='ocrx_word' id='word_1_731' title='bbox 2278 2432 2410 2486; x_wconf 86' lang='grc' dir='ltr'>Θεοῦ</span> <span class='ocrx_word' id='word_1_732' title='bbox 2453 2433 2651 2501; x_wconf 88' lang='grc' dir='ltr'>νόμους</span> <span class='ocrx_word' id='word_1_733' title='bbox 2680 2431 3015 2503; x_wconf 88' lang='grc' dir='ltr'>παραϐῶμεν</span> <span class='ocrx_word' id='word_1_734' title='bbox 3052 2429 3189 2500; x_wconf 89' lang='grc' dir='ltr'>μετά</span> <span class='ocrx_word' id='word_1_735' title='bbox 3216 2430 3324 2481; x_wconf 86' lang='grc' dir='ltr'>τῶν</span> <span class='ocrx_word' id='word_1_736' title='bbox 3351 2426 3558 2499; x_wconf 78' lang='grc' dir='ltr'>ἀνθρω-</span> 
     </span>
    </p>
   </div>
   <div class='ocr_carea' id='block_1_96' title="bbox 1973 2510 3557 2585">
    <p class='ocr_par' dir='ltr' id='par_1_96' title="bbox 1973 2510 3557 2585">
     <span class='ocr_line' id='line_1_96' title="bbox 1973 2510 3557 2585; baseline -0.003 -19"><span class='ocrx_word' id='word_1_737' title='bbox 1973 2515 2159 2579; x_wconf 90' lang='grc' dir='ltr'>πίνων,</span> <span class='ocrx_word' id='word_1_738' title='bbox 2201 2516 2296 2568; x_wconf 73' lang='grc' dir='ltr'>καὶ</span> <span class='ocrx_word' id='word_1_739' title='bbox 2326 2514 2682 2585; x_wconf 86' lang='grc' dir='ltr'>προτιμῶμεν</span> <span class='ocrx_word' id='word_1_740' title='bbox 2710 2515 2837 2577; x_wconf 85' lang='grc' dir='ltr'>τούς</span> <span class='ocrx_word' id='word_1_741' title='bbox 2870 2512 3207 2575; x_wconf 80' lang='grc' dir='ltr'>διαϐολικούς</span> <span class='ocrx_word' id='word_1_742' title='bbox 3238 2511 3434 2581; x_wconf 87' lang='grc' dir='ltr'>νόμους</span> <span class='ocrx_word' id='word_1_743' title='bbox 3464 2510 3557 2562; x_wconf 84' lang='grc' dir='ltr'>καὶ</span> 
     </span>
    </p>
   </div>
   <div class='ocr_carea' id='block_1_97' title="bbox 1972 2592 3557 2670">
    <p class='ocr_par' dir='ltr' id='par_1_97' title="bbox 1972 2592 3557 2670">
     <span class='ocr_line' id='line_1_97' title="bbox 1972 2592 3557 2670; baseline -0.006 -15"><span class='ocrx_word' id='word_1_744' title='bbox 1972 2598 2069 2670; x_wconf 85' lang='grc' dir='ltr'>τὴν</span> <span class='ocrx_word' id='word_1_745' title='bbox 2119 2597 2365 2669; x_wconf 86' lang='grc' dir='ltr'>ὀλεθρίαν</span> <span class='ocrx_word' id='word_1_746' title='bbox 2414 2598 2616 2667; x_wconf 91' lang='grc' dir='ltr'>ταύτην</span> <span class='ocrx_word' id='word_1_747' title='bbox 2661 2597 2951 2669; x_wconf 85' lang='grc' dir='ltr'>συνήθειαν</span> <span class='ocrx_word' id='word_1_748' title='bbox 2978 2616 2989 2629; x_wconf 92' lang='grc'><strong>·</strong></span> <span class='ocrx_word' id='word_1_749' title='bbox 3027 2596 3235 2650; x_wconf 89' lang='grc' dir='ltr'>ἐκείνου</span> <span class='ocrx_word' id='word_1_750' title='bbox 3285 2594 3393 2664; x_wconf 89' lang='grc' dir='ltr'>γάρ</span> <span class='ocrx_word' id='word_1_751' title='bbox 3420 2592 3557 2646; x_wconf 69' lang='grc' dir='ltr'>ἐστι</span> 
     </span>
    </p>
   </div>
   <div class='ocr_carea' id='block_1_98' title="bbox 1972 2677 3561 2753">
    <p class='ocr_par' dir='ltr' id='par_1_98' title="bbox 1972 2677 3561 2753">
     <span class='ocr_line' id='line_1_98' title="bbox 1972 2677 3561 2753; baseline -0.006 -18"><span class='ocrx_word' id='word_1_752' title='bbox 1972 2682 2135 2750; x_wconf 90' lang='grc' dir='ltr'>νόμος</span> <span class='ocrx_word' id='word_1_753' title='bbox 2161 2680 2355 2745; x_wconf 90' lang='grc' dir='ltr'>ταῦτα,</span> <span class='ocrx_word' id='word_1_754' title='bbox 2390 2681 2484 2734; x_wconf 92' lang='grc' dir='ltr'>τοῦ</span> <span class='ocrx_word' id='word_1_755' title='bbox 2514 2682 2795 2753; x_wconf 89' lang='grc' dir='ltr'>χαίροντος</span> <span class='ocrx_word' id='word_1_756' title='bbox 2827 2681 2914 2734; x_wconf 77' lang='grc' dir='ltr'>ἀεὶ</span> <span class='ocrx_word' id='word_1_757' title='bbox 2949 2683 3016 2750; x_wconf 82' lang='grc' dir='ltr'>τῇ</span> <span class='ocrx_word' id='word_1_758' title='bbox 3057 2678 3303 2749; x_wconf 81' lang='grc' dir='ltr'>ἀπωλείᾳ</span> <span class='ocrx_word' id='word_1_759' title='bbox 3329 2680 3394 2747; x_wconf 83' lang='grc' dir='ltr'>τῇ</span> <span class='ocrx_word' id='word_1_760' title='bbox 3426 2677 3561 2745; x_wconf 79' lang='grc' dir='ltr'>ἠμε-</span> 
     </span>
    </p>
   </div>
   <div class='ocr_carea' id='block_1_99' title="bbox 1972 2760 3560 2834">
    <p class='ocr_par' dir='ltr' id='par_1_99' title="bbox 1972 2760 3560 2834">
     <span class='ocr_line' id='line_1_99' title="bbox 1972 2760 3560 2834; baseline -0.008 -13"><span class='ocrx_word' id='word_1_761' title='bbox 1972 2765 2127 2834; x_wconf 72' lang='grc' dir='ltr'>τέρᾳ.</span> <span class='ocrx_word' id='word_1_762' title='bbox 2186 2764 2250 2817; x_wconf 90' lang='grc' dir='ltr'>Τί</span> <span class='ocrx_word' id='word_1_763' title='bbox 2281 2760 2372 2819; x_wconf 82' lang='grc' dir='ltr'>οὖν</span> <span class='ocrx_word' id='word_1_764' title='bbox 2400 2764 2465 2819; x_wconf 82' lang='grc' dir='ltr'>ἂν</span> <span class='ocrx_word' id='word_1_765' title='bbox 2496 2764 2705 2832; x_wconf 88' lang='grc' dir='ltr'>γένοιτο</span> <span class='ocrx_word' id='word_1_766' title='bbox 2737 2763 3265 2832; x_wconf 87' lang='grc' dir='ltr'>καταγελαστότερον</span> <span class='ocrx_word' id='word_1_767' title='bbox 3297 2761 3396 2829; x_wconf 88' lang='grc' dir='ltr'>τῆς</span> <span class='ocrx_word' id='word_1_768' title='bbox 3429 2776 3560 2811; x_wconf 86' lang='grc' dir='ltr'>συν-</span> 
     </span>
    </p>
   </div>
   <div class='ocr_carea' id='block_1_100' title="bbox 1973 2842 3559 2920">
    <p class='ocr_par' dir='ltr' id='par_1_100' title="bbox 1973 2842 3559 2920">
     <span class='ocr_line' id='line_1_100' title="bbox 1973 2842 3559 2920; baseline -0.005 -19"><span class='ocrx_word' id='word_1_769' title='bbox 1973 2848 2162 2920; x_wconf 86' lang='grc' dir='ltr'>ηθείας</span> <span class='ocrx_word' id='word_1_770' title='bbox 2188 2848 2391 2919; x_wconf 85' lang='grc' dir='ltr'>ταύτης</span> <span class='ocrx_word' id='word_1_771' title='bbox 2410 2887 2425 2910; x_wconf 97' lang='grc'>,</span> <span class='ocrx_word' id='word_1_772' title='bbox 2460 2850 2585 2902; x_wconf 81' lang='grc' dir='ltr'>ὅταν</span> <span class='ocrx_word' id='word_1_773' title='bbox 2617 2847 2721 2901; x_wconf 84' lang='grc' dir='ltr'>ὐπὸ</span> <span class='ocrx_word' id='word_1_774' title='bbox 2758 2847 2984 2900; x_wconf 77' lang='grc' dir='ltr'>οἰκετῶν</span> <span class='ocrx_word' id='word_1_775' title='bbox 3005 2847 3100 2900; x_wconf 75' lang='grc' dir='ltr'>καὶ</span> <span class='ocrx_word' id='word_1_776' title='bbox 3124 2842 3559 2916; x_wconf 90' lang='grc' dir='ltr'>τριωϐολιμαίων</span> 
     </span>
    </p>
   </div>
   <div class='ocr_carea' id='block_1_101' title="bbox 1976 2927 3559 3003">
    <p class='ocr_par' dir='ltr' id='par_1_101' title="bbox 1976 2927 3559 3003">
     <span class='ocr_line' id='line_1_101' title="bbox 1976 2927 3559 3003; baseline -0.005 -18"><span class='ocrx_word' id='word_1_777' title='bbox 1976 2931 2278 3003; x_wconf 87' lang='grc' dir='ltr'>ἀνθρώπων</span> <span class='ocrx_word' id='word_1_778' title='bbox 2309 2932 2619 3002; x_wconf 85' lang='grc' dir='ltr'>σκώμματα</span> <span class='ocrx_word' id='word_1_779' title='bbox 2647 2930 2740 2984; x_wconf 80' lang='grc' dir='ltr'>καὶ</span> <span class='ocrx_word' id='word_1_780' title='bbox 2765 2930 3030 3000; x_wconf 90' lang='grc' dir='ltr'>λοιδορίας</span> <span class='ocrx_word' id='word_1_781' title='bbox 3062 2928 3327 2999; x_wconf 86' lang='grc' dir='ltr'>ἀπείρους</span> <span class='ocrx_word' id='word_1_782' title='bbox 3360 2927 3559 2995; x_wconf 88' lang='grc' dir='ltr'>δέχων-</span> 
     </span>
    </p>
   </div>
   <div class='ocr_carea' id='block_1_102' title="bbox 1976 3008 3558 3085">
    <p class='ocr_par' dir='ltr' id='par_1_102' title="bbox 1976 3008 3558 3085">
     <span class='ocr_line' id='line_1_102' title="bbox 1976 3008 3558 3085; baseline -0.005 -18"><span class='ocrx_word' id='word_1_783' title='bbox 1976 3031 2068 3069; x_wconf 89' lang='grc' dir='ltr'>ται</span> <span class='ocrx_word' id='word_1_784' title='bbox 2103 3016 2196 3068; x_wconf 75' lang='grc' dir='ltr'>καὶ</span> <span class='ocrx_word' id='word_1_785' title='bbox 2221 3017 2249 3068; x_wconf 91' lang='lat'>6</span> <span class='ocrx_word' id='word_1_786' title='bbox 2281 3015 2418 3085; x_wconf 82' lang='grc' dir='ltr'>ἀνὴρ</span> <span class='ocrx_word' id='word_1_787' title='bbox 2448 3015 2541 3068; x_wconf 77' lang='grc' dir='ltr'>καὶ</span> <span class='ocrx_word' id='word_1_788' title='bbox 2563 3016 2596 3085; x_wconf 82' lang='grc' dir='ltr'>ἡ</span> <span class='ocrx_word' id='word_1_789' title='bbox 2624 3013 2796 3084; x_wconf 85' lang='grc' dir='ltr'>γυνὴ,</span> <span class='ocrx_word' id='word_1_790' title='bbox 2822 3014 2916 3066; x_wconf 79' lang='grc' dir='ltr'>καὶ</span> <span class='ocrx_word' id='word_1_791' title='bbox 2943 3013 3118 3075; x_wconf 76' lang='grc' dir='ltr'>οὐδεὶς</span> <span class='ocrx_word' id='word_1_792' title='bbox 3217 3013 3245 3063; x_wconf 94' lang='lat'>6</span> <span class='ocrx_word' id='word_1_793' title='bbox 3267 3009 3558 3085; x_wconf 79' lang='grc' dir='ltr'>ἐπιτιμῶν,</span> 
     </span>
    </p>
   </div>
   <div class='ocr_carea' id='block_1_103' title="bbox 1976 3080 3561 3168">
    <p class='ocr_par' dir='ltr' id='par_1_103' title="bbox 1976 3080 3561 3168">
     <span class='ocr_line' id='line_1_103' title="bbox 1976 3080 3561 3168; baseline -0.006 -17"><span class='ocrx_word' id='word_1_794' title='bbox 1976 3097 2089 3151; x_wconf 86' lang='grc' dir='ltr'>ἀλλ’</span> <span class='ocrx_word' id='word_1_795' title='bbox 2130 3098 2306 3164; x_wconf 80' lang='grc' dir='ltr'>ἔξεστι</span> <span class='ocrx_word' id='word_1_796' title='bbox 2460 3080 2766 3168; x_wconf 65' lang='grc' dir='ltr'>βουλομένω</span> <span class='ocrx_word' id='word_1_797' title='bbox 2819 3095 2989 3160; x_wconf 86' lang='grc' dir='ltr'>ἀδεῶς</span> <span class='ocrx_word' id='word_1_798' title='bbox 3032 3080 3176 3148; x_wconf 85' lang='grc' dir='ltr'>κατά</span> <span class='ocrx_word' id='word_1_799' title='bbox 3199 3093 3296 3163; x_wconf 86' lang='grc' dir='ltr'>τὴν</span> <span class='ocrx_word' id='word_1_800' title='bbox 3323 3080 3561 3161; x_wconf 76' lang='grc' dir='ltr'>ἐσπέράν</span> 
     </span>
    </p>
   </div>
   <div class='ocr_carea' id='block_1_104' title="bbox 1977 3174 3562 3251">
    <p class='ocr_par' dir='ltr' id='par_1_104' title="bbox 1977 3174 3562 3251">
     <span class='ocr_line' id='line_1_104' title="bbox 1977 3174 3562 3251; baseline -0.005 -16"><span class='ocrx_word' id='word_1_801' title='bbox 1977 3181 2195 3235; x_wconf 76' lang='grc' dir='ltr'>ἅπαντα</span> <span class='ocrx_word' id='word_1_802' title='bbox 2239 3180 2589 3251; x_wconf 86' lang='grc' dir='ltr'>φθέγγεσθαι,</span> <span class='ocrx_word' id='word_1_803' title='bbox 2621 3182 2713 3233; x_wconf 72' lang='grc' dir='ltr'>καὶ</span> <span class='ocrx_word' id='word_1_804' title='bbox 2749 3179 2960 3249; x_wconf 75' lang='grc' dir='ltr'>βάλλειν</span> <span class='ocrx_word' id='word_1_805' title='bbox 2994 3180 3106 3239; x_wconf 90' lang='grc' dir='ltr'>τοῖς</span> <span class='ocrx_word' id='word_1_806' title='bbox 3140 3175 3437 3243; x_wconf 85' lang='grc' dir='ltr'>σκώμμασι</span> <span class='ocrx_word' id='word_1_807' title='bbox 3465 3174 3562 3227; x_wconf 56' lang='grc' dir='ltr'>καὶ⁹</span> 
     </span>
    </p>
   </div>
   <div class='ocr_carea' id='block_1_105' title="bbox 1978 3256 3561 3334">
    <p class='ocr_par' dir='ltr' id='par_1_105' title="bbox 1978 3256 3561 3334">
     <span class='ocr_line' id='line_1_105' title="bbox 1978 3256 3561 3334; baseline -0.008 -15"><span class='ocrx_word' id='word_1_808' title='bbox 1978 3266 2069 3321; x_wconf 87' lang='grc' dir='ltr'>τὸν</span> <span class='ocrx_word' id='word_1_809' title='bbox 2119 3264 2350 3334; x_wconf 88' lang='grc' dir='ltr'>νυμφίον</span> <span class='ocrx_word' id='word_1_810' title='bbox 2411 3263 2505 3316; x_wconf 70' lang='grc' dir='ltr'>καὶ</span> <span class='ocrx_word' id='word_1_811' title='bbox 2560 3264 2659 3333; x_wconf 82' lang='grc' dir='ltr'>τὴν</span> <span class='ocrx_word' id='word_1_812' title='bbox 2714 3262 2962 3332; x_wconf 87' lang='grc' dir='ltr'>νύμφην;</span> <span class='ocrx_word' id='word_1_813' title='bbox 3017 3261 3127 3314; x_wconf 74' lang='grc' dir='ltr'>Καὶ</span> <span class='ocrx_word' id='word_1_814' title='bbox 3167 3261 3223 3311; x_wconf 89' lang='grc' dir='ltr'>ἐν</span> <span class='ocrx_word' id='word_1_815' title='bbox 3264 3257 3426 3327; x_wconf 79' lang='grc' dir='ltr'>ἑτέρᾳ</span> <span class='ocrx_word' id='word_1_816' title='bbox 3463 3256 3561 3325; x_wconf 83' lang='grc' dir='ltr'>μὲν</span> 
     </span>
    </p>
   </div>
   <div class='ocr_carea' id='block_1_106' title="bbox 1978 3341 3562 3421">
    <p class='ocr_par' dir='ltr' id='par_1_106' title="bbox 1978 3341 3562 3421">
     <span class='ocr_line' id='line_1_106' title="bbox 1978 3341 3562 3421; baseline -0.009 -17"><span class='ocrx_word' id='word_1_817' title='bbox 1978 3352 2162 3421; x_wconf 78' lang='grc' dir='ltr'>ἡμέρα</span> <span class='ocrx_word' id='word_1_818' title='bbox 2195 3349 2288 3403; x_wconf 82' lang='grc' dir='ltr'>ἐάν</span> <span class='ocrx_word' id='word_1_819' title='bbox 2321 3366 2403 3411; x_wconf 89' lang='grc' dir='ltr'>τις</span> <span class='ocrx_word' id='word_1_820' title='bbox 2425 3348 2748 3419; x_wconf 75' lang='grc' dir='ltr'>ἐπιχειρήσῃ</span> <span class='ocrx_word' id='word_1_821' title='bbox 2775 3344 3215 3415; x_wconf 76' lang='grc' dir='ltr'>λοιδορήσασθαι,</span> <span class='ocrx_word' id='word_1_822' title='bbox 3239 3341 3562 3408; x_wconf 82' lang='grc' dir='ltr'>δικαστήρια</span> 
     </span>
    </p>
   </div>
   <div class='ocr_carea' id='block_1_107' title="bbox 1980 3423 3563 3504">
    <p class='ocr_par' dir='ltr' id='par_1_107' title="bbox 1980 3423 3563 3504">
     <span class='ocr_line' id='line_1_107' title="bbox 1980 3423 3563 3504; baseline -0.009 -16"><span class='ocrx_word' id='word_1_823' title='bbox 1980 3434 2150 3504; x_wconf 83' lang='grc' dir='ltr'>αὐτῷ,</span> <span class='ocrx_word' id='word_1_824' title='bbox 2205 3433 2299 3486; x_wconf 70' lang='grc' dir='ltr'>καὶ</span> <span class='ocrx_word' id='word_1_825' title='bbox 2349 3432 2663 3500; x_wconf 73' lang='grc' dir='ltr'>ἀπαγωγαὶ,</span> <span class='ocrx_word' id='word_1_826' title='bbox 2716 3431 2812 3483; x_wconf 78' lang='grc' dir='ltr'>καὶ</span> <span class='ocrx_word' id='word_1_827' title='bbox 2864 3429 3142 3481; x_wconf 88' lang='grc' dir='ltr'>κίνδυνοι·</span> <span class='ocrx_word' id='word_1_828' title='bbox 3190 3426 3312 3477; x_wconf 88' lang='grc' dir='ltr'>τότε</span> <span class='ocrx_word' id='word_1_829' title='bbox 3361 3423 3438 3487; x_wconf 87' lang='grc' dir='ltr'>δὲ,</span> <span class='ocrx_word' id='word_1_830' title='bbox 3474 3425 3563 3477; x_wconf 85' lang='grc' dir='ltr'>ὅτε</span> 
     </span>
    </p>
   </div>
   <div class='ocr_carea' id='block_1_108' title="bbox 1984 3507 3564 3589">
    <p class='ocr_par' dir='ltr' id='par_1_108' title="bbox 1984 3507 3564 3589">
     <span class='ocr_line' id='line_1_108' title="bbox 1984 3507 3564 3589; baseline -0.008 -18"><span class='ocrx_word' id='word_1_831' title='bbox 1984 3518 2217 3589; x_wconf 88' lang='grc' dir='ltr'>μάλιστα</span> <span class='ocrx_word' id='word_1_832' title='bbox 2255 3515 2453 3587; x_wconf 81' lang='grc' dir='ltr'>πολλὴν</span> <span class='ocrx_word' id='word_1_833' title='bbox 2496 3514 2660 3584; x_wconf 83' lang='grc' dir='ltr'>ἐχρῆν</span> <span class='ocrx_word' id='word_1_834' title='bbox 2704 3508 2843 3564; x_wconf 80' lang='grc' dir='ltr'>εἷναι</span> <span class='ocrx_word' id='word_1_835' title='bbox 2888 3511 2987 3581; x_wconf 81' lang='grc' dir='ltr'>τὴν</span> <span class='ocrx_word' id='word_1_836' title='bbox 3023 3508 3174 3574; x_wconf 83' lang='grc' dir='ltr'>αἰδῶ,</span> <span class='ocrx_word' id='word_1_837' title='bbox 3222 3507 3421 3576; x_wconf 84' lang='grc' dir='ltr'>πολλὴν</span> <span class='ocrx_word' id='word_1_838' title='bbox 3466 3507 3564 3577; x_wconf 84' lang='grc' dir='ltr'>τὴν</span> 
     </span>
    </p>
   </div>
   <div class='ocr_carea' id='block_1_109' title="bbox 1980 3590 3565 3670">
    <p class='ocr_par' dir='ltr' id='par_1_109' title="bbox 1980 3590 3565 3670">
     <span class='ocr_line' id='line_1_109' title="bbox 1980 3590 3565 3670; baseline -0.007 -18"><span class='ocrx_word' id='word_1_839' title='bbox 1980 3599 2313 3670; x_wconf 88' lang='grc' dir='ltr'>κοσμιότητα</span> <span class='ocrx_word' id='word_1_840' title='bbox 2332 3637 2347 3660; x_wconf 96' lang='grc'>,</span> <span class='ocrx_word' id='word_1_841' title='bbox 2396 3596 2596 3666; x_wconf 83' lang='grc' dir='ltr'>πολλὴν</span> <span class='ocrx_word' id='word_1_842' title='bbox 2633 3595 2733 3663; x_wconf 87' lang='grc' dir='ltr'>τὴν</span> <span class='ocrx_word' id='word_1_843' title='bbox 2764 3594 2984 3662; x_wconf 86' lang='grc' dir='ltr'>ἁγνείαν</span> <span class='ocrx_word' id='word_1_844' title='bbox 3004 3633 3019 3656; x_wconf 96' lang='grc'>,</span> <span class='ocrx_word' id='word_1_845' title='bbox 3054 3590 3321 3659; x_wconf 87' lang='grc' dir='ltr'>τοσαύτης</span> <span class='ocrx_word' id='word_1_846' title='bbox 3350 3590 3565 3643; x_wconf 74' lang='grc' dir='ltr'>ἅπαντα</span> 
     </span>
    </p>
   </div>
   <div class='ocr_carea' id='block_1_110' title="bbox 1982 3672 3565 3752">
    <p class='ocr_par' dir='ltr' id='par_1_110' title="bbox 1982 3672 3565 3752">
     <span class='ocr_line' id='line_1_110' title="bbox 1982 3672 3565 3752; baseline -0.006 -17"><span class='ocrx_word' id='word_1_847' title='bbox 1982 3681 2314 3752; x_wconf 86' lang='grc' dir='ltr'>πληροῦνται</span> <span class='ocrx_word' id='word_1_848' title='bbox 2342 3679 2440 3749; x_wconf 84' lang='grc' dir='ltr'>τῆς</span> <span class='ocrx_word' id='word_1_849' title='bbox 2467 3677 2856 3748; x_wconf 89' lang='grc' dir='ltr'>ἀσχημοσύνης</span> <span class='ocrx_word' id='word_1_850' title='bbox 2878 3717 2892 3741; x_wconf 95' lang='grc'>,</span> <span class='ocrx_word' id='word_1_851' title='bbox 2919 3676 2995 3739; x_wconf 86' lang='grc' dir='ltr'>ὡς</span> <span class='ocrx_word' id='word_1_852' title='bbox 3034 3674 3182 3737; x_wconf 78' lang='grc' dir='ltr'>εἰκὸς</span> <span class='ocrx_word' id='word_1_853' title='bbox 3205 3674 3296 3727; x_wconf 81' lang='grc' dir='ltr'>τὸν</span> <span class='ocrx_word' id='word_1_854' title='bbox 3324 3672 3565 3736; x_wconf 87' lang='grc' dir='ltr'>διάϐολον</span> 
     </span>
    </p>
   </div>
   <div class='ocr_carea' id='block_1_111' title="bbox 1984 3754 3563 3836">
    <p class='ocr_par' dir='ltr' id='par_1_111' title="bbox 1984 3754 3563 3836">
     <span class='ocr_line' id='line_1_111' title="bbox 1984 3754 3563 3836; baseline -0.006 -18"><span class='ocrx_word' id='word_1_855' title='bbox 1984 3762 2392 3836; x_wconf 87' lang='grc' dir='ltr'>στρατηγοῦντα</span> <span class='ocrx_word' id='word_1_856' title='bbox 2446 3760 2619 3814; x_wconf 87' lang='grc' dir='ltr'>ταῦτα</span> <span class='ocrx_word' id='word_1_857' title='bbox 2672 3759 2888 3813; x_wconf 80' lang='grc' dir='ltr'>ἅπαντα</span> <span class='ocrx_word' id='word_1_858' title='bbox 2938 3756 3360 3809; x_wconf 88' lang='grc' dir='ltr'>ἐπιδείκνυσθαι.</span> <span class='ocrx_word' id='word_1_859' title='bbox 3406 3754 3563 3809; x_wconf 88' lang='grc' dir='ltr'>Ἀλλά</span> 
     </span>
    </p>
   </div>
   <div class='ocr_carea' id='block_1_112' title="bbox 1985 3837 3566 3920">
    <p class='ocr_par' dir='ltr' id='par_1_112' title="bbox 1985 3837 3566 3920">
     <span class='ocr_line' id='line_1_112' title="bbox 1985 3837 3566 3920; baseline -0.008 -19"><span class='ocrx_word' id='word_1_860' title='bbox 1985 3851 2061 3920; x_wconf 86' lang='grc' dir='ltr'>μὴ</span> <span class='ocrx_word' id='word_1_861' title='bbox 2108 3846 2506 3917; x_wconf 83' lang='grc' dir='ltr'>δυσχεραίνετε,</span> <span class='ocrx_word' id='word_1_862' title='bbox 2554 3841 2856 3912; x_wconf 89' lang='grc' dir='ltr'>παρακαλῶ</span> <span class='ocrx_word' id='word_1_863' title='bbox 2891 3858 2904 3871; x_wconf 85' lang='grc'>·</span> <span class='ocrx_word' id='word_1_864' title='bbox 2945 3840 3066 3893; x_wconf 83' lang='grc' dir='ltr'>οὐδὲ</span> <span class='ocrx_word' id='word_1_865' title='bbox 3108 3840 3217 3910; x_wconf 81' lang='grc' dir='ltr'>γὰρ</span> <span class='ocrx_word' id='word_1_866' title='bbox 3255 3837 3441 3899; x_wconf 87' lang='grc' dir='ltr'>ἁπλῶς</span> <span class='ocrx_word' id='word_1_867' title='bbox 3485 3838 3566 3901; x_wconf 76' lang='grc' dir='ltr'>είς</span> 
     </span>
    </p>
   </div>
   <div class='ocr_carea' id='block_1_113' title="bbox 1982 3921 3564 3998">
    <p class='ocr_par' dir='ltr' id='par_1_113' title="bbox 1982 3921 3564 3998">
     <span class='ocr_line' id='line_1_113' title="bbox 1982 3921 3564 3998; baseline -0.007 -12"><span class='ocrx_word' id='word_1_868' title='bbox 1982 3932 2168 3986; x_wconf 88' lang='grc' dir='ltr'>τοῦτον</span> <span class='ocrx_word' id='word_1_869' title='bbox 2215 3929 2406 3998; x_wconf 75' lang='grc' dir='ltr'>ἐξέϐην</span> <span class='ocrx_word' id='word_1_870' title='bbox 2450 3927 2538 3983; x_wconf 79' lang='grc' dir='ltr'>τὸν</span> <span class='ocrx_word' id='word_1_871' title='bbox 2580 3927 2758 3995; x_wconf 86' lang='grc' dir='ltr'>λόγον,</span> <span class='ocrx_word' id='word_1_872' title='bbox 2801 3924 2937 3978; x_wconf 87' lang='grc' dir='ltr'>ἀλλὰ</span> <span class='ocrx_word' id='word_1_873' title='bbox 2968 3924 3262 3995; x_wconf 88' lang='grc' dir='ltr'>κηδόμενος</span> <span class='ocrx_word' id='word_1_874' title='bbox 3286 3921 3438 3991; x_wconf 91' lang='grc' dir='ltr'>ὐμῶν</span> <span class='ocrx_word' id='word_1_875' title='bbox 3471 3924 3564 3976; x_wconf 80' lang='grc' dir='ltr'>καὶ</span> 
     </span>
    </p>
   </div>
   <div class='ocr_carea' id='block_1_114' title="bbox 1983 4003 3566 4086">
    <p class='ocr_par' dir='ltr' id='par_1_114' title="bbox 1983 4003 3566 4086">
     <span class='ocr_line' id='line_1_114' title="bbox 1983 4003 3566 4086; baseline -0.008 -17"><span class='ocrx_word' id='word_1_876' title='bbox 1983 4016 2081 4086; x_wconf 85' lang='grc' dir='ltr'>τῆς</span> <span class='ocrx_word' id='word_1_877' title='bbox 2123 4012 2393 4084; x_wconf 84' lang='grc' dir='ltr'>σωτηρίας</span> <span class='ocrx_word' id='word_1_878' title='bbox 2444 4012 2537 4066; x_wconf 74' lang='grc' dir='ltr'>καὶ</span> <span class='ocrx_word' id='word_1_879' title='bbox 2580 4011 2678 4081; x_wconf 88' lang='grc' dir='ltr'>τῆς</span> <span class='ocrx_word' id='word_1_880' title='bbox 2730 4006 3045 4077; x_wconf 89' lang='grc' dir='ltr'>εὐκοσμίας,</span> <span class='ocrx_word' id='word_1_881' title='bbox 3098 4006 3192 4059; x_wconf 77' lang='grc' dir='ltr'>καὶ</span> <span class='ocrx_word' id='word_1_882' title='bbox 3248 4003 3566 4074; x_wconf 88' lang='grc' dir='ltr'>βουλόμενος</span> 
     </span>
    </p>
   </div>
   <div class='ocr_carea' id='block_1_115' title="bbox 1984 4086 3563 4169">
    <p class='ocr_par' dir='ltr' id='par_1_115' title="bbox 1984 4086 3563 4169">
     <span class='ocr_line' id='line_1_115' title="bbox 1984 4086 3563 4169; baseline -0.009 -16"><span class='ocrx_word' id='word_1_883' title='bbox 1984 4098 2127 4169; x_wconf 81' lang='grc' dir='ltr'>ὑμᾶς</span> <span class='ocrx_word' id='word_1_884' title='bbox 2164 4097 2264 4166; x_wconf 82' lang='grc' dir='ltr'>τὴν</span> <span class='ocrx_word' id='word_1_885' title='bbox 2308 4094 2536 4165; x_wconf 89' lang='grc' dir='ltr'>ἀρίστην</span> <span class='ocrx_word' id='word_1_886' title='bbox 2572 4093 2775 4162; x_wconf 90' lang='grc' dir='ltr'>ταύτην</span> <span class='ocrx_word' id='word_1_887' title='bbox 2817 4089 3114 4160; x_wconf 81' lang='grc' dir='ltr'>μεταϐολὴν</span> <span class='ocrx_word' id='word_1_888' title='bbox 3155 4086 3563 4152; x_wconf 82' lang='grc' dir='ltr'>ἐπιδείξασθαι,</span> 
     </span>
    </p>
   </div>
   <div class='ocr_carea' id='block_1_116' title="bbox 1986 4169 3567 4249">
    <p class='ocr_par' dir='ltr' id='par_1_116' title="bbox 1986 4169 3567 4249">
     <span class='ocr_line' id='line_1_116' title="bbox 1986 4169 3567 4249; baseline -0.011 -12"><span class='ocrx_word' id='word_1_889' title='bbox 1986 4182 2079 4237; x_wconf 74' lang='grc' dir='ltr'>καὶ</span> <span class='ocrx_word' id='word_1_890' title='bbox 2108 4180 2210 4249; x_wconf 88' lang='grc' dir='ltr'>τῆς</span> <span class='ocrx_word' id='word_1_891' title='bbox 2243 4178 2415 4248; x_wconf 82' lang='grc' dir='ltr'>καλῆς</span> <span class='ocrx_word' id='word_1_892' title='bbox 2448 4176 2650 4245; x_wconf 91' lang='grc' dir='ltr'>ταύτης</span> <span class='ocrx_word' id='word_1_893' title='bbox 2678 4173 2960 4244; x_wconf 87' lang='grc' dir='ltr'>συνηθείας</span> <span class='ocrx_word' id='word_1_894' title='bbox 2994 4172 3269 4242; x_wconf 81' lang='grc' dir='ltr'>ἀρχηγοὺς</span> <span class='ocrx_word' id='word_1_895' title='bbox 3293 4169 3567 4238; x_wconf 86' lang='grc' dir='ltr'>καταστῆ-</span> 
     </span>
    </p>
   </div>
   <div class='ocr_carea' id='block_1_117' title="bbox 1985 4250 3567 4329">
    <p class='ocr_par' dir='ltr' id='par_1_117' title="bbox 1985 4250 3567 4329">
     <span class='ocr_line' id='line_1_117' title="bbox 1985 4250 3567 4329; baseline -0.01 -11"><span class='ocrx_word' id='word_1_896' title='bbox 1985 4282 2089 4318; x_wconf 89' lang='grc' dir='ltr'>ναι.</span> <span class='ocrx_word' id='word_1_897' title='bbox 2128 4262 2252 4317; x_wconf 77' lang='grc' dir='ltr'>Ἐἀν</span> <span class='ocrx_word' id='word_1_898' title='bbox 2280 4262 2386 4329; x_wconf 83' lang='grc' dir='ltr'>γὰρ</span> <span class='ocrx_word' id='word_1_899' title='bbox 2415 4258 2573 4329; x_wconf 90' lang='grc' dir='ltr'>μόνον</span> <span class='ocrx_word' id='word_1_900' title='bbox 2605 4256 2748 4329; x_wconf 81' lang='grc' dir='ltr'>ἀρχὴ</span> <span class='ocrx_word' id='word_1_901' title='bbox 2793 4255 2888 4308; x_wconf 78' lang='grc' dir='ltr'>καὶ</span> <span class='ocrx_word' id='word_1_902' title='bbox 2917 4254 3038 4316; x_wconf 85' lang='grc' dir='ltr'>ὁδὸς</span> <span class='ocrx_word' id='word_1_903' title='bbox 3059 4253 3285 4321; x_wconf 87' lang='grc' dir='ltr'>γένηται</span> <span class='ocrx_word' id='word_1_904' title='bbox 3313 4250 3407 4303; x_wconf 89' lang='grc' dir='ltr'>τοῦ</span> <span class='ocrx_word' id='word_1_905' title='bbox 3430 4251 3567 4322; x_wconf 87' lang='grc' dir='ltr'>πρά-</span> 
     </span>
    </p>
   </div>
   <div class='ocr_carea' id='block_1_118' title="bbox 1985 4334 3566 4416">
    <p class='ocr_par' dir='ltr' id='par_1_118' title="bbox 1985 4334 3566 4416">
     <span class='ocr_line' id='line_1_118' title="bbox 1985 4334 3566 4416; baseline -0.009 -16"><span class='ocrx_word' id='word_1_906' title='bbox 1985 4362 2215 4416; x_wconf 92' lang='grc' dir='ltr'>γματος,</span> <span class='ocrx_word' id='word_1_907' title='bbox 2250 4345 2391 4397; x_wconf 85' lang='grc' dir='ltr'>κατά</span> <span class='ocrx_word' id='word_1_908' title='bbox 2428 4340 2618 4412; x_wconf 73' lang='grc' dir='ltr'>μικρὸν</span> <span class='ocrx_word' id='word_1_909' title='bbox 2648 4335 2728 4403; x_wconf 79' lang='grc' dir='ltr'>εἷς</span> <span class='ocrx_word' id='word_1_910' title='bbox 2753 4338 2844 4393; x_wconf 73' lang='grc' dir='ltr'>τὸν</span> <span class='ocrx_word' id='word_1_911' title='bbox 2870 4338 2965 4391; x_wconf 72' lang='grc' dir='ltr'>ἕνα</span> <span class='ocrx_word' id='word_1_912' title='bbox 2987 4335 3273 4406; x_wconf 88' lang='grc' dir='ltr'>ζηλοῦντες</span> <span class='ocrx_word' id='word_1_913' title='bbox 3296 4334 3386 4386; x_wconf 84' lang='grc' dir='ltr'>τὸν</span> <span class='ocrx_word' id='word_1_914' title='bbox 3405 4334 3566 4387; x_wconf 82' lang='grc' dir='ltr'>καλὸν</span> 
     </span>
    </p>
   </div>
   <div class='ocr_carea' id='block_1_119' title="bbox 1985 4417 3563 4492">
    <p class='ocr_par' dir='ltr' id='par_1_119' title="bbox 1985 4417 3563 4492">
     <span class='ocr_line' id='line_1_119' title="bbox 1985 4417 3563 4492; baseline -0.01 -9"><span class='ocrx_word' id='word_1_915' title='bbox 1985 4429 2172 4483; x_wconf 89' lang='grc' dir='ltr'>τοῦτον</span> <span class='ocrx_word' id='word_1_916' title='bbox 2210 4428 2303 4481; x_wconf 70' lang='grc' dir='ltr'>καὶ</span> <span class='ocrx_word' id='word_1_917' title='bbox 2331 4424 2613 4478; x_wconf 81' lang='grc' dir='ltr'>ἐπαινετὸν</span> <span class='ocrx_word' id='word_1_918' title='bbox 2640 4422 2824 4492; x_wconf 85' lang='grc' dir='ltr'>ζῆλον,</span> <span class='ocrx_word' id='word_1_919' title='bbox 2850 4421 3059 4482; x_wconf 82' lang='grc' dir='ltr'>πάντας</span> <span class='ocrx_word' id='word_1_920' title='bbox 3080 4418 3365 4480; x_wconf 85' lang='grc' dir='ltr'>ἐπαινέτας</span> <span class='ocrx_word' id='word_1_921' title='bbox 3394 4417 3563 4483; x_wconf 75' lang='grc' dir='ltr'>ἕξετε,</span> 
     </span>
    </p>
   </div>
   <div class='ocr_carea' id='block_1_120' title="bbox 1988 4499 3566 4579">
    <p class='ocr_par' dir='ltr' id='par_1_120' title="bbox 1988 4499 3566 4579">
     <span class='ocr_line' id='line_1_120' title="bbox 1988 4499 3566 4579; baseline -0.01 -13"><span class='ocrx_word' id='word_1_922' title='bbox 1988 4512 2084 4566; x_wconf 73' lang='grc' dir='ltr'>καὶ</span> <span class='ocrx_word' id='word_1_923' title='bbox 2104 4511 2163 4564; x_wconf 88' lang='grc' dir='ltr'>οὺ</span> <span class='ocrx_word' id='word_1_924' title='bbox 2207 4509 2366 4579; x_wconf 91' lang='grc' dir='ltr'>μόνον</span> <span class='ocrx_word' id='word_1_925' title='bbox 2400 4509 2449 4560; x_wconf 85' lang='grc' dir='ltr'>οἱ</span> <span class='ocrx_word' id='word_1_926' title='bbox 2488 4507 2589 4576; x_wconf 85' lang='grc' dir='ltr'>τὴν</span> <span class='ocrx_word' id='word_1_927' title='bbox 2619 4505 2773 4557; x_wconf 90' lang='grc' dir='ltr'>πόλιν</span> <span class='ocrx_word' id='word_1_928' title='bbox 2802 4503 3077 4565; x_wconf 83' lang='grc' dir='ltr'>οἰκοῦντες</span> <span class='ocrx_word' id='word_1_929' title='bbox 3102 4502 3431 4571; x_wconf 85' lang='grc' dir='ltr'>μιμήσονται</span> <span class='ocrx_word' id='word_1_930' title='bbox 3469 4499 3566 4570; x_wconf 85' lang='grc' dir='ltr'>τὴν</span> 
     </span>
    </p>
   </div>
   <div class='ocr_carea' id='block_1_121' title="bbox 1989 4582 3567 4661">
    <p class='ocr_par' dir='ltr' id='par_1_121' title="bbox 1989 4582 3567 4661">
     <span class='ocr_line' id='line_1_121' title="bbox 1989 4582 3567 4661; baseline -0.009 -15"><span class='ocrx_word' id='word_1_931' title='bbox 1989 4592 2282 4661; x_wconf 89' lang='grc' dir='ltr'>καλλίστην</span> <span class='ocrx_word' id='word_1_932' title='bbox 2318 4589 2521 4660; x_wconf 91' lang='grc' dir='ltr'>ταύτην</span> <span class='ocrx_word' id='word_1_933' title='bbox 2550 4586 2850 4658; x_wconf 81' lang='grc' dir='ltr'>μεταϐολὴν</span> <span class='ocrx_word' id='word_1_934' title='bbox 2874 4625 2889 4650; x_wconf 97' lang='grc'>,</span> <span class='ocrx_word' id='word_1_935' title='bbox 2916 4584 3054 4639; x_wconf 85' lang='grc' dir='ltr'>ἀλλά</span> <span class='ocrx_word' id='word_1_936' title='bbox 3081 4584 3172 4637; x_wconf 78' lang='grc' dir='ltr'>καὶ</span> <span class='ocrx_word' id='word_1_937' title='bbox 3201 4584 3323 4646; x_wconf 83' lang='grc' dir='ltr'>τούς</span> <span class='ocrx_word' id='word_1_938' title='bbox 3351 4582 3567 4654; x_wconf 79' lang='grc' dir='ltr'>πόρῤω-</span> 
     </span>
    </p>
   </div>
   <div class='ocr_carea' id='block_1_122' title="bbox 1990 4667 3569 4738">
    <p class='ocr_par' dir='ltr' id='par_1_122' title="bbox 1990 4667 3569 4738">
     <span class='ocr_line' id='line_1_122' title="bbox 1990 4667 3569 4738; baseline -0.01 -7"><span class='ocrx_word' id='word_1_939' title='bbox 1990 4677 2080 4730; x_wconf 89' lang='grc' dir='ltr'>θεν</span> <span class='ocrx_word' id='word_1_940' title='bbox 2111 4674 2389 4737; x_wconf 88' lang='grc' dir='ltr'>οἰκοῦντας</span> <span class='ocrx_word' id='word_1_941' title='bbox 2414 4668 2812 4735; x_wconf 84' lang='grc' dir='ltr'>ἐπισπάσεσθε,</span> <span class='ocrx_word' id='word_1_942' title='bbox 2855 4668 2948 4722; x_wconf 81' lang='grc' dir='ltr'>καὶ</span> <span class='ocrx_word' id='word_1_943' title='bbox 2990 4668 3250 4738; x_wconf 87' lang='grc' dir='ltr'>ζηλωτὰς.</span> <span class='ocrx_word' id='word_1_944' title='bbox 3273 4667 3569 4738; x_wconf 81' lang='grc' dir='ltr'>ὑμετέρους</span> 
     </span>
    </p>
   </div>
   <div class='ocr_carea' id='block_1_123' title="bbox 1990 4747 3565 4827">
    <p class='ocr_par' dir='ltr' id='par_1_123' title="bbox 1990 4747 3565 4827">
     <span class='ocr_line' id='line_1_123' title="bbox 1990 4747 3565 4827; baseline -0.01 -15"><span class='ocrx_word' id='word_1_945' title='bbox 1990 4758 2388 4827; x_wconf 87' lang='grc' dir='ltr'>καταστήσετε,</span> <span class='ocrx_word' id='word_1_946' title='bbox 2434 4754 2527 4808; x_wconf 82' lang='grc' dir='ltr'>καὶ</span> <span class='ocrx_word' id='word_1_947' title='bbox 2561 4752 2957 4807; x_wconf 90' lang='grc' dir='ltr'>πολυπλασίονα</span> <span class='ocrx_word' id='word_1_948' title='bbox 2997 4752 3088 4803; x_wconf 85' lang='grc' dir='ltr'>τὸν</span> <span class='ocrx_word' id='word_1_949' title='bbox 3121 4750 3273 4820; x_wconf 84' lang='grc' dir='ltr'>παρά</span> <span class='ocrx_word' id='word_1_950' title='bbox 3302 4748 3394 4801; x_wconf 91' lang='grc' dir='ltr'>τοῦ</span> <span class='ocrx_word' id='word_1_951' title='bbox 3432 4747 3565 4800; x_wconf 87' lang='grc' dir='ltr'>Θεοῦ</span> 
     </span>
    </p>
   </div>
   <div class='ocr_carea' id='block_1_124' title="bbox 1991 4829 3567 4912">
    <p class='ocr_par' dir='ltr' id='par_1_124' title="bbox 1991 4829 3567 4912">
     <span class='ocr_line' id='line_1_124' title="bbox 1991 4829 3567 4912; baseline -0.01 -16"><span class='ocrx_word' id='word_1_952' title='bbox 1991 4840 2267 4912; x_wconf 89' lang='grc' dir='ltr'>κομιεῖσθε</span> <span class='ocrx_word' id='word_1_953' title='bbox 2304 4837 2598 4909; x_wconf 70' lang='grc' dir='ltr'>στέφανον,</span> <span class='ocrx_word' id='word_1_954' title='bbox 2626 4837 2707 4889; x_wconf 84' lang='grc' dir='ltr'>ὅτι</span> <span class='ocrx_word' id='word_1_955' title='bbox 2736 4834 2823 4888; x_wconf 78' lang='grc' dir='ltr'>διὰ</span> <span class='ocrx_word' id='word_1_956' title='bbox 2857 4835 2948 4887; x_wconf 81' lang='grc' dir='ltr'>τὸν</span> <span class='ocrx_word' id='word_1_957' title='bbox 2982 4834 3077 4887; x_wconf 89' lang='grc' dir='ltr'>τοῦ</span> <span class='ocrx_word' id='word_1_958' title='bbox 3119 4832 3253 4885; x_wconf 88' lang='grc' dir='ltr'>Θεοῦ</span> <span class='ocrx_word' id='word_1_959' title='bbox 3287 4830 3448 4899; x_wconf 89' lang='grc' dir='ltr'>φόϐον</span> <span class='ocrx_word' id='word_1_960' title='bbox 3473 4829 3567 4881; x_wconf 72' lang='grc' dir='ltr'>καὶ</span> 
     </span>
    </p>
   </div>
   <div class='ocr_carea' id='block_1_125' title="bbox 1991 4913 3568 4995">
    <p class='ocr_par' dir='ltr' id='par_1_125' title="bbox 1991 4913 3568 4995">
     <span class='ocr_line' id='line_1_125' title="bbox 1991 4913 3568 4995; baseline -0.008 -19"><span class='ocrx_word' id='word_1_961' title='bbox 1991 4924 2086 4995; x_wconf 89' lang='grc' dir='ltr'>τὴν</span> <span class='ocrx_word' id='word_1_962' title='bbox 2117 4924 2245 4993; x_wconf 87' lang='grc' dir='ltr'>παρ’</span> <span class='ocrx_word' id='word_1_963' title='bbox 2278 4918 2443 4973; x_wconf 88' lang='grc' dir='ltr'>αὐτοῦ</span> <span class='ocrx_word' id='word_1_964' title='bbox 2477 4918 2713 4989; x_wconf 80' lang='grc' dir='ltr'>ἐντολὴν,</span> <span class='ocrx_word' id='word_1_965' title='bbox 2742 4918 2841 4987; x_wconf 89' lang='grc' dir='ltr'>τῆς</span> <span class='ocrx_word' id='word_1_966' title='bbox 2867 4917 3159 4985; x_wconf 89' lang='grc' dir='ltr'>σατανικῆς</span> <span class='ocrx_word' id='word_1_967' title='bbox 3189 4913 3389 4982; x_wconf 89' lang='grc' dir='ltr'>ταύτης</span> <span class='ocrx_word' id='word_1_968' title='bbox 3416 4929 3568 4980; x_wconf 87' lang='grc' dir='ltr'>περι-</span> 
     </span>
    </p>
   </div>
   <div class='ocr_carea' id='block_1_126' title="bbox 1991 4994 3569 5077">
    <p class='ocr_par' dir='ltr' id='par_1_126' title="bbox 1991 4994 3569 5077">
     <span class='ocr_line' id='line_1_126' title="bbox 1991 4994 3569 5077; baseline -0.01 -17"><span class='ocrx_word' id='word_1_969' title='bbox 1991 4994 2251 5077; x_wconf 86' lang='grc' dir='ltr'>γεγόνατε</span> <span class='ocrx_word' id='word_1_970' title='bbox 2302 5003 2607 5073; x_wconf 90' lang='grc' dir='ltr'>συνηθείας.</span> <span class='ocrx_word' id='word_1_971' title='bbox 2677 5001 2815 5055; x_wconf 88' lang='grc' dir='ltr'>Ἀλλ’</span> <span class='ocrx_word' id='word_1_972' title='bbox 2867 5002 2948 5053; x_wconf 79' lang='grc' dir='ltr'>ὅτι</span> <span class='ocrx_word' id='word_1_973' title='bbox 3001 5000 3098 5070; x_wconf 83' lang='grc' dir='ltr'>μὲν</span> <span class='ocrx_word' id='word_1_974' title='bbox 3159 4996 3372 5061; x_wconf 79' lang='grc' dir='ltr'>δέξεσθε</span> <span class='ocrx_word' id='word_1_975' title='bbox 3432 4994 3569 5064; x_wconf 85' lang='grc' dir='ltr'>μετά</span> 
     </span>
    </p>
   </div>
   <div class='ocr_carea' id='block_1_127' title="bbox 1993 5079 3566 5162">
    <p class='ocr_par' dir='ltr' id='par_1_127' title="bbox 1993 5079 3566 5162">
     <span class='ocr_line' id='line_1_127' title="bbox 1993 5079 3566 5162; baseline -0.009 -18"><span class='ocrx_word' id='word_1_976' title='bbox 1993 5089 2299 5162; x_wconf 88' lang='grc' dir='ltr'>προθυμίας</span> <span class='ocrx_word' id='word_1_977' title='bbox 2327 5086 2528 5155; x_wconf 89' lang='grc' dir='ltr'>ταύτην</span> <span class='ocrx_word' id='word_1_978' title='bbox 2556 5088 2589 5156; x_wconf 85' lang='grc' dir='ltr'>ἡ</span> <span class='ocrx_word' id='word_1_979' title='bbox 2598 5084 2712 5156; x_wconf 91' lang='grc' dir='ltr'>μῶν</span> <span class='ocrx_word' id='word_1_980' title='bbox 2732 5084 2830 5153; x_wconf 85' lang='grc' dir='ltr'>τὴν</span> <span class='ocrx_word' id='word_1_981' title='bbox 2849 5101 2911 5136; x_wconf 84' lang='grc' dir='ltr'>συ</span> <span class='ocrx_word' id='word_1_982' title='bbox 2920 5082 3177 5155; x_wconf 81' lang='grc' dir='ltr'>μϐουλὴν,</span> <span class='ocrx_word' id='word_1_983' title='bbox 3195 5080 3288 5133; x_wconf 76' lang='grc' dir='ltr'>καὶ</span> <span class='ocrx_word' id='word_1_984' title='bbox 3310 5082 3387 5140; x_wconf 81' lang='grc' dir='ltr'>εἰς</span> <span class='ocrx_word' id='word_1_985' title='bbox 3409 5079 3566 5149; x_wconf 78' lang='grc' dir='ltr'>ἔργον</span> 
     </span>
    </p>
   </div>
   <div class='ocr_carea' id='block_1_128' title="bbox 1991 5162 3567 5244">
    <p class='ocr_par' dir='ltr' id='par_1_128' title="bbox 1991 5162 3567 5244">
     <span class='ocr_line' id='line_1_128' title="bbox 1991 5162 3567 5244; baseline -0.013 -17"><span class='ocrx_word' id='word_1_986' title='bbox 1991 5174 2159 5244; x_wconf 85' lang='grc' dir='ltr'>αὐτὴν</span> <span class='ocrx_word' id='word_1_987' title='bbox 2193 5171 2379 5238; x_wconf 79' lang='grc' dir='ltr'>ἄξετε,</span> <span class='ocrx_word' id='word_1_988' title='bbox 2420 5169 2622 5238; x_wconf 89' lang='grc' dir='ltr'>σφόδρα</span> <span class='ocrx_word' id='word_1_989' title='bbox 2656 5168 2976 5236; x_wconf 82' lang='grc' dir='ltr'>πέπεισμαι.</span> <span class='ocrx_word' id='word_1_990' title='bbox 3042 5164 3213 5233; x_wconf 86' lang='grc' dir='ltr'>Ὁρῶν</span> <span class='ocrx_word' id='word_1_991' title='bbox 3258 5162 3367 5233; x_wconf 85' lang='grc' dir='ltr'>γὰρ</span> <span class='ocrx_word' id='word_1_992' title='bbox 3425 5163 3567 5231; x_wconf 81' lang='grc' dir='ltr'>ὑμᾶς</span> 
     </span>
    </p>
   </div>
   <div class='ocr_carea' id='block_1_129' title="bbox 1997 5245 3569 5327">
    <p class='ocr_par' dir='ltr' id='par_1_129' title="bbox 1997 5245 3569 5327">
     <span class='ocr_line' id='line_1_129' title="bbox 1997 5245 3569 5327; baseline -0.009 -17"><span class='ocrx_word' id='word_1_993' title='bbox 1997 5257 2135 5327; x_wconf 89' lang='grc' dir='ltr'>μετὰ</span> <span class='ocrx_word' id='word_1_994' title='bbox 2163 5255 2428 5325; x_wconf 89' lang='grc' dir='ltr'>τοσαύτης</span> <span class='ocrx_word' id='word_1_995' title='bbox 2454 5253 2644 5323; x_wconf 69' lang='grc' dir='ltr'>ἡδονῆς</span> <span class='ocrx_word' id='word_1_996' title='bbox 2671 5250 2965 5311; x_wconf 85' lang='grc' dir='ltr'>ἀκούοντας</span> <span class='ocrx_word' id='word_1_997' title='bbox 2984 5247 3092 5300; x_wconf 89' lang='grc' dir='ltr'>τῶν</span> <span class='ocrx_word' id='word_1_998' title='bbox 3115 5247 3439 5315; x_wconf 86' lang='grc' dir='ltr'>λεγομένων,</span> <span class='ocrx_word' id='word_1_999' title='bbox 3461 5245 3569 5327; x_wconf 79' lang='grc' dir='ltr'>ἀπὸ</span> 
     </span>
    </p>
   </div>
   <div class='ocr_carea' id='block_1_130' title="bbox 1991 5326 3566 5410">
    <p class='ocr_par' dir='ltr' id='par_1_130' title="bbox 1991 5326 3566 5410">
     <span class='ocr_line' id='line_1_130' title="bbox 1991 5326 3566 5410; baseline -0.01 -17"><span class='ocrx_word' id='word_1_1000' title='bbox 1991 5326 2086 5394; x_wconf 84' lang='grc' dir='ltr'>τοῦ</span> <span class='ocrx_word' id='word_1_1001' title='bbox 2120 5338 2313 5410; x_wconf 86' lang='grc' dir='ltr'>κρότου</span> <span class='ocrx_word' id='word_1_1002' title='bbox 2348 5336 2442 5390; x_wconf 73' lang='grc' dir='ltr'>καὶ</span> <span class='ocrx_word' id='word_1_1003' title='bbox 2466 5335 2574 5389; x_wconf 87' lang='grc' dir='ltr'>τῶν</span> <span class='ocrx_word' id='word_1_1004' title='bbox 2597 5333 2833 5386; x_wconf 87' lang='grc' dir='ltr'>ἐπαίνων</span> <span class='ocrx_word' id='word_1_1005' title='bbox 2859 5329 3208 5400; x_wconf 88' lang='grc' dir='ltr'>στοχάζομαι,</span> <span class='ocrx_word' id='word_1_1006' title='bbox 3230 5329 3310 5381; x_wconf 83' lang='grc' dir='ltr'>ὅτι</span> <span class='ocrx_word' id='word_1_1007' title='bbox 3327 5326 3566 5410; x_wconf 77' lang='grc' dir='ltr'>καὶπρὸς</span> 
     </span>
    </p>
   </div>
   <div class='ocr_carea' id='block_1_131' title="bbox 1992 5408 3570 5496">
    <p class='ocr_par' dir='ltr' id='par_1_131' title="bbox 1992 5408 3570 5496">
     <span class='ocr_line' id='line_1_131' title="bbox 1992 5408 3570 5496; baseline -0.011 -18"><span class='ocrx_word' id='word_1_1008' title='bbox 1992 5424 2090 5496; x_wconf 82' lang='grc' dir='ltr'>τὴν</span> <span class='ocrx_word' id='word_1_1009' title='bbox 2131 5408 2221 5476; x_wconf 78' lang='grc' dir='ltr'>διὰ</span> <span class='ocrx_word' id='word_1_1010' title='bbox 2256 5421 2363 5474; x_wconf 90' lang='grc' dir='ltr'>τῶν</span> <span class='ocrx_word' id='word_1_1011' title='bbox 2408 5419 2585 5490; x_wconf 74' lang='grc' dir='ltr'>ἔργων</span> <span class='ocrx_word' id='word_1_1012' title='bbox 2625 5416 2961 5486; x_wconf 87' lang='grc' dir='ltr'>κατόρθωσιν</span> <span class='ocrx_word' id='word_1_1013' title='bbox 3012 5411 3454 5496; x_wconf 26' lang='grc' dir='ltr'>ἐπειχθήσεσθεχ</span> <span class='ocrx_word' id='word_1_1014' title='bbox 3478 5408 3570 5496; x_wconf 60' lang='grc' dir='ltr'>ᾼιδ</span> 
     </span>
    </p>
   </div>
   <div class='ocr_carea' id='block_1_132' title="bbox 1995 5493 3568 5579">
    <p class='ocr_par' dir='ltr' id='par_1_132' title="bbox 1995 5493 3568 5579">
     <span class='ocr_line' id='line_1_132' title="bbox 1995 5493 3568 5579; baseline -0.011 -18"><span class='ocrx_word' id='word_1_1015' title='bbox 1995 5493 2280 5579; x_wconf 74' lang='grc' dir='ltr'>ἀρκεσθεὶς</span> <span class='ocrx_word' id='word_1_1016' title='bbox 2312 5505 2422 5566; x_wconf 86' lang='grc' dir='ltr'>τοῖς</span> <span class='ocrx_word' id='word_1_1017' title='bbox 2451 5499 2759 5571; x_wconf 87' lang='grc' dir='ltr'>είρημένοις</span> <span class='ocrx_word' id='word_1_1018' title='bbox 2779 5497 2872 5551; x_wconf 81' lang='grc' dir='ltr'>ἐπὶ</span> <span class='ocrx_word' id='word_1_1019' title='bbox 2895 5496 2993 5566; x_wconf 83' lang='grc' dir='ltr'>τὴν</span> <span class='ocrx_word' id='word_1_1020' title='bbox 3020 5494 3340 5579; x_wconf 78' lang='grc' dir='ltr'>ἀκολουθίαν</span> <span class='ocrx_word' id='word_1_1021' title='bbox 3364 5494 3459 5546; x_wconf 89' lang='grc' dir='ltr'>τοῦ</span> <span class='ocrx_word' id='word_1_1022' title='bbox 3480 5493 3568 5579; x_wconf 54' lang='grc' dir='ltr'>λότ</span> 
     </span>
    </p>
   </div>
   <div class='ocr_carea' id='block_1_133' title="bbox 1995 5575 3567 5657">
    <p class='ocr_par' dir='ltr' id='par_1_133' title="bbox 1995 5575 3567 5657">
     <span class='ocr_line' id='line_1_133' title="bbox 1995 5575 3567 5657; baseline -0.008 -16"><span class='ocrx_word' id='word_1_1023' title='bbox 1995 5575 2093 5657; x_wconf 85' lang='grc' dir='ltr'>γου</span> <span class='ocrx_word' id='word_1_1024' title='bbox 2141 5586 2414 5656; x_wconf 84' lang='grc' dir='ltr'>ἐπανήξω.</span> <span class='ocrx_word' id='word_1_1025' title='bbox 2468 5584 2581 5636; x_wconf 79' lang='grc' dir='ltr'>Καὶ</span> <span class='ocrx_word' id='word_1_1026' title='bbox 2626 5581 2895 5649; x_wconf 77' lang='grc' dir='ltr'>ἐγένετο,</span> <span class='ocrx_word' id='word_1_1027' title='bbox 2948 5578 3144 5649; x_wconf 76' lang='grc' dir='ltr'>φησὶν,</span> <span class='ocrx_word' id='word_1_1028' title='bbox 3177 5576 3437 5644; x_wconf 82' lang='grc' dir='ltr'>ἑσπέρα,</span> <span class='ocrx_word' id='word_1_1029' title='bbox 3470 5575 3567 5629; x_wconf 79' lang='grc' dir='ltr'>καὶ</span> 
     </span>
    </p>
   </div>
   <div class='ocr_carea' id='block_1_134' title="bbox 1995 5658 3570 5733">
    <p class='ocr_par' dir='ltr' id='par_1_134' title="bbox 1995 5658 3570 5733">
     <span class='ocr_line' id='line_1_134' title="bbox 1995 5658 3570 5733; baseline -0.009 -7"><span class='ocrx_word' id='word_1_1030' title='bbox 1995 5673 2172 5726; x_wconf 75' lang='grc' dir='ltr'>ἔλαϐε</span> <span class='ocrx_word' id='word_1_1031' title='bbox 2199 5669 2399 5724; x_wconf 83' lang='grc' dir='ltr'>Λάϐαν</span> <span class='ocrx_word' id='word_1_1032' title='bbox 2432 5666 2549 5733; x_wconf 78' lang='grc' dir='ltr'>τὴν</span> <span class='ocrx_word' id='word_1_1033' title='bbox 2575 5666 2757 5719; x_wconf 79' lang='grc' dir='ltr'>Λείαν</span> <span class='ocrx_word' id='word_1_1034' title='bbox 2778 5662 2891 5730; x_wconf 78' lang='grc' dir='ltr'>τὴν</span> <span class='ocrx_word' id='word_1_1035' title='bbox 2918 5660 3209 5730; x_wconf 76' lang='grc' dir='ltr'>θυγατέρα</span> <span class='ocrx_word' id='word_1_1036' title='bbox 3236 5659 3442 5725; x_wconf 78' lang='grc' dir='ltr'>αὐτοῦ,</span> <span class='ocrx_word' id='word_1_1037' title='bbox 3470 5658 3570 5712; x_wconf 71' lang='grc' dir='ltr'>καί</span> 
     </span>
    </p>
   </div>
   <div class='ocr_carea' id='block_1_135' title="bbox 1998 5745 3178 5823">
    <p class='ocr_par' dir='ltr' id='par_1_135' title="bbox 1998 5745 3178 5823">
     <span class='ocr_line' id='line_1_135' title="bbox 1998 5745 3178 5823; baseline -0.009 -15"><span class='ocrx_word' id='word_1_1038' title='bbox 1998 5753 2316 5823; x_wconf 73' lang='grc' dir='ltr'>εισήγαγεν</span> <span class='ocrx_word' id='word_1_1039' title='bbox 2366 5748 2560 5814; x_wconf 77' lang='grc' dir='ltr'>αὐτὴν</span> <span class='ocrx_word' id='word_1_1040' title='bbox 2607 5746 2757 5815; x_wconf 80' lang='grc' dir='ltr'>πρὸς</span> <span class='ocrx_word' id='word_1_1041' title='bbox 2800 5746 2907 5799; x_wconf 70' lang='grc' dir='ltr'>τὸν</span> <span class='ocrx_word' id='word_1_1042' title='bbox 2956 5745 3178 5799; x_wconf 78' lang='grc' dir='ltr'>Ἰακώϐ.</span> 
     </span>
    </p>
   </div>
   <div class='ocr_carea' id='block_1_136' title="bbox 2071 5826 3569 5905">
    <p class='ocr_par' dir='ltr' id='par_1_136' title="bbox 2071 5826 3569 5905">
     <span class='ocr_line' id='line_1_136' title="bbox 2071 5826 3569 5905; baseline -0.009 -15"><span class='ocrx_word' id='word_1_1043' title='bbox 2071 5839 2161 5905; x_wconf 76' lang='grc' dir='ltr'>Μὴ</span> <span class='ocrx_word' id='word_1_1044' title='bbox 2196 5835 2375 5896; x_wconf 81' lang='grc' dir='ltr'>ἁπλῶς</span> <span class='ocrx_word' id='word_1_1045' title='bbox 2420 5832 2554 5904; x_wconf 82' lang='grc' dir='ltr'>μηδὲ</span> <span class='ocrx_word' id='word_1_1046' title='bbox 2586 5830 2743 5883; x_wconf 86' lang='grc' dir='ltr'>τοῦτο</span> <span class='ocrx_word' id='word_1_1047' title='bbox 2788 5829 3259 5898; x_wconf 68' lang='grc' dir='ltr'>παραδράμωμεψ</span> <span class='ocrx_word' id='word_1_1048' title='bbox 3306 5828 3418 5879; x_wconf 74' lang='grc' dir='ltr'>ἔστι</span> <span class='ocrx_word' id='word_1_1049' title='bbox 3464 5826 3569 5892; x_wconf 77' lang='grc' dir='ltr'>γὰρ</span> 
     </span>
    </p>
   </div>
   <div class='ocr_carea' id='block_1_137' title="bbox 2002 5907 3567 5979">
    <p class='ocr_par' dir='ltr' id='par_1_137' title="bbox 2002 5907 3567 5979">
     <span class='ocr_line' id='line_1_137' title="bbox 2002 5907 3567 5979; baseline -0.01 -5"><span class='ocrx_word' id='word_1_1050' title='bbox 2002 5921 2093 5975; x_wconf 72' lang='grc' dir='ltr'>καὶ</span> <span class='ocrx_word' id='word_1_1051' title='bbox 2126 5920 2187 5973; x_wconf 75' lang='grc' dir='ltr'>ἐκ</span> <span class='ocrx_word' id='word_1_1052' title='bbox 2214 5918 2401 5972; x_wconf 80' lang='grc' dir='ltr'>τούτου</span> <span class='ocrx_word' id='word_1_1053' title='bbox 2450 5914 2617 5969; x_wconf 76' lang='grc' dir='ltr'>πολλὰ</span> <span class='ocrx_word' id='word_1_1054' title='bbox 2658 5911 2905 5967; x_wconf 81' lang='grc' dir='ltr'>συνιδεῖν·</span> <span class='ocrx_word' id='word_1_1055' title='bbox 2937 5910 2992 5965; x_wconf 80' lang='grc' dir='ltr'>ἓν</span> <span class='ocrx_word' id='word_1_1056' title='bbox 3026 5912 3122 5979; x_wconf 70' lang='grc' dir='ltr'>μὲν</span> <span class='ocrx_word' id='word_1_1057' title='bbox 3156 5910 3245 5963; x_wconf 84' lang='grc' dir='ltr'>τοῦ</span> <span class='ocrx_word' id='word_1_1058' title='bbox 3292 5908 3479 5963; x_wconf 79' lang='grc' dir='ltr'>Ἰακὼϐ</span> <span class='ocrx_word' id='word_1_1059' title='bbox 3508 5907 3567 5959; x_wconf 71' lang='grc' dir='ltr'>τὸ</span> 
     </span>
    </p>
   </div>
  </div>
