4038 6358
507 320 606 375 639
1209 320 1265 372 S.
1303 316 1589 373 JOANNIS
1618 313 2111 371 CIIRYSOSTOMI
2151 314 2469 371 ARCIIIEP.
2512 320 3059 377 CONSTANTINOP.
3662 317 3777 374 690

502 436 795 495 ἄπλαστον,
831 431 923 485 καὶ
964 432 1112 495 ὅπως
1152 432 1330 503 πάσης
1365 435 1622 504 πονηρίας
1668 435 1823 495 ἐκτὸς
1848 433 1922 485 ὢν
1948 448 2087 499 παρ-

502 518 773 589 εκρούσθη
809 533 822 548 ⁸
867 516 1119 587 δεύτερον
1187 518 1279 581 δὲ,
1333 518 1415 570 ὅτι
1480 520 1619 587 μετά
1682 517 1949 585 τοσαύτης
2002 516 2088 567 εὐ-

502 604 736 673 κοσμίας
787 602 1001 654 ἅπαντα
1058 600 1303 668 ἐγίνετο,
1380 602 1467 655 καὶ
1517 600 1753 671 οὐδαμοῦ
1807 598 2087 670 λαμπάδες

504 688 599 740 καὶ
626 688 831 757 χορεῖαι
873 686 968 737 καὶ
1004 684 1158 754 φῶτα
1187 685 1283 755 τὴν
1319 686 1508 756 χρείαν
1539 685 1937 757 ὑπερϐαίνοντα
1964 723 1978 746 ,
2013 683 2089 747 ὼς

505 770 600 824 καὶ
641 771 739 838 τὴν
788 769 1004 838 ἀπάτην
1034 767 1130 821 τοῦ
1176 769 1362 821 Λάϐαν
1391 771 1469 831 εἰς
1505 768 1663 839 ἔργον
1698 768 1890 820 ἐλθεῖν.
1932 768 2088 820 Ἔστι

503 854 559 906 δὲ
590 854 680 905 καὶ
711 851 803 905 τοῦ
821 852 1005 904 Λάϐαν
1023 852 1274 905 ἐντεῦθεν
1301 852 1627 906 καταλαϐεῖν
1651 852 1750 922 τὴν
1780 851 1906 921 περὶ
1935 848 2085 921 [542]

501 937 594 989 τὸν
632 934 827 988 Ἰακὼϐ
858 934 1261 1006 φιλοστοργίαν.
1310 936 1481 988 Τοῦτο
1518 934 1626 1006 γὰρ
1669 935 2087 1004 ἐμηχανήσατο,

506 1020 829 1090 βουλόμενος
872 1020 964 1071 ἐπὶ
1008 1019 1190 1071 πλεῖον
1235 1020 1486 1088 κατέχειν
1517 1019 1646 1089 παρ’
1678 1017 1855 1087 ἐαυτῷ
1889 1018 1980 1072 τὸν
2007 1017 2089 1069 δί-

506 1123 679 1157 καιον.
708 1104 926 1174 Ἐπειδὴ
943 1104 1052 1173 γὰρ
1073 1104 1190 1173 ᾔδει
1214 1104 1294 1155 ὅτι
1323 1104 1540 1172 ἐκείνης
1566 1102 1909 1173 περιεκαίετο
1928 1114 1978 1163 α,
1995 1102 2089 1154 καὶ

504 1191 553 1241 εί
583 1189 677 1241 τοῦ
706 1187 1141 1258 σπουδαζομένω
1174 1186 1453 1257 ἐπέτυχεν,
1478 1187 1576 1239 οὐκ
1604 1186 1670 1240 ἂν
1702 1186 1873 1238 εἵλετο
1905 1185 2088 1237 λοιπὸν

505 1270 606 1341 τῆς
640 1272 804 1334 Λείας
838 1271 1024 1323 ’ἐνεκεν
1054 1271 1152 1339 τὴν
1179 1270 1422 1323 δουλείαν
1456 1270 1797 1340 ὑποστῆναι,
1840 1268 1961 1321 οὐδέ
1989 1268 2089 1340 τὴν

509 1356 624 1425 μετ’
643 1355 805 1407 αὐτοῦ
830 1354 1139 1423 συνοίκησιν
1158 1371 1171 1384 ι
1195 1354 1281 1407 διὰ
1306 1353 1464 1406 τοῦτο
1493 1353 1828 1423 θεασάμενος
1853 1354 1880 1405 6
1904 1351 2088 1405 Λάϐαν

502 1437 602 1490 τοῦ
630 1438 822 1507 ἀνδρὸς
844 1439 943 1508 τὴν
973 1437 1191 1508 ἀρετὴν,
1224 1436 1316 1489 καὶ
1346 1436 1540 1489 ἐννοῶν
1565 1437 1639 1499 ὼς
1665 1438 1763 1490 οὐκ
1796 1436 1861 1489 ἂν
1886 1435 2087 1505 ἑτέρως

506 1520 671 1572 αὐτοῦ
704 1522 1044 1589 περιγένοιτο
1082 1522 1174 1572 καὶ
1207 1520 1411 1571 πείσειε
1438 1559 1453 1578 .
1490 1519 1589 1590 τὴν
1630 1520 1849 1589 ἀπάτην
1886 1518 2087 1585 ταύτην

507 1604 821 1673 εἰργάσατο.
848 1605 940 1657 καὶ
969 1604 1183 1656 δίδωσιν
1214 1604 1364 1674 αὐτῷ
1386 1605 1486 1674 τὴν
1516 1604 1680 1657 Λείαν
1715 1605 1851 1674 μετά
1878 1603 2087 1671 Ζελφᾶς

505 1687 604 1756 τῆς
635 1686 943 1756 παιδίσκης.
988 1682 1121 1740 Εἶτα
1148 1686 1543 1757 ἐγκαλούμενος
1577 1687 1681 1739 ὑπὸ
1710 1686 1801 1739 τοῦ
1840 1686 2047 1739 δικαίου
2070 1726 2083 1747 ,

505 1768 647 1832 τίνος
696 1770 879 1821 ἕνεκεν
909 1770 976 1821 τά
1002 1770 1101 1839 τῆς
1132 1770 1348 1837 ἀπάτης
1383 1770 1699 1839 εἰργάσατο,
1730 1769 2088 1839 εὐπρόσωπον

504 1852 799 1919 ἀπολογίαν
827 1853 1138 1922 ἐποιήσατο.
1180 1852 1396 1922 Ἐπειδὴ
1435 1853 1543 1923 γάρ
1576 1851 1729 1905 εἶπεν
1768 1854 1797 1905 6
1850 1850 2044 1905 Ἰακὼϐ
2070 1892 2084 1914 ,

466 1952 477 1962 ·
512 1935 680 2000 Τίνος
698 1935 906 1987 ἕνεκεν
926 1935 1105 1988 τοῦτό
1117 1953 1215 2003 μοι
1236 1936 1566 2003 έποίησας;
1588 1939 1659 1989 οὐ
1679 1937 1811 2005 περὶ
1835 1934 1944 2001 τῆς
1975 1936 2089 1989 Ῥα-

505 2018 629 2085 χὴλ
648 2018 987 2072 ἐδούλευσα
1011 2034 1149 2080 σοι;
1175 2019 1271 2072 καὶ
1297 2021 1398 2073 ἵνα
1422 2021 1478 2073 τί
1503 2020 1884 2088 παρελογίσω
1903 2035 2013 2088 με;
2037 2018 2089 2071 τί

505 2118 671 2171 φησιν
690 2103 718 2153 6
738 2102 922 2155 Λάϐαν
944 2118 957 2166 ;
989 2104 1111 2155 Οὐκ
1141 2103 1313 2155 ἐστιν
1331 2102 1517 2168 οὕτως
1538 2103 1606 2155 ἐν
1624 2102 1703 2167 τῷ
1723 2104 1883 2168 τόπῳ
1904 2104 2091 2169 τούτῳ

504 2182 714 2237 δοῦναι
736 2185 850 2251 τὴν
869 2184 1182 2251 νεωτέραν,
1204 2186 1299 2254 πρί
1309 2203 1345 2237 ν
1366 2185 1403 2253 ἢ
1426 2185 1856 2253 πρεσϐυτέραν.
1879 2186 2090 2238 Συντέο

503 2272 696 2321 λεσον
716 2262 831 2323 οὖν
849 2269 943 2321 καὶ
969 2271 1190 2336 ταύτης
1210 2271 1282 2323 τὰ
1298 2269 1538 2339 ἕϐδομα,
1560 2269 1658 2322 καὶ
1677 2268 1848 2323 δώσω
1869 2284 1968 2323 σοι
1990 2269 2089 2322 καὶ

506 2352 729 2417 ταύτην
750 2351 882 2405 ἀντὶ
905 2352 1014 2419 τῆς
1033 2353 1337 2423 ἐργασίας,
1358 2349 1432 2422 ἧς
1451 2353 1676 2422 ἐργάσῃ
1698 2356 1832 2421 παρ’
1851 2353 1979 2422 ἐμοὶ
1999 2352 2089 2406 ἔτι

505 2434 655 2487 ἑπτὰ
680 2434 807 2501 ἔτη.
825 2435 988 2504 Ὀρᾷς
1014 2437 1095 2487 ὅτι
1126 2435 1282 2489 τοῦτο
1304 2437 1433 2488 αὐτὸ
1460 2436 1849 2507 μηχανώμενος
1875 2436 2092 2490 ἅπαντα

507 2517 929 2571 κατεσκεύασεν.
950 2518 1168 2588 Ἐπειδὴ
1190 2519 1298 2589 γὰρ
1319 2515 1425 2572 εἶδε
1446 2520 1534 2572 τὸν
1556 2520 1729 2591 ἔρωτα
1759 2521 1815 2574 ὃν
1844 2522 1974 2593 περὶ
1992 2521 2091 2591 τὴν

507 2601 675 2669 κόρην
714 2602 1011 2669 ἐκέκτητο,
1054 2603 1223 2671 φησί’
1262 2603 1352 2673 Μὴ
1387 2603 1613 2675 νομίσῃς
1663 2605 1951 2675 ἠδικῆσθαί
2008 2621 2087 2660 σε.

522 2684 734 2755 Ἐπειδὴ
758 2685 866 2755 γὰρ
886 2683 1039 2751 οὗτος
1070 2687 1199 2757 παρ’
1220 2687 1375 2757 ἡμῶν
1402 2689 1429 2739 ὁ
1456 2690 1633 2757 νόμος,
1658 2687 1800 2740 ὥστε
1826 2689 2091 2759 πρότερον

503 2768 605 2837 τὴν
625 2769 1003 2839 πρεσϐυτέραν
1027 2771 1288 2823 ἐκδιδόναι
1308 2771 1461 2841 ἀνδρί
1481 2788 1493 2801 ’
1522 2772 1610 2824 διὰ
1638 2770 1792 2824 τοῦτο
1817 2772 1914 2841 μὲν
1934 2772 2092 2825 τοῦτο

503 2850 794 2921 γεγένηται
812 2870 824 2883 ·
846 2851 992 2923 λήψῃ
1010 2854 1066 2905 δὲ
1085 2854 1180 2907 καὶ
1197 2854 1399 2924 ταύτην
1419 2856 1484 2924 ἣν
1505 2855 1707 2918 ποθεῖς,
1732 2856 1825 2907 ἐὰν
1845 2853 1913 2907 τὰ
1931 2856 2092 2923 ὃμοια

505 2934 601 3002 ἐτη
640 2936 734 2988 καὶ
770 2935 909 3006 ὑπὲρ
942 2938 1112 3006 αὐτῆς
1140 2938 1449 3008 δουλεύσῃς.
1477 2939 1661 2992 Ταῦτα
1692 2937 1929 3001 ἀκούσας
1959 2939 1988 2989 6
2014 2938 2092 2990 δί-

508 3033 659 3095 καιος
698 3018 928 3087 ἑτοίμως
965 3020 1180 3072 ἅπαντα
1218 3021 1572 3083 κατεδέξατο,
1613 3021 1705 3073 καὶ
1747 3021 1883 3089 μετὰ
1921 3020 2091 3075 ταῦτα

506 3101 668 3171 ἐτερα
695 3102 835 3155 ἐπτά
871 3104 988 3169 ἔτη,
1014 3104 1260 3171 Ἔδωκε,
1282 3105 1467 3174 φησὶν,
1489 3104 1647 3170 αὐτῷ
1669 3105 1783 3173 τὴν
1802 3106 2091 3175 θυγατέρα

507 3184 694 3237 αὐτοῦ
728 3185 956 3253 Ῥαχὴλ
978 3187 1249 3255 γυναῖκα.

561 3272 629 3331 γ’.
649 3268 809 3337 Ὁρᾷς
830 3268 991 3321 πάλιν
1013 3270 1094 3321 ὅτι
1115 3270 1181 3322 τὰ
1199 3270 1306 3322 τῶν
1323 3268 1513 3337 γάμων
1530 3270 1738 3337 γίνεται
1758 3273 1894 3341 μετὰ
1911 3272 2092 3343 πάσης

513 3351 885 3419 κοσμιότητος.
908 3352 1042 3403 Ἀλλ’
1060 3354 1273 3406 ἀκούων
1291 3353 1373 3405 ὅτι
1395 3352 1554 3405 ἐλαϐε
1575 3354 1674 3424 τὴν
1694 3355 2089 3425 πρεσϐυτέραν,

515 3432 609 3484 καὶ
632 3433 789 3486 πάλιν
814 3434 913 3502 τὴν
933 3436 1221 3505 νεωτέραν,
1248 3436 1322 3506 μὴ
1349 3438 1646 3507 ταραχθῇς,
1673 3438 1805 3508 μηδὲ
1832 3440 1967 3509 πρὸς
1995 3440 2092 3512 τὴν

508 3515 605 3567 νῦν
642 3520 975 3569 κατάστασιν
1011 3520 1079 3571 τὰ
1115 3519 1235 3571 τότε
1276 3522 1455 3589 κρῖναι
1493 3521 1813 3591 πράγματα.
1836 3523 1967 3575 Τότε
1993 3524 2091 3594 μὲν

508 3598 618 3667 γὰρ
638 3638 651 3662 ,
687 3600 872 3671 ἐπειδὴ
903 3600 1047 3672 ἀρχὴ
1078 3603 1170 3653 καὶ
1198 3602 1460 3673 προοίμια
1486 3598 1576 3673 ἦν,
1612 3608 1968 3675 συνεχωρεῖτο
1998 3608 2091 3658 καὶ

507 3681 631 3733 δυσὶ
651 3684 745 3736 καὶ
762 3685 908 3754 τρισὶ
928 3684 1143 3751 γυναιξὶ
1165 3687 1259 3738 καὶ
1286 3685 1494 3738 πλείοσι
1528 3686 1839 3756 μίγνυσθαι,
1862 3686 2001 3740 ὥστε
2032 3690 2092 3741 τὸ

510 3764 669 3832 γένος
697 3766 991 3836 ἐκταθῆναι
1008 3784 1022 3798 °
1045 3768 1162 3821 νυνὶ
1181 3769 1257 3833 δὲ,
1280 3770 1465 3840 ἐπειδὴ
1486 3770 1574 3823 διὰ
1594 3770 1693 3842 τὴν
1711 3770 1804 3823 τοῦ
1831 3772 1966 3824 Θεοῦ
1998 3773 2094 3843 χά-

513 3864 596 3916 ριν
617 3848 711 3901 καὶ
730 3849 790 3901 τὸ
810 3850 916 3903 τῶν
936 3851 1239 3923 ἀνθρώπων
1258 3853 1412 3921 γένος
1433 3855 1527 3906 ἐπὶ
1549 3854 1683 3908 πολύ
1714 3854 1917 3926 πλῆθος
1942 3857 2093 3909 ἐκτέ-

507 3947 688 3995 ταται,
714 3934 895 3986 καὶτὰ
914 3937 1013 4005 τῆς
1032 3936 1235 4005 ἀρετῆς
1267 3937 1505 3990 ἐπίδοσιν
1534 3937 1679 4007 ἐσχε.
1703 3938 2091 4008 Παραγενόμε-

508 4031 597 4077 νος
633 4015 743 4086 γὰρ
779 4017 808 4068 6
843 4018 1093 4088 Χριστὸς,
1117 4020 1211 4071 καὶ
1246 4020 1346 4090 τὴν
1381 4020 1583 4091 ἀρετὴν
1602 4023 2015 4089 καταφυτεύσας
2035 4024 2093 4075 ἐν

508 4100 620 4160 τοῖς
640 4098 965 4172 ἀνθρώποις,
990 4102 1082 4154 καὶ
1102 4102 1384 4170 ἀγγέλους,
1404 4104 1479 4166 ὼς
1500 4105 1692 4168 εἰπεῖν,
1714 4105 1772 4170 ἐξ
1793 4105 2093 4177 ἀνθρώπων

513 4181 706 4244 αὐτοὺς
728 4184 1123 4255 ἐργασάμενος,
1148 4186 1364 4239 ἆπασαν
1382 4187 1585 4257 ταύτην
1604 4189 1702 4259 τὴν
1722 4189 1957 4243 παλαιὰν
1978 4208 2094 4245 συν-

516 4267 703 4338 ήθειαν
737 4268 1014 4337 ἐξέκοψεν.
1032 4270 1195 4341 Ὀρᾷς
1215 4270 1333 4333 πῶς
1350 4272 1409 4323 οὐ
1432 4273 1514 4325 δεῖ
1538 4272 1826 4343 συνήθειαν
1854 4276 2093 4345 προϐάλ-

515 4352 719 4415 λεσθαι,
744 4350 878 4403 ἀλλὰ
907 4352 967 4404 τὸ
994 4354 1265 4423 χρήσιμον
1299 4355 1578 4425 πανταχοῦ
1613 4357 1924 4427 ἐπιζητεῖν;
1959 4360 2091 4414 Ἰδοὺ

508 4436 639 4504 γὰρ,
662 4432 846 4504 ἐπειδὴ
869 4436 1013 4507 κακὴ
1032 4432 1101 4506 ἦν
1122 4436 1259 4506 αὐτη
1283 4439 1314 4508 ή
1340 4438 1618 4508 συνήθεια,
1642 4440 1743 4508 ὅρα
1776 4439 1893 4503 πῶς
1913 4441 2093 4507 ἐξεκό-

511 4537 608 4589 πη,
625 4518 717 4570 καὶ
736 4518 835 4570 οὐκ
860 4518 1034 4583 ἔξεστι
1056 4520 1150 4572 νῦν
1168 4522 1342 4573 οὐδενὶ
1360 4522 1562 4591 ταύτην
1584 4524 1979 4593 προϐάλλεσθαι
1993 4527 2091 4597 τὴν

512 4600 821 4670 συνήθειαν.
861 4602 1127 4671 Μηδαμοῦ
1164 4603 1342 4656 τοίνυν
1366 4644 1381 4667 ,
1422 4606 1723 4675 παρακαλῶ
1746 4645 1763 4669 ,
1806 4610 2091 4679 συνήθειαν

510 4684 776 4754 ἐπιζήτει,
801 4685 936 4738 ἀλλά
957 4686 1019 4738 τὸ
1038 4688 1308 4758 χρήσιμον
1336 4688 1508 4759 ζήτει,
1531 4690 1625 4742 καὶ
1649 4692 1723 4761 μὴ
1743 4692 1803 4744 τὸ
1821 4692 2093 4762 ψυχοϐλα-

509 4770 601 4832 ϐές
621 4784 634 4797 ⁸
660 4769 754 4821 καὶ
772 4769 889 4822 είτι
907 4772 1163 4839 τυγχάνει
1185 4771 1367 4835 καλὸν,
1390 4773 1490 4826 κᾶν
1532 4774 1606 4844 μὴ
1710 4777 1984 4847 συνήθεια,
2007 4796 2093 4847 γι-

508 4854 682 4905 νέσθω
713 4853 843 4923 παρ’
865 4854 1046 4925 ήμῶν·
1074 4854 1139 4908 ἂν
1165 4855 1220 4908 δέ
1251 4875 1304 4909 τι
1334 4857 1612 4928 βλαϐερὸν,
1637 4859 1735 4913 κᾶν
1755 4861 1813 4913 ἐν
1834 4864 2090 4933 συνηθείᾳ

507 4934 565 5010 ᾗ,
588 4936 878 5006 φεύγοιμεν
899 4937 992 4990 καὶ
1012 4939 1503 5010 ἀποστρεφώμεθα.
1527 4943 1637 4995 Kal
1676 4943 1878 5005 ἔδωκε,
1904 4947 2085 5015 φησὶν,

524 5020 731 5075 Ἰακὼϐ
759 5021 984 5089 Ῥαχὴλ
1007 5022 1155 5091 μετὰ
1180 5023 1419 5091 Βάλλας
1440 5023 1547 5091 τῆς
1568 5026 1912 5094 παιδίσκης.
1939 5024 2091 5091 Εἶδες

510 5105 649 5173 πόση
670 5106 702 5174 ἡ
727 5105 1042 5174 φιλοσοφία;
1066 5107 1259 5175 Μήπου
1282 5108 1628 5177 ἀνδραπόδων
1650 5109 1868 5177 ἁγέλαι;
1891 5115 1962 5183 μή
1986 5129 2089 5164 που

510 5191 889 5258 γραμματεῖα,
929 5190 1021 5241 καὶ
1062 5189 1344 5260 συνθῆκαι,
1383 5192 1476 5243 καὶ
1514 5192 1753 5261 αἱρέσεις
1792 5194 1994 5248 ἐκεῖναι
2035 5198 2089 5249 αἱ

512 5270 927 5338 καταγέλαστοι,
946 5271 1071 5324 Ἐἀν
1100 5273 1218 5325 τόδε
1238 5275 1483 5342 γένηται,
1506 5275 1597 5326 καὶ
1618 5274 1713 5326 ἐὰν
1733 5276 1846 5327 τόδε
1873 5294 1935 5329 συ
1943 5279 2051 5349 μϐῇ
2073 5296 2088 5343 ;

510 5355 622 5408 Καὶ
657 5354 878 5418 εὐθέως,
904 5355 1031 5425 πρὶν
1067 5356 1100 5427 ἢ
1142 5357 1434 5420 συνελθεῖν,
1456 5361 1504 5411 οί
1541 5360 1642 5412 οὐκ
1682 5360 1878 5424 εἰδότες
1914 5363 2092 5417 οὐδἐἱ

517 5439 679 5508 μέχρι
704 5438 857 5511 Ῐ545]
898 5442 995 5511 τῆς
1015 5442 1254 5513 ἑσπέρας
1272 5442 1585 5513 διαμενοῦσι
1604 5445 1652 5507 ιι,
1676 5444 1745 5497 τὰ
1769 5445 1904 5514 μετά
1926 5447 2093 5503 πολύν

515 5523 750 5591 ἐσόμενα
798 5523 988 5594 χρόνον
1025 5526 1084 5577 ἐν
1117 5528 1229 5589 τοῖς
1265 5527 1664 5596 γραμματείοις
1718 5531 2088 5584 συντιθέασιν·

574 5695 601 5758 f
629 5693 836 5758 Cpnjiuil
860 5695 1009 5745 Savil.
1035 5698 1212 5753 ἐκείνης
1230 5699 1334 5758 πέρι
1360 5698 1561 5745 ἐκαίετο.

574 5756 600 5795 b
623 5754 703 5805 Sic
721 5758 865 5809 Coisl.
893 5759 1098 5821 oplimc.
1125 5754 1371 5809 Edebuiur
1394 5762 1679 5820 διαμενουοι.
1709 5760 1840 5809 Ευιῐ.

2205 430 2327 483 Ἐάν
2345 432 2585 495 ἄτεκνος.
2602 452 2673 503 φη
2684 433 3072 505 σῖ,τελευτήσῃ,
3086 431 3179 485 ἐὰν
3198 430 3379 484 παιδία
3395 429 3662 499 ἐσχηκὼς,
3677 430 3781 481 καὶ

2188 514 2287 565 ὅσα
2324 514 2567 568 τοιαῦτα.
2588 517 2726 568 Ἀλλ’
2746 517 2979 569 ἐνταῦθα
3011 515 3161 568 οὐδὲν
3199 513 3458 575 τοιοῦτον,
3482 512 3617 565 ἀλλὰ
3640 530 3781 565 παι-

2187 598 2378 667 δίσκην
2403 600 2530 668 μίαν
2553 600 2758 673 ἑκάστῃ
2776 601 2897 665 δοὺς
2917 600 2946 652 6
2968 600 3168 670 πατὴρ,
3185 597 3325 652 οὕτω
3342 598 3441 661 τὰς
3463 597 3779 666 θυγατέρας

2189 680 2443 745 ἐξεδίδου.
2481 682 2787 752 Ἠγάπησε
2838 684 2925 748 δὲ,
2966 683 3121 753 φησὶ,
3156 680 3385 749 Ῥαχὴλ
3430 678 3677 749 μᾶλλον
3734 678 3777 746 ἢ

2188 765 2391 828 Λείαν,
2448 765 2546 818 καὶ
2598 766 2965 821 ἐδούλευσεν
3016 764 3177 830 αὐτῷ
3230 763 3380 818 ἑπτὰ
3436 763 3539 828 ἐτη
3575 762 3776 829 ἕτερα

2203 848 2421 920 Ἐπειδὴ
2458 848 2569 921 γὰρ
2607 848 2666 913 ἐξ
2700 851 2870 921 ἀρχῆς
2891 851 2979 903 διὰ
2996 850 3097 921 τὴν
3116 848 3414 919 εὐμορφίαν
3435 845 3651 917 ἠράσθη
3671 844 3779 915 τῆς

2188 932 2377 1001 κάρης.
2403 933 2555 1003 μόλις
2590 932 2647 984 δὲ
2684 936 2902 1003 τυχεῖνο
2929 951 3058 987 ποτε
3093 931 3329 1001 ἠδυνήθη
3353 928 3445 982 τοῦ
3473 927 3779 990 σπουδαζο-

2192 1018 2376 1087 μένου,
2398 1019 2634 1091 ἐκείνην,
2660 1021 2814 1090 φησὶ,
2837 1018 2997 1071 πλέον
3033 1018 3245 1086 ἠγάπα,
3266 1016 3409 1084 ἢπερ
3444 1013 3543 1082 τὴν
3582 1012 3775 1064 Λείαν.

2188 1103 2299 1154 Καὶ
2336 1103 2443 1173 γὰρ
2478 1106 2509 1173 ὴ
2550 1105 2753 1175 ταύτης
2789 1101 3081 1172 εὐμορφία,
3104 1101 3287 1169 φησὶν,
3310 1096 3589 1166 ἐφείλκετο
3608 1094 3779 1147 αὐτὸν

2188 1187 2268 1248 εἰς
2288 1186 2379 1238 τὸν
2403 1190 2528 1257 περὶ
2547 1189 2720 1259 αὐτὴν
2742 1188 2923 1241 πόθον.
2943 1186 3079 1238 Ἀλλ’
3100 1187 3201 1253 ὅρα
3225 1201 3311 1253 μοι
3332 1179 3566 1235 ἐνταῦθα
3583 1177 3780 1230 λοιπὸν

2187 1270 2281 1322 τοῦ
2323 1272 2591 1323 Δεσπότου
2630 1278 2727 1341 τὴν
2764 1272 2969 1339 ἄφατον
2996 1266 3427 1339 φιλανθρωπίαν,
3451 1263 3686 1324 καὶπῶς
3707 1261 3780 1314 τά

2190 1355 2317 1423 παρ’
2340 1354 2503 1407 αὐτοῦ
2526 1354 2931 1422 ἐπαγγελθέντα
2967 1351 3108 1407 κατὰ
3131 1349 3324 1421 μικρὸν
3344 1351 3420 1410 είς
3442 1346 3601 1414 ἔργον
3624 1346 3774 1411 ἄγει.

2201 1435 2258 1487 ’0
2280 1436 2387 1508 γὰρ
2414 1437 2602 1503 εἰπὼν,
2625 1439 2705 1491 ὃτι
2732 1438 2977 1505 Ἕσομαι
2999 1434 3149 1504 μετὰ
3174 1432 3311 1495 σοῦ,
3332 1428 3780 1497 διαφυλάσσων

2187 1535 2261 1571 σε
2287 1519 2349 1571 ἐν
2384 1519 2551 1589 πάσῃ
2587 1520 2724 1585 ὀδῷ,
2744 1515 2785 1592 ᾖ
2810 1521 2919 1574 ἐὰν
2944 1517 3264 1588 πορευθῇς,
3286 1516 3379 1569 καὶ
3409 1515 3489 1565 ὅτι
3517 1508 3781 1573 Αὐξανῶ

2188 1622 2262 1658 σε
2299 1605 2397 1658 καὶ
2434 1604 2740 1671 πληθυνῶ,
2763 1605 2924 1665 αὐτὸς
2960 1605 3055 1657 καὶ
3091 1604 3185 1655 νῦν
3224 1603 3437 1654 ἅπαντα
3475 1596 3774 1663 οἰκονομεῖ.

2189 1689 2299 1743 Καὶ
2335 1690 2420 1742 ἵνα
2458 1688 2657 1761 μάθῃς.
2692 1690 2854 1742 ἄκουε
2891 1689 2986 1740 καὶ
3023 1686 3191 1754 αὐτῆς
3229 1684 3325 1751 τῆς
3362 1680 3510 1743 θείας
3549 1679 3779 1748 Γραφῆς

2188 1773 2345 1826 τοῦτο
2381 1771 2566 1841 σαφῶς
2591 1770 2856 1838 λεγούσης
2872 1787 2885 1801 ’
2906 1770 3066 1824 Ἰδὼν
3098 1767 3166 1821 δὲ
3186 1769 3399 1834 Κύριος
3424 1766 3454 1817 ό
3481 1762 3645 1827 Θεὸς,
3669 1778 3780 1830 φη·

2191 1862 2295 1920 σὶν,
2321 1856 2409 1908 ὅτι
2433 1855 2691 1925 μισεῖται
2722 1854 2884 1915 Λεία,
2908 1852 3115 1921 ἤνοιξε
3138 1850 3254 1917 τὴν
3281 1848 3517 1917 μήτραν
3542 1844 3740 1910 αὐτῆς
3761 1860 3775 1872 ’

2202 1938 2428 2007 Ῥαχὴλ
2463 1939 2531 1990 δὲ
2566 1934 2644 2007 ἦν
2689 1938 2918 2003 στεῖρα.
2962 1936 3067 1990 Kal
3114 1932 3416 1987 συνέλαϐε
3452 1929 3630 1986 Λεία,
3672 1925 3781 1979 και

2187 2024 2393 2076 ἔτεκεν
2412 2022 2547 2075 υἱὸν
2574 2015 2655 2085 τῷ
2687 2019 3055 2089 Ὶακώϐ.”ορα
3074 2018 3167 2071 τοῦ
3190 2015 3499 2086 εὐμηχάνου
3518 2008 3651 2062 Θεοῦ
3674 2009 3780 2077 τὴν

2190 2106 2399 2173 σοφίαν.
2420 2104 2635 2174 Ἐπειδὴ
2656 2108 2688 2174 ή
2716 2104 2814 2171 μὲν
2843 2103 2951 2156 ἀπὸ
2979 2102 3080 2169 τῆς
3102 2099 3404 2171 εὐμορφίας
3438 2095 3534 2165 τὴν
3559 2091 3779 2145 εὐνοιαν

2189 2190 2540 2243 ἐπεσπάσατο
2575 2187 2667 2240 τοῦ
2705 2187 2917 2257 ἀνδρὸς,
2952 2188 2984 2257 ἡ
3022 2186 3081 2239 δέ
3114 2184 3317 2253 ταύτης
3351 2176 3783 2247 ἀπεστερημένη

2193 2274 2465 2343 μισεῖσθαι
2502 2271 2709 2330 ἐδόκει,
2746 2269 2949 2339 ταύτην
2989 2270 3087 2339 μὲν
3122 2266 3376 2334 διεγείρει
3413 2260 3551 2333 πρὸς
3586 2258 3779 2327 γονὴν,

2190 2356 2401 2425 ἐκείνης
2420 2356 2476 2407 δέ
2498 2357 2662 2425 πηροῖ
2679 2354 2776 2425 τὴν
2801 2357 3029 2425 μήτραν,
3048 2352 3329 2423 ἀμφότερα
3347 2346 3434 2401 διὰ
3452 2344 3549 2415 τὴν
3567 2342 3780 2399 οἰκείαν

2190 2441 2379 2509 φιλανθ
2390 2439 2598 2510 ρωπίαν
2618 2438 2937 2510 οἰκονομῶν,
2960 2438 3045 2490 ἵνα
3065 2436 3157 2488 καὶ
3176 2434 3313 2503 αὔτη
3332 2430 3420 2485 διὰ
3438 2430 3505 2483 τὰ
3526 2427 3586 2492 ἐξ
3604 2425 3777 2491 αὐτῆς

2188 2526 2481 2595 τικτόμενα
2518 2526 2619 2594 σχῇ
2658 2542 2778 2576 τινα
2815 2522 3186 2593 παραμυθίαν,
3210 2514 3549 2587 ἐφελκομένη
3569 2513 3663 2595 είς,
3686 2510 3781 2595 τὸν

2190 2610 2316 2681 περὶ
2336 2593 2506 2677 αὐτὴν
2531 2593 2691 2660 πόθον
2710 2608 2801 2660 τὸν
2819 2607 3007 2677 ἄνδρα,
3030 2604 3254 2673 κάκείνη
3280 2601 3354 2671 μὴ
3374 2599 3463 2652 διὰ
3488 2593 3780 2681 τὺῗκάλλος

2190 2675 2285 2746 καῖ
2312 2692 2410 2762 τὴν
2443 2675 2745 2763 εὐμορφίαν
2781 2675 3231 2757 κατεξανιστῆται
3269 2684 3367 2754 τῆς
3387 2680 3644 2768 ᾣελφῆς.
3668 2675 3780 2768 καὶ

2190 2776 2476 2842 διήνοιεε,
2501 2775 2654 2844 φησὶ,
2676 2774 2791 2841 τὴν
2812 2774 3048 2842 μήτραν
3075 2768 3285 2836 αὐτῆς.
3309 2766 3564 2821 Μάνθανε
3595 2764 3779 2844 ἐντεῦῖ

2192 2860 2304 2923 θεν,
2326 2842 2599 2928 ἀγάπη-τέ,
2619 2859 2703 2910 ὅτι
2739 2858 2768 2909 6
2805 2855 2913 2909 τῶν
2950 2854 3203 2908 ἁπάντων
3237 2846 3566 2922 δημιουργός
3587 2847 3733 2928 ἐστιν
3751 2842 3781 2892 6

2190 2945 2258 2996 τὰ
2299 2943 2475 2995 πάντα
2506 2926 2830 3010 οἰκονομῶν,
2855 2938 2948 2991 καὶ
2983 2937 3080 3008 τὴν
3118 2936 3280 3005 φύσιν
3310 2933 3479 3001 αὐτὴν
3498 2926 3780 2997 διεγείρων

2192 3026 2327 3097 πρὸς
2347 3025 2530 3095 γονὴν,
2552 3024 2645 3077 καὶ
2664 3025 2746 3076 ὅτι
2765 3022 2915 3075 οὐδὲν
2934 3022 3030 3091 τῆς
3054 3020 3337 3081 συνουσίας
3354 3016 3566 3097 ὄφελος,
3588 3011 3662 3097 μὴ
3681 3011 3781 3077 τῆς

2191 3090 2398 3164 ἄνωθεν
2435 3090 2752 3177 συμμαχίας
2788 3090 3103 3176 γενομένης.
3133 3102 3231 3155 Διά
3266 3100 3375 3172 γὰρ
3410 3094 3570 3151 τοῦτο
3606 3090 3781 3155 εἶπεν,

2191 3194 2272 3246 ὅτι
2294 3190 2565 3257 Διήνοιξε
2597 3190 2714 3255 τὴν
2739 3188 2976 3259 μήτραν
3007 3187 3219 3253 αὐτῆς,
3241 3186 3328 3238 ἴνα
3348 3181 3565 3251 γνῶμεν
3583 3180 3665 3231 ὃτι
3686 3178 3782 3229 αὐ·

2191 3277 2281 3338 τὸς
2315 3278 2343 3328 ὁ
2376 3273 2653 3343 Δεσπότης
2669 3272 2945 3343 ἠϐουλήθη
2964 3271 3063 3343 τὴν
3084 3270 3246 3324 Λείαν
3270 3268 3405 3339 πρὸς
3436 3262 3783 3331 τεκνογονίαν

2191 3360 2473 3428 διεγεῖραι.
2496 3356 2637 3410 ὥστε
2658 3356 2830 3425 αὐτῆς
2863 3355 2961 3425 τὴν
2996 3354 3233 3423 ἀθυμίαν
3259 3344 3781 3422 παραμυθήσασθαι-

2192 3442 2363 3503 Αὐτὸς
2398 3441 2507 3511 γάρ
2543 3441 2695 3492 ἐστιν
2732 3442 2761 3492 6
2795 3440 2888 3492 καί
2926 3440 2983 3489 ἐν
3020 3440 3087 3507 τῇ
3114 3440 3295 3506 μήτρα
3332 3433 3675 3487 διαπλάττων
3716 3428 3783 3481 τὰ

2195 3524 2369 3595 βρέφη
2392 3525 2485 3576 καὶ
2505 3522 2805 3591 ζωογονῶν,
2826 3521 3077 3592 καθάπερ
3097 3520 3191 3573 καὶ
3209 3518 3371 3571 Δαυῖδ
3391 3533 3554 3586 φησιν
3578 3530 3594 3544 ’
3620 3514 3781 3565 Ἀντ-

2192 3607 2410 3661 ελάϐου
2443 3625 2562 3676 μου
2596 3607 2665 3659 ἐκ
2700 3604 2810 3673 τῆς
2842 3605 3102 3675 γαστρὸς
3135 3604 3361 3672 μητρός
3386 3617 3529 3668 μου.
3550 3598 3663 3651 Καὶ
3681 3597 3783 3665 ὅρα

2192 3690 2311 3753 πῶς
2330 3689 2599 3743 δείκνυσιν
2632 3691 2762 3759 ἡμῖν
2799 3690 2832 3758 ὴ
2874 3688 2993 3741 θεία
3014 3687 3203 3757 Γραφὴ
3225 3685 3315 3737 τὸν
3333 3683 3432 3752 τῆς
3452 3681 3667 3749 φύσεως
3685 3677 3782 3746 δη-

2196 3792 2318 3846 μιου
2330 3774 2457 3845 ργὸν
2491 3772 2726 3843 ἐκάτερα
2745 3775 2809 3843 τῇ
2830 3772 3008 3842 οἰκείᾳ
3025 3770 3249 3839 δυνάμει
3270 3764 3665 3838 ἐργαζόμενον,
3687 3762 3785 3814 καὶ

2191 3858 2291 3927 τῆς
2332 3857 2431 3927 μὲν
2468 3857 2566 3928 τὴν
2606 3858 2818 3927 μήτραν
2854 3855 3323 3927 διεγείροντα,τῆς
3358 3850 3416 3903 δέ
3447 3847 3650 3917 Ῥαχὴλ
3688 3847 3785 3897 ἐπ-

2194 3943 2405 4012 έχοντα.
2428 3940 2705 4009 Δεσπότης
2741 3938 2851 4009 γὰρ
2889 3936 2966 3991 ὢν
3000 3939 3099 4006 τῆς
3139 3935 3372 4005 φύσεως,
3398 3930 3515 4002 μετ’
3535 3928 3784 4012 εὐκολίας

2192 4008 2412 4079 ἅπαντα
2448 4008 2759 4093 ἐργάζεται,
2792 4008 2903 4075 Kal
2940 4020 3260 4080 συνέλαϐε,
3285 4018 3438 4087 φησι,
3479 4014 3646 4073 Λεία,
3684 4008 3785 4093 καί

2192 4108 2398 4161 ἔτεκεν
2418 4090 2554 4161 υἱόν
2573 4106 2654 4171 τῷ
2684 4105 2883 4159 Ἰακώϐ
2895 4121 2909 4135 ο
2942 4103 3201 4157 ἐκάλεσε
3219 4101 3287 4153 δὲ
3306 4100 3369 4153 τὸ
3391 4098 3577 4166 ὄνομα
3598 4090 3784 4147 αὑτοῦ

2206 4190 2484 4259 Ῥουϐὴν,
2505 4189 2775 4257 λέγουσα
2796 4205 2809 4220 ·
2835 4189 2956 4240 ’Ὁτι
2993 4183 3115 4240 εἶδέ
3144 4203 3263 4254 μου
3300 4184 3517 4248 Κύριος
3548 4177 3663 4245 τὴν
3681 4192 3785 4259 τας

2194 4258 2505 4340 πείνωσιν,
2524 4271 2645 4325 νῦν
2678 4272 2975 4340 ἀγαπήσει
3005 4286 3081 4338 με
3116 4272 3148 4322 ό
3186 4264 3647 4334 ἁνήρμου.”ορα
3668 4258 3787 4319 πῶς

2193 4355 2493 4428 εὐγνώμων
2532 4356 2565 4426 ή
2594 4356 2753 4425 γυνή.
2775 4354 3141 4423 Θεασάμενος,
3162 4352 3316 4419 φησὶ,
3337 4348 3433 4418 τὴν
3458 4342 3789 4428 ταπείνωσίν

2198 4460 2300 4512 μου
2322 4444 2350 4494 6
2370 4427 2666 4509 Δεσπότης,
2689 4437 2930 4508 παρέσχε
2956 4454 3044 4506 μοι
3063 4435 3153 4487 τὸν
3174 4434 3350 4493 τόκον,
3375 4432 3462 4483 ί’να
3483 4430 3572 4482 διὰ
3592 4427 3783 4479 τούτου

2194 4524 2546 4595 ἀγαπηθῆναι
2583 4522 2814 4591 δυνηθῶ.
2855 4522 2964 4574 Καὶ
3001 4519 3099 4572 θέα
3138 4536 3227 4587 μοι
3259 4515 3355 4568 τοῦ
3395 4514 3782 4585 φιλανθρώπου

2193 4607 2329 4661 Θεοῦ
2362 4594 2460 4679 τὴν
2483 4605 2809 4675 φιλοτιμίαν,
2832 4602 2949 4666 πῶς
2971 4600 3430 4671 ἐπιδαψιλεύεται.
3456 4596 3589 4668 ὁμοῦ
3613 4596 3708 4679 καὶ
3728 4594 3785 4647 τὸ

2193 4691 2287 4744 τοῦ
2323 4678 2535 4744 δικαίου
2575 4688 2796 4759 σπέρμα
2833 4686 3067 4755 αὐξῆσαι
3105 4684 3447 4756 βουλόμενος,
3468 4683 3563 4733 καὶ
3584 4678 3785 4746 ταύτην

2195 4775 2290 4828 νῦν
2329 4772 2710 4842 ποθεινοτέραν
2748 4770 3084 4839 καταστῆσαι
3122 4768 3202 4838 τῷ
3236 4764 3450 4820 Ἰακώϐ.
3489 4762 3599 4817 Kal
3640 4777 3787 4842 συνο

2194 4859 2394 4919 ἐλαϐε,
2417 4856 2569 4926 φησὶ,
2594 4841 2802 4916 πάλιν,
2837 4853 2935 4906 καὶ
2973 4854 3179 4906 ἔτεκεν
3218 4853 3351 4905 υἱὸν
3384 4849 3670 4915 δεύτερον
3706 4841 3785 4907 τῷ

2208 4940 2436 5002 Ἰακὼϐ,
2458 4939 2556 4992 καὶ
2593 4934 2781 5001 εἶπεν,
2806 4937 2894 4990 ὅτι
2917 4938 3184 4990 ’Ἤκουσε
3202 4936 3419 5002 Κύριος
3455 4930 3546 4983 ὅτι
3574 4926 3784 4997 μισοῦ-

2189 5042 2317 5095 μαι,
2339 5025 2437 5077 καὶ
2477 5021 2826 5091 προσέδωκέ
2855 5038 2957 5091 μοι
2997 5020 3093 5073 καὶ
3131 5019 3377 5073 τοῦτον·
3412 5016 3509 5068 καὶ
3530 5012 3783 5095 ἐκάλεσε

2194 5093 2259 5163 τό
2300 5109 2487 5177 ὄνομα
2521 5105 2708 5160 αὐτοῦ
2746 5104 3011 5174 Συμεών.
3052 5103 3252 5155 Σκόπει
3291 5100 3410 5163 πῶς
3448 5095 3644 5169 [διι]
3696 5093 3783 5161 ἀφ’

2196 5194 2428 5247 ἑκάστου
2469 5190 2573 5243 τῶν
2613 5190 2818 5243 παίδων
2857 5189 3171 5259 εὐχαριστεῖ
3187 5184 3264 5255 τῷ
3284 5185 3552 5255 Δεσπότῃ,
3574 5181 3668 5233 καὶ
3703 5180 3787 5230 εὐ-

2170 5276 2430 5346 ,γνώμων
2470 5274 2675 5344 γίνεται
2714 5272 2845 5344 περὶ
2880 5271 2979 5341 τὴν
3014 5268 3621 5341 εὐεργεσίαν.Ἦκουσε
3656 5262 3779 5330 γὰρ,

2197 5361 2351 5431 φησὶ,
2387 5361 2420 5411 ό
2456 5358 2691 5426 Κύριος,
2716 5357 2805 5408 ὅτι
2835 5353 3147 5424 μισοῦμαι,
3172 5352 3271 5405 καὶ
3309 5347 3657 5417 προσέδωκέ
3688 5362 3787 5431 μοι

2197 5430 2293 5499 καὶ
2315 5444 2531 5497 τοῦτον
2552 5461 2564 5475 ο
2598 5442 2691 5495 καὶ
2711 5440 2797 5494 διά
2817 5439 2973 5493 τοῦτο
3005 5437 3287 5492 Ἐκάλεσε
3306 5436 3372 5489 τὸ
3396 5436 3583 5505 ὄνομα
3601 5430 3785 5487 αὐτοῦ

2203 5526 2464 5596 Συμεών.

2265 5698 2283 5723 ε
2324 5691 2472 5743 Savil.
2497 5696 2549 5740 el
2572 5694 2783 5753 quatuor
2804 5702 2917 5738 mss.
2946 5688 3154 5749 μάλιστα
3172 5689 3223 5737 δὲ
3246 5687 3420 5751 τυχεῖν,
3446 5689 3613 5738 minus
3632 5691 3784 5737 recta
