4038 6358
235 385 349 442 689

233 499 502 570 deceptus
540 500 611 555 sit
638 519 651 555 :
682 501 997 569 secundum,
1028 501 1173 573 quod
1202 512 1346 557 tanta
1368 500 1624 556 facilitate
1650 496 1829 553 omnia

236 592 399 655 (iant,
426 600 482 645 ct
501 606 763 662 nusquam
791 594 1084 663 lampades,
1113 594 1343 658 chorezn,
1374 595 1621 662 laetaeque
1646 600 1839 660 przeter

237 695 376 736 usus
416 683 829 739 necessitatem:
858 686 928 739 ita
969 695 1027 739 ut
1068 694 1123 740 et
1158 685 1401 755 deceptio
1440 684 1620 739 Laban
1652 682 1831 736 locmn

241 773 519 829 habuerit.
562 776 859 831 Possumus
904 787 1083 832 autem
1124 787 1180 832 et
1207 777 1293 831 hic
1326 776 1524 841 videre,
1569 772 1840 844 quomodo

244 865 434 921 Laban
481 883 673 938 magna
717 866 999 923 allectione
1037 869 1283 924 dilexerit
1319 867 1503 924 Jacob.
1548 867 1661 920 lloc
1695 865 1842 919 enim

241 968 588 1013 commentus
629 969 730 1024 est,
762 970 820 1016 ut
843 961 1042 1016 diutius
1086 963 1224 1032 apud
1254 977 1311 1016 se
1335 961 1539 1031 justum
1566 960 1839 1014 retineret.

241 1049 461 1105 Sciebat
483 1050 697 1121 quidem
723 1052 867 1122 quod
902 1053 1123 1109 alterius
1152 1069 1336 1108 amore
1373 1052 1644 1123 ﬂagraret,
1677 1062 1840 1121 atque

242 1144 289 1194 si
317 1142 432 1195 voti
470 1157 690 1212 compos
719 1143 891 1211 ﬁeret,
922 1160 1028 1199 non
1050 1145 1270 1216 eligeret
1291 1144 1510 1214 posthac
1530 1143 1843 1198 servitutem

247 1244 481 1304 propter
509 1235 661 1289 Liam
687 1236 977 1300 sustinere,
1012 1252 1111 1292 nec
1136 1236 1295 1291 vellet
1318 1251 1442 1292 cum
1467 1251 1533 1291 eo
1558 1234 1799 1289 habitare
1824 1248 1841 1287 :

241 1336 303 1380 et
332 1338 617 1396 propterea
653 1324 776 1397 quia
808 1326 938 1381 vidit
966 1326 1146 1381 Laban
1178 1328 1431 1382 virtutem
1456 1326 1578 1393 viri,
1608 1335 1659 1380 et
1691 1323 1843 1393 cogi-

247 1417 385 1471 tavit
412 1432 475 1471 se
502 1432 612 1470 non
648 1418 806 1473 aliter
836 1432 963 1473 eum
993 1417 1212 1473 vincere
1240 1427 1294 1472 et
1319 1418 1643 1488 persuadere
1662 1430 1842 1486 posse,

247 1518 324 1562 tta
347 1525 473 1563 eum
498 1508 730 1579 decepit,
753 1518 808 1564 et
827 1508 975 1564 dedit
994 1510 1042 1564 ei
1070 1509 1220 1563 Liam
1248 1525 1371 1564 cum
1401 1509 1600 1578 Zelpha
1630 1507 1842 1562 ancilla.

248 1600 461 1655 Deinde
489 1616 611 1654 cum
636 1610 950 1670 argueretur
974 1616 1004 1654 a
1030 1601 1176 1668 justo
1206 1600 1348 1669 quod
1380 1614 1504 1654 eum
1524 1598 1844 1667 decepisset,

247 1694 539 1750 honestam
566 1694 745 1748 attulit
788 1695 1213 1749 excusationem.
1243 1693 1375 1747 Nam
1399 1702 1682 1763 postquam
1711 1691 1846 1745 dixit

244 1786 417 1841 Jacob
448 1804 461 1838 :
492 1786 583 1841 25.
616 1786 784 1853 Quare
808 1785 933 1839 mihi
958 1786 1053 1839 hoc
1076 1785 1281 1857 fecisti?
1306 1801 1473 1839 nonne
1504 1793 1710 1854 propter
1734 1782 1845 1836 Ra-

247 1879 367 1930 chel
395 1878 573 1930 servivi
610 1876 741 1930 tibi?
767 1885 814 1930 et
841 1893 1000 1947 quare
1026 1876 1266 1943 decepisti
1294 1875 1414 1930 me?
1435 1875 1559 1945 quid
1588 1890 1716 1944 ergo
1742 1873 1847 1927 La-

247 1966 398 2021 lian?
437 1966 529 2020 26.
570 1965 693 2020 Non
737 1976 810 2020 est
844 1966 916 2020 sic
958 1966 1012 2019 in
1042 1966 1137 2020 hoc
1160 1966 1298 2032 .loco
1338 1974 1392 2019 ut
1426 1966 1648 2018 elocetur
1666 1964 1849 2033 junior

248 2061 396 2128 prius
420 2077 571 2129 quam
596 2060 764 2131 major
792 2070 933 2114 natu.
956 2058 1045 2114 27.
1075 2059 1275 2129 Perﬁce
1297 2058 1453 2130 igitur
1481 2057 1848 2111 hebdomadam

247 2153 421 2215 istius,
468 2161 513 2205 et
559 2152 690 2205 dabo
734 2151 823 2205 tibi
864 2152 1016 2205 etiam
1059 2150 1190 2203 hanc
1231 2166 1322 2219 pro
1352 2149 1541 2211 labore,
1588 2157 1635 2202 et
1673 2162 1843 2215 opere,

248 2244 390 2310 quod
416 2243 704 2312 operuberis
745 2242 885 2309 apud
929 2258 1010 2296 me
1053 2242 1220 2295 adhuc
1264 2241 1411 2295 annis
1447 2248 1655 2309 septem.
1687 2238 1850 2293 Vides

250 2337 409 2391 illum
439 2351 502 2391 ea
530 2328 598 2391 de
619 2349 776 2390 causa
808 2335 922 2390 haec
944 2335 1123 2390 omnia
1154 2342 1512 2389 commentum
1541 2346 1683 2386 esse.
1714 2330 1848 2386 Nam

254 2427 383 2497 quia
412 2426 545 2480 vidit
586 2441 824 2480 amorem
860 2440 1018 2495 quem
1063 2440 1186 2494 erga
1214 2424 1444 2495 puellam
1476 2422 1727 2486 habebat,
1771 2422 1852 2475 in-

250 2520 417 2589 quit:
446 2518 522 2573 Ne
547 2527 701 2587 putes
745 2517 933 2586 injuria
975 2526 1027 2570 te
1052 2515 1189 2569 allici
1222 2533 1233 2568 :
1268 2514 1528 2581 Quoniam
1561 2512 1677 2566 lunc
1710 2512 1850 2580 apud

254 2627 358 2665 nos
389 2611 477 2665 lex
506 2617 608 2676 est,
641 2618 698 2663 ut
718 2608 947 2678 primum
977 2607 1176 2677 nuptiis
1215 2606 1453 2660 tradatur
1484 2603 1654 2674 major
1683 2612 1808 2657 natu
1834 2620 1849 2658 :

254 2713 543 2772 propterea
576 2702 681 2757 hoc
712 2702 927 2772 quidem
964 2701 1158 2756 factum
1194 2710 1310 2764 est;
1341 2699 1571 2768 accipies
1596 2708 1774 2753 autem
1798 2706 1855 2753 et

256 2796 400 2851 hanc
428 2810 586 2865 quam
608 2808 778 2860 amas,
803 2796 847 2850 si
873 2794 1077 2849 similes
1100 2802 1305 2862 septem
1328 2807 1497 2846 annos
1523 2805 1620 2861 pro
1641 2806 1704 2846 ea
1733 2805 1853 2845 ser-

254 2888 448 2943 vieris.
487 2888 691 2955 Quibus
732 2885 925 2941 auditis
948 2887 1123 2956 justus
1161 2885 1339 2940 omnia
1382 2892 1629 2954 prompto
1673 2884 1856 2939 animo

254 2979 498 3049 suscepit
522 2996 536 3032 :
568 2988 763 3048 etpost
787 2960 885 3032 bos
910 2979 1043 3032 alios
1065 2992 1235 3031 annos
1274 2985 1477 3045 septem
1505 2976 1602 3046 (a),
1635 2975 1728 3030 28.
1757 2975 1857 3030 De-

256 3072 359 3136 dit,
390 3070 579 3141 inquit,
611 3069 790 3124 Laban
816 3068 1011 3125 Rachel
1031 3070 1192 3138 ﬁliam
1211 3085 1356 3122 suam
1381 3071 1425 3121 ei
1450 3084 1677 3121 uxorem.

334 3165 391 3218 5.
418 3162 719 3234 Polygamia
734 3163 888 3228 olim;
921 3178 1054 3215 nunc
1090 3161 1445 3231 monogamia;
1470 3177 1578 3213 cur.
1604 3189 1673 3201 -—
1696 3159 1859 3215 Vides

260 3257 460 3311 iterum
484 3256 694 3324 nuptias
717 3256 830 3309 ﬁeri
845 3270 966 3310 cum
989 3270 1176 3324 magna
1198 3255 1493 3307 honestate.
1514 3251 1621 3307 Sed
1637 3251 1859 3306 audiens

261 3364 390 3401 cum
416 3348 690 3416 accepisse
715 3347 975 3415 majorem
1003 3354 1150 3411 natu,
1182 3354 1237 3399 et
1262 3354 1444 3415 postea
1472 3345 1757 3410 minorem,
1789 3360 1860 3400 ne

263 3440 499 3493 turberis
523 3455 536 3491 :
566 3454 737 3508 neque
763 3437 1054 3492 secundum
1082 3447 1277 3490 statum
1304 3437 1393 3505 qui
1413 3452 1554 3490 nunc
1574 3446 1678 3501 est,
1698 3451 1859 3505 opera

259 3546 386 3598 quae
419 3540 543 3584 tunc
571 3528 704 3584 facta
732 3528 1104 3598 suntjudices.
1155 3527 1305 3581 Tunc
1330 3528 1471 3581 enim
1503 3528 1628 3596 quia
1660 3526 1861 3596 princi-

267 3624 356 3692 pia
388 3633 564 3688 erant,
600 3621 917 3690 permissum
947 3620 1046 3674 fuit
1071 3635 1193 3675 cum
1236 3612 1441 3673 duabus
1469 3619 1551 3672 vel
1582 3618 1747 3672 tribus
1775 3616 1863 3671 vel

268 3714 514 3785 pluribus
545 3713 801 3768 uxoribus
831 3711 1077 3775 misceri,
1118 3721 1178 3764 ut
1210 3709 1505 3764 humanum
1533 3721 1701 3776 genus
1740 3721 1864 3776 pro-

268 3818 558 3877 pagaretur
581 3822 596 3870 ;
625 3821 766 3860 nunc
793 3820 921 3860 vero
946 3805 1070 3874 quia
1092 3819 1186 3873 per
1206 3802 1299 3857 Dei
1324 3804 1546 3871 gratiam
1576 3800 1862 3854 humanum

268 3915 442 3970 genus
482 3898 634 3951 valde
665 3897 1073 3966 multiplicatum
1102 3905 1217 3959 est,
1248 3895 1416 3948 virtus
1457 3909 1667 3963 quoque
1696 3893 1866 3946 incre-

272 4001 513 4045 mentum
542 3988 767 4056 accepit.
817 3987 1119 4042 Adveniens
1149 3986 1290 4040 enim
1321 3986 1585 4046 Christus,
1615 3993 1669 4038 et
1698 3987 1866 4037 virtu-

273 4092 385 4135 tem
418 4081 470 4132 in
504 4079 808 4132 hominibus
839 4076 1465 4147 plantans,angelosque,
1490 4083 1549 4128 ut
1574 4076 1642 4127 ita
1669 4073 1865 4138 dicam,

273 4190 341 4226 ex
367 4171 676 4226 hominibus
705 4170 925 4233 faciens,
957 4184 1174 4223 omnem
1207 4169 1348 4222 illam
1377 4176 1611 4221 veterem
1642 4180 1872 4219 consuc-

277 4265 516 4319 tudinem
547 4262 799 4317 abolevit.
827 4261 990 4315 Vides
1024 4260 1293 4331 quomodo
1324 4275 1429 4312 non
1458 4267 1703 4327 oporteat
1738 4273 1870 4311 con-

276 4356 615 4410 suetudinem
651 4365 985 4426 praetexere,
1032 4352 1125 4407 sed
1167 4350 1306 4422 quod
1342 4351 1541 4417 justmn
1581 4360 1664 4405 est
1692 4350 1870 4418 inqui—

277 4450 441 4504 rere?
465 4447 607 4502 Ecce
629 4448 770 4501 enim
795 4445 1044 4515 quoniam
1067 4445 1206 4497 mala
1224 4451 1349 4499 erat
1377 4442 1491 4496 haec
1519 4441 1869 4509 consuetudo,

278 4541 501 4609 explosa
542 4551 647 4603 est,
697 4549 751 4593 et
780 4554 886 4591 non
928 4538 1052 4592 licet
1083 4536 1173 4590 ulli
1213 4552 1328 4589 eam
1375 4543 1689 4605 praetexere.
1728 4533 1870 4589 Nus-

279 4648 442 4701 quam
475 4630 631 4701 igitur
654 4671 669 4694 ,
701 4630 926 4684 obsecro
951 4669 965 4692 ,
998 4626 1440 4682 consuetudinem
1470 4626 1744 4695 inquiras;
1777 4624 1872 4680 sed

281 4723 423 4795 quod
447 4723 517 4777 sit
545 4722 676 4775 utile
703 4736 882 4789 quaere
903 4761 918 4785 ,
961 4735 1066 4773 non
1094 4717 1235 4788 quod
1266 4717 1459 4771 animze
1487 4716 1869 4786 perniciosum;

283 4825 340 4869 et
363 4816 407 4869 si
439 4812 566 4883 quid
593 4821 677 4866 est
697 4811 915 4874 bonum,
949 4809 1155 4864 etiamsi
1186 4823 1291 4862 non
1334 4808 1401 4861 sit
1433 4804 1791 4870 consuetudo,
1823 4804 1872 4858 id

285 4908 381 4961 ﬁat
406 4925 433 4961 a
464 4905 617 4959 nobis
648 4905 725 4957 :si
748 4918 875 4956 vero
906 4900 1261 4971 perniciosum
1293 4908 1395 4963 est,
1419 4897 1627 4952 etiamsi
1649 4912 1876 4950 consue-

286 4999 418 5054 tudo
447 4998 537 5061 sit,
560 4996 823 5064 fugiamus
852 5004 905 5047 et
934 5006 1264 5046 averscnmr.
1294 4990 1384 5044 29.
1412 4989 1475 5042 Et
1493 4989 1650 5050 dedit,
1684 4989 1871 5056 inquit,

292 5089 460 5143 Jacob
490 5085 761 5140 Rachelem
790 5101 905 5137 cum
931 5082 1084 5137 Balla
1110 5081 1317 5135 ancilla.
1364 5079 1553 5133 Vidisti
1583 5090 1776 5149 quanta
1809 5079 1877 5132 sit

285 5182 409 5238 haec
434 5178 767 5249 philosophia
786 5176 885 5247 (b)?
907 5174 1043 5229 Num
1069 5187 1344 5228 servorum
1359 5186 1547 5241 greges
1563 5170 1584 5223 ?
1601 5187 1724 5225 num
1747 5186 1876 5242 syn-

352 5314 429 5375 (a)
463 5315 545 5363 Hic
565 5312 806 5375 memoria
822 5311 982 5375 lapsus
1001 5307 1193 5375 videtur
1207 5304 1567 5375 Chrysostomus
1580 5317 1690 5375 cum
1713 5302 1780 5351 ait
1792 5309 1878 5349 La-

283 5365 469 5428 bantun
501 5375 676 5424 Jaeobo
707 5365 961 5421 naeltelem
984 5369 1178 5435 dedisse
1210 5365 1317 5428 post
1353 5365 1472 5435 alios
1502 5374 1695 5435 septem
1728 5378 1879 5435 annos

284 5426 556 5488 servitutis.
598 5444 707 5485 Nam
744 5448 793 5482 m
826 5432 1062 5481 Hebraico
1096 5426 1232 5477 textu
1278 5435 1330 5477 et
1362 5428 1411 5476 in
1448 5426 1663 5487 Vulgata,
1704 5427 1881 5488 quibus

288 5486 438 5553 etiam
463 5486 843 5548 dansonanthx
862 5498 1175 5554 ttiterjiretes,
1196 5492 1387 5554 ductam
1410 5490 1459 5537 in
1482 5486 1687 5554 nitorem
1701 5486 1879 5536 Rache—

287 5550 392 5611 lem
416 5574 527 5611 esse
550 5561 725 5608 dicitur
757 5566 871 5606 ante
908 5550 1017 5603 illos
1038 5559 1232 5614 septem
1269 5551 1390 5599 alios
1413 5550 1671 5614 servitutis
1692 5561 1845 5597 annos
1863 5587 1875 5605 ,

290 5631 345 5686 et
368 5624 644 5686 conjugiqu
661 5621 870 5681 septimo
894 5624 1002 5679 post
1022 5612 1214 5663 ductam
1248 5614 1373 5663 Liam
1395 5612 1477 5661 die
1498 5619 1877 5660 consummatum

286 5684 457 5735 fuisse.

358 5732 431 5805 (bl
464 5743 758 5804 Philosophia
789 5742 867 5788 hic
900 5732 1127 5805 accipitur
1174 5750 1258 5805 pro
1282 5734 1590 5805 simplicitate
1614 5747 1800 5805 morum
1827 5740 1880 5805 et

288 5799 380 5870 pro
402 5799 683 5870 frugalitate
700 5842 717 5867 ,
741 5813 793 5853 ut
815 5815 946 5864 saepe
988 5799 1102 5849 alias
1125 5802 1248 5861 apud
1270 5802 1650 5863 Cbrysostomum
1678 5803 1727 5845 et
1750 5799 1877 5859 apud

286 5877 507 5923 veteres.

1354 388 1418 444 ΙΝ
1458 386 1610 444 CAP.
1654 376 1847 437 XXIX.
1877 372 2119 432 GENES.
2167 376 2398 433 IlOMlL.
2442 374 2572 435 LVI.

3431 377 3539 438 490

1946 496 2190 566 grapha?
2224 504 2279 549 et
2306 505 2457 564 pacta
2480 539 2496 563 ,
2525 505 2683 566 atque
2722 495 3058 552 conditiones
3108 494 3213 552 illa:
3253 496 3489 554 ridicula:
3517 518 3532 556 :

1950 590 2013 646 Si
2029 592 2123 646 hac
2149 591 2322 660 fuerit,
2342 591 2385 643 si
2404 590 2499 643 hoc
2519 591 2736 644 evenerit
2753 589 2860 646 ?Et
2876 591 3176 661 priusquam
3195 592 3536 655 conveniant,

1951 683 2254 739 nescientes
2283 698 2351 736 an
2382 697 2549 752 usque
2574 682 2638 735 ad
2666 698 2943 752 vesperam
2977 693 3248 745 maneant,
3270 700 3389 754 quae
3417 694 3541 754 post

1952 774 2119 829 multa
2146 783 2386 843 tempora
2427 782 2649 828 ventura
2695 783 2865 842 sunt,
2914 775 2966 829 in
2996 775 3165 831 literis
3207 777 3319 831 suis
3356 780 3536 833 consi-

1949 875 2115 935 gnant
2144 886 2157 921 :
2200 866 2263 922 Si
2287 868 2456 922 liberis
2483 884 2688 934 carens,
2724 869 2927 939 inquit.
2969 870 3238 939 defunctus
3272 871 3425 939 fuerit
3451 872 3540 926 :si

1953 958 2089 1027 ﬁlios
2111 959 2360 1025 habuerit,
2392 969 2445 1014 et
2471 975 2820 1029 quacumque
2850 961 2991 1014 talia.
3037 965 3104 1015 At
3132 961 3218 1015 hic
3247 962 3379 1017 nihil
3409 963 3536 1029 tale,

1953 1049 2047 1105 sed
2074 1064 2194 1105 cum
2220 1051 2433 1120 utrique
2459 1066 2609 1105 suam
2640 1050 2885 1105 ancillam
2909 1051 3163 1119 dedisset,
3192 1052 3329 1108 ﬁlias
3357 1055 3539 1109 eloca-

1950 1144 2023 1198 vit
2051 1152 2220 1214 pater.
2277 1144 2367 1198 50.
2416 1142 2608 1197 Dilexit
2643 1152 2814 1197 autem
2839 1185 2853 1208 ,
2890 1143 3093 1212 inquit,
3144 1142 3337 1199 Rachel
3378 1147 3540 1213 magis

1952 1252 2105 1305 quant
2148 1233 2298 1288 Liam
2343 1250 2362 1288 :
2391 1246 2439 1289 et
2481 1235 2681 1289 servivit
2724 1235 2771 1290 ei
2796 1246 2984 1305 septem
3026 1236 3177 1290 annis
3218 1237 3353 1291 aliis.
3404 1238 3538 1305 Quia

1952 1329 2096 1381 enim
2144 1327 2213 1379 ab
2254 1326 2407 1380 initio
2439 1325 2707 1379 adamavit
2735 1326 2962 1395 puellam
3003 1335 3220 1396 propter
3262 1339 3537 1382 venustam

1952 1418 2206 1483 formant,
2233 1427 2286 1472 et
2306 1417 2390 1471 vix
2413 1432 2530 1471 eam
2553 1428 2912 1487 consequutus
2938 1427 3020 1472 est
3043 1435 3055 1470 :
3089 1417 3212 1473 ideo
3236 1434 3352 1472 eam
3373 1422 3541 1489 magis

1952 1509 2139 1564 dilexit
2187 1524 2343 1578 quam
2395 1508 2565 1563 Liam.
2617 1509 2827 1564 Etenim
2876 1509 3016 1563 illius
3064 1520 3312 1565 venustas
3358 1511 3544 1565 allexit

1955 1617 2075 1654 cum
2123 1599 2188 1654 ad
2236 1615 2353 1654 eam
2397 1599 2700 1654 amandam.
2733 1599 2931 1654 Verum
2957 1600 3042 1654 hic
3065 1600 3257 1655 iterum
3286 1601 3406 1656 vide
3435 1602 3541 1656 Do-

1954 1693 2084 1746 mini
2112 1690 2430 1747 inell‘abilem
2463 1691 2881 1747 misericordiam
2904 1734 2919 1760 ,
2956 1702 3011 1746 ct
3039 1692 3307 1762 quomodo
3331 1709 3449 1764 quae
3474 1696 3543 1749 ah

1955 1784 2070 1853 ipso
2119 1784 2327 1838 inerant
2367 1783 2629 1853 promissa
2681 1785 2931 1853 paulatim
2963 1785 3248 1855 compleat.
3293 1786 3425 1841 Nam
3453 1788 3544 1856 qui

1956 1874 2090 1929 dixit
2119 1893 2132 1929 :
2166 1875 2278 1930 Ero
2305 1886 2489 1940 tecum,
2518 1877 2800 1931 custodiens
2825 1887 2872 1930 te
2899 1878 2950 1930 iu
2972 1880 3109 1930 omni
3135 1880 3215 1931 via
3242 1896 3342 1948 qua
3367 1880 3544 1933 ambu-

1957 1966 2138 2020 laveris
2166 1974 2281 2033 :et,
2314 1967 2517 2038 Augebo
2554 1978 2600 2021 et
2640 1968 2988 2039 multiplicabo
3018 1979 3066 2022 te
3106 1968 3255 2041 (Gen.
3288 1970 3378 2025 28.
3412 1970 3540 2042 15):

1959 2060 2074 2129 ipse
2094 2060 2253 2115 etiam
2278 2076 2418 2114 nunc
2448 2061 2625 2114 omnia
2656 2060 2945 2130 dispensat.
2980 2061 3048 2115 Et
3070 2070 3125 2114 ut
3151 2061 3201 2114 id
3233 2064 3390 2128 scias,
3422 2063 3545 2116 audi

1958 2152 2125 2221 ipsam
2175 2151 2408 2205 divinam
2434 2152 2760 2219 Scripturam
2790 2153 2891 2206 hoe
2934 2152 3213 2207 manifeste
3255 2153 3542 2207 dicentem.

1958 2245 2049 2298 3i.
2083 2243 2150 2299 Ut
2176 2245 2302 2297 vidit
2322 2254 2489 2297 autem
2515 2243 2766 2298 Dominus
2795 2243 2951 2308 Deus,
2982 2244 3119 2310 quod
3141 2246 3259 2299 odio
3280 2246 3550 2301 haberetur

1956 2328 2074 2395 Lia,
2105 2330 2304 2398 aperuit
2332 2330 2531 2383 vulvam
2559 2331 2670 2400 ejus
2700 2344 2719 2383 :
2757 2328 2951 2383 Rachel
2995 2340 3163 2383 autem
3199 2340 3307 2384 erat
3336 2332 3547 2386 sterilis.

1944 2423 2048 2511 >52.
2088 2422 2159 2478 Et
2184 2425 2412 2494 concepit
2456 2424 2589 2491 Lia,
2635 2435 2682 2479 et
2729 2425 2920 2496 peperit
2963 2425 3124 2493 ﬁlium
3150 2424 3363 2479 Iacobo.
3413 2426 3549 2481 Vide

1957 2515 2209 2570 solertem
2258 2516 2351 2571 Dei
2396 2517 2732 2586 sapientiam.
2777 2517 3038 2585 Quoniam
3077 2517 3165 2572 illa
3191 2518 3403 2588 quidem
3435 2519 3549 2588 pul-

1958 2606 2262 2662 cbritudine
2286 2622 2381 2661 sua
2407 2609 2718 2663 conciliarat
2744 2608 2845 2663 sibi
2870 2609 3094 2679 gratiam
3122 2610 3243 2677 viri,
3283 2610 3399 2665 haec
3422 2627 3550 2666 vero

1958 2698 2179 2754 minime
2219 2697 2454 2753 formosa
2484 2698 2609 2753 odio
2636 2698 2817 2754 haberi
2838 2700 2948 2754 visa
2978 2709 3061 2755 est
3087 2718 3100 2754 :
3132 2701 3269 2755 hanc
3298 2703 3547 2757 idoneam

1960 2790 2085 2847 facit
2106 2792 2316 2862 partui,
2356 2792 2499 2846 illam
2528 2807 2657 2847 vero
2685 2792 2923 2847 inutilem
2949 2809 2964 2859 ;
3004 2794 3119 2848 hare
3144 2795 3305 2848 ambo
3332 2809 3425 2849 sua
3454 2797 3554 2849 mi-

1961 2882 2253 2937 sericordia
2283 2883 2601 2954 dispensans
2623 2893 2680 2937 ut
2699 2893 2752 2937 et
2774 2883 2890 2939 luec
2913 2900 3007 2952 per
3030 2885 3230 2940 liberos
3259 2886 3347 2956 qui
3379 2902 3446 2940 ex
3488 2902 3551 2941 ea

1963 2976 2318 3031 nascebantur
2353 2977 2599 3031 solatium
2636 2976 2889 3041 haberet,
2917 2978 2968 3031 in
3000 2978 3079 3032 sui
3110 2993 3347 3033 amorem
3377 2980 3550 3033 virum

1963 3070 2237 3135 alliciens;
2266 3078 2320 3124 et
2349 3069 2438 3123 illa
2466 3084 2533 3124 ne
2559 3077 2775 3138 propter
2800 3069 3245 3138 pulchritudinem
3273 3079 3328 3126 et
3356 3071 3555 3125 formo-

1965 3164 2178 3218 sitatem
2222 3162 2478 3217 adversus
2527 3178 2767 3217 sororem
2820 3162 3136 3233 insurgeret.
3190 3162 3259 3217 Et
3304 3166 3552 3235 aperuit,

1966 3254 2170 3325 inquit,
2217 3255 2418 3308 vulvam
2455 3254 2586 3322 ejus.
2629 3253 2784 3309 Disce
2820 3252 2926 3319 hic,
2957 3254 3182 3321 dilecte,
3211 3255 3555 3309 Conditorem

1967 3348 2209 3402 omnium
2239 3347 2417 3401 omnia
2455 3346 2721 3400 moderari
2749 3361 2811 3400 ac
2849 3346 3193 3414 dispensare,
3232 3355 3287 3402 et
3315 3358 3555 3402 naturam

1968 3439 2139 3508 ipsam
2164 3438 2228 3493 ad
2258 3448 2464 3509 partmn
2487 3439 2741 3502 excitare,
2765 3439 3071 3509 nullamque
3099 3455 3221 3494 esse
3244 3441 3556 3496 concubitus

1970 3532 2273 3598 utilitatem,
2304 3533 2348 3587 si
2375 3533 2509 3587 absit
2538 3532 2715 3587 divina
2744 3534 3071 3601 cooperatio.
3106 3534 3391 3604 Propterea
3414 3536 3555 3589 enim

1972 3624 2125 3689 dixit,
2158 3624 2368 3695 Aperuit
2396 3625 2594 3678 vulvam
2620 3624 2750 3693 ejus,
2779 3633 2838 3677 ut
2858 3625 3091 3679 sciamus
3119 3626 3351 3680 voluisse
3375 3627 3557 3680 Domi-

1972 3732 2100 3770 num
2132 3715 2278 3769 Liam
2309 3714 2653 3784 procreandis
2703 3713 2885 3768 liberis
2912 3725 3091 3783 aptam
3142 3716 3279 3779 ﬁeri,
3311 3732 3416 3786 quo
3444 3717 3559 3786 ejus

1972 3821 2174 3861 mteror
2205 3805 2481 3860 leniretur.
2528 3803 2646 3873 Ipse
2689 3804 2830 3858 enim
2861 3814 2942 3858 est
2966 3805 3057 3874 qui
3105 3806 3155 3858 in
3180 3805 3335 3860 vulva
3366 3806 3561 3875 ﬁgurat

1973 3908 2027 3954 et
2054 3898 2256 3952 animat
2282 3896 2445 3953 fmlus
2471 3938 2486 3963 ,
2530 3898 2665 3951 sicut
2693 3906 2747 3951 et
2776 3898 2936 3951 David
2968 3898 3095 3952 dicit
3124 3916 3137 3951 :
3182 3898 3461 3969 Suscepisti
3484 3917 3561 3954 me

1974 3992 2037 4045 de
2065 4000 2205 4045 utero
2226 3991 2403 4044 matris
2432 4006 2556 4044 mea:
2576 3989 2746 4059 (Psal.
2780 3990 2903 4044 158.
2932 3991 3040 4060 15).
3067 3992 3133 4045 Et
3157 3991 3276 4045 vide
3291 3994 3561 4061 quomodo

1974 4091 2235 4136 monstrat
2276 4082 2429 4137 nobis
2458 4082 2633 4135 divina
2670 4080 2945 4150 Scriptura
2983 4093 3186 4136 natura:
3214 4083 3559 4140 Conditorem

1978 4184 2200 4243 utraque
2234 4188 2329 4227 sua
2360 4173 2556 4227 virtute
2582 4173 2940 4237 efﬁcientem;
2976 4190 3164 4242 nempe
3195 4175 3413 4229 alterius
3444 4178 3563 4230 vul-

1976 4281 2094 4318 vam
2132 4264 2377 4319 idoneam
2416 4264 2728 4319 reddentem
2751 4305 2766 4329 ,
2800 4265 3049 4318 Rachelis
3092 4274 3267 4320 autem
3298 4270 3565 4321 constrin-

1976 4365 2210 4426 gentem.
2253 4356 2523 4426 Siquidem
2554 4367 2759 4411 natura:
2800 4358 3053 4411 Dominus
3080 4374 3200 4412 cum
3237 4359 3336 4425 sit,
3386 4364 3563 4417 omnia

1979 4449 2134 4503 facile
2161 4459 2431 4518 operatur.
2476 4448 2543 4501 Et
2582 4448 2829 4515 concepit,
2866 4449 3075 4519 inquit,
3128 4449 3244 4514 Lia,
3291 4461 3339 4504 et
3375 4454 3565 4520 peperit

1981 4542 2144 4609 ﬁlium
2166 4540 2397 4605 Jacobo;
2428 4543 2718 4609 vocavitque
2733 4558 2927 4595 nomen
2957 4543 3067 4609 eius
3098 4541 3274 4595 Ruben
3296 4585 3309 4606 ,
3343 4543 3513 4597 dicens
3547 4560 3566 4598 :

1985 4636 2115 4703 Qum
2146 4636 2266 4687 vidit
2300 4634 2546 4687 Dominus
2571 4634 2814 4687 vilitatem
2849 4651 3033 4701 meam,
3083 4651 3218 4689 nunc
3263 4634 3440 4706 diliget
3487 4653 3567 4689 me

1979 4732 2055 4783 vir
2087 4746 2246 4783 meus.
2298 4728 2427 4782 Vide
2450 4743 2608 4796 quam
2648 4736 2799 4796 grata
2845 4727 3038 4780 mulier
3078 4727 3207 4781 dicit
3251 4745 3265 4780 :
3311 4728 3568 4783 Dominus

1980 4825 2089 4877 visa
2140 4821 2436 4875 humilitate
2480 4834 2595 4873 mea
2642 4819 2864 4887 prrebuit
2896 4818 3025 4872 mihi
3056 4830 3303 4887 partum,
3350 4829 3569 4888 preptcr

1980 4932 2137 4986 quem
2168 4913 2376 4982 diligor.
2407 4912 2475 4965 Et
2500 4921 2680 4981 specta
2725 4912 2810 4964 hic
2839 4914 3028 4965 iterum
3054 4952 3068 4974 ,
3115 4910 3383 4978 quomodo
3429 4911 3569 4963 Deus

1984 5007 2291 5063 muneribus
2344 5017 2551 5059 certare
2601 5002 2872 5058 contendit
2918 5018 3038 5055 cum
3069 5016 3167 5064 eo,
3214 5009 3269 5055 et
3309 5000 3568 5055 beneﬁcia

1982 5098 2299 5162 accumulat,
2326 5096 2481 5151 simul
2510 5106 2560 5150 et
2578 5096 2706 5165 justi
2734 5108 2915 5148 semen
2944 5094 3146 5162 augeri,
3170 5102 3223 5145 et
3245 5090 3382 5146 hanc
3403 5094 3572 5162 magis

1983 5191 2183 5246 Jacobo
2201 5187 2482 5243 amabilem
2511 5185 2659 5240 reddi
2678 5186 2881 5239 volens.
2900 5185 2989 5238 55.
3020 5183 3091 5249 Et,
3107 5184 3350 5253 concepit,
3378 5182 3570 5253 inquit,

1984 5287 2183 5347 iterum,
2233 5290 2279 5335 et
2324 5279 2514 5351 peperit
2560 5278 2722 5345 ﬁlium
2751 5276 3029 5330 secundum
3054 5274 3282 5339 Jacobo,
3322 5286 3368 5327 et
3393 5275 3520 5327 dicit
3550 5287 3571 5329 .'

1984 5378 2190 5430 Audiuit
2235 5374 2482 5428 Dominus
2522 5372 2655 5441 quod
2686 5370 2802 5423 odio
2831 5370 3015 5421 habeor
3038 5410 3053 5432 ,
3095 5378 3141 5421 et
3179 5368 3414 5437 apposuit
3444 5368 3569 5420 mihi

1985 5480 2030 5523 et
2052 5469 2221 5530 hunc;
2250 5476 2293 5519 et
2319 5464 2515 5518 vocavit
2553 5478 2730 5516 nomen
2752 5462 2862 5532 ejus
2909 5460 3148 5531 Symeon.
3182 5459 3410 5515 Attende
3432 5475 3570 5528 quo-

1987 5560 2147 5615 modo
2178 5574 2273 5627 per
2301 5556 2539 5626 singulos
2570 5568 2763 5624 pueros
2789 5553 2987 5620 gratias
3014 5552 3122 5620 agit
3150 5551 3394 5616 Domino,
3421 5561 3474 5605 et
3502 5551 3573 5607 ob

1990 5650 2246 5706 beneﬁcia
2297 5659 2503 5717 gratum
2542 5646 2776 5699 animum
2828 5644 3082 5697 declarat.
3113 5642 3338 5709 Audiuit,
3384 5650 3525 5696 enim
3552 5683 3572 5710 θ

1990 5745 2190 5813 inquit,
2236 5743 2504 5805 Dominus,
2533 5740 2667 5808 quod
2708 5737 2825 5791 odio
2867 5736 3071 5801 habeor,
3112 5746 3157 5788 et
3182 5736 3417 5803 apposuit
3448 5736 3572 5791 mihi

1987 5842 2137 5895 etiam
2165 5838 2298 5890 hunc
2328 5851 2344 5889 :
2375 5840 2655 5903 propterea
2684 5828 2887 5884 Vocavit
2915 5844 3093 5883 nomen
3119 5828 3227 5896 ejus
3255 5826 3501 5898 Symecn.
