4038 6358
501 352 595 408 491
1204 352 1259 409 S.
1300 351 1578 408 JOANNIS
1615 350 2098 408 CHRYSOSTOMI
2138 348 2451 407 AllClllEP.
2483 354 3016 417 CONSTANTINOP.

525 502 529 506 ι
568 468 621 522 4.
658 465 842 522 Vidisti
871 465 1137 537 quomodo
1161 484 1264 521 non
1290 468 1628 536 simpliciter,
1662 481 1833 535 neque
1876 477 2078 521 temere

498 560 709 612 inomina
724 558 858 613 natis
874 558 1153 613 indiderit?
1169 558 1533 614 Vocavitenim
1552 575 1670 613 eum
1687 559 1939 629 Symeon,
1956 573 2080 626 quo-

498 649 637 703 niam
676 648 875 702 audivit
911 649 1160 703 Dominus
1185 647 1284 720 (a).
1321 648 1483 704 Nobis
1520 649 1779 718 siquidem
1820 648 2079 701 lleliraico

498 739 747 794 idiomate
779 754 872 808 per
895 738 997 794 hoc
1040 755 1233 799 nomen
1276 740 1534 810 signatur,
1578 738 1720 809 quod
1762 739 1939 792 audita
1986 738 2075 791 sit.

496 828 584 882 54.
614 827 679 880 Et
708 830 936 898 concepit
976 830 1192 895 iterum,
1244 840 1291 883 et
1333 831 1525 899 peperit
1571 830 1773 898 ﬁlium,
1815 838 1861 882 et
1907 828 2077 881 dixit:

496 918 651 972 Nunc
679 922 915 991 temporis
940 922 1080 991 apud
1101 939 1177 976 me
1219 922 1309 975 erit
1348 923 1423 975 vir
1455 938 1631 988 meus;
1675 922 1845 992 peperi
1874 922 2006 975 enim
2032 920 2078 973 ei

495 1022 593 1066 tres
620 1014 754 1081 ﬁlios
776 1029 795 1067 :
821 1024 1024 1085 prapter
1053 1019 1147 1068 hoc
1168 1016 1357 1068 vocavit
1387 1031 1565 1069 nomen
1587 1015 1726 1070 illius
1750 1012 1891 1068 Levi.
1921 1013 2079 1068 Vide—

497 1115 581 1157 tur
607 1106 734 1159 mihi
779 1106 865 1161 hic
892 1106 1198 1177 signiﬁcari,
1227 1122 1345 1162 eam
1364 1108 1505 1162 natis
1534 1106 1742 1162 duobus
1784 1106 1907 1159 ﬁliis
1944 1120 2078 1160 non-

494 1200 619 1255 dum
652 1201 883 1269 potuisse
910 1201 1127 1256 allicere
1153 1202 1353 1268 virum,
1379 1201 1469 1270 qui
1501 1199 1673 1255 adhuc
1708 1200 1760 1254 in
1787 1198 2078 1254 Rachelem

497 1292 809 1361 propensior
828 1300 943 1345 erat
971 1310 984 1346 :
1019 1291 1139 1345 ideo
1163 1291 1291 1345 dicit
1313 1332 1328 1358 ,
1364 1290 1517 1344 Nunc
1552 1292 1791 1361 temporis
1824 1291 1963 1358 apud
1998 1305 2079 1343 me

494 1384 586 1435 erit
616 1384 689 1435 vir
720 1399 881 1437 meus.
928 1382 1192 1439 Fortassis
1235 1385 1475 1438 accessio
1518 1382 1658 1436 tertii
1689 1382 1862 1435 virum
1898 1395 2077 1434 meum

496 1474 681 1527 reddet
726 1474 1081 1538 benevolum,
1138 1483 1192 1529 ct
1244 1474 1435 1529 melius
1454 1474 1584 1528 mihi
1627 1472 1892 1528 affectum.
1940 1472 2077 1527 Ecce

493 1566 633 1618 enim
677 1576 782 1619 tres
814 1564 950 1619 ﬁlios
978 1566 1025 1618 ei
1067 1565 1267 1635 peperi.
1314 1565 1403 1623 55.
1436 1563 1506 1618 Et
1534 1566 1759 1634 concepit
1800 1564 1967 1617 adhuc
2005 1564 2072 1632 fi-

498 1655 649 1718 lium,
682 1673 741 1708 ac
767 1656 977 1727 peperit,
1001 1666 1046 1709 et
1073 1656 1202 1721 didit
1228 1672 1247 1710 :
1273 1654 1426 1709 Nunc
1450 1656 1616 1708 adhuc
1646 1656 1782 1709 istud
1806 1653 2077 1723 conﬁtebor

495 1746 711 1801 Domino
738 1762 757 1800 :
792 1758 1053 1817 propterea
1098 1750 1288 1801 vocavit
1329 1763 1508 1800 nomen
1545 1747 1657 1817 ejus
1693 1745 1907 1799 ludam.
1938 1744 2076 1811 Quid

492 1850 593 1903 est,
626 1839 773 1892 Istud
801 1839 1073 1906 conﬁtebor
1095 1838 1356 1893 Domino?
1385 1837 1673 1907 Conﬁtebor
1699 1838 1786 1892 hic
1815 1838 1955 1892 idem
1994 1846 2078 1891 est

493 1948 578 1995 ac,
600 1932 808 1987 Gratias
832 1947 1005 2002 agam,
1030 1941 1085 1987 et
1106 1932 1417 2002 glorilicabo
1438 1948 1582 1999 eum,
1611 1933 1734 2002 quia
1755 1942 1809 1986 et
1829 1941 2076 2002 quartum

492 2026 621 2079 mihi
647 2025 841 2094 adjecit
870 2024 1058 2087 lilium,
1083 2034 1137 2077 et
1159 2032 1357 2078 tantam
1390 2022 1518 2078 mihi
1545 2022 1924 2079 abundantiam
1948 2037 2079 2077 con-

490 2118 651 2172 cessit
682 2135 695 2171 :
727 2126 781 2171 et
809 2132 929 2186 qua:
957 2115 1027 2169 ob
1051 2117 1292 2184 corporis
1319 2114 1711 2170 deformitatem
1738 2114 1807 2169 de
1829 2114 1926 2167 viri
1951 2128 2076 2183 erga

493 2227 578 2263 nte
618 2207 987 2263 benevolentia
1020 2206 1377 2276 periclitatum
1417 2222 1597 2272 eram,
1646 2220 1788 2260 nunc
1824 2220 2075 2275 procrea-

492 2303 638 2356 tioue
676 2301 902 2356 ﬁliorum
925 2315 953 2353 a
996 2301 1106 2355 Deo
1136 2298 1266 2354 mihi
1296 2298 1449 2363 data,
1496 2307 1551 2353 et
1574 2297 1822 2353 maeroris
1849 2312 2077 2352 excessu

491 2394 735 2447 discusso
758 2433 773 2458 ,
817 2405 937 2455 me,
966 2404 1085 2458 quae
1119 2389 1191 2443 ob
1215 2389 1611 2444 deformitatem
1649 2387 1773 2442 odio
1822 2387 2074 2453 habebar,

491 2484 795 2539 consolatus
815 2490 915 2543 est,
942 2480 1227 2548 odiumque
1248 2478 1516 2534 transtulit
1535 2480 1589 2532 in
1611 2493 1851 2532 sororem
1878 2493 2077 2533 meam.

496 2574 563 2630 Ut
598 2573 783 2643 poperit
804 2582 971 2625 autem
1007 2570 1200 2624 Judam
1225 2610 1240 2635 ,
1294 2571 1464 2639 inquit
1488 2611 1502 2634 ,
1543 2570 1751 2623 cessavit
1794 2586 1991 2641 parere.
2025 2570 2075 2623 l.

492 2666 617 2722 Cum
642 2675 810 2718 autem
838 2664 1037 2717 vidisset
1062 2661 1256 2717 Rachel
1281 2646 1519 2733 quianon
1546 2663 1819 2732 peperisset
1846 2661 2040 2716 Iacobo
2059 2703 2075 2728 ,

491 2759 728 2814 centuriata
751 2766 823 2811 est
856 2756 1001 2811 Liam
1034 2772 1257 2811 sororem
1283 2773 1427 2809 suam
1447 2797 1462 2820 ,
1505 2765 1552 2809 et
1573 2756 1701 2809 dixit
1735 2755 1928 2811 Jacobo
1948 2798 1963 2824 ,
1994 2756 2078 2811 Da

491 2850 615 2904 mihi
645 2848 778 2918 ﬁlios
799 2865 817 2902 :
847 2848 926 2903 sin
953 2849 1139 2913 minus,
1173 2848 1364 2901 moriar
1387 2864 1480 2918 ego
1518 2845 1670 2919 (Cap.
1699 2846 1811 2918 ‘50).
1836 2848 2076 2904 Incensi-

490 2941 673 2996 derata
699 2950 753 2996 et
776 2940 1053 2996 muliebris
1078 2949 1161 2994 est
1200 2939 1314 2994 haec
1338 2940 1524 3010 petitio
1552 2941 1850 3011 animmque
1876 2942 2080 3014 zeloty-

490 3035 575 3104 pia
608 3034 946 3102 impugnatze,
978 3030 1061 3085 Da
1082 3032 1206 3084 mihi
1232 3032 1384 3092 ﬁlios.
1412 3030 1528 3087 Non
1559 3032 1774 3097 audisti,
1808 3032 1947 3102 quod
1972 3050 2077 3089 non

491 3126 589 3179 viri
634 3124 947 3179 concubitus
988 3122 1067 3176 illi
1113 3131 1321 3191 partum
1348 3122 1652 3191 praebuerit,
1696 3123 1789 3177 sed
1823 3123 2078 3178 Dominus

493 3219 632 3273 Deus
657 3235 671 3271 :
698 3217 786 3286 qui
812 3214 878 3270 Ut
907 3215 1028 3267 vidit
1047 3254 1063 3280 ,
1090 3212 1295 3283 inquit,
1323 3213 1458 3284 quod
1485 3213 1601 3267 odio
1634 3213 1917 3277 haberetur,
1957 3230 2078 3283 ape-

490 3311 593 3365 ruit
638 3310 836 3362 imlvam
864 3309 974 3379 ejus
995 3306 1021 3359 ?
1057 3307 1235 3372 Quare
1280 3319 1313 3359 a
1360 3305 1473 3358 viro
1503 3305 1638 3373 petis
1665 3320 1726 3359 ea
1752 3320 1870 3374 quas
1918 3320 2080 3375 supra

494 3412 736 3458 naturam
766 3409 911 3466 sunt,
940 3408 994 3454 et
1021 3397 1208 3452 relicto
1246 3404 1449 3450 natura:
1498 3396 1724 3450 Domino
1768 3396 1942 3449 virum
1986 3411 2076 3449 ar-

492 3494 612 3564 guis
638 3533 654 3557 ,
684 3491 770 3560 qui
792 3489 858 3543 ad
892 3490 993 3543 hoc
1017 3486 1150 3542 nihil
1189 3486 1432 3542 conferre
1457 3486 1548 3540 tibi
1582 3486 1812 3555 poterit?
1841 3485 1923 3538 Da
1954 3486 2079 3540 mihi

493 3588 650 3656 ﬁlios:
682 3587 760 3639 sin
786 3585 974 3648 minus,
997 3581 1185 3634 moriar
1212 3597 1325 3651 ego.
1350 3578 1522 3635 Grave
1547 3579 1746 3633 malum
1768 3588 1852 3633 est
1877 3579 2078 3650 zeloty-

490 3680 600 3748 pia,
631 3687 684 3731 et
712 3675 910 3731 desiuit
939 3674 991 3729 in
1018 3673 1379 3743 insipientiam
1410 3687 1424 3725 :
1454 3672 1505 3726 id
1539 3671 1681 3740 quod
1716 3681 1771 3726 et
1803 3671 1925 3724 huic
1950 3687 2077 3725 eve-

490 3772 585 3827 nit.
618 3770 814 3825 Vidcus
833 3768 975 3823 enim
996 3769 1219 3822 chorum
1248 3767 1477 3820 filiorum
1508 3766 1730 3833 sororis,
1761 3776 1815 3820 et
1836 3766 2074 3836 cogitans

488 3879 643 3919 suam
685 3861 1028 3919 solitudinem
1051 3901 1067 3927 ,
1117 3874 1222 3917 non
1251 3858 1453 3914 ferebat
1491 3858 1630 3915 hanc
1654 3860 2030 3914 contumeliam
2055 3899 2075 3927 ,

488 3971 663 4024 neque
688 3954 963 4007 continere
992 3959 1203 4022 poterat
1228 3951 1606 4021 cogitationem
1630 3967 1751 4020 qua:
1795 3967 1854 4005 se
1893 3951 2075 4005 turba-

489 4050 611 4112 bat,
641 4047 734 4103 sed
774 4047 860 4099 illa
888 4045 1205 4116 insipientiaa
1243 4044 1397 4113 plena
1427 4044 1585 4098 verba
1612 4044 1964 4113 loquebatur:
1995 4044 2077 4099 Da

489 4140 615 4193 mihi
642 4139 774 4207 ﬁlios
805 4154 823 4191 :
850 4139 927 4192 sin
955 4137 1141 4202 minus,
1164 4135 1355 4188 moriar
1381 4150 1493 4205 ego.
1526 4135 1791 4189 Fortassis
1817 4135 1948 4190 vidit
1973 4136 2076 4192 viri

487 4247 613 4301 erga
643 4230 788 4284 illam
813 4243 1050 4283 amorem
1076 4267 1091 4293 ,
1138 4236 1192 4281 et
1215 4225 1434 4296 putabat
1458 4240 1521 4281 ea
1542 4225 1611 4280 de
1640 4241 1797 4281 causa
1824 4227 1970 4281 illam
2000 4236 2078 4282 tot

491 4323 632 4378 ﬁlios
658 4322 924 4387 habuisse,
956 4330 1010 4375 et
1037 4335 1097 4375 se
1136 4319 1373 4375 nondum
1391 4319 1665 4389 peperisse
1697 4338 1710 4372 :
1746 4320 1885 4375 unde
1906 4320 2072 4388 dicit,

490 4413 575 4467 Da
603 4413 726 4465 mihi
753 4413 907 4481 ﬁlios.
957 4410 1158 4466 Deinde
1186 4419 1386 4465 terrere
1429 4409 1615 4466 volens
1639 4410 1832 4477 virum,
1854 4411 2031 4465 subdit
2057 4428 2070 4465 :

492 4505 643 4571 Quod
668 4505 710 4558 si
738 4505 900 4557 minus
924 4544 939 4567 ,
989 4503 1179 4556 moriar
1202 4519 1311 4573 ego.
1359 4500 1494 4569 Quid
1521 4502 1678 4572 igitur
1705 4503 1821 4571 pius
1850 4512 1905 4557 et
1946 4504 2073 4559 t'eli-

487 4596 667 4667 giosus
694 4594 899 4650 Jacob?
926 4595 980 4648 2.
1014 4594 1313 4648 Succensuit
1332 4635 1345 4657 ,
1372 4594 1562 4664 inquit,
1592 4594 1659 4646 ad
1686 4593 1835 4649 verba
1862 4596 1999 4657 lucc.
2027 4605 2075 4650 et

487 4690 617 4744 dixit
645 4689 691 4742 ei
718 4703 737 4741 :
764 4685 1029 4755 Numquid
1051 4702 1141 4755 pro
1171 4684 1279 4739 Deo
1298 4702 1388 4755 ego
1408 4668 1519 4739 sum
1543 4726 1558 4752 ,
1584 4687 1671 4756 qui
1696 4687 1866 4756 fructu
1890 4688 2073 4741 ventris

487 4789 534 4833 te
556 4779 765 4850 privavit
783 4779 807 4832 ?
827 4778 1001 4845 Quare
1022 4776 1277 4831 derelicto
1302 4785 1503 4830 naturae
1532 4776 1755 4831 Domino
1776 4780 2071 4846 reprehen-

485 4875 692 4929 sionem
737 4870 867 4925 mihi
912 4869 1154 4924 inducis?
1185 4869 1278 4923 llle
1314 4878 1397 4923 est
1436 4869 1525 4938 qui
1553 4870 1777 4937 privavit
1825 4871 2071 4926 tefructu

485 4964 708 5019 ventris.
736 4963 912 5030 Quare
942 4977 1047 5015 non
1085 4960 1153 5015 ab
1179 4960 1269 5014 illo
1293 4961 1427 5030 petis
1448 5002 1463 5026 ,
1510 4961 1602 5030 qui
1648 4971 1823 5031 potest
1860 4962 2071 5031 aperire

486 5065 697 5111 natura:
720 5054 1008 5118 oflicinam,
1035 5062 1089 5105 et
1109 5050 1409 5106 fwcundam
1440 5050 1615 5106 facere
1635 5052 1885 5106 vulvam?
1916 5053 2072 5108 Disce

485 5150 645 5219 igitur
670 5148 818 5203 illum
846 5161 966 5201 esse
992 5147 1078 5215 qui
1108 5156 1159 5199 te
1189 5146 1412 5215 privavit
1440 5145 1615 5200 fructu
1639 5148 1841 5202 ventris
1866 5148 1971 5213 tui,
2016 5158 2071 5203 et

483 5243 656 5297 sorori
688 5251 792 5296 tuae
820 5248 1020 5295 tantam
1048 5239 1443 5294 facunditatem
1472 5241 1736 5311 prmstitit.
1759 5241 1835 5295 Ne
1860 5242 2017 5311 igitur
2038 5256 2069 5296 a

484 5349 571 5388 tne
598 5347 806 5403 quaeras
826 5347 944 5401 qua:
972 5330 1210 5399 praebere
1236 5346 1343 5385 non
1372 5346 1606 5398 possum,
1631 5342 1684 5386 et
1709 5346 1933 5401 quorum
1961 5348 2066 5386 non

481 5439 599 5478 sum
629 5424 893 5477 dominus.
926 5421 1057 5477 Nam
1092 5421 1139 5476 si
1167 5421 1268 5476 hoc
1294 5422 1348 5476 in
1377 5437 1464 5476 me
1509 5421 1727 5489 fuisset,
1769 5423 1987 5477 omnino
2015 5433 2070 5479 te

483 5516 651 5570 sorori
684 5516 1033 5584 prmtulissem
1059 5560 1072 5580 ,
1105 5514 1361 5583 majorem
1401 5530 1525 5585 erga
1564 5526 1613 5570 te
1642 5516 2065 5572 benevolentiam

481 5605 701 5663 habens.
755 5610 824 5662 At
862 5614 1073 5677 quando
1113 5608 1321 5662 etiamsi
1375 5609 1425 5663 in
1479 5610 1741 5664 inlinitum
1781 5613 1966 5681 majori
2016 5623 2066 5669 te

544 5797 618 5865 (α)
640 5806 669 5846 Α
689 5810 803 5849 voce
824 5807 1031 5859 namque
1048 5795 1191 5853 $1213
1207 5796 1405 5857 audivit,
1422 5796 1666 5848 derivatur
1685 5796 1831 5873 F21?
1847 5811 2061 5863 syiileon.

3663 368 3769 423 £92

2183 471 2506 539 complectar
2535 474 2903 532 benevolentia
2925 520 2941 545 ,
2989 478 3122 534 nihil
3166 480 3259 536 tibi
3286 482 3339 537 in
3372 483 3473 539 hoc
3513 486 3769 553 prodesse

2184 571 2372 631 potero
2396 606 2410 630 ,
2452 567 2519 620 ab
2549 568 2636 621 illo
2665 585 2845 637 quaere
2868 613 2883 637 ,
2925 572 3014 641 qui
3041 582 3097 627 et
3124 576 3460 631 sterilitatem
3494 577 3687 633 afferre
3712 590 3765 634 et

2183 654 2394 710 solvere
2416 668 2608 726 potest.
2636 660 2771 717 Vide
2790 662 2916 731 justi
2940 664 3294 734 prudentiam,
3318 669 3585 738 quomodo
3604 672 3761 726 etiam

2183 746 2253 799 ob
2283 747 2428 802 illius
2453 748 2591 804 dicta
2618 766 2956 819 succensens,
2992 770 3305 825 responsum
3338 759 3411 814 illi
3438 760 3529 814 dat
3550 762 3763 830 sapien-

2185 835 2404 893 tissimis
2431 842 2606 896 verbis
2633 858 2647 895 :
2676 842 2875 899 docens
2903 846 3186 917 diligenter
3214 851 3413 915 omnia,
3441 867 3766 924 causamque

2183 929 2552 997 manifestans,
2583 942 2767 988 utnon
2795 936 2983 992 relicto
3005 938 3231 995 Domino
3252 953 3455 1010 quaerat
3478 945 3546 998 ab
3568 945 3677 999 alio
3701 962 3764 1001 ea

2183 1033 2303 1088 quae
2332 1019 2421 1075 illc
2444 1022 2591 1076 solus
2628 1035 2879 1093 praesum
2906 1037 3098 1097 potest.
3142 1029 3307 1100 igitur
3336 1044 3393 1087 ut
3414 1034 3601 1090 didicit
3623 1038 3767 1105 quod

2183 1112 2378 1166 sterilis
2399 1112 2536 1169 facta
2560 1127 2703 1171 esset
2726 1132 2757 1171 a
2788 1118 2900 1174 Deo
2923 1162 2939 1185 ,
2984 1130 3040 1176 et
3080 1123 3267 1178 videns
3302 1141 3540 1182 sororem
3582 1131 3763 1185 liberis

2182 1199 2418 1269 ﬂorere,
2467 1207 2549 1261 vel
2593 1207 2862 1265 mediocre
2902 1212 3151 1269 solatium
3186 1217 3497 1286 requirens,
3547 1221 3678 1275 dicit
3700 1224 3768 1277 ad

2182 1291 2347 1348 Jacob
2377 1313 2389 1349 :
2421 1295 2681 1361 Quoniam
2711 1315 2852 1355 nunc
2876 1301 3103 1359 docuisti
3142 1320 3231 1360 me
3255 1322 3361 1361 non
3403 1309 3556 1379 culpa
3586 1321 3672 1364 tua
3702 1313 3766 1367 li-

2186 1383 2328 1438 beris
2357 1400 2576 1453 carere,
2609 1389 2795 1445 saltem
2827 1393 3071 1448 ancillam
3095 1412 3266 1451 meam
3290 1400 3491 1469 accipe,
3521 1401 3769 1472 ﬁliosque

2182 1492 2249 1531 ex
2275 1493 2336 1533 ea
2366 1495 2585 1548 procrea
2606 1521 2622 1545 ,
2670 1492 2725 1537 ut
2745 1499 2965 1552 parvum
3012 1487 3224 1557 aliquod
3249 1490 3495 1545 solatium
3526 1494 3770 1551 invenire

2183 1572 2403 1640 possim,
2427 1589 2488 1628 ea
2505 1576 2636 1629 mihi
2657 1577 2931 1633 vindicans
2952 1596 3072 1649 quas
3092 1582 3159 1635 ab
3180 1583 3267 1636 illa
3295 1597 3597 1641 nascentur.
3620 1590 3676 1642 4.
3703 1589 3769 1644 Et

2182 1663 2320 1717 dedit
2358 1666 2424 1732 ei,
2454 1665 2659 1736 inquit,
2695 1667 2899 1723 Batiam
2923 1672 3163 1726 ancillam
3188 1691 3332 1728 sitam
3361 1693 3569 1731 uxorem
3592 1695 3613 1733 :
3632 1681 3689 1735 5.
3726 1692 3771 1735 et

2182 1756 2385 1810 intravit
2413 1759 2481 1811 ad
2510 1776 2654 1827 eam;
2692 1771 2741 1815 et
2766 1766 3026 1835 concepit,
3069 1776 3116 1819 et
3146 1770 3336 1838 peperit
3356 1771 3519 1839 filium
3540 1772 3769 1840 Jacobo,

2183 1848 2235 1903 6.
2266 1858 2311 1903 et
2333 1850 2461 1904 dixit
2489 1850 2682 1907 Rachel
2707 1872 2725 1908 :
2744 1854 3005 1911 Judicaoit
3047 1860 3172 1912 mihi
3213 1860 3352 1915 Deus
3373 1904 3389 1930 ,
3431 1874 3480 1917 et
3512 1868 3771 1920 exaudivit

2180 1957 2352 1996 vocem
2375 1961 2560 2011 meant,
2590 1948 2826 2018 deditque
2846 1952 2971 2007 mihi
2996 1952 3183 2021 ﬁlium.
3218 1954 3437 2026 Propter
3465 1960 3557 2013 hoc
3577 1965 3772 2014 vocarit

2182 2050 2366 2089 nomen
2389 2038 2498 2108 ejus
2520 2038 2639 2093 Dan
2673 2041 2773 2113 (a).
2814 2042 3009 2097 Habuit
3032 2045 3212 2115 aliquo
3231 2048 3390 2103 modo
3411 2053 3648 2118 pariente
3675 2068 3769 2106 an-

2181 2131 2302 2186 cilla
2343 2133 2427 2187 vel
2473 2135 2689 2191 brevem
2734 2140 3203 2197 consolationem:
3247 2145 3368 2201 ideo
3414 2148 3526 2217 ipsa
3571 2164 3770 2205 nomen

2183 2241 2351 2295 puero
2381 2230 2641 2299 imponit,
2667 2235 2971 2305 gratiasque
3012 2238 3121 2306 agit
3155 2238 3378 2294 Domino
3413 2257 3519 2311 pro
3539 2252 3683 2297 nato.
3715 2246 3765 2297 7.

2182 2316 2250 2371 Et
2278 2322 2526 2389 concepit,
2548 2323 2736 2392 inquit,
2760 2325 2938 2379 iterum
2967 2326 3117 2381 Bulla
3137 2370 3153 2394 ,
3188 2340 3235 2383 et
3263 2306 3452 2400 peperit
3474 2306 3638 2401 filium
3660 2353 3680 2401 ;
3708 2338 3762 2390 8.

2182 2421 2229 2463 et
2257 2410 2385 2465 dixit
2416 2413 2609 2468 Rachel
2636 2431 2654 2469 :
2682 2416 2888 2487 Adjuvit
2914 2435 2992 2472 me
3026 2418 3165 2474 Deus
3183 2462 3198 2483 ,
3248 2434 3294 2476 et
3330 2437 3629 2479 conuersata
3656 2445 3767 2480 sum

2182 2518 2297 2555 cum
2326 2521 2496 2557 sorore
2520 2523 2649 2572 mea,
2676 2516 2722 2561 et
2749 2508 2961 2564 invalui.
3003 2510 3070 2563 Et
3104 2514 3296 2567 vocavit
3325 2532 3506 2569 nomen
3526 2519 3634 2588 ejus
3662 2519 3768 2572 Ne-

2183 2594 2453 2662 phlhah‘m.
2493 2595 2562 2651 Et
2602 2597 2785 2653 didicit
2818 2611 3001 2671 postea
3032 2588 3321 2659 manifeste
3354 2622 3452 2674 per
3484 2610 3768 2677 ancillam,

2181 2685 2436 2741 Jacobqu
2478 2704 2584 2742 non
2626 2690 2680 2743 in
2720 2705 2882 2745 causa
2921 2691 3085 2748 fuisse
3114 2710 3279 2764 quare
3317 2696 3500 2752 liberis
3539 2711 3764 2755 careret.

2183 2775 2310 2831 Ideo
2338 2786 2493 2833 natos
2511 2781 2662 2849 quasi
2689 2796 2815 2835 suos
2852 2782 2993 2838 ﬁlios
3017 2784 3299 2852 educavit,
3348 2796 3404 2843 et
3446 2791 3659 2843 nomina
3690 2793 3768 2845 eis

2188 2868 2461 2938 imposuit,
2496 2874 2781 2926 maximam
2812 2874 2936 2930 inde
2961 2877 3061 2931 sibi
3084 2877 3182 2946 ipsi
3208 2881 3626 2937 consolatioaem
3650 2900 3769 2939 esse

2184 2968 2319 3013 rata.
2344 2959 2399 3012 9.
2428 2960 2494 3014 Ut
2519 2972 2685 3016 autem
2708 2965 2829 3017 vidit
2851 2966 2945 3017 Lia
2968 2970 3103 3034 quod
3121 2980 3359 3024 cessasset
3381 2988 3577 3041 parere,
3601 2983 3643 3027 et
3658 2975 3769 3043 ipsa

2183 3051 2424 3105 ancillam
2471 3069 2616 3106 suam
2661 3054 2910 3126 Zelpham
2947 3060 3084 3111 dedit
3109 3058 3300 3115 Iacobo
3329 3078 3534 3116 umorem
3557 3081 3577 3118 :
3606 3068 3687 3120 l0.
3724 3077 3770 3119 et

2182 3143 2445 3211 concepit,
2473 3153 2522 3197 et
2552 3150 2771 3217 peperit,
2806 3148 2892 3202 11.
2922 3148 2990 3202 Ει
3017 3150 3142 3204 dixit
3165 3152 3261 3205 Lia
3288 3170 3306 3206 :
3340 3153 3625 3209 Fortunata
3652 3159 3730 3227 fui
3751 3200 3768 3223 ,

2184 3232 2285 3286 hoc
2311 3243 2429 3298 est,
2498 3235 2614 3291 Voti
2656 3253 2878 3308 compos
2904 3242 3038 3295 facta
3077 3258 3218 3296 sum.
3266 3244 3329 3296 Et
3356 3250 3547 3300 vocavit
3590 3266 3771 3303 nomen

2183 3326 2293 3395 ejus
2337 3325 2469 3380 Cad.
2518 3328 2585 3383 Et
2612 3332 2861 3399 quoniam
2905 3335 3079 3403 reipsa
3120 3336 3301 3390 evenit
3335 3339 3475 3407 quod
3517 3342 3767 3408 optabat,

2182 3416 2387 3471 vocavit
2431 3432 2625 3473 nomen
2660 3420 2775 3490 ejus
2812 3422 2947 3477 Gad.
2982 3424 3068 3477 12.
3123 3424 3188 3477 Et
3222 3430 3449 3497 concepit
3490 3432 3693 3498 adhuc,
3725 3446 3773 3488 et

2184 3511 2376 3577 peperit
2417 3509 2577 3564 alium
2608 3515 2743 3568 :15.
2798 3505 3023 3585 dixitque
3067 3515 3165 3571 Lia
3212 3535 3231 3573 :
3272 3519 3430 3575 Beata
3471 3540 3565 3594 ego
3591 3566 3607 3589 ,
3652 3529 3773 3595 quia

2181 3598 2376 3653 beatam
2402 3618 2480 3655 me
2499 3602 2665 3657 dicent
2690 3606 2923 3662 mulieres
2951 3625 2969 3661 :
2995 3619 3043 3662 et
3063 3613 3255 3665 vocavit
3282 3630 3461 3668 nomen
3488 3617 3597 3684 ejus
3623 3618 3766 3671 Aser.

2253 3694 2307 3749 5.
2351 3694 2539 3748 Vidisti
2571 3698 2841 3765 quomodo
2865 3708 2920 3753 et
2941 3700 3057 3755 haec
3085 3714 3239 3757 natos
3263 3719 3330 3759 ex
3363 3707 3554 3760 ancilla
3583 3718 3639 3761 ut
3668 3710 3770 3763 sibi

2182 3789 2427 3858 proprios
2448 3789 2687 3855 haberet,
2718 3800 2771 3844 et
2798 3791 3005 3846 beatam
3038 3808 3095 3847 se
3123 3809 3243 3849 esse
3267 3795 3429 3860 dicat,
3457 3806 3513 3851 et
3538 3800 3769 3853 beatitu-

2181 3882 2305 3935 dine
2328 3880 2538 3951 dignam
2570 3885 2639 3936 ob
2667 3886 3087 3952 procreationem
3129 3885 3376 3942 ﬁliorum.
3412 3888 3519 3944 Sed
3561 3892 3684 3947 vide
3707 3909 3770 3947 ea

2181 3988 2392 4042 quoque
2411 3988 2528 4043 quae
2554 3985 2673 4043 post
2702 3974 2815 4029 hare
2844 3985 2990 4045 gesta
3021 3987 3165 4044 sunt,
3191 3990 3245 4032 ut
3273 3979 3449 4036 discas
3497 3985 3775 4051 quomodo

2181 4067 2456 4137 zelotypize
2482 4068 2691 4122 affectio
2718 4068 2820 4123 huc
2840 4080 2895 4123 et
2922 4069 3045 4124 illuc
3071 4074 3343 4135 transibat,
3378 4082 3433 4127 et
3462 4091 3602 4128 nunc
3630 4075 3766 4140 iure,

2181 4172 2323 4211 nunc
2364 4158 2449 4212 illa
2486 4159 2909 4229 iinpugnabatur.
2936 4162 3021 4215 M.
3052 4160 3120 4214 Et
3146 4164 3254 4227 ivit,
3289 4164 3475 4233 inquit,
3510 4166 3687 4219 Ruben
3717 4169 3770 4221 in

2181 4251 2355 4304 diebus
2379 4252 2553 4305 messis
2584 4253 2814 4316 triticea},
2847 4265 2893 4307 et
2921 4255 3104 4307 invenlt
3141 4257 3279 4309 mala
3308 4258 3769 4327 mandragorarum

2179 4342 2233 4394 in
2260 4360 2405 4413 agro,
2433 4354 2481 4397 et
2510 4344 2675 4397 attulit
2700 4362 2761 4398 ea
2786 4347 2937 4399 matri
2961 4363 3088 4400 suae.
3121 4348 3357 4417 Dixitque
3384 4350 3575 4403 Rachel
3614 4350 3725 4404 Liu:
3750 4368 3771 4404 :

2180 4436 2263 4489 Da
2294 4437 2417 4489 mihi
2443 4436 2505 4489 de.
2528 4438 2879 4508 mandragoris
2905 4441 3000 4508 ﬁlii
3027 4442 3120 4493 tui.
3146 4442 3230 4495 l5.
3258 4440 3404 4494 Dixit
3430 4454 3602 4496 autem
3632 4443 3727 4496 Liu
3753 4462 3769 4498 :

2182 4532 2302 4586 Non
2328 4534 2449 4585 satis
2473 4531 2559 4584 tibi
2579 4533 2713 4602 quod
2736 4534 2969 4602 accepisti
3000 4535 3163 4586 virum
3184 4536 3392 4588 meum?
3420 4552 3539 4587 num
3560 4546 3607 4588 et
3630 4552 3767 4588 nian-

2178 4628 2422 4696 dragoras
2450 4625 2546 4692 ﬁlii
2576 4628 2671 4678 mei
2700 4626 2952 4694 accipies?
2996 4625 3155 4679 Vides
3194 4626 3461 4694 quomOdo
3490 4627 3765 4695 (egritudi-

2180 4733 2302 4771 nem
2348 4718 2508 4770 animi
2538 4717 2714 4771 verbis
2740 4716 3073 4771 manifestam
3125 4716 3283 4771 facit?
3323 4716 3445 4771 Non
3487 4719 3609 4771 satis
3652 4719 3765 4783 tibi,

2179 4810 2366 4878 inquit,
2399 4809 2533 4878 quod
2551 4811 2787 4879 accepisti
2812 4811 2975 4863 virum
3001 4811 3204 4864 meum?
3233 4827 3353 4863 num
3376 4820 3422 4863 et
3452 4811 3761 4879 ntandrago-

2177 4918 2263 4954 ras
2296 4902 2389 4970 lilii
2416 4903 2511 4954 mei
2536 4902 2793 4970 accipies?
2825 4901 2968 4955 Dixit
3014 4911 3184 4954 autem
3234 4901 3429 4955 Rachel
3454 4918 3472 4955 :
3500 4900 3622 4955 Non
3648 4904 3720 4955 sic
3742 4916 3763 4955 :

2178 4994 2396 5045 dormiat
2423 5004 2588 5047 tecum
2618 5005 2760 5048 nocte
2788 4993 2882 5047 hac
2912 5011 3003 5064 pro
3032 4994 3384 5064 mandragoris
3424 4995 3517 5063 ﬁlii
3561 5008 3656 5047 tui.
3688 4994 3759 5047 Da

2177 5086 2306 5139 mihi
2322 5086 2389 5139 de
2405 5086 2790 5154 mandragoris,
2814 5097 2863 5141 et
2882 5088 3063 5156 accipe
3085 5087 3243 5141 hodie
3266 5097 3442 5142 tecum
3469 5088 3640 5141 virum
3663 5087 3757 5159 (ὁ).

2181 5178 2310 5233 Vide
2338 5178 2604 5248 quomodo
2629 5178 2910 5232 exhibetur
2923 5178 3132 5233 aﬂectui
3158 5179 3402 5233 Rachelis
3428 5179 3648 5233 omnino
3668 5180 3760 5234 de~

2175 5270 2337 5323 ditus.
2370 5271 2503 5325 Natu
2532 5273 2576 5326 si
2609 5279 2754 5325 tanto
2774 5270 2941 5326 choro
2969 5272 3197 5325 filiorum
3227 5271 3336 5326 Lite
3366 5282 3512 5336 nato,
3543 5275 3640 5326 fuit
3662 5274 3757 5327 ad-

2237 5464 2308 5556 (a)
2343 5494 2579 5544 llehraice
2722 5496 2864 5546 Radix
2901 5505 2977 5546 est
3000 5494 3366 5576 mJudicavit.
3413 5498 3531 5547 llinc
3579 5510 3761 5547 nonieu

2173 5599 2328 5648 puero
2349 5587 2528 5647 datum,
2550 5596 2603 5638 ut
2626 5590 2675 5636 iu
2700 5596 2841 5637 textu
2861 5589 3055 5638 dicitur.

2236 5671 2308 5733 (b)
2342 5674 2637 5721 Existimavit
2660 5681 2802 5721 vetus
2838 5680 3082 5734 lnterpres
3115 5674 3220 5723 haec
3246 5676 3394 5725 verba
3416 5688 3481 5725 ex
3507 5684 3649 5724 textu
3684 5676 3763 5725 bi-

2172 5732 2297 5783 blico
2322 5746 2451 5784 esse.
2490 5735 2583 5784 Sed
2619 5743 2733 5785 sunt
2767 5748 2799 5784 a
3196 5737 3384 5799 adjecta
3424 5737 3765 5801 explicationis

2172 5807 2334 5848 causa.
