4038 6358
469 369 572 424 495

469 501 559 539 τικ
573 482 762 550 εούσης
779 480 875 550 τῆς
897 476 1079 542 Λείας,
1103 480 1182 532 ἔτι
1203 479 1339 549 πρὸς
1360 479 1458 548 τὴν
1488 477 1689 548 Ῥαχὴλ
1709 473 1777 547 ἦν
1801 475 2056 547 προσκεί-

475 585 634 637 μενος
654 568 716 635 τῇ
738 564 940 634 εὐνοίᾳ,
963 565 1011 615 εί
1035 564 1108 633 μὴ
1133 561 1294 615 τοῦτο
1313 565 1574 629 ἐγεγόνει,
1598 560 1712 623 πῶς
1731 560 1796 612 ἂν
1817 559 2059 624 ἐνεγκεῖν

471 655 506 722 ἠ
531 651 660 704 Λεία
681 648 915 719 ἠδυνήθη
939 646 1031 718 τὴν
1056 647 1192 716 μετά
1211 645 1308 714 τῆς
1329 644 1566 713 ἀδελφῆς
1587 642 1897 712 συνοίκησιν
1919 657 1932 704 ;
1973 641 2060 703 Ὡς

472 734 582 805 γὰρ
604 731 852 796 ἐξουσίαν
873 730 1092 784 ἃπασαν
1116 730 1311 799 ἔχουσα
1332 728 1426 781 τοῦ
1465 726 1680 798 ἀνδρὸς,
1700 725 1844 779 οῦτω
1878 723 2063 795 προτε-

471 837 564 871 ται
593 817 701 868 τῶν
738 814 1127 886 μανδραγορῶν
1157 813 1247 869 τὸν
1283 812 1514 882 άνδραα,
1544 810 1637 862 καί
1659 823 1819 879 φησι·
1845 810 2064 874 Κοιμη-

475 902 635 970 θήτω
670 900 937 967 σήμερον
967 898 1117 966 μετὰ
1154 897 1269 950 σοῦ
1307 896 1442 950 ἀντὶ
1477 893 1596 948 τῶν
1610 889 2058 963 μανδραγορὼν.

475 986 590 1056 Πλὴ
601 985 771 1056 ρωσόν
795 1001 917 1054 μου,
941 984 1075 1052 φησὶ
1090 1023 1104 1046 ,
1128 982 1226 1052 τὴν
1247 980 1540 1050 ἐπιθυμίαν
1559 977 1656 1048 τὴν
1678 978 1770 1029 ἐπὶ
1789 978 1902 1038 τοῖς
1926 991 2060 1044 μαν-

474 1069 788 1140 δραγόραις,
808 1068 903 1119 καὶ
937 1067 1092 1137 δέχου
1129 1065 1220 1117 τὸν
1257 1063 1443 1135 ἄνδρα.
1469 1060 1964 1140 Παραγενομένου
1996 1057 2065 1110 δὲ

475 1137 587 1206 τοῦ
611 1137 828 1213 Ἰακὼϐ,
848 1149 1184 1215 ἐξελθοῦσα
1203 1151 1290 1214 είς
1309 1147 1689 1213 συνάντησιν
1704 1145 1739 1212 ἡ
1754 1143 1895 1197 Λεία
1912 1137 2061 1195 εἷπε*

477 1237 638 1306 Πρὸς
656 1236 760 1306 ἐμὲ
780 1236 1101 1302 είσελεύσῃ
1122 1232 1420 1300 σήμερον-ο
1450 1230 1823 1300 μεμίσθωμαι
1853 1226 1964 1296 γάρ
1992 1240 2066 1279 σε

478 1320 748 1389 σήμερον
773 1319 907 1374 ἀντὶ
941 1317 1061 1370 τῶν
1074 1313 1501 1384 μανδραγορῶν
1520 1313 1625 1367 τοῦ
1645 1312 1780 1366 υἱοῦ
1795 1328 1934 1378 μου.
1957 1309 2067 1364 Kal

477 1402 959 1473 ἐκοιμήθη,¹φησὶ,
972 1401 1122 1470 μετὰ
1141 1397 1332 1467 αὐτῆς
1350 1399 1463 1465 τὴν
1480 1397 1669 1450 νύκτα
1683 1394 1941 1461 ἐκείνην.
1957 1392 2067 1446 Καὶ

478 1487 826 1552 ἐπήκουσεν
862 1488 894 1538 ὀ
934 1483 1078 1549 Θεὸς
1115 1483 1316 1546 Λείας.
1338 1480 1436 1533 καὶ
1459 1477 1861 1533 συλλαϐοῦσα
1900 1475 2068 1528 ἔτεκε

479 1570 588 1622 τὸν
605 1569 876 1638 πέμπτον
895 1568 1045 1620 υἱόν.
1061 1566 1170 1620 Kal
1189 1560 1316 1618 εἷπε
1335 1564 1480 1617 Λεία
1497 1560 1746 1616 ’Ἔδωκε
1759 1576 1860 1628 μοι
1876 1561 1907 1612 ὀ
1925 1559 2070 1623 Θεὸς

481 1653 590 1706 τὸν
602 1653 823 1721 μισθόν
845 1669 986 1720 μου,
1008 1650 1136 1704 ἀνθ’
1157 1644 1229 1704 οὗ
1259 1647 1452 1700 ἔδωκα
1474 1645 1586 1713 τὴν
1604 1644 1935 1709 παιδίσκην
1950 1659 2070 1710 μου

481 1735 563 1799 τῷ
597 1735 771 1802 ἀνδρί
801 1753 940 1802 μου.
965 1733 1073 1786 Καὶ
1110 1731 1368 1785 ἐκάλεσε
1398 1730 1465 1782 τὸ
1499 1730 1686 1798 ὄνομα
1703 1725 1892 1782 αὐτοῦ
1924 1727 2074 1790 Ἰσα-

483 1820 618 1889 χὰρ,
643 1819 676 1870 ὅ
712 1819 841 1870 ἐστι
873 1817 1110 1884 μισθός.
1131 1814 1485 1879 Ἐ’πήκουσε,
1509 1813 1748 1883 φησὶν,ὀ
1783 1809 1924 1874 Θεὸς
1965 1807 2074 1876 τῆς

483 1905 682 1970 Λείας.
711 1901 927 1971 Ἐπειδὴ
951 1898 1098 1971 ἐώρα
1119 1899 1425 1952 κατώδυνον
1446 1898 1614 1969 αὑτὴν
1633 1891 1798 1949 οὖσαν
1820 1896 1913 1948 καὶ
1933 1911 2072 1961 παρ-

484 1988 964 2058 ευδοκιμουμένην,
987 1986 1290 2053 ἐπήκουσεν
1327 1983 1494 2052 αὐτῆς
1535 1983 1564 2034 6
1600 1981 1753 2044 Θεὸς,
1786 1979 1881 2032 καὶ
1919 1978 2072 2031 ἔτεκε

484 2073 578 2125 καὶ
601 2067 770 2124 εἶπεν·
792 2069 1165 2139 Ἐκομισάμην
1190 2067 1377 2137 μισθὸν
1399 2067 1538 2134 ὑπὲρ
1553 2058 1628 2118 ὧν
1649 2063 1826 2116 ἔδωκα
1839 2061 1937 2133 τὴν
1957 2079 2074 2114 παι-

486 2156 677 2223 δίσκην
719 2170 840 2222 μου.
865 2153 962 2204 Διὰ
1004 2151 1156 2204 τοῦτο
1195 2150 1452 2203 ἐκάλεσεν
1488 2147 1652 2201 αὑτὸν
1684 2146 1922 2216 Ἰσαχάρ.
1963 2144 2074 2199 Kal

486 2237 828 2293 συνέλαϐεν
863 2237 980 2298 ἔτι,
1020 2235 1118 2288 καί
1156 2235 1361 2288 ἔτεκεν
1395 2232 1531 2285 υἱὸν
1565 2231 1761 2284 ἕκτον.
1801 2229 1908 2283 Kal
1944 2225 2075 2283 εἷπε

489 2322 634 2376 Λεία
651 2337 663 2350 ·
705 2319 1034 2387 Δεδώρηταί
1064 2335 1166 2386 μοι
1205 2320 1238 2371 o’
1270 2319 1414 2382 Θεὸς
1434 2314 1626 2382 δῶρον
1646 2314 1854 2367 καλόν.
1874 2314 1976 2366 Ἐν
1997 2313 2076 2377 τῷ

490 2403 608 2456 νῦν
626 2401 808 2469 καιρῷ
827 2400 1066 2468 αἰρετιεῖ
1073 2417 1151 2468 με
1171 2403 1204 2454 ό
1222 2399 1377 2467 ἀνήρ
1392 2415 1539 2467 μου·
1559 2397 1770 2450 τέτοκα
1788 2397 1896 2464 γὰρ
1915 2395 2076 2460 αὐτῷ

492 2487 662 2552 υἱοὺς
694 2486 783 2550 ἐξ.
805 2485 914 2539 Kal
947 2483 1205 2537 ἐκάλεσε
1233 2482 1299 2535 τὸ
1320 2483 1509 2550 ὄνομα
1528 2479 1714 2533 αὐτοῦ
1734 2476 2072 2532 Ζαϐουλὼν.

492 2569 717 2632 Λοιπὸν,
758 2569 942 2637 φησὶν,
983 2566 1281 2637 ἐπέραστος
1319 2565 1512 2633 ἔσομαι
1550 2561 1706 2630 κάγὼ
1743 2561 1895 2632 ἀνδρί
1937 2575 2073 2632 μου’

493 2656 680 2707 ἔτεκον
699 2652 807 2722 γὰρ
829 2652 885 2718 ἐξ
907 2651 1072 2712 υἱούς.
1097 2649 1194 2702 Διά
1212 2648 1369 2702 τοῦτο
1389 2647 1614 2700 ἐκάλεσε
1632 2646 1692 2699 τὸ
1711 2646 1878 2716 ὄνομα
1911 2642 2076 2699 αὑτοῦ

494 2736 1020 2792 Ζαϐουλὼν.”Ετεκε
1047 2733 1114 2787 δὲ
1143 2733 1242 2786 καί
1277 2729 1590 2800 θυγατέρα,
1613 2731 1709 2782 καὶ
1731 2731 1990 2783 ἐκάλεσε
2011 2728 2078 2780 τὸ

496 2821 684 2885 ὄνομα
705 2818 892 2886 αὐτῆς
911 2818 1102 2872 Δεῖνα.
1120 2815 1424 2885 Ἐμνήσθη
1445 2814 1512 2866 δὲ
1539 2815 1572 2866 ὀ
1608 2812 1769 2878 Θεὸς.
1795 2813 1948 2883 φησὶ,
1971 2811 2081 2880 τῆς

508 2903 756 2974 Ῥαχὴλ,
778 2903 876 2955 καὶ
910 2900 1257 2966 ἐπήκουσεν
1276 2897 1484 2964 αὐτῆς,
1510 2897 1605 2950 καὶ
1626 2896 1871 2964 ἤνοιξεν
1890 2896 2082 2963 αὐτῆς

495 2988 610 3056 τὴν
647 2987 898 3056 μήτραν.
934 2984 1041 3039 Καὶ
1077 2982 1396 3043 συνέλαϐε,
1433 2981 1531 3033 καὶ
1567 2980 1733 3034 ἔτεκε
1766 2979 1846 3045 τῷ
1877 2980 2086 3034 Ἰακὼϐ

496 3076 649 3128 υἱόν.
677 3073 821 3126 Εἷπε
839 3067 906 3121 δὲ
938 3067 1164 3134 Ῥαχὴλ
1184 3085 1198 3098 ο
1235 3065 1459 3134 Ἀρεῖλέ
1490 3083 1608 3134 μου
1631 3067 1662 3118 ὀ
1683 3063 1827 3130 Θεὸς
1846 3063 1911 3118 τὸ
1934 3063 2084 3117 ὄνει-

498 3154 622 3218 δος.
649 3151 755 3204 Kal
778 3149 1037 3203 ἐκάλεσε
1075 3151 1143 3204 τὸ
1177 3151 1362 3218 ὄνομα
1394 3148 1580 3202 αὐτοῦ
1613 3148 1844 3215 Ἰωσὴφ,
1867 3146 2082 3217 λέγου-

499 3250 582 3288 σα
597 3251 609 3263 ·
633 3231 960 3300 Προσέθετό
975 3248 1073 3300 μοι
1096 3235 1128 3285 ό
1150 3231 1294 3297 Θεὸς
1313 3230 1448 3284 υἱὸν
1465 3231 1686 3298 ἕτερον.
1707 3229 1930 3298 Ἀἱρεῖλέ
1939 3249 2082 3298 μου,

502 3318 687 3387 φησὶν.
708 3319 739 3369 ό
770 3315 913 3380 Θεὸς
933 3314 998 3368 τὸ
1022 3314 1251 3380 ὄνειδος
1267 3329 1280 3343 '
1308 3314 1464 3367 ἔλυσε
1484 3315 1580 3384 τὴν
1603 3313 1906 3384 στείρωσιν,
1933 3312 2083 3384 [547]

502 3400 840 3472 κατηλλάγη,
863 3400 956 3452 καὶ
975 3400 1215 3470 διήγειρέ
1237 3416 1337 3470 μου
1358 3401 1494 3470 πρὸς
1515 3398 1855 3452 παιδοποιίαν
1869 3399 1965 3468 τὴν
1989 3399 2087 3468 μή·

503 3502 658 3554 τραν,
679 3485 773 3537 καὶ
791 3481 1131 3552 ἡλευθέρωσέ
1155 3499 1221 3552 με
1242 3479 1334 3534 τοῦ
1355 3480 1680 3552 όνειδισμοῦ.
1700 3481 1810 3534 Καὶ
1830 3479 2085 3533 ἐκάλεσε

503 3570 571 3623 τὸ
601 3570 789 3638 ὄνομα
824 3565 1008 3619 αὑτοῦ
1048 3567 1288 3633 Ἰωσηφ,
1311 3565 1609 3634 λέγουσαο
1635 3564 1969 3631 Προσέθετό
1983 3582 2086 3632 μοι

505 3655 540 3706 ό
582 3653 726 3715 Θεὺς
764 3651 901 3703 υίόν
937 3648 1160 3716 ἕτερον.
1179 3647 1341 3718 Ὁρᾷς
1373 3648 1490 3710 πῶς
1509 3649 1564 3701 αί
1586 3646 1679 3699 τοῦ
1701 3646 1836 3699 Θεοῦ
1859 3645 2088 3718 ὑποσχέ-

509 3766 622 3812 σεις
654 3746 794 3801 κατά
831 3747 1025 3817 μικρὸν
1046 3745 1122 3807 εἰς
1145 3743 1302 3814 ἔργον
1323 3741 1548 3813 ἐξῄεσαν
1568 3761 1582 3809 ;
1617 3744 1748 3796 Ἰδοὺ
1769 3742 1875 3814 γὰρ
1895 3742 2088 3813 ἀθρόον

509 3844 690 3898 πόσων
726 3843 931 3896 παίδων
968 3841 1128 3912 χορὸν
1164 3841 1192 3892 6
1228 3840 1432 3902 δίκαιος
1472 3838 1596 3909 ἔσχε
1616 3839 1702 3892 διὰ
1723 3841 1820 3909 τὴν
1839 3839 1932 3892 τοῦ
1954 3839 2088 3892 Θεοῦ

512 3929 639 3996 περὶ
675 3926 836 3979 αὑτὸν
875 3925 1150 3996 πρόνοιαν.
1169 3924 1388 3994 Ἐπειδὴ
1408 3923 1516 3994 γὰρ
1536 3923 1733 3992 πολλὴν
1753 3923 1850 3994 τὴν
1883 3924 2090 3993 ὑπομο-

510 4022 608 4092 νὴν
648 4016 959 4083 ἐπεδείξατο
994 4019 1053 4070 ἐν
1090 4015 1515 4086 δεκατέσσαρσιν
1553 4013 1699 4067 ἔτεσι
1734 4014 1830 4086 τὴν
1851 4014 2090 4068 δουλείαν

513 4109 910 4179 ἀσπαζόμενος,
931 4107 1018 4161 διὰ
1036 4107 1194 4159 τοῦτο
1213 4107 1307 4158 καὶ
1327 4106 1356 4157 6
1375 4105 1480 4158 τῶν
1501 4105 1636 4158 ὅλων
1656 4105 1786 4168 Θεὸς
1806 4105 2093 4176 ἀμειϐόμε-

515 4219 604 4266 νος
622 4202 716 4255 τοῦ
736 4199 941 4253 δικαίου
977 4199 1036 4251 τὸ
1073 4197 1338 4267 φιλόθεον,
1361 4197 1440 4258 εἰς
1469 4195 1722 4248 τοσοῦτον
1744 4197 1905 4248 αὑτὸν
1925 4195 2093 4267 αὑξη-

516 4285 674 4355 θῆναι
714 4282 1142 4356 παρεσκεύασεν,
1166 4281 1241 4344 ὠς
1279 4280 1566 4346 ἐπίφθονον
1601 4279 1852 4348 γενέσθαι
1887 4279 2092 4343 λοιπὸν,

516 4375 592 4436 ὠς
610 4376 674 4427 ἐκ
692 4373 798 4425 τῶν
820 4373 946 4442 ἐξῆς
971 4369 1348 4442 μαθησόμεθα,
1362 4363 1441 4431 οἷς
1455 4367 1754 4438 ἐϐουλόμην
1767 4368 2094 4435 ἐπεξελθεῖν.

593 4465 669 4530 ς’.
688 4463 823 4517 Ἀλλ’
848 4463 935 4516 ἵνα
968 4461 1041 4532 μὴ
1069 4463 1147 4524 εἰς
1171 4459 1306 4513 πολὺ
1325 4455 1330 4460 ’
1339 4459 1510 4529 μῆκος
1539 4458 1628 4510 τὸν
1656 4459 1813 4525 λόγον
1838 4460 2098 4514 ἐκτείνον-

519 4565 610 4613 τες
632 4545 982 4618 παρενοχλεῖν
1009 4543 1250 4614 δόξωμεν
1271 4545 1335 4613 τῇ
1360 4540 1602 4612 ὑμετέρᾳ
1621 4542 1828 4612 ἀγάπῃ,
1853 4544 1901 4595 εί
1927 4542 2092 4608 δοκεῖ,

521 4631 591 4686 τὰ
627 4630 921 4700 λειπόμενα
946 4630 1024 4691 είς
1050 4626 1147 4698 τὴν
1188 4626 1314 4696 ἐξῆς
1341 4625 1793 4694 ταμιευσάμενοι,
1820 4625 1911 4677 τὸν
1941 4626 2100 4695 λόγον

523 4713 757 4770 ἐνταῦθα
797 4711 1254 4780 καταπαύσωμεν,
1286 4711 1462 4761 ἐκεῖνο
1495 4707 1922 4778 παραινέσαντες
1947 4710 2102 4780 ὑμῶν

523 4802 589 4870 τῇ
624 4797 844 4868 ἀγάπῃ,
892 4793 1201 4867 μεμνῆσθαι
1240 4791 1348 4845 τῶν
1382 4791 1711 4862 εἰρημένων,
1745 4789 1942 4861 ζηλοῦν
1994 4793 2102 4846 τῶν

527 4880 773 4935 παλαιῶν
809 4877 907 4950 τὴν
933 4877 1155 4949 ἀρετὴν,
1183 4874 1324 4928 οὕτω
1356 4875 1480 4934 τοὺς
1502 4874 1697 4937 παῖδας
1726 4875 1934 4928 ἐαυτῶν
1959 4876 2105 4930 ἐκδι-

524 4965 692 5027 δόναι,
716 4961 859 5016 οὕτω
876 4961 974 5024 τὰς
997 4959 1300 5029 θυγατέρας
1317 4959 1432 5020 τοῖς
1457 4957 1708 5026 νυμφίοις
1730 4957 2102 5028 παραδιδόναι,

526 5047 670 5103 οὓτω
694 5045 781 5098 διὰ
808 5045 904 5116 τῆς
928 5043 1135 5105 οἰκείας
1159 5041 1359 5110 ἀρετῆς
1394 5040 1494 5111 τὴν
1529 5040 1677 5109 παρά
1708 5040 1800 5094 τοῦ
1841 5042 1975 5094 Θεοῦ
2017 5043 2108 5096 εῦ-

529 5150 675 5188 νοιαν
700 5127 1126 5185 ἐπισπάσασθαι.
1157 5126 1326 5180 Ὅταν
1355 5126 1461 5194 γὰρ
1488 5127 1694 5187 ἐκεῖνος
1717 5128 1848 5195 ἡμῖν
1873 5128 2106 5198 εὐμενὴς

528 5212 586 5291 ᾗ,
611 5213 712 5268 κᾶν
739 5211 825 5266 ἐπ’
849 5210 1133 5280 ἀλλοτρίας
1166 5202 1336 5277 ὦμεν,
1366 5207 1466 5259 κᾶν
1503 5207 1716 5260 πάντων
1751 5209 1966 5279 ἔρημοι,
2007 5211 2108 5262 κᾶν

537 5289 726 5370 μηδενὶ
780 5294 1069 5367 γνώριμοι,
1107 5293 1322 5344 πάντων
1357 5289 1590 5358 ἐσόμεθα
1634 5294 2105 5365 περιφανέστεροι.

534 5383 699 5436 Οὐδὲν
738 5380 846 5450 γὰρ
880 5377 1337 5449 μακαριστότερον
1386 5374 1575 5443 ἀνδρὸς
1625 5374 1728 5426 ὑπὸ
1768 5377 1865 5446 τῆς
1905 5379 2110 5432 ἄνωθεν

536 5462 716 5534 χειρὸς
747 5459 1128 5528 βόηθουμένου.
1157 5454 1526 5534 Ἐκείνηςμγάρ
1555 5453 1839 5506 ἀπολαύων
1862 5457 1959 5527 τῆς
1981 5475 2115 5529 συμ.

539 5530 741 5610 μαγείας
774 5541 870 5590 καὶ
902 5537 929 5588 ὁ
978 5537 1244 5606 μακάριος
1283 5530 1474 5586 Ἰακὼϐ
1522 5534 1614 5585 ἐπὶ
1657 5534 1925 5604 τοσαύτην
1971 5540 2114 5592 κατά

542 5619 734 5689 μικρὸν
791 5617 999 5689 ηὐξήθη
1070 5613 1443 5685 περιφάνειαν,
1493 5611 1568 5674 ὡς
1620 5613 1714 5664 καὶ
1767 5614 1946 5680 αὑτοῖς
2004 5621 2114 5682 τοῖς

543 5701 961 5771 ὑποδεξαμένοις
992 5699 1274 5766 ἐπίφθονος
1305 5694 1575 5764 γενέσθαι.
1605 5695 1775 5750 Τοῦτο
1811 5701 1989 5754 τοίνυν
2021 5705 2115 5757 καὶ

605 5859 634 5887 ⁸
659 5856 856 5905 Ειῖἱιιιιιι
879 5860 986 5903 erat
1011 5853 1129 5916 μετὰ
1158 5852 1239 5899 τὸν
1273 5850 1444 5916 ἄνδρα.
1476 5848 1882 5916 ῖδτωροεὶῐίοιιρηι
1922 5855 2112 5908 delevi-

543 5933 669 5984 mus,
695 5917 888 5976 Ἀρι-ειη
914 5912 1084 5974 Sa\'il.,
1109 5922 1162 5963 el
1183 5914 1315 5960 serie
1339 5912 1711 5973 postulantibus.
1738 5915 1871 5963 Ευιτ.

1155 366 1212 420 8.
1255 363 1539 421 JOANNIS
1578 355 2074 418 CIIRYSOSTUMI
2119 353 2435 411 ARCIIIEP.
2475 351 3024 412 CONSTA‘LVTINOP.

3633 347 3741 404 496

2158 472 2318 538 ἡμεῖς
2349 470 2758 540 σπουδάζωμεν,
2783 469 2923 522 ὥστε
2954 469 3051 535 τῆς
3081 463 3288 517 ἐκεῖθεν
3313 460 3595 527 ἀξιοῦσθαι
3621 462 3741 532 βοη-

2161 554 2330 617 θείας,
2359 555 2451 608 καὶ
2484 556 2558 626 μὴ
2609 555 2745 626 πρὸς
2777 554 2875 616 τας
2924 549 3271 620 ἀνθρωπίνας
3303 546 3740 616 καταφεύγωμεν

2159 637 2498 703 δυναστείας,
2533 639 2668 709 μηδέ
2696 638 2794 706 τὴν
2826 636 3032 688 τούτων
3058 632 3392 704 προστασίαν
3421 629 3736 700 διώκωμεν·

2159 722 2309 775 οὑδὲν
2339 723 2447 792 γὰρ
2475 722 2679 790 ταύτης
2706 718 3195 788 ἐπισφαλέστερονο
3224 716 3318 767 καὶ
3339 714 3546 780 τοῦτοὴ
3578 714 3745 782 πεῖρα

2164 806 2270 858 τών
2293 805 2634 876 πραγμάτων
2659 805 2804 874 ἡμᾶς
2831 801 2988 871 ἱκανὴ
3013 798 3237 865 διδάξαι.
3263 799 3374 852 Καὶ
3394 797 3501 866 γὰρ
3527 794 3744 864 ὁρῶμεν

2165 888 2285 945 καθ’
2311 890 2548 959 ἑκάστην
2578 888 2788 958 ἡμέραν
2813 884 3147 954 ὀξυρρόπους
3175 881 3273 944 τὰς
3303 879 3624 952 μεταϐολὰς,
3651 877 3746 930 καὶ

2167 975 2245 1035 είς
2279 972 2340 1025 τὸ
2377 972 2619 1026 ἐναντίον
2658 972 2874 1025 ἅπαντα
2924 967 3395 1040 περιτρεπόμενα,
3439 965 3535 1017 καὶ
3565 961 3656 1015 τὸν
3685 963 3748 1014 ἐν

2164 1059 2228 1128 τῇ
2251 1056 2512 1110 ἀνωτάτω
2532 1057 2630 1126 εὑη
2640 1073 2704 1125 με
2714 1055 2803 1126 ρίᾳ
2827 1053 2933 1125 πρὸ
2962 1050 3157 1123 μικροῦ
3177 1049 3532 1119 τυγχάνοντα,
3551 1044 3745 1114 ἀθρόον

2165 1144 2243 1204 εἰς
2273 1142 2506 1211 ἐσχάτην
2544 1137 2883 1208 δυσπραγίαν
2913 1135 3372 1204 καταφερόμενον,
3402 1131 3496 1184 καὶ
3539 1129 3610 1182 τὰ
3637 1129 3746 1180 τῶν

2167 1210 2475 1278 καταδίκων
2509 1223 2771 1284 πολλάκις
2813 1220 3172 1290 ὑπομένοντα.
3215 1216 3380 1278 Ποίας
3425 1210 3520 1266 οῦν
3564 1213 3630 1265 ἂν
3660 1213 3745 1279 εἴη

2168 1307 2472 1380 παρανοίας
2501 1307 2706 1360 τούτων
2749 1304 3106 1376 μεταδιώκειν
3139 1301 3235 1371 τὴν
3268 1297 3604 1370 προστασίαν
3635 1294 3748 1346 τῶν

2171 1394 2228 1445 ἐν
2251 1377 2508 1461 τοσαύτῃ
2559 1389 2753 1460 ἀδηλίᾳ
2790 1386 3185 1457 τυγχανόντων,
3229 1383 3323 1435 καὶ
3355 1380 3475 1433 οὑδέ
3508 1378 3576 1431 τὰ
3625 1377 3745 1430 καθ’

2169 1477 2393 1538 ἑαυτοὺς
2424 1458 2622 1527 ἱκανῶν
2646 1458 2813 1524 όντων
2844 1469 2982 1540 μετὰ
3009 1467 3304 1536 ἀσφαλείας
3336 1463 3598 1517 διαθεῖναι
3619 1476 3633 1523 ;
3655 1458 3751 1511 Διὸ

2171 1561 2352 1630 πάσης
2388 1561 2486 1630 μὲν
2521 1557 2868 1628 ἀνθρωπίνης
2895 1551 3227 1624 προστασίας
3253 1548 3476 1608 ἑαυτοὺς
3511 1545 3754 1610 ἁποστήο

2175 1663 2378 1715 σωμεν,
2405 1644 2741 1715 μεμνημένοι
2760 1642 2854 1694 καὶ
2874 1639 2967 1691 τοῦ
2996 1636 3269 1708 προφήτου
3299 1631 3546 1699 λέγοντος
3565 1645 3577 1656 ·
3604 1628 3757 1678 Ἐπι-

2172 1711 2501 1796 κατάρατος
2529 1711 2860 1794 ἄνθρωπος,
2893 1725 2959 1789 ὃς
2988 1723 3101 1789 τὴν
3128 1717 3345 1772 ἐλπίδα
3377 1714 3502 1783 ἔχει
3533 1711 3758 1796 ἐπ’νᾷντ-

2173 1792 2428 1883 θρωσίον.
2461 1813 2622 1882 Ὁρᾷς
2640 1792 2723 1863 δτι
2751 1810 2779 1860 6
2803 1807 3041 1869 τοιοῦτος
3069 1805 3128 1857 οὑ
3161 1803 3320 1873 μόνον
3346 1792 3757 1883 ἀνόητο;,ἁλλα

2174 1900 2270 1952 καὶ
2299 1896 2718 1965 ἐπικατάρατος,
2748 1892 2842 1946 an
2875 1892 2938 1963 δὴ
2968 1888 3280 1943 καταλιπὼν
3308 1885 3399 1936 τὸν
3428 1882 3536 1933 τῶν
3579 1879 3759 1931 ἁπάν-

2174 2001 2283 2036 των
2315 1961 2607 2048 Δεσπότην,
2651 1978 2744 2030 καὶ
2788 1961 2936 2050 πρὸς-
2967 1975 3057 2027 τὸν
3086 1968 3372 2042 ὁμόδουλον
3405 1965 3637 2050 τρέχων,
3662 1961 3760 2050 τὸν

2176 2067 2297 2120 οὑδέ
2327 2063 2504 2133 ἐαυτῴ
2528 2061 2759 2134 ἀρκέσαι
2785 2060 3114 2129 δυνάμενον;
3140 2052 3433 2120 Φεύγωμεν
3456 2048 3632 2100 τοίνυν
3656 2044 3758 2112 τὴν

2178 2151 2422 2220 κατάραν
2451 2148 2676 2218 ταύτην,
2718 2141 3040 2216 παρακαλῶ,
3085 2139 3181 2193 καὶ
3219 2137 3318 2206 τὴν
3353 2131 3542 2186 ἐλπίδα
3574 2129 3758 2181 πᾶσαν

2178 2239 2272 2290 ἐπὶ
2301 2211 2394 2288 τὸν
2431 2234 2564 2288 Θεὸν
2612 2211 3064 2302 ’μεταστήσωμεψ
3107 2222 3254 2292 Αὑτη
3290 2220 3400 2290 γὰρ
3438 2214 3629 2302 βεϐαία
3657 2211 3758 2302 καξι

2179 2321 2433 2390 ἀκίνητος
2460 2319 2552 2372 καὶ
2585 2314 2882 2386 μεταϐολὴν
2907 2313 3006 2366 οὑκ
3035 2305 3414 2377 ἐπιδεχομένη,
3444 2296 3756 2390 καθάπερ-ἡ

2181 2408 2273 2460 ἐπὶ
2305 2379 2760 2471 τῶν-ἀνθρώπων.
2788 2379 2858 2450 Ἦ
2888 2397 2997 2466 γὰρ
3027 2393 3252 2454 θάνατος
3281 2385 3512 2442 ἐνταῦθα
3542 2379 3757 2471 διέκοψε

2180 2491 2279 2561 τὴν
2318 2464 2674 2559 προστασίαν,
2714 2481 2807 2535 καὶ
2841 2464 3079 2549 γυμνοὺς
3110 2477 3203 2528 καὶ
3237 2472 3477 2561 ἐρημους
3508 2464 3759 2561 γενέσθαι

2182 2571 2558 2644 παρεσκεύασε
2587 2569 2712 2631 τοὺς
2740 2567 2833 2618 ἐπί
2861 2564 3049 2616 τοῦτον
3085 2555 3527 2626 καταφεύγοντας
3547 2568 3561 2580 ·
3589 2549 3622 2620 ἢ
3666 2548 3762 2600 καὶ

2183 2634 2291 2729 πρὸ
2326 2655 2420 2708 τοῦ
2463 2654 2694 2708 θανάτου
2749 2647 3021 2721 μεταϐολὴ
3053 2641 3392 2729 πραγμάτων
3433 2634 3759 2729 ἐπελθοῦσα.

2185 2716 2400 2794 ἅπαντα
2449 2737 2628 2806 ἄκυρα
2667 2734 2866 2803 ἀμφοῖν
2917 2716 3206 2797 πεποίηκε.
3253 2723 3364 2776 Καὶ
3408 2718 3612 2772 τούτων
3654 2716 3764 2768 τῶν

2187 2797 2644 2894 παραδειγμάτων
2674 2797 2779 2877 π’ᾶς
2811 2815 2970 2883 γέμει
2999 2815 3026 2864 6
3066 2811 3196 2880 βίος.
3234 2806 3324 2859 Διὸ
3365 2804 3486 2857 οὑδέ
3522 2797 3765 2894 συγγνώ-

2189 2881 2296 2979 μης
2333 2881 2473 2958 εἰσὶν
2505 2903 2663 2966 ἄξιοι,
2719 2901 2767 2953 οἱ
2819 2881 2959 2969 μείτά
2995 2894 3092 2965 τὴν
3139 2889 3410 2958 τοσαύτην
3452 2888 3651 2954 πεῖραν
3687 2881 3769 2932 ἔτι

2186 2966 2498 3061 ἀνθρωπίνῃ
2519 2986 2606 3057 [54
2615 2988 2666 3056 8]
2683 2966 2988 3055 προστασίᾳ
3004 2975 3452 3061 προστετηκότες3
3467 2971 3564 3061 καί
3582 2966 3774 3060 πολλά-

2189 3047 2302 3139 κις.
2326 3075 2418 3126 ὑπ’
2445 3054 2623 3125 αὑτῶν
2652 3066 2950 3121 δοκούντων
2989 3058 3128 3116 εἶναι
3168 3054 3488 3130 προστατῶν
3510 3053 3580 3105 τά
3603 3047 3775 3120 μυρία

2185 3136 2333 3213 δείνὰ
2355 3155 2738 3226 ὑπομένοντες.
2763 3147 3010 3217 Τοσαύτη
3040 3145 3149 3216 γάρ
3179 3144 3280 3212 τῆς
3311 3138 3508 3226 κακίας
3540 3138 3574 3206 ή
3605 3136 3775 3226 ὑπερ-

2188 3240 2342 3309 ϐολὴ,
2368 3239 2442 3302 ὡς
2473 3238 2568 3290 καὶ
2594 3236 2719 3296 τοὺς
2742 3230 3140 3302 θεραπεύοντας
3174 3229 3288 3287 τοῖς
3317 3222 3582 3280 ἐναντίοις
3611 3216 3772 3286 ἀμεί-

2189 3324 2399 3377 ϐεσθαι.
2440 3317 2561 3373 Ἐπῖ
2585 3319 2640 3371 δὲ
2666 3316 2759 3370 τοῦ
2783 3301 2888 3367 τῶν
2915 3315 3050 3366 ὅλων
3079 3309 3215 3363 Θεοῦ
3251 3308 3396 3362 ἅπαν
3420 3301 3732 3357 τούναντίον
3751 3315 3765 3326 ·

2188 3410 2283 3463 καὶ
2314 3404 2762 3476 ἀγνωμονοῦντας
2796 3401 2942 3471 ἡμᾶς
2976 3398 3234 3452 ἑκάστοτε
3279 3392 3560 3464 εὐεργετεῖ
3583 3387 3633 3451 1³,
3676 3385 3774 3438 καὶ

2187 3491 2286 3561 τὴν
2317 3491 2522 3544 οἰκείαν
2565 3487 2826 3556 ἀπονέμει
2856 3481 3213 3550 προστασίαν,
3243 3478 3304 3530 οῦ
3339 3476 3474 3546 πρὸς
3507 3472 3605 3543 τὴν
3637 3471 3775 3539 ἡμε-

2189 3554 2354 3645 τέραν
2382 3573 2523 3644 όρῶν
2553 3554 2966 3639 ἀγνωμοσύνην,
2997 3564 3133 3618 ἀλλὰ
3158 3561 3254 3631 τὴν
3281 3557 3486 3612 οἰκείαν
3513 3559 3573 3608 ἐν
3602 3554 3775 3607 ἆπασι

2193 3656 2601 3728 φιλανθρωπίαν
2636 3652 2998 3724 μιμούμενος·
3030 3646 3096 3720 ἧς
3131 3648 3338 3716 γένοιτο
3375 3642 3586 3702 πάντας
3629 3639 3778 3708 ἡμᾶς

2192 3721 2520 3799 ἀπολαῦσαι,
2542 3721 2722 3808 χάριτι
2752 3737 2845 3790 καὶ
2871 3732 3252 3804 φιλανθρωπίᾳ
3273 3727 3366 3781 τοῦ
3390 3725 3596 3808 Κυρίου
3620 3721 3779 3808 ὴμῷν

2205 3825 2381 3897 Ἰησοῦ
2434 3821 2692 3895 Χριστοῦ,
2744 3819 2862 3892 μεθ’
2900 3813 2960 3872 οὗ
2993 3818 3070 3888 τῷ
3109 3815 3312 3886 Πατρὶ,
3353 3813 3471 3883 ἃμα
3514 3807 3595 3878 τῷ
3637 3806 3781 3874 ἁγίῳ

2193 3893 2496 3980 Πνεύματι,
2521 3908 2665 3973 δόξα,
2699 3906 2918 3975 κράτος,
2954 3905 3107 3974 τιμὴ,
3149 3902 3246 3954 νῦν
3291 3901 3384 3953 καὶ
3425 3897 3534 3956 ἀεὶ.
3577 3894 3669 3947 καὶ
3699 3893 3781 3954 εἰς

2193 3997 2319 4057 τοὺς
2349 3993 2549 4055 αἰῶνας
2578 3990 2686 4044 τῶν
2715 3988 2944 4044 αἰώνων.
2979 3987 3174 4058 Ἀμήν.

2790 4113 3030 4168 ΟΜΙΛΙΑ
3068 4111 3190 4163 ΝΖ’.

2208 4201 2474 4269 Ἐγένετο
2511 4197 2728 4269 δὲηὼςξ
2755 4196 2924 4269 ἔτεκε
2966 4192 3190 4269 Ῥαχὴλ
3221 4191 3326 4269 τὸν
3351 4186 3586 4269 Ἰωσὴῆ

2271 4255 2302 4323 ὃ
2330 4269 2522 4323 Ἰακὼϐ
2555 4255 2867 4330 τῷΛᾶϐαν·
2891 4255 3270 4319 Ἀπόστειλον
3291 4276 3388 4329 με.
3413 4259 3514 4310 ἵνα
3539 4255 3784 4310 ἀπέλθω

2269 4343 2354 4405 εις
2384 4341 2489 4393 τὸν
2515 4342 2700 4392 τόπον
2730 4354 2849 4406 μου
2883 4335 2982 4388 καί
3021 4337 3107 4400 είς
3140 4332 3254 4400 τὴν
3283 4330 3401 4401 γῆν
3423 4346 3564 4397 μου.

2272 4442 2342 4489 α’.
2368 4434 2448 4486 Τὰ
2489 4434 2786 4504 λειπόμενα
2825 4431 2932 4484 τῶν
2970 4430 3097 4501 χθὲς
3142 4432 3444 4498 εἰρημένων
3486 4423 3785 4504 ἀναγκαῖον

2202 4518 2491 4573 ἀποδοῦναι
2515 4503 2751 4587 σήμερον
2769 4518 2834 4586 τῇ
2861 4515 3100 4586 ὑμετέρᾳ
3118 4512 3327 4581 ἀγάπῃ,
3355 4510 3442 4561 ἵνα
3464 4508 3560 4561 καὶ
3585 4510 3650 4559 ἐκ
3678 4503 3786 4556 τῶν

2203 4601 2298 4654 νῦν
2325 4601 2633 4671 λεγομένων
2656 4601 2750 4652 καὶ
2777 4599 2872 4669 τὴν
2899 4597 2994 4650 τοῦ
3020 4595 3154 4648 Θεοῦ
3185 4592 3530 4666 κηδεμονίαν,
3560 4591 3629 4661 ἣν
3655 4587 3788 4660 περὶ

2202 4687 2293 4740 τὸν
2329 4684 2519 4739 Ἰακὼϐ
2561 4683 2925 4744 ἐπεδείκνυτο,
2962 4681 3056 4734 καὶ
3085 4679 3145 4732 τὸ
3175 4676 3270 4730 τοῦ
3296 4676 3505 4730 δικαίου
3537 4673 3787 4742 φιλόθεον

2206 4768 2634 4839 καταμαθόντες,
2675 4766 3008 4837 ζηλώσωμεν
3040 4763 3133 4818 τοῦ
3187 4763 3379 4832 ἀνδρὸς
3411 4762 3510 4831 τὴν
3556 4759 3782 4828 ἀρετήν.

2207 4853 2343 4907 Οὑδέ
2379 4852 2484 4922 γὰρ
2526 4850 2710 4913 ἁπλῶς
2740 4852 2870 4920 ἡμῖν
2896 4850 2993 4912 τὰς
3035 4847 3270 4916 ἱστορίας
3311 4844 3513 4904 ταύτας
3541 4843 3784 4911 ἀναγρά-

2207 4954 2373 4999 πτους
2395 4939 2427 5006 ἡ
2450 4934 2542 4988 τοῦ
2566 4933 2877 5003 [Ινεύματος
2899 4933 3056 5002 χάρις
3079 4928 3331 4999 γενέσθαι
3355 4926 3783 4999 παρεσκεύασεν,

2209 5019 2322 5072 ἀλλ’
2352 5019 2438 5071 ἵνα
2474 5017 2610 5088 πρὸς
2644 5017 2871 5086 μίμησιν
2905 5017 3051 5086 ἡμᾶς
3079 5013 3318 5084 διεγείρῃ
3357 5012 3451 5065 καὶ
3481 5008 3641 5080 ζῆλον
3678 5006 3788 5060 τῶν

2211 5101 2480 5171 ἐναρέτων
2506 5099 2735 5169 ἀνδρῶν.
2761 5099 2928 5152 Ὅταν
2956 5099 3064 5169 γὰρ
3087 5096 3406 5166 ἀκούσωμεν
3434 5094 3527 5147 τοῦ
3563 5092 3662 5164 μὲν
3690 5090 3790 5161 τὴν

2214 5184 2513 5254 ὑπομονὴν,
2536 5181 2629 5236 τοῦ
2649 5183 2704 5236 δέ
2726 5184 2822 5254 τὴν
2849 5181 3220 5252 σωφροσύνην,
3245 5180 3436 5250 ἐτέρου
3462 5178 3523 5231 τό
3546 5176 3674 5246 περὶ
3690 5175 3790 5244 τὴν

2213 5272 2514 5340 φιλοξενίαν
2549 5270 2786 5336 ⁹έτοιμον,
2815 5269 2911 5322 καὶ
2939 5268 3168 5322 ἐκάστου
3205 5267 3306 5336 τὴν
3337 5263 3540 5334 πολλὴν
3566 5260 3788 5332 ἀρετὴν,

2217 5357 2309 5410 καὶ
2338 5357 2484 5418 ὃπως
2515 5354 2716 5407 τούτων
2738 5353 2966 5415 ⁹έκαστος
2994 5351 3254 5420 διέλαμψε
3280 5350 3376 5402 καὶ
3401 5343 3793 5418 περιφανέστε·

2221 5458 2310 5512 ρος
2338 5441 2579 5509 γέγονεν,
2612 5441 2691 5503 είς
2718 5440 2898 5508 ὅμοιον
2925 5433 3302 5508 διεγειρόμεθα
3331 5433 3511 5504 ζῆλον.
3538 5429 3674 5500 Φέρε
3697 5421 3792 5479 οὖν

2216 5527 2310 5582 καὶ
2335 5525 2404 5579 τὰ
2439 5524 2731 5593 λειπόμενα
2758 5523 2855 5592 τῆς
2892 5521 3032 5574 κατὰ
3075 5524 3165 5574 τὸν
3192 5520 3397 5573 δίκαιον
3426 5519 3614 5574 τοῦτον
3647 5518 3790 5568 ἰπο-

2223 5611 2342 5682 ρίας
2373 5609 2608 5678 σήμερον
2637 5605 2970 5667 ἐπελθόντες,
3009 5605 3162 5667 τέλος
3207 5603 3482 5674 ἐπιθῶμεν
3512 5601 3591 5670 τῷ
3627 5600 3791 5669 λόγῳ.

2232 5692 2496 5762 Ἐγένετο
2521 5691 2608 5754 δὲ,
2637 5691 2820 5758 φησὶν,
2855 5690 2936 5753 ὡς
2962 5689 3127 5741 ἔτεκε
3159 5688 3377 5756 Ῥαχὴλ
3404 5687 3510 5740 τὸν
3554 5683 3790 5750 Ἰωσὴφ,

2220 5774 2390 5832 εἶπεν
2443 5775 2641 5829 Ἰακὼϐ
2695 5773 2775 5837 τῷ
2822 5771 3050 5826 Λίίϐαν·
3102 5771 3483 5826 Ἀπόστειλὸν
3534 5786 3638 5838 με,
3693 5767 3796 5820 ἵνα

2281 5917 2309 5958 ὃ
2335 5918 2432 5966 Sex
2457 5903 2570 5964 més.
2589 5917 2711 5978 ἡμᾶς
2731 5915 2800 5976 ἐφ’
2823 5914 3025 5971 ἑκάστης
3049 5913 3289 5976 εὐεργετεῖ.
