4038 6358
248 375 359 428 ωδ

247 489 359 542 huc
394 505 574 544 amore
602 493 769 559 magis
801 505 1091 560 propensus
1121 493 1171 546 in
1204 493 1488 549 Rachelcm
1509 514 1520 548 :
1543 498 1588 549 si
1619 496 1839 552 hocimn

246 583 446 636 fuisset
475 585 690 645 factum,
723 585 989 652 quomodo
1029 585 1169 640 ferre
1214 591 1471 656 potuisset
1514 588 1604 641 Lia
1643 589 1843 642 sororis

248 675 700 730 contubernium?
730 676 797 730 Ut
832 678 976 730 enim
1019 694 1232 733 omnem
1268 679 1366 732 viri
1399 689 1707 748 potestatem
1745 680 1843 733 ha-

252 765 413 828 bens,
438 767 505 820 ita
530 767 787 834 permittit
813 770 861 822 ei
893 785 988 838 pro
1009 770 1376 840 mandragoris
1400 772 1592 836 virum,
1621 782 1674 826 et
1694 773 1840 826 dicit:

253 856 495 910 Dormiat
510 858 659 911 hodie
675 869 835 912 tecum
860 877 952 929 pro
978 861 1348 932 mandragoris.
1374 861 1619 928 Satisfac,
1652 864 1841 934 inquit,

257 967 386 1003 meo
410 950 695 1015 desiderio,
726 961 781 1006 et
806 953 986 1022 accipe
1007 955 1199 1008 virum.
1219 955 1305 1010 16.
1335 955 1638 1010 Αάυεηὶεηιε
1655 967 1842 1022 autem,

261 1040 455 1108 inquit.
485 1038 666 1105 Jacob,
701 1058 900 1111 egressa
940 1044 993 1096 in
1024 1060 1287 1096 occursant
1315 1046 1426 1112 ejus
1453 1045 1547 1098 Lia
1573 1047 1701 1100 dixit
1726 1062 1744 1100 :
1769 1048 1845 1100 Ad

263 1148 345 1183 me
370 1127 666 1201 ingredieris
689 1132 867 1196 hodie;
898 1121 1122 1187 mercede
1140 1136 1273 1187 enim
1297 1135 1514 1189 conduxi
1541 1146 1586 1189 te
1611 1138 1734 1189 mihi
1755 1154 1846 1206 pro

262 1225 619 1292 mandragoris
645 1225 742 1286 ﬁlii
763 1226 896 1278 mei:
927 1234 970 1278 et
1013 1225 1246 1278 dormivit
1292 1243 1407 1279 cum
1455 1244 1514 1280 ea
1564 1237 1708 1282 nocte
1731 1228 1841 1282 illa.

262 1314 354 1368 17.
389 1314 456 1367 Ει
483 1316 736 1368 exaudivit
763 1315 899 1369 Deus
927 1314 1092 1380 Liam,
1125 1326 1170 1369 et
1209 1318 1433 1387 concepit
1459 1327 1506 1370 et
1533 1319 1721 1386 peperit
1747 1317 1847 1371 Ja-

259 1407 388 1459 cobo
411 1408 640 1475 quintum
667 1406 849 1475 filium.
875 1408 961 1461 18.
989 1406 1056 1460 Et
1083 1409 1211 1461 dixit
1236 1407 1331 1461 Lia
1350 1425 1368 1462 :
1387 1407 1538 1462 Dedit
1568 1410 1692 1462 mihi
1713 1410 1849 1464 Deus

261 1498 545 1550 mercedem
565 1514 744 1561 meam,
771 1515 828 1551 eo
847 1498 982 1568 quod
998 1499 1116 1552 dedi
1138 1501 1378 1553 ancillam
1403 1517 1567 1554 meam
1595 1501 1700 1554 viro
1717 1517 1845 1554 meo.

263 1588 334 1642 Et
361 1588 553 1642 vocavit
577 1606 758 1642 nomen
785 1590 896 1658 ejus
922 1586 1156 1657 Isachar,
1180 1591 1312 1660 quod
1337 1601 1409 1645 est
1435 1608 1639 1644 merces.
1674 1591 1852 1644 Exau-

261 1681 411 1743 divit,
443 1681 632 1749 inquit,
664 1678 802 1733 Deus
830 1679 995 1732 Liam.
1026 1680 1155 1748 Quia
1177 1681 1391 1736 videbat
1414 1696 1530 1735 eam
1558 1681 1846 1747 dolentem,

261 1786 443 1840 neque
471 1771 624 1824 valde
653 1771 842 1824 marito
870 1781 1163 1841 acceptam,
1196 1772 1465 1826 exaudivit
1489 1787 1627 1837 eam,
1660 1772 1846 1842 inquit,

264 1865 430 1926 Deus,
461 1875 513 1917 et
543 1867 766 1932 peperit,
800 1878 862 1917 ac
885 1863 1048 1919 dixit:
1072 1863 1190 1918 Tuli
1231 1865 1554 1930 mercedem,
1597 1880 1664 1920 eo
1707 1865 1850 1935 quod

259 1954 388 2008 dedi
421 1955 666 2008 ancillam
709 1969 902 2008 meam.
954 1954 1237 2022 Propterea
1281 1955 1488 2009 vocavit
1517 1971 1708 2008 nomen
1735 1955 1851 2024 ejus

261 2044 500 2099 lsachar.
536 2046 622 2098 19.
659 2043 724 2097 Et
765 2045 992 2114 concepit
1031 2045 1199 2097 adhuc
1244 2044 1360 2108 Lia,
1394 2055 1440 2098 et
1465 2046 1658 2114 peperit
1686 2046 1850 2113 ﬁlium

260 2147 479 2190 sextum.
514 2135 604 2189 20.
644 2134 714 2188 Et
747 2137 874 2190 dixit
903 2135 1002 2188 Lia
1023 2153 1042 2189 :
1065 2135 1281 2189 Donavit
1319 2136 1444 2188 mihi
1482 2135 1618 2189 Deus
1663 2136 1851 2189 donum

263 2229 476 2281 bonum.
509 2225 662 2279 Nunc
689 2227 924 2296 temporis
951 2243 1029 2280 me
1057 2227 1201 2297 eliget
1224 2227 1299 2280 vir
1323 2243 1492 2292 meus;
1525 2227 1691 2296 peperi
1717 2227 1852 2279 enim

261 2321 312 2373 ei
343 2321 480 2386 ﬁlios
505 2337 613 2374 sex.
642 2320 709 2373 Et
739 2321 930 2373 vocavit
964 2336 1143 2372 nomen
1169 2321 1278 2389 ejus
1301 2317 1550 2372 Zabulon.
1597 2317 1849 2384 Posthac,

262 2414 456 2483 inquit,
482 2413 724 2467 amabilis
751 2429 844 2467 ero
870 2422 925 2466 et
952 2428 1072 2480 ego,
1093 2412 1216 2481 quia
1237 2413 1414 2480 peperi
1441 2426 1534 2464 sex
1557 2410 1709 2464 lilios.
1730 2409 1852 2464 Ideo

259 2505 479 2558 vocavit
509 2519 698 2558 nomen
726 2506 841 2572 ejus
876 2502 1130 2557 Zabulon.
1173 2502 1263 2555 2t.
1294 2501 1498 2569 Peperit
1523 2511 1688 2554 autem
1711 2512 1759 2554 et
1788 2502 1852 2569 ﬁ-

259 2595 411 2658 liam,
437 2603 484 2646 et
520 2595 708 2646 vocavit
738 2611 914 2647 nomen
958 2595 1068 2664 ejus
1116 2592 1271 2646 Dina.
1311 2592 1403 2646 22.
1445 2592 1755 2646 Recordatus
1780 2601 1853 2645 est

262 2696 440 2738 autem
461 2683 599 2738 Deus
626 2684 884 2746 Rachelis,
909 2694 955 2737 et
977 2670 1241 2738 exaudivit
1266 2701 1398 2750 eam,
1444 2693 1490 2736 et
1517 2684 1714 2753 aperuit
1740 2685 1850 2754 ejus

262 2779 488 2832 vulvam.
511 2778 602 2833 25.
626 2777 694 2832 Et
722 2780 968 2848 concepit,
1000 2787 1046 2832 et
1069 2777 1258 2848 peperit
1284 2778 1446 2847 ﬁlium
1468 2777 1679 2832 Iacobo.
1709 2777 1853 2831 Dixit

259 2882 436 2926 autem
486 2873 710 2926 Rachel:
731 2872 950 2926 Abstulit
974 2889 1006 2925 a
1033 2888 1112 2925 me
1150 2870 1288 2924 Deus
1316 2871 1642 2941 opprobrium
1665 2887 1849 2925 meum.

260 2963 358 3017 24.
403 2962 470 3015 Et
520 2964 709 3016 vocavit
752 2979 934 3016 nomen
979 2963 1090 3033 ejus
1129 2960 1338 3032 Ioseph,
1377 2961 1854 3032 dicens:.4pposuit

263 3055 397 3106 mihi
420 3053 554 3108 Deus
577 3055 738 3124 filium
766 3055 944 3108 alium.
979 3054 1196 3108 Abstulit
1219 3071 1250 3107 a
1275 3070 1372 3118 me,
1394 3054 1584 3123 inquit,
1609 3051 1745 3107 Deus
1761 3069 1851 3122 op-

263 3147 559 3215 probrium;
579 3147 736 3201 solvit
754 3147 1115 3202 sterilitatem:
1139 3146 1396 3216 prepitins
1412 3145 1580 3200 factus
1598 3153 1681 3199 est
1699 3144 1850 3209 mihi,

263 3246 324 3291 et
345 3237 589 3292 idoneam
617 3237 742 3292 fecit
778 3237 844 3291 ad
873 3236 1258 3306 procreandum
1293 3235 1430 3290 ﬁlios
1450 3236 1692 3302 vulvam,
1723 3236 1856 3290 libe-

267 3345 492 3397 ramque
518 3345 605 3383 me
631 3329 753 3384 fecit
771 3329 840 3382 ab
881 3329 1166 3398 opprobrio
1187 3343 1330 3382 meo.
1356 3327 1426 3381 Et
1451 3329 1638 3382 vocavit
1674 3345 1853 3382 nomen

263 3422 378 3491 ejus
406 3419 618 3490 Ioseph,
645 3421 816 3474 dicens
839 3436 857 3473 :
887 3421 1137 3489 Apposui:
1168 3420 1291 3472 mihi
1314 3418 1451 3473 Deus
1478 3421 1640 3485 ﬁlium
1667 3418 1848 3473 alium.

266 3511 432 3566 Vides
459 3512 725 3581 quomodo
763 3511 1018 3579 paulatim
1060 3511 1442 3580 promissiones
1488 3511 1582 3565 Dei
1629 3513 1681 3565 in
1720 3526 1854 3580 opus

264 3617 498 3670 egressae
523 3601 680 3655 sunt?
705 3601 843 3655 Ecce
887 3602 1029 3655 enim
1072 3611 1326 3669 quantum
1363 3610 1583 3670 repente
1630 3602 1854 3655 chorum

269 3693 504 3746 filiorum
533 3695 671 3747 circa
715 3709 773 3747 se
805 3693 986 3746 habuit
1027 3692 1224 3762 justus,
1264 3703 1481 3761 propter
1521 3691 1854 3746 manifestam

269 3785 365 3837 Dei
405 3800 528 3853 erga
558 3799 618 3839 se
663 3785 1064 3853 providentiam.
1110 3783 1368 3849 Quoniam
1415 3785 1558 3837 enim
1607 3798 1852 3852 magnam

265 3891 379 3944 prte
409 3891 467 3930 se
497 3877 614 3930 tulit
642 3877 964 3945 patientiam,
997 3877 1396 3945 qualuordecim
1435 3876 1587 3928 anuis
1621 3878 1851 3928 servitu-

265 3978 378 4020 tem
400 3969 593 4034 ferens,
619 3977 894 4037 prOpterea
914 3978 968 4022 et
993 3969 1364 4021 universorum
1392 3967 1644 4020 Dominus
1667 3982 1849 4020 remu-

269 4075 463 4113 nerans
485 4059 611 4128 justi
643 4060 916 4129 pietatem,
966 4060 1018 4113 in
1059 4069 1264 4113 tantum
1290 4073 1413 4113 eum
1437 4073 1680 4112 crescere
1707 4057 1851 4124 fecit,

267 4162 328 4204 ut
356 4162 410 4205 et
435 4153 657 4220 posthac
683 4153 972 4205 invidiosus
1012 4152 1127 4205 aliis
1165 4151 1338 4215 ﬁeret,
1369 4152 1505 4205 sicut
1532 4167 1597 4206 ex
1623 4166 1854 4221 sequen-

267 4244 413 4297 tibus
441 4244 727 4309 discemus,
757 4258 875 4313 qua:
899 4242 1092 4298 vellem
1117 4251 1458 4312 pertractare.

375 4337 429 4391 6.
491 4336 706 4391 Moralis
767 4335 992 4408 epilogus
1035 4351 1054 4399 ;
1115 4337 1392 4389 humanum
1444 4336 1691 4389 auxilium
1751 4352 1852 4389 non

263 4429 884 4500 quaerendum—Verum
918 4445 984 4483 ne
1024 4429 1279 4498 prolixius
1321 4443 1624 4481 sermonem
1663 4435 1853 4481 exten-

264 4519 494 4582 damus,
538 4535 674 4574 neve
719 4519 973 4573 molestus
1013 4532 1132 4573 esse
1161 4519 1344 4572 videar
1384 4518 1589 4572 caritati
1624 4526 1848 4583 vestrae,

267 4611 314 4664 si
349 4612 540 4678 placet,
590 4627 708 4681 qua:
739 4612 936 4681 reliqua
962 4621 1084 4665 sunt
1109 4611 1161 4665 in
1200 4620 1511 4680 sequentem
1540 4609 1850 4664 concionem

267 4704 630 4768 reservaturi,
665 4703 908 4757 finiamus
962 4703 1048 4757 hic
1091 4718 1394 4758 sermonem
1421 4744 1436 4767 ,
1479 4702 1606 4756 illud
1638 4702 1848 4756 interim

265 4797 542 4850 caritatem
589 4805 818 4849 vestram
847 4795 1228 4862 admonentes,
1261 4804 1318 4848 ut
1340 4809 1523 4850 eormn
1553 4809 1671 4864 quae
1710 4793 1848 4847 dicta

265 4895 395 4940 sunt
423 4902 714 4952 memores,
747 4887 1022 4941 imitemini
1065 4887 1358 4956 priscorum
1401 4887 1686 4951 virtutem,
1716 4885 1850 4938 filias

265 4975 530 5031 elocando
558 5017 573 5042 ,
617 4993 814 5046 pueros
859 4977 1043 5047 nuptui
1091 4977 1379 5040 tradendo,
1437 4985 1614 5030 vestra
1656 4976 1851 5029 virtute

266 5069 362 5123 Dei
394 5069 616 5137 gratiam
648 5070 932 5124 conciliare
969 5069 1118 5122 vobis
1141 5067 1421 5121 studendo.
1461 5065 1592 5120 Nam
1615 5081 1734 5120 cum
1761 5066 1850 5119 ille

264 5160 425 5215 nobis
449 5160 650 5212 amicus
678 5159 851 5222 fuerit,
880 5159 1089 5214 etiamsi
1120 5160 1170 5212 iu
1194 5159 1361 5213 aliena
1394 5168 1531 5213 terra
1559 5157 1811 5212 fuerimus
1833 5196 1846 5220 .

265 5253 479 5306 etiamsi
506 5251 575 5305 ab
617 5253 861 5307 omnibtts
884 5251 1154 5316 destituti,
1187 5253 1392 5305 etiamsi
1430 5252 1592 5306 nullis
1618 5251 1848 5320 cogniti,

263 5345 516 5398 omnibus
557 5344 754 5398 erimus
805 5344 1078 5432 clariores.
1122 5342 1260 5396 Nihil
1304 5343 1443 5396 enim
1492 5343 1696 5397 beatius
1736 5342 1851 5395 viro

263 5452 496 5506 superna
524 5453 685 5490 manu
733 5431 933 5506 adjuto.
969 5431 1176 5492 Etenim
1208 5436 1392 5490 beatus
1429 5435 1594 5490 Jacob
1623 5436 1712 5490 illo
1742 5434 1848 5489 fre-

267 5541 354 5583 tus
396 5531 684 5599 praesidio,
734 5530 788 5584 in
833 5540 1029 5584 tantam
1072 5530 1323 5599 paulatim
1365 5527 1586 5598 gloriam
1636 5539 1850 5583 evectus

264 5631 379 5684 est,
413 5631 548 5677 utet
593 5623 657 5676 iis
694 5624 781 5693 qui
825 5632 930 5676 tam
978 5622 1145 5676 amice
1186 5631 1530 5690 exceperant,
1563 5621 1852 5675 invidiosus

265 5715 334 5767 sit
365 5713 550 5766 factus.
579 5713 690 5767 Hoc
718 5713 876 5783 igitur
901 5721 956 5768 et
977 5727 1074 5766 nos
1101 5713 1412 5766 Studeamus
1435 5751 1450 5777 ,
1481 5720 1537 5764 ιιι
1563 5725 1849 5779 supernum

266 5806 607 5876 atquiramus
641 5805 928 5870 auxilium,
961 5815 1014 5859 et
1052 5819 1156 5861 non
1182 5804 1248 5860 ad
1279 5802 1538 5859 humanos
1583 5800 1854 5872 confugia-

1280 379 1342 433 IN
1379 377 1526 435 CAP.
1577 382 1742 436 XXX.
1783 382 2027 436 GENES.
2072 382 2296 436 IlOlllL.
2340 383 2496 437 LVII.

3423 387 3522 441 59¢

1950 511 2067 548 mus
2090 497 2412 565 principatus
2429 538 2446 562 ,
2477 513 2647 567 neque
2673 499 2878 552 illorum
2904 499 3203 568 prtesidium
3225 511 3512 558 sectemur:

1947 589 2075 641 nihil
2107 591 2246 642 enim
2278 591 2661 658 periculosius;
2713 592 2762 644 id
2792 592 2932 660 quod
2975 607 3154 647 rerum
3199 594 3528 660 experientia

1947 679 2074 733 satis
2102 679 2377 734 discimus.
2406 681 2610 734 Etenim
2643 682 2880 736 videmus
2919 683 3151 752 quotidie
3177 698 3264 737 res
3293 699 3351 738 se
3379 693 3520 740 tanta

1949 771 2224 826 velocitate
2249 771 2313 826 ad
2339 773 2682 827 mutationem
2712 773 2965 828 inclinare
2982 815 2997 838 ,
3022 784 3077 828 et
3102 777 3233 829 verti
3266 777 3314 827 in
3343 777 3520 830 diver-

1948 877 2065 916 sum
2091 863 2266 916 omnia
2284 902 2299 928 ,
2330 878 2559 932 eumque
2584 862 2674 933 qui
2706 864 2756 917 in
2785 879 2989 918 summa
3016 866 3371 934 prosperitate
3400 882 3527 934 pau-

1951 952 2000 1004 lo
2030 961 2150 1006 ante
2176 961 2320 1015 erat,
2354 952 2529 1007 subito
2555 953 2606 1006 in
2634 963 2922 1008 extremam
2953 953 3309 1010 infelicitatem
3335 956 3520 1024 dejici,

1949 1057 2012 1098 ac
2042 1059 2189 1096 reum
2217 1059 2360 1112 smpe
2404 1045 2508 1113 agi.
2536 1043 2757 1109 Quantae
2800 1044 2958 1114 igitur
2996 1045 3313 1114 insipientia:
3340 1048 3521 1103 fuerit.

1949 1132 2136 1187 horum
2162 1149 2398 1204 quarrere
2426 1135 2728 1204 praesidium
2749 1176 2764 1198 ,
2796 1135 2885 1204 qui
2912 1138 2962 1188 in
2991 1145 3096 1188 tam
3141 1137 3344 1190 incerto
3391 1149 3533 1191 statu

1951 1236 2229 1281 versantur
2251 1268 2266 1293 ,
2299 1242 2361 1281 ac
2385 1243 2453 1281 ne
2495 1243 2590 1281 sua
2635 1227 2849 1296 quidem
2877 1236 3098 1296 possunt
3144 1227 3197 1280 in
3229 1237 3340 1280 tuto
3364 1229 3531 1283 collo-

1952 1315 2124 1370 care?
2169 1315 2291 1370 ldeo
2333 1316 2399 1371 ab
2425 1317 2568 1370 omni
2617 1317 2850 1370 humano
2891 1318 3136 1385 praesidio
3177 1317 3531 1384 desistamus,

1953 1422 2217 1460 memores
2242 1410 2400 1461 etiam
2423 1408 2696 1477 pr0phetae
2719 1407 2944 1462 dicentis
2975 1425 2990 1462 :
3021 1408 3322 1462 Maledictus
3350 1410 3498 1462 homo
3515 1447 3532 1474 ,

1951 1498 2036 1565 qui
2072 1513 2213 1564 spem
2255 1499 2396 1565 ponit
2437 1497 2491 1550 in
2530 1498 2730 1552 homine
2757 1497 2888 1565 (Jer.
2923 1499 3011 1553 l7.
3039 1499 3117 1567 5).
3151 1498 3314 1553 Vides
3361 1499 3523 1553 talem

1956 1588 2221 1641 hominem
2252 1605 2358 1642 non
2404 1589 2575 1643 solum
2624 1589 2994 1658 insipientem,
3044 1589 3137 1643 sed
3165 1592 3324 1644 etiam
3362 1589 3534 1645 male-

1953 1677 2147 1732 dictum
2174 1694 2292 1732 esse
2315 1697 2329 1732 :
2357 1687 2541 1748 utpote
2568 1681 2657 1748 qui
2685 1681 2868 1733 relicto
2897 1680 3122 1733 Domino
3150 1681 3384 1733 omnium
3411 1719 3427 1744 ,
3467 1679 3533 1733 ad

1953 1783 2268 1824 conservum
2312 1772 2516 1836 currit,
2561 1770 2652 1840 qui
2692 1771 3036 1840 semetipsum
3074 1771 3262 1839 juvare
3304 1771 3536 1840 nequit?

1954 1859 2238 1930 Fugiamus
2267 1863 2424 1932 igitur
2478 1863 2902 1918 maledictionem
2950 1863 3117 1927 hanc,
3161 1879 3292 1926 oro,
3337 1875 3394 1918 et
3417 1879 3538 1917 om-

1953 1967 2074 2004 nem
2123 1966 2272 2021 spem
2303 1953 2353 2005 in
2396 1953 2560 2007 Deum
2601 1954 3000 2008 transferamus.
3049 1954 3149 2008 Ista
3192 1955 3334 2009 enim
3365 1955 3533 2008 solida

1953 2051 2036 2095 est
2061 2051 2113 2096 et
2156 2041 2443 2096 immobilis
2468 2053 2521 2097 et
2550 2045 2726 2097 nescia
2762 2043 3170 2109 vicissitudinis,
3202 2045 3351 2112 cujus
3381 2045 3536 2113 plena

1956 2142 2038 2186 est
2067 2133 2152 2186 illa
2177 2150 2334 2202 quam
2363 2135 2414 2187 in
2458 2133 2760 2188 hominibus
2786 2134 3062 2189 habemus.
3098 2135 3192 2189 Vel
3221 2137 3362 2189 enim
3395 2152 3540 2189 tu-ors

1955 2223 2092 2277 tollit
2119 2223 2405 2278 humanum
2452 2226 2782 2294 praesidium,
2811 2235 2864 2280 et
2892 2240 2985 2279 eos
3010 2227 3100 2294 qui
3130 2225 3195 2279 ad
3226 2229 3324 2280 hoc
3350 2224 3536 2279 conlu—

1954 2314 2134 2384 giunt,
2184 2315 2453 2370 solitarios
2497 2315 2770 2385 nudosque
2811 2316 3062 2385 relinquit
3108 2324 3209 2370 :ct
3252 2315 3335 2369 vel
3381 2315 3540 2368 etiam

1954 2415 2078 2457 ante
2125 2416 2352 2460 mortem
2395 2408 2617 2460 mutatio
2660 2423 2840 2460 rerum
2887 2407 3145 2461 ambobus
3190 2407 3368 2460 omnia
3407 2422 3541 2460 vana

1956 2495 2147 2550 reddit.
2200 2496 2360 2550 Plena
2388 2505 2472 2551 est
2521 2497 2634 2551 hare
2677 2499 2779 2551 vita
2810 2499 3066 2567 exemplis
3095 2498 3308 2552 talibus.
3342 2497 3467 2552 Ideo
3497 2497 3535 2550 ii

1955 2596 2074 2656 post
2095 2596 2292 2641 tantam
2320 2587 2704 2656 experientiam
2741 2589 2888 2642 nulla
2913 2589 3066 2642 venia
3095 2598 3219 2642 sunt
3245 2587 3420 2657 digni,
3454 2586 3543 2656 qui

1953 2677 2130 2733 adhuc
2171 2678 2401 2732 humano
2449 2679 2689 2732 nituntur
2735 2679 3012 2748 praesidio,
3044 2687 3098 2732 et
3135 2694 3276 2748 sa‘pe
3304 2677 3534 2741 abillis,

1955 2770 2046 2836 qui
2096 2770 2174 2822 eis
2205 2770 2451 2838 opitulari
2500 2769 2848 2834 videbantur,
2902 2769 3104 2823 infinita
3155 2769 3294 2823 mala
3339 2767 3540 2822 ferunt.

1955 2861 2202 2930 Eousque
2227 2862 2368 2915 enim
2390 2861 2557 2915 crevit
2582 2861 2797 2923 malitia,
2824 2871 2875 2912 ιιι
2903 2861 3036 2913 mala
3067 2859 3360 2930 rependant
3383 2859 3540 2914 etiam

1959 2954 2027 3007 iis
2051 2955 2139 3023 qui
2172 2957 2316 3023 ipsos
2363 2968 2702 3022 summopere
2729 2953 2994 3006 colebant.
3031 2951 3226 3005 Verum
3253 2952 3390 3020 apud
3421 2952 3542 3004 uni-

1954 3059 2230 3099 versorum
2261 3045 2426 3098 Deum
2455 3059 2611 3098 secus
2645 3059 2731 3097 res
2760 3058 2819 3097 se
2846 3043 3002 3096 habet
3030 3059 3044 3109 ;
3078 3057 3197 3095 nam
3225 3042 3348 3095 licet
3369 3041 3542 3110 qunti-

1955 3135 2042 3191 die
2066 3136 2257 3207 ingrati
2286 3137 2453 3191 simus
2472 3178 2485 3198 ,
2516 3135 2778 3190 benefacit
2805 3145 2980 3189 tamen
3003 3178 3017 3201 ,
3046 3149 3252 3204 suoque
3291 3133 3542 3204 praesidio

1956 3243 2055 3283 nos
2080 3244 2185 3283 non
2211 3229 2478 3291 destituit,
2510 3245 2616 3282 non
2661 3227 2730 3282 ad
2785 3229 3046 3297 ingratum
3079 3238 3319 3281 nostrum
3368 3227 3542 3295 respi-

1956 3322 2103 3376 ciens
2128 3323 2383 3385 auimum,
2404 3321 2494 3374 sed
2523 3321 2576 3374 in
2598 3319 2845 3374 omnibus
2877 3335 2971 3388 pro
2993 3333 3085 3371 sua
3113 3331 3276 3388 agens
3301 3318 3534 3372 elemen-

1957 3413 2065 3466 tia:
2096 3428 2199 3482 qua
2230 3413 2382 3466 nobis
2433 3413 2680 3466 omnibus
2729 3411 2830 3464 frui
2878 3410 3200 3465 concedatur
3225 3452 3240 3473 ,
3272 3409 3442 3476 gratia
3487 3417 3540 3462 et

1957 3503 2319 3556 misericordia
2369 3503 2574 3556 Domini
2620 3503 2788 3555 nostri
2818 3501 2944 3556 Jesu
2987 3499 3222 3566 Christi,
3271 3515 3392 3552 cum
3436 3513 3544 3566 quo

1958 3593 2100 3646 Patri
2140 3593 2298 3646 simul
2327 3603 2379 3647 et
2421 3593 2637 3662 Spiritui
2662 3601 2844 3646 sancto
2883 3593 2953 3645 sit
2980 3591 3145 3660 gloria
3171 3632 3184 3655 ,
3220 3590 3539 3658 imperium,

1958 3685 2158 3749 honor,
2207 3701 2347 3739 nunc
2375 3695 2430 3739 et
2471 3700 2715 3753 semper,
2756 3694 2810 3738 et
2859 3685 2910 3737 in
2952 3683 3144 3736 smcula
3200 3682 3536 3736 saeculorum.

1956 3777 2145 3832 Amen.

2491 3886 2770 3940 llOMlLIA
2848 3885 3004 3938 LVII.

1959 4005 2178 4059 Factum
2200 4013 2271 4057 est
2299 4013 2466 4055 autem
2492 4012 2754 4072 postquam
2782 4001 2969 4070 peperit
2998 3999 3190 4054 Rachel
3217 3996 3428 4068 Ioseph,
3455 3998 3538 4050 di-

2025 4097 2097 4151 xit
2124 4094 2285 4148 Jacob
2307 4095 2374 4146 ad
2402 4093 2570 4146 Laban
2604 4109 2622 4146 :
2647 4091 2856 4144 Dimitte
2881 4107 2974 4152 me,
3007 4099 3062 4142 ut
3091 4090 3264 4142 abeam
3292 4089 3343 4141 in
3371 4089 3536 4141 locum

2028 4206 2192 4243 meum
2212 4198 2256 4241 et
2285 4188 2338 4240 in
2363 4197 2546 4240 terram
2571 4202 2730 4240 meam
2749 4182 2902 4254 (Gen.
2918 4184 3006 4238 50.
3031 4183 3140 4251 25).

2027 4322 2347 4391 LExempla
2369 4330 2659 4374 sanctorum
2682 4318 2929 4371 imitanda
2963 4316 3106 4370 nobis
3146 4315 3379 4385 proponit
3404 4315 3541 4370 Scrid

1956 4427 2127 4482 ptura.
2160 4413 2548 4467 Mansuetudine
2588 4411 2718 4464 nihil
2753 4409 2986 4463 ualidius.
3019 4438 3090 4448 —
3111 4407 3380 4476 Reliquias
3422 4405 3538 4460 heri

1954 4505 2214 4558 dictorum
2269 4513 2507 4557 nostrum
2543 4513 2624 4556 est
2649 4501 2806 4555 hodie
2832 4508 3023 4554 vestrae
3048 4499 3251 4553 caritati
3275 4497 3534 4563 reddere,

1955 4609 2011 4652 ut
2047 4613 2112 4650 ex
2159 4597 2241 4649 his
2270 4611 2386 4666 qua:
2417 4611 2556 4648 nunc
2601 4593 2850 4647 dicuntur
2878 4593 3145 4646 discentes
3171 4600 3226 4646 et
3252 4589 3537 4660 providen-

1959 4693 2080 4743 tiam
2113 4691 2232 4750 Dei,
2261 4704 2418 4759 quam
2455 4703 2579 4757 erga
2605 4686 2772 4741 Jacob
2798 4684 3110 4749 declaravit,
3131 4693 3185 4738 et
3205 4683 3334 4751 justi
3367 4682 3537 4752 pieta-

1958 4793 2063 4836 tem
2093 4791 2424 4851 spectantes,
2458 4779 2722 4833 imitemur
2749 4777 2864 4846 ejus
2892 4775 3155 4829 virtutem.
3187 4773 3368 4843 Neque
3386 4774 3530 4827 enim

1954 4880 2158 4945 absque
2199 4891 2357 4931 causa
2407 4874 2578 4928 sancti
2629 4873 2858 4942 Spiritus
2897 4871 3065 4941 gratia
3112 4871 3336 4939 scriptas
3381 4868 3530 4922 nobis

1957 4970 2169 5038 reliquit
2213 4968 2371 5022 hasce
2419 4966 2700 5030 historias,
2733 4964 2826 5019 sed
2870 4973 2926 5017 ut
2954 4963 3021 5017 ad
3058 4961 3450 5016 mmulatiuuem
3481 4969 3528 5013 et

1957 5063 2304 5116 imitationem
2353 5069 2618 5114 tantorum
2687 5059 2920 5111 virormn
2983 5063 3252 5124 provocet.
3311 5051 3538 5118 Quando

1957 5155 2097 5208 enim
2158 5153 2401 5225 audimus
2457 5151 2612 5219 hujus
2676 5149 2888 5218 quidem
2947 5146 3333 5208 obedientiam,
3386 5143 3537 5195 istius

1957 5259 2132 5300 autem
2176 5243 2588 5307 continentiam,
2621 5242 2762 5295 illius
2807 5255 2932 5293 vero
2960 5239 3010 5291 in
3058 5235 3353 5304 hospitibus
3381 5233 3534 5287 colli-

1956 5340 2141 5409 gelidis
2167 5337 2576 5392 sollicitudinem
2599 5377 2614 5401 ,
2646 5345 2996 5403 magnamque
3020 5329 3346 5398 singulorum
3373 5327 3539 5379 virtu-

1959 5443 2164 5490 tem.ac
2212 5429 2478 5500 quomodo
2536 5429 2865 5489 clarueriut,
2928 5424 2996 5477 ad
3047 5421 3240 5476 similia
3297 5418 3534 5477 facienda

1957 5527 2273 5579 excitamur.
2315 5525 2425 5592 Age
2456 5523 2614 5590 igitur
2641 5521 2704 5574 ad
2737 5536 2796 5574 ea
2831 5534 2949 5587 qua:
2982 5516 3160 5570 relicta
3193 5523 3315 5567 sunt
3358 5513 3412 5566 in
3457 5511 3539 5565 hi-

1958 5617 2120 5671 storia
2152 5615 2441 5683 illiusjusti
2473 5613 2627 5666 hodie
2648 5610 2985 5675 accedentes;
3016 5608 3176 5662 tinem
3203 5609 3537 5675 imponamus

1956 5707 2208 5762 sermoni.
2250 5705 2340 5762 25.
2392 5704 2608 5758 Factum
2662 5712 2735 5757 est
2777 5712 2978 5766 autem,
3028 5701 3229 5770 inquit,
3277 5709 3538 5767 postquam

1955 5804 2147 5870 peperit
2179 5798 2368 5854 Rachel
2391 5796 2582 5866 Joseph
2602 5837 2618 5864 ,
2644 5794 2771 5848 dixit
2796 5792 2955 5849 Jacob
2980 5793 3046 5846 ad
3080 5790 3253 5846 Laban
3283 5806 3301 5844 :
3331 5789 3540 5843 Dimitte
