4038 6358
529 290 554 340 ί
566 290 629 342 ‘JI

527 407 717 462 τεῦθεν
747 381 1160 476 τικτόμενονοτῷ
1191 406 1402 477 δικαίῳ.
1445 408 1712 460 ’Ἤκουσε
1742 405 1851 472 γὰρ
1886 404 1956 455 τὰ
1989 400 2099 468 fli-

525 509 680 560 ματα
711 489 827 543 τῶν
858 488 1004 542 υίῶν
1037 489 1237 542 Λιίϐαν
1259 490 1581 558 λεγόντων·
1607 490 1874 554 Εἷληφεν
1903 484 2112 538 Ἰακὼϐ

530 573 726 628 πάντα
771 573 842 626 τὰ
886 572 994 625 τοῦ
1030 573 1254 640 πατρὸς
1292 571 1499 640 ἡμῶν,
1554 571 1652 623 καί
1705 571 1772 622 ἐκ
1831 566 1950 620 τῶν
2003 569 2106 620 τοῦ

530 659 753 725 πατρὸς
776 655 943 724 ἡμῶν
962 656 1254 722 πεποίηκε
1283 653 1491 710 πᾶσαν
1515 654 1632 722 τὴν
1655 653 1844 716 δόξαν
1861 651 2105 716 ταύτην.

533 741 672 808 Ὅρα
720 738 838 802 πῶς
870 740 903 808 ὴ
939 737 1202 807 βασκανία
1234 739 1314 802 είς
1356 736 1750 808 ἀγνωμοσύνην
1783 735 1979 799 αὐτοὺς
2025 735 2111 785 ἐν-

533 824 727 892 ήγαγε,
770 821 863 874 καὶ
898 822 997 874 οὐκ
1028 822 1225 885 αὐτοὺς
1255 822 1436 892 μόνον,
1481 819 1618 872 ἀλλά
1650 817 1912 889 xa1[551]
1948 816 2110 870 αὐτὸν

531 903 622 957 τὸν
645 903 850 958 Λάϐαν.
881 903 1018 957 Εῖδε
1042 905 1172 974 γὰρ,
1205 905 1392 974 φησὶν,
1441 903 1653 958 Ἰακὼϐ
1687 900 1754 954 τὸ
1787 901 2112 968 πρόσωπον

533 985 754 1049 Λάϐαν,
787 986 882 1040 καὶ
917 986 1044 1040 ἰδοὺ
1069 990 1180 1040 οὐκ
1209 983 1287 1056 ἦν
1316 987 1466 1054 πρὸς
1489 987 1695 1044 αὐτὸν,
1723 985 1803 1048 ὼς
1839 983 1982 1052 χθὲς
2010 980 2111 1034 καί

533 1072 742 1138 τρίτην
770 1071 1016 1138 ἡμέραν.
1048 1070 1129 1122 Τὰ
1157 1070 1266 1141 γὰρ
1298 1072 1516 1140 ῥήματα
1555 1069 1662 1122 τῶν
1695 1068 1898 1121 παίδων
1927 1065 2109 1118 διεσά-

536 1153 723 1205 λευσεν
749 1153 912 1206 αὐτοῦ
931 1154 1026 1223 τὴν
1047 1153 1304 1212 διάνοιαν,
1325 1153 1419 1205 καὶ
1441 1151 1790 1204 ἐπιλαθέσθαι
1815 1148 2111 1219 πεποίηκεν

534 1227 609 1284 ὧν
637 1230 828 1302 πρώην
854 1231 1230 1301 διαλεγόμενος
1256 1231 1332 1301 τῷ
1363 1229 1556 1283 Ἰακὼϐ
1578 1228 1894 1298 ἐφθέγξατο,
1919 1227 2108 1290 εἰπὼν,

537 1315 854 1383 Εὺλόγ-ησέ
869 1332 946 1383 με
965 1318 996 1368 ὀ
1027 1315 1168 1379 Θεὸς
1194 1314 1292 1367 ἐπί
1321 1312 1395 1380 τῇ
1422 1313 1505 1381 σῇ
1530 1312 1762 1380 εἰσόδῳ·
1794 1311 1887 1365 καὶ
1911 1312 1940 1364 6
1960 1312 2114 1381 εὐχα-

540 1397 801 1468 ριστήσας
827 1397 904 1467 τῷ
932 1397 1175 1468 Δεσπότῃ
1195 1439 1208 1460 ,
1250 1397 1330 1450 ὅτι
1363 1396 1450 1450 διὰ
1477 1398 1575 1468 τὴν
1605 1394 1699 1448 τοῦ
1737 1394 1946 1447 δικαίου
1973 1410 2114 1464 παρα

539 1480 726 1532 ουσίαν
773 1480 1064 1548 αὐξηθῆναι
1116 1480 1279 1532 αὐτοῦ
1317 1479 1412 1550 τὴν
1457 1479 1775 1549 περιουσίαν
1820 1478 2109 1548 πεποίηκε,

540 1563 634 1614 νῦν
662 1564 1040 1634 παρατραπεὶς
1069 1563 1167 1630 τὴν
1194 1564 1432 1616 διάνοιαν
1465 1564 1568 1615 ὐπὸ
1599 1562 1708 1616 τῶν
1745 1563 1975 1622 παίδων,
2020 1562 2115 1614 καὶ

542 1649 621 1707 είς
653 1645 950 1714 βασκανίαν
972 1645 1241 1714 ὲξαφθεὶς,
1288 1645 1418 1709 ἴσως
1448 1646 1634 1716 ἐπειδὴ
1666 1647 1811 1714 ἐώρα
1853 1645 1910 1697 ἐν
1945 1645 2112 1714 πολλῇ

541 1728 828 1798 περιουσίᾳ
854 1728 944 1780 τὸν
977 1727 1183 1780 δίκαιον
1230 1728 1587 1796 τυγχάνοντα,
1615 1729 1712 1798 οὐχ
1737 1728 1938 1798 ὁμοίως
1965 1728 2116 1797 αὐτῷ

542 1809 947 1880 προσφέρεσθαι
972 1811 1240 1863 ἐϐούλετο.
1268 1808 1405 1864 Είδε
1427 1811 1555 1882 γὰρ,
1590 1813 1773 1882 φησὶν,
1817 1811 2025 1866 Ἰακὼϐ
2049 1811 2114 1864 τὸ

541 1893 869 1959 πρόσωπον
890 1893 1109 1958 Λάϐαν,
1133 1893 1231 1947 καὶ
1264 1895 1390 1948 ἰδοὺ
1417 1898 1526 1948 οὐκ
1549 1891 1627 1964 ἡν
1663 1895 1814 1961 πρὸς
1837 1895 2022 1948 αὐτὸν
2037 1895 2117 1959 ὠς

541 1974 684 2043 χθὲς
713 1975 812 2026 καὶ
848 1975 1055 2043 τρίτην
1079 1977 1324 2045 ἡμέραν.
1354 1973 1506 2040 Εἶδες
1538 1977 1630 2029 τοῦ
1662 1978 1758 2048 μὲν
1779 1977 1988 2030 δικαίου
2019 1977 2118 2046 τὴν

542 2056 742 2127 πολλὴν
765 2058 1085 2121 ἐπιείκειαν,
1118 2059 1340 2112 ἐκείνων
1369 2060 1542 2131 δὲτὴν
1576 2060 1991 2130 ἀγνωμοσύνηνο
2024 2061 2118 2112 καὶ

542 2139 690 2202 ὅπως
724 2140 785 2191 οὐ
821 2140 1077 2211 φέροντες
1116 2143 1366 2211 κατέχειν
1399 2144 1496 2213 τὴν
1531 2142 1851 2213 βασκανίαν,
1901 2144 1994 2196 καὶ
2023 2142 2116 2195 τοῦ

543 2222 750 2292 πατρὸς
783 2224 880 2293 τὴν
927 2224 1150 2294 γνώμην
1190 2225 1576 2291 διεσάλευσαν;
1617 2229 1759 2297 Ὅρα
1808 2227 1992 2280 λοιπὸν
2023 2225 2117 2280 τοῦ

543 2307 679 2359 Θεοῦ
715 2307 810 2376 τὴν
842 2310 1044 2376 ἄφατον
1071 2309 1416 2380 κηδεμονίαν,
1457 2313 1552 2363 καὶ
1583 2312 1680 2382 ὅσῃ
1711 2313 2118 2380 συγκαταϐάσει

546 2389 830 2460 κέχρηται,
883 2390 1100 2443 ἐπειδὰν
1146 2389 1229 2465 ἴδῃ
1261 2392 1328 2444 τά
1355 2395 1484 2464 παρ’
1515 2394 1724 2446 ἑαυτῶν
1770 2395 2121 2464 εἰσφέροντας

545 2473 714 2541 ἡμᾶς.
766 2473 940 2544 ὐρῶν
983 2473 1092 2545 γὰρ
1141 2477 1225 2528 τὸν
1261 2477 1466 2529 δίκαιον
1499 2477 1588 2530 ὑπ’
1616 2477 1793 2530 αὐτῶν
1837 2477 2121 2547 βασκαινό-

549 2573 729 2626 μενον,
766 2557 898 2625 φησὶ
936 2557 1070 2627 πρὸς
1096 2557 1186 2611 τὸν
1223 2559 1437 2611 Ἰακώϐ*
1469 2560 1869 2628 Ἆποστρέςρου
1900 2563 1988 2626 είς
2007 2560 2122 2628 τὴν

548 2637 666 2706 γῆν
696 2639 800 2691 τοῦ
825 2643 1049 2707 πατρός
1074 2655 1212 2704 σου,
1243 2643 1338 2695 καὶ
1366 2647 1454 2709 εις
1482 2645 1595 2711 τὴν
1618 2643 1834 2712 γενεάν
1852 2658 2000 2709 σου,
2021 2643 2120 2696 καί

547 2719 762 2785 ἔσομαι
786 2722 935 2788 μετὰ
964 2722 1103 2776 σοῦ.
1148 2723 1506 2795 Ἀρκέσθητι,
1555 2728 1720 2797 φησὶ,
1770 2729 1837 2797 τῇ
1883 2727 1976 2778 ἐπὶ
2023 2726 2123 2795 τῆς

549 2803 707 2873 ξένης
736 2803 999 2876 διαγωγῇ.
1027 2806 1205 2878 ’Λπερ
1234 2809 1550 2881 ὑπεσχόμην
1583 2826 1663 2863 σοι
1697 2809 1887 2880 πρώην
1913 2810 2085 2876 λέγων
2105 2849 2121 2873 ,

563 2885 937 2954 Ἃποστρέιίυ
974 2903 1047 2940 σε
1077 2891 1164 2955 είς
1208 2891 1321 2960 τὴν
1364 2889 1480 2960 γῆν
1523 2907 1660 2956 σου,
1708 2892 1880 2946 ταῦτα
1915 2891 2007 2945 νῦν
2045 2893 2125 2954 είς

551 2968 711 3036 ἔργον
749 2971 976 3039 ἀγαγεῖν
1013 2971 1292 3042 βούλομαι.
1343 2974 1585 3028 Ἐπάνιθι
1614 2976 1794 3028 τοίνυν
1839 2975 2005 3046 μηδὲν
2037 2975 2122 3027 δε-

551 3051 774 3114 δοικώς·
823 3053 970 3121 Ἐγὼ
999 3054 1105 3125 γὰρ
1148 3056 1361 3124 ἐσομαι
1389 3059 1537 3125 μετὰ
1565 3059 1703 3112 σοῦ.
1735 3060 1849 3111 Ἵνα
1897 3058 2003 3130 γὰρ
2051 3058 2127 3129 μὴ

552 3133 910 3206 ὀκνηρότερος
942 3137 1164 3208 γένηται
1193 3142 1220 3191 6
1246 3140 1450 3204 δίκαιος
1484 3145 1610 3214 περὶ
1655 3145 1752 3213 τὴν
1794 3143 2125 3212 ἀποδημίαν,

553 3216 688 3269 ἀλλά
746 3220 882 3288 μετά
914 3219 1004 3272 τοῦ
1035 3219 1253 3292 θαρρεῖν
1291 3223 1494 3294 ἅψηται
1541 3225 1640 3295 τῆς
1694 3226 1992 3291 ἐπανόδου,
2041 3226 2129 3280 διά

552 3300 710 3352 τοῦτό
741 3319 926 3370 φησιν·
971 3304 1118 3374 Ἐγὼ
1150 3305 1361 3374 ἔσομαι
1401 3307 1550 3375 μετὰ
1588 3310 1726 3362 σοῦ’
1759 3312 1787 3362 6
1825 3309 1986 3381 μέχρι
2036 3309 2128 3362 τοῦ

555 3385 823 3453 παρόντος
865 3385 935 3438 τὰ
982 3387 1124 3440 κατά
1167 3389 1226 3440 σὲ
1256 3391 1650 3461 οίκονομήσας,
1691 3393 1786 3446 καὶ
1831 3393 2130 3463 αὐξηθῆναί

558 3485 654 3521 σου
691 3471 752 3522 τὸ
789 3473 1009 3542 σπέρμα
1039 3475 1290 3544 ποιήσας,
1327 3474 1438 3542 ἐγὼ
1466 3477 1560 3529 καὶ
1586 3478 1666 3539 είς
1696 3477 1756 3529 τὸ
1789 3477 1916 3548 ἑξῆς
1949 3480 2130 3532 Ἔσο-

555 3569 660 3621 μαι
681 3555 831 3621 μετὰ
859 3556 994 3610 σοῦ.
1029 3557 1210 3610 Ταῦτα
1241 3558 1482 3622 ἀκούσας
1523 3562 1552 3612 6
1591 3561 1798 3625 δίκαιος
1844 3562 1994 3633 παρὰ
2038 3563 2131 3616 τοῦ

559 3637 712 3700 Θεοῦ,
742 3638 841 3690 οὐκ
865 3637 1156 3709 ἡμέλλησε,
1185 3641 1298 3692 ἀλλ’
1323 3641 1420 3712 ἤδη
1454 3643 1589 3713 πρὸς
1616 3642 1774 3695 τοῦτο
1796 3646 2135 3715 παρεσκευά-

560 3720 700 3783 ζετο.
741 3722 1130 3789 Ἀποστείλας
1163 3725 1290 3794 γὰρ,
1349 3725 1535 3796 φησιν,
1587 3728 1844 3781 ἐκάλεσε
1907 3729 2135 3798 Ῥαχὴλ

564 3804 661 3856 καί
691 3805 872 3857 Λείαν
890 3809 976 3871 εἰς
993 3806 1054 3857 τὸ
1077 3807 1303 3871 πεδίον,
1323 3805 1394 3863 οὗ
1413 3809 1483 3862 τὰ
1504 3810 1748 3878 ποίμνια
1767 3811 2134 3880 ἐποίμαινεν,

563 3886 662 3939 καί
688 3883 856 3941 εἶπεν
884 3889 1112 3954 αὑταῖς.
1160 3892 1444 3962 Προθεῖναι
1483 3893 1732 3962 βούλεται
1766 3898 1885 3954 ταῖς
1922 3895 2138 3963 γυναιξὶ

567 3969 665 4039 τὴν
693 3972 819 4040 περὶ
861 3973 960 4042 τῆς
990 3974 1298 4044 ἀποδημίας
1321 3975 1624 4044 διάσκεψιν,
1658 3979 1751 4030 καὶ
1785 3981 2047 4050 γνωρίσαι
2079 3980 2140 4033 τό

564 4067 621 4104 τε
649 4054 740 4104 τοῦ
773 4055 905 4106 Θεοῦ
934 4056 1283 4127 πρόσταγμα,
1306 4061 1404 4128 τήν
1429 4077 1489 4111 τε
1523 4060 1618 4112 τοῦ
1653 4062 1858 4132 πατρὸς
1883 4063 2010 4130 περὶ
2039 4064 2138 4116 αὐ-

567 4135 652 4190 τὸν
683 4135 997 4205 βασκανίαν.
1021 4138 1167 4195 Εῖπε
1191 4142 1300 4213 γὰρ
1319 4183 1334 4206 ,
1363 4145 1525 4213 φησὶν
1545 4188 1560 4211 ,
1603 4145 1829 4211 αὑταῖς·
1871 4147 2008 4214 Ὁρῶ
2025 4147 2140 4218 ἐγὼ

568 4218 631 4270 τὸ
655 4221 980 4288 πρόσωπον
1006 4223 1109 4277 τοῦ
1127 4225 1346 4291 πατρὸς
1372 4226 1559 4295 ὑμῶν,
1587 4227 1673 4280 ὅτι
1697 4231 1808 4281 οὐκ
1840 4229 1970 4282 ἐστι
1992 4233 2139 4298 πρός

561 4317 638 4373 με
669 4303 748 4368 ὠς
801 4304 944 4373 χθὲς
980 4306 1076 4358 καὶ
1115 4307 1321 4375 τρίτην
1348 4308 1597 4377 ἡμέραν.
1635 4309 1688 4361 Ὁ
1743 4309 1811 4361 δὲ
1853 4311 1995 4376 Θεὸς
2033 4313 2139 4366 τοῦ

565 4387 788 4454 πατρός
812 4405 930 4454 μου
963 4385 1044 4459 ἦν
1059 4391 1186 4458 μετ’
1222 4391 1387 4459 ἐμοῦ.
1418 4393 1601 4446 Αὐταὶ
1632 4393 1701 4446 δὲ
1725 4393 1922 4447 οἴδατε
1952 4396 2037 4446 ὅτι
2073 4397 2141 4449 ἐν

567 4467 734 4537 πάσῃ
775 4469 846 4538 τῇ
889 4473 1061 4539 ἰσχύϊ
1092 4490 1210 4540 μου
1240 4473 1608 4529 δεδσύλευκα
1641 4474 1722 4541 τῷ
1750 4478 1921 4544 πατρὶ
1954 4476 2139 4546 ὑμῶν.

578 4551 634 4601 '0
671 4551 738 4603 δὲ
770 4553 963 4618 πατὴρ
986 4553 1152 4622 ὑμῶν
1175 4557 1628 4624 παρεκρούσατό
1641 4576 1740 4627 με,
1781 4559 1879 4611 καὶ
1909 4561 2142 4628 ἤλλαξε

567 4637 676 4691 τόν
701 4641 923 4705 μισθόν
965 4658 1080 4708 μου
1127 4642 1250 4695 τῶν
1266 4643 1411 4696 δέκα
1428 4643 1650 4712 ἁμνῶν,
1671 4646 1769 4699 καί
1785 4649 1897 4700 οὐκ
1920 4649 2143 4703 ἔδωκεν

568 4720 729 4786 αὐτῷ
762 4725 794 4775 ὀ
839 4723 983 4788 Θεὸς
1033 4724 1435 4794 κακοποιῆσαί
1481 4745 1576 4797 με.
1630 4729 1764 4782 Ἐὰν
1802 4732 1912 4799 γὰρ
1956 4732 2144 4798 οὕτως

567 4806 730 4873 εἵπῃο
766 4803 807 4858 Τ
807 4805 845 4858 ὰ
879 4808 1125 4860 ποικίλα
1169 4807 1340 4862 ἔσται
1376 4825 1475 4863 σοι
1503 4813 1746 4879 μισθός·
1783 4815 1878 4866 καί
1915 4815 2142 4878 τέξεται

569 4889 765 4941 πάντα
815 4894 887 4942 τὰ
915 4892 1180 4957 πρόϐατα
1225 4897 1491 4947 ποικίλα.
1551 4895 1685 4948 Ἐὰν
1733 4895 1802 4948 δὲ
1849 4899 2026 4966 εῑπῃο
2067 4899 2144 4953 Τὰ

569 4971 762 5024 λευκὰ
795 4971 966 5025 ἔσται
1009 4989 1107 5026 σοι
1147 4977 1384 5042 μισθός·
1428 4975 1526 5029 καί
1573 4978 1801 5040 τέξεται
1842 4979 2038 5033 πάντα
2072 4983 2145 5035 τὰ

571 5055 836 5120 πρόϐατα
867 5056 1077 5109 λευκά·
1116 5058 1214 5111 καὶ
1254 5059 1531 5127 ἀφείλετο
1572 5063 1604 5112 ὁ
1654 5062 1796 5127 Θεὸς
1833 5063 2028 5117 πάντα
2071 5065 2145 5118 τὰ

571 5137 762 5206 κτήνη
792 5137 898 5192 τοῦ
936 5141 1154 5207 πατρὸς
1191 5141 1375 5209 ὑμῶν,
1409 5143 1505 5195 καί
1528 5142 1710 5196 ἐδωκὲ
1733 5163 1833 5213 μοι
1864 5146 2034 5202 αὐτά.

643 5259 690 5322 γ’
698 5257 860 5327 ,Ὅρα
883 5257 997 5322 πῶς
1025 5259 1309 5331 ἀμφότερα
1335 5262 1503 5324 αὐτὰς
1520 5263 1778 5326 διδάσκει,
1803 5266 1897 5317 καὶ
1923 5267 2014 5319 τοῦ
2040 5285 2143 5322 πα-

570 5338 699 5406 τρὸς
716 5338 813 5408 τὴν
839 5341 1229 5413 ἀγνωμοσύνην
1250 5343 1346 5415 τὴν
1366 5361 1429 5396 πε
1441 5347 1492 5415 91
1511 5347 1693 5409 αὐτὸν,
1711 5348 1802 5400 καὶ
1826 5348 1923 5420 τὴν
1938 5352 2144 5405 οἰκείαν

571 5420 807 5486 εὔνοιαν,
841 5425 907 5494 ἣν
953 5427 1080 5497 περὶ
1119 5427 1217 5498 τὴν
1265 5428 1508 5482 δουλείαν
1555 5431 1883 5496 ἐπεδείξατο.
1936 5435 2145 5489 Οἴδατε

572 5504 706 5575 γὰρ,
735 5506 917 5576 φησὶν,
947 5507 1037 5562 ὅτι
1061 5509 1129 5562 ἐν
1155 5511 1322 5579 πάσῃ
1353 5511 1425 5580 τῇ
1449 5514 1620 5582 ίσχύῑ
1631 5532 1748 5583 μου
1777 5515 2146 5572 δεδούλευκα

573 5585 654 5671 τῷ
682 5590 854 5656 πατρὶ
880 5590 1065 5659 ὑμῶν.
1097 5595 1206 5646 Καὶ¹
1245 5594 1339 5666 τὴν
1373 5609 1522 5666 παρα
1551 5597 1641 5650 τοῦ
1668 5599 1800 5651 Θεοῦ
1836 5602 1961 5671 7:391
1986 5604 2146 5658 αὐτὸν

577 5669 778 5760 ἐναργῆ
815 5674 1152 5760 ’κηδεμονίαν
1210 5679 1507 5748 κατάδηλον
1555 5686 1716 5747 ποιεῖ,
1761 5669 1972 5748 δεικνύς
2003 5688 2083 5740 ὅτι
2108 5690 2142 5760 ἡ

579 5752 783 5839 ἄνωθεν
815 5754 962 5829 [552]
993 5761 1274 5831 συμμαχία
1296 5757 1363 5831 ἦν
1388 5765 1420 5833 ἡ
1441 5763 1501 5815 τὸ
1530 5766 1637 5818 πᾶν
1671 5766 2030 5839 ἐργαζομένη,
2051 5752 2144 5825 καί

584 5834 679 5903 τὴν
726 5841 1038 5905 περιουσίαν
1089 5842 1181 5896 τοῦ
1232 5844 1418 5899 Λάϐαν
1471 5849 1549 5910 είς
1601 5834 1761 5902 αὐτδν
1809 5834 2139 5919 μεθιστῶσα.

1203 286 1260 346 S.
1279 287 1564 343 .IOANNIS
1602 279 2090 341 CIIBYSOSTOMI

2230 280 2442 338 CIIIEP.
2483 283 3028 341 CONS'I'AN'I'INOP.

3682 280 3788 339 698

2225 403 2528 470 'Agsmsto
2544 402 2673 472 γὰρ,
2699 405 2884 471 φησὶν,
2909 405 2940 454 ό
2963 401 3108 464 Θεὸς
3125 399 3195 453 τὰ
3217 398 3404 465 κτήνη
3434 398 3540 451 τοῦ
3564 402 3790 466 πατρὸς

2214 485 2410 553 ὑμῶν,
2457 487 2552 539 καὶ
2597 485 2778 539 ἔδωκέ
2815 504 2915 553 μοι.
2958 481 3130 537 αὐτά.
3193 482 3454 551 Ἐγένετο
3500 481 3570 533 δὲ
3604 483 3790 546 ἡνίκα

2211 568 2548 621 ἑνεκίσσων
2574 570 2646 622 τὰ
2666 569 2950 636 πρόϐατα,
2990 567 3086 620 καὶ
3118 563 3282 619 εἶδον
3309 563 3434 628 τοῖς
3455 564 3790 632 ὀφθαλμοῖς

2207 668 2327 719 μου
2349 651 2419 702 ἐν
2451 651 2532 715 τῷ
2567 651 2763 717 ὕπνῳ,
2795 651 2892 704 καὶ
2923 650 3051 704 ίδοὺ
3085 652 3138 702 οὶ
3176 648 3377 718 τράγοι
3411 647 3509 698 καί
3548 651 3600 699 οἱ
3633 647 3792 713 κριοὶ

2213 734 2638 800 ἀναϐαίνοντες
2656 730 2819 802 ἦσαν
2835 733 2933 786 ἐπὶ
2963 729 3035 786 τὰ
3060 733 3322 800 πρόϐατα
3348 729 3566 794 καὶτὰς
3591 729 3788 798 αἶγας,

2214 817 2518 870 διὰλευκοι
2571 816 2669 869 καί
2717 816 2977 870 ποικίλοι
3023 815 3120 869 καὶ
3155 813 3528 877 σποδοειδεῖς
3553 813 3789 879 ραντοί.

2213 899 2322 953 Καὶ
2370 895 2502 952 εἶπέ
2546 917 2646 967 μοι
2681 902 2712 952 ό
2741 899 2995 968 ἅγγελος
3042 898 3146 950 τοῦ
3180 897 3325 950 Θεοῦ
3351 910 3375 937 α
3410 896 3536 948 καθ’
3567 895 3786 948 ὒπνονο

2230 982 2444 1034 Ἰακώϐ.
2486 981 2625 1048 Ἐγὼ
2655 980 2723 1033 δὲ
2754 978 2943 1034 εἶπον·
2987 980 3051 1034 Τί
3082 981 3244 1042 ἐστι;
3270 979 3376 1033 Καὶ
3402 975 3589 1032 εἶπενο
3639 977 3793 1030 Ἀνά-

2219 1066 2449 1132 ϐλεψον
2464 1063 2586 1130 τοῖς
2603 1063 2930 1133 ὀφθαλμοῖς
2951 1080 3089 1125 σου,
3123 1063 3220 1115 καὶ
3251 1063 3339 1115 ἴδε
3366 1062 3509 1126 τοὺς
3535 1061 3794 1130 τράγους

2213 1147 2312 1199 καὶ
2338 1146 2480 1213 τοὺς
2508 1148 2711 1215 κριοὺς
2737 1148 3170 1210 ἀναϐαίνοντας
3190 1144 3286 1197 ἐπὶ
3310 1144 3381 1197 τὰ
3405 1146 3666 1213 πρόϐατα
3693 1145 3792 1198 καὶ

2215 1231 2324 1294 τὰς
2357 1226 2563 1299 αἶγας,
2598 1230 2986 1294 ὃιαλεύκους,
3027 1229 3339 1293 ποικίλους
3382 1226 3479 1279 καὶ
3514 1225 3795 1279 030601;:-

2215 1313 2340 1378 δεῖς
2365 1314 2644 1380 ραντούς.
2688 1312 2948 1380 Ἑώρακα
2975 1311 3084 1382 γὰρ
3115 1311 3233 1364 ὅσα
3261 1327 3357 1364 σοι
3384 1308 3587 1363 Λάϐαν
3617 1308 3792 1362 ποιεῖ.

2297 1395 2458 1466 Ὁρᾷς
2491 1397 2571 1448 ὅτι
2613 1398 2646 1466 ἡ
2690 1395 2894 1448 ἀνωθεν
2927 1395 3174 1465 ἐνέργεια
3203 1389 3271 1464 ἦν
3313 1394 3346 1463 ἡ
3382 1393 3442 1446 τὸ
3476 1394 3584 1446 πᾶν
3627 1395 3797 1464 ἐργα-

2215 1477 2447 1549 ζομένη,
2486 1480 2579 1532 καὶ
2611 1479 2702 1531 τὸν
2731 1479 2938 1532 δίκαιον
2979 1479 3086 1531 τῶν
3119 1479 3380 1548 καμάτων
3418 1476 3793 1546 ἀμειϐομένης

2229 1560 2446 1632 Ἐπειδὴ
2473 1561 2580 1632 γὰρ
2611 1562 2818 1624 ἐκεῖνος
2841 1561 3112 1630 ἀγνώμων
3147 1562 3274 1631 περὶ
3306 1560 3468 1614 αὐτὸν
3500 1559 3731 1626 ἐγίνετο,
3765 1560 3797 1611 6

2217 1643 2496 1713 φιλότιμος
2545 1643 2818 1714 Δεσπότης
2861 1645 3000 1714 μετὰ
3040 1643 3320 1712 δαψιλείας
3367 1640 3656 1713 ἀμείϐεται
3707 1642 3799 1693 τὸν

2215 1725 2438 1778 δίκαιονο
2466 1726 2720 1794 Ἑώρακα
2745 1727 2875 1798 γὰρ,
2894 1728 3076 1796 φησὶν,
3111 1725 3230 1779 ὅσα
3253 1741 3351 1779 σοι
3382 1725 3586 1779 Λάϐαν
3611 1724 3798 1778 ποιεῖ.

2229 1809 2507 1862 Ἐντεῦθεν
2536 1810 2900 1880 μανθάνομεν,
2941 1812 3019 1862 ὅτι
3050 1809 3268 1862 ἐπειδὰν
3294 1809 3641 1879 ἀδικούμενοι
3666 1809 3800 1876 παρ’

2217 1892 2523 1945 οὑτινοσοῦν
2552 1891 2811 1956 ἐπιεικῶς
2836 1893 2930 1945 καὶ
2959 1894 3150 1964 πράως
3183 1893 3517 1962 ἐνέγκωμεν,
3551 1891 3799 1962 μείζονος

2218 1976 2310 2028 καὶ
2334 1975 2726 2046 δαψιλεστέρας
2753 1977 3096 2047 ἀπολαύομεν
3116 1977 3213 2047 τῆς
3233 1976 3438 2030 ἀνωθεν
3456 1975 3796 2045 συμμαχίας.

2219 2061 2310 2130 Μὴ
2337 2059 2514 2112 τοίνυν
2540 2060 2929 2132 ἀντιτείνωμεν
2967 2061 3102 2132 πρὸς
3135 2061 3260 2122 τοὺς
3296 2060 3628 2128 ἐπηρεάζειν
3669 2058 3794 2128 βουο

2219 2144 2497 2213 λομένους,
2529 2145 2664 2196 ἀλλά
2697 2145 2950 2215 φέρωμεν
2979 2145 3240 2212 γενναίως
3261 2183 3275 2204 ,
3308 2143 3512 2206 εἰδότες
3541 2143 3619 2206 ὡς
3637 2143 3665 2194 6
3688 2143 3802 2193 τῶν

2219 2228 2477 2282 ἀπάντων
2507 2229 2784 2300 Δεσπότης
2828 2229 2888 2280 οὐ
2923 2229 3239 2299 περιόψεται
3281 2229 3464 2298 ἡμᾶς,
3514 2227 3673 2297 μόνον
3702 2225 3801 2277 ἐὰν

2219 2315 2382 2382 ἡμεῖς
2405 2311 2502 2382 τὴν
2527 2312 2732 2364 οἰκείαν
2754 2311 3174 2383 εὐγνωμοσύνην
3201 2310 3618 2380 ἐπιδειξώμεθα.
3637 2309 3803 2378 Ἐμοὶ

2221 2396 2350 2466 γὰρ,
2381 2396 2564 2466 φησὶν,
2601 2396 2944 2462 ἐκδίκησις*
2992 2397 3106 2464 ἐγὼ
3154 2394 3560 2449 ἀνταποδώσω
3583 2435 3599 2457 ,
3637 2393 3801 2460 λέγει

2222 2481 2456 2546 Κύριος.
2486 2480 2583 2532 Διά
2605 2479 2762 2531 τοῦτο
2795 2480 2887 2532 καὶ
2906 2481 2934 2532 6
2975 2478 3167 2532 Ἰακὼϐ
3196 2479 3398 2546 ἔλεγεν·
3428 2480 3548 2532 Οὐκ
3578 2477 3804 2530 ἔδωκεν

2223 2561 2384 2627 αὐτῷ
2406 2566 2440 2616 o’
2471 2563 2614 2626 Θεὸς
2642 2562 3046 2630 κακοποιῆσαι
3072 2581 3167 2632 με.
3222 2562 3438 2632 Ἐπειδὴ
3480 2563 3591 2632 γὰρ
3637 2561 3803 2624 αὐτὸς

2223 2647 2629 2716 ἀποστερῆσαι,
2679 2648 2850 2716 φησὶ,
2913 2646 2980 2716 μὲ
3028 2645 3292 2716 ἐϐουλήθη
3355 2645 3460 2698 τῶν
3508 2645 3649 2715 ὑπὲρ
3692 2643 3804 2696 τῶν

2225 2731 2486 2802 καμάτων
2515 2729 2744 2799 μισθῶν,
2769 2731 2797 2782 6
2819 2729 3094 2798 Δεσπότης
3119 2729 3258 2799 μετά
3285 2730 3554 2798 τοσαύτης
3581 2746 3806 2799 περιουο

2227 2816 2348 2878 σίας
2379 2812 2476 2883 τὴν
2504 2813 2582 2875 εἰς
2613 2815 2761 2883 ἡμᾶς
2792 2813 3119 2884 κηδεμονίαν
3151 2811 3483 2878 ἐπεδείξατο,
3516 2811 3592 2875 ὡς
3622 2814 3806 2864 πᾶσαν

2225 2898 2394 2951 αὐτοῦ
2419 2899 2517 2966 τὴν
2568 2897 2755 2950 οὐσίαν
2796 2895 3134 2966 μεταστῆσαι
3168 2895 3245 2957 είς
3277 2897 3446 2965 ἡμᾶς.
3507 2896 3618 2948 Καὶ
3649 2894 3807 2957 εἰδὼς

2227 2981 2303 3045 ὡς
2333 2979 2442 3049 ἐγὼ
2473 2981 2571 3050 μὲν
2617 2979 2735 3048 μετ’
2766 2979 2977 3042 εὐνοίας
3016 2979 3111 3050 τὴν
3143 2978 3386 3031 δουλείαν
3435 2979 3802 3048 ἐποιησάμην,

2228 3067 2433 3125 ἐκεῖνος
2455 3062 2510 3114 δὲ
2534 3063 2594 3113 οὐ
2627 3063 3013 3133 προσηκόντως
3049 3079 3138 3130 μοι
3186 3061 3528 3132 προσηνέχθη
3551 3102 3565 3122 ,
3611 3060 3808 3113 τοσαύ-

2228 3165 2327 3220 την
2349 3149 2638 3216 ὲποιήσατο
2664 3144 2819 3215 ἡμῶν
2841 3145 2940 3216 τὴν
2960 3146 3237 3215 πρόνοιαν.
3268 3147 3376 3198 Καὶ
3402 3147 3482 3198 ὃτι
3507 3145 3606 3213 οὐχ
3624 3143 3808 3198 ἁπλῶς

2230 3231 2398 3284 ταῦτα
2425 3231 2590 3297 λέγω,
2630 3229 2750 3282 οὐδὲ
2787 3231 2906 3300 είκῆ
2939 3230 3032 3282 καὶ
3068 3229 3243 3300 μάτην
3283 3231 3610 3299 κατηγορεῖν
3643 3226 3809 3280 αὐτοῦ

2234 3314 2574 3384 βουλόμενος,
2609 3314 2700 3366 καὶ
2753 3313 2844 3365 τὸν
2878 3312 3010 3365 Θεὸν
3060 3313 3170 3382 ἔχω
3219 3313 3471 3382 μάρτυρα
3515 3314 3628 3374 τοῖς
3661 3312 3812 3381 παρά

2231 3396 2325 3451 τοῦ
2363 3397 2567 3467 πατρὸς
2598 3396 2750 3466 ὑμῶν
2781 3399 2862 3459 είς
2891 3397 2991 3466 ἐμὲ
3023 3397 3353 3466 γενομένοις.
3385 3395 3649 3462 Ἑώρακα
3680 3393 3812 3464 γὰρ.

2233 3480 2417 3549 φησὶν,
2449 3479 2566 3532 ὅσα
2604 3494 2702 3532 σοι
2736 3479 2940 3532 Λάϐαν
2973 3479 3146 3532 ποιεῖ·
3179 3481 3262 3532 ὅτι
3291 3480 3351 3531 οὐ
3386 3477 3479 3531 τοῦ
3516 3477 3711 3547 μισθοῦ
3749 3494 3812 3528 σε

2237 3565 2396 3635 μόνον
2423 3562 2814 3632 ἀπεστέρησεν,
2841 3562 2956 3615 ἀλλ’
2973 3563 3053 3616 ὅτι
3083 3563 3176 3616 καὶ
3205 3564 3303 3632 οὐχ
3326 3562 3528 3630 ὁμοίως
3554 3559 3649 3613 νῦν
3675 3559 3814 3631 πρὸς

2237 3646 2296 3698 σὲ
2318 3646 2602 3708 διάκειται,
2636 3645 2710 3708 ὡς
2735 3646 2828 3698 καὶ
2861 3645 3146 3715 πρότερον·
3187 3645 3322 3698 ἀλλά
3357 3644 3684 3714 διέφθαρται
3714 3643 3814 3711 τὴν

2235 3727 2478 3798 γνώμην.
2519 3727 2664 3796 Ἐγώ
2706 3730 2822 3796 εἰμι
2854 3731 2886 3780 ὀ
2919 3728 3062 3792 Θεός
3109 3743 3246 3789 σου,
3290 3731 3322 3781 ό
3352 3727 3556 3796 ἀερθείς
3608 3742 3710 3779 σοι
3744 3727 3816 3778 ἐν

2236 3812 2396 3873 τόπῳ
2448 3809 2620 3874 Θεοῦ,
2666 3806 2738 3865 οὗ
2786 3808 3046 3877 ἤλειψας
3077 3826 3180 3877 μοι
3226 3809 3354 3862 ἐκεῖ
3397 3809 3659 3874 στήλην.
3720 3808 3817 3870 Et;

2239 3891 2542 3962 ὑπόμνησιν
2593 3892 2753 3944 αὐτὸν
2811 3894 3038 3960 ἀγαγεῖν
3087 3892 3353 3961 βούλεται,
3402 3885 3477 3945 ὦν
3510 3890 3660 3960 αὐτῷ
3690 3891 3815 3942 τότε

2239 3975 2524 4044 ὑπέσχετο,
2545 3973 2736 4035 εἰπὼν,
2751 3976 2856 4039 Εἰς
2871 3973 3105 4042 πλῆθός
3118 3991 3190 4026 σε
3206 3974 3540 4043 αὐξηθῆναι
3557 3973 3815 4038 ποιὴσω,

2239 4058 2332 4110 καὶ
2355 4058 2435 4109 ὅτι
2470 4055 2823 4124 Διαφυλάεω
2853 4071 2926 4109 σε
2959 4059 3045 4120 είς
3073 4056 3186 4123 τὴν
3223 4056 3339 4126 γῆν
3370 4073 3507 4111 σου.
3553 4057 3698 4124 Ἐγὼ
3724 4053 3818 4109 οῦν

2239 4142 2266 4192 6
2289 4141 2410 4191 τότε
2438 4139 2623 4207 ὀφθείς
2649 4155 2730 4190 σοι
2757 4139 2848 4190 καὶ
2873 4140 2968 4202 τὰς
2999 4139 3318 4208 ὑποσχέσεις
3340 4141 3474 4210 πρὸς
3499 4140 3559 4192 σὲ
3587 4141 3814 4208 ποιητά-

2245 4239 2423 4291 μενος,
2443 4221 2553 4289 ἐγὼ
2573 4222 2666 4272 καὶ
2689 4221 2805 4282 νῦν,
2836 4221 3024 4293 ἐπειδὴ
3055 4222 3244 4292 καιρὸς
3263 4223 3410 4291 ἥκει,
3443 4221 3510 4274 τὰ
3538 4223 3662 4274 τότε
3689 4221 3818 4290 παρ’

2240 4304 2374 4374 ἐμοῦ
2405 4320 2485 4356 σοι
2511 4304 2911 4372 ἐπαγγελθέντα
2937 4307 3016 4367 εἰς
3039 4304 3196 4374 ἔργον
3217 4306 3353 4372 ἄγω,
3380 4305 3473 4358 καὶ
3498 4304 3820 4357 ἐπανελθεῖν

2243 4403 2302 4438 σε
2331 4385 2536 4439 κελεύω
2563 4387 2689 4449 ἄνευ
2731 4387 2987 4454 ἀγωνίας.
3032 4388 3195 4439 Μετὰ
3245 4387 3362 4441 σοῦ
3415 4387 3525 4456 τὰρ
3575 4387 3816 4455 ἔσομαι.

2255 4468 2400 4538 Ἐγώ
2424 4472 2539 4538 ειμι
2578 4473 2610 4522 ό
2645 4469 2784 4532 Θεὸς
2817 4473 2847 4521 ό
2883 4470 3078 4538 ὀφθείς
3135 4485 3228 4524 σοι
3269 4471 3338 4522 ἐν
3390 4469 3469 4533 τῷ
3518 4473 3709 4536 τόπῳ,
3741 4464 3819 4525 οὗ

2241 4551 2503 4619 ἤλειψας
2551 4569 2652 4617 μοι
2713 4553 2987 4619 στήλην,
3050 4552 3150 4603 καὶ
3201 4553 3366 4619 ηὔξω
3437 4570 3537 4622 μοι
3600 4551 3817 4620 εὐχήν.

2254 4635 2688 4704 ’Υπομιμνήσκει
2725 4635 2884 4687 αὐτὸν
2907 4635 3002 4702 τῆς
3026 4635 3190 4704 εὐχῆς
3222 4638 3315 4688 καὶ
3337 4636 3432 4705 τῆς
3462 4636 3818 4705 ἐπαγγελίας,

2240 4715 2308 4791 ἧς
2328 4720 2639 4788 ἐποιήσατο.
2663 4719 2751 4780 Τίς
2779 4718 2832 4770 δέ
2863 4713 2930 4788 ἦν
2947 4721 2979 4788 ἡ
2996 4719 3126 4788 εὐχή
3148 4736 3161 4783 ;
3184 4721 3306 4771 ’Ότι
3332 4715 3448 4772 τΩν
3464 4719 3655 4787 ἅνμοι
3674 4718 3816 4784 δῷς,

2243 4801 2674 4857 ἀποδεκατώσω
2712 4804 2864 4854 αὐτά
2907 4820 3022 4857 σοι.
3068 4803 3282 4872 Ἐπειδὴ
3338 4804 3443 4871 γὰρ
3478 4803 3599 4854 τότε
3649 4803 3819 4872 μηδὲν

2243 4885 2376 4949 ὅλως
2407 4887 2562 4952 ἐπιφε
2575 4886 2814 4956 ρόμενος.
2855 4886 2986 4939 ἀλλά
3006 4887 3254 4955 καθάπερ
3276 4885 3451 4954 φυγὰς
3478 4886 3578 4955 τὴν
3604 4886 3820 4938 ὁδοιπο-

2247 4969 2368 5040 ρίαν
2401 4968 2716 5038 ποιούμενος
2761 4968 2930 5020 ταῦτα
2967 4969 3188 5038 ηὔξατο,
3221 4968 3310 5020 διὰ
3347 4968 3503 5020 τοῦτό
3546 4985 3712 5038 φησιν
3742 4968 3774 5006 δ
3802 4985 3816 4997 ·

2255 5053 2446 5104 Ἠνίκα
2482 5069 2561 5104 σοι
2592 5051 2798 5122 ὤφθην,
2817 5051 2962 5120 ηὔξω
2985 5052 3134 5122 1⁵555]
3167 5053 3350 5122 εὐχὴν,
3378 5052 3578 5118 λέγων.
3605 5046 3713 5102 Ὧν
3736 5053 3822 5104 ἄν

2241 5155 2339 5206 μοι
2353 5135 2490 5200 δῷς,
2513 5134 2770 5202 δεκάτην
2783 5134 3216 5188 ἀποδεκατώσω
3241 5146 3400 5187 σοισ⁶
3420 5135 3508 5187 διὰ
3528 5136 3626 5205 τῆς
3650 5137 3819 5204 εὐχῆς

2245 5223 2337 5274 καὶ
2368 5223 2464 5290 τῆς
2501 5219 2832 5286 ἐπαγγελίας
2883 5217 2980 5288 τὴν
3029 5218 3255 5288 δύναμιν
3283 5219 3380 5289 τὴν
3413 5217 3550 5288 ἐμὴν
3596 5235 3818 5288 προμη-

2245 5305 2404 5367 νύων,
2438 5302 2532 5354 καὶ
2561 5303 2672 5363 τοῖς
2704 5301 2803 5369 τῆς
2833 5301 3066 5362 πίστεως
3112 5299 3409 5367 ὀφθαλμοῖς
3440 5301 3690 5371 προορῶν
3716 5300 3820 5371 τὴν

2249 5386 2541 5456 μέλλουσαν
2577 5383 2836 5454 εὐπορίαν
2862 5383 3077 5435 ἔσεσθαί
3108 5399 3208 5434 σοι·
3236 5382 3329 5434 νῦν
3366 5379 3458 5435 οὖν
3486 5384 3574 5436 ὅτε
3615 5386 3695 5446 εἰς
3719 5384 3820 5453 ἐρα

2245 5488 2340 5538 γον
2384 5470 2450 5522 τὰ
2496 5469 2623 5537 παρ’
2671 5467 2803 5538 ἐμοῦ
2847 5466 3103 5536 λεχθέντα
3157 5466 3238 5519 δεῖ
3263 5467 3455 5529 ἐλθεῖν,
3499 5469 3594 5520 καὶ
3627 5469 3820 5537 καιρὸς

2245 5555 2368 5623 ἥκει
2401 5552 2577 5605 καλῶν
2598 5550 2694 5621 τὴν
2717 5550 2879 5620 εὐχὴν
2899 5549 2995 5619 τὴν
3021 5548 3117 5618 σὴν
3138 5548 3508 5620 πληρωθῆναι.
3546 5549 3821 5603 Ἐπάνιθι

2246 5639 2364 5692 νῦν
2388 5633 2514 5697 οὖν,
2548 5634 2731 5704 φησὶν,
2758 5631 3068 5697 ἀνάστηθι,
3100 5631 3196 5684 καί
3232 5631 3441 5694 ἔξελθε
3473 5632 3540 5684 ἐκ
3563 5630 3675 5700 τῆς
3702 5631 3822 5700 γῆς

2315 5744 2340 5771 ⁸
2367 5741 2498 5795 Haec.
2524 5739 2608 5788 τοῦ
2632 5736 2774 5796 Θεοῦ,
2799 5751 2827 5786 e
2851 5737 2996 5784 Coisl.
3021 5740 3072 5783 et
3095 5735 3220 5798 Bibl.
3247 5737 3434 5798 adjgcla
3458 5745 3588 5798 sum,
3616 5737 3747 5785 Ευιτ.

2317 5801 2343 5840 ἱ·
2369 5803 2498 5859 Haec,
2517 5801 2726 5849 ταῦτα...
2751 5800 2920 5862 φησίν,
2949 5799 3132 5862 omini:
3153 5796 3427 5862 Coiisl.‘Ne_c
3447 5796 3610 5862 :cddil.
3628 5801 3815 5862 interp.

2317 5868 2339 5896 ο
2368 5868 2571 5919 Septem
2601 5877 2713 5912 mss.
2740 5859 2793 5910 Iit
2820 5860 2943 5911 Bibl.
2970 5860 3325 5908 ἀποδεκατώσω
3347 5859 3468 5907 αὐτα
3492 5876 3590 5908 σοι.
