4038 6358
246 323 353 377 197

236 436 557 488 dicentium:
589 433 787 501 Accepit
814 430 973 483 Jacob
1000 429 1166 482 omnia
1183 442 1292 497 qua:
1306 432 1419 478 sunt
1447 421 1603 491 patris
1632 418 1812 477 nastri,

234 538 291 579 et
322 542 387 579 ex
421 527 497 577 his
526 540 637 593 qua:
669 535 784 577 sunt
811 522 967 592 patris
994 520 1150 574 nostri
1180 520 1294 586 fecit
1323 532 1518 569 omnem
1544 515 1673 566 hanc
1700 512 1809 581 glo-

233 618 375 668 riam
419 614 580 685 (Cap.
606 613 719 685 3f).
757 613 887 667 Vide
914 609 1179 681 quomodo
1207 607 1400 662 invidia
1431 606 1665 674 ingratos
1699 604 1816 655 illos

234 706 512 766 reddidit;
542 720 647 759 non
675 704 790 758 illos
810 713 985 756 autem
1013 700 1182 753 solum
1204 739 1219 763 ,
1250 697 1344 751 sed
1371 706 1424 750 et
1445 697 1615 764 ipsum
1642 692 1814 747 Laba-

236 813 399 850 nnm.
434 796 570 849 Vidit
601 797 762 859 enim,
792 795 980 863 inquit,
1006 792 1167 845 Jacob
1189 790 1367 859 faciem
1390 786 1597 849 Laban,
1629 793 1677 839 et
1708 799 1820 837 ecce

234 904 349 940 non
378 897 484 942 erat
511 903 627 956 erga
655 902 708 940 se
733 885 860 939 sicut
890 884 993 937 heri
1018 891 1066 935 et
1091 876 1646 934 nudiustertius.Verha
1675 873 1817 928 enim

238 978 478 1031 filiorutn
502 977 636 1031 illius
664 984 893 1031 mentem
923 974 1035 1043 ejus
1062 973 1415 1031 turbaverant,
1438 977 1488 1023 et
1504 967 1819 1021 oblivionem

241 1065 570 1119 induxerant
600 1078 783 1118 eorum
812 1079 930 1133 qua:
967 1061 1172 1131 pridem
1199 1059 1378 1114 Laban
1406 1058 1610 1112 dixerat
1638 1054 1703 1108 ad
1732 1054 1820 1109 Ja-

240 1157 351 1211 cob
378 1156 461 1209 his
490 1154 663 1209 verbis
691 1171 704 1206 :
734 1152 994 1207 Benedixit
1019 1167 1096 1204 me
1125 1149 1260 1203 Deus
1285 1148 1352 1201 ad
1378 1149 1656 1216 ingressum
1680 1154 1821 1198 tuum

243 1246 406 1314 (Gen.
433 1245 522 1301 30.
549 1246 664 1315 27),
686 1254 741 1299 et
758 1244 956 1313 gratias
980 1250 1160 1311 egerat
1180 1241 1423 1304 Domino,
1445 1238 1584 1308 quod
1606 1246 1822 1306 propter

243 1338 537 1392 adventum
572 1336 704 1405 justi
739 1336 1014 1388 facultates
1051 1348 1160 1388 suae
1197 1341 1363 1386 aucta:
1403 1330 1644 1385 fuerant:
1680 1343 1823 1384 nunc

246 1436 457 1480 mutato
497 1441 588 1494 per
614 1426 841 1478 ﬁliorum
871 1425 1009 1478 dicta
1058 1424 1236 1477 animo
1265 1431 1319 1477 et
1346 1421 1539 1476 invidia
1568 1419 1815 1490 ﬂagrans,

246 1518 392 1572 forte
417 1516 539 1586 quia
562 1515 775 1570 videbat
799 1515 996 1584 justum
1018 1515 1171 1568 valde
1197 1514 1466 1568 abundare
1484 1554 1499 1579 ,
1531 1528 1633 1566 non
1664 1512 1821 1566 talem

249 1623 311 1661 se
342 1609 417 1661 illi
444 1607 765 1669 exhibebat,
790 1608 997 1675 qualem
1027 1615 1200 1660 antea.
1247 1606 1380 1658 Vidit
1408 1607 1548 1659 enim
1570 1645 1585 1669 ,
1618 1605 1816 1673 inquit,

246 1697 413 1751 Jacob
443 1698 622 1767 faciem
644 1696 817 1749 Laban
838 1737 852 1759 ,
875 1707 921 1749 et
945 1712 1057 1750 ecce
1077 1713 1177 1749 non
1200 1706 1304 1749 erat
1328 1712 1449 1764 erga
1473 1712 1527 1748 se
1550 1696 1676 1748 sicut
1715 1695 1822 1747 heri

250 1800 297 1839 et
329 1787 901 1841 nudiustertius.Vidisti
926 1786 1052 1854 justi
1080 1802 1320 1855 magnam
1342 1787 1819 1850 mansuetudinem,

249 1890 303 1930 et
332 1878 542 1931 illorum
574 1879 830 1947 ingratum
854 1880 1086 1931 animum
1107 1918 1121 1940 ,
1155 1892 1219 1931 ac
1241 1877 1507 1946 quomodo
1536 1891 1657 1931 cum
1682 1877 1820 1930 invi-

248 1968 395 2020 diam
426 1965 566 2020 ferre
605 1982 710 2020 non
744 1974 978 2035 possent,
1012 1968 1172 2035 patris
1214 1975 1442 2021 mentem
1472 1968 1819 2037 perturbave-

249 2057 420 2110 runt?
446 2056 595 2120 Vide,
620 2057 839 2110 obsecro
864 2097 877 2120 ,
905 2071 1045 2110 nunc
1070 2068 1123 2111 et
1151 2057 1241 2110 Dei
1271 2056 1588 2113 ineffabilem
1614 2059 1825 2113 miseri-

249 2148 512 2209 cordiam,
549 2158 601 2201 et
620 2157 817 2218 quanta
843 2149 1280 2218 attemperatione
1307 2156 1479 2202 utatur
1496 2190 1511 2214 ,
1534 2165 1652 2204 cum
1682 2150 1825 2204 videt

251 2256 355 2294 nos
386 2257 503 2310 quae
524 2253 702 2293 nostra
728 2250 850 2293 sunt
881 2239 1076 2294 facere.
1115 2240 1307 2295 Videns
1342 2241 1483 2295 enim
1521 2241 1719 2309 justum
1757 2240 1825 2295 ab

250 2331 361 2383 illis
388 2331 511 2383 odio
540 2330 743 2395 haberi,
774 2329 902 2383 dicit
928 2330 993 2383 ad
1019 2327 1179 2383 Jacob
1207 2346 1218 2382 :
1248 2330 1301 2384 5.
1331 2327 1592 2383 Revertere
1629 2332 1683 2383 in
1719 2341 1821 2384 ter-

249 2438 367 2473 ram
414 2435 613 2489 patrum
641 2430 861 2485 tuorum,
892 2431 938 2474 et
975 2421 1043 2473 ad
1071 2423 1439 2491 generationem
1467 2432 1634 2489 tuam,
1667 2432 1711 2475 et
1737 2438 1822 2475 ero

251 2524 440 2569 tecum.
470 2513 607 2567 Satis
630 2512 720 2566 diu
758 2523 996 2566 versatus
1022 2528 1109 2575 es,
1148 2513 1350 2583 inquit,
1374 2514 1425 2567 in
1459 2522 1597 2568 terra
1628 2513 1820 2567 aliena.

250 2604 386 2658 Nam
413 2621 530 2673 qua:
559 2590 759 2673 pridem
790 2606 879 2660 tibi
909 2606 1144 2674 promisi,
1171 2606 1351 2660 dicens
1370 2647 1384 2669 ,
1424 2604 1677 2659 Reducem
1699 2618 1744 2659 te
1770 2606 1826 2659 in

253 2706 444 2749 terram
478 2707 613 2749 tuam
642 2696 793 2767 (Gen.
825 2697 1064 2765 28.15),
1108 2712 1171 2751 ea
1214 2712 1355 2751 nunc
1398 2712 1560 2765 Opere
1604 2697 1825 2766 implere

250 2788 378 2841 volo
405 2807 419 2843 :
446 2798 713 2843 revertere
760 2789 918 2858 igitur
960 2787 1090 2842 nihil
1135 2788 1330 2843 timens
1357 2804 1371 2853 ;
1398 2787 1511 2857 Ego
1556 2789 1697 2842 enim
1738 2804 1824 2842 ero

253 2891 439 2932 tecum.
473 2877 543 2934 Ut
569 2880 725 2948 igitur
756 2880 930 2948 justus
970 2879 1178 2947 segnior
1217 2894 1323 2933 non
1367 2878 1457 2932 ﬁat
1509 2880 1562 2932 in
1617 2878 1825 2948 proﬁci-

251 2969 487 3036 scendo,
516 2970 609 3025 sed
647 2985 835 3039 magna
868 2969 1056 3024 ﬁducia
1096 2968 1196 3023 iter
1235 2970 1487 3039 arripiat:
1519 2969 1638 3024 ideo
1662 2969 1819 3034 dicit,

256 3063 369 3133 Ego
400 3078 484 3115 ero
515 3072 681 3115 tecum
704 3078 723 3116 :
752 3062 841 3131 qui
879 3061 1264 3133 hucusqueres
1292 3072 1408 3118 tuas
1436 3060 1743 3132 gubernavi,
1770 3070 1825 3117 et

253 3155 443 3225 augeri
468 3153 645 3207 curavi
684 3167 866 3207 semen
898 3161 1042 3208 tuum
1068 3192 1084 3219 ,
1114 3168 1213 3223 ego
1243 3163 1296 3207 et
1322 3153 1376 3208 in
1404 3164 1673 3223 posterum
1717 3152 1824 3208 Ero

253 3256 440 3299 tecum.
472 3244 595 3298 Haac
619 3253 677 3300 ut
700 3244 898 3299 audivit
930 3245 1105 3315 justus
1129 3260 1159 3297 a
1186 3245 1297 3300 Deo
1317 3284 1331 3307 ,
1360 3259 1465 3299 non
1505 3244 1604 3300 fuit
1649 3246 1819 3315 negli-

250 3350 406 3403 gens,
432 3335 522 3389 sed
545 3334 612 3389 ad
640 3334 739 3388 iter
765 3348 825 3389 se
850 3335 1097 3390 accinxit.
1121 3335 1174 3390 4.
1204 3335 1348 3389 Misit
1373 3336 1523 3400 enim,
1561 3336 1748 3406 inquit,
1776 3344 1823 3389 et

251 3427 444 3478 vocavit
471 3425 617 3479 Liam
642 3436 690 3478 et
716 3425 909 3480 Rachel
939 3428 991 3480 in
1021 3443 1253 3497 campum
1277 3427 1360 3480 ubi
1385 3439 1526 3481 erant
1552 3445 1748 3500 greges,
1774 3438 1820 3482 et

252 3518 382 3571 dixit
408 3518 498 3571 eis.
532 3518 831 3586 Proponere
861 3518 969 3572 vult
1001 3520 1307 3573 mulieribus
1344 3512 1683 3587 profectionis
1724 3536 1821 3575 ne-

250 3611 490 3675 gotium,
522 3617 574 3661 et
613 3608 910 3678 significare
937 3609 1015 3664 eis
1060 3609 1363 3664 mandatum
1390 3610 1520 3674 Dei,
1561 3620 1616 3665 et
1658 3612 1822 3679 patris

251 3713 378 3766 erga
402 3712 459 3752 se
487 3699 758 3753 odium.5.
796 3699 935 3751 Dixit
963 3700 1101 3753 enim
1124 3740 1139 3764 ,
1170 3701 1370 3767 inquit,
1399 3701 1470 3753 eis
1495 3716 1515 3753 :
1551 3699 1707 3754 Video
1731 3716 1821 3771 ego

255 3791 439 3853 faciem
468 3790 623 3859 patris
646 3791 811 3855 vestri,
830 3790 965 3860 quod
994 3806 1092 3843 non
1120 3790 1184 3843 sit
1216 3807 1333 3861 erga
1375 3807 1453 3843 me
1479 3791 1606 3844 sicut
1636 3792 1742 3844 heri
1772 3800 1818 3843 et

250 3879 616 3932 nudiustertius
642 3894 662 3932 :
686 3879 823 3933 Deus
864 3890 1028 3933 autem
1074 3881 1233 3949 patris
1263 3882 1357 3934 mei
1404 3882 1500 3951 fuit
1528 3898 1737 3934 mecum.
1762 3881 1816 3935 6.

251 3969 393 4039 Ipsa:
431 3982 596 4025 autem
617 3973 773 4038 scitis,
797 3973 929 4043 quod
959 3975 1135 4027 servivi
1181 3976 1314 4044 patri
1353 3985 1513 4029 vestro
1552 3992 1644 4046 pro
1682 3977 1817 4029 omni

249 4063 383 4114 virili
413 4078 543 4114 mea.
585 4064 636 4115 7.
677 4062 833 4116 Pater
874 4075 1039 4117 autem
1076 4075 1234 4118 vester
1273 4067 1592 4120 circumvenit
1626 4083 1736 4133 me,
1770 4077 1820 4120 et

248 4154 456 4205 mutavit
485 4154 758 4207 mercedem
782 4171 943 4207 meam
968 4155 1141 4208 decem
1170 4158 1312 4227 agnis
1344 4157 1382 4220 ¹,
1413 4167 1459 4209 et
1488 4174 1588 4211 non
1613 4158 1746 4211 dedit
1772 4158 1819 4210 ei

247 4244 389 4297 Deus
436 4253 494 4296 ut
544 4260 623 4296 me
668 4245 918 4315 aﬁligeret.
960 4246 1012 4299 8.
1048 4246 1108 4299 Et
1144 4264 1259 4300 cum
1295 4249 1367 4302 sic
1402 4249 1586 4302 diceret
1616 4264 1634 4301 :
1663 4248 1817 4303 Varia

245 4344 393 4387 erunt
422 4351 607 4388 merces
637 4344 722 4388 tua
753 4352 771 4389 :
801 4346 846 4389 et
870 4338 1127 4405 pariebant
1153 4355 1320 4391 omnes
1347 4356 1459 4393 oves
1500 4343 1658 4395 varia.
1688 4341 1816 4396 Cum

245 4434 414 4476 autem
444 4426 627 4478 diceret
654 4442 672 4478 :
699 4426 930 4480 Candida
950 4438 1094 4481 erunt
1128 4446 1312 4484 merces
1342 4440 1426 4483 tua
1448 4447 1467 4483 :
1489 4442 1535 4484 et
1557 4434 1815 4501 pariebant

244 4535 417 4571 omnes
438 4535 550 4572 oves
576 4520 794 4572 candida
815 4536 834 4573 :
862 4521 915 4574 9.
948 4532 993 4573 et
1019 4522 1131 4574 tulit
1152 4521 1289 4575 Deus
1329 4524 1497 4576 omnia
1518 4540 1697 4592 pecora
1715 4542 1813 4595 pa-

243 4610 335 4662 tris
360 4611 529 4673 vestri,
559 4620 605 4663 et
626 4611 762 4664 dedit
782 4612 902 4664 mihi
928 4628 1004 4664 ea.

316 4702 368 4755 ’5.
404 4700 537 4755 Vide
562 4701 827 4771 quomodo
855 4713 1137 4774 utrumque
1166 4706 1339 4769 docet,
1365 4716 1419 4761 et
1445 4708 1609 4773 patris
1635 4709 1812 4778 ingra-

244 4802 353 4844 tum
382 4806 504 4860 erga
527 4807 587 4846 se
613 4792 870 4860 animum,
892 4804 947 4848 et
974 4810 1123 4850 suum
1148 4799 1380 4853 studium
1407 4799 1543 4868 quod
1571 4804 1619 4852 in
1643 4801 1813 4854 servi-

242 4893 354 4937 tute
382 4882 694 4938 declaravit.
719 4885 873 4941 Scitis
902 4888 1063 4952 enim,
1097 4889 1298 4959 inquit,
1327 4908 1405 4945 me
1429 4907 1521 4961 pro
1548 4892 1681 4945 virili
1701 4909 1811 4945 mea

238 4976 501 5028 servivisse
530 4977 663 5043 patri
691 4988 871 5031 vestro.
900 4979 968 5033 Et
986 4980 1275 5037 declaravit
1314 4993 1561 5053 quantam
1602 4986 1683 5039 sui
1712 5001 1809 5039 cu-

237 5078 352 5117 ram
386 5065 526 5119 Deus
562 5065 837 5132 habuerit,
871 5079 1174 5126 monstrans
1220 5087 1508 5141 supernum
1554 5076 1807 5130 auxilium

234 5156 419 5209 omnia
449 5170 723 5225 apemtum
762 5160 953 5225 fuisse,
996 5170 1051 5216 et
1095 5162 1370 5219 facultates
1409 5165 1606 5222 Labaui
1647 5169 1699 5222 in
1747 5182 1807 5224 se

234 5247 594 5302 transtulisse.
628 5247 763 5303 Tulit
792 5253 933 5306 enim
964 5251 1103 5306 Deus
1130 5256 1298 5308 omnia
1326 5273 1507 5325 pecora
1532 5261 1692 5327 patris
1719 5276 1805 5314 ve-

233 5338 352 5399 stri,
385 5338 573 5408 inquit,
602 5349 648 5392 et
675 5341 812 5394 dedit
842 5343 966 5396 mihi
991 5361 1068 5397 ea.
1107 5345 1193 5399 10.
1221 5345 1435 5411 Quando
1458 5360 1625 5404 autem
1641 5353 1810 5406 consi-

299 5521 402 5598 tum
416 5522 630 5598 Διιειεὶιιέερο
644 5533 753 5598 est,
773 5525 914 5575 Dm:
937 5526 1118 5598 mea.
1157 5534 1240 5583 ubi
1262 5534 1427 5598 aquila
1457 5538 1619 5598 vertit,
1641 5540 1807 5593 decem

232 5584 596 5665 meme."
613 5586 785 5665 sese
806 5590 1033 5665 numeris,
1056 5584 1376 5665 εγωειιὲειιιῖεν
1399 5584 1805 5665 de???

232 5644 943 5725 1¹ἓεξηοηξιηυεν
956 5644 1119 5725 me?!
1134 5644 1317 5719 vitibus;
1335 5644 1800 5725 quamminus:

307 5704 573 5757 braizantes
594 5710 756 5771 multi,
775 5704 941 5763 decem
956 5704 1187 5780 partibus.

1242 310 1302 363 IN
1343 310 1488 365 CAP.
1532 305 1721 360 XXXI.
1765 302 2008 357 GENES.
2052 303 2277 359 IIOMIL.
2320 306 2469 361 LVII.

3386 311 3487 366 498

1925 414 2121 486 piebant
2147 435 2281 485 oves,
2307 432 2354 473 et
2380 422 2480 473 vidi
2508 422 2667 475 oculis
2690 423 2810 493 meis
2836 426 2887 476 in
2916 438 3090 476 somno
3110 466 3122 485 ,
3149 434 3191 477 et
3218 440 3327 477 ecce
3361 427 3486 479 hirci

1925 520 1971 561 et
1999 511 2176 563 arietes
2223 512 2551 565 ascendebant
2600 530 2749 582 super
2776 529 2888 568 oves
2930 525 2976 567 et
3019 531 3234 583 capras,
3263 515 3489 568 subalbi-

1925 613 2091 655 cantes
2138 613 2184 656 et
2231 605 2377 668 varii,
2400 614 2447 657 et
2489 605 2723 658 ciuericio
2756 606 2922 659 colore
2939 608 3121 677 sparsi.
3153 607 3324 662 il.Et
3362 609 3492 662 dixit

1924 693 2046 745 mihi
2067 694 2272 763 angelus
2300 693 2395 747 Dei
2418 696 2471 748 in
2494 711 2667 749 somno
2687 710 2707 749 :
2726 694 3022 766 Jacob.Ego
3043 708 3208 751 autem
3226 697 3448 751 dicebam
3470 713 3490 751 :

1929 785 2061 850 Quid
2085 787 2199 839 est?
2228 786 2294 839 Et
2323 789 2446 841 dixit
2474 803 2493 841 :
2518 787 2604 841 12.
2635 790 2815 856 Aspice
2840 790 2999 842 oculis
3028 790 3145 854 tuis,
3175 798 3223 843 et
3251 789 3362 842 vide
3386 789 3491 841 hir-

1925 896 2008 933 cos
2037 891 2080 933 et
2104 882 2280 934 arietes
2312 880 2630 934 ascendentes
2651 898 2800 949 super
2825 898 3003 951 capras
3024 892 3067 935 et
3095 898 3229 947 oves,
3256 882 3489 935 subalbos

1926 980 1972 1022 ct
1991 970 2153 1022 varios
2173 1011 2187 1035 ,
2219 979 2263 1022 et
2289 970 2521 1023 cinericio
2553 970 2718 1024 colore
2753 987 2955 1039 sparsos
2984 986 3001 1024 :
3028 971 3129 1023 vidi
3178 972 3309 1024 enim
3349 985 3484 1040 quaa-

1925 1076 2133 1128 cumque
2157 1058 2334 1114 Laban
2364 1058 2450 1113 tibi
2487 1060 2792 1131 facit.Vides
2812 1076 2969 1115 omne
2989 1061 3127 1130 quod
3159 1070 3283 1116 tunc
3313 1061 3488 1124 ﬁebat,

1926 1164 2151 1220 superna
2165 1152 2448 1221 contigisse
2465 1152 2788 1221 operatione,
2808 1168 2925 1220 qua:
2940 1152 3065 1222 justi
3087 1153 3295 1207 labores
3312 1168 3491 1208 remu-

1927 1242 2391 1297 nerabatur?Nam
2417 1244 2663 1313 quoniam
2685 1243 2773 1298 ille
2800 1244 3033 1312 ingratus
3057 1258 3179 1313 erga
3207 1259 3325 1297 eum
3354 1251 3489 1309 erat,

1926 1334 2185 1403 benignus
2214 1335 2467 1388 Dominus
2486 1334 2685 1403 justum
2722 1334 2948 1389 ubertim
2986 1343 3323 1389 remunerat:
3365 1332 3482 1387 Vidi

1927 1427 2056 1479 enim
2078 1442 2400 1497 quaecumque
2424 1426 2600 1479 Laban
2627 1426 2715 1480 tibi
2734 1428 2870 1496 fecit.

1999 1516 2138 1570 Deus
2166 1534 2267 1570 non
2304 1518 2511 1587 despicit
2535 1534 2617 1571 eos
2656 1518 2741 1589 qui
2769 1518 3075 1573 calumniam
3121 1521 3399 1591 patiuntur.
3424 1546 3494 1560 —-

1928 1610 2062 1664 Hinc
2087 1609 2339 1663 discimus
2369 1609 2662 1676 quomodo,
2699 1611 2911 1680 quando
2939 1613 3127 1681 injuria
3156 1612 3307 1666 nobis
3334 1612 3493 1667 infer~

1930 1709 2031 1763 tur,
2064 1700 2106 1754 si
2137 1701 2392 1756 mansueti
2418 1710 2472 1756 et
2500 1702 2656 1756 mites
2680 1717 2742 1756 ac
2764 1702 3051 1757 tolerantes
3076 1702 3347 1767 fuerimus,
3379 1719 3493 1757 ma-

1926 1791 2030 1860 jori
2086 1800 2140 1846 et
2181 1791 2390 1861 largiori
2442 1792 2636 1845 auxilio
2688 1792 2867 1846 divino
2913 1791 3165 1868 fruamur.
3211 1793 3286 1847 Ne
3341 1793 3493 1863 igitur

1929 1882 2257 1937 obluctemur
2279 1883 2343 1935 iis
2362 1882 2451 1951 qui
2478 1897 2574 1936 nos
2598 1892 2864 1952 premunt,
2885 1893 2936 1937 et
2954 1882 3262 1937 calumniari
3290 1884 3493 1947 volunt,

1928 1972 2022 2027 sed
2067 1971 2301 2027 feramus
2345 1987 2637 2042 generose,
2670 1973 2897 2027 scientes
2938 1974 3173 2028 omnium
3214 1975 3493 2029 Dominum

1928 2078 2027 2117 nos
2074 2080 2175 2117 non
2222 2062 2596 2133 despecturum
2633 2075 2789 2128 esse,
2819 2063 3107 2118 dummodo
3151 2080 3248 2118 nos
3289 2075 3493 2133 gratum

1928 2154 2173 2209 affectum
2196 2166 2249 2210 et
2269 2155 2688 2210 benevolentiam
2713 2156 3155 2211 demonstremus.
3183 2157 3313 2210 Mihi
3332 2160 3491 2219 enim,

1930 2248 2125 2317 inquit,
2153 2247 2408 2311 vindicta;
2433 2264 2523 2319 ego
2564 2250 2853 2313 retribuam,
2882 2248 3004 2301 dicit
3042 2248 3287 2303 Dominus
3315 2249 3491 2316 (Rom.

1931 2338 2017 2393 42.
2048 2339 2114 2393 19
2130 2347 2176 2391 et
2196 2338 2341 2392 Deut.
2365 2339 2452 2393 52.
2470 2339 2583 2407 55).
2603 2339 2826 2407 Propter
2854 2340 2952 2393 hoc
2967 2349 3022 2393 et
3048 2339 3211 2394 Jacob
3241 2339 3447 2393 dicebat
3470 2358 3482 2392 :

1930 2428 2052 2482 Non
2080 2430 2215 2482 dedit
2257 2429 2301 2482 ei
2358 2428 2511 2495 Deus,
2543 2439 2596 2482 ut
2638 2430 2869 2500 afﬂigeret
2918 2447 3012 2484 me.
3046 2430 3174 2484 Nam
3221 2432 3340 2501 quia
3384 2431 3497 2500 ipse

1928 2522 2138 2590 privare
2188 2536 2272 2574 me
2318 2519 2554 2575 laborum
2601 2522 2847 2576 mercede
2886 2522 3077 2585 voluit,
3107 2522 3359 2576 Dominus
3387 2530 3493 2575 tam

1928 2613 2143 2668 uberem
2182 2613 2232 2666 in
2287 2627 2374 2666 me
2420 2612 2707 2667 declaravit
2750 2613 3162 2667 misericordiam
3210 2622 3264 2667 et
3313 2614 3485 2682 provi-

1927 2703 2182 2768 dentiam,
2212 2712 2266 2755 ut
2307 2702 2480 2756 omnis
2520 2702 2636 2771 ejus
2678 2703 2971 2756 substantia
3016 2704 3066 2755 in
3111 2718 3197 2757 me
3240 2703 3491 2756 translata

1927 2794 2106 2849 fuerit.
2135 2794 2320 2849 Sciens
2358 2793 2502 2847 enim
2533 2808 2618 2848 me
2645 2794 2788 2847 omni
2832 2793 3005 2848 studio
3033 2795 3309 2860 serviisse,
3347 2794 3490 2847 illum

1928 2895 2103 2939 autem
2153 2900 2258 2940 non
2318 2885 2660 2955 respondisse
2712 2884 2838 2938 mihi
2890 2884 3067 2938 ofﬁcio
3111 2899 3245 2950 suo,
3294 2894 3490 2939 tantam

1928 2975 2098 3030 nostri
2128 2975 2310 3029 habuit
2337 2991 2540 3030 curam.
2572 2976 2638 3030 Et
2667 2975 2805 3045 quod
2836 2990 2941 3029 non
2968 2975 3079 3029 haec
3104 2976 3302 3045 absque
3333 2991 3490 3031 causa

1928 3077 1983 3121 et
2010 3082 2144 3121 vane
2167 3066 2338 3120 dicam
2360 3108 2375 3133 ,
2403 3082 2575 3137 neque
2601 3076 2802 3122 temere
2843 3082 3109 3133 accusem,
3139 3069 3298 3121 etiam
3320 3067 3489 3121 Deum

1927 3156 2183 3212 habemus
2208 3166 2397 3212 testem
2429 3172 2612 3213 eorum
2654 3174 2773 3227 quae
2821 3168 2972 3227 pater
3011 3166 3189 3212 vester
3212 3158 3319 3226 egit
3364 3172 3488 3227 erga

1926 3266 2033 3305 me.
2070 3238 2199 3304 Vidi
2227 3249 2379 3315 enim,
2402 3251 2604 3320 inquit,
2634 3265 2953 3319 quotcumque
2982 3249 3068 3302 tibi
3105 3247 3280 3301 Laban
3333 3249 3484 3321 fecit.

1926 3343 2065 3412 quod
2112 3360 2215 3398 non
2255 3343 2425 3398 solum
2478 3341 2777 3397 mercedem
2817 3339 3110 3401 abstulerit.
3142 3339 3235 3394 sed
3271 3346 3328 3393 et
3351 3338 3490 3408 quod

1927 3450 2033 3489 non
2060 3444 2116 3488 ut
2143 3442 2298 3488 antea
2345 3449 2468 3502 erga
2511 3445 2562 3488 te
2608 3446 2749 3487 nunc
2778 3430 2996 3486 affectus
3039 3432 3126 3494 sit,
3154 3429 3245 3483 sed
3289 3429 3487 3482 aliena-

1925 3528 2060 3580 verit
2090 3526 2345 3580 animum.
2376 3526 2461 3581 15.
2491 3524 2601 3595 Ego
2637 3540 2747 3577 sum
2773 3522 2908 3576 Deus
2940 3521 3027 3593 qui
3051 3520 3268 3590 apparui
3310 3519 3397 3573 tibi
3439 3518 3491 3572 in

1926 3618 2033 3670 loco
2061 3616 2145 3669 ubi
2172 3616 2414 3669 inunxisti
2462 3614 2584 3666 mihi
2628 3614 2933 3666 columnam.
2981 3609 3037 3663 In
3087 3609 3397 3664 memoriam
3441 3603 3488 3661 ei

1925 3710 2127 3765 referre
2152 3708 2281 3773 vult,
2310 3723 2427 3777 qua:
2458 3706 2553 3774 ipsi
2582 3715 2706 3759 tunc
2743 3703 3002 3773 pollicitus
3043 3702 3232 3765 fuerit,
3262 3701 3444 3754 dicens
3473 3718 3488 3755 :

1925 3801 1991 3855 In
2020 3800 2385 3854 multitudinem
2410 3807 2455 3851 te
2479 3812 2694 3851 crescere
2715 3797 2896 3867 faciam
2936 3803 2983 3848 et
3021 3792 3299 3847 custodiam
3327 3801 3406 3856 te,
3430 3804 3492 3843 ac

1923 3896 2159 3948 reducam
2197 3901 2241 3945 te
2267 3892 2318 3944 in
2354 3901 2535 3943 terram
2564 3899 2699 3941 tuam
2721 3886 2870 3961 (Gen.
2894 3886 2985 3941 28.
3009 3887 3093 3940 14.
3118 3884 3227 3954 15).
3252 3883 3364 3953 Ego
3390 3883 3485 3951 igi-

1926 3998 2029 4050 tur,
2064 3986 2250 4054 inquit,
2276 3984 2363 4053 qui
2410 3993 2534 4036 tuuc
2580 3980 2799 4049 apparui
2841 3977 2966 4044 tibi,
3008 3986 3060 4031 et
3109 3975 3488 4045 promissiones

1922 4081 2016 4133 tibi
2045 4078 2141 4133 feci
2172 4096 2186 4132 :
2216 4091 2313 4147 ego
2342 4076 2497 4131 etiam
2530 4089 2669 4129 nunc
2691 4115 2704 4138 ,
2744 4070 2955 4142 quando
2982 4080 3191 4139 tempus
3215 4067 3359 4122 venit
3381 4079 3487 4135 quo

1922 4188 1986 4227 ea
2015 4186 2133 4239 quae
2163 4179 2286 4224 tunc
2305 4166 2523 4236 promisi
2552 4179 2714 4235 opere
2734 4162 3044 4233 complenda
3086 4167 3242 4226 sunt,
3277 4157 3484 4228 regredi

1920 4274 1973 4318 te
1993 4263 2155 4331 jubeo
2183 4262 2383 4330 absque
2407 4260 2550 4313 omni
2581 4259 2773 4312 mentis
2797 4253 3207 4325 angore.Tecum
3222 4253 3352 4305 enim
3378 4267 3483 4303 ero.

1920 4358 2031 4425 Ego
2057 4373 2169 4410 sum
2194 4354 2332 4408 Deus
2365 4353 2451 4422 qui
2476 4350 2692 4421 apparui
2718 4349 2805 4403 tibi
2827 4349 2880 4401 in
2908 4347 3017 4401 loco
3042 4348 3095 4399 in
3122 4361 3217 4415 quo
3243 4342 3482 4397 inunxisti

1918 4449 2041 4502 mihi
2077 4448 2360 4500 columnam
2390 4442 2482 4514 (a),
2508 4451 2554 4495 et
2583 4440 2756 4495 vovisti
2790 4438 2913 4492 mihi
2939 4447 3126 4491 votum.
3175 4432 3483 4488 Memoriam

1919 4541 2017 4608 ipsi
2058 4537 2272 4594 refricat
2312 4535 2417 4589 voti
2456 4544 2511 4588 et
2551 4529 2954 4602 promissionis,
2990 4541 3146 4596 quam
3190 4530 3481 4592 receperat.

1917 4631 2193 4700 Quodnam
2218 4637 2398 4683 autem
2424 4634 2542 4681 erat
2568 4635 2746 4678 votum
2764 4622 2787 4673 Ἰ
2808 4621 2884 4675 De
2903 4621 2964 4674 iis
2987 4634 3098 4687 qua:
3121 4617 3245 4670 mihi
3265 4615 3481 4675 dederis,

1917 4723 2133 4775 decimas
2155 4704 2243 4772 tibi
2258 4715 2467 4783 oﬁ'eram
2488 4713 2638 4786 (Gen.
2666 4712 2755 4768 28.
2778 4711 2893 4780 2‘2).
2919 4709 3176 4776 Quoniam
3202 4716 3325 4760 tunc
3350 4705 3483 4759 nihil

1919 4823 2092 4867 tecum
2142 4808 2402 4863 afferebas
2424 4846 2439 4870 ,
2471 4805 2619 4875 quasi
2651 4802 2900 4873 profugus
2945 4801 3045 4854 iter
3086 4798 3284 4852 faciens
3315 4813 3328 4852 :
3356 4810 3479 4850 cum

1915 4915 2089 4959 autem
2141 4902 2234 4956 tibi
2274 4913 2617 4970 apparerem,
2658 4895 2844 4950 vovisti
2891 4902 3108 4958 votum,
3151 4890 3374 4944 dicens:
3406 4886 3483 4940 De
3534 4962 3537 4965 _

1915 4996 2142 5051 omnibus
2165 5008 2276 5063 qua:
2313 4990 2438 5044 mihi
2478 4989 2692 5052 dederis,
2724 4986 2941 5040 decimas
2978 4982 3107 5036 dabo
3134 4981 3253 5047 tibi,
3274 4990 3399 5032 voto
3424 4986 3478 5031 et

1915 5087 2266 5158 promissione
2314 5081 2601 5151 potentiam
2656 5093 2826 5134 meam
2875 5074 3232 5146 przesignans,
3260 5080 3316 5125 et
3357 5069 3508 5124 ﬁdei.

1914 5178 2079 5233 oculis
2110 5174 2404 5246 przevidens
2431 5172 2659 5226 futuram
2705 5169 2801 5223 tibi
2833 5181 3010 5222 rerum
3053 5162 3425 5219 abundantiam
3460 5178 3475 5214 :

1913 5282 2054 5322 nunc
2078 5267 2196 5336 quia
2224 5270 2515 5318 evenerunt
2539 5270 2593 5315 et
2619 5259 2828 5328 impleta
2860 5264 2984 5311 sunt
3009 5269 3128 5324 qua:
3162 5268 3192 5306 a
3220 5267 3307 5307 me
3335 5266 3472 5319 prte-

1913 5359 2050 5414 dicta
2074 5399 2088 5423 ,
2107 5358 2309 5426 justum
2333 5353 2492 5408 fuerit
2520 5360 2577 5406 ut
2605 5359 2660 5405 et
2684 5357 2865 5404 votum
2896 5357 3042 5400 tuum
3070 5340 3471 5413 impleas.Nunc

1836 5466 1838 5468 ’
1912 5466 2029 5520 ergo
2048 5490 2064 5515 ,
2097 5448 2298 5517 inquit,
2327 5459 2495 5515 surge,
2523 5452 2567 5495 et
2608 5440 2840 5513 egredere
2862 5438 2925 5491 de
2951 5445 3085 5490 terra
3126 5436 3241 5499 ista,
3264 5441 3309 5486 et
3346 5431 3471 5485 vade

1971 5604 2045 5667 (α)
2077 5609 2127 5653 In
2147 5609 2326 5662 Graeco,
2349 5612 2501 5667 suam,
2525 5597 2654 5663 quod
2674 5586 2787 5667 apte
2808 5596 3000 5660 cippum
3018 5596 3252 5667 verteris,
3276 5591 3355 5667 vel
3375 5606 3477 5667 me-

1908 5655 2183 5723 lius,'aram
2220 5675 2237 5713 :
2262 5655 2343 5712 ara
2368 5655 2499 5711 enim
2529 5655 2650 5711 vere
2670 5655 2775 5715 fuit,
2797 5655 2939 5723 quam
2959 5656 3197 5719 religione
3225 5662 3381 5706 motus
3403 5655 3475 5705 itt-

1910 5721 2066 5791 uuxit,
2091 5734 2142 5777 et
2165 5727 2215 5776 in
2235 5737 2328 5788 qua
2352 5736 2524 5787 preces
2546 5729 2597 5773 et
2618 5729 2725 5773 vota
2750 5721 2925 5771 emisit.
