4038 6358
534 294 635 350 499

530 414 585 464 in
616 421 797 462 terram
824 407 1089 461 nativitatis
1116 414 1212 458 tua:
1232 448 1245 467 ,
1275 416 1319 459 et
1347 423 1429 459 ero
1459 416 1639 459 tecum.
1674 406 1785 475 Ego
1823 416 1873 459 te
1902 404 2097 470 ubique

532 501 856 565 comitabor,
891 514 989 567 ego
1020 499 1110 553 tibi
1142 497 1348 552 facilem
1375 499 1651 551 ostendam
1678 500 1815 551 viam
1840 538 1855 563 ,
1882 506 1936 551 et
1976 494 2096 549 nul-

534 594 645 647 lum
692 607 723 646 a
762 591 1010 662 quopiam
1049 590 1298 644 damnum
1326 588 1500 651 feres;
1528 589 1742 643 dextera
1796 588 1936 642 enim
1980 602 2096 641 mea

530 681 725 752 ubique
753 692 805 736 te
830 690 1087 751 proteget.
1123 681 1208 735 14.
1240 679 1361 733 Haec
1397 681 1653 733 audientes
1686 678 1874 732 Rachel
1900 687 1945 731 et
1966 676 2059 731 Lia
2079 719 2095 742 ,

529 773 765 826 dixerunt
788 773 831 825 ei
858 787 877 825 :
899 770 1161 841 Numquid
1186 782 1255 825 est
1284 772 1424 825 nobis
1470 788 1588 840 pars
1631 771 1708 824 vel
1743 772 2006 823 hwretfitas
2045 771 2098 822 in

528 863 677 915 domo
704 863 860 932 patris
894 862 1093 915 nostri?
1119 863 1205 917 15.
1242 860 1428 915 Nonne
1456 871 1510 913 ut
1539 862 1716 915 aliena:
1738 871 1980 930 reputate:
2007 877 2096 914 su—

528 969 639 1004 mus
663 952 801 1022 apud
826 953 984 1005 eum?
1015 952 1245 1006 Vendidit
1272 954 1406 1005 enim
1433 970 1542 1015 nos,
1570 963 1615 1006 et
1645 953 1929 1006 devorando
1957 970 2098 1006 com-

528 1048 629 1099 edit
664 1046 875 1116 pretium
906 1056 1148 1100 nostrum.
1178 1048 1265 1101 16.
1284 1046 1354 1099 Et
1382 1063 1506 1115 quas
1533 1062 1704 1099 omnes
1729 1046 1866 1100 Deus
1894 1047 2099 1101 abstulit

527 1136 727 1190 divitias
752 1145 803 1189 et
829 1137 1041 1206 gloriam
1069 1154 1102 1189 a
1130 1146 1270 1204 patre
1296 1146 1487 1201 nostro,
1520 1136 1609 1189 tibi
1638 1135 1776 1188 dedit
1804 1152 1823 1189 :
1854 1152 1984 1189 nunc
2002 1137 2101 1206 igi-

528 1238 612 1281 tur
636 1244 959 1298 qutzcumque
978 1228 1160 1281 dixerit
1190 1228 1278 1281 tibi
1298 1226 1435 1282 Deus
1461 1236 1593 1290 tuus,
1619 1230 1720 1298 fac.
1752 1226 1883 1282 Vide
1910 1236 1965 1280 et
2004 1226 2099 1280 has

528 1328 814 1387 sequentes
843 1319 933 1373 Dei
961 1318 1263 1381 arbitrium,
1288 1329 1341 1373 et
1388 1318 1672 1373 afferentes
1715 1318 1974 1372 rationem
2014 1318 2099 1371 cui

527 1410 819 1464 contradici
848 1426 950 1464 non
982 1411 1171 1479 potuit.
1193 1409 1331 1464 Num
1358 1417 1440 1464 est
1471 1408 1667 1479 aliquid
1691 1423 1974 1463 commune
1997 1423 2099 1463 no-

529 1501 613 1555 bis
637 1542 652 1567 ,
677 1502 845 1567 aiunt,
868 1517 987 1556 cum
1017 1511 1168 1570 patre
1188 1502 1410 1556 nostro?
1437 1501 1612 1557 Semel
1660 1502 1804 1557 enim
1844 1516 1943 1556 nos
1972 1517 2102 1556 ven-

529 1592 680 1646 didit.
705 1592 923 1646 Divitias
949 1603 995 1646 et
1035 1593 1249 1663 gloriam
1277 1610 1427 1659 quam
1464 1592 1671 1647 abstulit
1704 1591 1843 1647 Deus
1883 1609 1916 1646 a
1960 1602 2103 1662 patre

527 1695 718 1748 nostro,
746 1695 793 1739 et
816 1685 953 1737 dedit
980 1684 1066 1737 tibi
1088 1702 1106 1749 ;
1128 1701 1217 1737 nos
1252 1683 1538 1737 habebimus
1557 1725 1571 1751 ,
1603 1693 1648 1737 et
1677 1684 1773 1752 ﬁlii
1806 1684 1984 1737 nostri.
2018 1682 2096 1737 Ne

526 1788 676 1828 cessa
698 1775 874 1843 igitur.
901 1790 1071 1844 neque
1090 1773 1262 1838 differ,
1295 1773 1388 1828 sed
1418 1773 1497 1827 fac
1516 1789 1633 1843 quae
1655 1773 1748 1828 tibi
1779 1788 1808 1826 a
1841 1774 1948 1827 Deo
1978 1780 2104 1826 sunt

527 1865 803 1932 imperata.
838 1862 991 1918 Nunc
1010 1865 1167 1935 igitur
1184 1880 1507 1935 quaecumque
1536 1864 1665 1917 dixit
1689 1864 1775 1917 tibi
1803 1863 1942 1917 Deus
1963 1872 2099 1927 tuus,

525 1959 631 2024 fac.
662 1956 747 2009 17.
775 1954 899 2010 Haec
932 1965 987 2009 ut
1013 1958 1205 2010 audivit
1225 1956 1405 2021 Jacob,
1437 1957 1654 2011 surrexit
1678 1966 1724 2009 et
1752 1957 1941 2025 accepit
1979 1973 2105 2010 uaso-

528 2064 611 2101 res
653 2064 772 2101 suas
791 2088 806 2113 ,
840 2058 885 2101 et
914 2049 1046 2116 ﬁlios
1065 2088 1081 2115 ,
1113 2057 1159 2101 et
1202 2050 1468 2102 ascendere
1506 2048 1622 2116 fecit
1653 2064 1803 2118 super
1846 2049 2061 2103 camelos
2085 2064 2103 2101 :

526 2139 615 2193 18.
663 2149 709 2192 et
745 2138 957 2193 abduxit
990 2140 1161 2192 omnia
1205 2155 1316 2208 qua:
1360 2138 1611 2204 habebat,
1641 2149 1688 2193 et
1752 2140 2105 2209 supellectilem

530 2246 695 2293 suam,
724 2246 873 2299 quam
898 2230 1195 2297 acquisierat
1217 2231 1269 2282 in
1291 2228 1656 2298 MesOpotamia
1672 2271 1686 2296 ,
1710 2239 1754 2283 et
1779 2232 1947 2284 omnia
1989 2248 2100 2295 sua,

525 2333 581 2375 ut
610 2322 766 2376 abiret
786 2322 853 2374 ad
879 2322 1027 2375 Isaac
1052 2331 1242 2392 patrem
1273 2338 1436 2376 suum.

594 2414 653 2466 4.
669 2412 716 2465 Ε
734 2413 881 2465 domo
898 2412 1086 2465 Labani
1106 2413 1233 2482 fugit
1251 2411 1407 2464 Jacob
1422 2428 1439 2476 ;
1455 2427 1565 2481 qute
1581 2414 1752 2481 fugam
1766 2422 1969 2482 sequuta
1984 2414 2104 2477 sint;

522 2503 829 2572 praedicatur
854 2520 975 2556 cura
999 2501 1095 2555 Dei
1117 2519 1235 2573 erga
1262 2518 1380 2556 suos
1402 2542 1417 2568 ,
1447 2517 1561 2570 quia
1596 2503 1649 2555 in
1690 2519 1902 2572 persona
1946 2502 2106 2557 Jacob

526 2593 703 2646 elucet.
729 2622 797 2634 ~—
838 2592 1159 2661 Considera,
1201 2593 1460 2661 obsecro,
1504 2592 1864 2648 fortitudinem
1916 2594 2105 2649 animae

521 2686 687 2754 justi,
728 2694 782 2739 et
825 2684 1090 2755 quomodo
1133 2685 1343 2755 repulso
1370 2685 1515 2738 omni
1562 2685 1754 2740 mentis
1802 2700 1998 2755 angore
2043 2700 2108 2741 ac

523 2785 706 2840 metu,
778 2775 1024 2830 mandato
1068 2775 1333 2830 dominico
1390 2774 1792 2843 obtemperavit.
1847 2776 2106 2842 Quoniam

522 2870 665 2923 enim
694 2869 823 2923 vidit
845 2869 981 2922 male
1007 2883 1189 2923 sanam
1217 2877 1448 2922 mentem
1486 2866 1685 2922 Labani
1703 2908 1719 2933 ,
1769 2883 1875 2923 non
1926 2869 2063 2923 ultra
2086 2909 2104 2935 ,

520 2963 659 3016 sicut
684 2962 828 3030 prius
849 3002 865 3028 ,
896 2962 1223 3030 interrogare
1248 2976 1370 3014 eum
1396 2960 1596 3015 voluit:
1628 2959 1723 3015 sed
1750 2960 1889 3031 quod
1936 2962 2105 3030 impe-

520 3062 693 3107 ratum
722 3063 888 3107 erata
914 3053 1135 3106 Domino
1154 3094 1167 3117 ,
1199 3052 1484 3121 implebat,
1514 3061 1570 3106 et
1596 3054 1829 3121 acceptis
1869 3054 2106 3107 mulieri-

522 3141 622 3196 bus
649 3152 703 3196 et
728 3143 938 3211 pueris,
972 3143 1071 3196 iter
1098 3141 1336 3210 arripuit.
1367 3140 1453 3195 i9.
1483 3140 1660 3195 Laban
1684 3150 1847 3196 autem
1871 3182 1884 3207 ,
1914 3142 2101 3211 inquit,

523 3234 712 3286 abierat
735 3234 803 3287 ad
819 3234 1121 3287 tondendum
1140 3249 1250 3286 oves
1269 3250 1409 3290 suas.
1432 3231 1626 3287 Furata
1644 3243 1809 3288 autem
1826 3244 1899 3287 est
1918 3232 2110 3288 Rachel

523 3326 661 3379 idola
689 3327 845 3393 patris
865 3326 962 3379 sui.
990 3324 1169 3395 Neque
1195 3324 1295 3379 hnc
1332 3327 1530 3395 absque
1551 3341 1707 3381 causa
1739 3328 1890 3382 nobis
1919 3342 2109 3397 propo-

523 3418 680 3470 situm
706 3426 787 3471 est
809 3458 823 3483 ,
855 3417 949 3471 sed
992 3426 1049 3471 ut
1084 3418 1313 3472 sciamus
1337 3418 1599 3487 quomodo
1622 3419 1797 3474 adhuc
1835 3430 2106 3489 paternam

524 3508 781 3563 habentes
832 3510 1305 3575 consuetudinem,
1358 3509 1619 3565 idolorum
1668 3512 1832 3566 cultui
1886 3512 2108 3568 addicta:

523 3608 693 3652 erant.
723 3599 1097 3655 Animadverte
1122 3600 1261 3655 enim
1289 3642 1305 3667 ,
1352 3610 1605 3670 quantum
1635 3602 1720 3655 illa
1766 3603 1818 3656 in
1848 3602 1949 3657 hoc
1992 3614 2107 3658 stu-

523 3688 669 3743 dium
698 3689 1012 3759 impenderit
1036 3732 1050 3755 ,
1076 3706 1195 3746 cum
1223 3690 1354 3745 nihil
1380 3692 1521 3746 aliud
1546 3708 1574 3746 a
1603 3703 1752 3762 patre
1776 3693 1986 3749 auferre
2011 3710 2106 3749 vo-

524 3782 717 3849 luerit,
764 3799 922 3852 quam
972 3783 1111 3837 idola
1164 3784 1315 3854 ejus,
1374 3785 1530 3853 idque
1568 3784 1791 3840 faciebat
1838 3786 2109 3855 ignorante

521 3872 676 3927 viro:
704 3888 875 3943 neque
898 3875 1040 3928 enim
1065 3874 1152 3929 ille
1176 3874 1277 3929 hoc
1305 3876 1630 3945 permisisset
1657 3876 1789 3930 fieri.
1815 3876 1903 3931 20.
1926 3875 2109 3930 Occul-

524 3964 644 4015 tavit
664 3963 832 4017 dutem
856 4006 869 4029 ,
896 3966 1101 4035 inquit,
1128 3964 1289 4018 Jacob
1315 3982 1347 4018 a
1371 3964 1546 4019 Laban
1567 3966 1731 4036 Syro,
1754 3984 1817 4020 ne
1834 3969 2108 4021 annuntia-

524 4064 661 4107 retur
677 4055 723 4108 ei
741 4056 873 4124 quod
888 4060 1095 4126 fugeret.
1110 4055 1172 4109 21
1188 4096 1199 4109 .
1216 4054 1283 4109 Et
1302 4056 1534 4110 abscessit
1554 4058 1660 4126 ipse
1674 4066 1719 4109 et
1742 4059 1909 4111 omnia
1928 4058 2106 4127 ipsius,

524 4158 571 4200 et
597 4150 806 4203 transito
834 4151 1021 4219 ﬂuvio,
1049 4151 1300 4204 contendit
1331 4151 1398 4203 ad
1425 4161 1641 4204 montem
1676 4151 1893 4205 Galaad.
1944 4152 2106 4231 We,

524 4237 748 4292 obsecro
768 4280 785 4305 ,
823 4242 980 4294 etiam
1009 4240 1094 4295 hic
1126 4255 1369 4311 magnam
1414 4241 1507 4295 Dei
1537 4243 1948 4311 providentiam,
1975 4260 2109 4314 quo-

524 4329 719 4397 modo,
747 4330 916 4385 donec
950 4331 1127 4401 justus
1173 4332 1352 4401 procul
1379 4331 1701 4400 aufugisset,
1732 4348 1833 4387 non
1872 4334 2113 4402 permisit

525 4430 585 4474 ut
608 4420 785 4475 Laban
814 4421 954 4476 illius
982 4436 1248 4477 secessum
1276 4423 1454 4477 sciret.
1500 4422 1592 4476 22.
1625 4423 1801 4478 Tribus
1829 4426 1969 4480 enim
2000 4427 2109 4478 die-

527 4512 619 4581 bus
644 4554 657 4578 ,
684 4511 883 4581 inquit,
909 4514 1172 4582 prwteritis
1190 4552 1204 4576 ,
1226 4514 1325 4582 ipsi
1348 4512 1524 4567 Laban
1560 4514 1795 4569 innotuit.
1823 4515 1911 4572 25.
1938 4516 2006 4570 Et
2029 4534 2112 4572 as-

527 4605 740 4675 sumptis
763 4605 989 4659 omnibus
1024 4606 1261 4676 fratribus
1283 4606 1386 4660 suis
1411 4648 1428 4674 ,
1450 4618 1735 4677 persecutus
1771 4618 1845 4662 est
1886 4625 1999 4662 eum
2032 4610 2113 4663 via

528 4697 723 4749 dierum
759 4706 978 4764 septem;
1006 4708 1053 4751 et
1090 4708 1422 4768 consequutus
1461 4715 1572 4752 eum
1595 4699 1649 4753 in
1685 4708 1852 4753 monte
1892 4699 2110 4757 Galaad.

529 4788 762 4843 Obsecro
801 4790 885 4844 hic
910 4805 1117 4860 quoque
1140 4791 1383 4847 attendas
1420 4792 1511 4846 Dei
1538 4792 1941 4860 providentiam.
1982 4792 2113 4846 Nam

534 4881 623 4948 qui
646 4880 814 4945 dixit,
846 4880 1107 4935 Revertere
1128 4883 1182 4935 in
1207 4893 1388 4937 terram
1415 4893 1580 4949 tuam,
1624 4894 1669 4937 et
1713 4900 1796 4937 ero
1816 4894 2002 4951 tecum,
2027 4885 2115 4939 ille

528 4970 687 5024 etiam
714 4986 856 5026 nunc
879 4986 1028 5026 suam
1065 4973 1294 5029 declarat
1344 4975 1745 5044 providentiam.
1794 4977 1929 5044 Quia
1975 4978 2114 5031 enim

534 5062 664 5115 vidit
692 5062 870 5117 Laban
901 5078 1021 5118 cum
1052 5065 1213 5119 multa
1239 5065 1597 5135 indignatione
1620 5069 1862 5137 persequi
1886 5069 2110 5137 justum,

531 5164 586 5208 et
606 5169 814 5223 poenam
843 5155 1017 5209 furtivi
1044 5171 1285 5212 secessus
1303 5199 1318 5223 ,
1340 5167 1399 5211 ut
1424 5159 1494 5212 ita
1517 5157 1686 5213 dicam
1710 5200 1725 5223 ,
1750 5169 2081 5230 sumpturum
2098 5201 2114 5225 ,

531 5246 777 5313 apparuit
819 5246 998 5300 Laban
1038 5259 1192 5304 nocte
1230 5249 1281 5302 in
1309 5264 1514 5303 somno.
1541 5251 1631 5304 24.
1672 5249 1815 5304 Venit
1856 5252 2014 5316 enim,
2039 5252 2118 5306 in-

530 5338 678 5405 quit,
707 5335 841 5391 Deus
862 5338 930 5391 ad
952 5337 1125 5393 Laban
1147 5340 1334 5412 Syrum
1355 5343 1406 5395 in
1432 5358 1606 5396 somno
1626 5352 1767 5396 nocte
1784 5384 1798 5404 ,
1821 5353 1868 5397 et
1887 5344 2012 5399 dixit
2052 5347 2116 5400 ei.

537 5426 670 5481 Vide
702 5428 792 5482 Dei
823 5430 1196 5499 indulgentiam
1216 5474 1230 5495 ,
1261 5433 1526 5502 quomodo
1548 5434 1617 5488 ob
1642 5449 1791 5489 suam
1837 5436 1888 5489 in
1920 5436 2117 5505 justum

534 5517 919 5582 providentiam
947 5535 1066 5575 cum
1096 5520 1275 5576 Laban
1303 5524 1620 5592 colloquitur
1648 5542 1661 5577 :
1710 5536 1765 5579 ut
1804 5527 1982 5580 territa
2008 5527 2120 5595 ejus

542 5619 716 5661 meme
738 5611 988 5679 impetum
1018 5615 1129 5683 ejus
1151 5630 1179 5669 a
1202 5615 1363 5670 Jacob
1387 5626 1645 5671 coerceat.
1672 5616 1800 5671 Cave
1823 5619 1941 5685 tibi,
1967 5635 2028 5672 ne
2048 5621 2122 5672 to-

538 5700 709 5767 quaris
723 5701 1005 5756 cumlacob
1029 5706 1180 5759 mala.
1208 5706 1387 5777 Magna
1418 5706 1623 5762 Domini
1649 5707 1959 5778 benignitas.
1986 5710 2120 5777 Quia

1270 290 1327 345 S.
1366 290 1639 347 ,ΙΟᾹΝΝΙΞ
1676 286 2143 347 CHRYSOSTOMI
2183 290 2498 349 ARCIllEP.
2537 296 3060 357 CONSTANTINOP.

3677 310 3787 365 500

2205 404 2345 457 enim
2361 408 2558 478 sciebat
2581 425 2701 464 eum
2723 411 2788 466 ad
2812 430 3033 484 pugnam
3059 418 3400 485 contendere,
3426 430 3479 474 et
3498 433 3680 476 contra
3700 427 3793 493 ju-

2201 508 2341 587 stum
2357 498 2627 587 insurgere
2640 504 2799 587 velle,
2816 506 2913 559 hoc
2931 507 3089 561 verbo
3105 520 3331 563 mentem
3347 513 3463 580 ejus
3474 518 3809 587 compescit“

2200 590 2255 635 et
2273 580 2429 635 dicit:
2459 583 2587 638 Cave
2609 585 2713 650 tibi,
2739 603 2800 641 ne
2821 589 3039 668 loquaris
3059 608 3172 643 cum
3189 590 3347 646 Jacob
3370 595 3503 647 mala
3528 614 3542 648 :
3567 580 3799 664 perinde

2200 686 2263 725 ac
2287 673 2328 726 si
2361 672 2593 729 diceret:
2622 674 2759 732 Cave
2785 693 2851 732 ne
2890 666 3173 751 v'iilrverbis
3200 682 3469 739 offendere
3506 683 3672 739 Jacob
3696 700 3793 739 co-

2203 767 2377 819 neris:
2406 766 2499 821 sed
2540 784 2691 823 serva
2720 770 2947 839 teipsum
2967 814 2981 835 ,
3008 775 3219 827 contine
3243 776 3437 829 malum
3470 776 3609 829 hunc
3638 786 3790 830 tuum

2203 855 2454 925 impetum
2479 899 2494 923 ,
2539 861 2828 929 comprime
2871 861 3100 919 furorem
3122 906 3138 931 ,
3166 864 3371 923 refrena
3399 868 3587 921 iratum
3637 878 3789 922 tuum

2201 947 2433 1001 animum
2455 990 2469 1011 .
2497 964 2559 1003 ac
2597 966 2664 1005 ne
2686 952 2769 1005 vel
2793 953 2957 1006 verbo
2985 954 3155 1022 ipsum
3202 957 3511 1011 contristare
3537 958 3690 1012 velis.
3721 959 3788 1012 Et

2200 1037 2474 1092 considera
2501 1040 2591 1094 Dei
2631 1041 2985 1096 clementiam.
3010 1043 3121 1096 Non
3150 1045 3422 1112 imperavit
3469 1046 3688 1101 Labano
3730 1058 3790 1102 ut

2202 1130 2266 1183 ad
2296 1132 2504 1201 propria
2542 1143 2920 1200 reverteretur,
2960 1134 3050 1189 sed
3082 1136 3250 1190 solum
3284 1136 3523 1204 prohibet
3566 1154 3633 1191 ne
3661 1140 3793 1207 quid

2201 1222 2389 1276 durum
2422 1224 2505 1278 vel
2546 1226 2823 1279 molestum
2870 1243 2989 1281 cum
3013 1227 3156 1297 justo
3187 1229 3445 1298 loquatur.
3475 1231 3680 1297 Quare,
3732 1241 3797 1287 et

2204 1322 2417 1381 prepter
2445 1314 2610 1379 quid?
2634 1314 2701 1370 Ut
2729 1316 2895 1369 discat
2926 1332 3017 1383 per
3050 1318 3257 1386 negetia
3281 1328 3335 1372 et
3364 1334 3455 1387 per
3482 1334 3645 1388 opera
3675 1321 3793 1390 ipsa

2197 1402 2401 1473 justus,
2429 1416 2677 1475 quantam
2702 1409 2784 1462 sui
2804 1423 2984 1463 curam
3010 1418 3159 1478 gerat
3183 1411 3339 1465 Deus.
3366 1411 3494 1466 Nam
3520 1413 3566 1466 si
3599 1429 3790 1468 rever-

2203 1510 2293 1549 sus
2318 1496 2499 1551 fuisset
2518 1497 2694 1552 Laban
2720 1540 2734 1562 ,
2758 1500 2896 1554 unde
2927 1500 3053 1553 illud
3080 1501 3326 1555 scivisset
3347 1501 3509 1556 Jacob
3528 1542 3544 1566 ,
3563 1513 3655 1556 aut
3673 1508 3797 1570 ejus

2207 1603 2398 1642 uxores
2420 1588 2441 1642 ?
2466 1587 2588 1643 ideo
2616 1590 2867 1657 permittit
2899 1592 2945 1643 ei
2974 1601 3027 1645 nt
3055 1591 3229 1657 abeat,
3262 1601 3316 1645 et
3332 1591 3508 1661 lingua
3537 1608 3631 1647 sua
3657 1608 3795 1648 eon-

2206 1679 2411 1733 flteatur
2426 1696 2542 1748 quae
2562 1681 2697 1734 Deus
2712 1681 2843 1735 dixit
2856 1682 2920 1735 ad
2936 1698 3014 1749 se,
3033 1698 3138 1751 quo
3152 1694 3204 1737 et
3222 1684 3394 1751 justus
3410 1686 3664 1753 majorem
3682 1686 3799 1738 ala-

2203 1770 2442 1824 critatem
2474 1771 2664 1825 habeat
2708 1773 3116 1840 proficiscendo,
3151 1773 3496 1843 ﬁduciamque
3523 1775 3750 1843 accipiat
3770 1815 3790 1839 ,

2204 1870 2253 1915 et
2296 1869 2354 1915 ut
2401 1862 2556 1930 hujus
2621 1878 2812 1917 uxores
2860 1864 2877 1894 ¹
2932 1863 3135 1919 discant
3176 1876 3374 1934 quanto
3420 1866 3593 1920 studio
3649 1866 3799 1920 Deus

2204 1955 2441 2007 omnium
2487 1954 2737 2007 Dominus
2778 1954 3030 2010 Jacobum
3080 1967 3262 2021 curet,
3304 1956 3649 2026 rejiciantque
3697 1972 3793 2010 er-

2206 2060 2380 2098 rorem
2442 2056 2753 2113 paternum,
2814 2054 2868 2099 et
2920 2046 3189 2100 imitentur
3234 2047 3468 2115 justum,
3517 2057 3675 2115 atque
3723 2046 3798 2101 ad

2206 2137 2629 2207 Cognoscendum
2660 2138 2825 2191 Deum
2856 2137 3205 2193 sufﬁcientem
3232 2139 3524 2193 doctrinam
3554 2138 3673 2192 inde
3700 2154 3799 2192 ac-

2205 2229 2421 2295 cipiant.
2443 2227 2625 2296 Neque
2656 2229 2795 2282 enim
2828 2229 2904 2282 sic
2956 2228 3059 2283 fide
3098 2229 3251 2298 digna
3280 2239 3430 2282 erant
3475 2244 3591 2296 qme
3628 2229 3799 2282 Jacob

2205 2320 2413 2374 dicebat
2436 2360 2451 2383 ,
2479 2328 2535 2373 ut
2560 2336 2675 2389 qua:
2700 2335 2730 2374 a
2751 2319 2928 2373 Laban
2959 2319 3290 2383 dicebantur,
3320 2326 3407 2387 qui
3450 2318 3621 2372 adhuc
3650 2320 3795 2372 idola

2207 2413 2430 2467 colebat.
2460 2412 2680 2481 Semper
2700 2413 2838 2467 enim
2861 2412 3147 2467 infidelium
3169 2422 3217 2466 et
3239 2412 3629 2466 adversantium
3650 2426 3798 2465 verte

2207 2504 2446 2573 religioni
2489 2504 2786 2557 testimonia
2820 2503 3073 2571 majorem
3111 2502 3306 2557 habent
3357 2501 3533 2555 fidem.
3581 2501 3648 2555 Et
3698 2502 3802 2555 hoc

2207 2606 2375 2651 estex
2416 2594 2765 2664 omnipotenti
2802 2594 3057 2663 sapientia
3086 2594 3212 2659 Dei,
3239 2607 3358 2648 cum
3390 2593 3627 2647 inimicos
3658 2592 3803 2646 veri-

2206 2688 2330 2743 tatis
2360 2687 2503 2756 ipsos
2532 2695 2694 2741 testes
2724 2686 2958 2739 veritatis
2984 2684 3179 2749 efficit,
3208 2693 3262 2738 et
3304 2699 3396 2737 sua
3431 2685 3605 2752 lingua
3632 2684 3803 2751 ipsam

2210 2778 2421 2833 firmare
2441 2788 2698 2847 satagunt.
2717 2777 2805 2832 25.
2823 2775 3162 2845 Consequutus
3177 2785 3247 2829 est
3265 2785 3431 2828 autem
3447 2773 3620 2826 Laban
3644 2773 3803 2826 Jaco-

2209 2870 2343 2923 bum.
2395 2868 2553 2923 Jacob
2581 2880 2746 2922 autem
2786 2869 2896 2937 ﬁxit
2933 2868 3305 2921 tabernaculum
3329 2883 3473 2920 suum
3496 2867 3548 2918 in
3590 2874 3752 2918 monte
3779 2884 3800 2918 :

2209 2962 2384 3016 Laban
2409 2979 2519 3016 vero
2545 2962 2794 3015 constituit
2829 2964 3008 3031 fratres
3032 2976 3149 3013 suos
3190 2960 3241 3011 in
3270 2968 3433 3011 monte
3460 2957 3679 3010 Galaad.
3708 2954 3802 3008 26.

2208 3052 2352 3108 Dixit
2371 3064 2535 3107 autem
2553 3052 2725 3105 Laban
2748 3051 2813 3103 ad
2827 3050 2984 3104 Iacob
3008 3066 3027 3103 :
3057 3049 3156 3103 Cur
3172 3050 3263 3103 hoc
3286 3048 3485 3118 fecisti?
3511 3046 3644 3103 Vide
3672 3060 3805 3115 quo-

2210 3146 2369 3199 modo
2396 3154 2713 3214 praeceptum
2761 3144 2852 3198 Dei
2881 3157 3128 3211 magnum
3167 3142 3305 3194 illius
3332 3139 3561 3193 calorem
3591 3152 3804 3206 repres-

2211 3238 2306 3301 sit.
2334 3245 2389 3290 et
2412 3235 2643 3290 furorem
2663 3233 2948 3289 refrenavit
2972 3250 2985 3286 :
3008 3242 3060 3287 et
3086 3232 3279 3286 idcirco
3304 3246 3424 3285 cum
3445 3244 3636 3299 magna
3654 3243 3806 3283 mal-

2211 3328 2484 3383 suetudine
2499 3326 2819 3396 colloquium
2838 3326 3125 3379 habetcum
3154 3339 3219 3376 eo
3239 3363 3253 3387 ,
3282 3322 3431 3391 quasi
3448 3337 3506 3375 se
3520 3334 3805 3391 excusans,

2212 3432 2264 3475 et
2296 3430 2563 3488 paternam
2589 3417 2923 3471 dilectionem
2939 3430 3061 3485 erga
3092 3414 3235 3467 illum
3263 3413 3557 3466 declarans.
3586 3411 3807 3478 Quando

2211 3512 2353 3565 enim
2383 3524 2609 3577 superna
2656 3506 2984 3577 providentia
3027 3505 3180 3559 nobis
3217 3503 3444 3566 assistit,
3478 3516 3584 3555 non
3633 3502 3804 3555 solum

2215 3602 2477 3655 malorum
2509 3599 2780 3653 hominum
2809 3595 3026 3651 insidias
3072 3594 3302 3662 effugere
3346 3607 3663 3660 possumus,
3711 3589 3807 3645 sed

2211 3694 2309 3747 etsi
2358 3694 2411 3745 in
2460 3692 2655 3745 bestias
2689 3691 2833 3759 ipsas
2874 3687 3204 3749 incidamus,
3247 3686 3376 3739 nihil
3419 3684 3626 3738 adversi
3653 3683 3808 3737 nobis

2211 3785 2404 3839 evenit.
2433 3782 2677 3838 Omnium
2705 3782 2845 3835 enim
2878 3779 3128 3832 Dominus
3154 3792 3265 3831 sua:
3299 3775 3506 3829 virtutis
3554 3785 3810 3842 praestan-

2212 3881 2337 3932 tiam
2365 3877 2640 3932 declarans
2663 3915 2679 3938 ,
2710 3872 2997 3927 bestiarum
3027 3877 3192 3923 mutat
3218 3875 3457 3920 naturam
3477 3906 3491 3927 ,
3520 3880 3719 3931 easque
3746 3864 3803 3916 in

2212 3986 2338 4025 oves
2366 3978 2665 4022 mansuetas
2690 3957 3025 4018 transfermat
3045 3977 3063 4013 :
3088 3976 3191 4015 non
3221 3958 3362 4028 quod
3408 3957 3683 4011 bestialem
3730 3956 3807 4008 eis

2212 4076 2452 4117 naturam
2500 4062 2740 4113 immntet
2762 4098 2775 4120 ,
2818 4055 2909 4109 sed
2940 4054 3148 4108 relictas
3173 4052 3225 4105 in
3252 4060 3434 4105 natura
3464 4062 3557 4103 cas
3579 4089 3595 4113 ,
3629 4047 3807 4099 ovium

2213 4172 2390 4210 mores
2415 4164 2467 4208 et
2494 4164 2736 4207 naturam
2763 4149 3016 4204 exhibere
3042 4146 3251 4215 satagit.
3300 4143 3459 4212 quue
3496 4156 3602 4195 non
3633 4140 3807 4193 solum

2214 4250 2265 4305 in
2293 4249 2418 4303 feris
2436 4248 2555 4318 quis
2581 4246 2762 4301 videre
2793 4243 3022 4313 poterit,
3048 4239 3143 4295 sed
3178 4248 3232 4293 et
3259 4238 3309 4291 in
3335 4237 3613 4291 elementis
3658 4235 3801 4302 ipsis.

2214 4342 2435 4410 Quando
2457 4342 2598 4394 enim
2628 4339 2773 4403 vult,
2800 4346 2925 4391 tunc
2953 4343 3005 4389 et
3028 4334 3289 4388 elementa
3319 4332 3431 4399 ipsa
3461 4328 3670 4381 virtutis
3696 4341 3808 4381 suas

2214 4437 2611 4496 obliviscuntur,
2634 4442 2688 4486 et
2713 4444 2882 4499 neque
2909 4429 3041 4498 ignis
3068 4425 3189 4479 facit
3217 4424 3357 4493 quod
3388 4422 3522 4491 ignis
3551 4420 3709 4474 solet.
3740 4418 3805 4472 Et

2218 4529 2317 4583 hoc
2337 4542 2543 4597 quoque
2562 4525 2766 4579 discere
2789 4522 2983 4592 poterit
3010 4518 3196 4589 aliquis
3218 4527 3323 4571 tam
3347 4516 3398 4569 in
3420 4514 3587 4568 tribus
3604 4512 3802 4581 pueris,

2216 4638 2369 4691 quam
2386 4623 2436 4675 in
2458 4619 2668 4673 Danielc
2685 4616 2901 4688 (Dan.6.
2917 4613 3029 4683 22).
3047 4612 3173 4666 Nam
3198 4607 3527 4663 huncleones
3537 4610 3805 4661 sicntovcs

2217 4710 2642 4772 circumdabant,
2670 4718 2723 4762 et
2749 4720 2978 4775 superno
2998 4702 3192 4758 auxilio
3214 4710 3386 4756 retusa
3408 4712 3593 4753 eorum
3620 4695 3783 4749 feroci

2218 4811 2327 4858 tate
2349 4843 2364 4869 ,
2395 4801 2524 4856 nihil
2548 4800 2621 4853 illi
2653 4797 2970 4853 incommodi
2995 4795 3210 4850 dabant.
3237 4792 3367 4846 Nam
3396 4789 3535 4859 quod
3564 4787 3800 4843 ferocita—

2220 4903 2326 4949 tem
2355 4907 2459 4946 non
2487 4899 2794 4945 exercentes
2820 4888 2976 4951 ferte,
3011 4902 3127 4941 eam
3156 4894 3331 4938 tamen
3377 4880 3689 4936 retinuerint
3709 4920 3726 4946 ,
3772 4877 3803 4931 ii

2220 4986 2311 5057 qui
2336 4984 2464 5041 feris
2492 4982 2893 5038 truculentiores
2918 4988 3070 5034 erant
3095 4980 3269 5046 rcipsa
3289 4974 3494 5044 experti
3522 4980 3667 5027 sunt.

2294 5077 2348 5132 5.
2390 5075 2501 5130 Hoc
2545 5082 2719 5128 autem
2766 5072 2831 5127 ad
2870 5071 3126 5140 majorem
3166 5069 3376 5123 illorum
3418 5064 3802 5120 accusationem

2229 5169 2426 5224 factum
2452 5176 2565 5231 est,
2589 5167 2711 5236 quia
2740 5166 2943 5219 ratione
2975 5162 3227 5231 insigniti,
3256 5158 3570 5213 crudelitate
3608 5154 3801 5208 bestias

2228 5262 2433 5315 ratione
2459 5268 2702 5313 carentes
2724 5256 3023 5310 vincebant.
3068 5250 3419 5318 Tandemque
3456 5247 3628 5313 reipsa
3664 5243 3799 5297 didi-

2226 5360 2414 5407 cerunt
2454 5349 2720 5420 quomodo
2762 5364 2829 5402 ex
2871 5345 3077 5401 Domini
3120 5342 3447 5413 providentia
3493 5338 3621 5392 ferte
3671 5336 3799 5403 ipsa:

2223 5445 2420 5513 justum
2446 5442 2553 5495 sint
2602 5440 2861 5502 reveritm,
2901 5449 3072 5505 neque
3118 5448 3261 5487 ausae
3308 5430 3502 5485 fuerint
3543 5428 3659 5497 ejus
3684 5440 3798 5479 cor-

2229 5551 2325 5606 pus
2373 5535 2665 5603 attingere:
2720 5529 2795 5583 illi
2842 5542 2970 5582 vero
3013 5525 3149 5580 feras
3194 5523 3520 5579 immanitate
3564 5533 3783 5589 supera-

2257 5658 2297 5729 "
2328 5657 2425 5703 Sex
2473 5654 2615 5713 Mss,
2661 5660 2706 5703 et
2748 5657 2799 5701 ut
2844 5650 2988 5715 hujus
3030 5647 3183 5713 ﬁliae,
3223 5650 3304 5700 καὶ
3334 5651 3394 5697 ‘ai
3444 5646 3617 5697 τούτου
3660 5649 3795 5706 (iuva.-

2219 5733 2360 5780 τερες.
