4038 6358
275 452 384 509 499

273 568 518 629 ταύτης,
538 562 633 616 καὶ
654 561 877 617 ἄπελθε
894 564 980 628 εἰς
1004 562 1117 629 τὴν
1136 560 1211 630 γῆ
1218 578 1252 613 ν
1273 559 1381 627 τῆς
1401 558 1688 630 γενέσεώς
1708 571 1845 620 σου,

273 647 373 697 καὶ
399 644 608 711 ἔσομαι
627 641 775 709 μετὰ
805 641 939 694 σοῦ.
975 640 1115 707 Ἐγώ
1138 657 1217 692 σοι
1241 639 1511 708 πανταχοῦ
1536 639 1847 704 συνέσομαι,

274 726 370 777 καὶ
401 722 511 790 ἐγώ
538 738 619 773 σοι
650 720 747 790 τὴν
770 720 1077 791 ὁδοιπορίαν
1104 720 1315 787 εὐμαρῆ
1358 719 1684 786 καταστήσω
1703 754 1717 776 ,
1755 714 1848 765 καὶ

271 802 533 871 οὐδεμίαν
559 800 685 866 παρ’
713 800 926 860 οὐδενὸς
969 800 1251 871 ὑποστήσῃ
1295 796 1517 867 βλάϐην,
1562 798 1660 865 τῆς
1706 791 1847 862 ὲμῆς

267 880 454 946 δεξιᾶς
485 880 602 932 άντί
638 879 844 947 σκέπης
889 876 1163 946 πανταχοῦ
1192 879 1483 945 γινομένης
1516 893 1617 927 σοι.
1657 871 1847 947 Ταῦτα

269 958 613 1012 ἀκούσασαι
634 959 693 1009 αἰ
727 946 859 1023 περὶ
886 956 999 1023 τὴν
1024 955 1250 1024 Ῥαχὴλ
1267 967 1293 995 α
1318 950 1494 1008 εἶπαν
1523 953 1712 1017 αὐτῷ·
1748 946 1842 1013 Μή

266 1036 444 1089 ἐστιν
471 1034 614 1103 ἡμῖν
636 1035 828 1103 μερὶς,
863 1035 901 1103 ἢ
937 1035 1301 1102 κληρονομία
1342 1035 1410 1087 ἐν
1447 1031 1526 1097 τῷ
1562 1034 1706 1095 οἴκῳ
1738 1027 1843 1082 τοῦ

266 1114 496 1183 πατρὸς
538 1114 739 1181 ήμῶνξ
786 1116 909 1181 Οὐχ
956 1114 1036 1178 ὠς
1087 1114 1396 1180 ἀλλότριαι
1446 1113 1845 1182 λελογίσμεθα

266 1194 472 1258 αὐτῷ;
519 1193 786 1259 Πέπρακε
831 1193 940 1262 γὰρ
982 1190 1160 1260 ἡμᾶς,
1196 1191 1295 1245 καὶ
1338 1192 1631 1260 κατέφαγε
1670 1206 1845 1243 κατα-

267 1274 482 1341 ϐρὼσει
500 1272 563 1324 τὸ
595 1273 874 1339 ἀργύριον
894 1270 1079 1338 ἡμῶν.
1098 1270 1205 1322 Καὶ
1224 1270 1418 1322 πάντα
1446 1271 1552 1322 τὸν
1577 1269 1844 1323 πλοῦτον

266 1354 367 1405 καὶ
400 1352 515 1418 τὴν
539 1349 743 1414 δόξαν,
780 1348 861 1417 ἣν
885 1349 1166 1416 ἀφείλετο
1199 1352 1232 1402 ό
1282 1348 1425 1414 Θεὸς
1471 1346 1577 1401 τοῦ
1619 1347 1842 1415 πατρὸς

262 1429 459 1499 ἡμῶν,
488 1429 586 1482 σοὶ
610 1428 812 1481 ἔδωκε.
843 1429 972 1481 Νῦν
1001 1428 1117 1481 ὅσα
1144 1426 1342 1494 εῖρηκέ
1356 1440 1453 1480 σοι
1482 1430 1515 1480 ὁ
1537 1427 1680 1492 Θεός
1700 1442 1838 1489 σου,

265 1510 447 1563 ποίει-
478 1508 615 1576 Ὅρα
637 1506 730 1559 καὶ
756 1505 957 1566 ταύτας
985 1505 1256 1574 ἑπομένας
1269 1507 1335 1575 τῇ
1361 1504 1454 1557 τοῦ
1471 1503 1605 1557 Θεοῦ
1624 1504 1838 1576 γνώμῃ,

262 1588 361 1639 καὶ
406 1586 663 1653 λογισμὸν
707 1585 1096 1653 ἀναντίρρητον
1151 1584 1494 1651 εἰσαγούσας.
1553 1583 1644 1653 Μὴ
1689 1584 1798 1653 γὰρ
1824 1621 1840 1647 ,

262 1664 451 1731 φησὶν,
491 1662 573 1714 ἐτι
621 1679 673 1713 τι
701 1661 876 1713 κοινὸν
923 1663 1053 1731 ήμῖν
1087 1661 1223 1731 πρὸς
1265 1660 1356 1711 τὸν
1406 1661 1615 1730 πατέρα
1643 1660 1837 1731 ήμῶν;

264 1742 450 1805 ’Λπαξ
478 1744 585 1811 γάρ
612 1742 838 1793 ἀπέδοτο
870 1741 1034 1810 ἡμᾶς.
1079 1741 1187 1793 Τὸν
1216 1740 1421 1807 μέντοι
1451 1740 1719 1793 πλοῦτον
1741 1739 1840 1792 καὶ

257 1821 378 1886 τὴν
398 1821 606 1884 δόξαν,
636 1819 717 1887 ἢν
738 1820 1016 1887 ἀφείλετο
1042 1822 1073 1871 ό
1107 1818 1251 1883 Θεὸς
1267 1819 1373 1871 τοῦ
1393 1818 1617 1885 πατρὸς
1647 1816 1835 1886 ἡμῶν,

261 1900 366 1951 καὶ
395 1898 582 1952 ἑδωκέ
610 1912 732 1959 σοι,
759 1896 929 1965 ἡμεῖς
961 1896 1195 1963 ἕξομεν,
1214 1897 1311 1949 καὶ
1340 1896 1411 1949 τὰ
1442 1897 1621 1950 τέκνα
1645 1898 1834 1965 ἡμῶν.

239 1980 353 2048 ,Μὴ
384 1978 543 2046 μέλλε
576 1974 688 2041 οὖν,
723 1978 855 2047 μηδέ
877 1975 1247 2040 διαναϐάλλου,
1265 1976 1398 2028 ἀλλά
1424 1975 1565 2028 ποίει
1590 1975 1659 2027 τὰ
1686 1974 1837 2044 παρὰ

255 2058 354 2110 τοῦ
382 2056 516 2108 Θεοῦ
547 2073 628 2108 σοι
660 2054 1035 2125 ἐπιταχθέντα.
1064 2053 1194 2108 Νῦν
1221 2049 1334 2107 οὖν
1365 2054 1483 2107 ὅσα
1509 2052 1710 2122 εἴρηκέ
1735 2069 1835 2107 σοι

254 2140 290 2189 ὁ
331 2137 478 2200 Θεός
516 2150 662 2197 σου,
714 2134 888 2186 ποίει.
946 2134 1136 2187 Ταῦτα
1192 2133 1462 2197 ἀκούσας
1512 2135 1545 2186 ό
1595 2133 1831 2197 Ἰακὼϐ,

251 2216 529 2279 ἀναστὰς
555 2215 730 2269 ἔλαϐε
757 2213 863 2279 τὰς
879 2212 1167 2283 γυναῖκας
1187 2211 1372 2265 αὐτοῦ
1392 2212 1487 2265 καὶ
1516 2213 1589 2266 τὰ
1605 2213 1831 2271 παιδία.

250 2295 356 2348 καὶ
386 2295 745 2348 ἀνεϐίϐασεν
771 2294 956 2358 αὑτὰς
971 2293 1069 2345 ἐπὶ
1095 2291 1426 2361 καμήλους,
1446 2292 1543 2345 καὶ
1562 2292 1836 2361 ἀπήγαγε

250 2373 455 2425 πάντα
483 2373 553 2425 τὰ
572 2371 919 2439 ὑπάρχοντα
943 2370 1150 2433 αὑτοῦ,
1182 2370 1281 2423 καὶ
1309 2370 1423 2438 τὴν
1442 2370 1832 2438 ἀποσκευὴν,

256 2451 338 2517 ἢν
368 2449 830 2517 περιεποιήσατο
849 2451 919 2501 ὲν
940 2447 1012 2515 τῇ
1044 2449 1603 2517 Μεσοποταμίᾳ,καὶ
1637 2448 1833 2501 πάντα

249 2530 326 2583 τὰ
348 2530 554 2593 αὑτοῦ,
568 2528 850 2582 ἀπελθεῖν
863 2526 1013 2593 πρὸς
1028 2524 1224 2578 Ἰσαὰκ
1248 2525 1356 2578 τὸν
1370 2526 1593 2593 πατέρα
1619 2527 1827 2581 αὐτοῦ.

324 2608 387 2661 δ’.
410 2608 609 2661 Σκόπει
634 2624 724 2677 μοι
754 2606 847 2659 τοῦ
875 2605 1083 2658 δικαίου
1112 2605 1210 2675 τῆς
1236 2604 1413 2676 ψυχῆς
1436 2607 1535 2675 τὴν
1555 2606 1827 2677 ἀνδρείαν,

250 2690 350 2740 καὶ
383 2690 532 2749 ὅπως
570 2688 746 2739 πάντα
793 2685 955 2754 φόϐον
1004 2685 1098 2737 καί¹
1145 2684 1386 2751 ἀγωνίαν
1430 2685 1830 2756 παρωσάμενος

248 2767 501 2821 ἐπείθετο
526 2766 601 2835 τῷ
629 2766 720 2820 τοῦ
763 2765 1030 2818 Δεσπότου
1072 2765 1422 2835 ἐπιτάγματι.
1473 2762 1688 2836 Ἐπειδὴ
1722 2766 1829 2837 γὰρ

248 2845 362 2899 εἶδε
385 2846 479 2898 τοῦ
511 2846 696 2898 Λάϐαν
722 2846 818 2914 οὐχ
853 2843 981 2913 ὑγιῆ
1008 2842 1105 2913 τὴν
1140 2842 1385 2914 γνώμην,
1412 2846 1509 2897 οὐκ
1546 2844 1624 2896 ἐτι
1652 2845 1825 2897 καθά-

248 2944 361 2994 περ
404 2926 665 2995 πρότερον
696 2924 959 2978 πυθέσθαι
999 2922 1161 2976 αὐτὸν
1200 2924 1553 2988 κατεδέξατο,
1601 2925 1736 2977 ἀλλά
1767 2927 1827 2980 τὸ

249 3005 591 3075 προσταχθὲν
627 3004 776 3075 παρὰ
796 3001 889 3055 τοῦ
924 3003 1215 3069 Δεσπότου,
1243 3003 1498 3073 ἐπλήρου,
1531 3004 1624 3056 καὶ
1648 3004 1827 3057 λαϐὼν

246 3085 352 3145 τὰς
383 3086 643 3151 γυναῖκας
668 3084 761 3135 καί
789 3083 855 3135 τὰ
878 3083 1062 3135 παιδία
1085 3082 1288 3151 ἥπτετο
1325 3083 1421 3147 τῆς
1450 3080 1590 3135 ὀδοῦ.
1626 3082 1831 3137 Λάϐαν

247 3161 341 3222 δὲ,
360 3164 542 3232 φησὶν,
558 3161 743 3228 ᾤχετο
760 3161 947 3228 κεῖραι
974 3161 1045 3214 τὰ
1069 3162 1331 3227 πρόϐατα
1347 3161 1829 3231 αὐτοῦ.”Εκλεψε

248 3240 321 3292 δὲ
354 3240 576 3308 Ῥαχὴλ
599 3242 669 3293 τὰ
689 3240 909 3293 εἴδωλα
925 3240 1029 3293 τοῦ
1046 3240 1268 3308 πατρὸς
1282 3239 1491 3308 αὐτῆς.
1514 3242 1624 3311 Οὐχ
1641 3242 1828 3304 ἁπλῶς

246 3319 373 3372 οὐδὲ
402 3320 559 3372 τοῦτο
586 3320 930 3387 πρόσκειται,
960 3318 1073 3371 ἀλλ’
1111 3319 1199 3372 ἵνα
1224 3320 1462 3388 γνῶμεν,
1486 3319 1602 3382 πῶς
1624 3320 1703 3373 ἐτι
1730 3322 1828 3390 τῆς

249 3400 526 3468 πατρικῆς
552 3398 755 3467 εἴχοντο
782 3397 1084 3467 συνηθείας.
1116 3399 1208 3450 καὶ
1238 3398 1437 3469 πολλὴν
1468 3399 1567 3469 τὴν
1598 3400 1727 3470 περὶ
1756 3402 1826 3453 τὰ

249 3477 445 3530 εἴδωλα
474 3477 765 3547 θεραπείαν
806 3476 1201 3530 ἐπεδείκνυντο.
1242 3477 1524 3547 Ἐννόησον
1561 3476 1670 3548 γὰρ
1696 3478 1826 3548 ὅσην

248 3555 391 3625 αὕτη
422 3555 655 3625 σπουδὴν
680 3556 993 3624 ἐποιήσατο,
1018 3556 1089 3618 ὼς
1126 3553 1291 3623 μηδὲν
1320 3555 1505 3625 ἓτερον
1535 3556 1825 3623 ὑφελέσθαι

245 3633 360 3687 τῶν
395 3634 489 3686 τοῦ
544 3634 779 3704 πατρὸς,
831 3633 967 3686 ἀλλά
1001 3634 1069 3685 τά
1104 3632 1296 3685 εἴδωλα
1341 3633 1496 3696 μόνα,
1549 3635 1640 3686 καὶ
1668 3634 1828 3687 τοῦτο

246 3715 423 3767 ἐποίει
449 3714 541 3766 καὶ
569 3715 658 3785 τὸν
686 3713 854 3784 ἄνδρα
884 3713 1238 3765 λανθάνουσα·
1262 3712 1382 3764 οὐδὲ
1403 3711 1511 3782 γάρ
1536 3712 1600 3765 ἂν
1622 3716 1827 3777 ἐκεῖνος

248 3792 596 3861 συνεχώρησε
624 3792 795 3845 ταῦτα
840 3792 1111 3860 γενέσθαι.
1160 3792 1424 3859 Ἕκρυψε
1477 3790 1582 3852 δὲ,
1625 3792 1822 3861 φησὶν,

259 3870 472 3924 Ἰακὼϐ
484 3871 685 3924 Λάϐαν
701 3870 808 3923 τὸν
827 3872 1039 3937 Σύρον,
1058 3869 1164 3922 τοῦ
1173 3869 1258 3936 μὴ
1279 3867 1624 3937 ἀναγγεῖλαι
1643 3869 1824 3933 αὐτῷ,

244 3950 338 4005 ὅτι
371 3950 818 4019 ἀποδιδράσκει.
859 3949 967 4004 Καὶ
1000 3949 1229 4015 ἀπέδρα
1260 3949 1462 4014 αὐτὸς,
1498 3950 1595 4001 καί
1629 3949 1825 4003 πάντα

242 4028 321 4081 τὰ
350 4028 557 4091 αὐτοῦ,
577 4027 673 4081 καὶ
705 4027 866 4095 διέϐη
885 4027 992 4080 τὸν
1011 4025 1299 4095 ποταμὸν,
1323 4027 1421 4080 καὶ
1444 4026 1720 4095 ὥρμησεν
1738 4030 1825 4093 εἰς

244 4106 315 4158 τὸ
347 4105 483 4172 ὅρος
509 4105 775 4160 Γαλααδ.
804 4106 913 4159 Θέα
951 4123 1040 4176 μοι
1079 4106 1179 4175 τὴν
1208 4105 1407 4177 πολλὴν
1436 4105 1529 4158 τοῦ
1569 4104 1702 4158 Θεοῦ
1730 4108 1823 4159 καὶ

246 4183 479 4237 ἐνταῦθα
507 4184 781 4254 πρόνοιαν,
799 4187 968 4248 ὅπως,
992 4184 1182 4255 μέχρις
1197 4184 1285 4236 ὅτε
1305 4182 1586 4255 πόρρωθεν
1603 4184 1823 4251 γέγονεν

242 4262 275 4316 δ
300 4263 527 4326 δίκαιος,
558 4262 618 4315 οὐ
650 4261 995 4333 συνεχώρησε
1018 4262 1097 4331 τῷ
1117 4261 1302 4314 Λάϐαν
1325 4262 1403 4323 εἰς
1422 4259 1623 4328 γνῶσιν
1648 4262 1823 4315 ἐλθεῖν

241 4342 341 4413 τήν
353 4343 696 4413 ἀναχώρησιν
718 4342 813 4395 τοῦ
829 4340 1043 4395 Ἰακώϐ.
1070 4338 1258 4407 Τριῶν
1280 4338 1396 4409 γὰρ’
1411 4338 1821 4415 ήμερῶν.[554]

241 4422 400 4490 φησι,
428 4419 880 4489 παρελθουσῶν,
910 4418 991 4483 τῷ
1012 4419 1215 4473 Λάϐαν
1237 4416 1535 4485 ἐγνώσθη.
1567 4419 1678 4471 Καὶ
1714 4432 1822 4473 πα-

232 4499 517 4566 ραλαϐὼν
548 4498 779 4563 πάντας
806 4498 949 4564 τοὺς
975 4494 1278 4564 ἀδελφοὺς
1321 4496 1509 4548 αὐτοῦ
1535 4496 1662 4564 μεθ’
1682 4496 1822 4550 ἐαυ-

238 4578 348 4633 τοῦ
369 4618 385 4639 ,
414 4578 661 4642 ἐδίωξεν
709 4579 902 4631 ὀπίσω
947 4575 1133 4630 αὑτοῦ
1174 4573 1319 4628 ὁδὸν
1348 4574 1584 4642 ἡμερῶν
1631 4575 1781 4628 ἑπτά
1802 4592 1818 4606 ο

239 4657 342 4710 καὶ
372 4657 698 4710 κατέλαϐεν
728 4656 916 4711 αὐτόν
945 4655 1016 4708 ἐν
1044 4653 1124 4718 τῷ
1154 4654 1274 4720 ὄρει
1320 4652 1585 4707 Γαλαὰδ.
1621 4654 1820 4708 Σκόπει

238 4735 405 4789 πάλιν
430 4736 529 4805 τὴν
550 4734 753 4803 ἄφατον
769 4734 864 4788 τοῦ
888 4732 1024 4787 Θεοῦ
1049 4732 1392 4803 κηδεμονίαν.
1426 4733 1484 4785 Ὀ
1499 4731 1607 4802 γὰρ
1626 4731 1816 4797 εἰπὼν,

249 4815 609 4884 Ἀπόστρεςρε
658 4817 746 4879 εἰς
785 4814 902 4881 τὴν
942 4812 1058 4881 γῆν
1102 4828 1241 4877 σου,
1289 4812 1389 4866 καί
1425 4813 1637 4881 ἔσομαι
1668 4812 1819 4882 μετὰ

234 4893 378 4954 σοῦ,
399 4886 555 4955 οὗτος
574 4893 667 4945 καὶ
684 4892 778 4946 νῦν
796 4892 896 4962 τὴν
923 4890 1130 4944 οἰκείαν
1154 4891 1517 4944 ἐπιδείκνυται
1539 4892 1815 4961 πρόνοιαν.

248 4968 471 5039 Ἐπειδὴ
497 4970 605 5039 γάρ
635 4964 741 5021 εἶδε
764 4967 857 5021 τὸν
885 4968 1072 5021 Λάϐαν
1106 4968 1244 5035 μετά
1277 4967 1477 5037 πολλῆς
1506 4967 1818 5037 ἀγανακτή-

235 5064 379 5110 σεως
409 5047 812 5100 καταδιώκοντα
833 5046 923 5100 τὸν
947 5046 1175 5109 δίκαιον,
1203 5048 1294 5098 καὶ
1321 5046 1496 5115 δίκην,
1518 5045 1592 5107 ὼς
1620 5048 1814 5109 εἰπεῖν,

233 5127 639 5197 εἰσπράξασθαι
686 5126 1007 5197 βουλόμενον
1062 5125 1165 5193 τῆς
1218 5125 1636 5195 ἀναχωρήσεως,
1698 5126 1817 5178 ἐπι-

233 5206 488 5273 φαίνεται
536 5204 614 5269 τῷ
659 5205 842 5258 Λάϐαν
886 5204 1009 5257 καθ’
1055 5203 1221 5256 ὕπνον
1277 5203 1375 5273 τὴν
1411 5204 1600 5257 νύκτα.
1629 5198 1817 5258 ἾΙλθε

231 5283 322 5346 δὲ,
373 5284 558 5353 φησιν,
612 5286 646 5336 ό
686 5284 831 5349 Θεὸς
863 5284 1013 5350 πρὸς
1045 5281 1250 5336 Λάϐαν
1299 5281 1409 5335 τὸν
1455 5284 1650 5349 Σίιρον
1702 5283 1817 5351 τὴν

231 5362 451 5423 νύκτα,
483 5360 581 5414 καὶ
618 5356 787 5414 εἶπεν
823 5361 1005 5426 αὐτῷ.
1039 5363 1179 5432 Ὅρα
1220 5360 1355 5414 Θεοῦ
1386 5360 1811 5428 συγκατάϐασιν,

232 5443 329 5494 καὶ
361 5442 510 5502 ὅπως
534 5440 622 5492 διὰ
653 5440 751 5510 τὴν
784 5441 911 5511 περί
939 5440 1029 5493 τὸν
1051 5440 1256 5494 δίκαιον
1275 5440 1599 5510 κηδεμονίαν
1626 5440 1718 5494 καὶ
1737 5441 1815 5510 τῷ

231 5519 420 5572 Λάϐαν
449 5518 776 5585 διαλέγεται,
798 5520 885 5573 ἵνα
907 5520 1237 5582 κατασείσας
1266 5518 1431 5573 αὐτοῦ
1455 5518 1552 5589 τὴν
1578 5519 1813 5573 διάνοιαν

230 5598 519 5667 ἀποστήσῃ
572 5596 673 5665 τῆς
728 5596 870 5648 κατά
920 5597 1013 5650 τοῦ
1074 5596 1266 5649 Ἰακὼϐ
1318 5599 1511 5667 ὁρμῆς.
1546 5598 1814 5661 Φύλαξαι

230 5675 515 5737 σεαυτὸν,
548 5674 779 5742 μήποτε
826 5677 1108 5743 λαλήσης
1146 5676 1296 5745 μετὰ
1326 5676 1433 5729 τοῦ
1471 5676 1672 5729 Ἰακὼϐ
1704 5694 1811 5729 πο-

233 5753 406 5822 νηρά.
440 5754 615 5824 Πολλὴ
636 5754 730 5806 τοῦ
758 5755 1025 5807 Δεσπότου
1046 5757 1079 5825 ἡ
1102 5757 1393 5825 ἀγαθότης.
1431 5756 1646 5826 Ἐπειδὴ
1666 5756 1812 5826 ἐώρα

230 5833 395 5887 αὑτὸν
428 5834 563 5901 πρὸς
596 5831 775 5902 μάχην
814 5832 1184 5904 ἐπειγόμενον,
1218 5836 1312 5890 καὶ
1341 5835 1804 5904 κατεξαναστῆναι

294 6000 427 6075 eri‘c
443 6000 627 6075 jgdic‘a‘t
656 6000 924 6075 Βξεῂεξρω
949 6010 1001 6058 et
1038 6004 1174 6059 Liam
1201 6019 1338 6059 more
1372 6007 1664 6061 Graecorum.
1689 6006 1813 6065 LXX

233 6061 416 6114 habent
443 6061 623 6127 Ῥαχὴλ
644 6064 723 6112 καὶ
752 6064 889 6117 Λεία.

1296 446 1360 501 IN
1397 445 1547 500 CAP.
1589 442 1735 499 XXX
1780 437 2023 495 GENES.
2069 437 2299 493 HOMIL.
2344 437 2499 492 LVII.

3416 434 3522 493 300

1953 564 2046 616 τοῦ
2069 563 2273 617 δικαίου
2302 563 2639 633 βουλόμενον,
2663 558 2939 630 μονονουχὶ
2952 557 3038 610 διὰ
3063 556 3303 628 ῥήματος
3333 556 3527 612 καθέλ-

1950 665 2032 699 κει
2058 646 2218 699 αὐτοῦ
2242 648 2332 697 τὸν
2362 644 2638 713 λογισμὸν,
2665 642 2755 694 καί
2776 658 2925 711 φησιο
2950 641 3214 704 Φύλαξαι
3240 641 3525 707 σεαυτὸν,

1942 730 2174 798 μήποτε
2192 731 2473 797 λαλήσῃς
2494 728 2643 795 μετά
2671 726 2867 779 Ἰακὼϐ
2887 727 3171 791 πονηρόν.
3191 724 3341 793 Μηδὲ
3366 725 3526 796 μέχρι

1949 814 2225 881 ῥημάτων,
2272 812 2453 881 φησὶν,
2489 810 2843 879 ἐπιχειρήσῃς
2887 807 3127 875 λυπῆσαι
3172 806 3262 859 τὸν
3308 808 3522 874 Ἰακὼϐ,

1945 894 2079 947 άλλά
2108 894 2335 962 φύλαξαι
2378 893 2624 955 σεαυτὸν,
2654 891 2878 959 ἐπίσχες
2922 906 3014 942 σου
3055 889 3154 958 τὴν
3192 888 3363 960 κακὴν
3388 890 3525 941 ταύ-

1943 994 2042 1046 την
2070 978 2266 1048 ὁρμὴν,
2296 974 2643 1029 κατάστειλαι
2678 974 2769 1027 τὸν
2809 972 3003 1041 θυμὸν,
3048 972 3392 1040 ἀναχαίτισόν
3428 991 3522 1025 σου

1943 1060 2289 1129 θυμουμένην
2316 1059 2416 1129 τὴν
2459 1058 2717 1117 διάνοιαν,
2764 1056 2859 1107 καὶ
2894 1054 3029 1124 μηδέ
3071 1055 3231 1123 μέχρι
3280 1056 3524 1125 ῥήματος

1943 1141 2182 1211 λυπῆσαι
2206 1142 2370 1194 αὐτὸν
2403 1142 2633 1210 ἀνάσχῃ.
2667 1137 2777 1191 Καὶ⁸
2807 1135 2997 1189 σκόπει
3029 1154 3115 1206 μοι
3153 1135 3286 1188 Θεοῦ
3329 1138 3521 1205 φιλαν-

1942 1224 2209 1295 θρωπίαν.
2259 1225 2332 1279 Οὐ
2391 1221 2691 1294 προσέταξε
2736 1221 2814 1291 τῷ
2867 1219 3050 1274 Λάϐαν
3099 1221 3177 1282 εἰς
3226 1220 3294 1272 τὰ
3346 1223 3521 1275 οἰκεῖα

1942 1309 2299 1381 ὑποστρέψαι,
2329 1308 2463 1362 ἀλλὰ
2512 1308 2669 1376 μόνον
2710 1303 3145 1375 παρεκελεύσατο
3194 1304 3355 1373 μηδὲν
3390 1322 3523 1376 φορ-

1939 1391 2108 1454 τικὸν,
2157 1392 2291 1461 μηδὲ
2336 1391 2568 1461 ἐπαχθὲς
2605 1387 2952 1456 διαλεχθῆναι
2996 1385 3074 1455 τῷ
3115 1386 3329 1455 δικαίῳ.
3366 1386 3521 1450 Τίνος

1938 1474 2141 1537 ἕνεκεν,
2171 1474 2261 1526 καὶ
2289 1474 2377 1526 διὰ
2399 1473 2488 1539 τί;
2519 1473 2636 1524 Ἵνα
2669 1469 2817 1539 μάθῃ
2848 1468 2941 1521 καί
2969 1469 3055 1521 διὰ
3086 1467 3191 1520 τῶν
3223 1467 3399 1537 ἔργων
3420 1470 3520 1521 a6-

1938 1556 2045 1608 τῶν
2077 1559 2105 1609 6
2142 1555 2346 1618 δίκαιος
2378 1557 2472 1608 καὶ
2510 1554 2598 1606 διὰ
2631 1553 2739 1605 τῶν
2779 1552 3139 1622 πραγμάτων,
3179 1551 3309 1621 ὅσης
3339 1551 3519 1615 ἁξιοῦ-

1939 1655 2026 1691 ται
2054 1638 2204 1707 παρά
2234 1638 2327 1690 τοῦ
2357 1636 2488 1690 Θεοῦ
2516 1637 2612 1706 τῆς
2644 1635 2989 1705 κηδεμονίας.
3030 1634 3091 1685 Εἰ
3118 1634 3226 1703 γάρ
3257 1634 3519 1705 ὑπέστρε-

1936 1720 2035 1788 ψεν
2066 1722 2093 1773 6
2119 1719 2324 1785 Λάϐαν,
2360 1720 2520 1772 πόθεν
2570 1720 2635 1771 ἂν
2674 1716 2831 1768 τοῦτο
2860 1716 3011 1783 ἔγνω
3035 1718 3063 1768 6
3104 1715 3331 1780 Ἰακὼϐ,
3380 1718 3414 1789 ἢ
3463 1719 3519 1770 αἰ

1936 1802 2128 1855 τούτου
2180 1805 2469 1871 γυναῖκεςς
2534 1800 2645 1853 Καὶ
2695 1800 2783 1852 διά
2829 1798 2988 1851 τοῦτο
3041 1802 3313 1869 συγχωρεῖ
3359 1801 3521 1854 αὐτὸν

1936 1885 2209 1950 ἀπελθεῖν,
2246 1886 2339 1938 καὶ
2363 1885 2450 1938 διὰ
2475 1887 2575 1955 τῆς
2606 1883 2809 1944 οἰκείας
2831 1880 3074 1950 γλώττης
3096 1883 3426 1952 ὁμολογῆσαι
3451 1884 3519 1937 τά

1936 1968 2086 2037 παρὰ
2113 1968 2207 2021 τοῦ
2256 1968 2390 2022 Θεοῦ
2421 1968 2554 2039 πρὸς
2575 1968 2736 2022 αὐτὸν
2754 1965 3006 2037 ῥηθέντα,
3029 1966 3113 2017 ἵνα
3134 1966 3229 2019 καὶ
3261 1968 3287 2017 6
3313 1968 3517 2031 δίκαιος

1936 2052 2154 2105 πλείονα
2169 2052 2267 2122 τὴν
2284 2051 2591 2123 προθυμίαν
2620 2050 2885 2119 κτήσηται
2906 2048 3035 2118 περί
3061 2049 3165 2115 τὴν
3184 2049 3515 2119 ἀποδημίαν,

1934 2137 2029 2188 καὶ
2059 2135 2256 2206 θάρσος
2284 2134 2587 2205 προσλάϐῃ,
2618 2133 2712 2185 καὶ
2764 2134 2820 2185 αἰ
2882 2130 3070 2183 τούτου
3111 2134 3367 2199 γυναῖκες
3410 2150 3509 2202 μα-

1934 2217 2122 2270 θοῦσαι
2164 2219 2296 2289 ὅσης
2337 2215 2580 2282 ἀξιοῦται
2617 2217 2645 2267 6
2682 2212 2873 2266 Ἰακὼϐ
2913 2212 3063 2284 παρά
3104 2213 3196 2266 τοῦ
3234 2214 3339 2266 τῶν
3380 2215 3546 2268 ὅλων]

1932 2300 2067 2353 Θεοῦ
2119 2300 2217 2370 τῆς
2265 2299 2617 2370 κηδεμονίας,
2669 2296 3064 2351 ἀποσείσωνται
3112 2297 3211 2365 τὴν
3246 2297 3542 2367 πατρικὴνσ

1934 2382 2141 2453 πλάνην
2169 2386 2261 2436 καὶ
2285 2380 2567 2452 ζηλώσωσι
2596 2380 2685 2433 τὸν
2704 2379 2930 2444 δίκαιον,
2955 2379 3047 2431 καὶ
3077 2378 3406 2446 θεογνωσίας
3430 2383 3517 2431 ἐν»

1930 2464 2122 2518 τεῦθεν
2172 2464 2444 2535 ἀρκοῦσαν
2494 2463 2845 2516 διδασκαλίαν
2899 2461 3178 2527 δέξωνται.
3227 2462 3360 2515 Οὐδὲ
3406 2463 3515 2534 γὰρ

1931 2546 2101 2611 οὕτως
2124 2543 2191 2616 ἦν
2220 2548 2288 2599 τά
2317 2548 2467 2617 παρά
2492 2547 2583 2600 τοῦ
2622 2546 2815 2599 Ἰακὼϐ
2841 2544 3149 2609 ἀξιόπιστα,
3174 2545 3249 2609 ὼς
3273 2546 3341 2599 τά
3365 2550 3516 2618 παρά

1930 2630 2024 2682 τοῦ
2062 2630 2243 2682 Λάϐαν
2272 2630 2567 2699 λεγόμενα,
2596 2628 2692 2681 τοῦ
2726 2629 2806 2681 ἐτι
2846 2628 2973 2698 περὶ
3001 2626 3067 2680 τὰ
3098 2628 3292 2680 εἴδωλα
3314 2631 3513 2698 ἐπτοη-

1935 2714 2114 2783 μένου.
2152 2714 2218 2766 Αἱ
2243 2714 2351 2784 γὰρ
2377 2714 2527 2783 παρὰ
2552 2711 2659 2764 τῶν
2687 2712 2931 2764 ἀπίστων
2964 2713 3256 2782 μαρτυρίαι
3279 2714 3372 2765 καὶ
3405 2714 3513 2765 τῶν

1930 2796 2146 2867 ἐχθρῶν
2176 2797 2273 2866 τῆς
2295 2797 2579 2859 εὐσεϐείας
2601 2795 2688 2848 ἀεὶ
2721 2796 2854 2847 πολὺ
2884 2796 2944 2846 τὸ
2972 2794 3278 2859 ἀξιόπιστον
3308 2795 3509 2865 έχουσι.

1930 2880 2042 2932 Καὶ
2076 2878 2233 2932 τοῦτο
2250 2879 2359 2949 γὰρ
2386 2880 2483 2950 τῆς
2512 2877 2822 2947 εὐμηχάνου
2848 2876 2943 2929 τοῦ
2982 2877 3116 2929 Θεοῦ
3146 2878 3365 2944 σοφίας,
3384 2879 3511 2931 ὅταν

1928 2963 2023 3015 καὶ
2048 2962 2171 3025 τοὺς
2194 2962 2420 3033 ἐχθροὺς
2448 2962 2549 3031 τῆς
2573 2961 2830 3030 ἀληθείας
2848 2960 3046 3022 αὐτοὺς
3074 2960 3359 3031 μάρτυρας
3382 2965 3512 3033 ποιῇ

1925 3044 2177 3113 γενέσθαι
2196 3048 2295 3116 τῆς
2317 3044 2594 3115 ἀληθείας,
2621 3044 2716 3098 καὶ
2733 3044 2819 3096 διὰ
2840 3044 2937 3113 τῆς
2955 3044 3161 3106 οἰκείας
3180 3044 3425 3114 γλώττης
3444 3046 3522 3099 τὰν

1926 3127 2064 3181 αὐτὰ
2118 3128 2606 3197 συναγωνίζωνται.
2671 3125 2966 3181 Κατέλαϐε
3015 3125 3083 3177 δὲ
3146 3126 3352 3180 Λάϐαν
3405 3129 3511 3181 τὸν

1940 3211 2162 3265 Ἰακώϐ.
2209 3209 2411 3265 Ἰακὼϐ
2425 3210 2493 3263 δὲ
2516 3208 2706 3275 ἔπηξε
2732 3209 2846 3275 τὴν
2871 3208 3113 3275 σκηνὴν
3133 3208 3321 3262 αὑτοῦ
3342 3210 3411 3263 ἐν
3430 3209 3523 3277 τῷΔ

1926 3294 2048 3361 ὄρει
2069 3312 2081 3324 ο
2122 3293 2324 3348 Λάϐαν
2352 3292 2419 3346 δὲ
2453 3294 2679 3360 ἔστησε
2707 3292 2847 3358 τοὺς
2877 3290 3177 3359 ἀδελφοὺς
3214 3293 3399 3346 αὐτοῦ
3440 3294 3511 3346 ἐν

1925 3374 2005 3441 τῷ
2044 3376 2163 3444 ὄρει
2190 3375 2459 3430 Γαλαὰδ.
2496 3377 2603 3431 Καὶ
2645 3371 2776 3429 εἷπε
2818 3374 3020 3429 Λάϐαν
3058 3375 3138 3439 τῷ
3183 3374 3407 3428 Ἰακώϐ⁶
3450 3375 3525 3430 Τίνι

1924 3460 2100 3513 τοῦτο
2126 3461 2450 3527 ἐποίησας;
2482 3460 2621 3529 Ὅρα
2649 3458 2766 3520 πῶς
2797 3457 2858 3510 τὸ
2886 3458 3036 3528 παρά
3068 3456 3160 3510 τοῦ
3177 3457 3310 3509 Θεοῦ
3342 3459 3511 3530 πρόσ-

1926 3560 2114 3612 τάγμα
2175 3543 2275 3612 τὴν
2303 3540 2502 3612 πολλὴν
2526 3540 2689 3593 αὐτοῦ
2720 3541 3024 3610 φλεγμονὴν
3053 3540 3385 3607 κατέστειλε,
3416 3540 3511 3595 καὶ

1923 3626 2016 3678 τὸν
2046 3625 2213 3696 θυμὸν
2236 3624 2551 3695 ἐχαλίνωσε.
2576 3626 2674 3678 Διά
2710 3623 2869 3676 τοῦτο
2922 3619 3058 3692 μετά
3092 3623 3512 3694 πολλῆςήμερὸο

1924 3725 2085 3777 τητος
2119 3709 2245 3771 τοὺς
2298 3708 2432 3778 πρὸς
2477 3707 2640 3760 αὐτὸν
2684 3708 2918 3759 ποιεῖται
2951 3706 3175 3774 λόγους,
3227 3707 3523 3777 μονονουχὶ

1926 3790 2377 3860 ἀπολογούμενος,
2414 3790 2507 3843 καὶ
2536 3788 2808 3860 πατρικὴν
2833 3788 3217 3858 φιλοστοργίαν
3246 3790 3374 3860 περὶ
3410 3790 3511 3840 αὐ-

1924 3873 2014 3926 τὸν
2062 3871 2521 3941 ἐπιδεικνύμενος.
2574 3871 2745 3923 Ὅταν
2795 3870 2903 3942 γὰρ
2939 3869 3089 3940 [555]
3146 3870 3245 3935 τῆς
3300 3870 3513 3924 ἀνωθεν

1925 3950 2288 4019 ἀπολαύωμεν
2314 3950 2589 4020 προνοίας,
2618 3950 2676 4000 06
2716 3948 2873 4019 μόνον
2917 3948 3025 4001 τῶν
3058 3948 3357 4017 ἀνθρώπων
3395 3947 3505 4000 τῶν

1924 4029 2173 4100 πονηρῶν
2209 4028 2489 4097 διαφυγεῖν
2525 4028 2797 4097 δυνάμεθα
2851 4026 2951 4088 τάς
2992 4026 3319 4089 ἐπιϐουλάς,
3366 4026 3504 4079 ἀλλὰ

1922 4108 2016 4161 καὶ
2047 4108 2254 4177 θηρίοις
2289 4106 2584 4177 ἀνημέροις
2618 4106 2711 4158 ἐὰν
2743 4106 3129 4176 περιπέσωμεν
3149 4144 3163 4166 ,
3199 4105 3350 4157 οὐδὲν
3377 4105 3508 4159 ὐπο-

1923 4185 2236 4256 στησόμεθα
2260 4184 2449 4239 δεινόν.
2496 4184 2553 4239 '0
2572 4184 2679 4256 γὰρ
2705 4184 2812 4237 τῶν
2842 4185 3094 4239 ἁπάντων
3115 4184 3391 4254 Δεσπότης
3407 4185 3506 4254 τῆς

1920 4265 2126 4329 οἰκείας
2160 4263 2441 4334 δυνάμεως
2468 4263 2567 4335 τὴν
2596 4264 2911 4333 περιουσίαν
2935 4261 3392 4332 ἐπιδεικνύμενος,
3413 4265 3506 4316 καὶ

1922 4343 2031 4395 τῶν
2067 4343 2269 4413 θηρίων
2300 4342 2622 4413 μεταϐάλλει
2650 4344 2748 4413 τὴν
2774 4343 2955 4411 φύσιν,
2993 4343 3086 4395 καὶ
3117 4343 3196 4404 εἰς
3218 4342 3506 4411 προϐάτων

1920 4425 2233 4494 ἡμερότητα
2256 4423 2394 4476 αὐτὰ
2423 4423 2761 4492 μεθίστησιν,
2784 4424 2907 4491 οὐχὶ
2934 4423 3031 4491 τῆς
3054 4420 3345 4493 θηριωδίας
3366 4422 3505 4474 αὐτά

1924 4499 2200 4569 μεθιστὰς,
2242 4500 2358 4552 ἀλλ’
2390 4501 2446 4552 ἐν
2479 4501 2618 4571 αὐτῇ
2646 4503 2710 4570 τῇ
2759 4500 2917 4569 φύσει
2956 4500 3404 4567 καταλιμπάνων,
3435 4501 3506 4551 τὰ

1918 4579 2027 4632 τῶν
2053 4578 2338 4650 προϐάτων
2369 4580 2767 4632 ἐπιδείκνυσθαι
2801 4579 3227 4649 παρασκευάζει.
3268 4579 3377 4630 Καὶ
3405 4578 3506 4631 οὐκ

1921 4658 2148 4710 ἐπὶτῶν
2179 4657 2383 4727 θηρίων
2425 4657 2583 4727 μόνον
2615 4657 2772 4711 τοῦτο
2806 4657 2909 4710 ἴδοι
2938 4674 3023 4721 τις
3081 4658 3145 4711 ἂν
3168 4698 3183 4721 ,
3235 4656 3372 4710 ἀλλὰ
3404 4656 3502 4709 καὶ

1919 4738 2007 4789 ἐπ’
2040 4735 2218 4789 αὐτῶν
2242 4737 2351 4789 τῶν
2383 4737 2855 4807 στοιχείων.”οταν
2890 4736 2997 4806 γάρ
3025 4736 3185 4798 αὐτὸς
3216 4734 3497 4803 βούληται,

1922 4815 2016 4867 καὶ
2043 4814 2113 4867 τά
2143 4817 2381 4885 στοιχεῖα
2405 4815 2542 4867 αὐτά
2572 4815 2668 4884 τῆς
2716 4815 2923 4876 οἰκείας
2968 4815 3243 4883 ἐνεργείας
3280 4813 3500 4865 ἐπιλαν-

1921 4893 2163 4958 θάνεται,
2198 4895 2294 4947 καὶ
2343 4894 2465 4946 οὐδέ
2492 4892 2606 4963 πῦρ
2635 4893 2702 4945 τὰ
2734 4893 2906 4962 πυρὸς
2946 4893 3329 4945 ἐπιδείκνυται.
3388 4892 3499 4944 Καὶ

1920 4972 2077 5025 τοῦτό
2112 4990 2197 5036 τις
2227 4972 2531 5042 καταμάθοι
2556 4973 2647 5025 ἐπί
2673 4989 2731 5023 τε
2756 4973 2866 5024 τῶν
2889 4971 3058 5042 τριῶν
3084 4972 3307 5035 παίδων,
3329 4971 3420 5023 ἐπί
3437 4988 3497 5022 τε

1919 5051 2013 5103 τοῦ
2044 5050 2265 5120 Δανιήλ.
2298 5051 2356 5103 '0
2394 5053 2490 5120 μὲν
2525 5050 2631 5103 ὑπὸ
2658 5050 2885 5103 λεόντων
2912 5049 3405 5119 περιστατούμενος
3444 5050 3503 5114 δ,

1920 5130 1995 5192 ὡς
2025 5130 2132 5183 ὑπὸ
2151 5128 2434 5199 προϐάτων
2460 5127 2843 5197 κυκλούμενος,
2863 5129 3016 5182 οὐδὲν
3050 5128 3284 5197 ἔπασχεν
3311 5127 3495 5195 ἀηδὲς,

1918 5210 2021 5276 τῆς
2052 5205 2261 5259 ἀνωθεν
2292 5206 2461 5275 ῥοπῆς
2494 5204 2590 5273 τὴν
2624 5203 2844 5255 ἐκείνων
2874 5203 3172 5271 ἀγριότητα
3216 5203 3497 5271 ἀναχαιτι-

1922 5285 2140 5355 ζούσης.
2182 5285 2305 5337 Ὅτι
2331 5285 2437 5354 γὰρ
2476 5282 2636 5353 θῆρες
2668 5283 2819 5345 ὄντες
2855 5281 3044 5352 έμενον
3074 5282 3143 5334 τά
3173 5282 3270 5350 τῆς
3295 5281 3495 5351 θηριω-

1916 5365 2034 5429 δίας
2069 5366 2144 5436 μὴ
2172 5363 2624 5433 ἐπιδεικνύμενοι,
2665 5363 2731 5416 δι’
2769 5362 2946 5415 αὐτῶν
2998 5361 3105 5414 τῶν
3151 5361 3492 5431 πραγμάτων

1916 5443 2157 5512 ἔγνωσαν
2190 5443 2298 5496 τῶν
2318 5443 2524 5510 ἀλόγων
2559 5441 2761 5512 θηρίων
2792 5442 2842 5493 οἱ
2874 5439 3218 5510 ἀγριώτεροι.

1986 5528 2051 5584 ε’.
2089 5530 2196 5584 Καὶ
2224 5531 2382 5585 τοῦτο
2410 5530 2466 5583 δὲ
2488 5531 2699 5600 ἐγίνετο
2724 5530 2861 5601 πρὸς
2894 5531 3113 5601 μείζονα
3150 5534 3483 5604 κατηγορίαν
3508 5574 3511 5575 ν

1917 5611 2253 5677 ἐκείνων,ὅτι
2267 5613 2314 5665 οί
2334 5612 2476 5680 λόγῳ
2498 5611 2931 5681 τετιμημένοιτά
2946 5610 3114 5679 ἄλογα
3135 5611 3296 5682 θηρία
3312 5616 3413 5666 ὑπε
3422 5633 3485 5681 ρ-

1917 5706 2208 5774 ηκόντισαν
2238 5703 2307 5771 τῇ
2335 5700 2595 5769 ὠμότητι.
2623 5697 2732 5749 Καὶ
2764 5695 3061 5766 ἐμάνθανον
3085 5696 3176 5749 διὰ
3203 5693 3318 5774 τῶν
3353 5710 3489 5774 πρα-

1915 5771 2161 5853 γμάτων,
2217 5781 2364 5841 ὅπως
2410 5778 2497 5831 διὰ
2541 5776 2637 5846 τὴν
2663 5773 2756 5828 τοῦ
2787 5774 3053 5826 Δεσπότου
3107 5773 3363 5853 πρόνοιαν
3396 5771 3487 5827 τὸν

1922 5851 2018 5932 μέν
2043 5863 2246 5915 δίκαιον
2270 5859 2364 5911 καὶ
2388 5857 2454 5910 τά
2484 5856 2643 5926 θηρία
2691 5853 2908 5924 ᾐδέσθη,
2946 5854 3037 5906 καί
3059 5853 3157 5904 οὐκ
3182 5851 3484 5921 ἐτόλμησαν

1986 6004 2013 6043 ι’
2037 6008 2177 6055 Alius
2222 6002 2654 6067 περιτειχιζόμενος,
2692 6000 2826 6067 rqlius
2851 6012 2965 6067 vqu
3010 5996 3491 6062 περιστοιχιτὼιενος,

1925 6070 2079 6133 L‘nus,
2101 6072 2230 6121 teste
2254 6061 2866 6129 Ξανϋὶυ,νέπιτεεχιζόμενος
2889 6061 3059 6129 ἰιειίιιῑιΖ
