4038 6358
542 473 637 530 50!

543 585 845 654 ἐφάψασθαι
879 584 973 638 τοῦ
1036 582 1303 653 σώματος’
1358 586 1510 638 αὐτοὶ
1564 586 1619 638 δὲ
1644 587 1711 638 τά
1755 586 1861 638 τῶν
1892 584 2095 654 Θηρίων

538 667 684 737 αὑτῷ
710 670 883 737 χεῖρον
915 666 1191 735 διέθηκαν.
1231 668 1339 719 Καὶ
1373 668 1458 720 ἵνα
1506 669 1580 739 μὴ
1606 669 1866 737 νομίσωσι
1898 682 2099 735 φαντα-

538 749 659 801 σίαν
702 749 821 802 τινὰ
868 749 1205 818 γεγενῆσθαι,
1249 749 1334 801 διὰ
1359 750 1467 803 τῶν
1507 751 1641 820 μετὰ
1673 750 1845 803 ταῦτα
1880 748 2099 819 βληθέν-

534 848 644 883 των
677 833 755 893 είς
783 832 871 884 τὸν
907 832 1105 885 λάκκον
1136 832 1522 900 ἐπεγίνωσκον,
1552 834 1633 885 ὅτι
1658 835 1749 885 ἐπὶ
1782 833 1881 902 μὲν
1906 832 1999 883 τοῦ
2024 830 2103 882 διο

536 914 692 966 καίου
713 914 818 966 τῶν
843 914 1127 985 προϐάτων
1156 914 1451 983 ἐμιμοῦντο
1492 916 1589 985 τὴν
1638 915 1971 985 ἡμερότητα,
2009 914 2103 965 καὶ

534 996 633 1065 τῆς
669 995 881 1062 φύσεως
910 996 1348 1049 ἐπελανθάνοντο·
1386 997 1477 1049 ἐπὶ
1509 997 1565 1049 δὲ
1618 997 1724 1051 τῶν
1774 997 1911 1067 μετά
1930 995 2104 1049 ταῦτα

538 1078 838 1148 βληθέντων
864 1079 929 1130 τά
960 1078 1057 1149 τῆς
1074 1077 1361 1149 θηριωδίας
1389 1078 1780 1134 ἐπεδείκνυντο.
1811 1078 1966 1132 Ούτω
2009 1078 2104 1130 καὶ

536 1162 629 1214 ἐπὶ
658 1162 757 1231 τῆς
780 1162 1007 1231 καμίνου
1038 1161 1133 1213 τοῦ
1166 1160 1335 1230 πυρὸς
1373 1163 1583 1230 γέγονε.
1629 1163 1765 1225 Τοὺς
1815 1162 1913 1232 μὲν
1958 1160 2104 1213 ἔνδον

535 1243 697 1305 ὄντας
724 1243 819 1297 καὶ
849 1246 906 1296 ἐν
942 1243 1093 1313 μέσῳ
1130 1243 1208 1312 τῷ
1254 1244 1387 1314 πυρὶ
1416 1245 1779 1313 τυγχάνοντας
1830 1243 2006 1314 ᾐδεῖτο
2042 1242 2105 1293 τὸ

537 1327 819 1394 στοιχεῖον,
847 1326 940 1378 καὶ
971 1326 1070 1378 οὐκ
1101 1327 1319 1396 ἐνήργει
1343 1328 1411 1379 τὰ
1425 1326 1519 1379 τοῦ
1543 1327 1738 1397 πυρός’
1770 1325 1902 1378 ἀλλά
1940 1324 2106 1378 καθά-

538 1425 643 1477 περ
675 1408 997 1477 πεδηθείσης
1051 1410 1146 1478 τῆς
1202 1410 1503 1479 ἐνεργείας,
1538 1410 1706 1472 οὕτως
1747 1408 1957 1476 ἀϐλαϐῆ
1990 1407 2101 1459 τῶν

537 1496 741 1549 παίδων
767 1496 971 1549 τούτων
1012 1496 1327 1566 διεφύλαττε
1366 1498 1437 1550 τά
1470 1496 1718 1567 σώματα,
1750 1497 1843 1550 καὶ
1870 1497 1987 1549 οὑδέ
2014 1496 2105 1549 αῦ-

535 1581 644 1631 τῶν
669 1578 777 1631 τῶν
806 1581 1007 1649 τριχῶν
1053 1579 1365 1649 ἐφάψασθαι
1406 1580 1693 1651 ἐτόλμησε,
1722 1580 1970 1651 καθάπερ
1999 1580 2105 1632 ὑπὸ

537 1662 956 1732 προστάγματός
976 1680 1117 1725 τινος
1136 1662 1195 1714 τὸ
1215 1665 1474 1731 στοιχεῖον
1490 1662 1587 1733 τήν
1610 1665 1811 1715 οἰκείαν
1829 1664 2105 1732 ἐνέργειαν

538 1743 903 1809 ἐπιδείξασθαι
948 1745 1306 1814 κωλυόμενονο
1345 1747 1470 1808 τοὺς
1510 1745 1566 1798 δὲ
1596 1745 1700 1810 ἔξω
1739 1746 1836 1814 τῆς
1874 1745 2102 1815 καμίνου

536 1826 817 1894 διάγοντας
839 1827 1283 1897 κατηνάλωσε,δι’
1315 1828 1639 1898 ἀμφοτέρων
1670 1828 1867 1898 πολλὴν
1898 1829 1994 1898 τῆς
2012 1828 2105 1880 τοῦ

539 1908 674 1960 Θεοῦ
705 1909 984 1979 δυνάμεως
1014 1911 1111 1979 τὴν
1143 1910 1454 1979 περιουσίαν
1498 1910 1776 1978 ἐμφαῖνον,
1809 1911 1903 1963 καὶ
1928 1910 1997 1962 δι’
2031 1904 2106 1962 ὧν

538 1990 665 2053 τοὺς
697 1989 807 2043 ἔσω
839 1992 1203 2061 τυγχάνοντας
1235 1992 1487 2056 ἀϐλαϐεῖς
1535 1992 1872 2060 διεφύλαττε,
1914 1994 2008 2045 καὶ
2038 1993 2105 2044 δι’

539 2067 615 2125 ὧν
648 2073 867 2136 τούτους
891 2075 1213 2146 διέφθειρεν.
1246 2075 1432 2137 Οὕτως
1459 2076 1586 2127 ὅταν
1614 2075 1715 2144 τῆς
1741 2074 1944 2128 ἀνωθεν
1973 2076 2105 2127 ἀπο⁴

541 2155 791 2226 λαύωμεν
829 2157 1021 2226 ῥοπῆς,
1049 2158 1109 2210 ού
1149 2159 1308 2227 μόνον
1340 2157 1450 2211 τῶν
1484 2158 1619 2228 πρὸς
1649 2158 1794 2227 ἡμᾶς
1829 2157 2106 2226 πολεμίως

543 2239 773 2307 ἐχόντων
801 2240 1159 2311 διαφεύγομεν
1180 2240 1277 2304 τὰς
1298 2240 1605 2306 ἐπιϐουλὰς,
1640 2240 1773 2294 ἀλλά
1804 2240 1905 2293 κᾶν
1924 2242 2105 2304 αὐτοῖς

540 2324 653 2383 τοῖς
686 2321 893 2393 θηρίοις
922 2325 1307 2393 περιπέσωμεν
1338 2336 1386 2385 ο,
1418 2324 1568 2378 οὐδὲν
1593 2324 1891 2394 πεισόμεθα
1915 2323 2106 2377 δεινόν.

554 2406 621 2457 Ἦ
661 2405 767 2474 γὰρ
802 2404 893 2458 τοῦ
926 2406 1061 2458 Θεοῦ
1104 2408 1227 2477 χεὶρ
1257 2410 1289 2477 ή
1332 2408 1545 2460 πάντων
1569 2406 1933 2477 δυνατωτέρα,
1969 2406 2107 2476 αὕτη

543 2487 743 2559 πολλὴν
768 2490 896 2557 ήμῖν
927 2489 1259 2559 πανταχόθεν
1298 2488 1605 2559 περιτίθησι
1650 2491 1749 2558 τὴν
1791 2489 2109 2558 ἀσφάλειαν,

543 2571 638 2623 καὶ
668 2570 997 2641 ἀχειρώτους
1020 2572 1327 2640 ἐργάζεται·
1366 2574 1501 2641 ὅπερ
1531 2572 1622 2624 καὶ
1654 2574 1747 2625 ἐπὶ
1774 2573 1868 2625 τοῦ
1901 2574 2109 2628 δικαίου

542 2653 730 2707 τούτου
766 2655 1007 2721 γέγονεν.
1051 2655 1107 2705 Ὀ
1138 2654 1244 2723 γάρ
1272 2655 1406 2721 μετὰ
1442 2654 1708 2725 τοσαύτης
1752 2658 1926 2726 ὁρμῆς
1947 2674 2112 2709 κατα-

542 2734 729 2788 λαϐεῖν
753 2736 1068 2805 βουλόμενος
1099 2736 1191 2789 τὸν
1228 2735 1443 2800 Ἰακὼϐ,
1480 2739 1574 2791 καὶ
1611 2738 1765 2808 δίκην
1807 2740 2107 2809 ἀπαιτῆσαι

542 2818 642 2887 τῆς
669 2818 885 2872 πάντων
914 2819 1330 2889 ἀναχωρήσεως,
1358 2820 1419 2872 οὐ
1448 2812 1607 2889 μόνον
1633 2820 1782 2872 οὐδὲν
1802 2820 1935 2891 πρὸς
1950 2820 2112 2874 αὑτὸν

543 2903 718 2971 τραχὺ
753 2902 871 2954 ούδέ
906 2901 1137 2972 ἐπαχθὲς
1158 2903 1473 2971 φθέγγεται,
1500 2902 1635 2956 ἀλλά
1653 2903 1898 2974 καθάπερ
1930 2903 2112 2973 πατὴρ

542 2985 917 3055 διαλεγόμενος
939 2986 1072 3054 πρὸς
1085 2986 1273 3049 παῖδα,
1296 2984 1438 3039 οῦτω
1464 2986 1599 3056 μετά
1614 2986 1809 3056 πολλῆς
1826 2988 1922 3057 τῆς
1944 2987 2114 3039 ἐπιει-

545 3068 701 3130 κείας
729 3068 864 3136 πρὸς
890 3068 1051 3119 αὑτὸν
1080 3068 1407 3121 ποιεῖταιτά
1443 3070 1683 3139 ῥήματα,
1718 3069 1811 3121 καί
1864 3084 2015 3137 φησι·
2054 3068 2115 3122 Τί

543 3150 838 3215 ἐποίησας
851 3150 1047 3211 τοῦτο;
1064 3151 1119 3202 τί
1138 3150 1333 3219 κρυερῆ
1349 3151 1629 3218 ἁπέδρας;
1648 3152 1787 3223 Ὅρα
1804 3150 1953 3224 [556]
1976 3151 2113 3223 πόση

547 3234 582 3299 ἡ
603 3232 890 3303 μεταϐολή·
914 3234 1015 3302 ὅρα
1033 3232 1147 3296 πῶς
1173 3235 1201 3285 6
1218 3234 1467 3302 καθάπερ
1482 3234 1668 3306 θηρίον
1686 3234 1959 3306 μεμηνὼς,
1980 3252 2115 3306 προ-

549 3315 726 3367 ϐάτων
760 3319 1001 3384 μιμεῖται
1034 3316 1487 3387 ήμερότητα.”1να
1518 3318 1574 3370 τί
1608 3318 1804 3387 κρυφῆ
1833 3317 2112 3385 ἁπέδρας,

550 3398 649 3449 καί
673 3397 1169 3467 ἑκλοποφόρησάς
1184 3416 1274 3465 με,
1300 3398 1397 3452 καὶ
1426 3399 1727 3469 ἀπήγαγες
1752 3403 1856 3467 τὰς
1874 3401 2115 3469 θυγατέ-

544 3496 657 3549 ρας
678 3498 797 3548 μου
817 3481 895 3546 ῶς
922 3481 1355 3548 αἰχμαλώτιδας
1376 3484 1671 3551 μαχαιζρςυ
1724 3482 1878 3546 Τίνος
1910 3483 2114 3547 ἐνεκεν,

550 3560 705 3631 φησὶ,
741 3560 898 3614 τοῦτο
915 3562 1241 3634 πεποίηκας;
1265 3564 1317 3616 τί
1335 3565 1598 3631 σοιέδοξε;
1628 3564 1716 3617 διὰ
1744 3565 1796 3617 τί
1817 3564 1958 3618 οὕτω
1986 3566 2115 3619 λαν-

551 3644 815 3708 θανόντως
847 3646 1085 3715 ἐποιήσω
1118 3646 1213 3715 τὴν
1244 3648 1586 3717 ἀποδημίαν;
1625 3650 1694 3700 El
1711 3647 1817 3715 γὰρ
1842 3647 2114 3717 ἀνήγγει-

549 3726 663 3792 λὰς
693 3745 812 3795 μοι,
844 3728 1251 3795 μετὰ.πολλῆς
1277 3729 1385 3797 τῆς
1400 3730 1643 3798 πομπῆς
1659 3730 1757 3782 καὶ
1779 3730 1885 3797 τῆς
1902 3734 2114 3800 εὐφρο-

550 3811 747 3877 σύνης
778 3810 1171 3872 ἐξαπέστειλα
1200 3812 1276 3865 ἄν
1302 3829 1394 3866 σε.
1414 3814 1523 3866 Καὶ
1551 3816 1657 3885 γὰρ
1673 3814 1720 3865 εί
1744 3815 1902 3867 τοῦτο
1921 3815 2112 3883 ἔγνων,

550 3894 703 3962 φησὶ,
733 3894 893 3947 Μετὰ
917 3895 1230 3963 μουσικῶν
1263 3896 1357 3948 καὶ
1391 3897 1709 3964 τυμπάνων
1734 3899 1831 3950 καὶ
1874 3898 2117 3966 κιθάρας

551 3976 905 4043 προέπεμψα
934 3976 1011 4029 ἄν
1038 3993 1128 4031 σε.
1161 3979 1281 4031 Οὐκ
1310 3978 1573 4045 ἠξιώθην
1603 3978 1856 4047 φιλῆσαι
1882 3982 1989 4046 τὰς
2017 3986 2117 4036 θυ-

551 4056 797 4125 γατέρας
813 4074 951 4126 μου·
986 4060 1101 4111 νῦν
1125 4059 1191 4112 δὲ
1217 4061 1486 4128 ἀφρόνως
1510 4060 1790 4128 ἔπραξας.
1809 4063 1968 4134 Ὁρᾷς
2003 4064 2116 4128 πῶς

551 4140 738 4193 λοιπὸν
774 4141 965 4195 ἐαυτὸν
996 4142 1225 4213 ἐλέγχει,
1270 4146 1364 4196 καὶ
1389 4144 1478 4196 διά
1512 4146 1610 4215 τῆς
1636 4146 1841 4209 οίκείας
1871 4147 2115 4219 γλώττης

551 4224 821 4294 ὁμολογεῖ,
845 4227 926 4278 ὅτι
942 4226 1103 4288 αὐτὸς
1130 4227 1225 4296 μὲν
1248 4226 1430 4289 κακῶς
1448 4228 1892 4297 παρεσκευάζετο
1918 4230 2113 4284 διαθεῖ-

551 4323 637 4358 ναι
654 4307 741 4359 τὸν
756 4308 981 4371 δίκαιον,
1002 4311 1034 4377 ή
1049 4309 1103 4362 δέ
1123 4310 1213 4361 τοῦ
1234 4308 1366 4361 Θεοῦ
1390 4310 1609 4378 πρόνοια
1627 4310 1727 4379 τῆς
1758 4312 1932 4383 ὁρμῆς
1956 4314 2116 4365 αὐτὸν

553 4390 826 4458 ἐνέκοψεν.
869 4392 1101 4460 Ἰσχύει,
1129 4394 1310 4463 φησὶν,
1348 4394 1386 4459 ἡ
1412 4393 1540 4461 χείρ
1562 4410 1682 4460 μου
1716 4394 2117 4461 κακοποιῆσαι

553 4489 643 4526 σε·
668 4474 782 4527 όδὲ
814 4474 955 4541 Θεὸς
986 4475 1089 4529 τοῦ
1114 4477 1333 4543 πατρός
1361 4491 1474 4530 σου
1510 4475 1683 4545 ἐχθὲς
1710 4473 1839 4529 εἷπε
1869 4481 2015 4546 πρός
2044 4496 2117 4547 με

552 4557 760 4626 λέγων·
794 4557 1056 4621 Φύλαξαι
1087 4560 1363 4619 σεαυτὸν,
1404 4557 1631 4627 μήποτε
1680 4562 1949 4627 λαλήσῃς
1970 4562 2116 4630 πρὸς

565 4639 766 4694 Ἰακὼϐ
779 4641 806 4680 δ
825 4641 1074 4708 πονηρά.
1109 4640 1306 4694 Ἐννόει
1333 4660 1421 4711 μοι
1440 4642 1609 4711 πόσης
1636 4644 1713 4710 τῲ
1727 4644 1919 4713 δικαίῳ
1939 4662 2118 4715 παρα-

554 4725 797 4794 κλήσεως
828 4724 1015 4792 γέγονε
1058 4726 1213 4778 ταυτὶ
1246 4725 1313 4778 τά
1348 4728 1588 4795 ῥήματα,
1628 4727 1723 4779 καὶ
1766 4728 1955 4780 σκόπει
2001 4728 2117 4793 πῶς

555 4801 705 4871 οὗτος
754 4808 849 4860 καὶ
896 4806 965 4859 τά
1000 4806 1348 4875 βουλευθέντα
1403 4808 1551 4878 αὐτῷ
1610 4810 1853 4878 ἐξέφηνε.
1903 4813 1996 4863 καὶ
2026 4813 2117 4865 ἐπὶ

557 4890 729 4952 ποίοις
762 4891 860 4959 τὴν
888 4889 1190 4958 κατάληψιν
1222 4891 1548 4959 ποιήσασθαι
1574 4892 1839 4955 ἐϐούλετο,
1878 4896 1968 4948 καὶ
1990 4896 2116 4948 ὅτιὸ

554 4971 647 5024 τοῦ
679 4971 813 5023 Θεοῦ
828 4970 988 5037 φόϐος
1007 4971 1165 5024 αὐτὸν
1180 4974 1405 5041 ἐπέσχεν
1426 4975 1505 5037 είς
1526 4973 1684 5043 ἔργον
1701 4976 1926 5043 ἀγαγεῖν
1943 4977 2009 5029 τά
2027 4995 2117 5030 κα-

555 5054 664 5117 κῶς
683 5053 830 5123 αὐτῷ
848 5054 1214 5123 βουλευθέντα.
1249 5055 1309 5107 '0
1324 5055 1391 5107 δὲ
1424 5057 1557 5122 Θεὸς
1597 5057 1697 5110 τοῦ
1728 5061 1946 5125 πατρός
1979 5074 2113 5125 σου,

555 5138 737 5205 φησίν.
765 5137 902 5207 Ὅρα
918 5136 1031 5197 πῶς
1048 5138 1136 5189 καὶ
1150 5138 1307 5199 αὑτὸς
1328 5140 1546 5192 ὁΛάϐαν
1567 5140 1626 5191 οῦ
1648 5142 1844 5211 μικρὰν
1866 5142 2116 5195 ἐντεῦθεν

555 5220 816 5289 ὠφέλειαν
844 5220 1170 5292 ἐκαρποῦτο,
1189 5222 1447 5291 μεγίστην
1468 5226 1562 5293 τῆς
1580 5224 1669 5275 τοῦ
1691 5224 1823 5275 Θεοῦ
1839 5224 2116 5295 δυνάμεως

556 5304 824 5369 ἀπόδειξιν
851 5306 1138 5375 λαμϐάνων
1166 5307 1228 5357 ἐκ
1274 5306 1381 5359 τῶν
1420 5307 1554 5379 πρὸς
1601 5308 1759 5359 αὑτὸν
1798 5308 2114 5377 λεχθέντων.

570 5388 705 5440 Ἀλλ’
731 5389 914 5459 ἐπειδὴ
946 5390 1037 5442 καὶ
1076 5390 1163 5452 σὺ,
1210 5391 1361 5459 φησὶ,
1400 5390 1555 5444 τοῦτο
1608 5391 1928 5456 ἐϐουλεύσω,
1962 5396 2053 5446 καὶ
2086 5398 2114 5447 6

557 5474 687 5536 Θεὸς
698 5476 841 5526 ἐστιν
858 5474 884 5524 ὁ
899 5475 1163 5544 τοσαύτην
1183 5491 1275 5526 σου
1298 5475 1614 5543 ποιούμενος
1632 5477 1973 5546 κηδεμονίαν,
1990 5479 2118 5531 Νῦν

558 5546 671 5602 οὖν
699 5552 1081 5617 πεπόρευσαι·
1108 5551 1384 5618 ἐπιθυμίᾳ
1404 5552 1513 5621 γὰρ
1537 5553 1915 5621 ἐπεθύμησας
1938 5556 2119 5608 ἀπελ-

558 5632 683 5685 θεῖν
702 5637 785 5698 εὶς
796 5637 901 5686 τὸν
923 5631 1091 5687 οἷκον
1106 5636 1208 5688 τοῦ
1230 5635 1450 5701 πατρός
1467 5650 1602 5688 σου.
1628 5639 1758 5689 Ἵνα
1774 5638 1827 5688 τί
1852 5639 2118 5705 ἔκλεψας

558 5714 699 5778 τοὺς
724 5717 893 5781 θεούς
932 5734 1045 5782 μου
1069 5736 1085 5780 ;
1124 5718 1323 5777 Ἔστω,
1348 5719 1497 5787 φησί·
1518 5718 1672 5770 τοῦτό
1698 5736 1776 5769 σοι
1801 5720 2116 5789 δεδογμένον

559 5793 649 5866 ἦν,
679 5801 771 5850 καὶ
799 5798 1015 5868 ἔκρινας
1053 5801 1361 5853 ἐπανελθεῖν
1396 5804 1473 5863 είς
1503 5804 1591 5852 τὸν
1617 5798 1760 5853 οἶκον
1785 5802 1874 5853 τοῦ
1917 5804 2115 5865 πατρός

624 5958 794 6026 {ﬂag
811 5966 885 6026 es!
906 5962 1258 6026 lec_liq_quilji.
1284 5962 1426 6026 Cnisl.
1454 5966 1537 6010 κᾶν
1561 5967 1653 6020 τοῖς
1676 5967 1846 6026 θηρῗοις
1868 5984 1916 6014 π.
1946 5966 2115 6015 Morel.

566 6028 611 6071 δι
636 6019 805 6081 Μριιὶί.
833 6023 915 6066 κᾶν
938 6023 1091 6075 αὐτοῖς
1114 6023 1283 6081 θηρίοις
1302 6041 1348 6069 π.
1389 6025 1518 6073 Εοιτ.

633 6079 658 6121 κ’
674 6076 896 6147 Quinque
920 6095 1030 6129 mss.
1054 6089 1103 6132 el
1124 6076 1247 6133 Bibl.
1275 6086 1389 6146 μετὰ
1422 6085 1605 6136 Ἰακώϐ.

1221 470 1277 528 S.
1317 470 1596 525 JOANNIS
1634 467 2120 524 CIIIlYSOSTOMl
2159 468 2477 524 ARCIIIEP.
2517 466 3062 534 CONSTANTINOP.

3671 460 3787 514 502

2210 600 2323 636 σου·
2373 585 2459 637 ἵνα
2494 584 2545 636 τί
2576 584 2700 646 τοὺς
2721 582 2875 645 θεούς
2910 598 3008 651 μου
3025 577 3288 646 ἔκλεψας
3317 577 3381 627 Ὢ
3409 573 3589 634 ἀνοίας
3616 574 3789 641 ὑπερ-

2206 667 2357 736 ϐολή·
2385 668 2478 720 καὶ
2514 666 2745 719 τοιοῦτοί
2773 666 2909 717 εἰσιν
2936 665 2984 715 οἱ
3013 663 3123 715 θεοί
3157 679 3270 723 σου,
3301 660 3376 720 ὼς
3416 658 3511 709 καὶ
3563 656 3785 723 κλαπῆ-

2203 768 2290 803 ναι
2310 768 2323 815 ;
2342 752 2453 804 Οὐκ
2474 751 2702 823 αἰσχύνῃ
2717 750 2909 817 λέγων,
2945 749 3066 802 Ἵνα
3078 748 3134 799 τί
3154 747 3417 813 ἔκλεψας
3443 742 3584 807 τοὺς
3612 742 3788 805 θεούς

2201 850 2357 901 μου;
2382 834 2526 904 Ὅρα
2556 833 2693 903 πόση
2721 829 2788 901 ἦν
2825 835 2857 902 ἡ
2892 830 3165 903 ὑπερϐολὴ
3182 832 3280 901 τῆς
3300 829 3528 896 πλάνης,
3559 826 3633 887 ὼς
3658 825 3787 887 τοὺς

2204 916 2345 985 λόγῳ
2370 916 2761 986 τετιμημένους
2778 914 2909 980 ξύλα
2932 915 3025 967 καὶ
3056 914 3234 975 λίθους
3249 910 3584 982 θεραπεύειν.
3609 911 3716 962 Καὶ
3733 909 3788 961 οἱ

2208 999 2307 1068 μὲν
2336 997 2449 1050 θεοὶ
2468 1000 2516 1051 οί
2552 998 2653 1063 col,
2675 992 2720 1051 ὧ
2742 997 2948 1062 Λάϐαν,
2986 997 3107 1049 οὐδὲ
3138 995 3468 1049 κλέπτεσθαι
3500 992 3789 1062 μέλλοντες

2206 1083 2417 1145 ἑαυτοῖς
2455 1080 2657 1151 ἀμῦναι
2700 1081 2945 1151 ἴσχυσαν.
2977 1080 3099 1143 Πῶς
3119 1080 3225 1149 γὰρ
3255 1080 3303 1131 οἱ
3333 1078 3442 1131 ἀπὸ
3459 1077 3607 1128 λίθου
3631 1076 3787 1137 ὄντες

2209 1163 2585 1233 συγκείμενοι;
2624 1160 2679 1218 Ὀ
2707 1164 2763 1216 δὲ
2792 1162 2886 1217 τοῦ
2918 1163 3128 1215 δικαίου
3167 1162 3319 1223 Θεὸς,
3339 1162 3434 1213 καὶ
3463 1158 3787 1227 ἀγνοοῦντος

2205 1247 2300 1299 τοῦ
2320 1246 2550 1311 δικαίου,
2570 1247 2668 1317 τὴν
2685 1247 2783 1316 σὴν
2814 1246 2987 1317 ὁρμὴν
3006 1245 3224 1314 ἐπέσχε.
3244 1244 3352 1297 Kal
3364 1244 3461 1296 οὐκ
3488 1244 3688 1304 ἐννοεῖς
3720 1241 3787 1293 τὸ

2212 1330 2436 1400 μέγεθος
2451 1331 2550 1400 τῆς
2570 1330 2797 1400 πλάνης,
2812 1330 2947 1383 ἀλλὰ
2964 1329 3059 1382 καὶ
3084 1328 3159 1398 τῷ
3181 1328 3374 1397 δικαίῳ
3390 1324 3594 1395 κλοπὴν
3616 1326 3786 1391 ἐγκα-

2207 1414 2347 1479 λεῖς;
2375 1414 2531 1477 Τίνος
2565 1414 2673 1484 γὰρ
2697 1413 2881 1469 ἐνεκεν
2911 1415 2940 1465 6
2969 1413 3177 1475 δίκαιος
3211 1412 3451 1473 ἐκείνους
3480 1409 3774 1475 ύφελέσῢαι

2209 1499 2275 1553 ἀν
2300 1497 2642 1561 κατεδέξατο,
2658 1497 2752 1561 οὒς
2770 1497 3133 1557 ἐϐδελύττετο,
3172 1495 3369 1565 μᾶλλον
3385 1494 3441 1547 δέ
3458 1492 3551 1555 οὓς
3570 1493 3683 1562 ᾔδει
3700 1493 3787 1542 λί-

2209 1581 2334 1644 θους
2366 1581 2525 1643 ὄντας
2551 1580 2939 1650 ἀναισθήτους;
2970 1580 3129 1633 Ἀλλά
3160 1578 3331 1631 ταῦτα
3358 1575 3592 1636 ἀκούσας
3615 1577 3643 1626 6
3677 1576 3784 1625 ‘11-

2207 1664 2322 1717 κὼϐ
2348 1662 2484 1735 μετὰ
2500 1662 2699 1733 πολλῆς
2714 1663 3030 1728 ἐπιεικείας,
3068 1662 3282 1732 πρῶτον
3318 1660 3413 1729 μὲν
3435 1659 3783 1724 ἀπολογεῖται

2209 1747 2347 1816 πρὸς
2384 1746 2451 1799 τά
2488 1745 2829 1818 προλαϐόντα
2877 1745 3219 1815 ἐγκλήματα,
3251 1744 3343 1795 καὶ
3370 1743 3488 1794 τότε
3517 1740 3783 1812 περὶτῶν

2208 1829 2346 1883 θεῶν
2397 1830 2765 1900 προτρέπεται
2818 1830 3146 1898 ποιήσασθαι
3200 1826 3295 1896 τὴν
3328 1826 3569 1892 ἔρευναν.
3627 1820 3786 1878 Εἷπα

2206 1906 2338 1975 γὰρ,
2365 1908 2518 1976 φησὶ,
2556 1906 2790 1976 μήποτε
2832 1905 3027 1975 ἀφέλῃ
3052 1905 3157 1969 τὰς
3190 1902 3513 1971 θυγατέρας
3540 1918 3658 1955 σου
3680 1900 3784 1955 ἀπ’

2204 1987 2372 2056 ἐμοῦ,
2404 1987 2500 2039 καί
2527 1983 2723 2039 πάντα
2744 1984 2817 2038 τὰ
2856 1983 2986 2050 ἐμά.
3030 1982 3269 2053 Ἐπειδὴ,
3301 1985 3486 2052 φησὶν,
3511 1981 3701 2050 ἐώρων
3722 1996 3783 2030 σε

2206 2067 2304 2135 οὐχ
2334 2063 2501 2132 ὑγιῶς
2523 2064 2657 2135 πρός
2696 2081 2765 2134 με
2817 2062 3176 2133 διακείμενον,
3230 2062 3520 2126 ἐναγώνιος
3556 2060 3781 2127 γέγονα.

2211 2146 2419 2216 μήποτε
2462 2145 2818 2216 ἐπιχειρήσῃς
2869 2142 3161 2211 ἀφελέσθαι
3206 2143 3304 2204 τὰς
3350 2140 3653 2209 θυγατέρας
3686 2155 3778 2190 σου

2208 2224 2301 2277 καὶ
2330 2223 2398 2275 τά
2428 2220 2740 2293 ὑπάρχοντά
2755 2240 2878 2293 μου,
2901 2223 2993 2274 καὶ
3012 2222 3286 2289 ἀποστερῆ
3297 2221 3384 2272 σαί
3401 2236 3467 2290 με
3484 2218 3591 2271 τῶν
3605 2217 3778 2285 ἐμῶν.

2210 2302 2456 2372 καθάπερ
2484 2303 2583 2373 ήδη
2620 2302 2944 2373 πεποίηκας.
2982 2300 3129 2369 Αὕτη
3163 2301 3340 2352 τοίνυν
3374 2303 3406 2367 ή
3441 2299 3589 2351 αἰτία
3620 2297 3713 2349 καὶ
3749 2298 3779 2348 ὁ

2208 2380 2371 2447 φόϐος
2402 2381 2782 2449 παρεσκεύασέ
2828 2397 2895 2449 με
2928 2378 3297 2441 λανθανόντως
3331 2378 3427 2448 τὴν
3468 2375 3777 2444 ἀποδημίαν

2208 2460 2553 2527 ποιήσασθαι.
2589 2452 2789 2527 Παρ’ᾦ
2821 2455 2933 2513 οὖν
2954 2459 3029 2511 ἂν
3055 2458 3251 2524 εὕροις
3275 2458 3416 2523 τοὺς
3437 2457 3609 2520 θεούς
3636 2469 3775 2512 σου.

2207 2542 2280 2592 οὺ
2319 2536 2555 2603 ζήσεται
2592 2538 2868 2592 ἐναντιον
2914 2537 3033 2590 τῶν
3085 2535 3357 2604 ἀδελφῶν
3415 2534 3779 2604 ἠμῶνῦορᾷς

2206 2619 2288 2671 ὅτι
2307 2618 2491 2688 ἠγνόει
2517 2617 2547 2669 ὁ
2586 2615 2777 2671 Ἰακὼϐ
2794 2616 2890 2687 τήν
2919 2616 3069 2687 παρά
3083 2619 3177 2687 τῆς
3195 2614 3341 2686 [557]
3357 2613 3554 2684 Ῥαχὴλ
3577 2611 3781 2680 κλοπὴν

2199 2701 2597 2772 γεγενημένην;
2617 2698 2755 2768 Ὅρα
2767 2695 3001 2768 γάρμεθ’
3023 2696 3152 2765 ὅσης
3181 2694 3539 2763 σφοδρότητος
3572 2692 3631 2743 τὸ
3661 2690 3780 2772 ἐπιὶ

2208 2760 2596 2846 ’ἶτίμι.ον”ὁρίξει⁷
2614 2760 2699 2845 τῷ·
2741 2760 2856 2846 τῆν’
2886 2760 3122 2845 κλοπὴν-
3151 2760 3533 2843 ἐργασαμένῳ.
3570 2768 3708 2835 Παρ’
3732 2760 3783 2831 ᾦ

2210 2852 2305 2917 ἂν,
2330 2854 2516 2921 φησὶν,
2576 2853 2919 2921 εὑρεθῶσιν,
2972 2856 3044 2907 οὐ
3087 2852 3324 2921 ζόῖσεται
3350 2850 3630 2904 ἐναντίον
3666 2847 3783 2899 τῶν

2210 2930 2490 2999 ἀδελφῶν
2525 2931 2711 3000 ἡμῶν.
2739 2932 2853 2986 Οὐκ
2884 2930 3069 3001 ἐπειδὴ
3102 2932 3281 3001 μόνον,
3302 2931 3484 2999 φησὶν,
3508 2928 3779 2997 ὑφείλετο,

2212 3008 2327 3062 ἀλλ’
2353 3010 2434 3061 ὅτι
2474 3009 2561 3061 διὰ
2590 3012 2691 3079 τῆς
2724 3009 2929 3079 κλοπῆς
2958 3009 3153 3078 δεῖγμα
3196 3009 3422 3077 ἐναργὲς
3461 3010 3487 3059 6
3543 3005 3783 3066 τοιοῦτος

2212 3088 2433 3158 ἐκφέρει
2462 3090 2561 3157 τῆς
2576 3090 2779 3151 οἰκείας
2791 3088 3016 3156 πλάνης.
3058 3088 3363 3155 Ἐπίγνωθι
3381 3086 3435 3139 εἴ
3451 3086 3505 3137 τί
3517 3085 3648 3137 ἐστι
3667 3082 3783 3135 τῶν

2212 3168 2340 3221 σῶν
2386 3170 2519 3235 παρ’
2550 3167 2796 3237 ἐμοί,καὶ
2829 3167 2995 3221 λάϐε.
3041 3167 3383 3238 Ἐρεύνησον,
3420 3166 3605 3234 φησὶν,
3635 3165 3689 3215 εῖ
3727 3179 3781 3215 τι

2210 3246 2319 3299 τῶν
2349 3246 2425 3317 μὴ
2467 3246 2851 3317 προσηκόντων
2896 3246 3215 3315 ἀφειλόμην.
3260 3245 3425 3297 Οὐδὲν
3466 3244 3653 3313 ’ἐτερόν
3693 3258 3781 3310 μοι

2212 3325 2356 3395 ἔχεις
2390 3325 2703 3393 ἐγκαλέσαι,
2728 3326 2853 3395 ήὸτι
2871 3324 3043 3395 λάθρα
3066 3324 3163 3394 τὴν
3194 3324 3499 3391 ἀποδημίαν
3533 3321 3785 3390 ἐποιησά·

2217 3420 2341 3473 μην·
2381 3404 2655 3456 καὶτοῦτο
2686 3404 2784 3473 οὐχ
2828 3403 2968 3456 ἐκὼν
3001 3402 3263 3464 πέπονθα,
3295 3402 3405 3454 ἀλλ’
3434 3398 3783 3471 ὑφορώμενος

2214 3483 2310 3551 τὴν
2343 3483 2577 3547 ἀδικίαν,
2614 3484 2705 3535 καὶ
2743 3483 2997 3545 δεδοικὼς
3029 3481 3101 3551 μὴ
3138 3481 3403 3553 βουληθῇς
3437 3481 3531 3532 καὶ
3566 3478 3666 3539 τὰς
3689 3477 3782 3527 θυ-

2213 3561 2449 3631 γατέρας
2481 3578 2571 3613 σου
2594 3560 2911 3629 ἀφελέσθαι,
2936 3559 3093 3612 τοῦτο
3124 3559 3330 3629 μαθὼν,
3365 3559 3456 3612 καὶ
3483 3558 3584 3627 τὴν
3618 3556 3781 3623 ἀλλην

2218 3656 2318 3709 μου
2358 3638 2693 3709 περιουσίαν.
2726 3638 2837 3691 Καὶ
2866 3641 2976 3691 οὐκ
3000 3638 3246 3707 ἐπέγνω,
3285 3639 3437 3707 φησὶ,
3456 3636 3593 3703 παρ’
3627 3633 3785 3695 αὐτῷ

2213 3716 2411 3771 οὐδέν.
2429 3720 2549 3771 Οὐκ
2566 3717 2694 3786 ᾔδει
2714 3717 2781 3769 δὲ
2804 3716 3011 3770 Ἰακὼϐ
3029 3716 3115 3769 ὅτι
3130 3716 3355 3783 Ῥαχὴλ
3375 3718 3407 3783 ἠ
3429 3715 3584 3783 γυνὴ
3600 3713 3785 3767 αὑτοῦ

2213 3799 2474 3865 ἔκλεψεν
2495 3797 2736 3862 αὐτούς.
2751 3795 3054 3849 Εἰσελθὼν
3068 3795 3136 3847 δὲ
3153 3794 3353 3849 Λάϐαν
3372 3794 3671 3861 ἠρεύνησε
3684 3793 3788 3844 τὸν

2214 3876 2381 3933 οἷκον
2403 3879 2595 3943 Λείας,
2622 3880 2719 3931 καὶ
2744 3880 2855 3945 οὐχ
2876 3873 3069 3943 εὗρεν.
3100 3877 3360 3943 Εἱσῆλθε
3374 3875 3440 3928 δὲ
3459 3875 3557 3929 καὶ
3572 3877 3657 3939 εὶς
3682 3874 3787 3925 τὸν

2214 3956 2380 4013 οἷκον
2400 3956 2640 4025 Ῥαχήλ.
2672 3956 2899 4025 Ῥαχὴλ
2924 3955 2989 4008 δὲ
3036 3957 3211 4009 ἔλαϐε
3235 3956 3303 4008 τὰ
3328 3954 3564 4013 εἴδωλα,
3583 3953 3675 4005 καὶ
3696 3953 3788 4004 ἐν·

2215 4040 2431 4091 ἐϐαλεν
2444 4036 2592 4089 αὐτὰ
2605 4037 2691 4101 είς
2710 4037 2783 4088 τὰ
2802 4034 3074 4102 σάγματα
3088 4033 3206 4086 τῶν
3228 4034 3533 4102 καμήλων,
3559 4032 3653 4084 καὶ
3685 4032 3790 4081 £1-

2214 4113 2727 4177 εκάθισεναὺτοῖς,
2762 4114 2859 4165 καὶ
2882 4110 3011 4166 εἷπε
3038 4113 3115 4177 τῷ
3128 4113 3298 4179 πατρὶ
3313 4110 3520 4178 αὐτῆς·
3558 4114 3613 4164 Μ
3622 4112 3654 4177 ὴ
3676 4110 3788 4173 βα-

2208 4193 2359 4260 Ρέως
2374 4192 2534 4261 φέρε.
2560 4191 2726 4257 κύριέ
2759 4210 2897 4259 μου·
2918 4194 2989 4245 οὺ
3011 4192 3263 4260 δύναμαι
3311 4190 3646 4258 ἀναστῆναι
3690 4190 3787 4242 ἐν-

2213 4269 2400 4323 ὠπιόν
2427 4287 2562 4333 σου,
2591 4270 2679 4322 ὅτι
2708 4268 2779 4321 τὰ
2810 4272 2935 4322 κατ’
2968 4271 3218 4337 ἐθισμὸν
3235 4269 3349 4323 τῶν
3382 4270 3787 4339 γυναικῶνιωί

2213 4350 2401 4403 ἐστιν.
2444 4351 2759 4417 Ἠρεύνησε
2781 4349 2849 4402 δὲ
2868 4351 3150 4403 Λάϐανὲν
3172 4349 3289 4413 ὅλῳ
3310 4349 3387 4414 τῷ
3413 4349 3556 4413 οἴκῳ
3573 4347 3786 4416 αὐτῆς,

2216 4429 2314 4483 καὶ
2339 4431 2451 4498 οὐχ
2484 4425 2643 4497 εὗρε.

2287 4507 2359 4573 ς’.
2389 4507 2561 4579 Πολλὴ
2589 4511 2687 4578 τῆς
2728 4508 2928 4577 Ῥαχὴλ
2960 4510 2991 4576 ή
3027 4507 3257 4570 σύνεσις,
3282 4506 3347 4558 δι’
3380 4500 3447 4574 ἧς
3486 4505 3576 4557 τὸν
3606 4504 3789 4557 Λάϐαν

2217 4586 2702 4657 παρακρούσασθαι
2731 4587 2967 4656 ἴσχυσεν.
2986 4586 3352 4638 Ἀκουέτωσαν
3366 4586 3413 4636 οἱ
3433 4584 3512 4635 ἔτι
3526 4587 3591 4653 τῇ
3612 4583 3789 4653 πλάνῃ

2218 4668 2668 4736 προστετηκότες,
2696 4668 2789 4718 καὶ
2816 4666 2924 4718 τῶν
2950 4664 3180 4717 εἰδώλων
3217 4663 3314 4732 τὴν
3341 4663 3637 4732 θεραπείαν
3661 4663 3787 4731 περὶ

2219 4745 2411 4797 πολλοῦ
2443 4745 2771 4814 ποιούμενοι.
2823 4748 3074 4813 Ἕθηκεν
3101 4742 3339 4805 αὐτοὺς,
3374 4742 3558 4811 φησὶν,
3582 4741 3703 4795 ὑπὸ
3719 4740 3790 4792 τὰ

2220 4825 2494 4893 σάγματα
2511 4822 2628 4875 τῶν
2650 4821 2954 4890 καμήλων,
2978 4821 3074 4874 καὶ
3098 4820 3456 4874 ἐπεκάθισεν
3472 4819 3695 4883 αὐτοῖς.
3724 4818 3789 4869 Τί

2217 4903 2421 4954 τούτων
2472 4899 3048 4969 καταγελαστότερον;
3108 4900 3171 4951 υί
3219 4898 3362 4968 λόγῳ
3412 4898 3787 4967 τετιμημένοι,

2220 4983 2311 5033 καὶ
2339 4978 2605 5046 τοσαύτης
2635 4977 2955 5043 ἀξιωθέντες
3004 4978 3295 5048 προεδρίας
3360 4976 3503 5045 παρά
3544 4979 3646 5046 τῆς
3694 4974 3787 5027 τοῦ

2219 5057 2353 5109 Θεοῦ
2382 5056 2806 5127 φιλανθρωπίας,
2850 5056 3028 5118 λίθους
3075 5055 3431 5125 ἀναισθήτους
3465 5053 3790 5123 θεραπεύειν

2220 5136 2625 5204 καταδέχονται,
2658 5136 2752 5188 καὶ
2784 5136 2883 5188 οὐκ
2930 5134 3380 5202 ἐγκαλύπτονται,
3420 5134 3541 5186 οὐδὲ
3572 5134 3789 5201 λαμϐά-

2220 5232 2397 5265 νουσιν
2422 5215 2629 5266 ἔννοιάν
2645 5231 2763 5265 τινα
2781 5217 2879 5283 τῆς
2905 5214 3170 5283 τοσαύτης
3200 5214 3449 5275 ἀτοπίας,
3465 5213 3597 5264 ἀλλά
3615 5212 3787 5263 καθάο

2218 5310 2323 5361 περ
2382 5293 2727 5361 βοσκήματα,
2760 5292 2899 5343 οὕτω
2945 5295 3010 5361 τῇ
3060 5290 3789 5362 συνηθείαάπάγονταιςΔιὰ

2219 5369 2374 5421 τοῦτο
2393 5370 2484 5421 καὶ
2503 5368 2711 5431 Παῦλος
2729 5369 2878 5434 ἔλεγε
2893 5372 3138 5439 γράφων·
3169 5372 3377 5422 Οἴδατε
3394 5368 3503 5431 ὅτι,
3517 5367 3615 5418 ὅτε
3643 5366 3789 5432 ἔθνη

2218 5446 2342 5517 ἦτε,
2374 5448 2519 5514 πρὸς
2536 5446 2607 5499 τὰ
2622 5447 2837 5499 εἴδωλα
2853 5450 2923 5501 τὰ
2940 5448 3145 5515 ἄφωνα
3158 5450 3237 5511 ὡς
3257 5448 3332 5500 ἂν
3344 5447 3559 5513 ἤγεσθε
3575 5446 3793 5512 ἀπατόο

2218 5544 2406 5595 μενοι.
2438 5526 2547 5577 Kal
2574 5526 2749 5587 καλῶς
2769 5521 2912 5587 εἷπε,
2938 5526 3247 5594 Τὰᾶφωνα.
3271 5528 3334 5577 Οἱ
3356 5524 3537 5593 φωνὴν
3554 5524 3789 5593 ἔχοντες,

2222 5607 2314 5659 καὶ
2343 5606 2511 5672 ἀκοῆς
2544 5607 2636 5657 καὶ
2669 5604 2827 5670 λόγου
2869 5605 3209 5673 μετέχοντες,
3250 5603 3382 5671 πρὸς
3412 5603 3481 5655 τὰ
3514 5603 3788 5672 μηδεμίαν

2223 5686 2473 5753 αἴσθησιν
2492 5684 2701 5753 ἔχοντα,
2722 5684 2973 5750 ώςάλογα
2996 5683 3292 5750 ἀπάγεσθε.
3314 5683 3421 5733 Καὶ
3452 5682 3609 5743 ποίας
3644 5682 3709 5734 ἂν
3738 5684 3789 5733 οί

2222 5765 2451 5817 τοιοῦτοι
2472 5763 2797 5833 συγγνώμης
2828 5766 3072 5831 τύχοιεν;
3107 5762 3241 5813 ’Λλλ“
3273 5761 3470 5829 ἴδωμεν
3498 5764 3647 5821 ὅπως
3669 5761 3791 5812 ὁδί-

2234 5860 2383 5903 καιος
2397 5842 2579 5893 λοιπὸν
2608 5842 2883 5911 θαρρήσας
2901 5843 2962 5892 ἔκ
2979 5860 3034 5892 τε
3048 5842 3155 5893 τῶν
3172 5841 3321 5909 παρά
3340 5840 3431 5891 τοῦ
3450 5840 3633 5892 Λάϐαν
3656 5842 3789 5907 ὀμο-

2226 5922 2581 5989 λογηθέντιυν,
2601 5926 2691 5974 καὶ
2706 5922 2760 5983 ἐξ
2778 5916 2851 5973 ὧν
2863 5922 2979 5972 ούόε
2988 5921 3111 5989 μίαν
3131 5920 3345 5986 εὔλογον
3365 5919 3541 5969 αἰτίαν
3556 5912 3680 5985 εῦρε
3692 5921 3792 5985 τῆς

2228 6002 2347 6057 κατ’
2367 5999 2529 6051 αὑτοῦ
2555 6000 2828 6067 μέμψεως,
2865 5999 2915 6050 τί
2947 6017 3140 6070 φησιν;
3182 6000 3459 6065 Ὡργίσθη
3480 5998 3547 6049 δὲ
3586 5996 3795 6049 Ἰακὼϐ

2232 6078 2327 6132 καὶ
2372 6077 2703 6148 ἐμαχέσατο
2733 6077 2809 6144 τῷ
2842 6076 3060 6144 Λάϐαν,
3084 6079 3178 6133 καὶ
3202 6075 3537 6144 εἶπεν.”ορα
3560 6076 3676 6139 πῶς
3697 6074 3797 6126 καὶ
