4038 6358
318 400 415 455 501

314 530 441 574 runt
467 522 579 576 ‘.Et
623 536 690 576 ne
716 530 958 592 putarent
986 521 1100 577 hiee
1124 537 1190 576 ex
1209 522 1323 575 visu
1352 521 1471 575 solo
1489 536 1551 575 ac
1572 520 1749 590 specie
1764 520 1898 573 facta

312 629 457 679 esse;
475 615 766 684 pereosqui
781 623 958 682 postea
977 615 1030 668 in
1047 614 1215 668 lacum
1229 613 1402 683 injecti
1416 623 1537 667 sunt
1549 619 1895 683 agnoverunt,

312 719 411 757 eas
433 720 556 759 cum
581 706 724 773 justo
744 706 859 759 viro
882 706 1061 760 ovium
1087 705 1545 760 mansuetudinem
1574 705 1822 769 imitatas,
1846 712 1901 757 et

313 804 523 849 natura;
559 810 670 850 sum
698 796 890 851 oblitas
918 811 1074 851 esse:
1118 812 1238 851 cum
1268 796 1332 851 iis
1372 804 1548 851 autem
1597 796 1686 865 qui
1718 805 1901 865 postea

312 886 504 956 injecti
532 898 657 942 sunt
680 887 933 942 ferociam
956 902 1107 943 suam
1131 888 1454 943 exhibuisse.
1487 887 1744 942 Similiter
1766 896 1821 942 et
1847 888 1899 942 in

315 977 537 1033 fornace
558 980 693 1047 ignis
719 978 915 1033 factum
943 988 1026 1035 est
1054 978 1280 1051 (Daniel.
1312 980 1391 1049 5).
1422 979 1556 1034 Nam
1585 994 1679 1034 eos
1702 978 1791 1049 qui
1822 979 1903 1033 in-

315 1079 405 1123 tus
425 1079 578 1124 erant
601 1071 944 1126 reverebatur
961 1072 1305 1137 elementum,
1324 1080 1377 1126 et
1397 1087 1502 1127 non
1526 1072 1710 1126 urebat
1730 1072 1898 1141 ignis:

313 1162 413 1215 sed
439 1164 590 1232 quasi
614 1164 768 1232 ligata
794 1166 1104 1234 Operatione
1129 1180 1246 1229 sua,
1270 1165 1343 1219 ita
1364 1165 1495 1219 nihil
1522 1166 1747 1220 nocebat
1775 1180 1901 1234 pue-

312 1269 502 1309 rorum
528 1256 864 1325 corporibus,
894 1266 947 1312 et
971 1272 1141 1327 neque
1163 1257 1383 1326 capillos
1413 1272 1601 1312 eorum
1638 1261 1902 1327 attingere

312 1360 482 1401 ausus
521 1347 640 1413 fuit,
668 1349 819 1419 quasi
858 1349 1108 1404 mandato
1151 1349 1374 1418 alicujus
1416 1350 1741 1404 elementum
1781 1364 1909 1418 pro-

312 1439 493 1506 priam
512 1438 787 1495 declarare
823 1440 1071 1494 virtutem
1122 1439 1540 1509 prohiberetur:
1588 1455 1682 1494 eos
1723 1449 1902 1493 autem

312 1531 409 1598 qui
436 1539 583 1584 extra
611 1529 881 1586 fornacem
900 1541 1071 1595 erant,
1104 1531 1417 1600 absumpsit.
1445 1530 1503 1585 in
1529 1540 1754 1600 utroque
1783 1545 1901 1583 ma-

312 1635 420 1688 gna
452 1621 540 1674 Dei
570 1623 802 1690 potentia
826 1622 1158 1688 declaratur,
1189 1630 1243 1675 et
1267 1623 1386 1691 quia
1415 1621 1487 1675 illi
1516 1621 1657 1675 intus
1687 1635 1901 1675 manse-

314 1720 446 1764 runt
486 1711 676 1778 illaesi,
706 1721 761 1768 et
803 1714 927 1782 quia
968 1713 1057 1782 qui
1088 1713 1216 1767 loris
1238 1721 1391 1767 erant
1415 1754 1431 1779 ,
1476 1711 1768 1782 perierunt.
1814 1709 1903 1766 Sic

314 1800 532 1870 quando
580 1816 811 1870 superno
854 1803 1056 1856 auxilio
1106 1802 1415 1867 munimur,
1466 1816 1571 1856 non
1601 1800 1775 1855 solum
1819 1798 1902 1855 ef-

314 1891 549 1959 fugimus
599 1893 934 1948 inimicorum
985 1893 1243 1957 insidias,
1306 1892 1402 1948 sed
1450 1892 1551 1947 etsi
1600 1891 1655 1946 in
1705 1890 1903 1945 bestias

316 1982 466 2051 ipsas
486 1982 803 2047 incidamus,
839 1983 970 2038 nihil
994 1984 1220 2053 patimur
1257 1999 1436 2054 grave.
1466 1984 1558 2038 Dei
1595 1983 1739 2038 enim
1785 1998 1903 2036 ma-

318 2088 422 2126 nus
452 2075 717 2142 potentior
753 2083 836 2131 est
867 2075 1150 2140 omnibus;
1197 2076 1312 2144 ipsa
1352 2091 1451 2131 nos
1498 2075 1731 2145 undique
1773 2074 1903 2130 satis

316 2166 509 2231 munit,
527 2175 583 2222 et
600 2166 820 2222 invictos
842 2167 965 2222 facit
988 2186 1000 2221 :
1027 2168 1078 2222 id
1092 2168 1233 2237 quod
1254 2176 1307 2223 et
1322 2167 1375 2221 in
1392 2168 1535 2236 justo
1555 2166 1657 2222 hoc
1668 2166 1905 2221 declara-

318 2267 434 2310 tum
455 2266 557 2311 est.
588 2257 717 2311 Nam
745 2259 831 2327 qui
863 2266 1012 2312 tanto
1039 2259 1237 2328 impetu
1262 2258 1720 2328 comprehendere
1739 2257 1902 2312 Jaco-

317 2346 471 2413 bum,
496 2356 550 2402 et
576 2364 789 2417 pcenam
816 2348 952 2419 fugae
978 2349 1045 2403 de
1071 2364 1138 2404 eo
1165 2365 1377 2405 sumere
1402 2350 1646 2415 volebat;
1674 2365 1781 2404 non
1812 2364 1903 2403 so-

318 2438 433 2491 lum
464 2439 592 2492 nihil
620 2455 869 2509 asperum
896 2449 951 2495 et
977 2440 1170 2495 durum
1199 2441 1454 2496 adversus
1480 2456 1600 2495 eum
1623 2441 1859 2511 loquitur
1882 2480 1898 2504 ,

317 2529 418 2584 sed
444 2531 579 2584 sicut
604 2542 756 2601 pater
790 2532 954 2586 filium
983 2533 1312 2601 compellans
1335 2573 1350 2599 ,
1383 2533 1453 2587 ita
1493 2532 1701 2587 blandis
1728 2533 1904 2588 verbis

318 2622 572 2676 convenit
596 2640 609 2674 :
640 2622 771 2676 dicit
795 2623 940 2678 enim
969 2643 980 2677 :
1008 2623 1099 2679 26.
1123 2624 1227 2678 Cur
1254 2626 1349 2679 hoc
1373 2625 1579 2694 fecisti?
1600 2642 1755 2693 quare
1773 2627 1906 2679 clam

319 2715 643 2769 abscessisti?
670 2715 805 2772 Vide
844 2725 1038 2786 quanta
1082 2718 1340 2773 mutatio:
1388 2717 1509 2774 vide
1549 2718 1816 2789 quomodo
1860 2720 1906 2772 is

319 2807 412 2875 qui
442 2818 498 2861 ut
523 2807 689 2861 bestia
720 2808 1037 2872 insaniebat,
1072 2810 1251 2864 ovium
1276 2809 1511 2863 imitatur
1539 2811 1903 2864 mansuetudi-

320 2911 468 2950 nem.
502 2897 671 2963 Quare
707 2899 938 2953 clanculo
980 2900 1272 2964 discessisti,
1304 2911 1351 2953 et
1390 2917 1500 2955 mea
1527 2901 1700 2972 furtim
1730 2901 1903 2954 abstu-

322 2989 428 3042 listi
447 3030 462 3052 ,
508 2999 556 3044 et
598 2990 853 3045 abduxisti
898 2992 1033 3060 ﬁlias
1072 3010 1207 3047 meas
1234 2994 1379 3064 quasi
1427 2998 1646 3064 captivas
1690 2993 1907 3064 gladio?

322 3082 499 3149 Quare
518 3123 534 3149 ,
564 3083 765 3153 inquit,
795 3084 896 3139 hoc
925 3085 1131 3140 fecisti?
1156 3087 1280 3156 quid
1312 3085 1522 3140 tandem
1549 3087 1603 3141 in
1632 3087 1905 3157 proposito

324 3174 600 3230 habuisti?
626 3192 791 3245 quare
835 3178 912 3231 sic
950 3178 1159 3232 occulte
1202 3177 1396 3247 parasti
1434 3176 1772 3233 discessum?
1812 3177 1903 3231 27.

325 3267 466 3321 Nam
493 3269 538 3322 si
563 3270 915 3324 annuntiasses
942 3271 1066 3323 mihi
1091 3312 1105 3334 ,
1137 3287 1250 3323 cum
1276 3288 1457 3341 magno
1485 3271 1673 3325 honore
1696 3279 1743 3324 et
1771 3270 1903 3325 leuti-

325 3361 396 3413 tia
420 3361 624 3431 fuissem
651 3372 697 3415 te
721 3372 1068 3431 prosequutus.
1100 3363 1384 3417 Enimvero
1413 3362 1456 3416 si
1482 3362 1583 3419 hoc
1606 3363 1903 3431 scivissem,

324 3451 451 3504 Cum
478 3452 679 3505 musicis
699 3494 714 3517 ,
746 3462 792 3505 et
821 3454 1071 3522 tympanis
1105 3462 1151 3505 et
1182 3453 1376 3505 cithara
1424 3462 1753 3523 prosequutus
1781 3454 1906 3520 fuis-

322 3559 426 3597 sem
443 3554 509 3596 te.
533 3542 623 3597 9.8.
645 3542 765 3597 Non
779 3560 892 3597 sum
916 3544 1099 3614 dignus
1125 3544 1323 3597 habitus
1345 3544 1563 3597 osculari
1580 3544 1716 3611 ﬁlias
1738 3560 1904 3597 meas:

322 3651 458 3687 nunc
494 3644 664 3688 autem
705 3635 995 3703 insipienter
1037 3635 1196 3706 egisti.
1242 3633 1403 3689 Vides
1454 3635 1722 3704 quomodo
1766 3649 1906 3689 nunc

322 3724 673 3793 semetipsum
711 3726 905 3794 arguit,
955 3734 1009 3779 et
1050 3741 1145 3794 per
1188 3725 1419 3794 linguam
1465 3740 1616 3779 suam
1671 3724 1902 3791 fatetur,

322 3832 445 3871 sese
472 3817 685 3886 quidem
706 3817 910 3886 justum
929 3817 1067 3871 male
1091 3818 1303 3872 allicere
1332 3827 1571 3886 paratum
1598 3817 1780 3885 fuisse,
1813 3819 1905 3872 Dei

323 3894 503 3961 autem
537 3908 921 3975 providentiam
943 3949 958 3975 ,
989 3922 1019 3962 a
1046 3909 1319 3963 molimine
1347 3923 1444 3961 suo
1472 3909 1643 3978 ipsum
1679 3908 1905 3977 impedi-

325 3997 488 4052 visse.
514 3998 604 4053 ‘29.
634 3997 828 4064 Potest,
859 3998 1047 4067 inquit,
1078 4016 1259 4053 manus
1284 4014 1392 4051 mea
1412 4008 1460 4051 te
1492 3998 1741 4068 afﬂigere;
1766 3996 1905 4052 Deus

322 4099 491 4143 autem
520 4091 679 4159 patris
705 4091 778 4144 tui
806 4091 913 4144 heri
936 4091 1061 4143 mihi
1086 4090 1249 4144 dixit:
1277 4091 1406 4145 Cave
1429 4091 1515 4143 tibi
1546 4091 1661 4160 ipsi,
1693 4108 1755 4144 ne
1777 4095 1907 4161 forte

323 4181 547 4250 loquaris
575 4198 691 4235 cum
711 4181 871 4235 Iacob
896 4184 1049 4236 mala.
1081 4182 1263 4253 Cogita
1292 4184 1377 4237 hic
1403 4192 1598 4252 quanta
1623 4200 1742 4239 cum
1778 4200 1905 4239 con-

322 4273 585 4329 solatione
603 4274 731 4345 justi
762 4274 955 4329 emissa
982 4274 1178 4329 fuerint
1204 4275 1319 4329 haec
1342 4276 1524 4338 verba,
1547 4284 1601 4330 et
1626 4276 1905 4331 considera

321 4366 593 4435 quomodo
619 4366 705 4420 hic
732 4365 921 4421 ellatur
945 4382 1063 4437 qua:
1088 4367 1347 4422 adversus
1366 4367 1566 4437 justum
1588 4368 1903 4433 decreverit,

321 4469 377 4514 et
393 4459 623 4529 qualiter
642 4475 763 4515 eum
784 4459 1239 4529 comprehendere
1261 4461 1501 4523 voluerit,
1528 4476 1691 4529 seque
1717 4461 1907 4517 timore

322 4551 417 4606 Dei
437 4567 468 4605 a
500 4552 654 4606 malis
678 4552 915 4607 consiliis
940 4552 1230 4607 cohibitum
1260 4553 1441 4608 fuisse.
1466 4552 1602 4609 Deus
1631 4554 1786 4621 patris
1810 4555 1903 4620 tui,

322 4644 512 4713 inquit.
546 4642 676 4698 Vide
700 4643 965 4714 quomodo
986 4644 1098 4712 ipse
1124 4643 1303 4699 Laban
1326 4659 1429 4697 non
1457 4660 1648 4713 parum
1668 4645 1906 4699 utilitatis

320 4733 447 4787 hinc
467 4734 799 4803 perceperit,
831 4733 1117 4787 maximam
1142 4749 1209 4787 ex
1236 4733 1300 4787 iis
1327 4749 1446 4803 quae
1482 4733 1584 4787 sibi
1622 4734 1760 4788 dicta
1790 4733 1905 4789 fuc-

320 4836 450 4881 runt
477 4828 685 4881 virtutis
714 4827 809 4881 Dei
844 4827 1113 4896 accipiens
1152 4826 1679 4882 demonstrationem.
1713 4828 1905 4881 Verum

318 4920 443 4988 quia
465 4928 519 4974 et
535 4929 609 4984 tu,
633 4919 821 4988 inquit,
842 4918 942 4973 hoc
959 4918 1262 4985 decrevisti,
1282 4928 1335 4974 et
1352 4919 1492 4974 Deus
1507 4921 1689 4989 estqui
1709 4928 1905 4975 tantam

321 5013 398 5065 tui
420 5026 599 5066 curam
614 5014 770 5081 gerit,
794 5012 883 5067 50.
909 5011 1062 5065 Nunc
1078 5011 1232 5081 igitur
1250 5011 1409 5065 vade:
1432 5028 1613 5081 magno
1634 5012 1765 5064 enim
1783 5011 1908 5065 desi-

317 5108 463 5160 derio
486 5106 782 5159 desiderasti
796 5106 935 5159 abire
949 5106 1002 5157 in
1018 5104 1221 5157 domum
1238 5105 1395 5174 patris
1410 5105 1500 5157 tui.
1529 5104 1695 5169 Quare
1709 5104 1906 5172 furatus

317 5215 373 5249 es
393 5198 512 5250 deos
532 5198 705 5250 meos?
726 5196 877 5262 Esto,
905 5195 1107 5266 inquit;
1135 5194 1237 5249 hoc
1257 5194 1560 5250 decreveris
1585 5204 1638 5249 ut
1663 5195 1821 5250 abeas
1852 5194 1905 5249 in

316 5288 535 5342 domum
556 5286 716 5357 patris
730 5288 830 5341 tui:
860 5300 1022 5356 quare
1038 5285 1166 5340 deos
1184 5300 1331 5339 meos
1344 5285 1544 5339 furatus
1558 5286 1650 5339 es?
1670 5287 1713 5339 0
1732 5285 1907 5354 ingen-

318 5391 426 5434 tem
445 5378 827 5447 insipientiam!
853 5379 1053 5433 talesne
1074 5388 1194 5431 sunt
1213 5376 1284 5430 dii
1306 5375 1402 5443 tui,
1417 5386 1474 5430 ut
1492 5376 1612 5447 quis
1627 5392 1721 5431 eos
1740 5376 1903 5430 furari

314 5473 521 5543 queat?
546 5472 659 5525 Non
689 5471 962 5527 erubescis
998 5469 1214 5537 dicens,
1246 5468 1414 5533 Quare
1454 5470 1651 5539 furatus
1694 5485 1745 5521 es
1785 5468 1905 5521 deos

317 5564 493 5618 meos?
522 5562 654 5618 Vide
680 5572 874 5632 quanta
904 5560 1004 5616 fuit
1042 5561 1239 5617 erroris
1263 5559 1502 5630 gravitas
1527 5600 1542 5625 ,
1592 5559 1716 5614 dum
1748 5560 1783 5613 ii
1813 5559 1903 5629 qui

316 5659 533 5712 ratione
558 5653 765 5725 praediti
798 5662 972 5719 erant,
1015 5652 1266 5709 colebant
1308 5650 1511 5721 lapides
1549 5660 1603 5706 et
1645 5650 1804 5722 ligna.
1836 5650 1904 5705 lli

385 5763 401 5791 ι
432 5758 549 5825 llaec
582 5757 734 5825 verba
757 5755 890 5825 ,Azll‘i
941 5769 1057 5825 vero
1090 5755 1242 5825 feras_
1262 5753 1557 5825 immgnitale
1599 5760 1907 5825 superarunt,

319 5820 467 5931 αὐτῖιί.
496 5822 638 5930 aenea
659 5823 755 5868 τῶν
780 5818 952 5882 Θηρίων
991 5820 1122 5882 αὐτῷ
1170 5818 1327 5881 χεῖρον
1374 5819 1619 5881 διέθηκαν,
1646 5818 1826 5867 desunt
1858 5818 1909 5869 iu

320 5898 409 5933 mu
436 5890 509 5931 lts.
580 5897 646 5931 ss.

1321 405 1389 460 lN
1417 406 1571 461 CAP.
1614 404 1805 460 XXXI.
1846 403 2090 460 GENES.
2132 405 2356 462 ΗΟΜΙΙμ.
2400 408 2553 464 LVII.
2586 406 2590 407 ⁷

3480 414 3586 470 50‘!

2009 530 2130 575 sunt
2157 521 2227 576 dii
2258 525 2328 578 tui
2351 566 2365 591 ,
2398 540 2431 578 o
2462 523 2661 591 Laban,
2692 526 2781 595 qui
2809 540 2980 596 neque
3005 541 3126 580 cum
3152 526 3370 581 iuraturi
3392 543 3449 582 se
3470 530 3599 597 quis

2005 615 2128 670 dam
2148 627 2318 681 erant,
2338 618 2526 686 juvare
2546 632 2607 672 se
2624 620 2948 687 potuerunt?
2973 619 3072 685 Qui
3088 620 3239 673 enim
3262 630 3477 688 possent
3496 622 3605 688 qui:

2005 721 2036 760 e
2067 706 2386 775 lapide-sunt
2410 708 2677 762 confecti?
2715 710 2856 763 Deus
2893 720 3069 764 autem
3107 710 3277 778 justi,
3308 710 3593 779 ignorante

2002 796 2146 866 justo
2166 840 2180 864 ,
2210 799 2464 865 impetum
2490 810 2639 853 tuum
2663 799 2917 855 coercuit.
2949 800 3016 854 Et
3035 815 3142 855 non
3167 801 3366 871 cogitas
3388 803 3595 856 erroris

2006 890 2442 957 magnitudinem,
2489 899 2544 945 et
2571 889 2774 959 justum
2817 890 2941 945 furti
2981 891 3200 961 arguis?
3228 892 3403 960 Quare
3445 894 3590 947 cnim

2001 978 2179 1048 justus
2207 979 2327 1034 illos
2351 980 2517 1035 furari
2543 981 2831 1046 voluisset,
2859 997 2997 1052 quos
3023 982 3449 1049 abominabatur,
3478 983 3589 1038 imo
3632 971 3641 981 ’

2005 1086 2139 1140 quos
2183 1071 2391 1126 sciebat
2410 1087 2530 1127 esse
2569 1088 2731 1128 sensu
2758 1088 2955 1129 vacuos
3002 1074 3249 1144 lapides?
3277 1076 3443 1129 Porro
3472 1075 3589 1130 inec

2005 1176 2126 1215 cum
2170 1162 2404 1217 audisset
2447 1162 2633 1229 Iacob,
2681 1163 2910 1233 primum
2954 1180 3141 1236 magna
3183 1166 3591 1222 mansuetudine

2005 1254 2073 1309 de
2093 1254 2318 1324 objectis
2342 1255 2650 1310 criminibus
2675 1270 2734 1311 se
2762 1266 2970 1327 purgat,
3003 1265 3057 1311 et
3084 1267 3208 1311 tunc
3238 1268 3293 1311 ut
3322 1259 3590 1328 inquiran-

2006 1353 2092 1399 tur
2119 1344 2191 1400 dii
2230 1345 2400 1415 jubet.
2425 1347 2515 1400 5|.
2546 1345 2670 1400 Dixi
2709 1347 2875 1413 enim,
2908 1348 3101 1418 inquit,
3130 1365 3193 1402 ne
3220 1352 3348 1419 forte
3383 1353 3589 1419 auferas

2006 1435 2141 1504 ﬁlias
2166 1445 2277 1489 tuas
2302 1452 2334 1489 a
2359 1453 2453 1502 me,
2485 1448 2532 1491 et
2559 1439 2729 1491 omnia
2752 1454 2886 1491 mea.
2918 1438 3074 1505 Quia,
3108 1439 3310 1509 inquit,
3341 1439 3590 1494 videbam

2008 1536 2060 1580 te
2102 1541 2207 1580 non
2238 1526 2374 1582 bene
2413 1542 2539 1597 erga
2584 1544 2676 1583 me
2713 1529 2960 1583 allectum
2981 1571 2996 1594 ,
3026 1530 3214 1583 anxius
3255 1529 3324 1582 ini
3356 1545 3424 1583 ne
3455 1529 3591 1584 forte

2007 1620 2278 1675 conareris
2306 1620 2513 1676 auferre
2542 1620 2676 1676 filias
2704 1629 2820 1676 tuas
2848 1630 2904 1677 et
2931 1621 3205 1676 facultates
3232 1637 3400 1685 meas,
3429 1631 3591 1692 atque

2009 1711 2217 1780 privare
2256 1727 2342 1767 me
2380 1712 2535 1777 meis,
2565 1712 2705 1767 sicut
2746 1711 3011 1782 quondam
3060 1712 3249 1766 fecisti.
3302 1711 3402 1765 Ista
3434 1712 3591 1782 igitur

2006 1816 2166 1856 causa
2194 1802 2398 1856 timoris
2424 1802 2546 1857 fecit
2565 1843 2581 1867 ,
2613 1810 2672 1856 ut
2698 1801 2837 1857 clam
2865 1811 2916 1856 te
2941 1802 3163 1855 abirem.
3192 1802 3456 1855 Caeterum
3498 1800 3586 1856 52.

2006 1891 2159 1961 Apud
2183 1908 2327 1962 quem
2352 1893 2598 1946 inveneris
2625 1893 2743 1946 deos
2769 1902 2899 1957 tuos,
2928 1908 3028 1945 non
3056 1892 3181 1945 vivet
3211 1908 3381 1943 coram
3410 1891 3589 1960 [ναιή-

2007 1983 2099 2038 bus
2136 1984 2340 2041 nostris.
2370 1984 2528 2038 Vides
2552 1983 2827 2053 ignorasse
2871 1981 3036 2037 Iacob
3079 1983 3273 2035 furtum
3300 1997 3329 2034 a
3360 1981 3592 2034 Rachele

2007 2076 2369 2132 commissum.
2392 2075 2528 2131 Vide
2555 2075 2698 2130 enim
2724 2083 2920 2145 quanta
2940 2074 3251 2128 austeritate
3274 2073 3591 2143 supplicium

2006 2168 2246 2225 decernit
2268 2168 2320 2223 ei
2340 2168 2430 2239 qui
2459 2168 2661 2222 furtum
2684 2166 2993 2221 admiserat.
3024 2164 3178 2233 Apud
3202 2181 3368 2235 quem,
3398 2163 3593 2233 inquit,

2006 2263 2195 2317 inventi
2222 2259 2429 2333 fuerint,
2470 2277 2571 2315 non
2595 2260 2718 2314 vivet
2743 2275 2916 2312 coram
2954 2256 3193 2327 fratribus
3220 2257 3422 2310 nostris.
3473 2256 3592 2309 Non

2008 2352 2179 2407 solum
2200 2393 2216 2417 ,
2246 2352 2456 2422 inquit,
2486 2351 2608 2421 quia
2638 2350 2870 2405 ablatum
2900 2359 3003 2413 eSt,
3034 2348 3127 2403 sed
3156 2357 3211 2402 et
3248 2348 3368 2417 quia
3397 2348 3593 2401 furtum

2008 2445 2099 2518 qui
2130 2444 2332 2512 fecerit,
2365 2445 2704 2499 manifestum
2730 2445 2811 2498 sui
2838 2443 3021 2513 ﬂagitii
3053 2441 3305 2497 indicium
3335 2440 3591 2511 proferet;

2011 2538 2157 2593 Scias
2181 2539 2226 2592 si
2249 2537 2373 2608 quid
2400 2546 2472 2590 est
2502 2546 2705 2590 tuorum
2727 2536 2867 2603 apud
2895 2551 2992 2597 me,
3014 2543 3062 2587 et
3086 2535 3275 2602 accipe.
3305 2533 3595 2596 Scrutare,

2010 2630 2197 2700 inquit,
2232 2644 2357 2683 num
2398 2627 2524 2698 quid
2564 2625 2876 2681 abstulerim
2909 2624 3051 2694 quod
3077 2623 3143 2677 ad
3174 2639 3261 2677 me
3287 2637 3391 2676 non
3435 2621 3595 2690 perti-

2010 2721 2205 2775 nuerit.
2232 2718 2371 2773 Nihil
2397 2716 2539 2772 aliud
2574 2719 2628 2771 in
2654 2730 2739 2771 me
2758 2730 2982 2785 arguere
3011 2715 3232 2784 poteris.
3265 2728 3424 2781 quam
3450 2712 3594 2781 quod

2009 2812 2145 2867 clam
2171 2809 2391 2864 abierim
2416 2825 2429 2861 :
2458 2817 2513 2863 et
2533 2808 2635 2861 hoc
2666 2820 2775 2860 non
2804 2813 2994 2876 sponte
3024 2804 3145 2867 feci,
3172 2803 3266 2858 sed
3289 2804 3592 2871 suspicatus

2010 2901 2344 2971 iniustitiam,
2372 2907 2427 2953 et
2454 2899 2649 2952 timens
2673 2911 2743 2951 ne
2769 2895 2935 2949 velles
2958 2894 3173 2950 auferre
3204 2894 3338 2946 tilias
3368 2901 3506 2957 was,
3538 2900 3594 2945 et

2008 2994 2140 3048 alias
2166 3005 2313 3046 meas
2342 2989 2656 3053 facultates,
2687 2987 2733 3042 si
2768 2986 2820 3041 id
2864 2986 3112 3041 rescires.
3159 2984 3227 3038 Et
3255 3001 3355 3037 non
3392 2983 3595 3054 agnovit

2008 3083 2148 3155 apud
2175 3099 2291 3137 eum
2313 3080 2527 3150 aliquid.
2562 3077 2829 3133 Nesciebat
2852 3089 3020 3131 autem
3040 3076 3202 3130 Iacob
3229 3076 3365 3145 quod
3398 3075 3595 3128 Rachel

2009 3192 2139 3230 uxor
2164 3191 2256 3228 sua
2285 3173 2457 3244 furata
2483 3172 2658 3241 fuisset
2683 3187 2787 3225 eos.
2819 3169 2908 3225 55.
2938 3168 3204 3239 Ingressus
3226 3178 3395 3221 autem
3416 3166 3594 3220 Laban

2010 3275 2261 3321 scrutatus
2287 3272 2360 3318 est
2389 3263 2593 3316 domum
2619 3260 2729 3315 Litt:
2747 3302 2762 3327 ,
2791 3271 2838 3314 et
2863 3276 2965 3314 non
2989 3260 3191 3313 invenit.
3232 3257 3497 3328 Ingressus
3522 3267 3596 3311 est

2008 3368 2175 3411 autent
2216 3365 2263 3410 et
2304 3356 2359 3409 in
2397 3355 2604 3408 domum
2640 3351 2851 3405 Rachel.
2893 3351 2982 3405 54.
3020 3350 3213 3404 Rachel
3244 3366 3360 3402 vero
3403 3350 3596 3417 accepit

2008 3449 2166 3514 idola,
2194 3458 2240 3501 et
2266 3446 2432 3516 posuit
2460 3462 2519 3498 ea
2543 3444 2711 3499 subter
2734 3452 3007 3496 stramenta
3034 3441 3362 3503 camelorum,
3392 3450 3439 3493 et
3466 3439 3596 3493 sedit

2009 3559 2160 3612 super
2201 3558 2279 3595 ea.
2312 3540 2378 3594 Et
2415 3539 2546 3592 dixit
2589 3539 2721 3607 patri
2749 3551 2882 3590 suo:
2912 3535 3000 3590 55.
3045 3533 3127 3587 Ne
3170 3535 3387 3603 graviter
3434 3532 3607 3601 feras,-

2010 3636 2210 3689 domine
2233 3634 2303 3686 nti
2326 3649 2345 3685 :
2370 3648 2471 3685 non
2502 3646 2705 3701 possum
2732 3644 2935 3697 surgere
2960 3644 3133 3680 coram
3162 3637 3236 3692 te,
3267 3625 3387 3695 quia
3411 3640 3594 3678 secun-

2010 3729 2130 3782 dum
2155 3725 2562 3781 consuetudinem
2585 3722 2851 3776 mulierum
2878 3720 3001 3773 mihi
3022 3729 3111 3773 est.
3138 3719 3407 3774 Scrutatus
3427 3727 3597 3771 autent

2009 3830 2083 3876 est
2110 3817 2285 3874 Laban
2305 3818 2358 3870 in
2382 3825 2485 3870 tota
2503 3815 2653 3868 domo
2675 3814 2803 3883 ejus,
2835 3821 2880 3866 et
2905 3828 3004 3865 non
3033 3810 3238 3864 invenit.

2084 3913 2136 3965 6.
2180 3909 2366 3979 Magna
2414 3904 2661 3961 Rachelis
2709 3903 2946 3968 solertia,
2990 3917 3084 3969 per
3128 3916 3285 3970 quam
3342 3898 3597 3954 deludere

2010 4003 2182 4074 potuit
2208 4000 2504 4056 Labanum.
2534 3995 2767 4050 Audiant
2804 3994 2896 4064 qui
2942 3991 3119 4046 adhuc
3166 3990 3439 4046 erroribus
3474 3998 3598 4043 sunt

2010 4093 2230 4159 addicti,
2278 4100 2335 4147 et
2382 4088 2736 4145 idololatriam
2792 4084 2969 4155 magni
3025 4083 3244 4137 faciunt.
3309 4080 3490 4134 Posuit
3538 4097 3629 4135 ea.

2011 4188 2178 4242 subter
2204 4192 2479 4239 stramenta
2507 4182 2836 4246 camelorum,
2892 4178 3082 4247 inquit,
3128 4186 3175 4229 et
3192 4175 3317 4229 sedit
3339 4191 3495 4243 super
3516 4192 3597 4230 ea.

2011 4279 2147 4348 Quid
2174 4278 2256 4334 his
2288 4277 2455 4347 magis
2478 4273 2762 4330 ridiculum
2782 4273 2806 4326 ?
2825 4271 2926 4339 Qui
2954 4272 3161 4326 ratione
3192 4269 3394 4338 praaditi
3424 4278 3597 4332 erant,

2012 4382 2067 4427 et
2106 4379 2307 4425 tantam
2354 4365 2719 4421 misericordia
2752 4364 2846 4419 Dei
2885 4362 3165 4430 assequuti
3197 4362 3405 4414 fuerant
3429 4360 3599 4430 digiti-

2014 4470 2174 4516 tatem
2199 4502 2214 4527 ,
2266 4458 2470 4528 lapides
2511 4471 2674 4511 sensu
2714 4467 2910 4507 vacuos
2947 4461 3137 4522 putant
3173 4450 3427 4504 colendos
3456 4468 3468 4505 :
3503 4467 3600 4505 nec

2013 4552 2176 4623 pudet
2203 4566 2318 4616 cos,
2349 4562 2447 4603 nec
2473 4557 2673 4601 tantam
2694 4558 2880 4599 secum
2911 4550 3160 4612 reputant
3188 4540 3597 4604 absurditatem,

2014 4645 2163 4700 seda
2191 4639 2584 4697 consuetudine
2627 4637 2777 4707 quasi
2805 4650 2934 4690 oves
2980 4632 3357 4688 abducuntur?
3400 4630 3599 4684 Idcirco

2014 4731 2211 4787 Paulus
2234 4743 2445 4799 quoque
2466 4725 2704 4781 scribens
2728 4722 2939 4778 dicebat
2972 4739 2985 4775 :
3014 4720 3170 4776 Scitis
3198 4719 3401 4789 quando
3428 4726 3598 4787 gentes

2017 4825 2195 4889 eratis,
2252 4824 2319 4876 ad
2360 4822 2500 4874 idola
2550 4830 2690 4872 muta
2734 4826 3003 4885 utcumque
3050 4812 3370 4867 ducebamini
3428 4818 3598 4865 euntes

2017 4920 2091 4989 (l.
2121 4917 2239 4972 Cor.
2267 4917 2351 4969 12.
2381 4914 2464 4984 2).
2499 4913 2563 4967 Et
2589 4920 2732 4966 recte
2752 4909 2906 4973 dixit,
2938 4908 3105 4962 Muta.
3136 4905 3238 4972 Qui
3261 4917 3471 4969 vocem,
3512 4902 3597 4955 in-

2012 5010 2142 5079 quit,
2177 5006 2384 5061 habetis
2404 5013 2459 5061 et
2494 5018 2668 5067 aures,
2696 5010 2752 5057 et
2774 5000 2997 5055 rationis
3020 4999 3151 5054 estis
3189 4994 3495 5066 participes,
3526 4992 3598 5046 ad

2011 5117 2074 5157 ea
2100 5117 2217 5170 qua:
2261 5098 2464 5153 nullum
2503 5110 2719 5151 sensum
2757 5093 2971 5156 habent,
3001 5092 3139 5145 sicut
3182 5088 3336 5142 bruta
3373 5083 3595 5139 abduci-

2011 5193 2162 5248 mini.
2220 5191 2288 5245 Et
2335 5189 2546 5259 qualem
2589 5186 2680 5256 qui
2709 5186 2842 5238 tales
2877 5191 3003 5238 sunt
3040 5179 3246 5235 veniam
3275 5173 3595 5231 merentur?

2012 5282 2117 5340 Sed
2149 5281 2421 5337 videamus
2441 5277 2708 5348 quomodo
2729 5277 2905 5345 justus
2944 5285 3088 5326 nunc
3134 5268 3383 5323 fiduciam
3428 5278 3599 5319 acce-

2010 5376 2168 5446 perit,
2202 5373 2392 5443 partim
2432 5385 2503 5427 ex
2548 5369 2612 5423 iis
2639 5382 2756 5438 qum
2810 5364 2990 5419 Laban
3028 5359 3306 5417 confessus
3331 5367 3434 5422 est,
3466 5369 3591 5425 par-

2012 5468 2104 5522 tim
2148 5464 2398 5535 quoniam
2467 5460 2671 5515 nullum
2725 5457 2929 5511 crimen
2976 5462 3159 5509 contra
3204 5464 3263 5506 se
3316 5450 3600 5502 invenerat

2011 5557 2425 5628 reprehensione
2476 5554 2688 5623 dignum
2719 5591 2735 5617 ,
2768 5547 2893 5617 quid
2942 5545 3117 5601 dicit?
3166 5542 3254 5599 56.
3301 5538 3474 5594 Iratus
3521 5546 3595 5592 est

2008 5660 2195 5715 autem,
2225 5648 2416 5718 inquit,
2466 5644 2648 5711 Iacob,
2679 5653 2725 5697 et
2750 5639 3005 5695 contendit
3034 5653 3151 5690 cum
3187 5633 3384 5698 Laban,
3438 5641 3487 5684 et
3507 5631 3595 5683 di-

2008 5745 2102 5797 ait.
2125 5739 2260 5794 Vide
2308 5736 2575 5808 quomodo
2623 5735 2783 5789 etiam
2827 5726 3213 5800 expostulando
3241 5724 3434 5779 animae
3479 5736 3601 5775 suae-

2017 5833 2265 5891 virtutcm
2295 5830 2509 5902 detegit.
2561 5828 2688 5894 Qua:
2722 5824 2969 5893 iujustitia
2999 5838 3126 5890 mea,
3157 5819 3232 5873 vel
3259 5817 3393 5887 quod
3418 5830 3617 5883 pacem.
