4038 6358
453 391 559 448 505

443 517 548 558 tum
588 522 774 571 meum,
822 504 1013 575 inquit,
1059 506 1193 575 quod
1231 516 1559 575 persequutus
1581 524 1634 562 es
1662 509 1780 562 me?
1830 508 2028 575 Quare,

443 597 633 665 inquit,
665 605 813 651 tanto
839 596 1040 664 impetu
1071 594 1360 650 insectatus
1397 610 1457 651 es
1505 597 1663 652 mei.
1686 598 1897 667 qualem
1948 600 2033 655 in-

440 687 697 755 justitiarn
748 687 877 742 mihi
927 697 1078 757 potes
1122 688 1490 759 exprobrare?
1528 690 1684 758 quale
1713 694 2033 759 peccatum?

439 783 623 854 Neque
651 785 702 839 id
753 786 903 849 satis,
930 786 1033 841 nisi
1080 797 1134 842 et
1165 797 1366 843 tantam
1412 789 1876 860 superinduxisscs
1898 802 2030 842 con-

442 876 735 938 tumeliam,
778 886 835 931 ut
864 880 1181 933 scrutareris
1206 881 1384 935 omnia
1431 898 1550 950 quae
1595 882 1649 936 in
1689 880 1850 935 domo
1890 892 2028 933 mea.

444 967 535 1023 37.
566 967 701 1033 Quid
742 969 971 1025 inuenisti
998 969 1061 1025 de
1086 971 1316 1027 omnibus
1342 973 1473 1026 uasis
1507 987 1619 1041 qua:
1645 971 1699 1025 in
1723 971 1871 1024 domo
1898 980 1986 1023 tua
2007 969 2033 1022 Ζ)

447 1056 593 1113 Pone
621 1059 701 1111 hic
728 1076 903 1119 coram
933 1060 1174 1130 fratribus
1202 1062 1302 1117 tuis
1326 1072 1373 1115 et
1394 1062 1640 1131 fratribus
1678 1062 1823 1126 meis,
1868 1070 1913 1115 et
1940 1061 2031 1131 ju-

441 1150 608 1203 dicent
636 1151 766 1204 inter
790 1169 883 1205 nos
912 1153 1061 1207 duos.
1093 1153 1284 1219 Tanto,
1338 1154 1527 1223 inquit,
1574 1154 1833 1209 scrutinio
1864 1151 2025 1220 facto,

445 1243 734 1310 potuistine
789 1242 987 1312 aliquid
1035 1244 1275 1303 invenire
1318 1245 1461 1314 quod
1502 1245 1569 1301 ad
1622 1261 1708 1301 me
1741 1261 1850 1300 non
1905 1247 2030 1300 atti-

440 1342 586 1393 neat.
643 1333 724 1388 vel
751 1334 892 1402 quod
923 1343 1069 1390 tuum
1100 1336 1207 1391 sit?
1233 1334 1289 1392 Si
1314 1337 1584 1403 invenisti,
1610 1336 1789 1407 profer
1831 1338 1886 1391 in
1913 1353 2031 1393 me-

440 1427 610 1491 «lium,
651 1435 707 1483 ut
763 1428 853 1495 qui
894 1428 979 1481 hic
1023 1428 1219 1484 adsunt
1260 1430 1401 1498 apud
1444 1445 1532 1485 me
1571 1439 1626 1485 et
1660 1439 1733 1497 te,
1766 1430 2025 1499 judicium

448 1517 699 1571 reddant.
744 1518 1004 1584 Quoniam
1030 1518 1163 1574 vidit
1188 1535 1246 1574 se
1276 1521 1602 1590 inculpatum
1646 1523 1698 1575 in
1738 1521 1985 1576 omnibus
2009 1562 2024 1584 ,

441 1622 633 1678 magna
663 1619 872 1677 sumpta
904 1609 1116 1675 ﬁducia,
1166 1622 1446 1667 enumerat
1484 1612 1740 1666 beneﬁcia
1784 1627 1901 1681 quae
1953 1611 2027 1666 illi

438 1712 537 1765 per
575 1712 733 1752 omne
779 1709 987 1769 tempus
1034 1701 1291 1769 exhibuit,
1343 1712 1397 1757 et
1443 1702 1661 1771 inquit:
1694 1702 1782 1757 58.
1812 1701 1889 1755 Ht‘
1911 1711 2029 1756 sunt

438 1788 614 1856 viginti
638 1790 791 1854 anni,
823 1792 1000 1859 quibus
1027 1801 1188 1846 tecum
1213 1809 1345 1846 sum.
1412 1793 1516 1847 Pro
1540 1793 1723 1849 labore
1750 1802 1828 1848 tot
1855 1808 2025 1848 anno-

438 1894 582 1947 rum,
607 1879 825 1938 haccine
854 1884 1044 1953 dignus
1072 1902 1218 1939 cram
1247 1888 1602 1942 contumelia?
1626 1887 1697 1941 Hi
1715 1889 1840 1941 milii
1855 1888 2029 1957 viginti

440 1974 584 2026 anni.
638 1974 807 2030 Hodie
845 1977 1030 2047 viginti
1077 1993 1339 2033 annorum
1380 1979 1644 2050 complevi
1673 1980 1726 2034 in
1750 1980 1911 2035 domo
1939 1989 2026 2033 tua

439 2079 743 2120 numerum.
776 2066 905 2122 Oves
933 2079 1033 2121 ture
1061 2078 1108 2123 et
1133 2087 1301 2141 capra
1321 2082 1420 2125 tute
1443 2072 1636 2126 steriles
1661 2088 1763 2126 non
1791 2076 2022 2143 fuerunt,

438 2156 619 2211 arietes
645 2159 811 2212 ovium
836 2170 1039 2214 tuarum
1063 2180 1165 2216 non
1190 2165 1384 2219 comedi
1415 2181 1434 2219 :
1459 2166 1549 2221 59.
1604 2178 1810 2235 captum
1848 2184 1881 2220 a
1914 2166 2027 2237 fera

438 2246 528 2299 tibi
557 2263 657 2301 non
684 2251 853 2303 attuli.
889 2250 998 2320 Ego
1027 2254 1249 2323 satisfeci
1280 2255 1340 2309 de
1360 2272 1488 2319 meo,
1518 2256 1655 2325 furta
1682 2257 1782 2310 diei
1813 2268 1858 2310 et
1887 2257 2026 2327 furta

444 2339 628 2393 noctis.
651 2340 738 2394 40.
772 2340 871 2395 Die
894 2344 1077 2398 urebar
1100 2356 1247 2411 testu,
1272 2356 1320 2401 et
1347 2357 1492 2401 nocte
1514 2350 1649 2419 gela,
1673 2358 1718 2403 et
1744 2350 2026 2405 discedebat

439 2445 647 2484 somnus
685 2433 749 2487 ab
796 2437 956 2491 oculis
1001 2437 1141 2493 meis.
1181 2437 1389 2494 Oblitus
1418 2455 1493 2504 es,
1543 2443 1733 2512 inquit,
1785 2444 2024 2499 laborum

441 2534 578 2587 quos
622 2524 888 2579 exantlavi
935 2542 1161 2596 pascens
1206 2544 1334 2584 oves
1384 2539 1499 2585 tuas
1545 2541 1598 2586 et
1634 2534 1862 2603 capras?
1888 2533 2022 2588 Num

441 2621 594 2678 potes
614 2628 839 2683 arguere
872 2618 1014 2687 quod
1044 2636 1292 2690 umquam
1321 2635 1448 2676 oves
1475 2623 1558 2676 vel
1587 2638 1759 2692 caprte
1786 2633 1888 2679 tute
1909 2624 2025 2681 fue-

438 2701 550 2756 rint
575 2705 819 2763 steriles?
873 2709 1005 2765 Vide
1034 2724 1285 2781 quantam
1309 2713 1639 2769 demonstrat
1663 2731 1692 2768 a
1722 2718 1830 2771 Deo
1859 2718 2023 2774 bene-

440 2792 726 2850 volentiam
764 2800 1050 2868 contigisse
1090 2804 1271 2858 domui
1300 2804 1481 2859 Laban
1504 2817 1722 2875 propter
1750 2826 1904 2865 suum
1929 2811 2025 2865 ad-

440 2892 679 2939 ventum.
713 2887 825 2944 lloc
849 2892 991 2946 enim
1020 2906 1102 2949 est
1132 2897 1184 2951 id
1213 2898 1356 2968 quod
1385 2910 1439 2957 et
1464 2917 1623 2974 supra
1642 2903 1853 2959 dicebat
1884 2923 1897 2957 :
1928 2903 2023 2958 Be-

440 2974 633 3028 nedixit
658 2986 704 3030 te
728 2977 865 3036 Deus
891 2984 959 3037 ad
987 2986 1163 3054 pedem
1188 3006 1375 3046 meum.
1425 2993 1537 3048 Hoc
1584 2996 1727 3049 enim
1776 2996 1951 3050 nullus
1992 3011 2023 3050 a

438 3073 655 3130 pastore
696 3069 954 3139 exigeret.
1001 3074 1184 3147 Neque
1222 3082 1364 3135 enim
1418 3087 1698 3153 pastoralis
1743 3088 1871 3140 artis
1922 3087 2024 3142 hoc

438 3169 574 3254 opus
604 3164 827 3254 est,‘s_ed
854 3175 1077 3224 natura}.
1123 3171 1412 3241 Pr0pterea
1435 3188 1560 3233 ante
1587 3182 1765 3234 omnia
1797 3181 1899 3235 hoc
1926 3198 2022 3251 po-

440 3251 1021 3342 nit,__providentiaque
1044 3274 1272 3329 superna
1296 3264 1490 3321 factum
1520 3269 1622 3324 hoc
1652 3270 1815 3327 fuisse
1844 3272 1895 3325 in
1930 3288 2025 3342 pe-

440 3337 666 3392 cudibus
711 3345 963 3400 ostendit.
1007 3350 1199 3406 Arietes
1239 3357 1403 3410 ouium
1441 3369 1643 3413 tuarum
1671 3379 1770 3416 non
1808 3337 2019 3419 comedi.

441 3426 578 3483 Num
607 3441 779 3498 potes,
806 3434 994 3505 inquit,
1018 3441 1193 3498 dicere
1221 3447 1362 3514 quod
1389 3449 1674 3519 aliquando
1699 3455 2021 3509 comederim

441 3521 661 3578 arietem
695 3528 760 3581 de
788 3531 1035 3600 gregibus
1068 3538 1201 3605 tuis,
1251 3540 1341 3609 qui
1370 3543 1571 3598 scilicet
1607 3547 1893 3601 multorum
1926 3565 2020 3616 pa-

438 3624 645 3671 storum
679 3636 793 3675 mos
819 3624 932 3677 est?
976 3627 1020 3679 A
1047 3628 1201 3683 bestia
1226 3646 1431 3703 captum
1463 3652 1563 3691 non
1589 3640 1734 3693 attuli
1758 3642 1863 3693 tibi.
1910 3640 2020 3695 Ne-

439 3722 544 3801 que
589 3709 721 3777 ipse,
769 3713 959 3783 inquit,
1015 3720 1302 3792 aliquando
1339 3728 1584 3796 comedi,
1641 3747 1816 3801 neque
1850 3733 2019 3790 bestia

438 3798 724 3867 aliquando
770 3820 958 3874 rapere
1001 3814 1186 3879 potuit.
1248 3815 1390 3872 Num
1424 3822 1569 3875 attuli
1594 3798 2020 3893 aliquidabestia

434 3894 686 3988 captum?
734 3896 927 3953 Annon
965 3904 1199 3969 quotidie
1249 3909 1394 3964 vides
1433 3927 1547 3977 eos,
1590 3916 1784 3983 quibus
1827 3932 2018 3988 greges

435 3981 627 4037 crediti
652 3994 792 4049 sunt,
842 4000 994 4058 Capta
1035 4007 1067 4047 a
1094 3994 1276 4051 bestiis
1303 3999 1495 4059 all'erre
1533 3981 1763 4060 dominis
1782 4007 1805 4058 Ἰ
1831 3981 1950 4061 'At'
1965 4017 2019 4064 tu

433 4071 568 4169 nihil
595 4075 698 4130 tale
741 4079 821 4133 vel
870 4082 1237 4142 demoiistrare
1273 4092 1357 4144 vel
1384 4094 1618 4162 objicere
1646 4098 1837 4152 factum
1864 4110 2017 4168 potes

434 4163 489 4212 in
522 4163 704 4231 viginti
731 4169 906 4222 annis.
940 4172 1003 4226 Et
1031 4176 1155 4243 quid
1182 4178 1300 4232 dico
1326 4192 1536 4251 captum
1563 4200 1593 4239 a
1630 4185 1737 4241 fera
1756 4189 1779 4241 ?
1931 4206 2018 4246 ne-

434 4266 539 4349 que
568 4256 609 4307 si
640 4254 781 4312 furto
804 4260 1038 4318 ablatum
1063 4268 1211 4336 quid,
1243 4281 1301 4326 ut
1325 4287 1467 4343 saepe
1489 4279 1767 4349 contingit,
1821 4281 1885 4335 ad
1921 4298 2017 4338 no-

439 4347 608 4448 titiam
632 4362 791 4448 ‘tuam
823 4363 1007 4420 venire
1032 4370 1213 4422 curavi
1246 4388 1258 4423 :
1289 4372 1381 4427 sed
1411 4390 1510 4442 ego
1535 4391 1629 4443 pro
1655 4377 1719 4431 iis
1758 4394 1875 4448 qua:
1902 4379 2012 4433 lur-

436 4442 530 4540 tim
562 4442 733 4499 ablata
764 4446 977 4508 fuerunt
997 4458 1246 4526 satisfeci,
1292 4464 1405 4517 sive
1433 4442 1659 4521 dicisive
1689 4442 1845 4525 nocte
1870 4472 2013 4525 acci-

434 4528 624 4630 disset.
678 4536 744 4590 Et
791 4555 910 4596 cum
960 4558 1120 4603 aestus
1166 4550 1434 4621 ﬂagraret,
1480 4556 1716 4613 ferebam
1757 4559 2010 4629 fortiter,

438 4622 687 4679 similiter
721 4639 776 4683 et
813 4630 976 4703 frigus
1023 4641 1215 4709 noctis,
1261 4655 1316 4698 ut
1367 4646 1517 4701 illaesi
1568 4661 2012 4708 conservarentur

433 4732 628 4790 greges
655 4724 727 4777 tui
760 4742 772 4777 :
802 4740 865 4781 ac
894 4743 997 4784 non
1025 4731 1126 4788 hoc
1151 4737 1322 4791 solum
1345 4780 1359 4802 ,
1406 4741 1500 4794 sed
1542 4752 1596 4796 et
1632 4744 1747 4811 ipse
1792 4759 2009 4802 somnus

393 4892 397 4896 λ
430 4818 897 4882 proptermultam
932 4836 1111 4880 curam
1142 4826 1448 4884 discedebat
1473 4833 1540 4887 ab
1567 4835 1735 4890 oculis
1766 4837 1919 4891 meis.

505 4902 749 4977 Increpat
780 4914 1081 4982 negligentes
1114 4920 1401 4975 animarum
1438 4935 1681 4993 pastores.
1711 4958 1783 4967 —
1820 4929 2006 4984 Vidisti

429 5001 659 5064 pastoris
683 5004 1004 5072 vigilantiam
1031 5008 1052 5060 ?
1073 5011 1248 5065 vidisti
1276 5014 1535 5071 intentum
1564 5019 1795 5074 studium
1816 5020 1838 5073 ἲ
1859 5021 2005 5087 Qua-

430 5088 535 5143 lem
581 5091 848 5151 habebunt
906 5103 1299 5158 excusationem
1340 5106 1411 5172 ii,
1484 5110 1676 5178 quibus
1723 5114 2006 5168 rationales

430 5194 619 5250 ςτθεθε
645 5186 829 5241 crediti
857 5198 996 5255 sunt,
1045 5208 1396 5265 magnamque
1424 5213 1531 5266 prce
1557 5214 1615 5253 se
1640 5201 1815 5255 lerunt
1841 5206 2005 5273 negli-

426 5275 656 5339 gentiam
688 5292 703 5329 :
736 5287 789 5332 et
813 5283 1066 5349 quotidie,
1113 5287 1401 5341 secundum
1458 5292 1791 5360 prophetam,
1842 5309 2003 5362 pecu-

428 5363 525 5418 des
552 5367 681 5422 alias
722 5383 953 5428 mactant
1001 5375 1021 5447 (
1039 5376 1224 5431 Ezech.
1253 5380 1339 5433 54.
1372 5380 1512 5452 5-6)
1556 5399 1568 5433 :
1600 5383 1732 5436 alias
1760 5400 1790 5437 a
1820 5384 2002 5441 bestiis

426 5464 609 5521 captas
634 5472 977 5521 contemnunt
1008 5486 1019 5520 :
1067 5470 1199 5525 alias
1229 5486 1359 5525 vero
1386 5472 1454 5526 ab
1481 5473 1585 5527 illis
1628 5484 1805 5543 raptas
1845 5475 1999 5530 redu-

429 5557 553 5600 cere
602 5565 704 5605 non
738 5568 926 5613 curant
970 5576 984 5618 :
1028 5564 1235 5617 tametsi
1285 5564 1461 5618 minor
1493 5566 1564 5619 sit
1592 5566 1760 5631 labor,
1795 5577 1849 5620 ct
1873 5582 2001 5622 cura

431 5634 673 5694 facilior?
717 5647 902 5704 Anima
927 5652 1069 5706 enim
1098 5664 1181 5710 est
1208 5671 1325 5725 qua:
1348 5657 1569 5712 docetur
1612 5674 1627 5711 :
1675 5657 1784 5713 illic
1821 5669 2003 5715 autem.

432 5725 623 5781 multus
646 5743 727 5785 est
751 5743 809 5790 et
828 5744 1065 5809 corporis
1089 5755 1143 5797 et
1167 5747 1358 5801 anima:
1386 5747 1554 5802 labor.

498 5815 548 5868 Ἰ.
594 5819 722 5879 Vide
745 5828 882 5883 enim
918 5832 1043 5900 quid
1072 5834 1230 5891 dicat.
1262 5835 1359 5891 Dic
1384 5840 1563 5894 urebar
1588 5850 1710 5894 casta
1733 5879 1748 5907 ,
1791 5852 1836 5895 et
1881 5844 1995 5912 gelu

1121 394 1178 451 S.
1218 393 1495 451 JOANNIS
1529 394 2009 453 CIIRYSOSTOMI
2046 397 2364 454 ARClllEP.
2404 399 2935 459 CONSTANTINOP.

3619 412 3724 467 505

2145 522 2307 573 nocte,
2357 522 2405 565 et
2433 512 2724 567 discedebat
2743 531 2950 570 somnus
2983 533 3014 569 a
3037 534 3134 570 me.
3165 518 3295 585 Quis
3320 521 3432 576 hmo
3463 539 3603 578 nunc
3633 542 3709 593 pn-

2144 612 2247 657 test
2274 603 2474 667 dicere,
2523 619 2583 659 se
2624 617 2839 674 promer
2875 622 3060 661 eorum
3092 610 3313 664 salutem
3354 629 3487 681 quos
3517 628 3724 683 pasett,

2142 704 2219 750 tot
2242 695 2379 751 ferre
2412 697 2620 751 labores
2654 707 2708 752 et
2748 700 3138 767 pericula‘tﬁt
3180 702 3281 757 hoc
3325 704 3540 773 quidem
3581 722 3725 760 nunc

2138 788 2317 841 nullus
2341 788 2517 843 dicere
2552 790 2727 844 audet.
2760 790 2923 845 Paulo
2944 805 3121 846 autem
3150 795 3245 847 soli
3277 795 3423 850 orbis
3468 797 3726 867 magistro

2138 878 2265 933 licet
2310 879 2409 935 hoc
2449 881 2673 936 ﬁdenter
2700 882 2900 950 dicere,
2931 895 3089 953 atque
3117 886 3197 939 bis
3228 888 3451 955 majora.
3501 889 3563 943 Et
3610 891 3717 955 ubi,

2138 970 2331 1040 inquis,
2357 970 2550 1026 Paulus
2576 972 2690 1027 haec
2717 974 3007 1028 sustinuit?
3050 974 3186 1029 Audi
3225 992 3345 1031 eum
3391 977 3659 1035 dicentem
3712 1000 3727 1033 :

2140 1061 2265 1126 Quis
2294 1064 2602 1131 infirmatur,
2630 1074 2678 1117 et
2712 1081 2802 1135 ego
2830 1082 2932 1119 non
2970 1066 3239 1134 infirmor?
3266 1069 3376 1138 quis
3394 1072 3721 1124 scandaliza-

2134 1162 2237 1215 tur,
2269 1163 2315 1208 et
2343 1170 2434 1224 ego
2461 1171 2559 1208 non
2588 1171 2707 1209 uror
2756 1157 2831 1225 (1.
2861 1156 2980 1211 Cor.
3010 1159 3098 1212 ll.
3124 1158 3263 1228 29)?
3308 1158 3353 1214 Ο
3391 1164 3620 1229 pastoris
3650 1164 3727 1217 di-

2136 1242 2451 1299 lectionem!
2501 1245 2705 1299 Alienati
2733 1248 2922 1313 ruinae,
2969 1247 3158 1317 inquit,
3204 1265 3355 1305 meos
3382 1252 3595 1307 dolores
3622 1269 3719 1307 au-

2133 1344 2280 1402 gent,
2304 1335 2474 1390 aliena
2513 1336 2757 1391 scandala
2801 1336 3072 1393 fornacem
3115 1338 3316 1393 doloris
3365 1343 3469 1395 mei
3495 1357 3721 1397 succen-

2134 1427 2285 1481 dunt.
2318 1427 2468 1482 llunc
2507 1443 2695 1485 omnes
2724 1430 3016 1497 imitentur,
3045 1431 3237 1501 quibus
3264 1433 3555 1488 rationales
3589 1450 3723 1489 oves

2134 1519 2455 1574 concredita:
2481 1530 2624 1586 sunt,
2671 1531 2727 1577 et
2769 1537 2839 1577 ne
2884 1523 3179 1579 deteriores
3209 1524 3337 1579 ﬁant
3362 1525 3456 1579 illo
3479 1526 3570 1594 qui
3594 1534 3718 1579 tan-

2135 1622 2202 1667 ta:
2227 1614 2280 1667 in
2310 1612 2479 1669 brutis
2524 1615 2816 1683 pecudibus
2863 1617 3225 1671 custodiendis
3267 1618 3551 1687 vigilantia:
3594 1616 3712 1684 fuit,

2134 1706 2291 1777 idque
2318 1717 2395 1762 tot
2422 1722 2682 1762 annorum
2717 1725 2956 1763 numero.
3006 1709 3073 1765 Et
3114 1709 3223 1765 illic
3266 1710 3499 1779 quidem,
3552 1711 3596 1764 si
3639 1711 3720 1764 in-

2126 1799 2277 1867 curia
2316 1798 2558 1867 quaedam
2611 1799 2885 1865 acciderit,
2932 1800 3133 1855 nullum
3174 1799 3466 1855 damnum:
3498 1801 3584 1854 hic
3618 1816 3718 1854 au-

2135 1866 2242 1951 tem
2290 1866 2440 1946 sive]
2482 1906 2584 1945 una
2635 1893 2748 1946 ovis
2800 1893 3069 1947 rationalis
3116 1895 3353 1961 perierit,
3382 1896 3517 1949 vela
3548 1895 3718 1949 bestia

2133 1982 2292 2035 fuerit
2338 1984 2508 2050 capta,
2558 1998 2719 2053 grave
2762 1982 3035 2049 damnum,
3085 1984 3372 2037 maximum
3416 1985 3716 2039 detrimen-

2132 2080 2265 2137 tum,
2315 2071 2597 2127 ineﬁ‘abilis
2649 2089 2824 2142 pinna.
2860 2072 2991 2127 Nam
3035 2074 3080 2127 si
3111 2075 3366 2129 Dominus
3394 2086 3575 2129 noster
3600 2090 3719 2128 san-

2130 2164 2345 2234 guinem
2393 2180 2545 2219 suum
2592 2165 2866 2234 proprium
2910 2165 3184 2220 eliundere
3215 2182 3311 2235 pro
3357 2167 3443 2220 illa
3478 2182 3585 2220 non
3614 2166 3715 2220 de-

2126 2254 2368 2319 clinavit,
2413 2269 2515 2323 qua
2546 2254 2699 2313 venia
2729 2254 2919 2324 dignus
2962 2254 3140 2320 fuerit,
3182 2256 3375 2324 quisic
3403 2254 3716 2310 honoratam

2130 2359 2161 2397 a
2200 2344 2424 2399 Domino
2452 2345 2729 2414 despicere
2756 2346 3003 2409 voluerit,
3053 2355 3106 2399 et
3148 2360 3253 2399 non
3276 2346 3452 2399 omnia
3476 2361 3593 2414 qua:
3620 2360 3715 2416 po-

2132 2446 2238 2493 test
2276 2438 2330 2492 in
2376 2437 2611 2492 curanda
2640 2439 2845 2492 ovicula
2888 2437 3296 2505 adimpleverit?
3347 2438 3610 2493 Caeterum
3650 2438 3715 2492 ad

2130 2530 2324 2585 seriem
2373 2531 2635 2585 sermonis
2676 2530 2979 2585 redeamus.
3006 2530 3096 2583 tu.
3128 2528 3201 2582 Hi
3222 2529 3369 2594 mihi,
3398 2529 3586 2598 inquit,
3639 2530 3715 2580 vi-

2128 2622 2256 2692 ginti
2295 2622 2433 2687 anni,
2492 2621 2673 2691 quibus
2715 2639 2829 2675 sum
2885 2622 2940 2675 in
2990 2624 3140 2675 domo
3188 2632 3295 2675 tua.
3375 2620 3569 2676 Serviui
3629 2622 3717 2674 tibi

2128 2712 2507 2783 quatuordecim
2531 2713 2677 2765 anuis
2720 2729 2811 2781 pro
2840 2712 3044 2779 filiabus
3072 2713 3188 2777 tuis,
3242 2723 3288 2766 et
3328 2730 3419 2766 sea:
3444 2713 3591 2765 annis
3621 2730 3714 2777 pro

2128 2804 2299 2858 auibus
2342 2805 2462 2867 tuis,
2498 2816 2544 2859 et
2570 2806 2820 2875 fraudasti
2866 2805 3138 2859 mercedem
3166 2822 3328 2860 meam
3353 2807 3521 2860 decem
3551 2823 3714 2875 agna-

2129 2897 2238 2949 bus.
2272 2895 2360 2951 42.
2411 2895 2479 2949 Et
2525 2898 2621 2951 nisi
2666 2896 2805 2949 Deus
2850 2899 3005 2965 patris
3049 2896 3146 2950 mei
3198 2897 3436 2958 Abrahae,
3483 2908 3532 2949 et
3574 2895 3715 2950 Deus

2128 2986 2279 3040 Isaac
2310 2988 2327 3019 ⁸
2370 2989 2543 3057 fuisset
2596 2988 2720 3039 milii
2766 2988 2988 3057 adjutor,
3034 3003 3169 3045 nunc
3208 2992 3337 3057 forte
3378 3005 3458 3040 me
3501 3005 3714 3041 uacuum

2127 3077 2417 3132 dimisisses.
2482 3075 2835 3131 Humilitatem
2887 3094 3049 3131 meam
3094 3088 3141 3131 ct
3189 3079 3411 3132 laborem
3468 3096 3712 3134 manuum

2126 3185 2350 3223 mearum
2374 3170 2495 3223 uidit
2524 3169 2677 3235 Deus,
2724 3180 2770 3223 et
2809 3172 2977 3241 arguit
3025 3181 3073 3225 te
3116 3170 3241 3224 lteri.
3282 3170 3411 3225 Vide
3442 3173 3712 3240 quomodo

2126 3276 2189 3315 ea
2219 3278 2336 3332 quae
2365 3262 2642 3317 confessus
2683 3273 2764 3316 est
2802 3261 3007 3322 Laban,
3058 3263 3359 3316 animarunt
3394 3262 3614 3331 justum,
3656 3274 3710 3317 ut

2126 3366 2246 3407 cum
2296 3351 2486 3406 ﬁducia
2539 3353 2683 3406 illum
2735 3351 3171 3421 reprehenderet.
3226 3351 3440 3416 Vidisti,
3492 3353 3708 3421 inquit,

2124 3444 2392 3514 quomodo
2423 3444 2607 3513 viginti
2653 3458 2912 3497 annorum
2942 3458 3162 3497 numero
3192 3444 3383 3496 servivi
3434 3443 3561 3509 tibi,
3614 3460 3710 3514 pro

2127 3537 2373 3603 ﬁliabus,
2423 3537 2821 3607 quatuordecim
2882 3536 3066 3599 annis,
3124 3535 3339 3603 reliquis
3388 3543 3567 3589 autem
3612 3552 3711 3604 pro

2125 3632 2313 3685 ovibus
2345 3648 2358 3682 :
2392 3639 2567 3684 tamen
2600 3630 2807 3698 privare
2834 3644 2920 3682 me
2957 3628 3169 3681 voluisti
3195 3627 3459 3693 mercede,
3501 3637 3557 3681 et
3598 3644 3709 3682 non

2127 3730 2180 3775 te
2216 3735 2376 3789 super
2420 3720 2522 3774 hoc
2564 3719 2755 3788 argui?
2798 3718 2989 3773 Verum
3044 3733 3113 3772 ex
3154 3717 3257 3771 illis
3303 3718 3452 3785 ipsis,
3491 3733 3611 3785 qure
3654 3728 3709 3771 ιιι

2123 3809 2398 3866 confessus
2423 3825 2501 3876 es,
2524 3812 2636 3865 scio
2689 3809 2828 3880 quod
2875 3808 2973 3861 nisi
3017 3808 3159 3862 Deus
3186 3807 3452 3861 Abraham
3479 3816 3534 3861 et
3562 3806 3709 3863 Isaac

2123 3904 2309 3959 fuisset
2344 3904 2473 3957 mihi
2511 3903 2751 3971 adjutor,
2802 3915 2941 3955 nunc
2990 3916 3075 3954 me
3120 3915 3344 3953 vacuum
3404 3899 3707 3954 dimisisses

2122 4007 2175 4051 et
2221 3995 2440 4061 nudum,
2478 3995 2653 4050 omnia
2706 3994 2841 4047 forte
2885 3992 3201 4046 abstulisses
3246 4007 3278 4045 a
3327 4007 3437 4055 me,
3487 4001 3545 4045 et
3570 3992 3707 4059 inju-

2122 4087 2340 4149 stitiam,
2369 4101 2527 4155 quam
2555 4098 2925 4153 propnsueras,
2963 4097 3125 4151 opere
3166 4082 3567 4150 eomplevisses.
3598 4082 3705 4136 Sed

2123 4182 2263 4235 Deus
2307 4181 2397 4250 qui
2427 4180 2527 4233 scit
2558 4178 2903 4231 Humilitatem
2941 4193 3103 4229 meam
3126 4186 3175 4229 et
3214 4176 3436 4230 laborem
3462 4192 3706 4229 manuum

2120 4290 2365 4327 mearum.
2426 4271 2560 4339 Quid
2604 4281 2723 4335 est,
2782 4270 3130 4324 Humilitatem
3169 4286 3330 4323 meum
3378 4281 3425 4325 et
3481 4272 3707 4325 laborem

2120 4382 2362 4419 manuum
2403 4363 2668 4416 mearum?
2715 4362 2995 4429 Quoniam,
3041 4363 3228 4431 inquit,
3272 4364 3371 4417 scit
3398 4363 3537 4417 Deus
3563 4379 3706 4432 quo-

2118 4456 2278 4512 modo
2311 4470 2410 4525 ego
2457 4469 2647 4524 magno
2688 4453 2861 4507 studio
2898 4453 3202 4525 servitutem
3244 4470 3415 4508 meam
3461 4454 3706 4524 perfece-

2120 4550 2256 4615 rim,
2322 4557 2376 4602 et
2424 4558 2675 4617 quantum
2740 4545 2976 4599 laborem
3042 4547 3421 4611 sustinuerim,
3474 4561 3702 4615 pascens

2117 4654 2264 4707 oves,
2315 4639 2403 4694 die
2447 4648 2711 4707 noctuque
2762 4636 2815 4690 in
2862 4637 3002 4690 curis
3050 4645 3296 4690 versatus
3333 4636 3440 4690 :ad
3474 4637 3587 4703 illa,
3616 4639 3701 4691 in-

2116 4748 2297 4802 quam,
2346 4731 2580 4800 respexit
2615 4730 2871 4799 benignus
2926 4728 3179 4782 Dominus
3218 4744 3337 4781 cum
3369 4728 3483 4783 heri
3523 4732 3702 4799 arguit

2118 4834 2198 4879 te:
2223 4826 2457 4878 coercuit
2486 4822 2789 4890 injustitiam
2819 4836 2975 4889 quam
3000 4821 3281 4875 adversum
3312 4836 3399 4875 me
3426 4823 3696 4888 struehas,

2113 4926 2168 4972 et
2213 4914 2597 4969 irrationabiles
2639 4922 2758 4966 tuos
2796 4920 3037 4965 conatus.
3101 4910 3243 4965 Satis
3292 4912 3464 4981 tetigit
3506 4912 3694 4966 defen-

2112 5005 2287 5060 dendo
2323 5021 2382 5059 se
2442 5004 2748 5066 Labanum,
2814 5013 2868 5055 et
2931 5009 3209 5069 postquam
3260 5002 3697 5070 reprehendisset

2112 5097 2255 5151 illius
2298 5098 2350 5149 in
2394 5110 2452 5150 se
2501 5094 2832 5162 injustitiam,
2894 5107 2990 5147 sua
3032 5093 3087 5146 in
3125 5092 3272 5146 illum
3312 5092 3570 5148 beneﬁcia
3600 5110 3694 5149 re-

2110 5186 2335 5242 censuit.
2361 5186 2481 5240 ldeo
2509 5186 2596 5239 ille
2621 5186 2945 5240 erubescens
2967 5183 3035 5239 de
3057 5184 3121 5239 iis
3140 5199 3257 5254 qua:
3282 5183 3515 5251 dixerat,
3550 5201 3693 5239 nunc

2110 5277 2163 5332 in
2195 5278 2437 5331 timorem
2458 5292 2640 5330 versus
2669 5283 2769 5339 est,
2794 5285 2849 5329 et
2875 5274 3072 5331 hedera
3094 5275 3229 5329 inire
3249 5274 3359 5328 vult
3376 5290 3496 5329 cum
3516 5276 3687 5343 justo.

2109 5370 2241 5424 Vide
2267 5369 2648 5439 providentiam
2675 5369 2789 5422 Dei.
2831 5370 2930 5433 Qui
2976 5377 3120 5421 tanto
3158 5369 3357 5436 impetu
3394 5368 3459 5421 ad
3503 5384 3689 5437 perse-

2108 5463 2374 5531 quendum
2403 5464 2625 5529 exierat,
2662 5470 2806 5517 tanto
2832 5463 3019 5515 timore
3048 5459 3268 5515 allectus
3302 5470 3403 5525 est,
3444 5471 3499 5515 ut
3523 5462 3591 5516 ab
3618 5477 3688 5515 eo

2109 5554 2303 5609 foedera
2329 5562 2608 5622 quicreret.
2636 5554 2725 5608 45.
2773 5551 3100 5620 Respondcns
3136 5563 3303 5605 autem
3326 5552 3519 5617 Laban,
3554 5555 3685 5607 dixit

2105 5645 2172 5697 ad
2194 5644 2350 5697 Jacob
2378 5661 2397 5697 :
2426 5643 2576 5699 Filia:
2601 5656 2719 5708 tuae,
2746 5646 2867 5710 ﬁlia
2893 5661 3013 5699 mea:
3040 5661 3058 5699 .'
3089 5656 3134 5697 et
3160 5646 3255 5713 filii
3287 5646 3379 5708 tui,
3421 5645 3516 5713 ﬁlii
3543 5645 3641 5697 mei
3664 5659 3683 5697 :

2104 5750 2151 5795 et
2198 5754 2379 5808 pecora
2416 5748 2523 5803 tua,
2571 5754 2751 5807 pecora
2802 5752 2912 5791 mea
2944 5752 2962 5789 :
2987 5748 3033 5791 et
3059 5739 3227 5791 omnia
3258 5753 3582 5808 quiscumque
3630 5748 3683 5791 tu

2166 5860 2179 5889 ¹
2207 5860 2353 5909 Coisl.
2380 5865 2431 5908 et
2458 5856 2603 5917 Bibl.,
2631 5862 2778 5906 metus
2801 5855 2983 5911 καθα,
3019 5854 3047 5900 ὁ
3072 5852 3215 5914 φόϐος
3249 5850 3431 5899 Ἰσαάκ.
