4038 6358
318 412 425 467 503

314 521 517 591 διὰτῆς
540 519 719 592 μάχης
733 524 833 592 τῆς
860 523 1068 587 οἰκείας
1087 524 1264 595 ψυχῆς
1293 524 1622 579 ἐπικαλύπτει
1638 525 1736 596 τὴν
1752 527 1878 596 ἀρε-

1328 413 1396 469 IN
1428 413 1582 470 CAP.
1620 413 1769 470 XXX
1802 412 2043 472 GENES.
2083 414 2314 474 HOMIL.
2355 417 2511 474 LVII.

3443 429 3547 483 500

1988 532 2298 599 καιόμενος
2319 533 2397 598 τῷ
2420 536 2691 603 καύματι,
2719 534 2817 589 καί
2835 535 2915 600 τῷ
2925 536 3156 605 παγετῷ
3175 538 3284 605 τῆς
3306 541 3546 606 νυκτὸς,

306 604 431 673 τήν.
485 604 546 688 Τί
567 602 633 656 τὸ
663 604 924 688 ἀδίκημά
955 624 1094 674 μου,
1118 607 1281 678 φησίν
1300 626 1314 673 ;
1334 607 1372 675 ἢ
1398 609 1454 661 τί
1479 610 1545 662 τὸ
1573 607 1883 677 ἁμάρτημά
1982 614 2080 667 καί
2096 615 2386 683 ἀφίστατο
2410 622 2443 671 ό
2467 602 2653 684 ὕπνος
2688 621 2787 673 ἀπ’
2812 620 2975 688 ἐμοῦ.
3001 602 3097 683 Τίς
3134 621 3201 674 ἂν
3233 602 3405 674 τοῦτο
3452 602 3549 677 νῦν

304 704 450 755 μου,
482 686 570 738 ὅτι
589 687 945 753 κατεδίωξας
968 690 1157 745 ὀπίσω
1166 707 1317 757 μου;
1342 690 1495 752 Τίνος
1511 691 1711 752 ἕνεκεν,
1728 692 1878 760 φησὶ,

310 768 453 837 μετά
470 768 735 837 τοσαύτης
754 771 928 840 ὁρμῆς
946 772 1275 838 κατεδίωξάς
1318 790 1384 843 με
1419 789 1433 836 ;
1468 774 1617 824 ποῖον
1638 773 1879 841 ἀδίκημα

306 851 561 917 ἐγκαλεῖν
578 852 712 921 ἔχων
734 869 748 915 ;
774 856 923 906 ποῖον
942 854 1247 925 ἁμάρτημα
1269 871 1283 917 ;
1314 855 1423 908 Καὶ
1439 856 1498 906 ού
1521 855 1678 924 μόνον
1697 857 1875 918 τοῦτο,

304 935 446 987 ἀλλά
475 937 569 987 καὶ
585 933 851 1005 τοσαύτην
893 935 1050 1006 ὓϐριν
1099 939 1232 1006 ἡμῖν
1268 939 1569 1007 ἐπήγαγες,
1599 937 1739 990 ὥστε
1784 939 1878 991 καὶ

303 1018 598 1088 ἐρευνῆσαι
624 1017 803 1071 πάντα
852 1018 920 1072 τά
967 1020 1024 1072 ἐν
1066 1019 1138 1089 τῷ
1162 1020 1296 1090 οίκῳ
1327 1038 1451 1089 μου.
1482 1021 1543 1074 Τί
1565 1016 1735 1088 εὗρες
1757 1020 1875 1077 ἀπὸ

302 1099 547 1157 πάντων
563 1100 800 1155 σκευῶν
826 1102 932 1158 τοῦ
957 1103 1126 1158 οἴκου
1154 1118 1270 1157 σου
1284 1121 1303 1167 ;
1327 1103 1437 1169 Θές
1461 1098 1577 1158 ὧδε
1599 1104 1876 1159 ἐναντίον

300 1182 425 1235 τῶν
437 1182 714 1251 ἀδελφῶν
740 1199 856 1239 σου
887 1185 1111 1239 καὶτῶν
1135 1186 1413 1255 ἀδελφῶν
1429 1205 1570 1255 μου,
1595 1186 1692 1241 καί
1717 1189 1876 1257 ἐλεγ-

300 1266 585 1330 ξάτωσαν
606 1268 721 1322 ἀνὰ
736 1268 931 1335 μέσον
958 1269 1077 1324 τῶν
1100 1270 1208 1324 δύο
1238 1271 1422 1337 ἡμῶν.
1456 1270 1753 1341 Τοσαύτην,
1772 1289 1874 1341 φη-

302 1350 413 1414 σιν,
450 1349 673 1420 ἔρευναν
696 1351 1080 1421 ποιησάμενος,
1098 1349 1205 1422 ἆρα
1228 1353 1494 1423 ἠδυνήθης
1507 1372 1557 1408 τι
1573 1355 1750 1420 εὑρεῖν
1767 1353 1871 1405 τῶν

301 1433 383 1503 μὴ
400 1433 781 1501 προσηκόντων
802 1451 889 1503 μοι
910 1452 924 1501 ;
947 1435 979 1505 ἢ
998 1434 1104 1487 τῶν
1118 1452 1197 1486 σοι
1215 1434 1595 1505 διαφερόντων;
1615 1437 1677 1489 El
1692 1431 1868 1505 εὗρες,

296 1516 361 1569 ἐν
383 1516 461 1584 τῷ
485 1516 634 1585 μέσῳ
651 1517 964 1587 παράγαγε,
1158 1517 1239 1571 ἵνα
1256 1519 1305 1570 οἱ
1337 1518 1585 1582 συνόντες
1606 1538 1695 1589 μοι
1714 1521 1807 1572 καὶ
1822 1521 1869 1572 οί

302 1598 446 1666 μετά
470 1598 563 1651 σοῦ
613 1600 1047 1670 παραγενόμενοι
1080 1600 1178 1670 τὴν
1198 1601 1469 1667 διάκρισιν
1513 1604 1869 1673 ποιήσωνται.

298 1679 525 1752 Ἐπειδὴ
548 1677 685 1734 εἶδεν
703 1682 995 1735 ἀνεύθυνον
1015 1682 1205 1735 ἐαυτὸν
1224 1685 1280 1735 ἐν
1298 1683 1469 1737 ἅπασι
1482 1686 1869 1755 γεγενημένον,

296 1764 504 1835 πολλὴν
551 1765 733 1818 λοιπὸν
768 1766 1080 1836 παρρησίαν
1117 1766 1438 1837 προσλαϐὼν
1482 1770 1871 1840 ἀπαριθμεῖται

297 1851 404 1918 τὴι
440 1848 675 1912 εὔνοιαν,
704 1849 772 1919 ήν
808 1850 936 1918 περὶ
968 1849 1131 1901 αὑτὸν
1152 1853 1210 1902 ἐν
1237 1852 1399 1904 παντὶ
1434 1852 1511 1922 τῷ
1536 1853 1713 1924 χρόνῳ
1765 1855 1867 1905 ἐπ-

292 1930 560 1995 εδείξατο,
590 1931 848 2001 καίφησι·
878 1932 1171 2001 Ταῦτάμοι
1193 1934 1426 1987 εἴκοσιν
1452 1936 1575 2003 ἐτη.
1604 1935 1758 1989 Μετὰ
1777 1935 1867 1990 τὸν

294 2012 548 2081 κάματον
577 2013 684 2065 τῶν
702 2013 973 2067 τοσούτων
994 2014 1132 2068 ἐτῶν
1160 2016 1384 2080 τούτων,
1400 2019 1547 2088 ήμην
1573 2018 1720 2083 ἄξιος
1737 2016 1869 2071 ταύ-

291 2110 396 2163 της
428 2095 528 2163 τῆς
563 2094 803 2165 ύϐρεως;
848 2094 1045 2149 Ταῦτά
1073 2116 1175 2166 μοι
1207 2098 1438 2153 εἴκοσιν
1473 2102 1597 2168 ἐτη.
1623 2103 1868 2172 Σήμερον

291 2178 503 2231 εἴκοσιν
523 2178 658 2231 ἐτῶν
674 2178 905 2248 ἀριθμὸν
920 2179 1029 2245 ἔχω
1060 2180 1217 2251 ἐντῷ
1250 2182 1382 2254 οίκῳ
1412 2183 1489 2254 τῷ
1517 2184 1613 2254 σῷ.
1639 2186 1715 2238 Τὰ
1734 2185 1870 2252 πρό-

288 2261 443 2315 ϐατά
458 2276 574 2314 σου
590 2261 685 2315 καὶ
700 2265 760 2316 αἱ
772 2259 934 2331 αἷτές
944 2278 1060 2317 σου
1080 2266 1189 2317 οὐκ
1212 2266 1653 2335 ὴτεκνώθησαν⁸
1669 2268 1869 2337 κριοὺς

289 2344 415 2397 τῶν
442 2346 751 2413 προϐάτων
763 2364 879 2400 σου
896 2350 965 2402 οὐ
994 2347 1329 2418 κατέφαγον
1346 2367 1358 2379 ·
1378 2351 1744 2418 θηριάλωτον
1758 2359 1869 2411 οὐκ

284 2427 477 2492 ἐνήνο
483 2428 561 2496 χά
576 2446 694 2483 σοι.
723 2429 863 2497 Ἐγὼ
877 2431 1238 2484 ἁπετίννυον
1250 2433 1383 2500 παρ’
1404 2433 1681 2501 ἐμαυτοῦ,
1698 2439 1869 2507 κλέμ·

281 2528 452 2578 ματα
466 2512 688 2580 ἡμέρας
709 2514 805 2565 καὶ
826 2512 1129 2581 κλέμματα
1151 2518 1393 2580 νυκτός.
1424 2518 1741 2585 Ἐγενόμην
1758 2520 1868 2588 τῆς

288 2594 521 2664 ἡμέρας
547 2596 979 2664 συγκαιόμενος
1025 2595 1105 2660 τῷ
1138 2598 1412 2665 καύματι,
1431 2599 1527 2650 καὶ
1543 2599 1621 2664 τῷ
1637 2601 1867 2669 παγετῷ

286 2676 403 2743 τῆς
432 2679 671 2744 νυκτὸς,
694 2679 791 2731 καὶ
806 2680 1098 2747 ἀφίστατο
1117 2683 1149 2733 ό
1168 2680 1358 2746 ὕπνος
1369 2682 1487 2735 ἀπὸ
1515 2682 1633 2735 τῶν
1644 2686 1868 2753 ὀφθαλ-

281 2761 422 2830 μῶν
436 2780 578 2829 μου.
611 2761 927 2826 Ἐπελάθου,
948 2764 1101 2833 φησὶ,
1130 2762 1236 2815 τῶν
1272 2766 1531 2833 καμάτων
1565 2766 1672 2818 τῶν
1691 2768 1863 2837 ἐμῶν,

288 2841 369 2899 ὧν
390 2846 749 2917 ἐπεδειξάμην
774 2849 1074 2917 ποιμαίνων
1089 2849 1157 2900 τά
1175 2848 1421 2918 πρόϐατά
1446 2867 1538 2901 σου
1559 2854 1760 2916 καὶτὰς
1783 2852 1867 2907 αἷ-

291 2946 398 2997 γας
421 2949 435 2995 ;
462 2933 552 3002 Μὴ
570 2932 709 3001 ἔχεις
729 2932 1023 3000 ἐγκαλέσαι
1041 2934 1119 2985 ὅτι
1146 2933 1273 2986 ποτὲ
1296 2934 1363 2986 τά
1376 2935 1639 3005 πρόϐατα,
1658 2937 1689 3007 ἢ
1708 2941 1760 2991 αί
1779 2935 1863 2992 αἶ-

289 3033 387 3083 γες
409 3017 830 3087 ὴτεκνώθησαν;
852 3019 992 3085 Ὅρα
1019 3018 1189 3086 πόσην
1214 3018 1453 3071 δείκνυσι
1470 3020 1566 3089 τήν
1585 3022 1735 3089 παρά
1763 3023 1859 3076 τοῦ

288 3099 427 3151 Θεοῦ
446 3099 657 3153 εὔνοιαν
674 3102 1047 3171 γεγενημένην
1066 3104 1144 3165 είς
1175 3101 1265 3154 10v
1292 3099 1438 3155 οἷκον
1457 3103 1549 3157 τοῦ
1568 3105 1752 3158 Λάϐαν
1774 3108 1861 3162 διὰ

289 3183 393 3251 τὴν
424 3184 587 3236 αὑτοῦ
621 3185 940 3255 παρουσίαν.
975 3184 1144 3237 Τοῦτο
1172 3187 1281 3258 γάρ
1312 3188 1457 3239 ἐστιν
1480 3189 1617 3259 ὅπερ
1641 3192 1735 3243 καὶ
1750 3191 1862 3245 ἄνω

289 3268 477 3335 ἔλεγεν
502 3284 515 3297 ⁸
535 3268 851 3337 Εὺλόγησέ
865 3286 935 3322 σε
954 3272 986 3323 ό
1015 3269 1158 3334 Θεὸς
1172 3270 1269 3321 ἐπὶ
1286 3270 1364 3334 τῷ
1380 3270 1518 3323 ποδί
1535 3288 1673 3340 μου.
1695 3274 1864 3328 Τοῦτο

292 3353 400 3423 γάρ
418 3352 592 3414 οὐδεὶς
609 3352 671 3405 ἂν
690 3353 838 3423 παρά
855 3353 1109 3423 ποιμένος
1120 3356 1631 3425 ἀπαιτήσειεν.ούδέ
1644 3357 1751 3429 γὰρ
1766 3360 1864 3431 τῆς

291 3436 657 3504 ποιμαντικῆς
679 3436 834 3489 τοῦτο
851 3436 1028 3506 ἔργονο
1051 3437 1264 3505 φύσεως
1278 3439 1385 3505 γάρ
1418 3440 1551 3492 ἐστι.
1577 3440 1674 3493 Διά
1705 3443 1863 3496 τοῦτο

292 3520 403 3590 πρὸ
419 3520 633 3571 πάντων
650 3519 807 3572 τοῦτο
835 3520 1143 3590 προτίθησι,
1168 3523 1259 3574 καὶ
1280 3522 1479 3593 πολλὴν
1498 3523 1735 3578 δείκνυσι
1762 3528 1862 3597 τὴν

291 3606 500 3661 ἀνωθεν
519 3605 885 3674 γεγενημένην
903 3605 1157 3675 πρόνοιαν
1171 3622 1236 3657 πε
1245 3606 1296 3675 ρὶ
1310 3606 1377 3658 τὰ
1396 3606 1484 3657 ποί
1491 3612 1859 3677 μνιαΚριοὺς

290 3689 413 3741 τῶν
428 3688 733 3756 προϐάτων
748 3705 863 3741 σου
879 3690 951 3740 οὐ
968 3688 1323 3757 κατέφαγον.
1339 3688 1428 3758 Μὴ
1446 3690 1667 3743 δύνασαι
1685 3694 1861 3746 εἰπεῖν

210 3836 211 3839 η
290 3776 374 3827 ὅτι
394 3773 524 3825 ποτὲ
546 3772 849 3839 κατέφαγον
872 3772 1021 3843 κριὸν
1038 3774 1101 3823 ἐκ
1118 3770 1227 3823 τῶν
1244 3772 1532 3841 προϐάτων
1554 3791 1668 3839 σου,
1683 3775 1711 3827 ὃ
1732 3777 1860 3830 πολ-

289 3856 403 3919 λοῖς
419 3868 442 3896 ιι
467 3856 572 3907 τῶν
596 3855 865 3923 ποιμένων
880 3858 1051 3907 ποιεῖν
1073 3854 1219 3919 ἐθος;
1246 3854 1620 3921 Θηριάλωτον
1638 3860 1748 3911 οὐκ
1763 3860 1861 3913 ἐν·

288 3939 486 4006 ήνοχά
516 3956 633 3992 σοι.
670 3938 806 3991 Οὔτε
840 3939 1021 4000 αὐτὸς,
1043 3940 1194 4008 φησὶ,
1228 3939 1355 3991 ποτὲ
1388 3939 1714 4009 κατέφαγον,
1736 3941 1859 3995 οὔτε

290 4024 477 4094 θηρίον
498 4023 682 4092 ἴσχυσέ
699 4038 826 4074 ποτε
840 4022 1152 4090 ἀφελέσθαι.
1166 4024 1222 4074 Μ
1228 4021 1262 4088 ὴ
1274 4022 1643 4091 ἐνήνοχάσοι
1660 4026 1861 4093 θηριά-

288 4113 514 4169 .1ωτον;
542 4106 611 4157 Ἣ
631 4106 751 4175 οὐχὶ
779 4107 898 4157 καθ’
913 4105 1146 4173 ἑκάστην
1167 4106 1379 4174 ἡμέραν
1399 4110 1523 4168 τοὺς
1542 4107 1610 4159 τά
1628 4107 1858 4177 ποίμνια

292 4190 762 4261 ἑγχειριξομένους
782 4189 911 4258 ὁρᾷς
934 4188 1244 4258 θηριάλωτα
1263 4191 1374 4250 τοῖς
1388 4189 1669 4252 δεσπόταις
1686 4208 1857 4261 προσ-

290 4277 553 4342 άγοντας;
590 4272 748 4325 Ἀλλά
769 4274 833 4324 σὺ
852 4272 1004 4324 οὐδὲν
1020 4270 1253 4324 τοιοῦτον
1269 4272 1559 4338 ἐγκαλέσαι
1578 4272 1800 4345 δυνήσῃ,
1822 4274 1855 4345 ἢ

290 4359 457 4424 δεῖξαι
476 4355 840 4427 γεγενημένον
860 4357 916 4408 ἐν
936 4357 1048 4418 τοῖς
1068 4355 1270 4407 εἴκοσιν
1298 4354 1460 4409 ἔτεσι.
1494 4356 1603 4408 K01
1627 4356 1678 4408 τί
1715 4356 1857 4425 λέγω

291 4441 654 4512 θηριάλωτον;
685 4438 822 4491 Ἀλλ’
838 4437 957 4489 οὐδέ
977 4440 1024 4490 εί
1046 4437 1256 4507 ἐκλάπη
1270 4440 1417 4502 ποτὲ,
1438 4432 1524 4489 οἶα
1544 4439 1857 4509 συμϐαίνειν

290 4526 458 4588 εἰκὸς,
479 4525 558 4586 είς
587 4525 685 4592 τὴν
716 4524 814 4592 σὴν
843 4520 1041 4589 γνῶσιν
1061 4522 1219 4574 τοῦτο
1238 4521 1392 4575 τοῦτο
1418 4523 1713 4593 πεποίηκα,
1741 4524 1855 4577 ἀλλ’

220 4658 228 4665 ,
292 4609 404 4677 ἐγὼ
431 4608 526 4659 καὶ
552 4606 839 4675 κλέμματα
869 4604 1207 4673 κλεπτόμενα
1234 4603 1570 4668 άπετίννυον,
1602 4606 1672 4659 τά
1703 4624 1762 4659 τε
1799 4610 1856 4660 ἐν

219 4682 225 4687 ⁷
289 4691 495 4762 ἡμέρᾳ,
517 4689 587 4742 τά
603 4705 662 4740 τε
690 4690 746 4739 ἐν
770 4688 923 4739 νυκτὶ
944 4687 1344 4755 γινόμενα.Καὶ
1364 4686 1624 4755 διηνεκῶς
1652 4688 1856 4742 καὶτὸν

286 4773 383 4826 τοῦ
404 4773 682 4842 καύματος
714 4770 963 4823 καύσωνα
992 4771 1183 4839 ἔφερον
1210 4768 1492 4837 γενναίως,
1510 4770 1708 4823 καὶτὸν
1726 4788 1857 4840 κρυ-

292 4861 391 4929 μὸν
419 4858 510 4909 τὸν
537 4857 646 4909 ἀπὸ
670 4856 770 4923 τῆς
800 4854 1011 4915 νυκτὸς,
1032 4853 1171 4921 ὑπὲρ
1201 4851 1297 4903 τοῦ
1330 4851 1538 4922 ἀϐλαϐῆ
1567 4869 1648 4904 σοι
1672 4853 1737 4906 τὰ
1749 4854 1859 4906 ποί-

291 4958 421 5011 μνια
442 4937 807 4994 διασώσασθαι
823 4953 838 4965 ⁸
857 4936 951 4989 καί⁵
971 4935 1032 4986 οὐ
1057 4935 1212 4986 τοῦτο
1230 4934 1408 5004 μόνον,
1428 4934 1564 4987 ἀλλά
1586 4935 1679 4987 καὶ
1696 4937 1858 4999 αὐτὸς

283 5028 315 5078 0
349 5024 515 5086 ὕπνος
542 5022 627 5075 διά
653 5023 755 5091 τὴν
774 5018 972 5089 πολλὴν
1002 5017 1256 5088 φροντίδα
1289 5017 1553 5085 ἀφίστατο
1579 5019 1674 5070 ἀπ’
1697 5019 1852 5089 ἐμοῦ.

355 5107 509 5170 Εἶδες
546 5105 800 5175 ποιμένος
838 5102 1172 5173 ἀγρυπνίαν;
1221 5098 1356 5166 εἶδες
1406 5103 1639 5171 σπουδὴν
1672 5105 1855 5156 ἐπιτει-

282 5192 557 5261 ταμένην;
600 5190 765 5242 Ποίαν
809 5189 875 5241 ἂν
916 5188 1088 5257 ἔχοιεν
1137 5186 1429 5253 ἀπολογίαν
1468 5186 1518 5239 οἱ
1556 5188 1624 5240 τὰ
1664 5188 1858 5256 λογικά

281 5276 513 5345 ποίμνια
546 5270 1026 5343 ἐγκεχειρισμένοι,
1066 5269 1159 5322 καὶ
1200 5269 1394 5339 πολλὴν
1438 5269 1535 5341 τὴν
1588 5271 1856 5342 ρᾳθυμίαν

280 5359 736 5429 ἐπιδεικνύμενοι,
779 5356 873 5409 καὶ
918 5355 1036 5407 καθ’
1066 5346 1301 5423 ἐκάστην
1326 5354 1567 5425 ἡμέραν,
1602 5356 1742 5407 κατὰ
1767 5356 1857 5408 τὸν

280 5446 591 5515 προφήτην,
620 5442 688 5494 τὰ
736 5441 832 5509 μέν
867 5438 1370 5505 κατασφάττοντες,
1414 5436 1481 5489 τὰ
1527 5437 1583 5489 δέ
1625 5438 1855 5509 ὁρῶντες

281 5526 628 5599 θηριόϐρωτα
662 5523 935 5592 γινόμενα,
968 5521 1033 5573 τά
1075 5520 1131 5572 δὲ
1166 5519 1267 5589 ὑφ’
1308 5518 1510 5589 ἐτέρων
1554 5520 1853 5591 συλώμενα,

276 5612 376 5665 καὶ
408 5607 659 5678 οὐδεμίαν
684 5604 1001 5675 κηδεμονίαν
1024 5602 1200 5655 αὐτῶν
1216 5601 1483 5655 ποιεῖσθαι
1510 5602 1818 5673 βουλόμενοι
1839 5622 1853 5665 ;

280 5695 459 5748 καίτοι
500 5709 564 5759 γε
601 5689 833 5742 ἐνταῦθα
864 5686 1102 5741 ἐλάττων
1145 5688 1173 5737 0
1205 5685 1383 5748 πόνος,
1435 5685 1529 5737 καὶ
1569 5684 1785 5747 εὔκολος
1822 5688 1855 5755 ἡ

277 5776 591 5847 ἐπιμέλεια.
625 5773 787 5842 Ψυχὴ
833 5771 941 5841 γάρ
974 5771 1120 5822 ἐστιν
1149 5770 1183 5838 ἡ
1213 5766 1601 5837 παιδευομένη·
1642 5768 1759 5819 ἐκεῖ
1799 5768 1855 5820 δὲ

280 5862 450 5923 ¹ιῑιςολὺς
477 5860 573 5913 καὶ
598 5858 675 5929 τῷ
694 5856 906 5926 σώματι
935 5856 1029 5906 καὶ
1074 5855 1140 5922 τῇ
1162 5853 1304 5921 ψυχῇ
1339 5851 1368 5902 0
1402 5851 1583 5912 πόνος.

351 5946 567 6016 ζ’.”ορα
581 5944 686 6014 γὰρ
701 5943 752 5993 τί
779 5957 963 6010 φησιν⁹
990 5938 1313 6006 Ἐγενόμην
1335 5935 1441 6004 τῆς
1459 5933 1678 6005 ἡμέρας
1696 5948 1846 6002 συγ-

350 6042 377 6079 ἓ
403 6042 481 6092 Sic
504 6038 646 6091 Coisl.
678 6037 920 6088 Edcbalur
955 6033 1164 6089 πολλούς.
1192 6031 1325 6082 lion.

1979 696 2229 768 δυνηθείη
2258 700 2282 738 δ
2309 703 2500 763 εἰπεῖν,
2527 703 2606 754 ὅτι
2643 702 2731 754 διὰ
2757 702 2855 772 τὴν
2890 703 3161 773 σωτηρίαν
3191 704 3299 757 τῶν
3330 705 3421 756 ὑπ’
3450 707 3547 757 αὑ-

1978 780 2074 832 τοῦ
2102 784 2534 853 ποιμαινομένων
2748 784 3326 851 κινδύνουςάνεδέξατο
3342 788 3434 841 καὶ
3453 806 3547 840 τα-

1979 861 2306 935 λαιπωρίας;
2326 867 2445 918 Τῶν
2466 868 2562 935 μὲν
2582 867 2674 921 νῦν
2691 868 2862 930 οὐδεὶς
2881 868 2945 921 ἂν
2960 869 3119 922 τοῦτο
3140 871 3312 923 εἰπεῖν
3339 871 3545 940 τολμή-

1980 961 2110 998 σειε.
2131 947 2392 1018 Παύλῳδὲ
2415 950 2559 1019 μόνῳ
2579 950 2752 1014 ἔξεστι
2771 950 2941 1003 ταῦτα
2966 955 3101 1019 μετὰ
3129 954 3440 1023 παρρησίας
3469 953 3547 1005 λέ-

1977 1043 2039 1094 γε
2049 1030 2214 1092 ιν,καὶ
2226 1031 2427 1085 τούτων
2444 1032 2765 1101 μείζονα,τῴ
2781 1033 3083 1102 διδασκάλῳ
3094 1038 3348 1105 τῆςοίκου
3356 1037 3542 1107 μένης.

1977 1109 2081 1164 Καὶ
2097 1111 2219 1177 ποῦ,
2234 1114 2387 1181 φησὶ,
2408 1114 2615 1176 Παῦλος
2629 1115 2801 1168 ταῦτα
2818 1116 3141 1185 ,ὑπέμεινενς
3164 1119 3361 1171 Ἀκουε
3377 1118 3545 1171 αὑτοῦ

1975 1192 2247 1261 λέγοντος·
2268 1198 2359 1263 Τίς
2374 1198 2634 1261 ἀσθενεῖ,
2654 1200 2749 1251 καὶ
2772 1201 2881 1252 οὐκ
2898 1201 3163 1264 ἀσθενῶ;
3182 1201 3269 1265 τίς
3289 1203 3547 1255 σκανδα-

1975 1276 2210 1342 λίζεται,
2231 1279 2328 1331 καὶ
2354 1281 2464 1333 οὐκ
2505 1281 2619 1349 ἐγὼ
2659 1281 2954 1351 πυροῦμαι
2966 1298 2986 1345 ;
3021 1284 3084 1335 Ὢ
3118 1284 3369 1352 ποιμένος
3398 1283 3546 1351 φιλο⁴

1978 1362 2220 1431 στοργία,
2243 1362 2322 1414 Τά
2350 1363 2567 1433 ἐτέρων,
2586 1366 2736 1435 φησὶ,
2754 1366 3019 1435 πτώματα
3035 1367 3157 1435 ἐμοὶ
3178 1367 3431 1419 ἐπιτείνει
3448 1368 3545 1431 τὰς

1974 1445 2291 1514 ἀλγηδόνας·
2310 1445 2375 1498 τά
2403 1448 2602 1516 ἐτέρων
2624 1448 2891 1501 σκάνδαλα
2918 1450 3039 1517 ἐμοὶ
3065 1450 3162 1518 τὴν
3186 1450 3415 1519 κάμινον
3446 1450 3541 1517 τῆς

1972 1528 2164 1597 ὀδύνης
2180 1530 2425 1582 ἀνάπτει.
2444 1530 2642 1583 Τοῦτον
2658 1532 2886 1595 ἅπαντες
2907 1531 3250 1601 ζηλούτωσαν
3266 1533 3314 1584 οἱ
3325 1533 3421 1601 τὴν
3437 1532 3545 1584 τῶν

1973 1610 2206 1678 λογικῶν
2235 1614 2521 1682 προϐάτων
2562 1616 3024 1684 ἐγκεχειρισμένοι
3072 1615 3424 1686 προστασίαν,
3448 1616 3545 1667 καὶ

1977 1694 2049 1763 μὴ
2073 1695 2286 1763 χείρους
2303 1696 2647 1763 γενέσθωσαν
2662 1697 2755 1749 τοῦ
2788 1699 2915 1765 περὶ
2940 1699 3038 1769 τήν
3063 1700 3170 1751 τῶν
3194 1698 3401 1765 ἀλόγων
3420 1698 3544 1767 πρό-

1974 1793 2120 1828 νοιαν
2136 1777 2397 1847 τοσαύτην
2417 1779 3158 1849 ἀγρυπνίανέπιδειξαμένου,
3186 1781 3281 1833 καὶ
3304 1781 3392 1833 ἐπὶ
3419 1798 3543 1833 τοσ-

1971 1856 2124 1911 οῦτον
2145 1859 2281 1911 ἐτῶν
2304 1859 2552 1929 ἀριθμόν.
2602 1862 2749 1913 Ἐκεῖ
2778 1863 2874 1932 μὲν
2908 1862 3015 1931 γὰρ
3045 1864 3148 1916 κᾶν
3182 1863 3420 1933 ῥᾳθυμία
3456 1879 3541 1924 τις

1972 1943 2384 2012 γένηται,ούδέν
2414 1945 2472 1997 10
2491 1945 2701 2013 βλάϐος·
2729 1946 2959 2000 ἐνταῦθα
2988 1948 3041 2001 δὲ
3064 1950 3167 2000 κᾶν
3190 1947 3245 2000 ἓν
3273 1947 3541 2018 πρόϐατον

1971 2025 2184 2091 λογικὸν
2204 2028 2489 2096 ἀπόληται,
2521 2029 2552 2098 ἦ
2585 2029 2915 2100 θηριάλωτον
2936 2032 3181 2100 γένηται,
3210 2030 3377 2101 πολλὴ
3397 2032 3429 2100 ή
3452 2029 3541 2098 ζησ

1972 2110 2090 2179 μία,
2115 2112 2396 2182 μεγίστηή
2440 2112 2633 2183 βλάϐη,
2652 2114 2900 2184 ἀφατοςή
2926 2115 3165 2177 κόλασις.
3190 2116 3252 2167 El
3278 2115 3384 2186 γὰρ
3410 2116 3541 2165 0A5-

1971 2194 2174 2264 σπότης
2200 2197 2227 2247 0
2253 2196 2514 2267 ἡμέτερος
2528 2197 2590 2248 10
2621 2191 2758 2265 αἷμα
2780 2197 2841 2249 τὸ
2863 2198 2989 2250 ἴδιον
3005 2199 3190 2267 ἐκχέαι
3218 2198 3354 2268 ὑπὲρ
3373 2197 3535 2251 αὐτοῦ

1966 2277 2029 2329 ού
2068 2280 2442 2349 παρῃτήσατο,
2487 2280 2645 2342 ποίας
2679 2279 2743 2331 ἂν
2765 2281 2847 2349 εἴη
2880 2282 2908 2332 ὁ
2930 2280 3167 2343 τοιοῦτος
3212 2280 3537 2350 συγγνώμης

1967 2359 2177 2423 ἀξιος,ὁ
2208 2360 2299 2413 τὸν
2331 2361 2471 2414 οὓτω
2498 2362 2792 2430 τιμηθέντα
2817 2362 2965 2433 παρὰ
2984 2358 3074 2415 τοῦ
3102 2363 3369 2415 Δεσπότου
3395 2380 3537 2431 παρ-

1967 2446 2098 2515 ορᾷν
2131 2445 2476 2514 ἀνεχόμενος,
2501 2447 2592 2498 καὶ
2616 2445 2689 2516 μὴ
2722 2445 2789 2498 τὰ
2810 2447 2940 2515 παρ’
2973 2447 3163 2499 ἑαυτοῦ
3196 2448 3369 2499 πάντα
3403 2446 3538 2516 πλη-

1972 2527 2078 2596 ρῶν
2106 2530 2186 2590 είς
2211 2528 2309 2597 τὴν
2336 2528 2430 2579 τοῦ
2458 2528 2726 2598 προϐάτου
2769 2529 3111 2597 ἐπιμέλειαν;
3162 2529 3301 2581 Ἀλλ’
3318 2529 3409 2581 ἐπὶ
3438 2529 3537 2599 τὴν

1967 2610 2285 2663 ἀκολουθίαν
2300 2610 2391 2662 τοῦ
2408 2610 2563 2677 λόγου
2588 2611 2990 2681 ἐπανέλθωμεν.
3012 2611 3199 2665 Ταῦτά
3208 2631 3328 2681 μοι,
3348 2612 3534 2681 φησὶν,

1966 2692 2199 2745 εἴκοσιν
2237 2693 2341 2759 ἐτη
2363 2692 2477 2761 εἰμὶ
2504 2693 2574 2745 ἐν
2594 2692 2668 2759 τῇ
2687 2695 2843 2759 οἰκίῃ
2863 2709 2996 2749 σου.
3044 2694 3412 2748 Ἑδούλευσά
3439 2711 3536 2747 σοι

1966 2774 2375 2842 δεκατέσσαρα
2395 2776 2497 2842 ἐτη
2512 2775 2643 2829 ἀντὶ
2660 2774 2777 2828 τῶν
2790 2775 2899 2829 δύο
2925 2777 3259 2846 θυγατέρων
3282 2794 3419 2840 σου,
3437 2778 3534 2829 καὶ

1964 2856 2033 2921 ἐξ
2057 2856 2165 2923 ἔτη
2180 2858 2247 2910 ἐν
2275 2856 2399 2921 τοῖς
2428 2857 2740 2925 προϐάτοις
2760 2874 2896 2917 σου,
2918 2859 3012 2911 καί
3036 2860 3411 2928 παρελογίσω
3429 2859 3539 2912 τὸν

1960 2942 2181 3011 μισθόν
2193 2957 2310 3010 μου
2330 2940 2473 2991 δέκα
2486 2939 2771 3008 ἀμνάδας.
2794 2944 2839 2995 Ε
2846 2944 2860 2993 ί
2876 2960 2921 3008 μ
2930 2940 2961 3008 ὴ
2983 2944 3015 2994 ό
3037 2941 3179 3007 Θεὸς
3196 2942 3299 2995 τοῦ
3316 2943 3537 3008 πατρός

1958 3041 2079 3093 μου
2118 3022 2380 3090 Ἀϐραὰμ,
2398 3021 2494 3075 καὶ
2517 3025 2548 3075 ό
2576 3025 2721 3086 Θεὸς
2758 3023 2959 3079 Ἰσαὰκ
2980 3019 3059 3093 ἣν
3084 3024 3210 3092 μετ’
3230 3023 3394 3092 ἐμοῦ,
3420 3024 3536 3077 νῦν

1964 3108 2041 3160 ἄν
2064 3124 2140 3176 με
2162 3107 2341 3159 κενὸν
2384 3105 2831 3171 ἐξαπέστειλας.
2875 3104 2991 3173 Τὴν
3030 3105 3390 3159 ταπείνωσιν
3415 3124 3535 3174 μου

1964 3189 2061 3242 καὶ
2091 3190 2196 3242 τὸν
2211 3192 2399 3241 κόπον
2442 3187 2561 3241 τῶν
2599 3188 2809 3256 χειρῶν
2826 3207 2943 3257 μου
2976 3185 3134 3242 εἶδεν
3164 3193 3194 3242 ό
3226 3190 3389 3254 Θεὸς,
3436 3186 3534 3241 καὶ

1962 3272 2182 3342 ἤλεγξέ
2217 3289 2290 3327 σε
2318 3271 2479 3341 χθές.
2500 3274 2639 3341 Ὂρα
2659 3272 2775 3335 πῶς
2804 3274 2870 3326 τά
2895 3273 3042 3344 παρά
3068 3272 3160 3326 τοῦ
3196 3273 3378 3328 Λάϐαν
3408 3274 3535 3343 ὁμο-

1963 3358 2258 3431 λογηθέντα
2288 3357 2665 3427 παρεθάρρυνε
2695 3358 2785 3410 τὸν
2800 3358 3024 3418 δίκαιον,
3052 3359 3145 3410 καὶ
3168 3358 3305 3428 μετά
3326 3360 3536 3427 παρρη-

1964 3443 2083 3505 σίας
2116 3442 2205 3493 τὸν
2234 3440 2452 3510 ἔλεγχον
2484 3444 2732 3494 ποιεῖται.
2758 3437 2935 3505 Οἶδας,
2957 3442 3299 3511 φησὶν,δπως
3331 3440 3438 3494 τῶν
3466 3442 3535 3494 είο

1960 3541 2112 3577 κοσιν
2142 3524 2278 3576 ἐτῶν
2300 3524 2388 3576 τὸν
2404 3521 2631 3592 ἀριθμὸν
2654 3524 2938 3576 ἐδούλευσά
2958 3541 3055 3587 σοι,
3077 3523 3216 3592 ὑπὲρ
3238 3522 3344 3575 τῶν
3370 3523 3535 3590 θυγα-

1959 3609 2133 3679 τέρων
2154 3624 2247 3659 σου
2262 3606 2331 3658 τὰ
2355 3607 2722 3676 δεκατέσσαρα
2745 3607 2931 3676 ἕτη,ἐν
2947 3607 3001 3658 δὲ
3023 3610 3130 3668 τοῖς
3157 3606 3445 3675 προϐάτοις
3465 3606 3534 3660 τὰ

1962 3691 2245 3745 ὑπόλοιπαο
2286 3691 2381 3743 καί
2424 3692 2571 3759 ὅμως
2618 3691 2985 3759 ἀποστερῆσαί
3031 3707 3097 3759 με
3144 3689 3411 3753 κατεδέξω
3441 3690 3532 3741 τὸν

1964 3773 2170 3844 μισθὸν,
2201 3774 2295 3826 καὶ¹
2323 3773 2471 3825 οὐδὲν
2503 3774 2642 3842 ὑπὲρ
2674 3772 2861 3824 τούτου
2892 3773 3215 3836 ἐνεκάλεσα;
3248 3771 3417 3825 Τοῦτο
3452 3772 3528 3837 δὲ,

1960 3856 2019 3920 ἐξ
2044 3851 2117 3909 ὧν
2144 3856 2304 3918 0510;
2345 3855 2723 3924 ὡμολόγησας,
2755 3852 2887 3919 οἶδα,
2911 3857 2990 3907 ὅτι
3018 3858 3067 3907 εἰ
3100 3856 3173 3925 μὴ
3212 3857 3240 3907 0
3267 3855 3395 3916 Θεὸς
3435 3853 3529 3905 τοῦ

1972 3937 2220 4008 ’Δϐραάμ
2247 3937 2340 3989 καὶ
2366 3936 2458 3989 τοῦ
2475 3938 2659 3988 Ἰσαάκ
2673 3932 2739 4007 ἦν
2775 3955 2863 4006 μοι
2895 3936 3103 4005 βοηθὸς,
3128 3936 3220 3989 νῦν
3246 3937 3310 3990 ἄν
3343 3953 3409 4005 με
3440 3953 3532 3988 κεο

1959 4023 2046 4075 νὸν
2069 4020 2472 4085 ἐξαπέστειλας,
2516 4019 2739 4089 ἔρημον,
2782 4021 2873 4071 καὶ
2904 4020 3081 4072 πάντα
3113 4020 3177 4073 ἂν
3200 4019 3404 4088 ἀφείλω
3433 4020 3543 4093 ἀπ’,

1959 4103 2115 4175 ἐμοῦ,
2138 4105 2230 4157 καὶ
2250 4103 2347 4174 τὴν
2379 4102 2613 4166 ἀδικίαν,
2642 4104 2708 4173 ἢν
2738 4103 2989 4173 προέθου,
3024 4105 3103 4166 εἰς
3124 4104 3279 4172 ἔργον
3310 4104 3374 4157 ἂν
3394 4104 3531 4173 ἤγα-

1958 4206 2072 4257 γες.
2112 4188 2247 4240 Ἀλλ’
2290 4189 2317 4239 ὁ
2346 4186 2477 4250 Θεὸς
2507 4190 2534 4240 0
2562 4186 2715 4250 εἰδὼς
2749 4191 2789 4240 Τ
2789 4187 2867 4253 ὴν
2896 4188 3256 4240 ταπείνωσίν
3278 4205 3398 4255 μου
3431 4186 3528 4240 καὶ

1960 4272 2066 4323 τὸν
2092 4272 2281 4324 κόπον
2306 4269 2423 4323 τῶν
2458 4269 2671 4338 χειρῶν
2692 4288 2829 4339 μου.
2851 4271 2916 4321 Τί
2943 4273 3077 4334 ἐστι,
3101 4269 3217 4337 Τὴν
3243 4270 3529 4322 ταπείνω-

1958 4356 2063 4409 σίν
2099 4372 2219 4423 μου
2249 4354 2347 4406 καὶ
2380 4353 2485 4406 τὸν
2522 4357 2713 4405 κόπον
2750 4351 2868 4405 τῶν
2896 4352 3107 4422 χειρῶν
3129 4368 3282 4422 μου;
3312 4352 3529 4422 Ἐπειδὴ

1959 4438 2114 4509 ᾔδειό
2139 4438 2289 4501 Θεὸς,
2326 4438 2476 4500 ὅπως
2519 4437 2616 4507 μὲν
2656 4435 2766 4505 ἐγὼ
2793 4439 2931 4504 μετά
2964 4437 3165 4507 πολλῆς
3190 4437 3286 4505 τῆς
3318 4438 3528 4500 εὐνοίας

1956 4522 2055 4592 τὴν
2087 4521 2329 4573 δουλείαν
2359 4520 2828 4590 ἐποιησάμην,καὶ
2844 4522 2931 4573 τὸν
2964 4521 3129 4574 κόπον
3157 4522 3280 4575 ὅσον
3306 4521 3529 4591 ὑπέμει-

1959 4623 2024 4659 να
2047 4605 2346 4674 ποιμαίνων
2378 4604 2445 4656 τά
2474 4603 2740 4674 πρόϐατα,
2772 4604 2864 4656 καὶ
2885 4606 2941 4655 ἐν
2970 4604 3151 4673 ἡμέρα
3175 4605 3269 4656 καὶ
3297 4605 3353 4656 ἐν
3375 4606 3528 4657 νυκτὶ¹

1957 4686 2255 4758 φροντίζων
2274 4686 2558 4750 διετέλουν,
2593 4687 2727 4756 πρὸς
2757 4688 2939 4738 ἐκεῖνα
2958 4687 3077 4739 ἰδὼν
3097 4689 3125 4739 0
3150 4686 3527 4757 φιλάνθρωπος

1957 4771 2226 4839 Δεσπότης
2252 4770 2376 4839 χθὲς
2409 4768 2600 4839 ήλεγξέ
2640 4786 2719 4831 σε,
2752 4769 2947 4838 ἐπέσχε
2976 4771 3073 4840 τῆς
3097 4770 3216 4822 κατ’
3246 4770 3377 4838 ἐμοῦ
3411 4771 3527 4822 ἀδι-

1962 4856 2083 4917 κίας
2110 4855 2202 4907 καὶ
2228 4854 2328 4922 τῆς
2356 4852 2638 4919 ἀλογίστου
2678 4854 2872 4923 ὁρμῆς.
2891 4853 3107 4916 Ὶκανῶς
3132 4854 3188 4904 ἐν
3218 4852 3366 4916 τάξει
3392 4855 3527 4906 ἀπο·

1956 4938 2139 5006 λογίας
2166 4936 2419 4990 καθίκετο
2446 4934 2541 4987 τοῦ
2582 4936 2787 4999 Λάϐαν,
2815 4937 2909 4989 καὶ
2940 4939 3076 5007 μετά
3105 4937 3166 4987 τὸ
3191 4936 3402 5003 ἐλέγξαι
3429 4936 3526 5006 τὴν

1956 5023 2033 5082 εἰς
2055 5020 2216 5071 αὑτὸν
2236 5018 2468 5081 ἀδικίαν,
2487 5019 2579 5071 καὶ
2611 5018 2708 5081 τὰς
2733 5021 2861 5089 παρ’
2890 5019 3051 5071 αὑτοῦ
3074 5020 3154 5081 είς
3184 5018 3343 5071 αὑτὸν
3371 5020 3525 5087 εύερ-

1955 5104 2143 5173 γεσίας
2178 5102 2617 5172 ἀπηριθμήσατο.
2643 5102 2732 5154 Διὸ
2758 5102 3021 5164 αἰδεσθεὶς
3064 5104 3268 5162 ἐκεῖνος
3298 5104 3366 5155 τά
3394 5104 3524 5173 παρ’

1954 5186 2118 5241 αὑτοῦ
2172 5185 2459 5256 εἰρημένα,
2494 5184 2680 5238 λοιπὸν
2721 5187 2812 5237 καὶ
2856 5186 2935 5248 εἰς
2962 5185 3159 5237 δειλίαν
3185 5185 3521 5250 καθίσταται,

1956 5273 2048 5325 καὶ
2078 5270 2349 5339 συνθήκας
2378 5269 2672 5337 ἀπαιτῆσαι
2705 5269 2950 5337 βούλεται
2982 5268 3130 5337 παρά
3160 5268 3251 5320 τοῦ
3290 5269 3518 5323 δικαίου.

1957 5355 2097 5427 Ὅρα
2118 5352 2251 5405 Θεοῦ
2272 5351 2617 5422 κηδεμονίαν.
2635 5352 2693 5403 '0
2715 5351 2855 5403 οὕτω
2882 5352 3410 5421 παρεσκευασμένος,
3430 5355 3521 5405 καὶ

1959 5440 2094 5511 μετὰ
2108 5437 2373 5505 τοσαύτης
2390 5436 2563 5506 ὁρμῆς
2582 5437 2678 5505 τὴν
2704 5436 3019 5500 καταδίωξιν
3050 5438 3429 5509 ποιησάμενος,
3443 5441 3520 5501 είς

1953 5523 2218 5592 τοσαύτην
2239 5521 2477 5591 κατέστη
2496 5521 2714 5584 δειλίαν,
2732 5522 2806 5583 ὡς
2818 5521 2914 5583 τὰς
2927 5522 3056 5591 παρ’
3070 5521 3231 5574 αὑτοῦ
3253 5523 3520 5592 συνθήκας

1956 5607 2248 5676 ἐπιζητεῖν.
2269 5604 2623 5669 Ἀποκριθεὶς
2639 5605 2748 5671 γὰρ
2771 5604 2990 5670 Λάϐαν,
3013 5604 3162 5676 [560]
3186 5606 3367 5675 φησὶν,
3390 5603 3519 5659 εἷπε

1955 5689 2034 5753 τῷ
2050 5687 2270 5742 Ἰακώϐ·
2284 5690 2355 5740 Αἱ
2385 5686 2697 5754 θυγατέρες
2711 5703 2847 5751 σου,
2865 5687 3176 5756 θυγατέρες
3194 5706 3333 5758 μου,
3346 5690 3445 5743 καὶ
3465 5692 3519 5743 οί

1954 5771 2071 5824 υἱοί
2098 5784 2235 5829 σου,
2266 5768 2385 5821 υἱοί
2398 5769 2649 5836 μου,καὶ
2670 5770 2741 5822 τὰ
2763 5770 2952 5838 κτήνη
2979 5783 3112 5835 σου,
3154 5771 3343 5839 κτήνη
3374 5790 3514 5841 μου,

1957 5852 2053 5906 καὶ
2072 5851 2265 5905 πάντα
2291 5852 2406 5905 ὅσα
2425 5851 2505 5904 σὺ
2534 5850 2696 5919 ὁρᾷς,
2721 5852 2832 5921 ἐμά
2858 5854 2987 5905 ἐστι
3012 5854 3107 5905 καὶ
3139 5851 3257 5906 τῶν
3280 5854 3515 5921 θυγατέ-

1947 5951 2072 6004 ρων
2100 5936 2310 6002 μουοτί
2333 5932 2563 5998 ποιήσω
2594 5936 2831 5999 ταύταις
2862 5933 3145 6003 σήμερον,
3186 5938 3223 6005 ἢ
3260 5936 3379 6001 τοῖς
3432 5936 3513 5987 τὲ-

2016 6028 2042 6067 b
2064 6027 2309 6078 Edubalur
2334 6031 2518 6091 δυνηθῇ.
2550 6030 2691 6079 Cuisl.
2718 6031 2942 6089 δυνηθείη,
2968 6030 3101 6079 Enn.
