4038 6358
523 415 630 471 305

522 549 692 598 κνοις
727 528 926 584 αὐτῶν
953 524 1075 591 τοῖς
1097 526 1426 592 τεχθεῖσινς
1461 525 1590 578 Οἶδα
1616 525 1698 577 ὅτι
1725 525 1817 575 καὶ
1845 524 1900 576 al
1933 523 2101 590 θυγα-

521 617 700 686 τέρες,
721 611 904 682 φησὶν,
939 608 1066 678 ἐμαί
1097 609 1224 669 είσι,
1263 608 1356 659 καὶ
1384 608 1557 660 πάντα
1589 607 1686 659 ὅσα
1726 605 1806 658 σοί
1840 607 2013 686 ἐστιν,
2039 606 2104 658 ἐκ

520 684 619 767 τῆς
636 694 915 766 ὑπάρξεως
943 695 1040 762 τῆς
1058 692 1195 761 ἐμῆς
1217 690 1573 761 προσεγένετό
1591 707 1692 742 σοι.
1715 691 1776 742 Τί
1792 684 1907 742 οὖν
1933 689 2104 754 ποιή-

519 797 609 835 σω
634 781 870 844 ταύταις
897 775 1182 845 σήμερον,
1209 776 1245 843 ῆ
1276 775 1400 840 τοῖς
1430 775 1529 827 ὐπ’
1585 773 1785 828 αὐτῶν
1812 773 2100 844 τεχθεῖσι;

519 863 648 918 Νῦν
669 863 865 928 δεῦρο,
909 859 1238 928 διαθώμεθα
1274 857 1571 924 διαθήκην
1600 856 1714 925 ἐγώ
1756 874 1819 909 τε
1856 857 1953 910 καὶ
1987 856 2092 919 σὺ,

520 946 621 999 καί
641 945 813 999 ἔσται
834 947 922 1008 είς
930 943 1254 1012 μαρτύριον
1267 941 1383 994 ἀνὰ
1393 941 1586 1010 μέσον
1603 939 1748 1007 ἐμοῦ
1768 955 1831 992 τε
1847 938 1943 991 καί
1960 937 2096 992 σοῦ.

517 1027 818 1100 Συνθήκας,
849 1026 1002 1096 φησὶ,
1041 1023 1416 1092 ποιησώμεθα,
1440 1022 1546 1077 Kal
1573 1023 1746 1076 ἔσται
1778 1023 2100 1090 είςμαρτύ-

515 1129 648 1180 ριον
682 1113 799 1167 ἀνὰ
813 1111 1008 1179 μέσον
1031 1108 1177 1178 ἐμοῦ
1210 1107 1308 1160 καὶ
1324 1107 1463 1168 σοῦ,
1494 1108 1572 1169 είς
1601 1106 1843 1176 ἔλεγχον,
1866 1109 1945 1168 είς
1963 1105 2099 1158 ἁπό-

515 1195 700 1260 δειξιν.
739 1191 872 1248 Εἷπε
908 1193 965 1246 δέ
997 1191 1142 1261 αὐτῷ
1162 1208 1174 1219 ·
1210 1191 1273 1242 Εῖ
1292 1207 1375 1252 τις
1399 1189 1708 1259 παραϐῆναι
1741 1189 1810 1241 τὰ
1841 1187 1936 1240 νῦν
1968 1187 2098 1258 παρ’

517 1279 674 1349 ήμῶν
720 1277 1057 1349 προταθέντα
1093 1275 1507 1344 ἐπιχειρήσειεν,
1558 1271 1702 1325 Ἰδοὺ
1738 1271 1940 1336 οὐδεὶς
1971 1272 2098 1340 μεθ’

517 1360 704 1431 ήμῶν·
734 1365 765 1413 ό
801 1360 868 1412 δὲ
895 1360 1038 1423 Θεὸς
1059 1357 1289 1426 μάρτυς
1305 1355 1420 1409 ἀνὰ
1441 1355 1634 1424 μέσον
1664 1354 1808 1423 ἐμοῦ
1835 1354 1931 1406 καὶ
1957 1353 2096 1408 σοῦ.

592 1445 866 1515 η’.Σκόπει
892 1443 1008 1506 πῶς
1029 1442 1168 1494 κατά
1192 1441 1383 1510 μικρὸν
1405 1443 1432 1493 6
1447 1440 1629 1493 Λάϐαν
1650 1440 1741 1493 καὶ
1762 1441 1839 1501 εἰς
1869 1438 2097 1502 θεογνω-

520 1529 640 1582 σίαν
663 1529 932 1596 ἐνάγεται.
951 1528 1008 1579 Ὀ
1024 1525 1131 1595 γὰρ
1149 1523 1246 1594 τὴν
1268 1522 1472 1594 κλοπήν
1503 1522 1608 1593 πρὸ
1633 1521 1820 1574 τούτου
1837 1521 1944 1572 τῶν
1960 1521 2098 1574 θεῶν

517 1612 684 1666 αὐτοῦ
713 1612 986 1682 ἐπιφέρων
1039 1609 1117 1677 τῷ
1169 1606 1386 1673 δικαίῳ,
1437 1606 1529 1658 καὶ
1578 1605 1844 1675 τοσαύτην
1873 1604 2098 1673 ἔρευναν

518 1694 902 1764 ποιησάμενος,
934 1692 1028 1746 νῦν
1080 1707 1241 1761 φησιν
1262 1705 1275 1718 ⁸
1319 1688 1532 1759 Ἐπειδὴ
1552 1689 1723 1750 οὐδείς
1748 1691 1864 1742 ἐστι
1895 1687 2097 1758 μεταξὺ

517 1776 674 1847 ήμῶν
702 1780 730 1830 6
754 1777 1071 1846 δυνάμενος,
1100 1775 1151 1826 εί
1175 1790 1228 1825 τι
1265 1770 1403 1841 μετά
1434 1771 1607 1824 ταῦτα
1637 1771 1850 1839 γένοιτο
1880 1783 1927 1834 ⁸,
1955 1787 2097 1842 μαρ-

515 1858 751 1928 τυρῆσαι
776 1863 886 1921 τοῖς
919 1857 1014 1911 νῦν
1047 1856 1175 1926 παρ’
1199 1853 1356 1923 ήμῶν
1382 1854 1710 1922 γινομένοις,
1740 1855 1768 1907 ό
1791 1854 1923 1916 Θεὸς
1960 1854 2099 1924 μάρ-

513 1961 614 2006 τυς
637 1943 739 1996 ἀνᾰ
779 1943 940 2012 μέσον
972 1941 1105 2009 ἐμοῦ
1132 1941 1226 1992 καὶ
1261 1939 1374 1992 σοῦ.
1394 1939 1630 2000 Ἐκεῖνος
1660 1938 1943 2008 πάρεστιν,
1973 1939 2002 1989 6
2030 1937 2098 1989 τὰ

517 2026 695 2080 πάντα
720 2025 882 2095 ὁρῶν,
917 2023 976 2076 ὃν
1023 2023 1173 2075 οὐδὲν
1205 2023 1387 2075 λαθεῖν
1404 2021 1648 2083 δύναται,
1684 2023 1712 2074 6
1743 2019 1842 2089 τήν
1868 2019 2097 2072 ἑκάστου

516 2107 742 2178 γνώμην
759 2106 1133 2174 ἐπιστάμενος.
1150 2104 1361 2159 Λαϐὼν
1385 2103 1472 2165 δὲ,
1492 2120 1566 2172 φη
1576 2103 1680 2163 σίν,
1697 2101 2096 2170 Ἰακὼϐἐστη-

514 2206 590 2245 σε
609 2190 870 2256 στήλην,
913 2187 1010 2238 καί
1038 2187 1288 2253 ἐποίησε
1323 2187 1579 2250 βουνὸν,
1608 2187 1707 2239 καὶ
1738 2185 1964 2254 ἔφατον
1998 2185 2097 2237 ἐπὶ

514 2271 620 2326 τοῦ
631 2265 885 2336 βουνοῦ.
906 2262 1048 2319 Εἶτα
1071 2261 1242 2319 εἶπεν
1257 2265 1416 2330 αὑτῷ
1437 2264 1656 2318 Λάϐὰν·
1675 2266 1736 2317 '0
1751 2263 1980 2329 ,ϐουνὸς
1995 2259 2097 2318 οὗ-

513 2369 618 2418 τος
643 2349 931 2419 μαρτυρεῖ
951 2348 1066 2402 ἀνὰ
1080 2346 1274 2415 μέσον
1302 2347 1447 2414 ἐμοῦ
1477 2347 1575 2400 καὶ
1597 2346 1732 2400 σοῦ.
1750 2348 1812 2400 Τί
1846 2361 2012 2408 εστιν,
2043 2346 2097 2398 '0

511 2433 741 2500 βουνὸς
757 2427 937 2496 οὗτος
951 2449 968 2494 ;
983 2430 1128 2483 Ἀντὶ
1146 2429 1263 2493 τοῦ,
1286 2430 1352 2482 τά
1370 2432 1589 2500 ῥήματα
1617 2429 1684 2482 τὰ
1708 2429 1940 2483 ἐνταῦθα
1955 2429 2098 2496 γινό-

518 2535 655 2590 μενα
679 2520 736 2570 ἐν
764 2516 842 2585 τῷ
868 2515 1039 2585 βουνῷ
1068 2513 1240 2581 τούτῳ
1260 2513 1564 2583 ὑπόμνησις
1594 2515 1723 2583 ήμῖν
1753 2513 2096 2583 ἔσταιδιηνε-

515 2600 649 2663 κῶς.
691 2599 799 2654 Kal
833 2597 1092 2651 ἐκάλεσε
1140 2598 1206 2650 τὸ
1247 2596 1433 2663 ὄνομα
1485 2596 1592 2649 τοῦ
1621 2596 1828 2657 τόπου,
1868 2596 2098 2661 Βουνὸς

513 2684 859 2754 μαρτυρίου.
878 2677 1010 2734 Εἶτά
1045 2693 1227 2750 φησιν·
1271 2678 1496 2731 Ἐπίδοι
1521 2681 1554 2730 ό
1591 2678 1736 2743 Θεὸς
1756 2677 1872 2731 ἀνὰ
1898 2678 2096 2746 μέσον

511 2765 660 2834 ἐμοῦ
683 2764 783 2818 καὶ
807 2763 945 2817 σοῦ.
973 2763 1172 2816 Σκόπει
1202 2760 1317 2823 πῶς
1347 2760 1508 2814 πάλιν
1541 2759 1638 2830 τήν
1668 2761 1818 2830 παρά
1846 2762 1940 2813 τοῦ
1961 2759 2096 2812 Θεοῦ

511 2853 670 2922 δίκην
707 2848 1046 2904 ἐπικαλεῖται
1077 2849 1106 2899 6
1155 2847 1360 2902 Λάϐαψ
1405 2847 1630 2900 Ἐντίδοι
1670 2846 1800 2915 γάρ,
1842 2848 2027 2917 φησὶν,
2061 2850 2094 2900 ό

517 2935 662 3000 Θεὸς
696 2933 812 2988 ἀνὰ
822 2931 1016 3001 μέσον
1038 2931 1186 2999 ἐμοῦ
1216 2929 1313 2982 καὶ
1338 2929 1478 2991 σοῦ,
1511 2929 1599 2981 ὅτι
1629 2929 2098 2998 ἀποστησόμεθα

511 3017 714 3086 ἔτερος
742 3015 845 3070 τοῦ
877 3015 1104 3082 ἐτέρου.
1141 3013 1278 3078 Νῦν,
1310 3012 1467 3083 φησὶ,
1503 3011 1976 3082 χωρισθησόμεθα,
2007 3012 2098 3065 καὶ

517 3102 581 3154 σὺ
615 3100 712 3170 μὲν
741 3097 1020 3168 ἁπελεύσῃ
1064 3097 1144 3158 εἰς
1167 3096 1266 3164 τὴν
1295 3095 1500 3147 οἰκείαν
1523 3094 1646 3163 γῆν,
1701 3093 1811 3161 ἐγὼ
1841 3093 1899 3146 δὲ
1928 3094 2096 3147 ἐπάν--

516 3182 806 3252 ἐλεύσομαι
825 3184 902 3242 εἰς
929 3181 1020 3232 τὸν
1037 3174 1185 3231 οἷκον
1215 3178 1303 3230 τὸν
1319 3176 1471 3247 ἐμόν.
1490 3178 1559 3228 El
1580 3174 1962 3242 ταπεινώσεις
1993 3175 2098 3241 τὰς

515 3264 842 3333 θυγατέρας
876 3280 1016 3331 μου,
1066 3263 1119 3314 εί
1166 3261 1374 3324 λάϐοις
1437 3257 1726 3328 γυναῖκας
1773 3258 1923 3326 πρὸς
1968 3257 2098 3324 ταῖς

517 3345 840 3417 θυγατράσι
856 3362 994 3413 μου,
1011 3342 1140 3410 ὅρα,
1154 3341 1351 3407 οὐδεὶς
1365 3341 1493 3411 μεθ’
1510 3341 1678 3410 ήμῶν
1693 3341 1906 3394 ἐστινό
1922 3339 2094 3408 όρῶνο

519 3431 665 3496 Θεὸς
685 3428 934 3498 μάρτυς.
965 3425 1296 3490 Σκόπειπιῖκ
1326 3425 1421 3479 καὶ
1450 3423 1594 3491 ἅπαξ
1621 3424 1714 3477 καὶ
1735 3423 1983 3495 δεύτερον
2003 3423 2099 3477 καὶ

518 3513 778 3574 πολλάκις
809 3511 901 3564 τὸν
939 3510 1075 3563 Θεὸν
1103 3511 1259 3564 καλεῖ
1313 3510 1584 3580 μάρτυρα.
1612 3508 1721 3560 Καὶ
1751 3507 1860 3579 γὰρ
1893 3509 1926 3577 ἡ
1961 3507 2098 3578 πρό-

515 3613 633 3650 νοια
655 3596 687 3666 ή
712 3595 840 3665 περὶ
865 3594 956 3646 τὸν
983 3591 1176 3645 Ἰακὼϐ
1198 3592 1537 3662 γεγενημένη
1567 3591 1885 3643 ἐπαίδευσεν
1914 3589 2094 3655 αὑτὸν,

515 3680 614 3752 ὅση
649 3677 743 3732 τσῦ
785 3675 1056 3729 Δεσπότου
1097 3676 1131 3745 ή
1163 3675 1408 3744 δύναμις,
1437 3675 1529 3726 καὶ
1556 3673 1633 3736 ώς
1665 3675 1763 3742 οὐχ
1803 3669 1911 3726 οἷόν
1942 3673 2001 3726 τέ
2041 3689 2094 3725 τι

515 3763 698 3816 λαθεῖν
717 3760 808 3812 16v
836 3758 1133 3828 ἀκοίμητον
1161 3756 1457 3825 ὀφθαλμόν.
1479 3755 1576 3809 Διά
1600 3755 1756 3808 τοῦτό
1777 3773 1910 3825 φησι
1932 3769 1947 3786 ⁸
1979 3754 2098 3809 Κᾶν

515 3842 984 3914 διαχωρισθῶμεν,
1015 3840 1116 3894 κᾶν
1145 3839 1329 3911 μηδεὶς
1357 3839 1542 3910 ἕτερος
1573 3839 1600 3890 6
1631 3837 1980 3908 μαρτυρῆσαι
2007 3836 2098 3889 δυ-

515 3928 767 4000 νάμενος,
799 3925 957 3986 αὐτὸς
1003 3923 1151 3975 ἔσται
1185 3922 1392 3994 μάρτυς
1417 3923 1444 3974 6
1472 3920 1746 3990 πανταχοῦ
1775 3919 1964 3990 παρών
1984 3933 2000 3951 ⁵
2030 3920 2097 3972 δι’

501 4013 750 4076 ,ἑκάστου
793 4009 902 4062 τῶν
949 4007 1210 4076 ῥημάτων
1244 4005 1535 4074 ἐνέφηνεν,
1561 4004 1644 4056 ὅτι
1679 4004 1778 4072 τῆς
1822 4003 2095 4073 πανταχοῦ

516 4095 618 4166 γῆς
635 4095 752 4146 ἐστι
776 4089 1070 4158 Δεσπότης.
1088 4089 1195 4142 Kal
1209 4083 1377 4140 εἶπεν
1405 4085 1611 4140 Ἰακώϐ
1628 4102 1641 4114 ·
1671 4084 1822 4138 Ἰδοὺ
1842 4087 1879 4153 ή
1898 4083 2095 4153 στήλη

516 4177 666 4243 αὕτη
695 4171 1002 4244 μαρτυρεῖ.
1033 4167 1178 4227 Εἶτα
1201 4169 1387 4223 πάλιν
1413 4171 1449 4221 ό
1473 4170 1673 4222 Λάϐαν
1692 4169 1883 4235 φησίν
1900 4183 1914 4198 ·
1955 4166 2100 4221 Ἐάν

518 4273 583 4310 τε
612 4261 720 4324 γάρ
750 4252 865 4322 ἐγὼ
883 4251 971 4321 μὴ
1017 4248 1198 4303 διαϐὦ
1237 4248 1387 4317 πρὸς
1425 4245 1522 4309 σὲ,
1562 4244 1717 4315 μήτε
1761 4245 1842 4299 σὺ
1889 4245 2097 4314 διαϐῇς

518 4337 670 4406 πρὸς
717 4339 821 4405 ἐμὲ
863 4334 970 4387 τὸν
1011 4331 1247 4397 βουνὸν
1295 4331 1513 4384 τοῦτον
1551 4327 1646 4380 και
1698 4327 1812 4395 τὴν
1857 4328 2098 4397 στήλην

519 4423 746 4488 ταύτην
785 4417 884 4471 ἐπὶ
926 4417 1122 4481 κακίᾳ,
1157 4418 1190 4468 ό
1238 4412 1385 4477 Θεὸς
1438 4412 1714 4480 Ἀϐραὰμ,
1753 4411 1851 4464 καὶ
1881 4414 1915 4464 ό
1953 4411 2098 4477 Θεὸς

519 4503 734 4573 Ναχὼρ
764 4503 955 4570 κρίνοι
979 4500 1096 4554 ἀνὰ
1117 4498 1312 4568 μέσον
1340 4494 1526 4566 ήμῶν.
1551 4495 1659 4547 Θέα
1692 4494 1810 4558 πῶς
1839 4495 1976 4565 μετὰ
2002 4495 2095 4549 τοῦ

525 4587 730 4658 πατρὸς
760 4584 968 4638 καὶτὸν
1000 4585 1223 4637 πάππον
1246 4581 1336 4634 τὸν
1366 4579 1561 4632 ἑαυτοῦ
1595 4578 1850 4648 συνῆψεν,
1869 4579 2097 4647 ἀδελφὸν

527 4673 624 4742 μὲν
654 4669 748 4724 τοῦ
777 4668 1114 4738 πατριάρχου
1147 4665 1503 4734 τυγχάνοντα,
1541 4662 1734 4715 ἑαυτοῦ
1761 4661 1819 4715 δὲ
1852 4662 2091 4716 πάππον.

533 4752 598 4807 '0
631 4752 776 4817 Θεὸς
823 4749 1097 4817 Ἀϐραὰμ,
1125 4747 1223 4801 καὶ
1266 4751 1297 4800 ό
1324 4747 1470 4812 Θεὸς
1515 4746 1727 4814 Ναχώρ
1759 4744 1949 4811 κρίνοι
1980 4744 2096 4798 ἀνὰ

521 4837 716 4907 μέσον
739 4833 927 4902 ήμῶν.
952 4833 1057 4886 Kal
1089 4830 1324 4898 ὤμοσεν
1357 4827 1566 4882 Ἰακὼϐ
1590 4827 1739 4880 κατὰ
1775 4827 1879 4880 τοῦ
1907 4829 2094 4895 φόϐου

524 4921 632 4975 τοῦ
659 4918 882 4985 πατρὸς
911 4915 1094 4970 αὐτοῦ
1121 4915 1335 4973 Ἰσαὰκ.
1359 4910 1507 4983 [561]
1540 4912 1636 4964 καί
1662 4912 1844 4964 ἔθυσε
1877 4912 2096 4964 θυσίαν

523 5005 596 5059 ἐν
633 5001 714 5066 τῷ
758 5001 909 5068 ὄρει,
959 4999 1056 5051 καὶ
1093 4995 1350 5049 ἐκάλεσε
1389 4993 1530 5057 τοὺς
1557 4992 1859 5060 ἀδελφοὺς
1885 4993 2092 5054 αὑτοῦ,

525 5086 625 5140 καὶ
671 5084 897 5152 ἔφαγον
940 5080 1036 5134 καί
1076 5080 1276 5140 ἔπιον,
1333 5076 1430 5130 καὶ
1470 5076 1879 5144 ἐκοιμήθησαν
1910 5074 1980 5126 ἐν
2015 5075 2095 5140 τῷ

527 5168 667 5236 ὄρει.
690 5169 906 5220 ’Έθυσε
929 5162 1148 5219 θυσίαν
1167 5162 1237 5213 ἐν
1257 5157 1334 5224 τῷ
1357 5159 1506 5226 ὄρει·
1527 5156 1916 5230 ηὐχαρίστησε,
1939 5159 2092 5226 φησὶ,

526 5251 605 5320 τῷ
637 5249 756 5318 Θεῷ
785 5249 876 5300 ἐπὶ
908 5250 1019 5308 τοῖς
1045 5243 1323 5314 γεγονόσι·
1359 5242 1466 5295 Kal
1493 5241 1738 5310 ἔφαγον,
1771 5240 1870 5292 καὶ
1901 5241 2093 5304 ἔπιον,

527 5332 626 5388 καί
649 5331 1056 5399 ἐκοιμήθησαν
1089 5329 1158 5380 ἐν
1190 5325 1268 5391 τῷ
1298 5325 1437 5393 ὄρει.
1482 5323 1772 5386 Ἀναστὰς
1805 5322 1872 5374 δὲ
1895 5323 2097 5375 Λάϐαν

525 5415 608 5480 τῷ
648 5415 797 5482 πρωῒ
819 5413 1196 5480 ,κατεφίλησε
1237 5408 1377 5472 τοὺς
1419 5405 1586 5472 υἱοὺς
1619 5405 1824 5469 αὐτοῦ,
1859 5405 1956 5458 καὶ
1989 5404 2096 5472 τὰς

526 5500 852 5569 θυγατέρας
899 5495 1114 5556 αὐτοῦ,
1165 5491 1264 5545 καὶ
1310 5492 1647 5558 εὐλόγησεν
1701 5489 1940 5569 αὐτούς.
1985 5489 2095 5542 Kal

529 5568 934 5647 ἀποστραφεὶς
972 5578 1173 5631 Λάϐαν
1207 5573 1481 5641 ἀπῆλθεν
1518 5575 1605 5638 είς
1638 5571 1744 5625 τὸν
1775 5568 1942 5624 οἷκον
1986 5574 2094 5624 αὺ-

529 5663 656 5717 τοῦ.
699 5659 869 5726 Εἶδες,
899 5660 1169 5729 ἁγαπητὲ,
1207 5658 1346 5726 πόση
1377 5655 1468 5709 τοῦ
1499 5653 1634 5708 Θεοῦ
1680 5657 1715 5726 ή
1745 5654 1924 5723 σοφία,
1949 5655 2096 5715 ὅπως

532 5747 672 5802 κατά
697 5747 887 5798 ταύτὸν
924 5746 1025 5798 καὶ·
1044 5745 1140 5812 τὴν
1190 5743 1316 5812 περὶ
1349 5741 1440 5794 τὸν
1480 5740 1681 5794 δίκαιον
1716 5738 1970 5810 πρόνοιαν
1999 5739 2095 5790 271-

595 5864 622 5893 ⁸
643 5862 726 5912 Sic
744 5861 872 5910 bene
897 5863 1035 5913 Cois}.
1065 5859 1308 5910 Edcbalur
1331 5861 1536 5919 γένηται.
1564 5859 1694 5908 Enn.

1193 408 1251 463 S.
1285 406 1568 464 JO.\NNIS
1600 405 2092 463 CIIRYSOSTOMI
2127 403 2444 463 ARCHIEP.
2484 405 3032 464 CONSTANTINOP.

3675 405 3780 460 506

2209 525 2466 591 εδείξατο,
2492 523 2739 577 κάκεῖνον
2772 523 3044 592 ἀπέστησε
3067 519 3166 590 τῆς
3190 520 3309 573 κατ’
3341 519 3506 574 αὑτοῦ
3540 520 3773 586 ἀδικίας,

2210 608 2303 660 καὶ
2323 608 2392 660 δι’
2413 601 2488 661 ὧν
2513 607 2663 678 αὐτῷ
2685 605 3034 677 παρεγγύησε
3061 605 3136 675 μὴ
3159 603 3385 673 λαλῆσαι
3402 603 3612 674 πονηρά
3637 605 3779 658 κατά

2207 687 2302 740 τοῦ
2333 685 2548 749 Ἰακὼϐ,
2571 688 2650 750 είς
2674 687 2772 756 τὴν
2797 688 2896 754 τῆς
2925 685 3251 752 θεογνωσίας
3271 683 3388 737 ὁδὸν
3409 684 3548 736 κατά
3583 684 3780 755 μικρὸν

2209 770 2371 822 αὑτὸν
2391 771 2647 839 ὲνήγαγε,
2667 769 2762 822 καὶ
2784 770 2812 821 6
2841 767 3094 839 καθάπερ
3123 767 3308 838 θηρίον
3331 766 3653 837 ἐπιτρέχων,
3685 769 3781 821 καὶ

2210 854 2411 920 φθάσαι
2445 853 2766 923 βουλόμενος
2792 852 2886 905 καὶ
2918 851 3145 914 ἀνελεῖν,
3176 849 3654 919 ἀπολογησάμενος
3686 853 3781 904 καὶ

2209 937 2583 1007 καταφιλήσας
2614 936 2708 990 καὶ
2743 935 2842 1000 τὰς
2873 933 3177 1004 θυγατέρας
3216 933 3308 986 καὶ
3335 934 3461 996 τοὺς
3495 933 3644 996 υἱοὺς
3678 934 3779 987 αὺα

2206 1019 2334 1084 τών,
2360 1019 2534 1084 οὓτως
2558 1021 2740 1074 οίκαδε
2767 1018 3070 1089 ὑπέστρεψε
3094 1035 3111 1084 ;
3135 1017 3286 1087 Τάχα
3312 1018 3391 1079 είς
3437 1016 3572 1069 πολὺ
3605 1017 3778 1087 μῆκος

2206 1109 2298 1162 τὸν
2332 1109 2486 1178 λόγον
2529 1107 2905 1178 ἐξετείναμεν,
2950 1106 3085 1160 ἀλλά
3134 1106 3230 1175 τῆς
3274 1104 3512 1176 ἱστορίας
3555 1107 3635 1168 είς
3679 1105 3778 1175 τὴν

2207 1193 2452 1262 ἀνάγκην
2477 1194 2622 1262 ἡμᾶς
2649 1191 2852 1261 ταύτην
2877 1189 3318 1258 καταστησάσης.

2278 1277 2476 1348 Διόπερ
2498 1275 2729 1329 ἐνταῦθα
2755 1277 3048 1346 στήσαντες
3076 1272 3164 1326 τόν
3195 1272 3371 1340 λόγον,
3405 1272 3580 1325 ἐκεῖνο
3603 1289 3781 1342 napa-

2207 1362 2522 1432 καλέσωμεν
2550 1359 2702 1430 ὑμῶν
2721 1359 2819 1430 τὴν
2845 1359 3086 1427 ἀγάπην,
3108 1356 3248 1409 ὥστε
3281 1357 3458 1409 πάντα
3488 1357 3661 1407 ποιεῖν
3687 1356 3782 1408 καὶ

2207 1443 2686 1516 πραγματεύεσθαι
2704 1483 2718 1504 ,
2755 1442 2840 1492 ἵνα
2869 1440 2966 1512 τὴν
2995 1438 3199 1494 ἄνωθεν
3237 1437 3444 1490 εὔνοιαν
3470 1437 3784 1489 ἐπισπασώ-

2210 1527 2369 1597 μεθα.
2405 1526 2528 1580 Ἐάν
2561 1526 2668 1596 γάρ
2702 1526 2904 1577 ἐκεῖνον
2946 1523 3156 1592 ἔχωμεν
3188 1521 3410 1591 εὐμενῆ,
3446 1520 3622 1572 πάντα
3648 1522 3783 1588 ἡμῖν

2209 1610 2366 1680 ῥᾴδια
2400 1610 2548 1662 ἔσται
2583 1609 2674 1662 καὶ
2696 1607 2912 1669 εὔκολα,
2943 1611 3037 1659 καὶ
3077 1605 3227 1658 οὐδὲν
3270 1605 3416 1674 ἡμᾶς
3463 1602 3572 1654 τῶν
3620 1604 3681 1680 ἐν
3702 1603 3783 1670 τῷ

2207 1679 2435 1764 παρόντι
2469 1692 2568 1763 βίῳ
2604 1691 2843 1762 λυπῆσαι
2884 1690 3193 1759 δυνήσεται,
3222 1686 3324 1738 κᾶν
3369 1684 3608 1755 λυπηρὸν
3642 1679 3783 1736 εἶναι

2206 1773 2359 1845 δοκῇ.
2389 1774 2633 1844 Τοσαύτη
2665 1774 2772 1844 γὰρ
2801 1773 2900 1842 τῆς
2931 1771 3095 1824 αὑτοῦ
3123 1769 3454 1839 δυνάμεωςὴ
3481 1766 3782 1838 ὑπερϐολὴ,

2205 1857 2283 1920 ὼς
2312 1857 2405 1911 καὶ
2431 1859 2570 1910 αὑτά
2598 1856 2667 1910 τὰ
2685 1855 2904 1926 λυπηρά
2935 1855 3015 1917 είς
3045 1854 3104 1906 16
3133 1852 3370 1905 ἐναντίον
3407 1852 3783 1920 περιτρέπειν,

2205 1941 2334 1994 ὅταν
2383 1939 2658 2010 βούληται.
2700 1939 2854 1992 Οῦτω
2897 1939 2992 1992 καὶ
3042 1936 3251 1999 Παῦλος
3310 1937 3368 1988 ἐν
3421 1933 3664 2002 θλίψεσιν
3705 1931 3786 1984 ὢν

2206 2023 2390 2095 ἔχαιρε
2428 2025 2521 2078 καὶ
2559 2023 2823 2092 ἠγάλλετο
2851 2024 2918 2092 τῇ
2953 2020 3248 2092 προσδοκίᾳ
3268 2019 3374 2070 τῶν
3403 2017 3786 2085 ἀποκειμένων

2207 2107 2448 2178 ἀμοιϐῶν
2468 2107 2851 2178 πτερούμενος.
2879 2106 2979 2159 Διά
3008 2103 3162 2157 τοῦτο
3185 2103 3276 2156 καὶ
3302 2101 3332 2154 ὁ
3353 2102 3640 2172 Προφήτης
3666 2101 3786 2152 ἑλε-

2207 2192 2441 2260 γεν,Ἐν
2459 2193 2660 2260 θλίψει
2681 2189 3025 2254 ἐπλάτυνιὶς
3047 2206 3168 2258 μοι,
3199 2186 3464 2238 διδασκων
3493 2187 3661 2254 ἡμᾶς,
3698 2186 3786 2236 ὃτι

2207 2277 2264 2328 ἐν
2300 2277 2435 2345 αὐτῇ
2487 2279 2551 2346 τῇ
2595 2274 2769 2344 θλίψει
2810 2274 3146 2342 τυγχάνοντα
3188 2269 3370 2332 ἀδείας
3407 2267 3500 2320 καὶ
3543 2267 3786 2327 ἀνέσεως

2205 2359 2367 2411 αὑτὸν
2394 2356 2684 2412 ἀπολαύειν
2715 2353 3122 2426 παρεσκεύαζεν
3149 2357 3177 2406 6
3205 2353 3357 2414 Θεός.
3394 2349 3644 2402 Τοιοῦτον
3674 2352 3786 2400 τοί-

2206 2459 2300 2494 νυν
2329 2441 2539 2510 ἔχοντες
2561 2442 2857 2509 Δεσπότην,
2887 2438 3029 2491 οὕτω
3055 2436 3296 2500 δυνατὸν,
3332 2433 3502 2496 οὕτως
3535 2434 3784 2502 εὐμήχα-

2205 2541 2294 2576 νον
2338 2526 2430 2577 καὶ
2467 2524 2648 2592 σοφὸν,
2689 2521 2832 2575 οὕτω
2875 2519 3270 2591 φιλάνθρωπον,
3317 2517 3386 2570 τά
3414 2517 3540 2587 παρ’
3571 2517 3786 2569 ἑαυτῶν

2205 2609 2567 2678 εἰσφέρωμεν,
2601 2607 2690 2659 καὶ
2722 2609 2820 2676 τῆς
2849 2605 3049 2676 ἀρετῆς
3085 2604 3248 2657 πολὺν
3282 2601 3559 2672 ποιώμεθα
3601 2600 3784 2667 λόγον,

2207 2694 2296 2746 ἵνα
2334 2693 2428 2745 καὶ
2459 2692 2567 2744 τῶν
2600 2691 2832 2744 ἐνταῦθα
2853 2691 3071 2743 καὶτῶν
3108 2689 3406 2758 μελλόντων
3436 2685 3785 2754 ἐπιτύχωμεν

2206 2777 2444 2846 ἀγαθῶν,
2483 2777 2662 2846 χάριτι
2704 2777 2797 2828 καὶ
2839 2772 3216 2844 φιλανθρωπίᾳ
3250 2771 3343 2824 τοῦ
3380 2770 3583 2840 Κυρίου
3623 2769 3790 2838 ήμῶν

2219 2861 2390 2930 Ἰησοῦ
2426 2858 2694 2930 Χριστοῦ,
2748 2859 2866 2928 μεθ’
2901 2854 2962 2912 οὗ
3007 2857 3083 2927 τῷ
3122 2857 3294 2927 Πατρὶ
3344 2857 3377 2925 ή
3422 2854 3551 2920 δόξα
3595 2855 3690 2904 καὶ
3719 2852 3786 2902 τὸ

2207 2944 2425 3014 κράτος,
2455 2945 2571 3013 ἅμα
2606 2941 2684 3013 τῷ
2710 2942 2850 3012 ἁγίῳ
2882 2940 3174 3010 Πνεύματι,
3198 2939 3293 2994 νῦν
3323 2939 3415 2992 καὶ
3442 2938 3550 3001 ἀεὶ,
3578 2938 3672 2990 καὶ
3703 2937 3784 2998 εἰς

2207 3026 2332 3089 τοὺς
2355 3025 2554 3089 αἰῶνας
2574 3025 2679 3079 τῶν
2706 3023 2934 3078 αἰώνων.
2971 3024 3162 3094 Ἀμήν.

2788 3217 3028 3270 ΟΜίιίιΛ
3065 3216 3194 3270 NH'.

2206 3383 2314 3440 Kal
2371 3383 2720 3451 ἀναϐλέψας
2780 3385 2979 3438 Ἰακὼϐ
3023 3379 3143 3437 εἶδε
3191 3384 3577 3452 παρεμϐολὴν
3631 3385 3786 3437 Θεοῦ

2276 3452 2830 3523 παρεμϐεϐληκυῖαν
2855 3494 2869 3517 ,
2924 3454 3022 3523 καί
3069 3455 3470 3519 συνήντησαν
3518 3452 3679 3523 αὐτῷ
3725 3457 3785 3506 οι

2276 3519 2516 3593 ἄγγελοι
2554 3523 2655 3577 τοῦ
2695 3524 2860 3578 Θεοῦ.
2893 3519 3039 3576 Εἷπε
3070 3523 3138 3575 δὲ
3166 3524 3379 3582 Ἰακὼϐ.
3405 3525 3587 3590 ἡνίκα
3619 3520 3784 3577 εἶδεν

2276 3596 2530 3660 αὐτούς’
2576 3593 2925 3663 Παρεμϐολὴ
2959 3593 3106 3647 Θεοῦ
3146 3595 3332 3659 αὕτη·
3382 3594 3479 3645 καὶ
3523 3594 3785 3648 ἐκάλεσε

2277 3663 2343 3716 τὸ
2372 3665 2558 3734 ὄνομα
2581 3665 2688 3719 τοῦ
2707 3666 2892 3718 τόπου
2921 3665 3179 3730 ἐκείνου,
3210 3666 3598 3733 ιιᾳρεμϐολαί.

2276 3841 2346 3897 α’.
2368 3838 2496 3894 Οἶδα
2517 3841 2598 3894 ὅτι
2621 3843 2934 3912 κεκμήκατε
2951 3840 3097 3910 χθὲς,
3115 3841 3196 3904 εἰς
3217 3841 3350 3894 πολὺ
3378 3843 3550 3912 μῆκος
3575 3843 3668 3896 τοῦ
3695 3844 3782 3895 λό-

2206 3941 2303 3992 γου
2337 3923 2686 3997 προελθόντος
2727 3927 2888 3994 ήμῖν·
2931 3923 3066 3976 ἀλλά
3100 3925 3192 3976 καὶ
3233 3924 3512 3996 θαρσεῖτε·
3543 3927 3572 3978 6
3611 3928 3780 3984 κόπος

2207 4007 2360 4077 ὑμῶν
2386 4007 2485 4060 οὐκ
2503 4006 2616 4060 ἐστι
2633 4007 2806 4070 κενός’
2833 4008 2889 4059 ἐν
2907 4008 3095 4078 Κυρίῳ
3114 4008 3222 4077 γάρ
3250 4010 3366 4060 ἐστι
3385 4008 3689 4078 γινόμενος,
3711 4009 3781 4062 δι’

2205 4091 2264 4144 ὃν
2295 4089 2389 4142 καὶ
2409 4089 2590 4159 όπρὸς
2625 4090 2798 4160 βραχὺ
2830 4091 2990 4151 πόνος
3013 4090 3262 4158 μεγάλων
3292 4089 3496 4160 μισθῶν
3521 4091 3782 4162 πρόξενος

2205 4173 2432 4240 γίνεται.
2461 4173 2523 4225 El
2550 4171 2658 4243 γὰρ
2686 4172 2780 4225 καὶ
2811 4171 2871 4224 16
2901 4171 3060 4241 σῶμα
3087 4172 3384 4242 κέκμηκεν,
3419 4173 3535 4227 ἀλλ’
3566 4176 3600 4245 ἠ
3630 4175 3779 4246 ψυχὴ

2206 4256 2366 4309 πλέον
2397 4255 2717 4328 ἐρῤώννυτο.
2754 4254 2845 4307 Διδ
2872 4255 2965 4307 καὶ
3017 4255 3178 4317 αὐτὸς
3221 4255 3363 4325 ὁρῶν
3407 4251 3560 4326 ὑμῶν
3591 4259 3780 4328 ἀκμά-

2206 4340 2366 4404 ζοντα
2401 4339 2493 4394 τὸν
2526 4339 2710 4402 πόθον,
2749 4340 2842 4392 καὶ
2874 4339 2972 4407 τήν
2997 4339 3293 4407 ἐπιθυμίαν
3323 4339 3778 4412 διεγηγερμένην,

2207 4423 2526 4494 βουλόμενος
2555 4420 2830 4475 συστεῖλαι
2861 4421 2960 4492 τὴν
2988 4420 3335 4475 διδασκαλίαν
3353 4463 3367 4487 ,
3413 4424 3512 4476 οὐκ
3545 4425 3782 4495 ἠϐουλή-

2206 4507 2304 4576 θην
2333 4505 2483 4576 1562]
2527 4505 2634 4576 πρὸ
2661 4503 2756 4557 τοῦ
2789 4503 2972 4567 τέλους
3030 4505 3108 4567 εἰς
3145 4504 3300 4574 σιγὴν
3339 4505 3638 4559 καταλῦσαι
3686 4510 3781 4561 τὸν

2204 4589 2383 4658 λόγον,
2435 4589 2590 4652 εἰδὼς
2621 4589 2697 4651 ὡς
2723 4587 2898 4660 ταύτῃ
2939 4587 3139 4654 μᾶλλον
3181 4589 3310 4657 ὑμῖν
3352 4589 3669 4660 χαριοῦμαι.
3708 4590 3783 4644 Τὸ

2204 4674 2313 4746 γὰρ
2370 4673 2572 4743 πλῆθος
2626 4672 2734 4724 τῶν
2778 4673 3082 4742 εἰρημένων
3127 4671 3360 4743 μάλιστα
3416 4674 3626 4726 ἐδείκνυ
3679 4677 3780 4746 τῆς

2207 4756 2477 4826 ὑμετέρας
2503 4755 2786 4823 φιληκοΐας
2814 4756 2912 4823 τὴν
2940 4755 3140 4826 πολλὴν
3167 4757 3397 4827 σπουδήν
3423 4759 3516 4810 καὶ
3537 4759 3628 4811 τὸν
3653 4761 3783 4812 ἀκό-

2209 4857 2396 4912 ρεστον
2441 4839 2637 4892 πόθονο
2672 4839 2762 4892 διὰ
2807 4838 2965 4891 τοῦτο
3009 4841 3102 4892 καὶ
3135 4839 3298 4902 αὐτὸς
3344 4841 3482 4906 μετά
3532 4841 3783 4906 πλείονος

2206 4924 2510 4994 προθυμίας
2531 4923 2628 4990 τῆς
2656 4922 2792 4992 πρὸς
2815 4922 2960 4991 ὑμᾶς
2985 4922 3226 4992 ἅπτομαι
3247 4923 3614 4987 διδασκαλίας,
3636 4927 3780 4993 ὁρῶν

2206 5009 2235 5060 ῦ
2245 5007 2358 5076 μῶν
2381 5005 2501 5059 καθ’
2528 5006 2766 5076 ἑκάστην
2786 5005 2997 5075 ἡμέραν
3019 5006 3118 5074 τὴν
3145 5005 3322 5076 ὄρεξιν
3344 5008 3777 5078 ἐπιτεινομένην.

2204 5093 2339 5162 Φέρε
2374 5087 2470 5143 οῦν
2503 5090 2597 5143 καὶ
2629 5089 2866 5160 σήμερον
2897 5087 2968 5141 τὰ
3004 5089 3131 5158 ἑξῆς
3167 5089 3278 5142 τῶν
3311 5088 3435 5158 χθὲς
3473 5091 3780 5160 εἰρημένων

2205 5175 2348 5230 κατὰ
2373 5174 2598 5244 δύναμιν
2624 5172 3071 5242 ἐπελθόντες,τὴν
3105 5172 3307 5243 συνήθη
3333 5172 3577 5224 ἑστίασιν
3604 5191 3780 5242 παρα-

2205 5259 2387 5328 θῶμεν
2418 5256 2573 5326 ὑμῶν
2611 5259 2678 5326 τῇ
2719 5257 2940 5327 ἀγάπῃ,
2977 5257 3070 5309 καὶ
3117 5255 3345 5325 ἴδωμεν,
3383 5256 3520 5324 μετά
3551 5255 3648 5325 τὴν
3685 5255 3780 5308 τοῦ

2205 5344 2390 5398 Λάϐαν
2443 5339 2788 5412 ἀναχώρησιν
2833 5342 2979 5404 ὅπως
3023 5343 3052 5394 6
3091 5340 3292 5402 δίκαιος
3337 5340 3437 5410 τῆς
3475 5341 3780 5411 ὁδοιπορίας

2205 5430 2455 5483 ἅπτεται.
2492 5426 2658 5479 Οὐδὲν
2697 5426 2806 5497 γὰρ
2853 5426 3020 5497 ἀργὸν
3051 5424 3158 5476 τῶν
3205 5427 3262 5478 ἐν
3301 5427 3367 5494 τῇ
3419 5424 3539 5494 θείᾳ
3587 5425 3778 5495 Γραφῇ

2205 5511 2474 5581 κειμένων
2501 5509 2668 5572 ἐστὶν,
2701 5508 2840 5562 ἀλλὰ
2867 5509 3045 5563 πάντα
3073 5510 3140 5560 τά
3172 5507 3275 5559 ὑπὸ
3307 5506 3415 5559 τῶν
3443 5506 3666 5559 δικαίων
3696 5524 3779 5574 γι-

2203 5596 2404 5665 νόμενα
2443 5592 2704 5663 μεγίστης
2741 5593 2899 5662 γέμει
2933 5595 3034 5662 τῆς
3073 5591 3358 5661 ὠφελείας.
3415 5592 3633 5662 Ἐπειδὴ
3671 5593 3779 5662 γὰρ

2203 5680 2295 5732 16v
2321 5677 2430 5729 τῶν
2459 5677 2594 5730 ὅλων
2631 5677 2904 5746 Δεσπότην
2940 5670 3085 5745 εἶχον
3117 5674 3380 5745 διηνεκῶς
3419 5675 3605 5737 αὐτοῖς
3634 5691 3776 5744 συμ-

2206 5761 2468 5831 παρόντα,
2503 5759 2748 5821 καὶτοὺς
2776 5757 2914 5812 κατὰ
2949 5759 3048 5826 τὴν
3078 5758 3386 5828 ὁδοιπορίαν
3419 5759 3616 5821 πόνους
3658 5761 3775 5810 ἐπι-

2207 5841 2551 5912 κουφίζοντα,
2573 5842 2774 5914 πολλὴν
2804 5843 2896 5896 καὶ
2933 5843 3040 5895 ἀπὸ
3083 5842 3180 5912 τῆς
3209 5843 3372 5911 ψιλῆς
3412 5843 3594 5899 αὐτῶν
3635 5843 3773 5899 ὁδοι-
