4038 6358
284 459 395 516 505

285 580 447 643 uides,
503 592 615 629 mea
659 582 794 639 sunt,
844 582 890 626 et
932 572 1156 640 filiarum
1190 585 1414 622 mearum
1442 584 1460 621 :
1488 568 1608 638 quid
1656 570 1873 638 [acerem

286 672 395 726 illis
419 670 590 734 hodie,
624 669 701 722 vel
718 666 885 739 pueris
907 666 992 735 qui
1020 664 1080 717 ab
1101 664 1172 717 eis
1193 672 1307 716 sunt
1333 662 1439 715 nati
1460 661 1484 713 ?
1510 661 1652 723 Scio,
1683 658 1870 728 inquit,

285 765 435 836 quod
460 764 587 817 ﬁliae
608 776 741 815 meae
770 768 913 825 sunt,
941 768 994 812 et
1020 756 1195 810 omnia
1225 767 1571 825 qurecumque
1601 751 1780 814 habes,
1808 766 1874 804 ex

287 854 590 913 substantia
621 866 738 906 mea
767 856 1125 904 accesserunt.
1161 845 1298 911 Quid
1336 845 1493 913 igitur
1534 847 1750 914 [acerem
1773 841 1874 893 illis

290 950 462 1014 hodie,
493 944 572 1001 vel
599 946 768 1016 pueris
793 944 879 1014 qui
906 943 968 996 ab
993 941 1064 996 eis
1092 939 1235 993 nati?
1260 939 1349 993 44.
1382 935 1535 990 Nunc
1558 937 1713 1005 igitur
1740 934 1869 998 veni,

285 1051 338 1095 et
369 1042 599 1094 ineamus
625 1037 790 1107 [cedas
815 1050 906 1105 ego
937 1042 982 1087 et
1010 1041 1086 1099 tu,
1114 1040 1161 1084 et
1186 1031 1279 1085 erit
1307 1029 1360 1082 in
1388 1028 1719 1082 testimonium
1744 1027 1874 1078 inter

286 1149 373 1185 me
400 1140 447 1186 et
486 1139 552 1183 te.
580 1129 760 1190 Pacta,
783 1125 975 1195 inquit,
1007 1124 1280 1189 faciamus,
1314 1120 1382 1175 Et
1401 1130 1544 1174 erunt
1571 1119 1625 1171 in
1654 1118 1874 1172 testimo-

285 1224 433 1276 nium
461 1223 593 1274 inter
622 1235 702 1272 me
730 1226 773 1271 et
804 1226 851 1270 te
882 1232 899 1270 :
926 1216 977 1269 in
993 1214 1243 1285 judicium
1267 1221 1321 1267 et
1342 1209 1871 1266 demonstrationem.

287 1312 439 1367 Dixit
468 1321 641 1365 autem
670 1310 721 1363 ei
753 1326 766 1361 :
811 1307 867 1363 Si
904 1308 1023 1376 quis
1069 1302 1367 1373 transgredi
1396 1301 1731 1356 attentaverit
1756 1315 1874 1369 qua:

285 1419 435 1459 nunc
466 1419 496 1457 a
523 1402 675 1477 nobis
699 1408 824 1455 sunt
848 1398 1117 1470 proposita
1160 1414 1173 1450 :
1220 1395 1353 1450 Ecce
1391 1394 1565 1449 nullus
1592 1392 1870 1459 nobiscum,

284 1494 434 1550 Deus
460 1504 626 1548 autem
651 1492 788 1547 testis
814 1494 943 1544 inter
969 1505 1048 1542 me
1072 1497 1117 1541 et
1147 1497 1213 1541 te.

366 1585 419 1641 8.
462 1582 753 1639 Considera
795 1578 1061 1651 quomodo
1106 1575 1357 1646 paulatim
1395 1585 1449 1630 et
1473 1573 1653 1629 Laban
1682 1572 1749 1627 ad
1778 1587 1874 1628 co-

285 1678 587 1748 gnitionem
633 1675 730 1728 Dei
772 1673 1001 1728 ducitur.
1058 1669 1190 1724 Nam
1219 1670 1309 1739 qui
1335 1678 1455 1722 ante
1485 1666 1588 1721 hoc
1621 1666 1877 1735 arguebat

285 1773 489 1843 justum
520 1771 588 1825 de
617 1770 757 1825 furto
784 1768 1007 1824 deorum
1038 1781 1276 1829 suorum,
1328 1775 1381 1820 et
1413 1773 1611 1817 tantam
1660 1770 1876 1831 propter

286 1880 387 1921 eos
413 1863 794 1919 scrutationem
831 1861 1078 1927 faciebat,
1128 1874 1270 1913 nunc
1300 1858 1505 1927 inquit:
1538 1855 1669 1923 Quia
1698 1853 1875 1907 nullus

288 1969 376 2014 est
418 1957 558 2012 inter
602 1971 722 2021 nos,
765 1954 855 2026 qui
882 1953 1069 2023 possit,
1124 1952 1168 2006 si
1214 1949 1340 2021 quid
1382 1948 1600 2020 posthac
1626 1954 1875 2001 novatum

288 2048 473 2111 fuerit,
513 2047 665 2102 testis
691 2060 811 2100 esse
836 2043 1054 2100 foederis
1081 2043 1271 2108 nostri,
1305 2042 1445 2096 Deus
1468 2039 1621 2096 testis
1645 2038 1713 2093 sit
1739 2037 1878 2091 inter

288 2156 381 2197 me
409 2151 465 2195 et
508 2151 578 2195 te.
625 2139 743 2206 Ille,
759 2138 947 2209 inquit,
987 2135 1158 2201 adest,
1185 2134 1274 2205 qui
1303 2133 1479 2188 omnia
1507 2131 1672 2197 videt,
1716 2144 1876 2200 quem

289 2235 427 2291 nihil
454 2237 623 2290 latere
648 2241 845 2305 potest,
888 2232 980 2301 qui
1007 2229 1419 2299 uniuscujusque
1444 2234 1676 2281 mentem
1711 2237 1877 2293 agno-

289 2329 416 2382 scit.
441 2329 530 2382 45.
581 2326 799 2381 Sumens
839 2334 1026 2390 autem,
1078 2323 1267 2392 inquit,
1312 2319 1473 2373 Jacob
1499 2318 1653 2372 erexit
1681 2317 1876 2369 colum-

290 2436 435 2483 nam,
483 2427 530 2472 et
567 2418 682 2489 fecit
708 2417 886 2470 collem
909 2417 945 2481 ί,
979 2424 1025 2468 et
1050 2413 1539 2480 comederuntsuper
1557 2408 1752 2462 collem.
1787 2405 1876 2460 47.

292 2510 367 2563 Ει
408 2510 537 2564 dixit
581 2510 625 2563 ei
665 2507 842 2562 Laban
888 2523 906 2560 :
952 2506 1107 2560 Collis
1135 2505 1215 2557 hic
1244 2512 1453 2557 testatur
1485 2500 1614 2554 inter
1637 2514 1716 2551 me
1740 2507 1786 2551 et
1812 2506 1878 2550 te.

293 2601 436 2668 Quid
463 2610 564 2665 est,
602 2599 760 2656 Collis
786 2598 909 2652 hic?
959 2596 1017 2651 Id
1041 2605 1144 2662 est,
1194 2593 1367 2648 Verba
1398 2606 1516 2661 quae
1542 2590 1673 2644 ﬁunt
1697 2587 1749 2642 in
1780 2586 1883 2641 hoc
1929 2589 1932 2592 ’

292 2695 435 2749 colle
456 2692 712 2747 memoria
736 2698 989 2760 perpetua
1017 2686 1171 2742 nobis
1199 2692 1373 2740 erunt.
1400 2681 1467 2735 Et
1486 2680 1677 2734 vocavit
1703 2693 1883 2731 nomen

299 2788 416 2852 eius
446 2786 559 2849 loci,
594 2784 753 2840 Collis
783 2779 1073 2835 testimonii.
1120 2775 1317 2832 Deinde
1344 2773 1513 2843 inquit
1545 2791 1558 2826 :
1590 2771 1680 2827 49.
1732 2769 1882 2838 Aspi-

297 2886 400 2938 ciat
438 2882 574 2936 Deus
614 2880 746 2932 inter
776 2892 854 2929 me
889 2885 937 2928 et
968 2883 1033 2926 te.
1085 2869 1315 2925 Attende
1357 2865 1624 2938 quomodo
1673 2878 1882 2935 pinnam

298 2976 494 3029 iterum
537 2987 563 3023 a
610 2970 720 3023 Deo
760 2967 1076 3036 deprecatur
1118 2962 1319 3017 Laban.
1374 2960 1636 3028 Aspiciat,
1694 2955 1881 3024 inquit,

299 3066 441 3120 Deus
466 3064 686 3117 interme
711 3071 755 3116 ct
775 3060 905 3112 inter
929 3067 996 3123 te,
1020 3056 1137 3126 quia
1159 3053 1444 3108 secedemus
1470 3050 1598 3104 alter
1620 3047 1679 3101 ab
1701 3048 1880 3102 altera.

300 3157 475 3221 Nunc,
510 3156 699 3224 inquit,
749 3150 1135 3221 separabimur,
1168 3154 1222 3200 et
1247 3155 1301 3200 tu
1331 3143 1542 3215 quidem
1570 3141 1669 3197 ibis
1691 3142 1741 3194 in
1774 3148 1885 3194 ter-

303 3262 417 3303 ram
436 3245 722 3316 propriam,
744 3257 842 3314 ego
866 3249 1041 3295 autem
1066 3237 1251 3293 redibo
1272 3236 1323 3290 in
1344 3235 1559 3289 domum
1581 3246 1775 3286 meam.
1796 3230 1884 3284 50.

304 3338 367 3395 Si
393 3336 733 3391 humiliaveris
762 3335 895 3402 ﬁlias
920 3348 1077 3395 meas,
1107 3330 1150 3383 si
1176 3326 1425 3396 acceperis
1452 3339 1633 3378 uxores
1655 3322 1720 3375 ad
1753 3320 1888 3389 ﬁlias

306 3447 463 3495 meas,
510 3428 642 3491 vide,
689 3427 859 3481 nullus
905 3423 1163 3478 nobiscum
1214 3430 1287 3474 est
1337 3418 1423 3489 qui
1478 3416 1678 3480 videat;
1749 3412 1888 3466 Deus

307 3524 465 3579 testis.
509 3501 801 3576 Considera
849 3515 1117 3586 quomodo
1170 3512 1335 3566 semel
1384 3518 1437 3564 et
1489 3509 1681 3562 iterum
1728 3512 1888 3573 atque

306 3615 505 3683 saepius
557 3612 726 3665 Deum
778 3610 830 3663 in
882 3616 1069 3661 testem
1114 3611 1285 3657 vocat.
1339 3600 1472 3667 Quia
1524 3596 1882 3667 providentia,

309 3720 470 3777 quam
525 3710 779 3771 expertus
846 3706 961 3752 erat
1021 3693 1224 3758 Jacob,
1292 3690 1470 3746 docuit
1530 3703 1649 3743 eum
1717 3700 1886 3755 quan-

309 3775 362 3850 ta
403 3802 547 3848 esset
570 3791 779 3845 Domini
803 3786 1067 3858 potentia,
1098 3792 1151 3839 et
1177 3783 1316 3852 quod
1345 3778 1668 3850 impossibile
1697 3778 1767 3832 sit
1794 3775 1891 3828 ali-

309 3889 435 3960 quid
470 3886 736 3943 occultum
772 3897 891 3939 esse
919 3882 1072 3935 oculo
1098 3878 1184 3948 qui
1213 3876 1499 3929 dormitare
1524 3871 1726 3940 nequit.
1756 3869 1889 3921 Pro-

312 3957 495 4050 pterea
542 3975 710 4045 inquit
753 3991 766 4027 :
818 3969 1037 4025 Etiamsi
1080 3980 1418 4035 separemur,
1461 3960 1666 4016 etiamsi
1713 3957 1891 4011 nullus

311 4070 448 4124 alius
476 4067 614 4122 adsit
642 4065 733 4137 qui
762 4062 1028 4118 testiﬁcari
1062 4059 1258 4129 possit,
1289 4057 1376 4111 ille
1404 4056 1553 4109 testis
1578 4052 1678 4106 erit
1700 4050 1893 4118 ubique

313 4175 552 4233 praisens
586 4179 598 4213 :
630 4174 726 4228 per
751 4156 955 4227 singula
980 4154 1138 4208 verba
1167 4151 1323 4205 docet
1351 4149 1522 4218 ipSUm
1553 4145 1712 4201 totius
1738 4152 1895 4197 terra:

315 4269 436 4309 esse
482 4252 779 4306 Dominum.
829 4249 917 4303 51.
967 4245 1034 4299 Ει
1077 4244 1203 4297 dixit
1242 4240 1402 4295 Jacob
1433 4256 1451 4293 :
1480 4239 1609 4292 Ecce
1644 4236 1786 4290 collis
1811 4233 1896 4286 ille

318 4355 546 4401 testatur.
586 4343 676 4399 52.
705 4342 898 4396 Deinde
924 4341 1105 4393 iterum
1133 4336 1309 4390 Laban
1334 4334 1490 4404 inquit
1518 4349 1536 4385 :
1569 4331 1629 4386 Si
1652 4330 1783 4384 enim
1807 4344 1897 4398 ego

318 4455 420 4492 non
461 4437 703 4490 transiero
745 4435 814 4488 ad
858 4443 938 4497 te,
984 4446 1139 4501 neque
1177 4440 1230 4482 tu
1268 4437 1492 4479 transeas
1518 4423 1585 4477 ad
1616 4438 1694 4476 me
1718 4420 1897 4475 collem

317 4530 452 4583 hunc
499 4534 544 4581 et
584 4526 868 4579 columnam
913 4523 1042 4575 hanc
1084 4522 1137 4573 in
1180 4518 1375 4571 malitia
1403 4533 1416 4570 :
1444 4515 1533 4569 5'5.
1574 4512 1713 4567 Deus
1734 4510 1898 4564 Abra-

317 4624 437 4674 ham
456 4661 471 4686 ,
500 4629 545 4673 et
575 4617 712 4671 Deus
743 4612 1158 4683 Nachorjudicet
1183 4612 1312 4663 inter
1329 4624 1439 4661 nos.
1472 4605 1605 4659 Vide
1634 4600 1900 4672 quomodo

316 4728 440 4767 cum
483 4721 634 4780 patre
676 4719 730 4763 et
768 4721 927 4759 avum
974 4718 1126 4757 suum
1167 4701 1467 4770 conjunxit,
1495 4697 1585 4766 qui
1614 4694 1777 4749 frater
1800 4690 1901 4745 fuit

318 4801 671 4873 patriarchae,
720 4798 886 4868 ipsius
924 4805 1102 4850 autem
1144 4808 1291 4846 avus.
1340 4790 1477 4845 Deus
1522 4786 1809 4848 Abraham,
1855 4791 1907 4836 et

320 4894 462 4949 Deus
509 4892 720 4946 Nachor
753 4889 947 4960 judicet
985 4887 1115 4939 inter
1155 4901 1265 4938 nos.
1295 4884 1381 4938 54.
1430 4880 1495 4933 Et
1522 4879 1713 4950 juravit
1740 4876 1898 4930 Jacob

322 5004 413 5059 per
449 4986 675 5038 timorem
702 4980 800 5035 Dei
828 4980 983 5051 patris
1002 4978 1080 5032 sui
1107 4975 1286 5040 Isaac,
1315 4983 1361 5027 et
1389 4971 1687 5039 sacrificavit
1710 4968 1906 5035 sacri/i-

325 5080 462 5131 cium
484 5077 538 5129 in
569 5083 734 5127 monte
759 5089 778 5126 :
808 5081 852 5125 et
876 5070 1066 5124 vocavit
1095 5070 1276 5138 fratres
1302 5081 1418 5117 suos
1450 5079 1467 5116 :
1496 5071 1541 5115 et
1561 5060 1902 5123 comederunt,

324 5180 373 5225 et
399 5169 662 5234 biberunt,
691 5176 736 5220 et
755 5165 1065 5219 dormierunt
1096 5162 1147 5214 in
1172 5170 1354 5213 monte.
1380 5156 1696 5225 Sacri/icavit
1714 5153 1908 5221 sacriﬁ-

328 5263 464 5315 cium
500 5259 553 5311 in
581 5267 747 5311 monte
776 5271 795 5309 :
829 5254 1053 5326 gratias,
1086 5251 1283 5321 inquit,
1312 5249 1419 5318 egit
1456 5248 1563 5302 Deo
1592 5246 1661 5301 ob
1698 5260 1759 5299 ea
1789 5258 1909 5313 quae

328 5350 673 5411 acciderant;
716 5346 782 5401 Et
822 5346 1178 5408 comederunt,
1226 5351 1273 5395 et
1314 5342 1566 5406 biberunt,
1609 5349 1655 5393 et
1696 5337 1912 5391 dormie-

331 5453 457 5496 runt
497 5442 552 5494 in
600 5450 784 5495 monte.
829 5439 917 5493 55.
964 5436 1197 5492 Surrexit
1235 5444 1401 5487 autem
1444 5431 1619 5484 Laban
1660 5445 1836 5494 mane,
1864 5437 1910 5480 et

332 5534 591 5589 osculatus
628 5532 874 5599 est.filios
899 5547 1014 5584 suos
1040 5539 1086 5583 et
1115 5527 1249 5597 ﬁlias
1276 5542 1392 5579 suas
1412 5566 1427 5590 ,
1461 5534 1505 5578 et
1530 5523 1776 5576 benedixit
1806 5536 1908 5573 eos.

335 5624 405 5679 Et
444 5640 668 5678 reversus
703 5622 878 5675 Laban
906 5623 1027 5675 abiit
1063 5622 1115 5675 in
1141 5621 1304 5675 locum
1329 5633 1492 5671 suunt.
1529 5615 1752 5681 Vidisti,
1782 5614 1912 5667 dileo

402 5760 420 5790 ¹
458 5764 512 5808 ει
537 5757 646 5819 fecit
669 5756 855 5808 collem.
894 5764 1003 5806 Haec
1032 5755 1250 5819 pluribus
1288 5760 1540 5819 narrantur
1559 5755 1606 5800 in
1630 5761 1768 5819 textu
1794 5759 1914 5819 Scri-

338 5826 515 5880 pturze,
534 5815 614 5868 ubi
638 5821 811 5869 dicitur
834 5819 976 5867 Jaeoh
1011 5815 1302 5888 praecepisse
1328 5815 1556 5888 fratribus
1592 5817 1692 5865 suis
1718 5826 1769 5867 ut
1794 5818 1914 5881 lapi-

342 5878 434 5937 des
452 5889 807 5939 coacervarent,
836 5892 995 5943 exque
1013 5878 1075 5929 iis
1092 5878 1262 5929 collem
1280 5878 1602 5929 constituisse.

1282 451 1347 505 IN
1374 450 1524 509 CAP.
1548 449 1761 505 XXXII.
1787 448 2030 506 GENES.
2075 451 2299 510 IIOMIL.
2342 455 2521 511 LVIII.

3440 464 3543 523 508

1981 578 2099 635 cte,
2143 581 2335 640 quanta
2385 573 2477 628 Dei
2526 573 2815 643 sapientia,
2861 577 3127 646 quomodo
3171 594 3275 632 uno
3319 579 3454 634 facto
3496 591 3547 637 et

1979 674 2127 715 suam
2167 678 2290 730 erga
2325 663 2522 731 justum
2561 664 2846 720 declaravit
2880 666 3260 735 providentiam
3282 712 3296 732 ,
3319 679 3373 723 et
3400 671 3548 725 illum

1979 754 2047 808 ab
2086 754 2339 823 injustitia
2367 756 2615 821 abduxit,
2647 768 2701 813 et
2730 760 2781 812 in
2809 758 2999 814 divina:
3027 761 3223 815 notitiae
3250 763 3389 816 viam
3418 778 3549 831 pan-

1979 844 2125 899 latim
2153 846 2364 900 induxit
2393 847 2657 902 Labanum
2674 890 2689 914 ,
2719 850 3110 905 interminando
3128 853 3175 905 ei
3200 868 3268 907 ne
3285 853 3406 921 quid
3423 854 3549 907 mali

1979 946 2164 991 contra
2189 936 2357 992 Jacob
2382 939 2683 1008 loqueretur
2703 957 2715 993 :
2735 949 2789 995 et-
2812 941 2901 1011 qui
2928 944 3078 1011 quasi
3100 941 3209 997 fera
3239 945 3549 999 accurrebat

1979 1038 2033 1082 et
2059 1029 2514 1099 comprehendere
2545 1040 2702 1102 atque
2744 1032 3041 1087 interﬁcere
3090 1034 3333 1101 volebat,
3358 1035 3550 1088 desinit

1979 1123 2034 1177 in
2057 1122 2422 1178 defensionem
2446 1165 2461 1188 ,
2492 1132 2548 1178 et
2576 1123 2628 1177 in
2659 1123 2887 1178 ﬁliorum
2918 1124 3247 1193 ﬁliarumque
3274 1125 3551 1179 deoscula-

1979 1216 2211 1280 tionem,
2254 1224 2309 1269 et
2349 1217 2426 1269 sic
2455 1215 2668 1270 domum
2698 1216 2870 1271 redit?
2908 1217 3067 1271 Forte
3095 1217 3347 1286 prolixius
3374 1231 3553 1271 sermo

1977 1321 2037 1361 se
2077 1305 2344 1371 extendit,
2391 1306 2484 1361 sed
2525 1308 2779 1378 ignoscite
2810 1325 2822 1361 :
2851 1323 2954 1362 non
3000 1308 3099 1363 hoc
3124 1317 3311 1377 sponte
3337 1308 3555 1361 admisi-

1977 1410 2098 1449 mus
2122 1436 2136 1460 ,
2172 1396 2265 1450 sed
2293 1397 2466 1466 coegit
2493 1413 2590 1451 nos
2613 1398 2847 1451 historia:
2874 1398 3028 1452 ratio.

2049 1487 2262 1543 Moralis
2301 1489 2600 1543 exhortatio.
2646 1521 2718 1530 —
2755 1490 2879 1545 Ideo
2924 1490 3008 1544 hic
3046 1490 3264 1545 missum
3296 1488 3548 1544 facientes

1977 1594 2279 1636 sermonem
2306 1623 2321 1646 ,
2358 1596 2575 1635 oramus
2599 1591 2828 1636 vestram
2855 1581 3127 1636 caritatem
3146 1621 3163 1649 ,
3195 1590 3252 1635 ut
3275 1580 3449 1634 omnia
3476 1579 3553 1632 [ιι-

1976 1672 2177 1728 ciamus
2216 1684 2269 1727 et
2311 1681 2627 1739 tractemus,
2672 1687 2778 1743 quo
2815 1687 3097 1741 supernam
3126 1671 3277 1726 nobis
3299 1670 3552 1726 concilie-

1978 1779 2096 1817 mus
2141 1762 2589 1818 benevolentiam.
2630 1762 2758 1815 Nam
2786 1761 2831 1816 si
2868 1762 3033 1816 Deum
3061 1761 3396 1815 habuerimus
3420 1759 3551 1813 ami-

1978 1870 2101 1909 cum
2124 1897 2138 1918 ,
2164 1856 2341 1909 omnia
2371 1855 2522 1908 nobis
2552 1854 2721 1908 facilia
2749 1862 2905 1908 erunt
2933 1870 2946 1906 :
2974 1862 3029 1907 et
3058 1851 3186 1905 nihil
3212 1867 3308 1905 nos
3334 1851 3386 1905 in
3416 1866 3552 1919 prae-

1980 1945 2118 1999 senti
2159 1946 2263 1998 vita
2309 1946 2623 1999 contristare
2669 1944 2896 2012 poterit,
2934 1943 3176 2012 quamvis
3206 1941 3549 2010 injucundum

1977 2049 2099 2091 esse
2125 2036 2383 2090 videatur.
2433 2034 2600 2089 Tanta
2630 2034 2772 2088 enim
2803 2034 2920 2103 ejus
2948 2034 3157 2087 virtutis
3181 2042 3263 2087 est
3289 2032 3553 2087 excellen-

1980 2129 2086 2192 tia,
2131 2138 2188 2182 ut
2233 2129 2390 2182 etiam
2435 2143 2497 2183 ea
2541 2143 2661 2196 qua:
2700 2128 2866 2182 tristia
2917 2136 3067 2191 sunt,
3107 2125 3338 2196 jucunda
3381 2124 3557 2179 facere

1978 2229 2158 2290 queat.
2182 2219 2269 2274 Sic
2289 2228 2343 2274 et
2371 2219 2565 2274 Paulus
2592 2218 2644 2273 in
2670 2218 3044 2273 afﬂictionibus
3072 2217 3331 2273 exsistens
3356 2215 3554 2286 gaude—

1979 2317 2071 2370 bat
2097 2324 2152 2370 et
2180 2314 2478 2369 exsultabat
2497 2313 2895 2383 exspectatione
2920 2310 3276 2380 repositorum
3298 2308 3555 2362 bonorum

1980 2408 2245 2462 animatus
2275 2405 2447 2477 (Rom.
2473 2406 2525 2461 5.
2557 2404 2612 2458 2.
2638 2406 2711 2465 '5).
2744 2404 3027 2473 Propterea
3054 2412 3107 2455 et
3135 2400 3386 2470 pr0pheta
3412 2399 3558 2453 dice-

1987 2498 2078 2553 bat
2110 2514 2123 2548 :
2158 2496 2224 2549 In
2249 2496 2512 2567 aﬂlictione
2539 2494 2764 2549 dilatasti
2791 2495 2913 2547 mihi
2954 2492 3123 2563 (Psal.
3154 2492 3206 2546 4.
3235 2491 3293 2560 9..)
3323 2507 3336 2542 :
3361 2489 3559 2543 docens

1985 2603 2083 2643 nos
2107 2627 2121 2651 ,
2158 2587 2324 2641 Deum
2356 2601 2413 2640 se
2436 2586 2486 2639 in
2522 2586 2635 2654 ipsa
2665 2584 2953 2639 afﬂictione
2978 2584 3203 2639 liberum
3233 2592 3287 2636 et
3308 2580 3559 2650 tranquil-

1985 2681 2095 2734 lum
2141 2678 2509 2733 constituisse.
2556 2676 2739 2731 Talem
2771 2676 2928 2746 igitur
2957 2676 3213 2729 habentes
3244 2672 3560 2734 Dominum,

1987 2781 2091 2825 tam
2131 2777 2436 2840 potentem,
2478 2777 2585 2822 tam
2625 2769 2920 2837 sapientem
2944 2807 2961 2833 ,
3012 2776 3222 2833 tamque
3260 2764 3562 2818 misericor-

1985 2864 2137 2929 dem,
2182 2862 2326 2932 quod
2370 2871 2609 2916 nostrum
2649 2869 2733 2915 est
2766 2859 3081 2920 atl‘eramus,
3111 2856 3424 2925 virtutisque
3448 2868 3562 2906 ma-

1988 2972 2145 3027 gnam
2176 2955 2468 3010 habeamus
2496 2954 2755 3008 rationem
2777 2995 2792 3019 ,
2824 2961 2879 3006 ut
2910 2966 3015 3005 non
3045 2951 3216 3004 solum
3245 2946 3520 3017 prmsentia
3546 2987 3561 3009 ,

1987 3048 2082 3103 sed
2123 3057 2177 3103 et
2212 3046 2386 3101 futura
2428 3046 2565 3101 bona
2602 3059 3020 3114 consequamur,
3048 3043 3214 3114 gratia
3243 3050 3296 3094 et
3321 3039 3564 3107 benigni-

1989 3150 2095 3194 tate
2123 3138 2327 3193 Domini
2358 3137 2523 3191 nostri
2550 3136 2676 3192 Jesu
2702 3134 2931 3199 Christi,
2959 3149 3078 3188 cum
3107 3147 3213 3201 quo
3238 3130 3380 3185 Patri
3407 3128 3561 3182 simul

1988 3242 2042 3288 et
2088 3231 2307 3302 Spiritui
2355 3240 2539 3285 sancto
2581 3230 2652 3284 sit
2695 3228 2896 3299 gloria,
2948 3225 3227 3294 imperium
3260 3264 3277 3290 ,
3322 3235 3462 3277 nunc
3509 3230 3565 3275 et

1987 3338 2200 3395 semper
2217 3364 2231 3388 ,
2264 3333 2318 3379 et
2341 3323 2396 3378 in
2424 3323 2618 3378 saecula
2644 3319 2980 3376 saeculorum.
3003 3316 3196 3371 Amen.

2535 3453 2813 3511 HOMILIA
2850 3452 3031 3508 LVIII.

1995 3598 2055 3652 Et
2079 3598 2279 3653 elevatis
2307 3596 2465 3651 oculis
2488 3593 2646 3648 Jacob
2675 3592 2799 3645 vidit
2833 3600 2999 3644 castra
3036 3588 3133 3643 Dei
3157 3596 3339 3641 metata
3361 3627 3376 3651 ,
3399 3596 3445 3641 et
3473 3602 3561 3639 oc-

2058 3698 2319 3745 currerunt
2356 3688 2402 3741 ei
2430 3686 2594 3756 angeli
2617 3683 2749 3749 Dei;
2781 3698 2903 3752 quos
2921 3698 3034 3734 cum
3053 3681 3252 3734 vidisset
3275 3721 3291 3745 ,
3322 3678 3449 3731 dixit
3473 3675 3571 3730 Ja-

2062 3784 2153 3837 cob
2196 3798 2215 3837 :
2258 3782 2435 3835 Castra
2460 3778 2556 3831 Dei
2583 3785 2699 3831 sunt
2725 3777 2832 3829 hare
2852 3815 2868 3837 ,
2898 3784 2944 3827 et
2967 3772 3237 3843 appellavit
3264 3787 3442 3825 nomen
3468 3770 3565 3824 loci

2062 3875 2198 3929 illius
2218 3915 2232 3940 ,
2260 3873 2436 3926 Castra
2465 3869 2615 3941 (Gen.
2644 3867 2730 3923 52.
2762 3863 2925 3937 1.-2).

2064 4033 2116 4086 1.
2135 4028 2257 4085 Seio
2282 4042 2378 4081 vos
2398 4024 2514 4081 heri
2539 4022 2853 4093 defatigatos
2877 4019 3061 4087 fuisse,
3094 4018 3246 4073 nobis
3273 4033 3571 4073 sermonem

1998 4122 2254 4193 prolixius
2279 4114 2686 4173 extendentibus
2715 4131 2729 4166 :
2761 4112 2856 4167 sed
2884 4111 3026 4166 bono
3053 4119 3224 4165 estote
3244 4109 3420 4162 animo
3445 4124 3459 4173 ;
3491 4108 3573 4162 Ia-

1998 4214 2097 4269 bor
2138 4221 2317 4266 vester
2365 4224 2471 4263 non
2516 4216 2599 4262 est
2643 4204 2815 4260 inanis
2844 4222 2857 4258 :
2892 4204 2945 4257 in
2976 4202 3202 4256 Domino
3231 4200 3372 4256 enim
3404 4200 3572 4254 factus

1998 4316 2111 4371 est,
2141 4313 2358 4375 propter
2382 4316 2537 4372 quem
2564 4307 2620 4356 et
2642 4297 2816 4353 brevis
2841 4296 2987 4350 labor
3006 4310 3252 4365 magnam
3272 4293 3573 4348 mercedem

1998 4399 2151 4455 vobis
2192 4398 2447 4452 allaturus
2494 4402 2594 4447 est.
2644 4389 2779 4445 Nam
2822 4389 2945 4442 licet
2989 4401 3185 4457 corpus
3226 4386 3533 4456 fatigaretur
3560 4427 3574 4448 ,

2000 4492 2177 4548 anima
2222 4499 2399 4544 tamen
2445 4473 2614 4556 magis
2650 4480 3081 4538 conﬁrmabatur.
3123 4481 3247 4536 Ideo
3277 4489 3332 4535 et
3358 4481 3469 4549 ipse
3497 4480 3576 4532 vi-

2001 4581 2134 4637 dens
2170 4590 2405 4636 vestrum
2449 4578 2659 4633 fervens
2699 4572 3022 4629 desiderium
3059 4580 3112 4627 et
3140 4570 3408 4638 studium,
3433 4569 3575 4623 vole-

2002 4673 2124 4727 bam
2151 4669 2466 4726 contrahere
2494 4665 2750 4722 doctrinae
2783 4678 3123 4727 sermonem;
3160 4662 3254 4717 sed
3297 4669 3576 4729 antequam

2005 4764 2250 4820 ﬁniretur
2294 4761 2546 4825 historia,
2599 4757 2781 4823 nolui,
2822 4756 2996 4811 sciens
3042 4770 3127 4809 me
3168 4753 3321 4808 vobis
3361 4753 3461 4807 hac
3492 4767 3575 4806 ra-

2008 4860 2152 4913 tione
2192 4856 2360 4926 magis
2384 4852 2817 4925 gratiﬁcaturum.
2846 4848 3123 4904 Multitudo
3148 4848 3290 4901 enim
3315 4846 3577 4900 dictorum

2008 4950 2137 5005 satis
2175 4947 2481 5002 declarabat
2523 4942 2846 5013 inexplebile
2887 4949 3119 4996 vestrum
3169 4937 3487 4991 desiderium
3526 4945 3580 4989 et

2009 5041 2240 5097 studium
2283 5038 2529 5093 audiendi
2574 5037 2784 5092 avidum
2835 5052 2848 5088 :
2898 5043 3175 5104 propterea
3217 5040 3271 5086 et
3313 5031 3425 5098 ipse
3462 5043 3581 5084 cum

2010 5135 2199 5202 majori
2241 5132 2516 5186 alacritate
2544 5146 2638 5185 vos
2665 5129 2860 5185 docere
2886 5127 3107 5196 incipio,
3140 5124 3323 5178 videns
3353 5132 3582 5176 vestram

2013 5225 2250 5296 quotidie
2276 5223 2631 5293 appetentiam
2658 5235 2922 5276 crescere.
2950 5220 3061 5287 Age
3092 5225 3146 5271 et
3176 5215 3330 5269 hodie
3356 5229 3474 5283 quae
3504 5228 3590 5266 se-

2014 5326 2245 5388 quuntur
2284 5315 2586 5371 hesternam
2632 5313 2914 5369 lectionem
2956 5324 3052 5379 pro
3079 5308 3214 5362 virili
3254 5316 3432 5360 nostra
3465 5320 3589 5373 pcr-

2017 5420 2307 5466 tractemus
2324 5450 2339 5474 ,
2369 5417 2681 5463 consuetum
2702 5415 2891 5459 vesme
2912 5401 3118 5456 caritati
3136 5398 3434 5454 convivium
3464 5411 3590 5464 pro-

2019 5513 2280 5572 ponentes
2304 5542 2319 5565 ,
2369 5509 2423 5555 et
2448 5500 2749 5562 videamus,
2782 5504 2901 5564 post
2928 5493 3217 5548 discessum
3249 5490 3426 5544 Laban
3456 5503 3589 5557 quo-

2018 5593 2177 5647 modo
2211 5593 2386 5662 justus
2413 5592 2513 5645 iter
2541 5588 2773 5657 arripiat.
2805 5585 2946 5639 Nihil
2975 5585 3115 5639 enim
3144 5594 3592 5651 supervacaneum

2020 5687 2071 5742 in
2112 5687 2292 5739 divina
2337 5684 2604 5753 Scriptura
2644 5682 2872 5751 positum
2916 5688 3036 5744 est,
3081 5676 3177 5731 sed
3216 5677 3392 5728 omnia
3418 5689 3534 5743 qua:
3565 5687 3594 5726 a

2017 5778 2173 5847 justis
2216 5777 2389 5842 fiunt,
2428 5775 2653 5828 maxima
2695 5770 2919 5825 utilitate
2966 5770 3122 5838 plena
3163 5776 3308 5822 sunt.
3335 5765 3591 5833 Quoniam

2027 5868 2164 5925 enim
2200 5866 2565 5925 universorum
2599 5863 2874 5918 Dominum
2902 5863 3152 5915 continuo
3175 5857 3471 5912 habuerunt
3500 5871 3593 5910 co-
