4038 6358
394 411 495 467 507

394 530 613 592 mitem,
657 532 712 579 et
753 523 958 577 itineris
1000 520 1339 573 difficultates
1383 517 1691 571 reddentem
1744 513 1964 574 faciles,

391 619 614 673 nmltum
659 617 815 670 etiam
856 630 953 667 nos
990 614 1230 666 utilitatis
1270 628 1339 667 ex
1381 624 1545 680 parvo
1570 624 1754 662 eorum
1783 608 1970 661 itinere

394 721 674 776 possumus
702 705 993 773 percipere.
1016 702 1145 757 Nam
1172 711 1447 771 postquam
1472 700 1650 753 Laban
1680 700 1729 751 in
1753 698 1967 751 domum

393 815 543 852 suam
575 798 734 860 abiit,
771 797 824 850 1.
854 796 916 848 Et
936 793 1094 847 Iacob
1124 794 1256 845 viam
1280 808 1425 845 suam
1461 791 1712 861 perrexit,
1740 798 1787 841 et
1807 788 1969 841 eleva-

395 892 459 942 tis
482 890 640 943 oculis
669 888 787 942 vidit
815 897 977 940 castra
1004 886 1099 940 Dei
1127 893 1491 940 castrametata
1524 899 1625 937 esse
1648 922 1663 945 ,
1682 891 1729 935 et
1745 896 1973 935 occurre-

396 992 516 1039 runt
554 983 601 1035 ei
635 980 799 1051 angeli
840 980 935 1033 Dei
964 979 1151 1049 (Caput
1177 978 1287 1046 52).
1313 978 1595 1046 Postquam
1626 975 1768 1029 enim
1795 988 1972 1027 cessa.

398 1075 512 1138 vit,
551 1082 605 1126 et
649 1073 807 1125 finem
858 1071 1040 1125 habuit
1084 1071 1242 1123 timor
1266 1067 1465 1122 Labani
1489 1109 1504 1132 ,
1533 1065 1742 1135 excepit
1763 1080 1883 1118 eum
1909 1064 1975 1116 ti—

400 1182 520 1220 mor
552 1165 733 1219 fratris
771 1183 784 1218 :
829 1177 1046 1233 prepter
1076 1164 1177 1217 hoc
1200 1163 1435 1216 clemens
1461 1162 1714 1214 Dominus
1739 1160 1977 1213 animare

402 1259 599 1326 justum
624 1258 808 1310 volens
828 1298 841 1317 .
876 1266 930 1309 et
948 1270 1158 1309 onmem
1179 1254 1295 1323 ejus
1319 1263 1515 1307 metum
1537 1252 1826 1315 discutere,
1857 1250 1979 1304 fecit

406 1358 463 1402 ut
489 1349 795 1416 angelorum
814 1347 1017 1400 videret
1042 1355 1232 1401 castra.
1266 1344 1763 1405 Occurreruntenim,
1788 1341 1976 1411 inquit,

407 1440 452 1491 ei
474 1438 640 1508 angeli
661 1438 774 1491 Dei.
800 1438 854 1491 9..
880 1438 945 1491 Et
967 1440 1092 1493 dixit
1149 1439 1291 1502 acob,
1316 1448 1483 1492 castra
1503 1435 1601 1490 Dei
1619 1447 1734 1491 sunt
1759 1436 1885 1488 haec.
1912 1433 1980 1487 Et

407 1530 598 1581 vocavit
628 1546 803 1583 nomen
829 1530 926 1581 loci
952 1530 1059 1583 eius
1076 1437 1301 1583 .$astra
1323 1545 1343 1582 :
1369 1539 1426 1581 ut
1449 1543 1512 1582 ex
1544 1542 1605 1581 ea
1632 1525 1980 1583 anoellatione

407 1530 598 1581 vocavit
628 1546 803 1583 nomen
829 1530 926 1581 loci
952 1530 1059 1601 ejus
1076 1570 1090 1593 ,
1118 1525 1301 1583 Castra
1323 1545 1343 1582 :
1369 1539 1426 1581 ut
1449 1543 1512 1582 ex
1544 1542 1605 1581 ea
1632 1525 1983 1595 appellatione

416 1630 667 1689 perpetua
696 1631 937 1675 maneret
960 1622 1211 1674 memoria
1232 1620 1452 1674 visionis
1478 1634 1595 1687 qum
1617 1619 1726 1673 illic
1745 1617 1793 1671 ei
1815 1617 1986 1671 conti-

411 1723 581 1782 gerat.
614 1712 811 1765 Deinde
828 1713 1213 1780 postvisionetn
1238 1713 1392 1775 hanc,
1412 1713 1465 1765 5.
1490 1710 1650 1773 Misit,
1672 1710 1987 1778 inquit,ante

412 1819 465 1855 se
493 1805 691 1855 nuntios
718 1803 785 1855 ad
824 1803 963 1856 Esau
990 1803 1198 1871 fratrem
1222 1819 1388 1867 suum,
1417 1811 1461 1855 et
1485 1802 1740 1854 mandavit
1779 1801 1847 1853 eis
1869 1841 1884 1865 ,
1904 1800 1987 1851 di-

414 1895 643 1947 cens:Sic
658 1894 830 1947 dicetis
850 1894 1052 1947 domino
1080 1910 1188 1947 meo
1210 1892 1509 1946 Esaii.Vide
1526 1902 1578 1946 et
1594 1900 1711 1959 post
1731 1890 1987 1943 visionem

413 1995 643 2054 quantus
671 1986 846 2039 adhuc
874 1986 1033 2038 timor
1063 1985 1279 2053 urgebat
1302 1983 1521 2052 justum.
1562 1980 1805 2035 Timebat
1845 1980 1987 2035 enim

414 2075 593 2129 fratris
618 2076 943 2141 violentiam,
972 2084 1027 2130 et
1057 2075 1349 2144 angebatur
1380 2074 1581 2138 animo,
1623 2088 1689 2126 ne
1716 2072 1849 2125 forte
1874 2086 1989 2124 me-

415 2167 583 2219 moria
605 2181 788 2220 eorum
815 2182 933 2234 quae
959 2167 1084 2220 olim
1114 2166 1248 2220 facta
1274 2176 1399 2219 sunt
1424 2165 1724 2234 impelleret
1750 2165 1894 2217 illum
1925 2162 1992 2217 ad

418 2255 657 2309 insidias.
705 2257 759 2310 4.
787 2256 972 2319 Dicite,
1004 2257 1192 2327 inquit,
1224 2257 1426 2309 domino
1452 2273 1561 2309 meo
1590 2255 1731 2309 Esau
1756 2270 1774 2308 :
1798 2254 1889 2308 Sic
1911 2255 1992 2307 di-

419 2349 485 2400 cit
533 2363 702 2401 servus
736 2357 850 2401 tuus
877 2347 1036 2401 Iacob
1076 2366 1094 2401 :
1126 2347 1431 2416 Peregrinus
1462 2348 1535 2417 {ui
1568 2363 1681 2399 cum
1723 2344 1919 2410 Laban,
1950 2354 1997 2399 et

423 2440 572 2508 longo
613 2449 833 2507 tempore
874 2440 941 2492 ibi
968 2448 1192 2492 moratus
1218 2456 1329 2492 sum
1356 2454 1511 2507 usque
1537 2454 1688 2502 nunc,
1720 2437 1774 2491 5.
1804 2446 1849 2489 et
1879 2452 1998 2489 con-

425 2531 640 2599 tigerunt
666 2530 788 2582 mihi
804 2530 978 2594 .boves,
1004 2540 1052 2583 et
1079 2530 1255 2595 asinte,
1286 2539 1333 2582 et
1361 2545 1492 2591 oves,
1525 2537 1571 2580 et
1597 2528 1741 2591 servi,
1767 2536 1813 2579 et
1833 2526 1996 2579 ancil-

425 2622 507 2683 ιω,
530 2631 575 2675 et
619 2622 730 2674 misi
773 2632 826 2673 ut
853 2622 1236 2675 annuntiaretur
1261 2620 1463 2673 domino
1505 2636 1614 2671 meo
1642 2618 1804 2681 Esaii,
1834 2628 1886 2671 ut
1913 2618 1997 2670 in-

425 2713 588 2765 veniat
613 2729 735 2781 puer
762 2724 875 2767 tuus
912 2714 1129 2783 gratiam
1157 2729 1326 2765 coram
1354 2724 1419 2765 te.
1472 2710 1698 2765 Attende
1734 2711 2001 2781 quomodo

433 2805 618 2858 timeat
654 2804 868 2858 fratrem
900 2820 913 2857 :
945 2814 998 2858 et
1046 2812 1322 2873 propterea
1374 2803 1584 2872 placare
1633 2817 1754 2857 cum
1794 2802 1998 2867 volens,

432 2895 717 2963 praemittat
740 2894 1041 2963 signiﬁcans
1065 2896 1114 2949 ci
1145 2904 1199 2949 et
1231 2895 1457 2949 reditum
1488 2911 1639 2950 suum
1667 2903 1722 2949 et
1747 2894 1995 2949 substan-

428 2986 688 3055 tiamqute
717 2985 817 3040 sibi
845 2987 1159 3054 contigerat,
1186 2995 1241 3040 et
1269 2985 1358 3039 ubi
1386 2994 1532 3038 tanto
1560 2994 1799 3053 tempore
1822 3000 2002 3037 mora-

431 3086 517 3130 tus
545 3076 722 3141 fuerit,
755 3085 813 3130 ut
839 3077 1046 3145 placato
1069 3076 1183 3145 ejus
1211 3076 1388 3129 furore
1426 3076 1748 3129 clementem
1777 3074 2003 3129 reddere

430 3169 600 3238 possit
629 3189 642 3223 :
688 3169 738 3221 id
786 3168 928 3237 quod
966 3179 1019 3223 et
1075 3167 1271 3222 factum
1320 3175 1428 3231 est,
1463 3168 1572 3222 Deo
1603 3174 1717 3221 'cor
1750 3167 1889 3221 illius
1913 3167 2005 3221 de-

433 3259 719 3324 mulcente,
743 3268 796 3313 et
822 3259 965 3313 illum
994 3258 1320 3313 tractabilem
1351 3259 1613 3312 exstincta
1634 3259 1711 3311 ira
1749 3257 1998 3313 faciente.

434 3352 565 3406 Nam
594 3352 635 3405 si
665 3352 933 3406 Labanum
961 3352 1050 3422 qui
1095 3360 1235 3405 tanta
1270 3350 1624 3405 concitatione
1651 3350 2005 3419 persequeba-

438 3454 543 3509 tur,
592 3443 847 3498 deterruit
877 3458 969 3512 per
1006 3458 1067 3497 ea
1096 3458 1215 3512 quae
1253 3441 1320 3496 ad
1352 3442 1522 3510 ipsum
1552 3441 1761 3496 dicebat
1794 3460 1806 3495 :
1839 3440 2007 3493 multo

437 3536 605 3605 magis
629 3536 843 3590 fratrem
871 3534 1277 3589 mansuetiorem
1308 3547 1432 3601 erga
1448 3532 1648 3601 justum
1678 3530 1926 3586 reddidit.
1950 3530 2007 3586 6.

439 3627 643 3682 Reversi
665 3636 780 3680 sunt
799 3636 988 3691 autem,
1014 3626 1201 3695 inquit,
1234 3626 1490 3678 dicentes:
1524 3622 1759 3677 Venimus
1801 3622 1869 3676 ad
1891 3623 2006 3689 fra-

446 3727 571 3770 trem
591 3726 750 3782 tuum,
780 3726 825 3768 et
863 3716 992 3769 venit
1025 3717 1080 3768 in
1116 3730 1376 3768 occursum
1396 3724 1555 3778 tuum,
1580 3723 1625 3767 et
1661 3713 2010 3784 quadringenti

440 3809 532 3862 viri
557 3825 669 3860 cum
689 3824 765 3861 eo.
786 3807 917 3861 Vide
932 3807 1196 3877 quomodo
1211 3818 1264 3862 et
1290 3807 1427 3861 istud
1450 3807 1621 3877 ipsum
1639 3816 1793 3876 auget
1809 3817 2008 3861 metum

440 3900 587 3969 justi.
620 3900 802 3969 Neque
845 3901 985 3954 enim
1013 3900 1213 3955 sciebat
1232 3898 1505 3953 evidenter
1525 3908 1758 3953 mentem
1786 3898 1965 3952 fratris
1994 3916 2006 3953 :

440 3992 532 4046 sed
551 4002 606 4046 ut
624 3991 804 4046 didicit
826 3991 1211 4046 multitudinem
1229 3990 1549 4045 venientium
1568 4005 1686 4044 cum
1704 3990 1811 4056 illo,
1833 3989 2013 4044 formi-

442 4084 606 4145 davit,
634 4083 907 4153 suSpicans
932 4100 999 4138 ne
1020 4085 1168 4153 quasi
1192 4084 1245 4137 in
1267 4082 1465 4137 bellum
1488 4092 1671 4136 contra
1697 4096 1755 4136 se
1782 4083 2008 4147 veniret,

449 4183 504 4229 et
532 4174 600 4227 ita
628 4174 787 4228 vellet
807 4188 1108 4227 occurrere.
1136 4173 1188 4226 7.
1217 4171 1405 4225 Timuit
1434 4172 1597 4238 enim,
1623 4171 1809 4239 inquit,
1831 4171 2010 4237 Iacob,

444 4274 492 4317 et
520 4265 783 4333 perplexas
820 4274 945 4317 erat.
988 4263 1238 4317 Formido
1268 4272 1498 4316 mentem
1535 4262 1651 4329 ejus
1684 4261 2012 4328 turbaverat,

446 4365 501 4409 et
550 4357 820 4410 nesciebat
870 4357 996 4426 quid
1050 4357 1266 4423 faceret,
1312 4355 1405 4410 sed
1446 4356 1640 4409 mansit
1681 4355 2010 4423 perplexus:

444 4456 726 4515 propterea
766 4446 940 4501 timuit
966 4448 1119 4515 quasi
1147 4447 1216 4501 de
1236 4447 1404 4501 salute
1435 4462 1549 4512 sua,
1582 4454 1871 4500 etmortem
1894 4456 2016 4500 ante

446 4538 631 4591 oculos
681 4538 901 4592 habens.
937 4537 1112 4591 Divisit
1138 4550 1304 4590 autem
1343 4538 1396 4590 in
1433 4539 1559 4589 duas
1592 4547 1782 4590 turmas
1820 4553 2016 4590 omnem

449 4628 694 4697 populum
719 4629 806 4699 qui
842 4646 1011 4683 secum
1054 4638 1180 4681 erat.
1207 4629 1259 4681 8.
1282 4627 1423 4680 Dixit
1448 4628 1599 4692 enim,
1639 4628 1699 4680 Si
1738 4627 1923 4680 venerit
1948 4627 2015 4680 ad

452 4731 669 4774 turmam
700 4737 874 4785 unam,
916 4730 962 4773 et
1004 4720 1303 4790 percusserit
1346 4736 1478 4785 eam,
1521 4720 1616 4773 erit
1645 4720 1809 4772 adhuc
1835 4720 2014 4785 altera,

448 4828 561 4883 qua:
588 4812 879 4865 salvabitur.
910 4812 1053 4864 Talia
1083 4804 1431 4880 suggerebant
1465 4811 1513 4865 ei
1547 4810 1703 4863 timor
1744 4819 1799 4864 et
1826 4824 2015 4879 magna

450 4903 695 4957 formido.
728 4902 927 4957 Videns
957 4912 1131 4956 autem
1162 4916 1220 4955 se
1262 4902 1409 4970 quasi
1451 4900 1501 4953 in
1536 4901 1633 4955 reti
1664 4901 2016 4969 comprehen-

451 5009 590 5059 sum,
619 4995 683 5047 ad
714 4994 962 5047 invictum
996 4990 1535 5059 Dontinumconfugit,
1567 4998 1620 5043 et
1644 4991 2019 5057 promissiones

452 5102 571 5155 quae
596 5087 643 5140 ei
672 5086 822 5139 factae
865 5094 1018 5139 erant
1037 5085 1224 5153 repetit
1252 5083 1320 5136 ab
1352 5082 1585 5134 monium
1612 5082 1737 5147 Deo,
1774 5083 1921 5151 quasi
1949 5082 2022 5137 di-

454 5191 582 5229 cens
624 5176 690 5230 ad
739 5192 859 5230 cum
894 5193 908 5230 :
948 5175 1097 5229 Nunc
1122 5174 1266 5227 venit
1290 5182 1495 5240 tempus
1530 5172 1580 5225 in
1597 5187 1701 5241 quo
1728 5183 1782 5226 et
1806 5182 2021 5242 propter

461 5268 931 5336 primogenitnrum
961 5267 1207 5319 virtutem
1237 5305 1251 5327 ,
1283 5270 1336 5316 et
1372 5270 1587 5329 propter
1617 5263 2020 5329 promissionem

458 5373 576 5425 qua:
605 5374 634 5410 a
662 5367 713 5411 te
742 5360 877 5411 facta
906 5367 988 5411 est
1021 5357 1170 5421 mihi,
1201 5355 1388 5423 dignus
1422 5352 1615 5407 habear
1640 5352 1729 5422 qui
1758 5364 1847 5407 tuo
1874 5355 2021 5422 adju-

463 5461 559 5498 ver
599 5447 862 5512 praesidio.
893 5447 951 5503 9.
996 5446 1137 5499 Dixit
1171 5446 1312 5499 enim
1338 5445 1496 5499 Iacob
1526 5462 1543 5499 :
1573 5444 1709 5497 Deus
1738 5446 1892 5511 patris
1926 5446 2021 5497 mei

462 5535 737 5601 Abraham,
761 5547 805 5589 et
840 5537 977 5591 Deus
1012 5538 1169 5601 patris
1193 5537 1290 5589 mei
1315 5535 1481 5599 Isaac,
1503 5548 1555 5589 tu
1575 5536 1661 5602 qui
1680 5536 1851 5588 dixisti
1877 5537 2018 5602 milii,

474 5622 611 5676 Vade
643 5628 695 5678 in
739 5639 920 5680 terram
957 5628 1226 5681 nativitatis
1246 5637 1381 5690 tute;
1425 5628 1511 5696 qui
1543 5627 1768 5680 evocasti
1798 5641 1899 5687 me,
1938 5626 2021 5679 in-

467 5714 598 5787 quit,
626 5716 689 5770 de
718 5726 855 5772 terra
881 5719 1069 5785 aliena,
1099 5729 1151 5774 ct
1182 5718 1476 5789 prtcccpisti
1508 5728 1563 5774 ut
1588 5718 1815 5773 redirem
1840 5719 1904 5772 ad
1934 5734 2023 5788 pa-

1099 407 1155 463 S.
1196 406 1473 463 JOANNIS
1516 397 1989 460 CllliYSOSTOMl
2031 397 2347 457 ARCHIEP.
2388 401 2919 461 CONSTANTINOP.

3531 404 3647 460 508

2081 520 2214 565 trem
2246 529 2441 579 meum,
2483 526 2538 570 et
2563 516 2615 569 in
2645 526 2837 571 terram
2869 517 3191 571 nativitatis:
3222 516 3312 572 1ο.
3354 515 3493 572 Satis
3511 518 3643 569 mihi

2075 607 2139 658 sit
2164 609 2182 637 ³
2208 607 2273 660 de
2296 609 2435 660 omni
2455 610 2655 677 justitia
2676 619 2721 663 et
2741 611 2966 677 veritate,
2990 626 3140 680 quam
3168 612 3327 680 fecisti
3345 625 3501 680 puero
3530 619 3639 661 tuo.

2076 696 2313 751 Sufficiat
2342 699 2489 766 mihi,
2520 700 2706 770 inquit,
2738 703 2803 755 ad
2834 702 3125 757 subsidium
3155 703 3206 756 in
3233 700 3638 770 prmaentitem-

2078 801 2227 856 pore.
2255 787 2353 854 Qui
2385 791 2524 844 enim
2548 806 2712 861 usque
2736 792 2800 846 ad
2814 808 3049 862 prasens
3074 803 3277 863 tempus
3304 800 3501 846 tantam
3520 806 3644 860 erga

2080 892 2166 931 me
2192 878 2469 933 declarasti
2498 882 2903 949 providentiam,
2928 892 3080 952 potes
3105 884 3263 938 etiam
3286 898 3426 936 nunc
3440 882 3649 951 eripere

2080 984 2168 1023 me
2199 970 2266 1023 ab
2303 974 2609 1041 urgentibus
2641 975 2907 1044 periculis.
2944 975 3059 1029 Non
3088 977 3229 1030 enim
3260 976 3445 1045 ignoro
3464 1016 3479 1038 ,
3504 972 3651 1042 quod

2084 1062 2151 1117 In
2200 1065 2295 1118 isto
2332 1065 2507 1120 baculo
2540 1085 2649 1121 meo
2677 1070 2883 1122 transivi
2917 1067 3194 1122 Iordanem
3234 1084 3252 1123 :
3293 1068 3385 1123 sed
3433 1075 3649 1136 propter

2085 1163 2225 1209 tuam
2262 1156 2329 1211 de
2353 1172 2438 1211 me
2464 1158 2870 1213 sollicitudinem
2894 1202 2909 1225 ,
2937 1159 3028 1230 qui
3055 1160 3295 1213 baculum
3348 1159 3522 1214 solum
3550 1169 3654 1225 ge-

2087 1256 2235 1301 stans
2268 1248 2404 1302 abivi
2436 1250 2487 1304 in
2507 1258 2701 1304 terram
2729 1252 2976 1315 alienam,
3010 1250 3162 1304 Nunc
3184 1267 3297 1303 cum
3321 1250 3513 1302 duabus
3538 1257 3654 1300 tur-

2087 1338 2182 1390 mis
2203 1338 2400 1391 adveni.
2426 1337 2502 1393 Tu
2529 1340 2704 1408 igitur,
2748 1340 2991 1406 Domine,
3022 1342 3111 1411 qui
3139 1350 3336 1394 tantam
3367 1338 3496 1393 mihi
3521 1337 3656 1391 sub-

2088 1430 2335 1483 stantiam
2384 1430 2600 1499 largitus
2650 1446 2709 1485 es
2741 1472 2756 1497 ,
2796 1432 2883 1501 qui
2913 1442 3112 1485 tantum
3145 1433 3522 1486 incrementum
3561 1428 3661 1481 de:-

2088 1518 2232 1583 dlsti,
2264 1535 2403 1574 nunc
2441 1522 2527 1575 11.
2574 1522 2732 1591 Eripe
2771 1538 2849 1575 me
2877 1523 2939 1575 de
2978 1538 3133 1574 manu
3158 1522 3330 1592 fratris
3354 1522 3450 1572 mei
3472 1517 3609 1572 Esas't
3636 1533 3657 1571 :

2088 1615 2205 1683 quia
2238 1614 2385 1667 timeo
2424 1631 2514 1685 ego
2535 1630 2666 1677 eum,
2700 1632 2763 1668 ne
2805 1618 2932 1685 forte
2982 1617 3224 1684 percutiat
3258 1629 3357 1677 me,
3378 1622 3424 1665 et
3449 1622 3667 1664 matrem

2092 1721 2203 1758 cum
2244 1707 2430 1772 pueris.
2461 1706 2550 1760 12.
2580 1705 2657 1759 Tu
2677 1707 2849 1761 dixisti
2873 1723 2885 1759 :
2909 1704 3231 1774 Benefaciam
3255 1704 3362 1769 tibi,
3402 1716 3450 1756 et
3477 1716 3667 1771 ponam

2092 1812 2257 1849 semen
2294 1806 2435 1849 tuum
2463 1798 2589 1849 sicut
2625 1814 2831 1863 arenam
2865 1799 3040 1864 maris,
3075 1812 3187 1866 qua:
3211 1796 3463 1849 numerari
3489 1794 3657 1863 nequit

2095 1906 2201 1960 pra!
2218 1890 2553 1943 multitudine.

2165 1983 2218 2037 2.
2247 1983 2405 2037 Iacob
2443 1983 2566 2051 petit
2600 2000 2632 2035 a
2665 1980 2774 2037 Deo
2806 1992 2863 2037 ut
2894 1999 3012 2037 suas
3041 1980 3391 2051 promissiones
3417 1979 3624 2046 impleat
3646 1994 3670 2041 ;

2097 2074 2303 2127 luctatio
2320 2072 2498 2127 Iacobi
2533 2090 2647 2127 cum
2675 2074 2850 2144 angelo
2873 2089 2892 2137 ;
2915 2074 3120 2127 mutatio
3157 2072 3373 2127 nominis
3390 2073 3441 2124 in
3463 2070 3626 2123 Israel
3646 2087 3673 2134 ;

2098 2184 2189 2221 cur
2215 2168 2437 2221 humana
2462 2168 2627 2238 ﬁgura
2649 2178 2925 2237 appareant
2959 2165 3146 2236 angeli.
3172 2195 3241 2205 —-
3271 2165 3403 2218 Vide
3426 2164 3551 2232 justi
3581 2177 3671 2216 re—

2100 2257 2343 2327 ligiosum
2363 2259 2619 2323 animum,
2637 2268 2694 2313 et
2716 2260 2936 2327 probum
2962 2258 3206 2312 affectum
3235 2274 3248 2310 :
3280 2253 3547 2325 quomodo
3565 2268 3675 2306 non

2101 2351 2243 2405 aliud
2272 2352 2552 2405 Dominum
2582 2360 2843 2420 precatur,
2879 2367 3035 2421 quam
3063 2358 3122 2404 ut
3147 2364 3270 2403 suas
3292 2348 3677 2418 promissiones

2102 2442 2407 2512 adimpleat.
2424 2442 2492 2496 Et
2510 2442 2577 2497 de
2601 2442 2862 2512 prioribus
2878 2441 3111 2495 exhibita
3135 2441 3419 2509 gratiarum
3439 2438 3687 2499 actione,

2103 2536 2478 2604 confessusque
2513 2550 2570 2589 se
2591 2534 2788 2588 nudum
2820 2543 2874 2589 et
2893 2533 3138 2588 omnibus
3156 2532 3465 2587 destitutum
3488 2528 3537 2582 in
3564 2537 3680 2579 tan-

2106 2636 2213 2680 tam
2245 2626 2547 2694 pervenisse
2575 2622 3247 2693 abundantiam,supplicat
3272 2630 3329 2673 ut
3349 2619 3416 2674 de
3437 2617 3679 2688 periculo

2107 2734 2167 2773 se
2211 2719 2417 2774 liberet.
2469 2717 2650 2772 Dixisti
2690 2718 2855 2780 enim,
2884 2715 3072 2785 inquit,
3103 2713 3301 2768 Ponant
3345 2728 3509 2765 semen
3535 2720 3679 2761 tuum

2107 2810 2236 2863 sicut
2259 2825 2463 2861 arenam
2492 2808 2666 2872 maris,
2693 2822 2806 2876 qua:
2829 2805 3135 2859 dinumerari
3158 2802 3341 2871 nequit.
3361 2800 3495 2854 Cum
3520 2799 3687 2867 igitur

2111 2901 2403 2955 orationem
2433 2914 2581 2953 suam
2605 2898 2670 2952 ad
2700 2898 2867 2952 Deum
2890 2896 3124 2961 fecisset,
3155 2904 3209 2949 et
3236 2893 3677 2961 supplicationem

2110 3007 2323 3061 precum
2354 2990 2651 3055 obtulisset,
2673 2989 2797 3042 facit
2820 2997 2874 3043 et
2901 3004 3051 3041 suum
3069 2987 3321 3039 officium.
3359 2984 3424 3037 Et
3443 2982 3695 3049 acceptis

2109 3086 2439 3148 muneribus.
2479 3084 2667 3154 inquit,
2699 3100 2763 3137 ex
2799 3084 2863 3137 iis
2892 3097 3009 3150 qua:
3035 3080 3308 3143 afferebat,
3334 3078 3475 3131 misit
3503 3076 3693 3137 fratri,

2108 3195 2227 3235 cum
2246 3187 2574 3249 segregasset
2590 3192 2705 3247 quae
2723 3156 3075 3237 mitterentur,
3095 3184 3147 3227 et
3163 3172 3409 3227 mandata
3426 3170 3685 3228 dedisset.

2110 3273 2179 3326 ita
2220 3281 2276 3325 ut
2324 3271 2627 3341 placaretur
2650 3269 2806 3323 etiam
2851 3282 2947 3335 per
2976 3265 3133 3320 verba
3163 3263 3371 3317 animus
3398 3261 3598 3321 fratris,
3633 3268 3686 3312 et

2111 3378 2238 3417 suus
2272 3363 2604 3417 nuntiaretur
2643 3360 2899 3414 adventus
2934 3358 3001 3427 (v.
3047 3358 3133 3410 15.
3164 3354 3331 3423 -19).
3376 3353 3465 3407 20.
3514 3350 3681 3403 Dicite

2112 3455 2277 3519 enim,
2302 3454 2490 3523 inquit,
2524 3451 2655 3505 Ecce
2679 3467 2801 3518 puer
2829 3460 2943 3503 tuus
2974 3448 3172 3501 advenit
3199 3455 3309 3515 post
3335 3459 3464 3505 nos;
3491 3454 3549 3496 ut
3575 3443 3683 3510 pri-

2114 3560 2256 3599 mum
2272 3528 2582 3598 redderetur
2602 3542 2819 3603 amicus,
2854 3551 2906 3593 et
2924 3549 3046 3592 tunc
3068 3539 3118 3590 in
3146 3536 3330 3590 faciem
3353 3535 3469 3603 ejus
3492 3548 3688 3587 occur-

2113 3644 2276 3691 reret.
2301 3634 2525 3689 Posthac
2560 3634 2712 3696 enim,
2749 3632 2938 3699 inquit,
2975 3628 3148 3683 videbo
3170 3628 3348 3697 faciem
3378 3627 3487 3695 ejus
3513 3640 3530 3678 :
3557 3624 3691 3692 forte

2115 3730 2247 3782 enim
2282 3736 2488 3795 accepta
2526 3725 2619 3778 erit
2661 3725 2706 3777 ei
2744 3723 2898 3794 facies
2938 3738 3065 3774 mea.
3104 3720 3193 3773 2i.
3227 3718 3291 3772 Et
3330 3715 3691 3769 antecedebant

2117 3820 2251 3873 dona
2291 3816 2564 3870 secundum
2609 3815 2787 3884 faciem
2826 3814 2954 3884 ejus.
2998 3812 3194 3865 Verum
3243 3808 3384 3873 vide,
3438 3808 3693 3869 obsecro,

2117 3909 2435 3966 ineffabilem
2466 3906 2559 3961 Dei
2580 3905 2936 3967 clementiam,
2968 3913 3020 3957 et
3041 3901 3306 3972 quomodo
3324 3914 3536 3967 semper
3556 3912 3689 3950 con-

2116 4017 2248 4071 gruo
2264 4009 2505 4069 tempore
2521 4014 2669 4053 suam
2687 3996 2918 4051 declarat
2932 3993 3336 4063 providentiam.
3352 3989 3485 4046 Nam
3505 3989 3571 4042 de
3589 3988 3691 4042 La-

2118 4094 2222 4149 han
2239 4092 2451 4161 quidem
2465 4088 2715 4159 quoniam
2732 4088 2906 4157 justus
2920 4086 3048 4139 nihil
3068 4085 3174 4137 tale
3189 4082 3579 4151 suspicabatur,
3601 4094 3692 4132 ne-

2119 4202 2222 4256 que
2252 4184 2452 4239 sciebat
2478 4182 2749 4236 Labanum
2779 4195 2899 4233 cum
2930 4187 3070 4232 tanta
3094 4178 3144 4232 vi
3176 4176 3425 4230 invadere
3453 4189 3511 4227 se
3530 4173 3696 4238 velle,

2121 4287 2178 4331 ut
2200 4276 2336 4329 clam
2367 4281 2667 4341 susceptum
2704 4270 2771 4323 ab
2797 4284 2856 4324 se
2902 4268 3192 4322 discessum
3218 4266 3581 4324 ulcisceretur,
3608 4261 3695 4314 di-

2120 4377 2264 4421 ctum
2286 4375 2368 4420 est
2386 4365 2693 4434 apparuisse
2707 4361 2948 4429 angelum
2971 4368 3130 4412 noctu
3157 4357 3390 4415 Labano,
3410 4364 3461 4408 et
3487 4369 3697 4422 repres-

2122 4462 2255 4515 sisse
2301 4459 2417 4528 ejus
2468 4458 2743 4525 impetum,
2798 4452 3206 4516 mandatumque
3245 4447 3456 4501 dedisse
3498 4462 3566 4499 ne
3607 4445 3697 4497 vel

2122 4567 2365 4619 aSpernm
2395 4548 2611 4603 verbum
2639 4547 2940 4615 loqueretur
2958 4543 3121 4597 Jacob
3144 4547 3162 4592 τ’
3187 4540 3395 4593 dicebat
3419 4537 3584 4596 enim.
3614 4535 3708 4589 Ne

2124 4641 2343 4711 loquaris
2368 4656 2479 4691 cum
2496 4636 2654 4690 Iacob
2679 4636 2813 4687 mala
2831 4632 2978 4705 (Gen.
3004 4633 3090 4686 ⁸51.
3113 4630 3209 4699 Si)
3242 4649 3254 4682 :
3279 4640 3334 4684 ct
3361 4630 3461 4682 hoc.
3490 4629 3561 4681 ita
3587 4627 3698 4680 dis-

2124 4732 2394 4801 pensabat,
2426 4745 2529 4797 quo
2550 4742 2642 4796 per
2662 4727 2797 4779 illius
2817 4724 3047 4792 linguam
3075 4731 3255 4774 notum
3281 4719 3429 4773 fieret
3449 4719 3616 4790 justo,
3641 4724 3700 4768 ut

2125 4821 2388 4876 fidentiori
2420 4828 2562 4873 esset
2592 4818 2768 4869 animo
2794 4826 3065 4882 comperta
3094 4820 3236 4865 tanta
3267 4811 3358 4864 Dei
3399 4811 3451 4863 in
3479 4824 3537 4861 se
3568 4822 3697 4876 pro-

2123 4914 2370 4969 videntia.
2402 4911 2549 4964 Nunc
2578 4918 2773 4972 autem,
2805 4906 2926 4975 quia
2967 4905 3128 4958 frater
3165 4903 3421 4971 temporis
3462 4900 3697 4967 longitu-

2126 5007 2248 5061 dine
2290 5004 2556 5072 mitigatus
2599 5009 2733 5062 erat,
2768 4998 3142 5066 quieveratque
3186 4993 3264 5047 ira
3311 5002 3363 5046 et
3408 4992 3705 5059 indignatio

2127 5107 2311 5153 contra
2339 5095 2500 5150 Jacob
2531 5109 2546 5146 :
2579 5092 2663 5145 hic
2689 5099 2862 5144 autem
2889 5088 3077 5141 anxius
3104 5094 3237 5148 erat,
3269 5086 3461 5137 timens
3493 5093 3548 5137 et
3586 5093 3697 5134 tre.

2128 5204 2279 5243 meus
2320 5186 2494 5240 fratris
2536 5196 2813 5236 occursum
2862 5197 2875 5231 :
2921 5180 3092 5233 bonus
3138 5177 3394 5231 Dominus
3437 5190 3542 5227 non
3587 5173 3696 5239 jam

2129 5278 2271 5332 Esau
2300 5275 2553 5345 prmcipit,
2583 5271 2736 5344 (nihil
2763 5271 2901 5325 enim
2931 5277 3116 5322 contra
3156 5265 3371 5320 fratrem
3403 5262 3697 5316 meditaba-

2129 5370 2258 5436 tur),
2291 5368 2380 5421 sed
2411 5368 2607 5434 justum
2636 5364 2853 5418 solatur.
2880 5361 3009 5414 Nam
3037 5369 3315 5428 postquam
3356 5357 3585 5408 misisset
3611 5352 3697 5406 of-

2130 5460 2359 5513 ferentes
2390 5471 2628 5521 munera,
2656 5465 2711 5509 et
2733 5453 3085 5516 dormivisset,
3113 5448 3202 5502 22.
3232 5446 3536 5501 Surrexitin
3557 5454 3700 5496 nocte

2129 5552 2239 5617 illa,
2272 5560 2318 5603 et
2345 5566 2523 5604 uxores
2552 5551 2677 5603 duas
2705 5556 2752 5601 et
2779 5546 2912 5615 ﬁlios
2939 5544 3213 5598 transmisit
3254 5542 3307 5593 in
3348 5540 3563 5593 transitu
3596 5536 3698 5590 Ia-

2193 5689 2210 5719 ι
2246 5692 2382 5732 Juxta
2419 5681 2554 5732 Coisl.
2582 5680 2845 5743 legendum
2882 5683 2990 5727 est:
3017 5674 3139 5727 satis
3178 5672 3296 5723 nini
3326 5678 3423 5730 est,
3446 5677 3499 5720 et
3535 5667 3701 5719 intra:

2130 5746 2305 5805 sumat
