4038 6358
345 225 454 280 507

341 334 542 406 πυρίας
561 334 795 407 ἐστιτήν
817 335 1080 405 ὠφέλειαν
1101 337 1296 408 καρπώ
1306 337 1510 393 τασθαι.
1543 337 1911 398 Ἀπελθόντος,

340 419 498 487 φησὶ,
533 417 630 470 τοῦ
672 419 857 472 Λάϐαν
897 421 975 482 εἰς
999 420 1089 473 τὸν
1126 417 1273 472 οἷκον
1319 421 1505 482 αὑτοῦ,
1548 423 1657 475 Καὶ
1711 419 1920 473 Ἰακὼϐ

338 501 620 570 ἀπῆλθεν
662 505 750 566 εἰς
790 501 903 570 τὴν
939 503 1155 557 ἑαυτοῦ
1203 503 1382 568 ὁδὸν,
1419 504 1517 558 καί
1568 502 1917 571 ἀναϐλέψας

335 583 463 640 εἶδε
523 585 911 655 παρεμϐολὴν
973 586 1119 640 Θεοῦ
1174 587 1763 656 παρεμϐεϐληκυῖαν,
1816 585 1914 638 καί

333 669 742 736 συνήντησαν
776 667 936 733 αὐτῷ
966 671 1020 722 οἱ
1066 668 1306 739 ἄγγελοι
1348 670 1452 724 τοῦ
1490 669 1654 724 Θεοῦ.
1700 666 1916 738 Ἐπειδὴ

333 757 469 826 γὰρ,
517 752 869 822 παυσαμένου
907 751 1002 805 τοῦ
1033 752 1200 820 φόϐου
1250 753 1345 806 τοῦ
1389 753 1576 806 Λάϐαν
1620 752 1715 806 καὶ
1764 749 1916 813 τέλος

333 837 646 907 εἰληφότος,
678 836 944 904 διεδέχετο
968 828 1152 888 λοιπὸν
1180 837 1208 889 6
1237 835 1400 904 φόϐος
1422 835 1516 889 τοῦ
1551 832 1800 902 ἀδελφοῦ,
1829 831 1916 886 διὰ

330 919 500 972 τοῦτο
543 922 571 973 6
609 919 991 989 φιλάνθρωπος
1042 919 1318 988 Δεσπότης
1373 918 1787 991 παραθαρρῦναι
1825 916 1915 975 τὸν

331 1003 548 1058 δίκαιον
605 1003 958 1074 βουλόμενος,
1009 1004 1103 1056 καὶ
1149 1005 1332 1056 πᾶσαν
1369 1003 1534 1056 αὐτοῦ
1565 1002 1663 1072 τὴν
1708 1000 1914 1055 δειλίαν

329 1087 728 1145 ἀποσκεδάσαι,
763 1085 1174 1156 παρεσκεύασεν
1205 1087 1366 1139 αὑτὸν
1394 1087 1501 1139 τῶν
1539 1085 1784 1154 ἀγγέλων
1816 1083 1914 1154 τὴν

331 1169 692 1240 παρεμϐολὴν
730 1169 878 1223 ἰδεῖν.
914 1168 1317 1236 Συνήντησαν
1356 1170 1464 1237 γὰρ
1509 1168 1689 1234 αὐτῷ,
1727 1167 1914 1237 φησὶν,

328 1255 389 1306 οἱ
411 1252 653 1322 ἄγγελοι
673 1249 778 1304 τοῦ
801 1250 970 1304 Θεοῦ.
987 1251 1094 1304 Kal
1117 1247 1288 1304 εἶπεν
1304 1251 1503 1306 Ἰακώϐ
1518 1269 1532 1281 ·
1560 1249 1910 1319 Παρεμϐολὴ

332 1335 489 1389 Θεοῦ
534 1335 707 1400 αὓτη.
761 1333 870 1386 Καὶ
908 1331 1164 1387 ἐκάλεσε
1218 1332 1287 1386 τὸ
1333 1334 1521 1402 ὄνομα
1574 1332 1678 1387 τοῦ
1727 1335 1914 1388 τόπου

327 1420 600 1484 ἐκείνου,
646 1417 1084 1484 ιιαρεμϐολαία,
1115 1414 1253 1468 ὥστε
1284 1417 1348 1470 ἐκ
1397 1417 1495 1486 τῆς
1546 1417 1915 1486 προσηγορίας

330 1503 562 1570 διηνεκῆ
594 1500 693 1569 τὴν
721 1499 1028 1569 ὑπόμνησιν
1055 1493 1194 1552 εἶναι
1227 1499 1324 1568 τῆς
1357 1499 1729 1569 γεγενημένης
1767 1499 1915 1570 αὑτῷ

331 1585 520 1637 ἐκεῖσε
560 1581 846 1644 ὀπτασίας.
892 1576 1026 1634 Εἶτα
1075 1581 1213 1651 μετά
1255 1581 1352 1652 τὴν
1383 1582 1652 1636 ὀπτασίαν
1679 1582 1912 1653 ταύτην,

345 1667 721 1727 Ἀπέστειλε,
768 1665 969 1735 φησὶν,
1021 1663 1359 1734 ἔμπροσθεν
1401 1664 1586 1719 αὑτοῦ
1619 1663 1914 1734 ἀγγέλους

329 1751 486 1818 πρὸς
526 1749 718 1804 Ἡσαῦ
752 1741 867 1802 τὸν
900 1747 1166 1817 ἀδελφὸν
1197 1748 1407 1812 αὑτοῦ,
1445 1748 1542 1801 καί
1577 1749 1914 1802 ἐνετείλατο

328 1833 562 1902 λέγων·
596 1833 794 1896 Οὕτως
821 1830 1005 1899 ἐρεῖτε
1046 1829 1126 1896 τῷ
1155 1831 1340 1898 κυρίῳ
1377 1849 1498 1899 μου
1539 1830 1738 1884 Ἠσαῦ.
1773 1829 1914 1899 ’Όρα

331 1919 429 1969 καὶ
461 1916 602 1987 μετά
631 1916 728 1985 τὴν
755 1915 876 1984 ὄψιν
910 1915 1074 1978 πόσος
1103 1914 1182 1967 ἔτι
1203 1917 1231 1968 6
1249 1916 1421 1983 ,φόϐος
1449 1915 1700 1967 ἐπέκειτο
1728 1912 1804 1984 τῷ
1831 1913 1912 1966 δι-

330 1999 496 2069 καίῳ.
535 1999 821 2051 Ἐδεδοίκει
866 1997 975 2068 γὰρ
1019 1998 1112 2050 τοῦ
1161 1997 1388 2066 ἀδελφοῦ
1431 1997 1529 2068 τὴν
1569 1997 1781 2069 ὁρμὴν,
1823 1997 1915 2049 καὶ

328 2083 566 2151 ἠγωνία,
599 2083 734 2152 μὴή
777 2082 965 2152 μνήμη
993 2080 1102 2133 τῶν
1141 2083 1269 2150 πρὶν
1300 2079 1393 2133 ὑπ’
1421 2079 1585 2134 αὐτοῦ
1613 2079 1914 2148 γεγενημέ-

326 2183 437 2219 νων
466 2167 546 2228 εἱς
575 2165 674 2236 τὴν
706 2163 824 2217 κατ’
853 2163 1018 2216 αὐτοῦ
1056 2163 1243 2231 ἔφοδον
1283 2165 1636 2235 παρορμήσῃ.
1668 2163 1911 2227 Εἴπατε,

328 2247 490 2319 φησὶ,
517 2247 596 2300 τῶ
623 2248 805 2314 κυρίῳ
816 2265 935 2316 μου
966 2246 1145 2300 Ἠσαῦ
1163 2263 1175 2275 ·
1211 2247 1374 2300 Οὕτω
1395 2248 1556 2317 λέγει
1578 2250 1609 2300 ό
1636 2245 1775 2312 παῖς
1796 2263 1912 2299 σου

341 2332 573 2386 Ἰακώϐ·
592 2330 754 2384 Μετὰ
777 2330 980 2383 Λάϐαν
1000 2328 1348 2397 παρῴκησα,
1369 2330 1466 2382 καί
1493 2330 1781 2400 ἐχρόνισα
1801 2328 1913 2396 ἕως

325 2416 438 2469 τοῦ
455 2415 591 2475 νῦν,
608 2415 706 2468 καί
721 2414 999 2482 ἐγένοντό
1008 2431 1108 2482 μοι
1120 2411 1267 2478 βόες
1284 2414 1380 2467 καί
1399 2415 1525 2468 ὄνοι
1540 2413 1638 2467 καί
1651 2415 1914 2481 πρόϐατα

326 2497 431 2551 καὶ
448 2497 659 2562 παῖδες
678 2497 777 2549 καὶ
805 2495 1139 2557 παιδίσκαι,
1159 2497 1255 2549 καὶ
1283 2496 1612 2550 ἀπέστειλα
1636 2495 1716 2561 τῷ
1731 2495 1913 2564 κυρίῳ

325 2601 468 2652 μου,
483 2583 584 2634 ἵνα
597 2581 741 2648 εὕρῃ
756 2583 787 2633 ὀ
799 2579 938 2645 παῖς
949 2594 1066 2633 σου
1082 2581 1360 2634 ἐναντίον
1373 2595 1488 2633 σου
1501 2579 1699 2648 χάριν.
1713 2579 1911 2632 Σκόπει

328 2665 450 2728 πῶς
487 2664 690 2717 δέδοικε
712 2663 803 2715 τὸν
828 2664 1075 2732 ἀδελφὸν,
1110 2665 1203 2716 καὶ
1236 2663 1322 2716 διά
1368 2661 1525 2716 τοῦτο
1560 2663 1912 2734 ἐξευμενίσα-

329 2749 458 2800 σθαι
488 2748 650 2801 αὐτὸν
686 2747 1029 2817 βουλόμενος,
1060 2746 1485 2815 προαποστέλλει
1513 2745 1733 2816 μηνύων
1762 2745 1913 2817 αὐτῷ

327 2832 428 2900 τήν
471 2849 528 2883 τε
567 2831 774 2883 οἰκείαν
816 2829 1093 2895 ἐπάνοδον,
1124 2833 1222 2901 τήν
1263 2847 1323 2882 τε
1366 2830 1734 2900 γεγενημένην
1765 2829 1913 2902 αὐτῷ

330 2913 674 2985 περιουσίαν,
703 2915 798 2967 καὶ
841 2916 974 2977 ὅπου
1007 2915 1097 2966 τὸν
1131 2913 1346 2966 ἅπαντα
1392 2913 1656 2966 διετέλεσε
1701 2913 1909 2983 χρόνον,

329 2999 421 3052 ἵνα
457 2998 701 3067 μαλάξας
732 2997 897 3050 αὑτοῦ
926 2997 1018 3052 τὸν
1061 2997 1252 3068 θυμόν,
1290 2997 1498 3068 ἥμερον
1543 2995 1703 3049 αὐτὸν
1743 3013 1912 3050 κατα-

332 3081 531 3152 στῆσαι
560 3080 793 3151 δυνηθῇ·
838 3080 865 3133 ὃ
907 3080 970 3150 δὴ
1001 3081 1094 3132 καὶ
1123 3080 1438 3150 γεγένηται,
1476 3079 1570 3132 τοῦ
1594 3091 1596 3093 ’
1618 3079 1753 3132 Θεοῦ
1782 3097 1913 3133 κατ-

331 3165 662 3226 ευνάσαντος
697 3162 862 3218 αὐτοῦ
897 3163 996 3234 τὴν
1034 3163 1258 3234 καρδίαν
1281 3202 1296 3226 ,
1341 3163 1434 3214 καὶ
1479 3161 1771 3224 σϐέσαντος
1812 3163 1911 3232 τὴν

329 3249 504 3318 ὀργὴν
557 3245 745 3309 αὐτοῦ,
779 3247 876 3300 καὶ
910 3247 1117 3317 ἥμερον
1149 3244 1314 3297 αὐτὸν
1351 3245 1810 3316 καταστήσαντος.
1849 3245 1911 3297 Εἰ

331 3332 442 3402 γὰρ
476 3331 569 3383 τὸν
595 3329 779 3383 Λάϐαν
817 3330 909 3383 τὸν
952 3328 1088 3399 μετὰ
1127 3327 1395 3396 τοσαύτης
1427 3328 1604 3399 ὁρμῆς
1647 3327 1913 3380 καταδιώ..

332 3414 523 3480 ξαντα,
549 3414 609 3466 ἐν
627 3411 866 3483 τοσούτῳ
897 3413 1045 3481 φόϐῳ
1071 3410 1322 3479 γενέσθαι
1344 3409 1722 3481 παρεσκεύασε
1745 3411 1814 3463 δι’
1837 3403 1912 3462 ὧν

333 3498 473 3568 πρὸς
500 3497 665 3550 αὑτὸν
689 3493 833 3558 εἷπε,
867 3495 1044 3565 πολλῷ
1080 3494 1278 3565 μᾶλλον
1305 3494 1395 3547 τὸν
1432 3493 1658 3564 ἀδελφὸν
1691 3494 1912 3565 ἡμερώ-

331 3595 491 3647 τερον
541 3578 607 3630 ἂν
648 3577 900 3644 γενέσθαι
947 3573 1328 3644 παρεσκεύασε
1378 3574 1507 3644 περὶ
1547 3574 1640 3628 τὸν
1681 3574 1908 3627 δίκαιον.

348 3655 759 3724 Ἀνέστρεψαν
802 3654 888 3720 δὲ,
947 3654 1102 3724 φησὶ,
1161 3652 1478 3721 λέγοντεςο
1537 3651 1914 3722 Ἀπήλθομεν

335 3737 487 3804 πρὸς
513 3737 621 3791 τὸν
648 3736 914 3804 ἀδελφόν
940 3750 1079 3797 σου,
1105 3734 1203 3786 καί
1230 3735 1463 3802 ἔρχεται
1493 3736 1579 3799 εἰς
1603 3732 1912 3800 συνάντη-

335 3816 444 3868 σίν
459 3831 596 3878 σου,
618 3815 716 3868 καί
745 3814 1114 3882 τετρακόσιοι
1143 3813 1356 3880 ἄνδρες
1377 3815 1503 3880 μετ’
1530 3813 1734 3866 αὑτοῦ.
1761 3812 1910 3884 [565]

338 3895 481 3964 Ὅρα
523 3894 640 3957 πῶς
674 3893 768 3946 καὶ
803 3893 935 3947 αὐτὸ
967 3891 1123 3944 τοῦτο
1165 3893 1406 3944 ἐπέτεινε
1457 3890 1538 3960 τῷ
1581 3891 1776 3960 δικαίῳ
1822 3891 1912 3944 τὸν

336 3974 522 4043 φόϐον.
552 3973 687 4026 οὐδὲ
714 3972 824 4043 γάρ
852 3971 967 4041 ᾔδει
1013 3971 1105 4022 τὸν
1133 3971 1336 4023 σκοπὸν
1367 3968 1463 4021 τοῦ
1503 3969 1731 4038 ἀδελφοῦ
1774 3970 1911 4041 μετὰ

333 4055 642 4125 ἀκριϐείας,
659 4052 794 4106 ἀλλὰ
823 4051 1009 4122 μαθὼν
1033 4051 1092 4104 τὸ
1120 4050 1320 4121 πλῆθος
1345 4050 1451 4102 τῶν
1479 4049 1744 4103 συνόντων
1764 4049 1912 4121 αὐτῷ

331 4134 994 4202 ἐδεδοίκει,ὑφορώμενος
1033 4131 1106 4200 μὴ
1134 4129 1209 4191 ὡς
1255 4130 1389 4198 πρὸς
1442 4129 1676 4199 πόλεμον
1720 4147 1913 4200 παρα-

333 4213 764 4282 σκευασάμενος,
801 4210 940 4263 οὕτω
968 4209 1064 4281 τὴν
1105 4208 1408 4278 ὑπάντησιν
1437 4208 1765 4278 ποιήσασθαι
1792 4209 1913 4280 βού-

329 4294 513 4366 ληται.
551 4289 846 4360 Ἐφοϐήθη
886 4289 1024 4359 γὰρ,
1069 4290 1254 4359 φησὶν,
1296 4288 1530 4351 Ἰακὼϐ,
1568 4289 1666 4342 καὶ
1703 4289 1910 4357 διηπο-

328 4373 508 4442 ρεῖτο.
551 4370 610 4424 Ὀ
632 4370 794 4438 φόϐος
818 4367 982 4421 αὐτοῦ
1026 4367 1123 4438 τὴν
1157 4367 1397 4420 διάνοιαν
1431 4367 1774 4438 διετάρασσε,
1820 4368 1912 4421 καὶ

329 4451 432 4503 οὐκ
457 4449 574 4520 ᾔδει
604 4449 665 4500 τὸ
696 4448 750 4499 τί
787 4446 1005 4517 πράξει,
1035 4447 1150 4498 ἀλλ’
1189 4448 1248 4500 ἐν
1283 4445 1485 4517 ἀπορίᾳ
1516 4447 1792 4515 ἐγεγόνει·
1831 4448 1911 4501 διὸ

329 4530 408 4591 ὡς
441 4529 569 4599 περὶ¹
599 4526 693 4580 τοῦ
729 4526 927 4588 παντὸς
955 4525 1206 4588 δεδοικὼς
1229 4565 1242 4588 ,
1285 4527 1377 4580 καὶ⁸
1419 4525 1509 4578 τὸν
1547 4525 1773 4579 θάνατον
1806 4527 1912 4597 πρὸ

328 4606 624 4676 ὀφθαλμῶν
644 4605 799 4674 ἔχων,
825 4603 1044 4671 Διαιρεῐ
1060 4606 1145 4669 εἰς
1171 4603 1278 4658 δύο
1310 4605 1687 4673 παρεμϐολὰς
1717 4604 1912 4658 πάντα

329 4685 439 4738 τὸν
482 4685 635 4737 λαὸν
668 4683 775 4736 τὸν
809 4681 936 4751 μετ’
969 4681 1178 4734 αὐτοῦ.
1204 4677 1348 4735 Εἷπε
1379 4682 1510 4751 γὰρ.
1541 4682 1734 4753 φησίν·
1779 4684 1912 4737 Ἐὰν

328 4765 480 4831 ἔλθῃ
512 4767 599 4828 εἰς
643 4759 1029 4830 παρεμϐολὴν
1060 4761 1206 4829 μίαν
1247 4761 1345 4814 καί
1395 4763 1557 4830 κόψῃ
1606 4762 1821 4829 αὐτὴν,
1871 4764 1909 4831 ἠ

327 4841 581 4909 δευτέρα
611 4844 780 4896 ἔσται
809 4843 896 4906 εἰς
921 4839 986 4892 τὸ
1015 4838 1322 4898 σώζεσθαι.
1346 4840 1529 4892 Ταῦτα
1564 4841 1660 4910 μὲν
1696 4843 1724 4894 6
1749 4841 1911 4910 φόϐος

331 4923 677 4992 ὑπηγόρευσε
701 4922 795 4973 καὶ
833 4921 866 4990 ή
893 4918 1060 4988 πολλὴ
1095 4917 1282 4970 δειλία.
1323 4919 1498 4989 Ὁρῶν
1527 4920 1585 4971 δέ
1617 4921 1810 4972 ἑαυτὸν
1835 4920 1910 4982 ὡς

329 5005 390 5053 ἐν
417 5000 652 5062 δικτύοις
681 4997 1109 5068 ἀπειλημμένον,
1144 4999 1236 5049 ἐπὶ
1266 4997 1354 5050 τὸν
1379 4999 1592 5068 ἄμαχον
1630 4999 1910 5068 Δεσπότην

332 5079 688 5147 καταφεύγει,
717 5079 809 5130 καὶ
839 5078 937 5139 τάς
973 5075 1289 5144 ὑποσχέσεις
1321 5077 1418 5138 τὰς
1443 5079 1523 5138 εἰς
1557 5077 1718 5128 αὐτὸν
1749 5093 1909 5145 γεγε-

330 5161 570 5230 νημένας
603 5161 822 5212 ἀπαιτεῖ
846 5157 998 5228 παρά
1019 5157 1111 5208 τοῦ
1140 5157 1246 5209 τῶν
1277 5156 1412 5208 ὅλων
1437 5155 1597 5230 Θεοῦ,
1627 5161 1910 5228 μονονουχὶ

328 5229 508 5309 λέγων
535 5240 670 5310 πρὸς
697 5239 882 5291 αὐτόν’
903 5237 1015 5291 Νῦν
1039 5238 1160 5306 ἥκει
1185 5236 1392 5306 καιρὸς,
1425 5237 1480 5288 ἐν
1502 5229 1544 5302 ᾧ
1575 5237 1668 5288 καὶ
1695 5236 1784 5289 διὰ
1813 5239 1910 5309 τὴν

327 5322 442 5374 τῶν
481 5320 758 5391 προγόνων
791 5317 1007 5389 ἀρετὴν,
1034 5316 1128 5370 καὶ
1168 5316 1256 5368 διὰ
1282 5315 1380 5384 τὴν
1413 5314 1564 5386 παρά
1611 5315 1705 5368 σοῦ
1745 5335 1906 5385 γεγε-

329 5418 394 5470 νη
405 5401 572 5470 μένην
589 5399 878 5467 ὑπόσχεσιν
899 5397 1102 5458 δίκαιος
1120 5396 1184 5449 ἂν
1206 5396 1323 5465 εἴην
1350 5395 1565 5464 ἀπάσης
1594 5397 1907 5450 ἀπολαῦσαι

332 5481 672 5550 συμμαχίας.
700 5475 847 5531 Εἷπε
869 5479 1008 5548 γὰρ,
1039 5478 1224 5546 φησὶν,
1263 5475 1498 5530 Ἰακώϐ·
1537 5477 1600 5528 '0
1622 5478 1767 5544 Θεὸς
1802 5478 1906 5531 τοῦ

397 5619 428 5648 ⁸
465 5618 693 5678 Quinque
737 5629 849 5663 mss.
890 5615 1182 5678 παρεμϐολή.
1226 5614 1325 5662 Alii
1364 5616 1686 5677 παρεμϐολαί,
1739 5626 1792 5664 et
1837 5619 1909 5665 sic

331 5691 516 5750 legitur
555 5691 602 5736 in
625 5689 722 5742 τοῖς
745 5687 831 5745 0',
856 5685 940 5750 ubi
964 5685 1119 5750 primo
1153 5687 1258 5750 loco
1278 5685 1399 5733 illud
1430 5687 1719 5750 Hebraicum
1740 5691 1898 5739 nam:

332 5746 556 5807 Μιιιιαηε,
602 5752 714 5810 quia
762 5751 812 5795 in
855 5746 1088 5807 singulari
1138 5747 1368 5806 positum,
1411 5746 1620 5795 vertitur
1654 5751 1895 5810 παρεμϐο-

332 5822 411 5874 λή.
438 5822 664 5869 Secundo
683 5823 848 5868 autem
873 5818 982 5865 loco
1011 5817 1093 5864 ubi
1133 5819 1182 5864 in
1224 5817 1435 5867 Hebraeo
1484 5820 1671 5878 legitur
1708 5819 1897 5871 num:

333 5881 631 5936 Mahauaim.
653 5882 805 5932 forma
822 5879 1271 5939 ιίυιιιί,παρεμϐο).αί
1291 5887 1488 5930 vertunt
1505 5881 1645 5932 LXX.

1328 226 1392 280 IN
1429 224 1584 282 CAP.
1627 224 1819 280 xxx“
1852 223 2102 281 GENES.
2141 226 2374 285 llOMlL.
2411 209 2588 287 Lvnl.

2021 343 2245 408 πατρός
2264 361 2382 410 μου
2416 344 2689 412 Ἀϐραὰμ,
2718 343 2816 396 καί
2865 344 2898 398 6
2925 344 3068 410 Θεὸς
3096 345 3200 397 τοῦ
3224 345 3446 412 πατρός
3472 365 3599 415 μου

2037 422 2261 488 Ἰσαὰκ,
2297 425 2401 487 σὺ,
2447 428 2631 495 φησὶν,
2671 429 2703 480 ὁ
2755 426 2920 492 Θεὸς,
2957 432 2989 480 0'
3030 428 3213 481 εἰπών
3237 441 3373 495 μοι’
3422 428 3596 480 Ἀπό-

2021 520 2193 574 τρεχε
2217 509 2305 573 εἰς
2333 507 2447 574 τὴν
2471 509 2588 578 γῆν
2610 507 2717 576 τῆς
2738 509 3029 579 γενέσεώς
3058 525 3174 562 σου
3191 525 3203 538 ·
3237 514 3265 562 6
3289 511 3597 580 ἀναστήσας

2025 603 2112 656 με,
2147 591 2330 659 φησὶν,
2355 591 2464 644 ἀπὸ
2494 593 2594 660 τῆς
2620 592 2795 660 ξένης,
2829 592 2924 651 καί¹
2948 592 3255 662 προστάξας
3284 591 3598 644 ἐπανελθεῖν

2022 671 2156 742 πρὸς
2189 674 2280 725 τὸν
2307 673 2515 744 πατέρα
2544 675 2633 727 τὸν
2665 675 2792 728 ἴδιον
2822 676 2916 730 καὶ
2944 677 3023 736 εἰς
3057 673 3154 745 τὴν
3177 675 3278 743 γῆν
3315 675 3415 742 τῆς
3443 675 3597 742 γενέ-

2023 770 2192 817 σεως’
2233 756 2595 810 Ἰκανούσθω
2615 775 2718 825 μοι
2741 757 2769 796 ι)
2797 757 2914 810 ἀπὸ
2956 755 3160 823 πάσης
3183 756 3594 825 δικαιοσύνης,

2021 839 2120 889 καὶ
2150 838 2453 906 ἀληθείας,
2480 836 2556 911 ἧς
2576 840 2870 904 ἐποίησας
2905 837 2984 902 τῷ
3012 839 3177 891 παιδί
3205 854 3343 893 σου.
3382 841 3594 910 Ἀρκεί-

2022 919 2154 981 σθω,
2183 923 2338 990 φησί,
2368 921 2505 992 πρὸς
2541 923 2640 992 τὴν
2684 921 2776 973 ἐπὶ
2804 920 2896 973 τοῦ
2941 923 3203 992 παρόντος
3239 922 3431 992 καιροῦ
3461 941 3599 992 συμ-

2025 1002 2246 1070 μαχίαν.
2287 1004 2344 1057 Ὀ
2377 1004 2485 1074 γάρ
2529 1005 2687 1074 μέχρι
2722 1002 2816 1056 τοῦ
2855 1005 3119 1073 παρόντος
3165 1004 3432 1074 τοσαύτην
3475 1007 3594 1057 ἐπι-

2019 1083 2334 1155 δειξάμενος
2367 1087 2496 1157 περὶ
2530 1087 2628 1156 ἐμὲ
2670 1085 3014 1155 κηδεμονίαν,
3049 1086 3271 1149 δυνατὸς
3307 1082 3357 1138 εἷ
3384 1087 3479 1140 καὶ
3501 1086 3597 1140 νῦν

2021 1167 2327 1238 ἐξαρπάσαι
2372 1187 2438 1240 με
2469 1169 2578 1222 τῶν
2619 1170 2980 1238 ἐπικειμένων
3012 1187 3100 1239 μοι
3141 1170 3420 1224 κινδύνων.
3460 1171 3596 1223 Οὐδὲ

2021 1250 2129 1320 γὰρ
2156 1251 2354 1319 ἀγνοῶ,
2387 1253 2468 1306 ὅτι
2509 1254 2611 1307 Ἐν
2637 1251 2714 1320 τῇ
2743 1253 2945 1320 ῥάϐδῳ
2977 1270 3096 1320 μου
3129 1255 3313 1322 ταύτῃ
3345 1252 3599 1321 διῆλθον

2020 1333 2128 1386 τὸν
2168 1334 2480 1404 Ἰορδάνην
2522 1335 2768 1389 τοῦτον·
2801 1335 2920 1389 νυνί
2971 1335 3026 1387 δὲ
3058 1327 3145 1388 διά
3187 1336 3285 1407 τὴν
3325 1336 3424 1406 σὴν
3468 1337 3598 1405 περὶ

2021 1419 2121 1487 ἐμὲ
2154 1419 2430 1490 πρόνοιαν,
2458 1421 2486 1471 6
2517 1419 2615 1489 τὴν
2650 1417 2949 1488 βακτηρίαν
2979 1419 3146 1489 μόνην
3180 1419 3596 1489 ἐπιφερόμενος,

2020 1502 2182 1571 ἡνίκα
2207 1503 2287 1564 εἰς
2318 1503 2418 1573 τὴν
2447 1501 2728 1572 ἀλλοτρίαν
2754 1501 2971 1570 ἀπῄειν,
2989 1500 3118 1554 Νῦν
3141 1503 3291 1569 μετὰ
3317 1501 3426 1554 δύο
3452 1517 3600 1569 παι-

2020 1585 2287 1653 εμϐολών
2322 1585 2718 1654 παραγέγονά.
2772 1584 2844 1636 Σὺ
2880 1579 2993 1647 οὖν,
3028 1583 3295 1647 Δέσποτα,
3332 1585 3360 1636 ὁ
3391 1584 3598 1654 ταύτην

2025 1685 2114 1737 μοι
2143 1669 2241 1738 τὴν
2271 1667 2532 1738 εὐπορίαν
2555 1666 2940 1737 χαρισάμενος,
2966 1667 2993 1716 6
3019 1669 3097 1729 εἰς
3118 1665 3370 1718 τοσοῦτόν
3404 1684 3470 1736 με
3499 1668 3598 1718 αὑ-

2023 1750 2249 1820 ξηθῆναι
2283 1750 2730 1820 παρασκευάσας,
2767 1749 2831 1802 σὺ
2861 1749 2956 1802 νῦν
3001 1749 3252 1813 Ἐξελοῦ
3285 1766 3361 1817 με
3388 1749 3456 1801 ἐκ
3481 1765 3602 1816 χει-

2013 1833 2123 1900 ρὸς
2161 1832 2268 1887 τοῦ
2299 1833 2564 1901 ἀδελφοῦ
2609 1850 2729 1900 μου
2775 1832 2997 1894 Ἠσαῦ,
3031 1831 3121 1884 ὅτι
3158 1831 3448 1900 φοϐοῦμαι
3484 1829 3600 1900 ἐγὼ

2019 1917 2226 1982 αὑτὸν,
2267 1917 2502 1985 μήποτε
2548 1915 2782 1983 πατάξῃ
2820 1933 2918 1985 με,
2951 1916 3050 1968 καὶ
3099 1915 3328 1984 μητέρα
3358 1915 3456 1968 ἐπὶ
3502 1915 3598 1970 τέ-

2021 2017 2210 2066 κνοις.
2253 2002 2336 2053 Σὺ
2377 2001 2582 2064 εἶπας·
2629 1995 2716 2054 Εὖ
2748 2012 2822 2052 σε
2864 2000 3132 2068 ποιήσω,
3167 1999 3262 2051 καί
3316 1998 3482 2064 θήσω
3529 1999 3599 2051 τὸ

2019 2084 2256 2152 σπέρμα
2283 2101 2399 2138 σου
2422 2085 2502 2148 ὼς
2532 2083 2647 2151 τὴν
2676 2082 2871 2151 ἄμμον
2893 2082 3004 2150 τῆς
3039 2083 3379 2150 θαλάσσης,
3413 2081 3451 2149 ἢ
3485 2085 3598 2136 οὐκ

2019 2166 2484 2234 ἀριθμηθήσεται
2506 2165 2624 2220 ὑπὸ
2664 2166 2771 2220 τοῦ
2800 2165 3071 2229 πλήθους
3094 2176 3141 2220 ο.

2093 2249 2155 2319 β’.
2201 2252 2342 2322 Ὅρα
2384 2246 2717 2304 τοῦδικαίου
2757 2249 2817 2302 τὸ
2858 2247 3101 2319 φιλόθεον
3140 2249 3235 2302 καὶ⁸
3263 2249 3362 2319 τὴν
3400 2247 3600 2320 πολλὴν

2020 2333 2458 2404 εὐγνωμοσύνην,
2491 2333 2609 2394 πῶς
2632 2333 2784 2387 οὐδὲν
2804 2333 2988 2402 ἓτερον
3017 2331 3154 2394 ἀξιοί
3184 2331 3270 2383 τὸν
3299 2333 3596 2402 Δεσπότην,

2018 2415 2053 2484 ἢ
2103 2415 2202 2477 τὰς
2240 2416 2444 2478 οἰκείας
2480 2416 2803 2486 ὑποσχέσεις
2840 2413 3145 2484 πληρῶσαι.
3203 2413 3314 2467 Καὶ
3363 2415 3454 2465 ἐπὶ
3486 2415 3600 2476 τοῖς

2020 2497 2384 2569 προλαϐοῦσιν
2431 2499 2783 2570 εὐχαριστίαν
2810 2496 3238 2564 ἐπιδειξάμενος,
3281 2495 3368 2549 καὶ
3408 2496 3601 2566 ὁμολο-
3695 2510 3700 2514 ·

2019 2582 2196 2651 γήσας
2223 2581 2304 2633 ὅτι
2332 2581 2536 2651 γυμνὸν
2573 2581 2700 2633 ὄντα
2730 2581 2824 2632 καὶ
2860 2578 3275 2650 ἀπερριμμένον
3297 2583 3376 2641 εἰς
3415 2579 3442 2618 ἀ
3471 2597 3598 2632 τοσ-

2020 2663 2190 2733 αύτην
2222 2664 2539 2735 περιουσίαν
2590 2662 2944 2732 κατέστησεν,
2975 2661 3206 2714 ἰκετεύει
3232 2662 3326 2714 τοῦ
3353 2663 3600 2715 κινδύνου

2019 2747 2182 2802 αὑτὸν
2209 2745 2532 2816 ἐξαρπάσαι.
2576 2742 2769 2810 Εἷπας
2811 2744 2940 2815 γὰρ,
2977 2746 3163 2814 φησὶν.
3204 2744 3290 2796 ὅτι
3321 2744 3496 2809 Θήσω
3533 2743 3603 2798 τό

2018 2831 2258 2900 σπέρμα
2289 2848 2405 2884 σου
2433 2830 2513 2894 ὡς
2543 2828 2658 2895 τὴν
2689 2828 2884 2896 ἅμμον
2911 2827 3021 2895 τῆς
3055 2829 3396 2894 θαλάσσης,
3426 2826 3464 2894 ἢ
3488 2830 3601 2880 οὐκ

2017 2913 2571 2983 ἐξαριθμηθήσεται.
2604 2910 2978 2980 Ποιησάμενος
3010 2909 3186 2980 δὲτὴν
3217 2911 3353 2981 πρὸς
3380 2911 3472 2963 τὸν
3503 2914 3603 2962 Δε-
3689 2932 3697 2940 ·

2022 2999 2225 3070 σπότην
2244 2995 2608 3066 παράκλησιν,
2629 2994 2722 3046 καί
2753 2995 2852 3063 τὴν
2879 2993 3155 3064 ἱκετηρίαν
3172 2995 3270 3063 τῆς
3298 2993 3604 3064 προσευχῆς

2019 3081 2318 3149 ἀνενέγκας
2345 3079 2422 3149 τῷ
2475 3077 2740 3147 Δεσπότῃ.
2773 3077 2869 3128 καὶ
2913 3075 2982 3128 τὰ
3032 3077 3161 3145 παρ’
3194 3075 3388 3127 ἑαυτοῦ
3431 3092 3602 3146 προσ-

2018 3162 2220 3233 τίθησι.
2257 3163 2368 3216 Καὶ
2409 3160 2610 3226 λαϐὼν,
2643 3160 2798 3230 φησὶ,
2847 3158 3022 3229 δῶρα,
3056 3159 3114 3221 ἐξ
3160 3153 3233 3210 ὼν
3269 3157 3602 3228 ἐπεφέρετο,

2019 3244 2305 3298 ἀπέστειλε
2333 3241 2412 3314 τῷ
2447 3240 2661 3310 ἀδελφῷ
2683 3283 2697 3306 ,
2728 3238 2916 3292 διελὼν
2955 3239 3021 3291 τά
3059 3238 3468 3300 ἀποσταλέντα,
3509 3237 3606 3291 καὶ

2020 3325 2236 3389 ἐντολὰς
2278 3322 2546 3385 δεδωκὼς,
2591 3322 2732 3374 ὥστε
2778 3322 2871 3373 καὶ
2907 3319 2995 3372 διὰ
3026 3318 3134 3371 τῶν
3165 3319 3338 3387 λόγων
3376 3317 3604 3389 ἐξευμε-

2019 3405 2296 3466 νίσασθαι,
2333 3404 2428 3456 καὶ
2461 3401 2611 3474 [564]
2647 3399 2886 3470 μηνῦσαι
2919 3399 3016 3469 τὴν
3044 3397 3240 3450 ἑαυτοῦ
3279 3398 3602 3468 παρουσίαν.

2019 3486 2242 3540 Εἴπατε
2270 3482 2400 3552 γὰρ,
2431 3482 2615 3550 φησὶν,
2657 3479 2744 3531 ὅτι
2779 3476 2934 3530 Ἰδοὺ
2967 3481 2998 3528 ό
3028 3475 3168 3540 παῖς
3210 3491 3326 3529 σου
3353 3476 3606 3544 παραγί-

2019 3579 2184 3618 νεται
2217 3563 2409 3614 ὀπίσω
2433 3557 2602 3629 ἡμῶν
2621 3574 2633 3587 ·
2657 3556 2799 3609 ὥστε
2828 3556 3092 3624 πρότερον
3128 3553 3600 3623 ἐξευμενίσασθαι,

2019 3649 2113 3699 καὶ
2141 3645 2262 3697 τότε
2288 3645 2388 3713 τὴν
2427 3642 2569 3695 κατά
2600 3640 2891 3712 πρόσωπον
2923 3637 3086 3689 αὑτοῦ
3123 3635 3378 3702 γενέσθαι
3406 3652 3603 3689 συντυ-

2021 3725 2162 3795 χίαν.
2178 3720 2339 3774 Μετὰ
2366 3719 2543 3772 τοῦτο
2568 3721 2700 3787 γὰρ,
2721 3717 2907 3787 φησὶν,
2941 3715 3161 3795 ὄψομαι
3184 3714 3247 3765 τὸ
3277 3714 3606 3795 πρόσωπον

2018 3793 2236 3861 αὐτοῦ’
2270 3803 2416 3866 ἴσως
2466 3799 2609 3870 γὰρ,
2661 3801 2825 3868 φησὶ,
2865 3793 3262 3863 προσδέξεται
3299 3793 3366 3846 τὸ
3406 3796 3600 3860 πρόσο

2019 3885 2183 3938 ωπόν
2208 3899 2350 3951 μου.
2378 3878 2490 3932 Καὶ
2517 3877 2946 3946 προεπορεύετο
2969 3875 3039 3927 τὰ
3061 3872 3216 3940 δῶρα
3242 3871 3392 3924 κατὰ
3417 3875 3603 3940 πρόσ-

2019 3978 2182 4016 ωπον
2211 3959 2416 4013 αὐτοῦ.
2455 3957 2594 4011 Ἀλλ’
2623 3959 2724 4027 ὅρα
2760 3973 2848 4025 μοι
2879 3952 3112 4006 ἐνταῦθα
3143 3951 3308 4004 πάλιν
3335 3951 3430 4004 τοῦ
3463 3952 3600 4005 Θεοῦ

2018 4041 2115 4112 τὴν
2146 4041 2351 4108 ἄφατον
2375 4035 2806 4107 φιλανθρωπίαν,
2831 4035 2924 4087 καὶ
2959 4034 3112 4112 ὅπως
3134 4034 3220 4112 ἀεὶ
3249 4031 3598 4112 καταλλήλως

2017 4110 2116 4190 τήν
2144 4116 2349 4170 οἰκείαν
2380 4116 2636 4184 πρόνοιαν
2670 4113 3023 4166 ἐνδείκνυται.
3064 4111 3186 4190 ᾘπί
3231 4110 3470 4190 μὲνγὰρ
3506 4110 3600 4162 τοῦ

2017 4188 2225 4259 Λάϐαν,
2257 4195 2442 4265 ἐπειδὴ
2471 4195 2499 4245 ὁ
2538 4194 2745 4253 δίκαιος
2779 4190 2930 4243 οὐδὲν
2969 4188 3210 4242 τοιοῦτον
3254 4188 3599 4254 ὑπώπτευεν,

2017 4277 2139 4330 οὐδέ
2179 4276 2292 4346 ᾔδει
2343 4275 2424 4328 ὅτι
2463 4273 2681 4334 πάντως
2723 4269 2884 4324 αὐτὸν
2936 4267 3302 4338 καταλήψεται
3345 4269 3374 4320 6
3416 4268 3604 4322 Δάϐαν

2019 4356 2160 4425 μετὰ
2181 4345 2378 4425 πολλῆς
2405 4355 2505 4424 τῆς
2534 4353 2709 4422 ὁρμῆς
2731 4351 2823 4403 ἐπὶ
2846 4349 2909 4401 τὸ
2938 4347 3251 4418 ἀμύνασθαι
3277 4345 3369 4399 τὸν
3394 4347 3604 4402 δίκαιον

2017 4436 2116 4505 τῆς
2147 4435 2322 4506 λάθρα
2350 4433 2646 4501 γενομένης
2674 4429 3075 4499 ἀναχωρήσεως
3106 4427 3289 4490 ἓνεκα,
3315 4427 3392 4498 τῷ
3413 4427 3603 4484 Λάϐαν

2018 4515 2302 4583 ἐπιφανεὶς
2336 4511 2684 4566 καταστέλλει
2727 4507 2895 4562 αὑτοῦ
2930 4506 3027 4577 τὴν
3065 4507 3266 4578 ὁρμὴν,
3301 4508 3395 4559 καὶ
3423 4509 3604 4561 ἐντέλ-

2018 4594 2168 4647 λεται
2193 4593 2358 4664 μηδὲν
2390 4591 2467 4662 τῷ
2495 4589 2689 4643 Ἰακὼϐ
2719 4587 2852 4659 μηδέ
2882 4589 2940 4639 ἐν
2969 4589 3175 4657 ῥήμασι
3204 4587 3444 4656 λυπηρὸν
3464 4589 3602 4641 ἁπο-

2018 4670 2463 4744 κρίνασοαι·Μὴ
2513 4669 2786 4735 λαλήσῃ(
2839 4667 2972 4737 γὰρ,
3012 4666 3164 4737 φησὶ,
3204 4666 3354 4734 μετὰ
3406 4667 3607 4721 Ἰακὼϐ

2018 4753 2288 4817 πονηρόν
2309 4767 2322 4780 ·
2357 4749 2452 4801 καὶ
2477 4747 2635 4800 τοῦτο
2663 4746 2931 4816 ᾠκονόμει
2957 4744 3043 4797 διὰ
3069 4745 3169 4814 τῆς
3195 4745 3404 4796 ἐκείνου
3427 4745 3602 4813 γλώτ-

2017 4848 2116 4900 της
2164 4827 2438 4899 γνώριμον
2471 4827 2722 4895 γενέσθαι
2761 4826 2839 4895 τῷ
2893 4824 3115 4892 δικαίῳ,
3150 4823 3235 4875 ἴνα
3268 4823 3454 4892 μαθὼν
3500 4825 3602 4893 τὴν

2020 4909 2148 4979 περὶ
2195 4909 2356 4961 αὑτὸν
2389 4907 2764 4976 γεγενημένην
2810 4905 3121 4974 οἰκονομίαν
3152 4903 3601 4974 θαρσαλεώτερον

2018 4990 2284 5058 καταστῇ.
2324 4988 2459 5039 Νυνὶ
2504 4987 2600 5050 δέ,
2653 4986 2843 5055 ἐπειδὴ
2872 4989 2899 5039 ὁ
2945 4984 3170 5053 ἀδελφὸς
3223 4983 3321 5053 μὲν
3354 4983 3458 5036 ὑπὸ
3505 4985 3597 5035 τοῦ

2019 5069 2209 5139 χρόνου
2241 5068 2498 5137 λωφήσας
2535 5061 2623 5137 ἦν,
2665 5067 2760 5118 καὶ
2790 5065 2879 5117 τὸν
2922 5064 3090 5133 θυμὸν
3115 5065 3208 5139 κοςι
3243 5064 3342 5133 τὴν
3388 5062 3596 5130 ἀγανά-

2018 5135 2208 5214 κτησιν
2237 5135 2450 5211 παύσας
2479 5135 2574 5217 τὴν
2602 5144 2747 5198 κατά
2775 5143 2867 5196 τοῦ
2897 5142 3111 5204 Ἰακὼϐ,
3137 5135 3290 5202 οὗτος
3311 5141 3366 5194 δὲ
3393 5140 3602 5210 ἐναγώ-

2015 5245 2128 5290 νιος
2156 5223 2243 5298 ἦν,
2274 5226 2526 5288 δεδοικὼς
2562 5224 2659 5278 καὶ
2695 5223 2912 5292 τρέμων
2951 5221 3043 5274 τοῦ
3074 5219 3304 5288 ἀδελφοῦ
3340 5222 3438 5291 τὴν
3473 5237 3600 5273 συν-

2016 5305 2222 5376 τυχίαν,
2261 5308 2289 5358 ὁ
2323 5305 2524 5373 ἀγαθὸς
2550 5303 2828 5370 Δεσπότης
2854 5301 2957 5353 οὐκ
2989 5300 3069 5353 ἔτι
3098 5299 3174 5369 τῷ
3215 5299 3382 5353 Ἠσαῦ
3417 5299 3599 5351 ἐντέλ-

2015 5386 2165 5440 λεται
2181 5403 2193 5414 ·
2222 5385 2340 5438 οὐδὲ
2359 5387 2467 5456 γὰρ
2486 5382 2798 5437 ἐϐουλεύετό
2817 5400 2872 5435 τι
2897 5381 3038 5434 κατά
3057 5381 3150 5433 τοῦ
3172 5378 3402 5448 ἀδελφοῦ
3423 5396 3439 5412 ⁸
3462 5378 3598 5433 ἀλλὰ

2013 5465 2104 5518 τὸν
2132 5465 2337 5519 δίκαιον
2372 5463 2798 5534 παραμυθεῖται.
2831 5460 2984 5514 Μετὰ
3013 5459 3121 5530 γὰρ
3153 5459 3213 5512 τὸ
3251 5457 3589 5520 ἀποστεῖλαι,

2016 5548 2183 5616 φησι,
2232 5547 2357 5608 τοὺς
2405 5545 2471 5597 τὰ
2518 5543 2667 5613 δῶρα
2713 5538 3178 5609 ἀποκομίζοντας,
3237 5537 3592 5608 καθευδήσας,

2018 5615 2169 5696 φησὶ,
2208 5625 2298 5678 καὶ
2355 5624 2648 5688 Ἀναστὰς
2678 5622 2747 5674 ἐν
2779 5617 2852 5688 τῇ
2880 5615 3053 5672 νυκτί
3089 5618 3312 5685 ἐκείνη,
3347 5617 3594 5685 διήγαγε

2064 5756 2092 5794 b
2117 5757 2262 5805 lioisl.
2286 5755 2527 5804 ἰκανοῦτοιί
2549 5771 2646 5816 μοι,
2661 5761 2714 5801 et.
2734 5753 2881 5816 paulq
2893 5751 3166 5816 βοειᾶρκεῖς
3187 5768 3264 5812 μοι
3275 5752 3359 5811 τήν
3383 5749 3570 5802 ἐπὶτοῦ.

2071 5821 2092 5847 ε
2123 5819 2221 5865 Sex
2249 5831 2361 5864 mss.
2387 5818 2481 5864 ἀπὸ
2503 5814 2589 5863 τοῦ
2621 5815 2843 5872 πλήθους,
2866 5814 2990 5859 forte
3016 5814 3209 5862 melius.

2070 5880 2098 5917 ά
2126 5880 2222 5929 Sex
2247 5893 2360 5928 mss.
2387 5879 2557 5938 γυμνὸν
2578 5879 2688 5925 ὄντα
2706 5877 2786 5924 καὶ
2812 5875 2984 5934 ἔρημον
3009 5874 3090 5928 εἰς.
