4038 6358
487 291 595 350 509

484 409 592 474 τὰς
649 407 760 462 δύο
796 409 1081 478 γυναῖκας
1119 408 1215 460 καὶ
1263 407 1335 460 τὰ
1385 405 1588 460 παιδία
1626 406 1738 473 τὴν
1781 405 2058 458 διάϐασιν

485 490 593 544 τοῦ
629 490 857 559 Ἰαϐώχο
909 491 1006 542 καὶ
1066 490 1283 542 ἐλαϐεν
1327 488 1583 553 αὐτοὺς,
1620 487 1719 541 καὶ
1750 487 1913 554 διέϐη
1953 485 2060 538 τὸν

485 573 866 642 χειμάρρουν.
925 572 1273 640 Ὑπελείφθη
1316 571 1386 624 δὲ
1442 571 1649 625 Ἰακὼϐ
1685 571 1906 639 μόνος,
1961 567 2061 620 καὶ

483 657 770 710 ἐπάλαιεν
814 657 1122 725 ἅνθρωπος
1164 656 1289 725 μετ’
1339 656 1546 710 αὑτοῦ.
1610 655 1833 726 Μεγάλη
1879 657 1914 726 ἡ
1965 654 2060 706 τοῦ

483 740 752 792 Δεσπὸτου
777 740 969 809 φιλανθ
979 740 1179 812 ρωπία.
1211 740 1428 810 Ἐπειδὴ
1450 741 1558 810 γὰρ
1583 739 1773 809 ἔμελλε
1804 741 1900 807 τὴν
1924 738 2060 808 πρὸς

483 823 573 876 τὸν
602 823 829 890 ἀδελφὸν
856 822 1144 892 συντυχίαν
1167 822 1520 893 ποιήσασθαι,
1539 823 1627 876 ἵνα
1659 822 1807 894 μάθῃ
1839 821 1926 872 διά
1954 821 2061 873 τῶν

482 907 845 976 πραγμάτων,
873 907 955 960 ἆτι
998 906 1151 959 οὐδὲν
1190 906 1352 976 ἀηδὲς
1398 907 1802 976 ὑποστήσεται,
1838 907 1894 958 ἐν
1926 905 2060 974 σχή-

487 1007 614 1058 ματι
663 987 952 1059 ἀνθρώπου
988 989 1237 1041 παλαίειν
1279 989 1416 1058 μετά
1461 987 1555 1041 τοῦ
1595 988 1804 1041 δικαίου
1836 988 2062 1041 καταδέ-

481 1090 658 1142 χεται.
731 1070 864 1124 Εἶτα
943 1073 1086 1144 δρῶν
1137 1072 1326 1126 ἐαυτὸν
1390 1071 1702 1143 ἡττώμενον
1750 1073 1778 1124 6
1835 1071 2059 1136 Ἰακὼϐ,

495 1156 842 1224 Ἐκράτησε,
872 1158 1026 1226 φησι,
1063 1156 1168 1209 τοῦ
1192 1154 1465 1222 πλάτους
1489 1155 1595 1208 τοῦ
1622 1153 1820 1224 μηροῦ
1851 1155 2056 1210 αὐτοῦ.

485 1239 646 1293 ὐλον
677 1241 735 1292 δὲ
771 1239 929 1291 τοῦτο
958 1239 1418 1306 συγκαταϐάσεως
1463 1238 1648 1291 ἐνεκεν
1677 1239 1942 1306 ἐγίγνετο,
1975 1239 2064 1292 ἵνα

479 1324 580 1394 τὴν
603 1323 806 1376 δειλίαν
842 1322 1090 1393 ἐξέληται
1121 1323 1222 1392 τῆς
1249 1321 1344 1375 τοῦ
1373 1321 1581 1375 δικαίου
1608 1322 1805 1392 ψυχῆς,
1829 1321 1923 1374 καὶ
1949 1321 2063 1374 πεί-

483 1423 553 1478 σῃ
585 1406 741 1468 ἐκτὸς
772 1407 952 1474 πάσης
985 1406 1222 1474 ἀγωνίας
1255 1404 1352 1476 τὴν
1399 1405 1536 1476 πρὸς
1563 1404 1654 1457 τὸν
1678 1403 1904 1473 ἀδελφὸν
1936 1421 2063 1456 συν-

479 1489 670 1558 τυχίαν
720 1489 1066 1559 ποιήσασθαι.
1100 1488 1486 1559 Κρατήσαντος
1537 1485 1675 1559 γάρ,
1714 1488 1906 1556 φησὶν,
1967 1485 2061 1540 τοῦ

495 1571 688 1626 Ἰακὼϐ
711 1571 772 1624 τὸ
798 1570 994 1634 πλάτος
1024 1569 1116 1622 τοῦ
1143 1569 1342 1641 μηροῦ,
1383 1570 1714 1637 Ἐνάρκησε
1744 1570 1807 1622 τὸ
1836 1568 2063 1632 πλάτος

480 1653 589 1707 τοῦ
633 1652 829 1723 μηροῦ
862 1651 1073 1707 Ἰακὼϐ
1115 1653 1184 1704 ἑν
1242 1650 1322 1716 τῷ
1378 1653 1656 1706 παλαίειν
1708 1651 1894 1705 αὐτὸν
1936 1645 2063 1721 μετ’

483 1736 690 1790 αὑτοῦ.
740 1730 872 1787 Εἶτα
925 1736 1011 1787 ἵνα
1057 1734 1206 1806 μάθῃ
1257 1737 1285 1788 6
1331 1734 1522 1788 Ἰακὼϐ
1559 1735 1656 1804 τὴν
1699 1734 1926 1805 δύναμιν
1968 1735 2062 1788 τοῦ

483 1820 619 1890 πρὸς
650 1819 811 1871 αὐτὸν
845 1818 1094 1871 παλαίειν
1121 1817 1502 1888 νομιζομένου,
1535 1818 1669 1889 φησὶ
1697 1820 1833 1889 πρὸς
1864 1819 2026 1872 αὐτόν
2045 1833 2060 1849 ·

495 1901 884 1956 Ἀπόστειλόν
905 1919 981 1970 με
1001 1918 1015 1932 '
1045 1902 1227 1968 ἀνέϐη
1258 1903 1367 1968 γὰρ
1403 1904 1436 1954 ό
1471 1902 1696 1969 ὄρθρος.
1731 1902 2062 1972 Αἰσθόμενος

481 1986 660 2038 τοίνυν
689 1989 717 2038 6
746 1985 954 2048 δίκαιος
981 1985 1042 2038 τὺ
1072 1985 1300 2056 μέγεθος
1321 1986 1421 2054 τῆς
1451 1985 1735 2054 δυνάμεως
1764 1984 1858 2038 τοῦ
1890 1985 2062 2039 ταῦτα

481 2070 782 2140 εἰρηκότος,
812 2069 945 2138 φησί
965 2085 979 2100 ο
1017 2072 1100 2121 Οὐ
1131 2067 1216 2138 μή
1247 2084 1321 2122 σε
1350 2069 1710 2130 ἀποστείλω,
1745 2068 1855 2122 ἐὰν
1874 2069 1958 2137 μή
1985 2087 2063 2139 με

478 2151 844 2222 εὐλοτήσῃς.
879 2151 1148 2218 Μεγάλων
1183 2150 1445 2221 ἠξιώθην,
1482 2152 1636 2222 φησὶ,
1665 2152 1760 2205 καὶ
1789 2153 1930 2224 ὑπὲρ
1962 2154 2062 2225 τὴν

479 2235 635 2300 ἀξίαν
685 2234 782 2304 τὴν
838 2233 1098 2304 ἐμαυτοῦ.
1134 2235 1208 2287 Οὐ
1247 2234 1514 2304 πρότερον
1555 2234 1737 2287 τοίνυν
1785 2252 1844 2287 σε
1885 2235 2058 2298 ἐάσω,

484 2319 676 2389 μέχρις
719 2319 784 2370 ἂν
829 2318 930 2387 τῆς
975 2317 1225 2385 εὐλογίας
1270 2315 1560 2370 ἀπολαύσω
1601 2318 1702 2386 τῆς
1737 2319 1886 2389 παρά
1941 2317 2058 2375 σοῦ.

479 2399 614 2455 Εἶτά
658 2417 826 2470 φησι,
868 2399 928 2454 Τί
969 2400 1035 2453 τὸ
1075 2398 1264 2470 ὄνομά
1301 2414 1418 2453 σου
1473 2401 1682 2465 ἐστίν;
1715 2401 1856 2472 Ὅρα
1899 2402 2060 2455 πάλιν

481 2484 910 2552 συγκατάϐασιν.
955 2482 1018 2536 Εἰ
1054 2484 1160 2554 γὰρ
1207 2484 1282 2554 μὴ
1324 2482 1640 2556 ἡρώτησεν,
1669 2485 1769 2538 οὐκ
1801 2485 1916 2556 ᾔδει
1962 2484 2059 2539 τοῦ

478 2567 688 2622 δικαίου
732 2566 828 2637 τὴν
863 2565 1260 2636 προσηγορίαν;
1287 2567 1440 2638 ’ῌδει
1481 2567 1719 2631 πάντως,
1756 2568 1894 2621 άλλά
1938 2568 2061 2639 βού-

479 2653 630 2706 λεται
670 2652 830 2704 αὐτὸν
878 2651 1252 2703 πιστώσασθαι
1301 2651 1391 2704 διά
1435 2651 1536 2722 τῆς
1573 2653 1925 2724 ἐρωτήσεως,
1967 2655 2061 2708 καὶ

477 2735 708 2800 διδάξαι,
751 2733 903 2806 [565]
945 2734 1030 2797 τίς
1063 2736 1210 2787 ἐστιν
1234 2736 1262 2787 6
1297 2735 1432 2804 πρὸς
1461 2735 1624 2789 αὐτὸν
1657 2736 2058 2807 διαλεγόμενος.

479 2821 592 2873 Καὶ
631 2817 816 2888 ἐπειδὴ
857 2816 1033 2880 εἶπεν,
1067 2815 1296 2882 Ἰακὼϐ,
1332 2818 1528 2888 φησιν’
1571 2821 1653 2872 Οὐ
1695 2821 2061 2888 κληθήσεται

477 2904 565 2958 ἔτι
595 2901 662 2955 τὸ
699 2900 886 2970 ὄνομά
913 2917 1030 2954 σου
1072 2900 1297 2964 Ἰακὼϐ,
1323 2901 1460 2955 ἀλλ’
1501 2901 1749 2970 Ἰσραὴλ
1781 2904 1952 2958 ἔσται
1993 2905 2060 2960 τὸ

480 2985 666 3055 ὄνομά
710 3001 847 3045 σου,
887 2983 976 3037 ὅτι
1007 2983 1346 3052 ἐνίσχυσας
1374 2985 1527 3052 μετὰ
1573 2985 1741 3046 Θεοῦ,
1783 2988 1881 3040 καὶ
1909 2989 2062 3057 μετὰ

477 3069 801 3136 ἀνθρώπων
821 3065 1080 3132 δυνατὸς
1099 3067 1235 3134 ἔσῃ.
1254 3062 1408 3131 Εἶδες
1431 3067 1546 3130 πῶς
1573 3067 1740 3132 ἔδειξε
1762 3070 1861 3140 τὴν
1882 3071 2060 3125 αἰτίαν

480 3153 718 3216 ἃπασαν,
750 3151 818 3202 δι’
860 3151 926 3220 ἢν
971 3150 1071 3219 τὴν
1100 3149 1372 3221 τοσαύτην
1412 3152 1820 3218 συγκατάϐασιν
1852 3154 2062 3208 ἐπεδείο

481 3235 627 3300 ξατο,
666 3234 760 3286 καὶ
792 3233 926 3302 ὁμοῦ
954 3231 1194 3284 διδάσκει
1240 3232 1331 3285 τὸν
1370 3232 1576 3286 δίκαιον
1623 3234 1709 3286 διὰ
1738 3235 1838 3306 τῆς
1880 3239 2061 3290 ἐπιτε-

481 3317 667 3386 θείσης
687 3317 834 3386 αὐτῴ
864 3316 1257 3385 προσηγορίας,
1287 3315 1371 3378 τίς
1398 3318 1544 3368 ἐστιν
1563 3315 1622 3370 ὃν
1651 3313 1756 3369 εἶδε
1778 3320 1870 3372 καὶ
1895 3337 2062 3372 κατα-

484 3403 633 3470 σχεῖν
660 3397 993 3468 κατηξιώθη.
1038 3399 1158 3450 Οὐκ
1185 3396 1268 3449 ἐτι
1305 3399 1412 3467 γάρ
1451 3399 1840 3467 κληθήσεται,
1875 3405 2058 3472 φησὶν,

494 3482 692 3537 Ἰακὼό
726 3483 792 3535 τὸ
831 3479 1020 3550 ὄνομά
1067 3496 1218 3544 σου,
1262 3481 1402 3534 ἀλλ’
1443 3481 1700 3549 Ἰσραήλ.
1753 3485 1964 3557 Ἰσραὴλ
2003 3485 2061 3538 δὲ

483 3565 869 3639 ἑρμηνεύεται,
895 3563 1066 3636 Ὀρῶν
1093 3563 1226 3618 Θεόν
1244 3577 1292 3615 α.
1326 3565 1563 3636 Ἐπειδὴ,
1592 3567 1666 3630 ὡς
1695 3568 1820 3622 ἰδεῖν
1849 3570 2058 3641 ἀνθρώ-

483 3670 570 3722 πῳ
605 3649 858 3712 δυνατὸν,
902 3647 1028 3700 ίδεῖν
1065 3647 1403 3718 κατηξιώθης
1449 3649 1602 3716 Θεὸν,
1648 3650 1735 3704 διά
1770 3651 1927 3706 τοῦτο
1965 3656 2061 3707 καὶ

482 3738 579 3806 τὴν
604 3732 977 3806 προσηγορίαν
1014 3749 1094 3784 σοι
1123 3732 1327 3802 ταύτην
1354 3732 1660 3804 ἐπιτίθημι,
1681 3734 1767 3787 ἵνα
1791 3738 1923 3789 πᾶσι
1948 3741 2060 3801 τοῖς

482 3820 608 3890 ἐξῆς
641 3817 938 3887 κατάδηλον
959 3815 1199 3887 γένηται,
1225 3817 1342 3879 οἵας
1374 3815 1612 3886 ἡξιώθης
1639 3818 1920 3884 ὀπτασίας.
1950 3823 2060 3875 Καὶ

484 3905 784 3974 ἐπήγαγεν,
822 3901 952 3954 Ὅτι
997 3902 1337 3968 ἐνίσχυσας
1366 3901 1518 3969 μετὰ
1563 3901 1741 3964 Θεοῦ,
1791 3904 1890 3956 καὶ
1910 3907 2062 3974 μετὰ

481 3969 804 4053 άνόρῶπων
825 3983 1082 4048 δυνατὸς
1110 3983 1245 4050 ἔσῃ.
1275 3984 1426 4054 Μηδέ
1446 3983 1628 4037 λοιπὸν
1653 3984 1679 4023 b
1705 3985 1892 4049 δέδιθι,
1910 3969 2060 4059 *μηδὲ

485 4069 686 4140 βλάϐην
730 4066 851 4120 τινά
895 4066 1238 4137 προσδοκήσῃ
1273 4069 1423 4136 παρά
1467 4085 1612 4132 τινος
1650 4069 1961 4141 ὑπομένειν.
2003 4074 2060 4126 '0

482 4152 592 4222 γάρ
619 4151 886 4221 τοσαύτην
922 4152 1073 4218 ἰσχὺν
1125 4149 1469 4220 προσλαϐὼν,
1497 4152 1574 4216 ὡς
1603 4154 1698 4206 καὶ
1747 4157 1886 4226 μετά
1921 4158 2059 4211 Θεοῦ

481 4235 774 4306 δυνηθῆναι
800 4233 1055 4287 παλαῖσαί
1081 4251 1160 4298 σε,
1189 4234 1367 4304 πολλῷ
1392 4235 1592 4302 μᾶλλον
1621 4238 1728 4292 τῶν
1755 4239 2059 4312 ἀνθρώπων

483 4319 732 4391 περιέσῃ,
766 4319 859 4370 καὶ
890 4318 1190 4387 ἀχείρωτος
1227 4317 1400 4370 ἅπασι
1430 4321 1655 4390 γενήσῃ.

553 4400 812 4469 γ’.Ἰ“αῦτα
827 4400 1036 4452 ἀκούων
1051 4402 1078 4451 6
1088 4399 1316 4462 δίκαιος,
1329 4402 1422 4454 καὶ
1433 4405 1802 4472 καταπλαγεὶς
1812 4405 1905 4458 τοῦ
1923 4408 2058 4478 πρὸς

483 4485 644 4538 αὐτὸν
673 4483 1052 4552 διαλεγομένου
1083 4485 1143 4533 τὸ
1169 4482 1414 4551 μέγεθος,
1442 4485 1604 4555 φησίν
1623 4503 1637 4518 ⁸
1677 4489 2059 4558 Ἀνάγγειλόν

480 4582 577 4636 μοι
615 4565 680 4618 τὸ
720 4563 907 4634 ὄνομά
942 4580 1080 4618 σου.
1121 4565 1232 4621 Καὶ
1261 4562 1463 4619 εἶπενο
1500 4569 1622 4622 Ἵνα
1654 4571 1711 4623 τί
1743 4571 1963 4640 ἐρωτᾷς
1991 4575 2056 4627 τὸ

487 4646 673 4717 ὄνομά
713 4664 862 4716 μου;
913 4647 1024 4700 Καὶ
1076 4649 1412 4717 εὐλόγησεν
1447 4653 1652 4705 αὐτόν.
1690 4655 1855 4718 Ἕσω,
1901 4658 2053 4727 φησὶ,

485 4733 592 4786 τῶν
621 4730 835 4784 οἰκείων
880 4731 1021 4800 ὅρων
1055 4733 1218 4801 μένε,
1257 4733 1348 4785 καὶ
1397 4735 1470 4804 μὴ
1519 4735 1813 4806 ὑπέρϐαινέ
1847 4755 1940 4790 σου
1988 4739 2058 4792 τά

489 4815 680 4888 μέτρα.
734 4813 992 4882 Εὐλογίας
1032 4813 1207 4884 βούλει
1240 4815 1543 4870 ἀπολαῦσαι
1576 4819 1676 4889 τῆς
1726 4821 1856 4891 παρ’
1885 4821 2053 4890 ἐμοῦ;

497 4898 651 4962 Ἰδοὺ,
673 4896 875 4966 ταύτην
910 4914 990 4948 σοι
1028 4895 1327 4968 δωροῦμαι.
1365 4902 1681 4969 Εῦλόγοησε
1711 4903 1836 4973 γάρ,
1870 4907 2054 4972 φησὶν,

485 4983 690 5035 αὐτόν.
724 4980 830 5033 Καὶ
867 4980 1162 5033 ἐκάλεσεν
1201 4980 1399 5035 Ἰακὼϐ
1425 4981 1490 5035 τὸ
1520 4984 1706 5050 ὄνομα
1736 4986 1840 5039 τοῦ
1871 4988 2056 5041 τόπου

485 5064 741 5124 ἐκείνου,
782 5059 958 5127 Εἶδος
1003 5062 1169 5116 Θεοῦ.
1192 5059 1374 5116 Εἶδον
1407 5067 1517 5132 γὰρ
1563 5069 1708 5120 Θειὶν
1735 5070 2058 5134 πρόσωπον

487 5148 634 5214 πρὸς
663 5147 1004 5213 πρόσωπον,
1040 5145 1137 5197 καὶ
1181 5146 1376 5212 ἐσώθη
1405 5164 1524 5214 μου
1563 5150 1599 5216 ἡ
1647 5150 1837 5218 ψυχή.
1895 5152 2057 5223 Ὁρᾷς

489 5231 652 5282 πόσον
694 5228 840 5299 αὐτῷ
884 5229 1080 5298 Θάρσος
1109 5227 1331 5295 γέγονεν
1383 5230 1490 5281 ἀπὸ
1535 5231 1631 5300 τῆς
1663 5233 1925 5299 ὀπτασίας
1957 5237 2056 5305 τῆς

487 5313 889 5384 γεγενημένης;
931 5311 1138 5380 Ἐσώθη
1182 5313 1290 5380 γάρ
1335 5328 1458 5380 μου,
1499 5316 1682 5382 φησὶν,
1733 5319 1766 5386 ἡ
1809 5317 1975 5389 ψυχὴ,
2022 5322 2056 5390 ἡ

552 5431 578 5458 ⁸
599 5429 745 5476 Savil.
769 5433 896 5494 male
917 5430 1234 5494 ἑρμηνεύεται,
1259 5426 1366 5484 νοῦς
1402 5431 1528 5494 ῥρῶν
1556 5432 1693 5485 Θεὸν.
1720 5435 1849 5494 quod
1883 5437 1932 5483 in
1959 5451 2057 5487 uno

491 5495 676 5537 tantum
702 5504 790 5538 ms.
818 5489 1051 5539 habetur:
1094 5490 1201 5545 νοὺς
1223 5494 1355 5536 enim
1375 5489 1512 5538 abest
1533 5507 1559 5539 ε
1597 5489 1790 5543 cwleﬁs
1811 5499 2051 5547 omnibus.

491 5549 693 5614 Legitur
719 5554 766 5597 iu
800 5555 944 5600 Coisx.
969 5554 1111 5601 Esset
1157 5548 1318 5612 potius
1337 5551 1452 5614 ἀνὴρ
1473 5554 1595 5614 ὁρῶν
1617 5556 1756 5612 Θεὸν,
1795 5556 1869 5606 vir
1889 5558 2057 5610 videns

495 5612 672 5659 Deum:
697 5621 747 5657 ut.
769 5615 964 5672 quidam
998 5619 1404 5673 mlerprelaulur,
1431 5612 1660 5678 ίε,’ᾁνήρ,
1694 5615 1792 5678 vi“
1815 5619 2055 5671 Hebraice

492 5679 623 5741 ωτκ.
648 5680 745 5725 Sed
767 5685 804 5728 ιι
829 5686 1034 5741 primum
1064 5686 1208 5730 deest
1234 5684 1282 5729 in
1305 5681 1503 5730 nomine
1527 5679 1729 5738 ῚΝἽΨΊ.

555 5739 581 5776 b
608 5739 958 5800 Quinque—mss.
986 5747 1159 5805 μηδένα
1181 5744 1358 5802 λοιπόν,
1387 5757 1482 5792 non
1505 5755 1646 5794 male.

1131 291 1189 346 S.
1228 288 1510 345 JOANNIS
1542 285 2034 345 CllRYSOSTOMI
2070 286 2386 349 ARCIIIEP.
2433 291 2980 352 CONSTANTINOP.

3641 289 3758 346 510

2170 409 2355 477 σχεδὸν
2410 410 2812 480 ἀποτεθνηκυῖα
2846 409 2948 462 ὑπδ
2997 405 3090 458 τοῦ
3129 405 3299 468 δέους.
3354 405 3572 476 Ἐπειδὴ
3621 405 3761 458 ἰδεῖν

2166 493 2510 565 κατηξιώθην
2555 497 2847 566 πρόσωπον
2900 492 3034 561 πρὸς
3083 490 3373 559 πρόσωπον
3429 490 3522 542 τὸν
3576 488 3757 550 Θεὸν,

2182 576 2406 644 Ἐσώθη
2425 596 2542 645 μου
2566 579 2603 643 ἡ
2641 577 2826 647 ψυχή.
2864 575 3156 630 Ἀνέτειλε
3186 574 3254 627 δὲ
3286 574 3444 640 αὐτῷ
3481 578 3513 628 ὁ
3547 575 3759 642 ἣλιος,

2166 659 2347 725 ἡνίκα
2377 659 2643 728 παρῆλθε
2682 661 2748 714 τὸ
2791 657 2951 726 εἶδος
2988 658 3094 712 τοῦ
3131 657 3299 712 Θεοῦ.
3336 652 3490 720 Εἶδες
3521 657 3637 721 πῶς
3680 661 3760 726 τῇ

2167 743 2420 815 ἀσθενείᾳ
2468 748 2533 814 τῇ
2573 745 2886 817 ἀνθρωπίνῃ
2924 741 3372 809 συγκαταϐαίνων
3407 743 3436 794 6
3471 742 3766 810 Δεσπότης

2167 827 2344 881 πάντα
2382 832 2530 882 ποιεῖ
2561 831 2653 882 καὶ
2701 827 3188 900 πραγματεύεται,
3223 825 3366 879 ὥστε
3407 827 3507 896 τὴν
3538 825 3765 878 οἰκείαν

2169 910 2580 983 φιλανθρωπίαν
2608 911 3010 976 ἐπιδείξασθαι;
3050 911 3160 964 Καὶ
3195 910 3270 982 μὴ
3306 909 3574 980 ξενισθῇς.
3605 912 3766 977 ἀγα-

2169 995 2328 1064 πητὲ,
2365 996 2500 1066 πρὸς
2525 997 2586 1048 τὸ
2611 997 2712 1064 τῆς
2750 994 3208 1064 συγκαταϐάσεως
3235 993 3481 1064 μέγεθος,
3513 993 3625 1046 ἀλλ’
3656 995 3766 1045 ἐν·

2167 1079 2361 1148 νόησον
2393 1080 2476 1131 ὅτι
2505 1080 2599 1132 κοιλ¹
2628 1081 2719 1132 ἐπὶ
2750 1079 2844 1132 τοῦ
2873 1077 3235 1149 πατριάρχου,
3269 1077 3436 1146 ἡνίκα
3472 1077 3620 1148 παρά
3644 1075 3765 1146 τὴν

2167 1160 2298 1232 δρῦν
2322 1163 2632 1226 ἐκαθέζετο,
2667 1165 2724 1218 ἐν
2751 1161 3038 1233 ἀνθρώπου
3068 1162 3306 1230 σχήματι
3339 1160 3480 1231 μετά
3507 1161 3614 1213 τῶν
3641 1161 3767 1227 ἀγ-

2169 1245 2341 1314 γέλων
2367 1246 2672 1317 ἐπεξενώθη
2702 1247 2780 1317 τῷ
2798 1245 3011 1316 δικαίῳ,
3039 1243 3368 1314 προμηνύων
3389 1245 3523 1314 ἡμῖν
3541 1243 3767 1298 ἄνωθεν

2171 1330 2265 1382 καὶ
2293 1330 2351 1395 ἐξ
2395 1330 2590 1402 ἀρχῆς,
2625 1331 2706 1384 ὅτι
2750 1329 2932 1400 μέλλει
2965 1327 3316 1399 ἀνθρωπίνην
3349 1329 3566 1399 μορφὴν
3606 1327 3767 1396 λαμ-

2171 1412 2369 1476 ϐάνων,
2393 1414 2536 1467 οῦτω
2565 1417 2742 1468 πᾶσαν
2762 1413 2858 1485 τὴν
2883 1412 3229 1484 ἀνθρωπίνην
3259 1411 3418 1479 φύσιν
3441 1413 3507 1464 ἐκ
3529 1413 3628 1482 τῆς
3649 1409 3763 1462 τοῦ

2170 1495 2418 1550 διαϐόλου
2462 1497 2779 1568 τυραννίδος
2811 1493 3160 1567 ἐλευθεροῦν,
3193 1495 3288 1548 καὶ
3332 1495 3469 1565 πρὸς
3509 1493 3608 1565 τὴν
3637 1509 3764 1546 σω-

2171 1579 2363 1650 τηρίαν
2389 1582 2703 1649 ἐπανάγειν.

2256 1662 2415 1716 Ἀλλά
2447 1665 2568 1717 τότε
2625 1665 2743 1735 μὲν,
2785 1664 2972 1734 ἐπειδὴ
3023 1661 3166 1733 ἀρχὴ
3219 1662 3312 1714 καὶ
3355 1661 3616 1732 προοίμια
3652 1656 3764 1731 ἧν,

2170 1747 2228 1798 ἐν
2287 1751 2526 1819 σχήματι
2595 1750 2890 1818 φαντασίας
2950 1747 3166 1816 ἑκάστῳ
3226 1745 3405 1799 αὐτῶν
3453 1746 3715 1813 ἐφαίνετο
3745 1790 3761 1807 ,

2171 1831 2420 1904 καθάπερ
2447 1833 2539 1885 καὶ
2572 1833 2732 1896 αὐτὸς
2763 1832 2857 1900 ¹διά
2895 1831 2988 1884 τοῦ
3019 1831 3301 1902 προφήτου
3341 1831 3506 1900 φησίν
3528 1847 3541 1860 ο
3597 1830 3767 1899 Ἐγὼ

2172 1915 2416 1982 ὁράσεις
2432 1915 2765 1981 ἐπλήθυνα,
2791 1917 2887 1969 καὶ
2905 1917 2975 1969 ἐν
3005 1915 3175 1985 χερσὶ
3200 1914 3728 1984 προφητῶν-ὠμοιὼ
3741 1943 3767 1956 -

2169 2003 2308 2066 θην·
2373 2001 2461 2053 ὅτε
2529 2001 2586 2053 δέ
2631 2001 2932 2070 κατηξίωσε
2988 2002 3088 2070 τὴν
3133 1999 3228 2052 τοῦ
3275 2000 3460 2052 δούλου
3532 1999 3766 2070 μορφὴν

2167 2083 2479 2147 ἀναλαϐεῖν,
2515 2086 2608 2137 καὶ
2639 2086 2738 2156 τὴν
2771 2085 3024 2154 ἀπαρχὴν
3044 2084 3142 2154 τὴν
3174 2084 3449 2154 ἡμετέραν
3487 2083 3764 2148 ἀναδέξα-

2169 2167 2315 2231 σθαι,
2351 2168 2413 2220 οὐ
2449 2169 2752 2238 φαντασίᾳ,
2787 2169 2905 2222 οὐδὲ
2943 2169 3163 2238 δοκήσει
3200 2168 3299 2239 τὴν
3343 2169 3520 2237 σάρκα
3553 2169 3765 2232 ὑπέδυ,

2167 2251 2282 2304 ἀλλ’
2321 2251 2569 2323 ἀληθείᾳ.
2600 2253 2709 2304 Καὶ
2736 2251 2824 2305 διὰ
2862 2252 3020 2305 τοῦτο
3055 2251 3142 2304 διὰ
3174 2252 3390 2305 πάντων
3416 2252 3524 2304 τῶν
3550 2252 3769 2320 ἡμετὲ-

2171 2333 2278 2404 ρῶν
2309 2334 2484 2387 ἐλθεῖν
2531 2336 2878 2402 κατεδέξατο,
2921 2336 3016 2387 καὶ
3057 2335 3122 2387 ἐκ
3155 2335 3413 2402 γυναικὸς
3454 2335 3763 2404 τεχθῆναι,

2167 2417 2261 2470 καὶ
2294 2417 2494 2488 βρέφος
2528 2419 2800 2486 γενέσθαι,
2837 2420 2930 2472 καὶ
2965 2417 3441 2488 σπαργανωθῆναι,
3478 2416 3626 2488 [566]
3654 2417 3766 2469 καὶ

2166 2501 2762 2574 γαλακτοτροφηθῆναι.
2791 2505 2884 2556 καὶ
2912 2504 3087 2557 πάντα
3123 2503 3192 2555 τὰ
3243 2502 3377 2555 ἄλλα
3407 2501 3718 2570 ὑποστῆναι
3742 2541 3761 2562 ,

2169 2585 2256 2639 ἵνα
2275 2585 2618 2655 πιστώσηται
2637 2587 2734 2656 τῆς
2749 2587 3058 2656 οἰκονομίας
3072 2586 3168 2656 τὴν
3181 2585 3460 2655 ἀλήθειαν,
3473 2585 3562 2636 καὶ
3587 2585 3768 2653 ἀπορο

2169 2668 2314 2739 ρἀῃ
2344 2668 2451 2721 τῶν
2487 2669 2777 2740 αῖρετικῶν
2805 2669 2874 2722 τά
2907 2670 3167 2738 στόματα.
3192 2669 3290 2720 Διά
3309 2667 3465 2720 τοῦτο
3495 2669 3586 2719 καί
3616 2667 3765 2719 καθ-

2167 2750 2310 2805 εύδει
2347 2751 2439 2805 ἐπὶ
2463 2751 2557 2805 τοῦ
2588 2751 2773 2804 πλοίου
2802 2791 2816 2814 ,
2861 2752 2955 2805 καὶ
2986 2752 3274 2820 ὁδοιπορεῖ,
3308 2751 3404 2803 καὶ⁵
3433 2752 3621 2819 κοπιᾷ,
3654 2751 3764 2804 καὶ

2167 2834 2345 2888 πάντα
2379 2835 2446 2888 τὰ
2467 2834 2781 2906 ἀνθρώπινα
2809 2836 3093 2906 ὑπομένει.
3128 2835 3214 2887 ἵνα
3238 2835 3326 2888 διὰ
3347 2833 3455 2886 τῶν
3486 2835 3762 2903 πραγμά-

2166 2935 2275 2972 των
2327 2919 2539 2982 πάντας
2583 2917 3002 2990 πληροφορῆσαι
3043 2917 3265 2988 δυνηθῇ.
3301 2917 3400 2970 Διά
3446 2917 3605 2969 τοῦτο
3655 2917 3765 2968 καὶ

2166 3003 2501 3075 δικαστηρίῳ
2539 3003 2892 3074 παρίσταται,
2920 3005 3016 3057 καὶ
3050 3000 3398 3073 σταυροῦται,
3444 3001 3531 3055 καὶ
3572 2999 3766 3053 θάνα-

2167 3105 2259 3142 τον
2296 3087 2554 3157 ὑπομένει
2584 3087 2676 3141 τὸν
2705 3087 3086 3152 ἐπονείδιστον,
3121 3086 3217 3140 καὶ
3250 3088 3306 3138 ἐν
3331 3085 3577 3156 μνημείῳ
3606 3082 3767 3136 τίθε-

2165 3188 2281 3236 ται,
2307 3171 2396 3226 ’ίνα
2418 3171 2488 3224 τά
2519 3171 2620 3241 τῆς
2644 3170 2957 3241 οἰκονομίας
2985 3170 3072 3223 διά
3106 3171 3322 3223 πάντων
3355 3167 3630 3236 κατάδηλα
3657 3167 3766 3234 γέ-

2167 3271 2347 3324 νηται.
2409 3255 2474 3308 EE
2529 3255 2634 3325 γάρ
2671 3254 2747 3325 μὴ
2803 3253 2944 3308 κατά
2993 3252 3249 3324 ἀλήθειαν
3295 3251 3395 3322 τὴν
3425 3252 3602 3320 σάρκα
3651 3249 3764 3320 τὴν

2165 3337 2446 3409 ἡμετέραν
2475 3338 2759 3400 ἀνέλαϐεν,
2783 3337 2905 3390 οὐδὲ
2937 3335 3279 3408 ἐσταυρώθη,
3315 3335 3434 3387 οὐδέ
3454 3334 3759 3396 ἀπέθανεν,

2167 3421 2290 3474 οὐδὲ
2337 3421 2533 3492 ἐτάφη,
2566 3422 2688 3475 οὐδέ
2731 3422 2952 3490 ἀνέστη.
3004 3421 3064 3473 Ei
3095 3421 3149 3472 δέ
3195 3419 3269 3489 μὴ
3308 3419 3544 3489 ἀνέστη,
3584 3420 3695 3480 πᾶς
3729 3421 3764 3472 6

2166 3504 2266 3573 τῆς
2294 3505 2602 3574 οίκονομίας
2634 3505 2791 3572 λόγος
2831 3504 3256 3572 ἀνατέτραπται.
3301 3503 3462 3573 Ὁρᾷς
3504 3504 3583 3564 είς
3616 3503 3760 3572 ὅσην

2168 3587 2400 3641 ἀτοπίαν
2423 3588 2778 3642 ἐκπίπτουσιν
2799 3591 2845 3641 οἰ
2885 3588 2958 3658 μὴ
2993 3587 3303 3657 βουλόμενοι
3351 3585 3430 3655 τῷ
3467 3585 3565 3654 τῆς
3598 3587 3762 3650 θείας

2168 3669 2391 3740 Γραφῆς
2422 3671 2840 3724 κατακολουθεῖν
2873 3659 3230 3730 κανονι.ἀλλά
3257 3671 3367 3731 τοῖς
3403 3670 3624 3731 οἰκείοις
3659 3669 3760 3722 λο-

2167 3757 2386 3824 γισμοῖς
2418 3754 2632 3808 ἅπαντα
2663 3755 3082 3826 ἐπιτρέποντεςς
3129 3753 3266 3806 Ἀλλ’
3296 3752 3484 3824 ὥσπερ
3512 3751 3760 3807 ἐνταῦθα

2167 3837 2397 3907 ἀλήθειά
2419 3839 2535 3890 ἐστι
2563 3837 3054 3908 προφανὴς.οὑτως
3083 3837 3173 3888 ἐπὶ
3198 3835 3287 3888 τοῦ
3316 3836 3526 3890 δικαίου
3553 3836 3758 3890 τούτου

2170 3923 2444 3991 φαντασία
2472 3939 2556 3985 τις
2588 3917 2678 3992 ἦν,
2711 3923 2779 3976 δι’
2826 3919 2894 3994 ἦς
2927 3921 3095 3992 ἐχρῆν
3140 3920 3620 3991 ⁴ιτληροφορεηθῆναι
3655 3922 3761 3973 τὸν

2165 4006 2392 4068 δίκαιον,
2425 4007 2557 4076 ὅσης
2580 4007 2842 4060 ἀπολαύει
2871 4009 2968 4078 τῆς
2994 4009 3124 4078 παρ’
3155 4007 3317 4061 αὐτοῦ
3345 4008 3620 4082 προνοίας,
3653 4008 3758 4060 καὶ

2165 4090 2248 4142 ὅτι
2273 4087 2570 4160 ἀχείρωτος
2586 4089 2738 4143 ἔσται
2756 4092 2887 4143 πᾶσι
2913 4093 3024 4153 τοῖς
3040 4091 3410 4144 ἐπιϐουλεύειν
3436 4088 3758 4159 ἐπιχειροῦ-

2167 4189 2270 4225 σιν.
2305 4168 2440 4224 Εἶτα
2469 4172 2554 4226 ἵνα
2587 4173 2788 4242 μηδένα
2819 4174 2929 4226 τῶν
2958 4174 3038 4236 είς
3065 4174 3124 4226 τὸ
3149 4173 3274 4244 ἐξῆς
3295 4173 3431 4244 λάθῃ
3451 4176 3483 4242 ἡ
3521 4190 3759 4243 γεγενη-

2169 4255 2301 4324 μένη
2334 4253 2483 4324 αὐτῷ
2504 4254 2758 4318 ὀπτασία,
2795 4256 3139 4320 Ἐπέσκαζε,
3167 4258 3319 4326 φησὶ,
3346 4256 3424 4320 τῷ
3443 4255 3615 4325 μηρῷ
3640 4259 3757 4309 αὑ·-

2165 4339 2291 4393 τοῦ.
2331 4340 2553 4392 Ἕνεκα
2581 4343 2794 4394 τούτου
2824 4343 2895 4394 οὺ
2922 4341 3008 4409 μὴ
3039 4340 3313 4409 φάγωσιν
3335 4342 3451 4394 υἱοὶ
3496 4340 3755 4407 Ἰσραὴλ

2163 4420 2231 4474 τὸ
2269 4421 2505 4488 νεῦρον,
2526 4422 2556 4474 6
2577 4422 2932 4490 ἐνάρκησεν,
2952 4423 2984 4475 ὅ
3013 4425 3180 4476 ἐστιν
3205 4423 3304 4476 ἐπὶ
3341 4423 3446 4476 τοῦ
3476 4423 3755 4488 πλάτους

2163 4502 2270 4555 τοῦ
2295 4504 2509 4570 μηροῦ,
2528 4505 2638 4571 ἕως
2659 4505 2767 4574 τῆς
2793 4505 3014 4574 ἡμέρας
3037 4507 3276 4573 ταύτης,
3292 4503 3381 4559 ὅτι
3408 4505 3608 4573 ἥψατο
3639 4505 3754 4558 τοῦ

2165 4586 2435 4652 πλάτους
2471 4588 2577 4640 τοῦ
2629 4589 2825 4656 μηροῦ
2889 4590 3113 4654 Ἰακὼϐ,
3156 4589 3187 4642 6
3244 4589 3343 4641 καὶ
3380 4579 3750 4657 ἑνάρκησέν.

2177 4670 2392 4740 Ἐπειδὴ
2441 4671 2546 4742 γάρ
2583 4671 2611 4722 6
2650 4672 2746 4741 μὲν
2795 4671 3002 4733 δίκαιος
3047 4671 3239 4743 ἔμελλε
3289 4671 3584 4744 πληρώσας
3642 4673 3754 4741 τῆς

2166 4752 2313 4823 ζωῆς
2334 4753 2500 4808 αὐτοῦ
2521 4756 2646 4819 τούς
2670 4755 2896 4827 χρόνους
2925 4756 3279 4828 μεθίστασθαι
3296 4756 3391 4809 τοῦ
3423 4757 3558 4825 βίου,
3575 4756 3753 4828 ἐχρῆν

2162 4835 2220 4888 δέ
2248 4837 2346 4906 τὴν
2373 4837 2525 4907 παρά
2563 4837 2654 4889 τοῦ
2676 4837 2810 4890 Θεοῦ
2849 4839 3221 4910 γεγενημένην
3252 4842 3333 4903 είς
3378 4841 3539 4893 αὐτὸν
3585 4843 3753 4909 κηδε-

2166 4919 2374 4989 μονίαν,
2389 4922 2482 4972 καὶ
2497 4920 2596 4989 τὴν
2609 4921 2878 4992 τοσαύτην
2897 4924 3302 4990 συγκατάϐασιν
3320 4926 3482 4976 παντὶ
3504 4923 3578 4994 τῷ
3595 4925 3750 4992 γένει

2164 5001 2272 5054 τῶν
2300 5001 2600 5073 ἀνθρώπων
2633 5003 2906 5074 γνώριμον
2929 5007 3202 5072 γενέσθαι.
3241 5007 3329 5060 διά
3361 5007 3519 5060 τοῦτὸ
3541 5025 3705 5078 φησιν
3727 5024 3746 5038 ο

2168 5086 2250 5136 υὺ
2270 5084 2355 5152 μὴ
2385 5084 2657 5153 φάγωσιν
2685 5086 2799 5140 υἱοὶ
2836 5088 3074 5156 Ἰσραὴλ
3106 5089 3172 5142 τὸ
3198 5089 3417 5157 νεῦρον
3445 5091 3550 5144 τοῦ
3586 5090 3749 5144 πλά-

2162 5183 2302 5232 τους
2341 5166 2445 5219 τοῦ
2473 5167 2700 5246 μηροῦ,
2731 5169 2761 5221 6
2795 5169 3151 5238 ἐνάρκησεν.
3194 5173 3365 5236 Εἰδὼς
3416 5174 3594 5227 αὐτῶν
3641 5175 3746 5244 τὴν

2163 5251 2364 5321 πολλὴν
2397 5252 2808 5324 ἀγνωμοσύνην,
2835 5257 2930 5308 καὶ
2974 5258 3121 5320 ὃπως
3150 5258 3593 5312 ἐπιλανθάνονται
3632 5258 3748 5309 τῶν

2164 5335 2312 5405 παρά
2333 5333 2425 5387 τοῦ
2443 5335 2576 5388 Θεοῦ
2605 5337 2953 5408 εὐεργεσιῶν,
2971 5340 3060 5393 διὰ
3075 5341 3231 5394 τοῦτο
3275 5342 3630 5411 σοφιζόμενος
3663 5340 3745 5392 δι-

2161 5416 2331 5486 ηνεκῆ
2351 5418 2546 5481 αὐτοὺς
2561 5417 2702 5488 ἔχειν
2716 5421 2812 5491 τὴν
2831 5424 3049 5494 μνήμην
3065 5425 3173 5477 τῶν
3191 5427 3321 5496 παρ’
3337 5424 3501 5478 αὐτοῦ
3515 5441 3746 5493 γεγενη-

2165 5499 2341 5570 μένων
2371 5501 2725 5571 εὐεργεσιῶν,
2760 5504 2828 5557 τά
2856 5507 3218 5579 ὑπομνήματα
3245 5509 3611 5577 φυλάττεσθαι
3638 5507 3745 5559 αὐ-

2161 5584 2286 5645 τοὺς
2316 5584 2696 5655 ἐμηχανήσατο
2735 5586 2822 5638 διά
2849 5587 2958 5640 τῶν
2986 5590 3240 5644 τοιούτων
3266 5591 3736 5661 παρατηρήσεων⁹

2162 5667 2257 5720 καὶ
2276 5667 2432 5721 τοῦτο
2445 5669 2532 5721 διὰ
2545 5669 2722 5738 πάσης
2741 5669 2838 5739 τῆς
2855 5671 3073 5742 Γραφῆς
3091 5673 3236 5729 ἐστιν
3248 5676 3445 5745 εὑρεῖν.
3461 5672 3610 5742 Αὕτη
3623 5673 3736 5742 γὰρ

2166 5749 2398 5820 μάλιστά
2438 5753 2584 5804 ἐστιν
2613 5753 2647 5823 ἡ
2675 5753 2818 5805 αἰτία
2847 5753 2954 5808 τῶν
2985 5756 3242 5811 πλειόνων
3275 5757 3739 5828 παρατηρήσεων.
