4038 6358
241 341 350 396 509

240 458 372 508 boclt
398 474 413 519 ;
443 454 533 508 ‘25.
565 461 610 505 et
635 449 825 518 accepit
848 464 950 510 eos,
981 456 1024 499 et
1062 444 1255 496 transiit
1284 449 1568 493 torrentem.
1599 436 1687 488 21.
1723 433 1822 485 Re-

244 551 398 602 lictus
426 556 499 599 est
528 553 693 596 autem
719 539 880 593 Jacob
908 539 1067 599 solus,
1114 546 1160 587 et
1203 531 1482 586 luctabatur
1521 530 1667 579 homo
1713 540 1826 576 cum

240 656 326 693 eo.
374 637 552 706 Magna
599 630 810 687 Domini
858 628 1156 684 clementia.
1204 622 1462 688 Quoniam
1509 627 1828 672 occursurus

241 739 363 784 emt
390 726 557 792 fratri,
586 734 643 778 ut
670 724 831 778 sciret
857 721 1029 788 reipsa
1056 716 1197 787 quod
1226 713 1358 769 nihil
1393 724 1638 779 asperum
1684 708 1826 760 latu-

239 836 340 875 rus
366 827 526 879 esset.
557 817 609 870 in
640 814 807 885 ﬁgura
833 811 1062 865 hominis
1091 807 1278 862 luctari
1311 820 1431 859 cum
1465 804 1610 872 justo
1638 798 1826 853 voluit.

241 914 453 970 Deinde
479 910 665 966 videns
692 924 751 963 se
779 907 919 961 vinci
950 904 1053 975 (a),
1093 901 1184 958 25.
1228 896 1590 969 Appreltendit,
1637 891 1825 961 inquit,

243 1006 568 1061 latitudinem
604 1003 810 1074 femoris
846 975 975 1071 ejus.
1026 995 1215 1050 Totum
1259 1002 1436 1045 autem
1484 990 1585 1042 hoc
1633 985 1827 1039 factum

242 1106 354 1162 est,
382 1106 443 1151 ut
468 1111 526 1151 se
564 1096 707 1149 illius
742 1089 1027 1147 humilitati
1060 1090 1455 1153 attemperaret,
1495 1077 1829 1134 formidinem

244 1205 311 1242 ex
338 1187 516 1241 anima
540 1184 669 1254 justi
695 1183 975 1245 eximeret,
1016 1188 1069 1232 et
1104 1174 1446 1245 persuaderet
1483 1170 1553 1235 ei,
1598 1176 1658 1221 ut
1697 1166 1829 1219 citra

244 1293 504 1349 angorem
530 1275 678 1330 fratri
709 1278 1035 1327 occurreret.
1066 1267 1199 1323 Nam
1228 1280 1347 1319 cum
1372 1261 1629 1316 tenuisset
1656 1258 1834 1310 latitu-

244 1344 432 1422 dinem
473 1365 689 1420 femoris
725 1361 908 1426 Jacob,
940 1356 1204 1413 Emarcuit
1250 1351 1463 1408 latitudo
1498 1348 1701 1421 femoris
1737 1344 1835 1398 Ja-

246 1460 364 1523 cob,
393 1475 506 1511 cum
546 1456 906 1509 colluctaretur
942 1450 1030 1504 ille
1068 1464 1183 1501 cum
1222 1462 1299 1499 eo.
1343 1442 1544 1497 Deinde
1572 1449 1631 1493 ut
1672 1437 1833 1492 sciret

246 1552 419 1608 Jacob
447 1551 697 1604 virtutem
723 1546 839 1615 ejus
865 1559 1022 1612 quem
1049 1554 1229 1595 secum
1260 1535 1448 1591 luctari
1478 1532 1717 1603 putabat,
1748 1528 1832 1582 di-

246 1645 323 1698 cit
344 1643 410 1697 ad
432 1658 554 1697 eum
599 1659 612 1694 :
656 1638 749 1692 26.
794 1635 1004 1690 Dimitte
1035 1647 1148 1697 me;
1193 1628 1417 1684 ascendit
1464 1626 1595 1680 enim
1623 1638 1831 1676 aurora.

248 1737 503 1790 Sentiens
534 1731 693 1802 igitur
718 1729 891 1799 justus
912 1723 1328 1795 magnitudinem
1351 1719 1562 1772 virtutis
1582 1716 1714 1785 ejus,
1742 1713 1833 1783 qui

252 1829 370 1879 haec
394 1825 493 1879 sibi
520 1823 747 1883 dixerat,
779 1819 915 1874 dixit
951 1834 964 1870 :
994 1815 1205 1869 Minime
1236 1823 1282 1866 te
1320 1811 1592 1872 dimittam,
1624 1806 1723 1860 nisi
1758 1820 1836 1858 me

250 1915 585 1971 benedixeris.
619 1914 807 1982 Magna
835 1917 1196 1978 consequutus
1234 1919 1374 1968 sum,
1417 1912 1471 1957 et
1513 1915 1631 1971 qua:
1671 1913 1831 1967 supra

251 2024 431 2064 meam
458 2018 581 2061 sunt
604 2005 910 2074 dignitatem
940 2019 952 2055 :
985 2016 1089 2055 non
1116 1998 1262 2068 prius
1298 2006 1350 2051 te
1388 1994 1706 2061 relinquam.
1734 1990 1836 2045 do-

250 2115 356 2153 nec
384 2096 812 2152 benedictionem
847 2108 876 2146 a
919 2100 971 2145 te
991 2089 1265 2158 accipiam.
1312 2084 1512 2140 Deinde
1545 2083 1694 2148 dicit,
1742 2080 1831 2134 27.

255 2190 410 2258 Quod
440 2204 621 2241 nomen
645 2196 786 2239 tuum
805 2184 919 2237 est?
948 2181 1074 2236 Vide
1102 2180 1291 2233 iterum
1317 2186 1571 2246 quantum
1595 2188 1715 2228 sese
1736 2173 1837 2226 hu-

252 2281 428 2335 miliet
452 2287 506 2333 et
527 2282 858 2345 attemperet.
879 2272 1015 2327 Nam
1042 2270 1087 2325 si
1111 2285 1219 2324 non
1240 2269 1638 2338 interrogasset,
1666 2263 1813 2319 nesci

252 2371 566 2441 vissetjnsti
591 2368 823 2424 nomen?
846 2366 1056 2421 Sciebat
1075 2364 1255 2433 utique
1276 2379 1288 2415 :
1313 2359 1406 2415 sed
1425 2359 1838 2427 interrogatione

252 2467 369 2520 vult
395 2466 513 2534 ejus
547 2462 790 2516 ﬁduciam
819 2458 1068 2518 solidare,
1100 2464 1155 2510 et
1180 2454 1375 2508 docere
1402 2451 1520 2521 quis
1563 2450 1631 2503 sit
1670 2448 1759 2518 qui
1788 2448 1834 2501 ei

254 2557 526 2627 loquatur.
554 2553 622 2607 Et
646 2560 925 2621 postquam
954 2547 1105 2611 dixit,
1135 2542 1321 2606 Iacob,
1343 2540 1433 2595 28.
1467 2540 1637 2609 inquit
1668 2554 1681 2590 :
1717 2537 1839 2590 Non

253 2648 521 2703 rocabitur
567 2660 749 2698 nomen
790 2652 929 2696 tuum
966 2639 1147 2702 Jacob,
1188 2637 1275 2690 sed
1314 2632 1481 2688 Israel
1519 2632 1610 2685 erit
1658 2646 1839 2684 nomen

256 2751 427 2794 tuum.
457 2737 709 2804 Quoniam
730 2734 775 2788 si
800 2742 979 2787 contra
1002 2729 1168 2783 Deum
1193 2727 1340 2797 fortis
1362 2725 1520 2805 fu'vti,
1551 2722 1709 2776 multo
1734 2736 1844 2772 ma-

257 2834 339 2902 gis
368 2839 544 2884 contra
569 2827 792 2881 homines
814 2834 986 2895 potens
1010 2822 1128 2876 eris.
1155 2818 1344 2873 Vidisti
1367 2814 1633 2887 quomodo
1659 2822 1843 2865 osten—

256 2925 342 2977 dit
368 2933 533 2976 totam
569 2932 803 2981 causam,
836 2924 1051 2985 propter
1074 2926 1232 2981 quam
1263 2908 1396 2963 adeo
1432 2922 1491 2960 se
1514 2903 1748 2967 demisit,
1789 2911 1845 2957 et

259 3014 422 3070 simul
448 3013 627 3067 docuit
661 3004 860 3079 justum
900 3022 993 3075 per
1023 3000 1252 3058 nominis
1294 2998 1685 3069 impositionem
1727 2995 1846 3064 quis

260 3115 409 3161 esset
427 3120 582 3175 quem
606 3101 798 3156 viderit
817 3107 871 3154 et
885 3092 1368 3166 comprehenderit.
1400 3087 1519 3144 Non
1549 3088 1684 3145 ultra
1703 3087 1846 3142 enim

262 3197 521 3253 vocaberis
547 3194 727 3258 Iacob,
758 3192 846 3246 sed
869 3188 1039 3244 Israel
1066 3188 1156 3241 erit
1179 3200 1357 3239 nomen
1388 3192 1548 3236 tuum.
1577 3178 1734 3233 Israél
1755 3192 1850 3231 au-

267 3302 402 3357 tem,
433 3290 476 3344 si
505 3288 621 3357 quis
650 3286 1046 3354 interpretetur,
1073 3286 1247 3342 sonat,
1270 3275 1468 3330 Videns
1491 3273 1677 3326 Deum.
1700 3267 1849 3335 Quo-

269 3382 412 3435 niam
441 3378 578 3433 sicut
602 3376 783 3431 videre
810 3370 1008 3427 homini
1041 3366 1292 3439 possibile
1329 3373 1432 3430 est,
1462 3364 1628 3418 Deum
1665 3360 1849 3413 videre

269 3470 552 3526 meruisti:
584 3477 861 3537 propterea
898 3471 952 3517 et
986 3460 1125 3514 hanc
1165 3455 1573 3527 appellationem
1621 3449 1713 3506 tibi
1747 3449 1851 3504 im-

272 3580 440 3634 pono,
469 3572 527 3617 ut
554 3561 801 3617 omnibus
827 3557 1054 3629 posteris
1082 3552 1421 3607 manifestum
1457 3548 1547 3613 sit,
1582 3560 1740 3616 quam
1778 3544 1856 3595 vi-

272 3659 484 3712 sionem
508 3661 825 3723 assequutus
847 3649 1030 3704 fueris.
1060 3646 1128 3701 Et
1156 3642 1406 3713 subjicit:
1442 3639 1693 3705 Quoniam
1720 3651 1856 3705 prte-

275 3748 479 3804 valuisti
501 3755 676 3799 contra
704 3742 889 3806 Deum,
929 3748 973 3793 et
1013 3745 1189 3792 contra
1218 3733 1446 3787 homines
1483 3738 1657 3800 potens
1698 3727 1795 3780 eris
1837 3742 1857 3779 :

276 3840 412 3894 nihil
439 3836 664 3907 amplius
692 3835 820 3889 time
855 3834 897 3898 ¹,
923 3844 1097 3900 neque
1143 3827 1396 3881 damnum
1426 3820 1638 3892 aliquod
1665 3834 1857 3886 exspe-

277 3943 417 3996 ctes,
448 3928 590 4000 quod
616 3929 683 3984 ab
707 3928 884 3997 aliquo
909 3924 1065 3979 feras.
1099 3921 1231 3976 Nam
1258 3918 1348 3989 qui
1375 3924 1573 3971 tantam
1611 3913 1860 3966 virtutem

280 4023 561 4092 accepisti,
595 4030 651 4074 ut
675 4034 795 4073 cum
825 4017 934 4071 Deo
971 4012 1156 4069 luctari
1195 4008 1447 4073 valueris,
1487 4005 1657 4061 multo
1694 4003 1863 4073 magis

281 4116 532 4170 homines
563 4110 855 4180 superabis,
885 4116 939 4162 et
964 4105 1186 4159 invictus
1215 4098 1462 4156 omnibus
1496 4097 1623 4152 eris.

356 4208 411 4263 3.
454 4206 547 4259 His
594 4201 974 4271 auditisjustus
1022 4197 1405 4264 obstupescens
1451 4185 1865 4258 magnitudinem

282 4298 405 4365 ejus
433 4297 523 4366 qui
551 4309 732 4349 secum
759 4288 1181 4360 colloquebatur,
1210 4284 1339 4339 dicit
1366 4282 1415 4336 ei
1452 4297 1464 4333 :
1494 4278 1583 4334 29.
1614 4275 1869 4330 Annuntia

286 4390 416 4441 mihi
440 4403 622 4441 nomen
648 4396 807 4437 tuum.
831 4382 899 4435 Et
924 4380 1053 4434 dixit
1087 4393 1105 4431 :
1128 4376 1231 4431 Cur
1258 4374 1438 4445 quieris
1459 4386 1639 4425 nomen
1665 4364 1870 4421 meum?

289 4482 361 4536 Et
390 4480 640 4534 benedixit
664 4493 799 4530 eum.
830 4474 972 4527 Intra
997 4481 1115 4525 tuos
1136 4469 1353 4534 limites,
1390 4465 1583 4534 inquit,
1616 4474 1789 4523 mane,
1818 4467 1872 4513 et

291 4590 364 4630 ne
392 4569 797 4641 transgrediaris
841 4578 1142 4620 mensuram
1181 4571 1348 4614 tuam.
1381 4558 1472 4612 Vis
1505 4570 1678 4610 meam
1708 4553 1871 4607 bene-

292 4640 584 4721 dictionem
610 4658 888 4715 obtinere?
922 4657 1058 4711 Ecce
1081 4668 1202 4709 eam
1230 4650 1324 4706 tibi
1344 4648 1433 4704 do.
1466 4647 1601 4701 Dicit
1622 4644 1786 4708 enim,
1810 4640 1874 4694 Et

291 4757 550 4814 benedixit
592 4770 726 4809 eum.
765 4750 855 4806 30.
899 4748 969 4801 Et
1006 4745 1220 4807 uocauit,
1252 4741 1459 4811 inquit,
1495 4736 1656 4790 Jacob
1698 4748 1878 4786 nomen

300 4851 396 4905 loci
424 4848 585 4910 illius,
618 4843 853 4912 Speciem
891 4839 1001 4892 Dei.
1048 4835 1160 4889 Vidi
1196 4834 1328 4887 enim
1363 4829 1527 4883 Deum
1555 4826 1684 4896 facie
1708 4822 1774 4875 ad
1800 4822 1881 4891 ft.-

297 4941 449 5002 ciem,
477 4945 526 4989 et
554 4934 695 4988 salva
721 4936 859 5003 facta
887 4937 958 4984 est
986 4926 1157 4980 anima
1186 4939 1317 4977 mea.
1349 4919 1513 4974 Vides
1539 4925 1791 4987 quantum
1830 4913 1878 4966 ei

299 5030 513 5087 ﬁducia:
539 5044 568 5081 a
607 5026 811 5081 visione
849 5023 918 5077 sit
954 5017 1216 5075 inditum?
1246 5014 1404 5070 Salva
1450 5014 1585 5081 facta
1613 5018 1683 5062 est
1714 5006 1883 5059 anima

368 5161 386 5191 ι
422 5158 640 5219 Quinque
663 5161 791 5219 Mss"
1072 5141 1422 5219 ampliustime.

368 5193 575 5282 (dirui-lie1
592 5193 1162 5282 scries'jse'hiiitricatatu'
1172 5193 1415 5282 exhibere
1436 5270 1447 5282 ι
1458 5199 1624 5273 incipit
1705 5208 1814 5282 halm
1846 5193 1888 5265 si

302 5255 458 5333 ξωἝὲ
850 5255 1068 5322 riiiiié'éi
1100 5270 1149 5335 in
1172 5264 1498 5335 Manu§criptis
1516 5255 1889 5335 uiittitbtts_ltzgi-

305 5317 1106 5409 lii-rilacobvips’eﬁih-littchi'victus
1127 5329 1292 5385 fuerit,
1318 5317 1422 5386 ipse
1450 5323 1669 5409 ditarit
1701 5317 1891 5409 einunc

640 5406 645 5409 λ
1053 5400 1099 5409 μ.
1140 5398 1299 5409 .-κ-η-
1335 5399 1427 5409 ..,...
1573 5396 1600 5409 τ.
1671 5394 1697 5409 ο
1737 5389 1891 5409 mum

430 5381 789 5452 EzEEEid'z’i'e'aﬁz
806 5381 1105 5446 auroraftit
1140 5381 1303 5461 tamen
1335 5381 1429 5461 hpn
1460 5384 1608 5461 modo
1631 5381 1893 5450 Hebraieus

308 5440 800 5522 "indagata
811 5440 1125 5522 wlatin-pretes
1156 5453 1265 5522 haec
1280 5447 1433 5522 verba
1451 5446 1628 5515 dicunt.
1642 5455 1753 5522 esse

307 5501 945 5589 aiii'taédtamain'éag
959 5501 1178 5589 sariat
1220 5513 1587 5589 υιιινγᾷοῇιξξιηυδ,
1618 5506 1737 5552 imm
1759 5501 1896 5589 dicit:

1313 5560 1500 5649 idrtut‘is
1517 5567 1775 5649 “eius-“qut
1784 5631 1795 5649 '

311 5629 663 5700 iié'é'aﬁéii'z’.‘
677 5629 996 5703 Qitamohrem'
1013 5640 1202 5703 videtur
1210 5634 1402 5703 __series_
1418 5629 1711 5703 aliquantum
1732 5629 1899 5703 vitiata

316 5689 707 5761 giganta:
719 5689 936 5763 latum;
969 5700 1103 5752 nullo
1146 5697 1442 5759 suifragante
1475 5689 1665 5748 Codice,
1708 5692 1898 5736 mutare

324 5788 426 5824 non
440 5772 543 5822 ausi
564 5782 746 5820 sumus.

1267 324 1328 379 IN
1359 323 1506 380 CAP.
1553 316 1762 375 XXXII.
1798 312 2040 368 GENES.
2082 309 2306 365 llU.\llL.
2350 307 2528 363 LVIII.

3410 300 3510 353 5I0

1933 445 2077 488 mea,
2131 442 2247 494 qua:
2296 436 2412 478 erat
2461 421 2840 493 propemodum
2892 430 3097 474 mortua
3141 435 3252 489 prm
3297 419 3506 472 timore.

1932 519 2192 583 Quoniam
2233 516 2412 568 videre
2442 514 2570 566 mihi
2610 514 2790 565 datum
2831 522 2913 565 est
2957 511 3120 563 Deum
3167 510 3297 562 lacic
3336 507 3401 561 ad
3435 510 3512 560 l'a-

1931 610 2091 665 ciem.
2123 607 2281 660 Salva
2301 605 2438 675 facta
2466 612 2538 657 est
2566 604 2736 655 anima
2765 619 2894 657 mea.
2928 602 3016 655 31.
3067 599 3220 653 Ortus
3245 608 3317 652 est
3350 607 3514 651 autem

1932 697 1976 750 ei
2005 697 2100 755 sol,
2128 696 2328 762 quando
2353 693 2592 762 prwteriit
2614 692 2739 745 visio
2762 690 2880 743 Dei.
2908 689 3096 743 Vidisti
3128 689 3394 754 quomodo
3434 687 3513 740 itt-

1935 785 2169 839 ﬁrmitati
2196 785 2439 837 humanae
2471 783 2725 836 Dominus
2768 796 2886 835 sese
2926 790 3305 848 attemperans,
3335 779 3513 833 omnia

1934 878 2041 945 agit
2069 885 2121 929 et
2148 883 2356 939 tractat,
2385 882 2440 927 ut
2469 887 2616 926 suam
2649 871 3026 939 benignitatem
3052 870 3317 923 declaret?
3354 869 3419 921 Et
3448 884 3515 921 ne

1934 966 2236 1028 admireris,
2281 964 2493 1025 dilecte,
2525 961 2666 1031 quod
2706 970 2849 1015 tanta
2889 961 2959 1013 sit
2996 959 3335 1027 indulgentia:
3375 958 3517 1011 illius

1935 1057 2279 1127 magnitudo:
2308 1056 2401 1109 sed
2425 1056 2595 1123 cogita
2620 1051 2885 1121 quomodo
2923 1061 2978 1104 et
3017 1050 3349 1119 patriarchae,
3392 1065 3515 1102 cum

1935 1148 2074 1219 apud
2104 1163 2354 1218 quercum
2379 1147 2609 1211 sederet,
2640 1143 2693 1196 in
2722 1142 2953 1196 hominis
2980 1142 3141 1210 ﬁgura
3169 1157 3286 1192 cum
3313 1139 3516 1207 angelis

1936 1240 2132 1307 hospes
2156 1239 2332 1302 fuerit,
2364 1236 2688 1306 prmsignans
2730 1234 2881 1287 nobis
2912 1232 3021 1302 jam
3054 1231 3221 1285 multo
3266 1242 3419 1282 antea
3462 1240 3517 1283 et

1936 1330 2004 1383 ab
2031 1330 2181 1383 initio
2210 1343 2269 1382 se
2298 1329 2580 1381 humanam
2606 1334 2848 1378 naturam
2875 1330 3241 1391 suscepturum
3271 1335 3389 1374 eSse
3408 1359 3427 1385 ,
3457 1329 3517 1373 ιιι

1937 1423 2014 1477 sic
2032 1437 2243 1476 omnem
2271 1421 2553 1473 humanam
2579 1426 2822 1471 naturam
2867 1430 2896 1467 a
2924 1414 3118 1468 diaboli
3148 1411 3425 1483 tyrannide
3455 1412 3517 1464 li-

1938 1515 2170 1578 beraret,
2202 1523 2253 1568 et
2274 1512 2347 1565 ad
2373 1512 2599 1566 salutem
2630 1508 2929 1562 reduceret.

2018 1605 2215 1659 Veritas
2259 1602 2623 1657 incarnationis
2668 1600 2995 1661 declaratur;
3037 1596 3391 1663 beneficiorum
3430 1592 3519 1645 Dei

1938 1709 2261 1751 monumenta
2289 1698 2341 1749 in
2370 1696 2733 1764 Scriptura.—-—
2748 1691 2944 1745 Verum
2969 1698 3098 1751 tunc
3123 1686 3357 1757 quidem,
3387 1700 3519 1754 quo-

1941 1790 2081 1843 niam
2113 1788 2257 1842 initia
2287 1799 2340 1841 et
2369 1786 2625 1855 principia
2653 1791 2823 1847 erant,
2860 1784 2911 1834 in
2940 1780 3102 1849 ﬁgura
3133 1778 3418 1846 unicuique
3452 1776 3519 1829 il-

1941 1881 2113 1935 lorum
2141 1878 2447 1948 apparebat,
2475 1878 2613 1930 sicut
2644 1875 2759 1944 ipse
2790 1888 2885 1942 per
2909 1872 3070 1925 alium
3099 1869 3409 1938 prophetam
3441 1867 3522 1920 di-

1940 1973 2011 2024 cit
2041 1987 2056 2022 :
2086 1969 2197 2040 Ego
2227 1970 2439 2023 visiones
2465 1968 2812 2036 multiplicaui,
2838 1973 2881 2017 et
2909 1965 2959 2015 in
2986 1963 3216 2015 manibus
3247 1960 3517 2029 propheta-

1939 2080 2053 2116 rum
2078 2063 2385 2115 assimilatas
2427 2077 2534 2113 sum
2574 2059 2726 2128 (Osee
2774 2058 2860 2109 12.
2895 2055 2986 2123 IO)
3032 2072 3044 2106 :
3092 2051 3303 2122 quando
3344 2060 3520 2106 autem

1940 2154 2186 2225 dignatus
2212 2162 2295 2209 est
2323 2153 2576 2207 Dominus
2601 2151 2883 2203 humanam
2909 2144 3133 2200 formam
3156 2145 3447 2213 suscipere,
3472 2153 3527 2198 et

1942 2248 2200 2316 primitias
2231 2256 2438 2299 nostras
2466 2243 2722 2310 recipere,
2757 2256 2859 2292 non
2891 2242 2942 2291 itt
2974 2238 3135 2305 ﬁgura
3169 2251 3337 2302 neque
3362 2249 3528 2302 appa-

1942 2347 2149 2391 rentem
2182 2345 2382 2389 tantum
2414 2348 2650 2396 carnem,
2683 2330 2777 2385 sed
2805 2343 2988 2383 veram
3018 2326 3207 2380 induit.
3244 2326 3311 2379 Et
3330 2339 3527 2393 capro-

1943 2441 2060 2497 pter
2103 2429 2267 2480 voluit
2313 2442 2407 2494 per
2448 2424 2626 2477 omnia
2671 2432 2849 2474 nostra
2895 2419 3155 2483 transire,
3199 2432 3261 2470 ex
3307 2415 3529 2468 muliere

1945 2522 2111 2583 nasci,
2144 2520 2316 2572 infans
2345 2517 2482 2580 ﬁeri,
2525 2512 2823 2584 panniculis
2866 2509 3082 2575 involvi,
3110 2518 3165 2562 et
3199 2508 3332 2561 laete
3363 2505 3527 2572 pasci,

1944 2613 2154 2681 aliaque
2199 2610 2375 2664 omnia
2418 2608 2577 2672 ferre,
2616 2615 2673 2659 ut
2713 2600 3125 2672 dispensationis
3170 2598 3365 2652 veritas
3405 2610 3527 2651 cre-

1944 2702 2161 2757 dibilior
2215 2709 2392 2761 esset,
2447 2708 2500 2751 et
2546 2695 2919 2749 haereticorum
2980 2705 3072 2743 ora
3134 2689 3529 2743 obturarentur.

1948 2796 2233 2862 Propterea
2290 2800 2346 2845 et
2398 2788 2596 2843 dormit
2652 2786 2704 2838 in
2762 2783 2922 2845 navi,
2993 2789 3049 2833 et
3105 2780 3205 2833 iter
3263 2777 3418 2839 facit,
3476 2784 3533 2830 et

1947 2886 2228 2955 fatigatur,
2278 2891 2333 2937 et
2378 2880 2556 2935 omnia
2604 2877 2833 2930 humana
2883 2871 3144 2931 sustinet,
3194 2879 3251 2921 ut
3296 2882 3389 2936 per
3441 2880 3529 2919 res

1948 2978 2094 3049 ipsas
2160 2973 2427 3041 certisque
2482 2966 2811 3038 argumentis
2878 2960 3195 3031 persuadeat
3262 2955 3531 3009 omnibus.

1949 3048 2174 3137 Propter
2204 3066 2307 3119 hoc
2351 3064 2513 3117 etiam
2553 3057 2801 3114 tribunali
2845 3055 3047 3118 adstat,
3088 3059 3145 3106 et
3187 3048 3532 3117 cruciﬁgitur,

1950 3168 2282 3226 mortemque
2310 3155 2538 3209 sustinet
2566 3145 3144 3219 ignominiosissimam,
3177 3148 3231 3195 et
3270 3142 3322 3193 in
3360 3139 3538 3208 sepul-

1951 3266 2045 3306 cro
2074 3250 2307 3319 ponitur,
2342 3255 2400 3301 ut
2435 3260 2532 3299 sua
2574 3240 2869 3296 incarnatio
2897 3252 2994 3307 per
3017 3234 3194 3289 omnia
3235 3232 3327 3285 ﬁat
3367 3231 3540 3285 mani-

1953 3344 2110 3399 festa.
2141 3342 2271 3396 Nam
2299 3340 2346 3395 si
2372 3355 2479 3394 non
2513 3351 2639 3390 vere
2679 3346 2896 3388 carnem
2932 3337 3171 3382 nostram
3208 3322 3493 3391 assumpsit
3522 3337 3537 3374 :

1954 3451 2128 3506 neque
2153 3432 2439 3488 cruciﬁxus
2463 3436 2565 3490 est,
2597 3439 2772 3494 neque
2794 3430 3056 3483 mortuus,
3080 3430 3252 3483 neque
3281 3412 3538 3482 sepultus,

1957 3542 2130 3597 neque
2168 3522 2479 3579 resurrexit.
2522 3516 2675 3587 Quod
2704 3516 2750 3569 si
2776 3528 2882 3567 non
2910 3506 3229 3571 resurrexit,
3275 3503 3449 3560 omnis
3475 3502 3544 3557 de

1960 3616 2325 3673 incarnatione
2354 3626 2534 3666 sermo
2558 3610 2848 3663 subversus
2877 3610 2980 3657 est.
3016 3600 3175 3654 Vides
3206 3598 3256 3650 in
3287 3604 3541 3665 quantam

1961 3705 2346 3762 absurditatem
2370 3700 2611 3755 incidunt
2638 3698 2728 3766 qui
2753 3694 2947 3749 divina:
2974 3690 3263 3758 Scriptura:
3284 3698 3543 3740 canonem

1960 3797 2111 3867 sequi
2168 3795 2391 3857 nolunt,
2445 3790 2540 3844 sed
2592 3788 2704 3843 suis
2765 3780 3177 3853 cogitationibus
3236 3774 3548 3846 permittunt

1962 3886 2181 3944 omnia?
2225 3886 2418 3939 Verum
2466 3882 2603 3935 sicut
2647 3878 2734 3932 hic
2778 3874 3058 3945 perspicua
3087 3879 3171 3923 est
3215 3866 3432 3929 veritas,
3477 3863 3547 3915 ita

1964 3977 2103 4048 apud
2136 3978 2340 4046 justum
2371 3973 2520 4027 illum
2572 3971 2740 4038 ﬁgura
2782 3963 3027 4034 quaedam
3069 3967 3204 4020 erat,
3255 3972 3351 4026 per
3386 3968 3546 4023 quam

1964 4046 2145 4141 justus
2175 4068 2355 4123 multis
2382 4063 2712 4135 argumentis
2739 4059 2937 4113 certior
2980 4055 3150 4113 ﬁeret,
3183 4058 3434 4119 quautam
3467 4046 3549 4099 sui

1967 4178 2149 4219 curam
2180 4163 2316 4216 Deus
2361 4158 2603 4220 haberet,
2651 4163 2705 4207 et
2756 4151 3008 4205 invictum
3056 4161 3116 4199 se
3162 4145 3393 4196 futurum
3432 4152 3553 4192 esse

1968 4255 2218 4310 omnibus
2246 4252 2335 4321 qui
2366 4250 2466 4303 sibi
2496 4246 2893 4302 insidiarentur.
2928 4238 3145 4299 Deinde,
3174 4245 3228 4289 ut
3260 4228 3553 4303 posteritati

1970 4354 2095 4400 nota
2126 4344 2275 4397 ﬁeret
2300 4342 2415 4411 ejus
2444 4339 2601 4403 visio,
2635 4332 2974 4395 Claudicavit,
3004 4327 3193 4396 inquit,
3226 4324 3414 4392 femore
3434 4336 3548 4374 suo.

1975 4438 2063 4493 52.
2104 4436 2322 4506 Propter
2348 4433 2440 4485 hoc
2470 4447 2571 4484 non
2597 4426 2863 4481 comedunt
2903 4422 2998 4491 ﬁlii
3040 4417 3204 4472 Israel
3235 4430 3439 4468 nervum
3468 4412 3554 4481 qui

1976 4530 2237 4592 emarcuit,
2271 4527 2357 4598 qui
2398 4535 2469 4578 est
2510 4537 2662 4593 super
2705 4517 3021 4593 latitudinem
3048 4503 3272 4582 femoris,
3313 4519 3470 4574 usque
3506 4504 3562 4556 in

1978 4625 2110 4677 hunc
2140 4590 2318 4674 diem':
2346 4616 2467 4686 quia
2494 4590 2658 4683 attigit
2698 4590 2905 4663 nervum
2949 4618 3098 4672 super
3130 4597 3447 4653 latitudinem
3485 4596 3563 4663 fe-

1978 4715 2131 4769 moris
2151 4711 2332 4777 .lacob,
2359 4718 2406 4762 et
2426 4705 2691 4761 emarcuit.
2719 4699 2980 4768 Quoniam
3008 4693 3150 4748 enim
3181 4691 3354 4759 justus
3381 4685 3566 4753 imple-

1982 4811 2050 4863 tis
2075 4809 2196 4861 viue
2236 4819 2348 4857 sua:
2385 4798 2560 4865 annis,
2609 4796 2960 4865 cmigraturus
2993 4794 3108 4841 erat
3149 4800 3215 4837 ex
3254 4781 3353 4834 hac
3390 4778 3497 4831 vita
3547 4794 3560 4829 :

1983 4899 2263 4970 Oportebat
2287 4903 2463 4948 autem
2493 4886 2880 4960 providentiam
2907 4881 3000 4935 Dei
3044 4880 3095 4931 in
3128 4876 3296 4935 illum,
3337 4878 3391 4925 et
3438 4877 3559 4923 :an-

1986 5003 2092 5047 tam
2123 4990 2215 5044 Dei
2241 4982 2736 5053 attemperationem
2774 4976 2918 5031 omni
2952 4971 3221 5025 hominum
3249 4960 3432 5033 generi
3461 4959 3558 5014 de-

1988 5082 2176 5138 clarari
2208 5098 2220 5133 :
2254 5078 2403 5143 Ideo,
2431 5075 2619 5144 inquit,
2661 5088 2762 5125 non
2802 5067 3066 5122 comedunt
3112 5059 3206 5129 ﬁlii
3248 5053 3417 5109 Israel
3449 5066 3565 5105 ner-

1989 5193 2103 5231 vum
2147 5171 2429 5227 latitudinis
2465 5166 2692 5239 femoris,
2735 5162 2819 5232 qui
2864 5154 3124 5213 emarcuit.
3173 5150 3356 5205 Sciens
3385 5159 3569 5199 eorum

1992 5267 2275 5324 admodum
2305 5236 2563 5332 ingratam
2594 5266 2847 5317 mentem,
2889 5262 2943 5305 et
2985 5261 3140 5317 quam
3188 5241 3342 5296 facile
3379 5236 3572 5292 oblivi-

1994 5368 2208 5415 scantur
2228 5356 2317 5409 Dei
2343 5350 2618 5412 beneﬁcia,
2648 5354 2899 5416 perpetuo
2919 5338 3121 5393 artibus
3150 5329 3462 5403 quibusdam
3492 5324 3572 5379 ef-

1997 5454 2107 5507 ﬁcit
2145 5464 2199 5505 ut
2227 5456 2566 5503 monumenta
2604 5441 2833 5495 habeant
2875 5448 3061 5488 eorum
3106 5442 3223 5497 qua:
3262 5438 3292 5475 a
3334 5436 3391 5475 se
3437 5418 3572 5471 facta

2001 5554 2143 5609 sunt,
2179 5539 2523 5610 providetque
2550 5547 2607 5587 ut
2644 5533 2731 5585 illa
2771 5529 3094 5582 monimenta
3137 5531 3231 5587 per
3276 5507 3574 5580 Itujusmodi

2002 5602 2400 5692 observationes
2424 5602 2825 5683 custodiantur;
2853 5616 2904 5671 id
2944 5613 3085 5685 quod
3130 5623 3222 5678 per
3251 5602 3578 5692 Scripturam

2009 5738 2173 5785 tutam
2191 5724 2451 5781 invenies.
2478 5719 2603 5775 IIth
2626 5714 2768 5770 enim
2795 5708 3031 5766 maxima
3054 5713 3213 5757 causa
3228 5704 3312 5753 est
3329 5691 3579 5764 plurima-
