4038 6358
504 304 600 358 5H

504 437 620 475 rum
651 420 1105 486 Observationum,
1133 417 1271 487 quod
1303 418 1431 470 Velit.
1468 426 1721 486 perpetuo
1754 419 1955 468 futuras
1979 429 2071 483 ge-

505 513 805 566 nerationes
845 511 1088 565 meditari
1133 510 1388 563 beneficia
1434 508 1547 573 Dei,
1588 515 1644 561 et
1683 522 1785 561 non
1821 506 2084 561 oblivione

505 619 753 672 utinquam
779 602 1121 656 obliterantes
1146 600 1214 654 ad
1239 616 1366 654 suos
1394 614 1607 653 errores
1634 612 1912 652 recurrere
1949 614 1962 650 :
1994 597 2083 666 qui

503 711 620 750 mos
650 696 745 750 fuit
769 695 1071 750 Judteorum
1098 694 1328 749 maxime
1347 693 1490 764 genti
1516 693 1813 762 peculiaris.
1840 691 1970 745 Nam
1993 692 2084 761 qui

502 787 572 841 de
598 785 867 840 beneficiis
888 800 1032 856 saepe
1057 800 1319 841 summam
1348 801 1454 855 ιη’ιὲ
1482 799 1541 837 se
1567 784 1800 837 tulerunt
1825 785 2083 853 ingratam

501 881 864 944 voluntatem,
915 878 1081 932 multo
1120 878 1310 946 magis,
1356 877 1455 930 nisi
1486 877 1589 930 hoc
1627 875 1812 929 fuisset
1862 875 2080 941 factum,

499 970 678 1024 omnia
706 985 827 1039 qua:
865 983 895 1023 a
938 969 1047 1023 Deo
1092 969 1144 1022 in
1186 968 1331 1037 ipsos
1361 967 1496 1021 facta
1538 975 1681 1029 sunt,
1716 981 1748 1020 e
1778 975 1955 1019 mente
1989 980 2084 1021 sua

499 1062 839 1130 abjecisseut.
876 1061 1142 1115 Cancrum
1183 1058 1455 1113 videamus
1493 1074 1635 1112 nunc
1673 1056 1943 1128 quomodo
1974 1056 2082 1109 fra-

502 1155 570 1209 tri
605 1169 702 1207 suo
723 1152 955 1208 Jacobus
978 1152 1289 1206 occurrerit.
1318 1151 1601 1219 Postquam
1621 1152 1764 1204 enim
1794 1164 1857 1203 ex
1881 1149 1945 1203 iis
1964 1164 2084 1218 qua:

499 1246 636 1301 facta
664 1253 807 1307 sunt,
842 1246 1084 1299 idoneam
1106 1244 1312 1314 accepit
1333 1243 1751 1297 consolationem
1774 1253 1828 1296 et
1854 1242 2081 1310 promis-

501 1344 707 1392 sionem
743 1337 885 1407 quod
935 1336 1086 1391 fortis
1129 1336 1335 1390 futurus
1380 1342 1544 1400 esset,
1596 1342 1652 1388 et
1692 1345 1881 1403 potens
1920 1334 2083 1387 etiam

502 1437 685 1482 contra
714 1427 976 1491 homines,
1010 1428 1063 1481 1.
1096 1426 1318 1480 Eleuatis
1344 1426 1505 1479 oculis
1532 1424 1676 1491 vidit,
1721 1434 1766 1477 ct
1795 1440 1909 1477 ecce
1942 1422 2085 1477 Esau

501 1524 660 1590 frater
688 1520 818 1589 ejus,
848 1530 893 1572 et
915 1500 1269 1588 quadringenti
1288 1519 1381 1571 viri
1407 1533 1521 1570 cum
1558 1532 1637 1569 eo.
1674 1515 1737 1569 Et
1782 1515 1947 1569 divisit
1988 1514 2086 1568 Ja-

500 1612 591 1666 cob
618 1628 798 1680 pueros
824 1611 891 1663 ad
916 1609 1061 1663 Liam
1083 1620 1130 1663 et
1156 1608 1370 1675 Rachel,
1400 1618 1445 1663 et
1488 1608 1617 1661 duas
1649 1609 1882 1661 ancillas.
1917 1607 1974 1661 2.
2017 1607 2085 1661 Et

506 1705 673 1773 posuit
701 1704 829 1756 duas
870 1703 1079 1756 ancillas
1121 1710 1168 1754 et
1197 1718 1379 1770 pueros
1429 1718 1603 1754 earum
1642 1701 1693 1753 in
1734 1700 2002 1771 principio,
2038 1711 2084 1754 et

502 1795 650 1849 Liam
676 1806 720 1849 et
746 1811 925 1865 pueros
952 1796 1060 1865 ejus
1087 1805 1258 1862 postea
1280 1835 1295 1857 ,
1338 1804 1385 1847 et
1432 1794 1625 1847 Rachel
1670 1810 1730 1845 ac
1763 1793 1955 1863 Joseph
1994 1810 2085 1864 po-

504 1890 805 1943 stremos.'5.
842 1886 869 1941 1
878 1905 965 1955 pse
988 1898 1157 1941 autent
1193 1889 1443 1958 prwcessit
1477 1898 1594 1941 ante
1639 1905 1723 1941 eos
1765 1898 1812 1941 et
1856 1888 2085 1941 adoravit

502 1996 654 2049 super
691 1991 876 2031 terram
914 1980 1114 2048 septies,
1145 1979 1302 2033 donec
1328 1980 1748 2050 apprOpinquavit
1780 1978 1847 2031 ad
1877 1978 2085 2047 fratrem

498 2092 645 2127 suum
673 2073 824 2145 (Cap.
850 2075 921 2129 28
939 2077 977 2144 ).
1009 2074 1144 2129 Vide
1171 2076 1438 2144 quomodo
1467 2075 1729 2128 divisione
1770 2074 1901 2127 facta
1924 2115 1937 2137 ,
1972 2075 2085 2144 ipse

499 2181 610 2235 pra:
640 2167 888 2220 omnibus
920 2167 1169 2220 occurrit.
1204 2164 1270 2218 Et
1309 2166 1539 2218 adoravit
1571 2182 1721 2236 super
1757 2176 1961 2229 terram,
2003 2166 2086 2218 iu-

498 2258 631 2326 quit,
662 2258 861 2326 septies,
895 2257 1052 2310 donec
1081 2258 1509 2328 appropinquavit
1545 2256 1611 2309 ad
1653 2261 1865 2327 fratrem
1886 2274 2035 2310 suum
2068 2271 2087 2310 :

500 2364 596 2417 per
630 2357 831 2417 gestus,
864 2356 919 2403 et
945 2364 1040 2418 per
1068 2348 1431 2403 adorationem
1462 2348 1680 2404 fratrem
1713 2351 1763 2403 in
1809 2351 1889 2404 sui
1919 2350 2084 2403 bene-

498 2440 785 2493 volentiam
819 2454 1114 2508 provocaus
1139 2457 1152 2491 :
1183 2439 1236 2494 id
1262 2440 1403 2509 quod
1428 2449 1484 2495 et
1508 2439 1701 2494 factum
1728 2450 1829 2495 est.
1863 2442 1916 2495 4.
1949 2440 2086 2494 Nam

500 2530 645 2585 Esui't
669 2546 955 2595 occurrens,
984 2530 1170 2599 inquit,
1202 2532 1519 2599 amplexatus
1548 2541 1621 2585 est
1647 2548 1780 2595 eum,
1807 2542 1854 2585 et
1884 2535 2083 2587 oscula-

503 2634 583 2677 tus
609 2632 700 2687 est,
728 2622 1035 2693 prociditque
1070 2623 1123 2675 in
1152 2623 1338 2676 collum
1366 2623 1477 2692 ejus
1507 2640 1525 2675 :
1564 2632 1611 2675 et
1639 2623 1829 2692 ﬂebant
1857 2633 2081 2692 uterque.

572 2714 629 2768 4.
672 2712 803 2767 Vide
831 2713 1280 2782 dispensationem
1313 2714 1406 2768 Dei
1439 2732 1452 2767 :
1482 2714 1624 2784 quod
1669 2715 1810 2768 enim
1850 2715 1965 2770 heri
2006 2716 2087 2770 di-

500 2806 707 2872 cebam,
727 2805 777 2860 id
798 2807 1089 2861 etiamnum
1115 2805 1308 2861 dicam.
1336 2807 1558 2875 Quando
1583 2809 1694 2861 vult
1714 2808 1952 2862 omnium
1978 2809 2083 2864 Do-

499 2902 676 2953 minus
719 2913 867 2953 suam
910 2914 1035 2969 erga
1082 2915 1181 2955 nos
1226 2899 1501 2956 declarare
1549 2902 1955 2972 providentiam,
1992 2918 2086 2958 eos

501 2992 659 3045 etiam
687 2990 777 3060 qui
808 2993 971 3045 atroci
1000 2992 1052 3045 in
1100 3008 1197 3045 nos
1225 2993 1403 3047 animo
1431 3003 1574 3057 sunt,
1619 2994 1806 3048 ovibus
1840 3010 2086 3049 mansue-

501 3083 665 3137 tiores
711 3082 853 3137 facit.
900 3082 1190 3138 Considera
1236 3084 1393 3154 igitur
1437 3093 1687 3154 quantam
1736 3087 2085 3141 mutationem

502 3175 738 3229 declarat
784 3174 944 3229 Esau.
993 3174 1224 3228 Accurrit
1272 3176 1434 3240 enim,
1482 3177 1667 3245 inquit,
1719 3177 1773 3231 in
1824 3194 2087 3232 occursum

500 3268 631 3336 cjus,
678 3276 726 3319 et
774 3266 1091 3336 amplexatus
1138 3283 1249 3320 eum
1301 3267 1554 3321 osculatus
1595 3278 1703 3332 est;
1751 3280 1797 3322 et
1843 3271 2086 3337 ﬂeverunt

501 3361 666 3413 auibo.
696 3359 793 3413 Vix
822 3359 1031 3413 tandem
1056 3360 1231 3428 justus
1253 3362 1533 3431 respiravit
1555 3370 1608 3414 et
1637 3361 1879 3416 timorem
1903 3378 2087 3418 excus-

502 3452 589 3512 sit,
623 3450 913 3503 auimosior
944 3449 1132 3504 factus.
1167 3452 1219 3505 5.
1246 3450 1469 3505 Elevatis
1496 3462 1662 3505 autem
1687 3454 1863 3519 oculis,
1894 3454 2083 3525 inquit,

502 3542 644 3597 Esau
669 3543 791 3596 vidit
829 3544 1062 3595 mulieres
1091 3552 1136 3596 et
1174 3560 1373 3611 pueros,
1406 3555 1452 3597 et
1494 3544 1643 3611 dixit,
1679 3546 1815 3612 Quid
1858 3548 1963 3601 ha'c
2000 3548 2088 3603 tibi

502 3637 654 3689 sunt?
681 3635 875 3689 Videns
898 3636 1041 3689 enim
1070 3634 1249 3689 fratris
1277 3634 1577 3703 facultates,
1606 3637 1657 3690 in
1682 3637 2084 3696 admirationem

494 3730 758 3783 adductus
779 3737 881 3795 est,
907 3727 1026 3783 ideo
1047 3739 1101 3783 et
1127 3744 1313 3798 rogare
1332 3730 1519 3784 voluit.
1540 3730 1675 3797 Quid
1699 3731 1854 3801 igitur
1869 3732 2085 3801 justus?

504 3821 650 3885 Filii,
680 3822 867 3891 inquit,
898 3830 1035 3885 sunt,
1062 3820 1240 3892 quibus
1286 3821 1674 3875 misericorditer
1702 3823 1905 3877 donavit
1947 3823 2085 3879 Deus

501 3930 697 3967 servum
724 3923 885 3967 tuum.
916 3911 1052 3967 Vide
1075 3922 1332 3984 quantum
1355 3913 1778 3968 mansuetudinis
1799 3915 1962 3969 robur
1991 3933 2002 3968 :
2032 3925 2087 3970 et

502 4003 771 4073 quomodo
801 4020 896 4073 per
922 4004 1203 4058 verborum
1234 4004 1525 4059 modestam
1557 4005 1905 4061 humilitatem
1946 4006 2085 4061 illius

504 4096 923 4167 indignationem
949 4096 1108 4166 fregit
1134 4106 1186 4151 et
1212 4098 1490 4167 mitigavit.
1522 4097 1574 4151 ϐ.
1610 4096 1677 4151 Et
1705 4100 2085 4171 appropinqua-

505 4197 704 4253 vcrunt,
732 4188 923 4257 inquit,
946 4188 1147 4242 ancilla:
1170 4198 1216 4241 et
1242 4189 1358 4257 ﬁlii.
1386 4190 1440 4242 7.
1469 4188 1537 4241 Et
1563 4190 1900 4245 adoraverunt
1922 4191 2015 4244 Lia
2035 4203 2083 4246 et

501 4277 714 4332 Rachel.
760 4277 826 4332 Et
855 4280 979 4333 dixit
1017 4295 1036 4333 :
1067 4279 1121 4334 8.
1172 4280 1308 4344 Quid
1338 4281 1444 4334 ἠως
1482 4282 1568 4334 tibi
1603 4291 1739 4345 sunt,
1784 4283 1954 4336 omnia
1992 4300 2083 4335 ca-

498 4380 603 4422 stra
627 4369 718 4422 illa
742 4384 855 4439 qua:
883 4371 1007 4424 mihi
1031 4370 1227 4424 obviam
1252 4371 1532 4425 venerunt?
1555 4370 1656 4425 Ille
1699 4382 1866 4426 autem
1892 4374 2021 4427 dixit
2063 4389 2084 4429 :

504 4459 572 4515 Ut
597 4462 814 4515 inveniat
841 4480 1008 4517 servus
1034 4472 1151 4517 tuus
1176 4466 1393 4534 gratiam
1419 4481 1589 4518 coram
1619 4475 1682 4519 te.

574 4551 878 4607 Humilitate
897 4554 1048 4607 vincit
1075 4559 1284 4625 fratrem
1303 4554 1482 4609 Iacob.
1503 4586 1574 4596 —
1587 4556 1899 4623 Considera,
1923 4558 2083 4613 obse-

500 4657 615 4710 cro,
646 4643 912 4712 quomodo
952 4643 1249 4700 humilitate
1292 4646 1490 4715 ingenti
1521 4646 1739 4701 fratrem
1767 4648 2021 4703 devicerit
2064 4667 2077 4702 :

500 4743 555 4789 et
576 4750 733 4804 quem
767 4734 986 4803 putabat
1009 4736 1144 4789 affici
1172 4752 1295 4805 erga
1336 4750 1395 4791 se
1424 4738 1686 4791 hostiliter
1711 4746 1767 4791 et
1810 4740 2080 4803 atrociter,

502 4824 575 4878 ita
604 4823 867 4879 invenerit
908 4833 1241 4881 mansuetum
1276 4835 1333 4880 ut
1370 4827 1596 4881 voluerit
1638 4826 1690 4880 iu
1734 4829 2079 4883 ministerium

501 4915 620 4984 ejus
647 4930 807 4971 omne
850 4915 1086 4971 officium
1124 4933 1277 4971 suum
1319 4918 1611 4973 declarare.
1653 4920 1705 4974 9.
1738 4919 1880 4975 Dixit
1913 4923 2077 4987 enim,

500 5006 689 5077 inquit,
722 5016 837 5060 sunt
876 5008 1001 5061 mihi
1041 5009 1217 5072 multa,
1247 5010 1424 5078 frater,
1465 5012 1564 5064 sint
1602 5012 1687 5064 tibi
1733 5022 1836 5065 tua.
1886 5012 2079 5067 Verum

502 5115 674 5169 neque
705 5100 803 5155 hoc
835 5102 1072 5168 permisit
1098 5101 1292 5165 Jacob,
1323 5103 1415 5157 sed
1458 5114 1758 5158 monstrans
1788 5107 1968 5174 quanti
1998 5105 2078 5158 fa-

502 5195 742 5263 ciat,cjus
760 5196 1064 5261 amicitiam,
1085 5197 1273 5265 inquit,
1303 5198 1385 5252 10.
1415 5197 1476 5251 Si
1494 5198 1656 5251 inveni
1676 5201 1890 5267 gratiam
1909 5215 2080 5252 coram

501 5298 569 5352 te,
600 5287 770 5356 accipe
789 5288 922 5341 dona
941 5288 1004 5341 de
1025 5289 1253 5343 manibus
1278 5290 1419 5345 meis.
1448 5289 1587 5343 Nam
1615 5301 1819 5357 propter
1840 5293 1933 5345 hoc
1952 5293 2081 5345 vide-

503 5376 617 5430 bam
652 5380 831 5449 faciem
859 5391 1029 5446 tuam,
1053 5383 1197 5451 quasi
1217 5382 1398 5453 aliquis
1424 5383 1587 5436 videat
1611 5384 1798 5436 vultum
1826 5383 1940 5437 Dei.
1978 5386 2080 5439 Ac-

503 5471 653 5538 cipe,
686 5470 888 5539 inquit,
922 5472 1060 5527 dona
1100 5489 1218 5544 quae
1259 5489 1288 5526 a
1333 5489 1418 5529 me
1454 5474 1549 5527 tibi
1586 5473 1895 5529 offeruntur.
1947 5476 2077 5531 Cum

504 5569 643 5612 tanta
673 5564 813 5615 enim
837 5562 1162 5631 jucunditate
1189 5563 1293 5620 vidi
1324 5564 1510 5620 faciem
1540 5572 1705 5631 tuam,
1736 5580 1857 5620 cum
1884 5576 2077 5637 quanta

505 5651 622 5717 quis
654 5651 841 5706 viderit
873 5653 963 5708 Dei
995 5655 1202 5710 faciem.
1255 5656 1367 5711 lloc
1412 5659 1584 5727 magni
1630 5658 1865 5728 obsequii
1912 5661 2077 5729 gratia

504 5740 700 5795 dictum
731 5752 811 5798 est
837 5757 867 5798 a
892 5744 1053 5814 justo,
1090 5757 1145 5801 ut
1172 5763 1292 5803 eum
1320 5748 1664 5818 demulceret,
1695 5758 1745 5805 et
1782 5748 1848 5805 ad
1888 5749 2077 5806 frater-

1247 302 1303 357 S.
1345 298 1621 355 JOANNIS
1659 296 2135 353 CllRYSOSTOMi
2173 296 2488 354 ARCHIEP.
2527 297 3058 359 CONSTANTINOP.
3668 304 3783 361 513

2192 427 2312 465 nam
2337 412 2763 469 benevolentiam
2796 414 3033 471 duceret.
3066 414 3132 471 Et
3160 417 3522 486 beneplacitum
3542 419 3664 472 mihi
3694 426 3779 488 fa-

2188 504 2311 572 cies,
2334 504 2549 572 hocest,
2565 516 2770 577 gratum
2796 509 2925 563 mihi
2949 509 3131 563 facies.
3146 511 3235 565 ﬂ.
3257 511 3439 579 Accipe
3453 511 3608 582 igitur
3636 513 3771 565 bene

2190 596 2433 650 dictiones
2472 615 2597 667 quas
2631 600 2780 653 attuli
2816 600 2937 665 tibi,
2966 602 3084 670 quia
3111 602 3341 655 misertus
3372 613 3442 656 est
3470 604 3569 656 mei
3597 603 3738 657 Deus
3761 641 3782 671 ,

2190 696 2238 740 et
2259 698 2375 741 sunt
2392 690 2515 742 mihi
2536 691 2724 744 omnia.
2749 689 2826 745 Ne
2847 691 3132 759 detrectes,
3155 691 3346 763 inquit,
3367 695 3630 765 accipere.
3652 696 3781 751 llaec

2189 782 2330 832 enim
2358 781 2534 835 omnia
2558 796 2589 834 a
2622 782 2727 837 Deo
2750 782 2877 836 mihi
2897 782 3091 837 donata
3122 792 3264 850 sunt,
3297 795 3353 839 et
3385 786 3469 840 hic
3509 785 3637 839 mihi
3673 786 3782 840 ho-

2189 887 2306 925 rum
2337 873 2574 926 omnium
2595 874 2957 943 suppeditator
2978 874 3148 931 factus
3170 887 3271 932 est.
3300 878 3402 932 Per
3429 894 3548 948 quae
3570 880 3778 948 placide

2190 971 2248 1017 et
2273 963 2416 1017 illum
2440 965 2641 1030 docuit,
2660 976 2855 1035 quanta
2883 983 3007 1038 erga
3028 974 3087 1023 se
3117 968 3274 1024 fuerit
3296 970 3389 1024 Dei
3419 971 3774 1040 providentia.

2188 1064 2243 1109 et
2267 1054 2441 1110 effecit
2472 1066 2529 1110 ut
2553 1072 2795 1127 magnam
2831 1059 2930 1113 sibi
2968 1062 3319 1116 reverentiam
3360 1063 3656 1117 exhiberet.
3705 1062 3777 1116 Et

2188 1146 2348 1215 coegit
2371 1163 2506 1211 cum,
2524 1158 2569 1200 et
2588 1151 2798 1219 accepit.
2830 1148 2966 1205 Vide
2995 1166 3135 1206 nunc
3155 1153 3524 1207 mutationem.
3567 1154 3632 1208 Et
3648 1156 3780 1209 dixit

2191 1238 2353 1305 Esau,
2384 1240 2605 1310 Profecti
2630 1259 2801 1298 eamus
2829 1244 2881 1297 in
2900 1254 3087 1298 rectam
3113 1262 3132 1299 :
3158 1246 3269 1300 Hoc
3290 1256 3373 1300 est
3395 1288 3410 1310 ,
3439 1262 3581 1302 nunc
3616 1248 3777 1302 simul

2189 1330 2292 1385 iter
2320 1329 2599 1387 faciamus.
2647 1332 2740 1389 Ille
2758 1344 2935 1389 autem
2965 1346 3211 1391 causatus
3236 1337 3515 1392 honestum
3543 1350 3773 1408 praetex-

2191 1430 2299 1475 tum
2334 1439 2347 1474 :
2377 1421 2623 1477 Dominus
2640 1440 2799 1492 meus,
2824 1426 3010 1495 inquit,
3042 1428 3135 1480 scit
3154 1428 3287 1497 quod
3312 1428 3407 1495 lilii
3437 1429 3533 1482 mei
3559 1432 3777 1484 tenerio-

2190 1528 2289 1578 res,
2318 1522 2364 1565 et
2394 1529 2526 1579 oves,
2555 1523 2601 1567 et
2619 1514 2760 1570 boves
2784 1519 2915 1585 freta:
2942 1518 3040 1569 sint
3071 1534 3090 1571 :
3110 1518 3153 1571 si
3180 1519 3332 1589 igitur
3355 1520 3492 1587 sequi
3515 1537 3573 1572 ea
3596 1537 3778 1590 cogam

2186 1619 2288 1655 uno
2315 1603 2396 1655 die
2414 1644 2427 1668 ,
2461 1605 2751 1658 morientur.
2779 1605 2893 1659 Non
2920 1622 3134 1676 possum
3158 1649 3173 1673 ,
3212 1610 3398 1679 inquit,
3431 1612 3779 1671 acceleratins

2188 1694 2363 1750 facere
2390 1699 2508 1760 iter,
2525 1696 2618 1751 sed
2631 1712 2792 1768 cogor
2813 1698 2955 1753 lente
2974 1709 3029 1753 et
3041 1700 3361 1769 pedetentim
3379 1703 3645 1772 progredi,
3666 1712 3779 1756 tam

2188 1795 2408 1856 propter
2443 1804 2636 1857 pueros
2667 1805 2825 1858 quam
2870 1801 3085 1859 propter
3110 1793 3361 1861 pecudes,
3386 1804 3441 1845 ut
3460 1808 3564 1848 non
3591 1795 3778 1848 labore

2191 1879 2416 1947 plurimo
2433 1881 2821 1949 pereant.\’ade
2836 1882 3012 1952 igitur,
3033 1884 3221 1954 inquit,
3239 1894 3293 1939 tu
3312 1901 3438 1954 :ego
3450 1894 3631 1941 autem
3649 1903 3781 1956 pars

2188 1985 2316 2025 cens
2346 1971 2513 2025 labori
2556 1988 2843 2042 puerorum
2870 1983 2925 2028 et
2954 1976 3214 2043 pecudum
3240 2018 3255 2043 ,
3282 1978 3596 2032 conveniam
3632 1989 3681 2033 te
3724 1981 3780 2033 in

2189 2061 2326 2117 Seir.
2350 2064 2549 2129 Quibus
2566 2064 2759 2120 auditis
2776 2064 2937 2120 frater
2954 2068 3061 2122 :15.
3082 2068 3144 2122 Si
3170 2070 3264 2135 vis,
3286 2070 3474 2141 inquit,
3493 2073 3783 2141 relinquant

2189 2155 2384 2223 aliquos
2405 2173 2629 2211 meorum
2655 2159 2793 2227 apud
2818 2170 2884 2215 te.
2910 2159 3160 2217 Faciebat
3176 2164 3275 2218 hoc
3293 2165 3345 2218 in
3366 2166 3574 2235 signum
3599 2169 3781 2237 magni

2190 2247 2408 2302 honoris
2432 2260 2486 2303 et
2511 2249 2694 2304 officii.
2727 2251 2820 2306 Ille
2843 2261 3019 2307 autem
3042 2254 3173 2308 nihil
3199 2256 3301 2309 tale
3320 2258 3545 2325 accepit.
3568 2258 3782 2313 Sufficit

2190 2342 2331 2395 enim
2362 2342 2512 2409 mihi,
2535 2344 2719 2412 inquit,
2742 2345 2880 2414 quod
2903 2361 3028 2401 vere
3054 2348 3227 2401 inveni
3255 2349 3475 2418 gratiam
3497 2365 3675 2404 coram
3699 2361 3777 2407 te.

2190 2432 2302 2487 Hoc
2330 2450 2488 2489 unum
2516 2436 2641 2489 mihi
2668 2451 2811 2491 cura:
2840 2448 2973 2501 erat,
3007 2449 3064 2493 ut
3102 2442 3330 2495 amicum
3372 2451 3425 2497 te
3460 2443 3778 2499 invenirem.

2190 2523 2449 2590 Quoniam
2484 2528 2639 2596 igitur
2667 2528 2767 2582 hoc
2794 2540 3111 2599 assequutus
3132 2547 3271 2595 sum,
3300 2547 3403 2586 non
3430 2534 3653 2588 alterius
3675 2549 3779 2590 cu-

2184 2619 2416 2688 jttSpiam
2464 2621 2695 2691 indigeo.
2728 2623 2817 2676 17.
2844 2621 2913 2676 Ει
2952 2624 3225 2693 profectus,
3248 2626 3444 2695 inquit,
3470 2625 3633 2680 Iacob
3657 2630 3779 2700 fecit

2189 2713 2281 2765 sibi
2308 2714 2406 2782 ipsi
2433 2723 2479 2767 et
2500 2715 2740 2800 juiqentis
2764 2716 2866 2770 suis
2891 2718 3213 2772 tabernacula
3240 2734 3258 2772 :
3285 2729 3551 2790 propterea
3584 2724 3779 2776 vocavit

2190 2808 2355 2861 locum
2387 2808 2531 2861 illum
2561 2806 2929 2864 Tabernacula.

2261 2899 2316 2954 5.
2339 2898 2557 2954 Horalis
2577 2902 2838 2970 epilogus;
2876 2902 3103 2956 inimicos
3140 2903 3235 2955 sibi
3278 2903 3553 2957 conciliare
3590 2922 3779 2975 magna

2190 2992 2379 3057 virtus;
2424 2995 2752 3048 mansuetudo
2790 3005 3029 3063 quantam
3070 2995 3167 3047 vim
3206 2996 3402 3049 habeat.
3428 3026 3498 3037 —-
3526 2996 3653 3050 Haec
3674 3012 3778 3050 au-

2190 3087 2393 3141 dientes
2420 3085 2688 3140 imitet'nur
2721 3087 2921 3155 justum
2959 3087 3130 3152 illum,
3168 3097 3222 3142 et
3256 3088 3499 3142 eamdem
3525 3088 3775 3143 exhibea-

2190 3194 2309 3233 mus
2335 3177 2691 3233 humilitatem
2719 3179 2882 3232 animi
2907 3197 2920 3231 :
2949 3189 3003 3234 et
3026 3179 3070 3232 si
3099 3180 3185 3247 qui
3212 3189 3336 3233 sunt
3360 3180 3449 3250 qui
3474 3180 3618 3234 male
3646 3196 3775 3247 erga

2190 3284 2289 3322 nos
2318 3268 2613 3322 afficiantur
2639 3309 2653 3332 ,
2679 3283 2784 3321 non
2813 3270 2980 3339 magis
3009 3285 3192 3323 eorum
3220 3269 3575 3324 accendamus
3604 3272 3735 3325 iram
3758 3314 3775 3337 ,

2190 3359 2285 3415 sed
2312 3375 2499 3430 magna
2527 3361 2931 3415 mansuetudine
2957 3371 3010 3416 et
3037 3362 3334 3417 humilitate
3360 3371 3464 3417 tam
3488 3363 3779 3418 verborum

2188 3468 2348 3521 quam
2376 3468 2595 3522 operum
2622 3454 2973 3522 reprimamus
2996 3467 3180 3520 eorum
3208 3453 3532 3521 inimicitias,
3556 3467 3611 3511 et
3638 3456 3781 3510 indi-

2189 3553 2375 3611 gnatas
2396 3559 2579 3598 eorum
2611 3559 2859 3598 curenms
2885 3546 3109 3599 animas.
3134 3545 3267 3600 Vide
3291 3547 3431 3601 enim
3459 3550 3780 3617 sapientiam

2192 3634 2346 3703 hujus
2393 3634 2548 3702 iusti.
2584 3634 2852 3705 quomodo
2883 3651 3071 3705 magna
3100 3636 3383 3690 verborum
3422 3638 3659 3693 efficacia
3700 3641 3781 3695 ita

2190 3724 2335 3781 Esau
2362 3725 2642 3807 demulsit,
2673 3736 2730 3781 ut
2753 3737 2806 3782 et
2829 3727 2897 3782 ad
2924 3743 3045 3783 eum
3071 3729 3351 3784 colendum
3374 3730 3685 3797 festinaret,
3720 3745 3781 3787 et

2188 3817 2365 3873 facere
2381 3819 2539 3873 vellet
2557 3822 2734 3874 omnia
2758 3836 2876 3890 quae
2902 3822 2968 3875 ad
2995 3821 3110 3890 ejus
3134 3823 3465 3892 pertinebant
3486 3824 3777 3881 honorem.

2188 3910 2300 3966 Hoc
2329 3927 2453 3966 vere
2485 3927 2708 3965 summa:
2730 3912 2934 3967 virtutis
2961 3924 3082 3977 est,
3112 3922 3171 3967 ut
3206 3931 3312 3969 non
3347 3916 3522 3971 solum
3552 3933 3647 3972 eos
3682 3920 3778 3987 qui

2188 4003 2326 4058 bene
2354 4003 2406 4057 in
2433 4019 2531 4058 nos
2556 4004 2859 4059 afficiuntur
2879 4047 2895 4073 ,
2925 4022 3116 4077 magno
3154 4010 3333 4062 studio
3365 4009 3649 4079 diligamus
3668 4052 3681 4073 ,
3720 4021 3780 4066 et

2188 4095 2267 4148 eis
2290 4095 2537 4148 omnibus
2564 4095 2736 4150 modis
2762 4097 3055 4151 serviamus
3085 4115 3099 4150 :
3129 4098 3224 4152 sed
3254 4109 3311 4153 ut
3347 4101 3508 4153 etiam
3550 4116 3647 4155 eos
3683 4103 3779 4170 qui

2189 4185 2343 4239 nobis
2369 4185 2543 4239 infesti
2580 4201 2701 4241 esse
2723 4188 2926 4253 volunt,
2959 4189 3268 4244 assiduitate
3293 4191 3588 4245 officiorum
3618 4193 3778 4247 nobis

2187 4279 2532 4333 conciliemus
2576 4282 2794 4335 amicos.
2841 4281 2981 4335 Nihil
3020 4282 3161 4336 enim
3202 4285 3607 4340 mansuetudine
3657 4287 3779 4339 vio-

2189 4370 2403 4427 lentius.
2433 4371 2564 4426 Nam
2593 4373 2729 4428 sicut
2756 4389 2938 4444 rogum
2966 4375 3311 4432 vehementer
3336 4378 3609 4431 incensum
3634 4394 3779 4448 aqua

2189 4462 2380 4532 injecta
2412 4464 2711 4535 restinguit,
2743 4466 2812 4519 ita
2842 4476 2897 4519 et
2921 4467 3154 4520 animum
3184 4471 3393 4523 camino
3423 4468 3593 4536 magis
3614 4484 3777 4523 exar-

2187 4555 2493 4611 descentem
2513 4597 2528 4621 ,
2558 4557 2776 4611 verbum
2806 4572 2926 4611 cum
2954 4559 3360 4615 mansuetudine
3388 4560 3649 4629 prolatum
3680 4577 3778 4615 ex-

2186 4648 2406 4716 stinguit
2434 4666 2446 4701 :
2477 4656 2531 4702 et
2565 4648 2757 4719 duplex
2788 4648 2909 4704 inde
2930 4650 3083 4704 nobis
3110 4650 3315 4705 lucrum
3343 4654 3621 4719 accrescit,
3658 4664 3771 4709 tum

2187 4740 2325 4809 quod
2356 4756 2452 4794 nos
2479 4742 2935 4796 mansuetudinem
2973 4743 3289 4798 exhibemus
3308 4784 3322 4809 ,
3349 4753 3462 4799 tum
3486 4745 3628 4814 quod
3660 4745 3777 4800 fia-

2194 4834 2289 4886 tris
2320 4834 2730 4903 indignationem
2761 4834 3030 4903 sedamus,
3055 4845 3108 4891 et
3130 4845 3361 4891 mentem
3392 4839 3509 4905 ejus
3534 4853 3564 4891 a
3588 4838 3777 4893 turba—

2187 4928 2330 4980 tione
2356 4927 2662 4981 liberamus.
2688 4927 2824 4994 Quid
2853 4927 2994 4981 enim
3013 4970 3027 4995 ,
3060 4928 3147 4984 dic
3173 4930 3337 4983 mihi?
3366 4931 3556 4983 Annon
3588 4946 3774 5001 repre—

2188 5015 2376 5072 hendis
2414 5017 2629 5071 fratrem
2671 5029 2813 5071 tuum
2852 5027 2906 5073 et
2940 5034 3157 5074 accusas
3183 5020 3298 5089 ejus
3328 5021 3769 5091 indignationem,

2185 5109 2325 5177 quod
2359 5108 2622 5163 hostiliter
2648 5110 2716 5162 sit
2741 5110 2961 5165 affectus
2986 5126 3107 5180 erga
3136 5113 3223 5165 te?
3249 5111 3353 5166 Cur
3379 5112 3537 5181 igitur
3560 5128 3668 5167 nou
3687 5112 3771 5166 di-

2186 5214 2338 5254 versa
2370 5201 2447 5253 via
2478 5200 2656 5254 studes
2684 5201 2949 5267 incedere,
2982 5202 3073 5256 sed
3105 5203 3218 5271 ipse
3251 5205 3418 5273 magis
3457 5205 3613 5259 irasci
3645 5206 3721 5259 vis
3743 5208 3770 5259 ‘t

2185 5291 2318 5343 Nutu
2350 5301 2524 5361 potest
2552 5291 2656 5361 igni
2690 5294 2825 5363 ignis
2853 5294 3153 5363 exstingui?
3182 5294 3459 5367 Repugnat
3487 5298 3587 5351 hoc
3612 5308 3769 5351 natu-

2186 5398 2279 5438 ras.
2311 5384 2398 5438 Sic
2422 5400 2593 5453 neque
2620 5384 2764 5438 furor
2788 5384 2965 5440 furore
2988 5387 3093 5440 alio
3111 5386 3399 5442 demulceri
3424 5388 3619 5457 poterit
3649 5405 3769 5441 um-

2186 5490 2365 5544 quam.
2400 5475 2608 5529 Etenim
2635 5477 2776 5544 quod
2808 5476 2913 5544 igni
2942 5486 3023 5530 est
3051 5492 3185 5546 aqua
3205 5518 3220 5541 ,
3253 5478 3352 5531 hoc
3381 5487 3463 5534 est
3488 5480 3581 5533 iraa
3606 5494 3767 5533 man-

2186 5564 2410 5621 suetudo
2445 5574 2498 5620 et
2532 5567 2844 5622 moderatio.
2886 5568 3168 5637 Propterea
3196 5579 3250 5624 et
3277 5569 3521 5625 Christus
3555 5571 3769 5627 diccbat

2185 5657 2455 5728 discipulis
2487 5676 2500 5711 :
2530 5659 2591 5713 Si
2630 5659 2887 5730 diligentes
2911 5676 2995 5715 vos
3019 5661 3227 5731 diligitis
3251 5701 3266 5727 ,
3300 5678 3452 5731 quam
3485 5666 3768 5716 mercedem

2188 5750 2375 5806 habetis
2407 5749 2630 5821 (Matth.
2658 5751 2711 5807 5.
2740 5751 2887 5824 46)?
2930 5751 3129 5809 Deinde
3161 5753 3327 5825 magis
3352 5752 3420 5809 ad
3448 5752 3547 5809 hoc
3573 5756 3768 5811 cohor-

3786 5864 3840 5907 ς
