4038 6358
228 371 330 425 SH

219 481 288 534 τδ
314 478 599 549 βούλεσθαι
626 479 789 533 αὐτὸν
809 481 1169 546 ἀδιαλείπτως
1197 483 1294 547 τὰς
1326 483 1448 553 ἑξῆς
1485 481 1677 548 γενεὰς
1713 495 1810 548 με-

220 567 390 636 λετᾷν
421 564 514 618 τοῦ
538 563 672 616 Θεοῦ
705 564 803 628 τὰς
827 565 1166 636 εὐεργεσίας,
1195 569 1287 619 καὶ
1316 569 1389 639 μὴ
1412 567 1584 634 λήθην
1608 564 1811 616 τούτων

224 646 635 719 ποιησαμένους
664 647 758 700 ἐπὶ
788 647 887 718 τὴν
918 649 1124 702 οίκείαν
1158 650 1365 720 πλάνην
1396 649 1552 702 πάλιν
1585 645 1811 715 ἀνατρέ·

219 748 346 801 χειν
372 747 386 760 ’
414 729 649 799 μάλιστα
670 731 778 800 γὰρ
794 730 951 782 τοῦτο
973 731 1093 793 έθος
1111 731 1187 801 τῷ
1213 733 1322 784 τῶν
1347 731 1614 784 Ἰουδαίων
1642 730 1806 797 γένει.

222 815 288 866 Οί
320 812 433 882 γάρ
463 813 556 865 καὶ
588 814 718 883 παρ’
749 810 919 876 αὐτὰς
943 814 1042 877 τὰς
1069 815 1388 885 εὐεργεσίας
1423 814 1681 876 πολλάκις
1711 813 1808 883 τὴν

221 895 437 947 οἰκείαν
474 897 864 964 ἀγνωμοσύνην
893 897 1340 968 ἐπιδεικνύμενοι,
1392 899 1567 966 πολλῷ
1612 897 1808 965 μᾶλλον

223 979 275 1030 εί
310 978 390 1048 μὴ
415 977 574 1029 τοῦτο
611 978 841 1045 ἐγίνετο,
877 980 1054 1033 πάντα
1084 981 1149 1034 ἂν
1177 981 1244 1033 τά
1275 983 1422 1050 παρὰ
1447 981 1536 1033 τοῦ
1566 979 1702 1032 Θεοῦ
1730 981 1810 1040 είς

223 1061 424 1123 αὐτοὺς
444 1062 783 1131 γεγενημένα
801 1062 1051 1126 ἐξέϐα).ον
1061 1063 1161 1132 τῆς
1177 1065 1380 1126 οίκείας
1395 1064 1648 1127 διανοίας.
1671 1063 1808 1116 Ἀλλ’

226 1143 430 1211 ἴδωμεν
457 1143 673 1206 λοιπὸν,
711 1144 829 1208 πῶς
881 1145 948 1198 τὰ
993 1147 1089 1216 τῆς
1135 1147 1420 1216 συντυχίας
1463 1147 1670 1214 γίνεται
1728 1145 1807 1213 τῷ

237 1224 438 1278 Ἰακὼϐ
489 1226 625 1295 πρὸς
671 1227 762 1280 τὸν
803 1227 1049 1296 ἀδελφόν.
1112 1230 1328 1300 Ἐπειδὴ
1385 1230 1494 1300 γάρ
1532 1228 1806 1300 ἀρκοῦσαν

223 1308 387 1362 ἔλαϐε
419 1309 768 1380 παράκλησιν
799 1313 863 1364 ἐκ
891 1311 1000 1363 τῶν
1027 1313 1406 1382 γεγενημένων
1439 1314 1531 1366 καὶ
1583 1313 1803 1382 ὑπόσχε-

226 1409 313 1443 σιν
362 1391 580 1455 ἐδέξατο
611 1394 692 1445 ὅτι
728 1393 946 1465 ἰσχυρὸς
979 1394 1148 1454 ἔσται,
1195 1397 1289 1448 καὶ
1341 1397 1478 1466 μετὰ
1507 1394 1807 1465 ἀνθρώπων

223 1473 469 1537 δυνατὸς,
519 1475 908 1544 Ἀναϐλέψας,
923 1479 1102 1546 φησὶν,
1122 1474 1259 1541 εἶδε,
1280 1479 1371 1530 καὶ
1404 1478 1529 1530 ἰδοὺ
1554 1477 1741 1530 Ἠσαῦ
1775 1481 1808 1529 o'

225 1555 492 1624 ἀδελφὸς
507 1556 713 1621 αὑτοῦ,
729 1559 828 1610 καὶ
848 1561 1216 1626 τετρακόσιοι
1234 1560 1448 1627 ἄνδρες
1459 1561 1585 1628 μετ’
1599 1559 1804 1612 αὐτοῦ.

227 1640 336 1693 Kal
361 1639 588 1693 διεῖλεν
624 1639 824 1695 Ἰακὼϐ
845 1642 918 1695 τὰ
943 1642 1150 1696 παιδία
1181 1645 1279 1696 ἐπὶ
1319 1644 1501 1697 Λείαν
1535 1643 1633 1696 καὶ
1672 1643 1804 1696 Ῥαο

225 1723 349 1794 χὴλ
377 1724 475 1778 καὶ
502 1724 606 1789 τὰς
627 1722 736 1777 δύο
759 1724 1075 1791 παιδίσκας
1089 1767 1101 1779 .
1116 1727 1223 1780 Kal
1241 1727 1407 1780 ἔθετο
1425 1729 1528 1792 τὰς
1542 1726 1652 1779 δύο
1671 1742 1802 1778 παι-

223 1807 446 1874 δίσκας
457 1810 554 1863 καὶ
581 1811 723 1875 τοὺς
737 1811 906 1877 υἱοὺς
921 1809 1122 1864 αὐτῶν
1135 1812 1205 1864 ἐν
1219 1810 1490 1878 πρώτοις,
1509 1812 1603 1864 καὶ
1624 1811 1805 1863 Λείαν

226 1893 324 1944 καὶ
352 1894 427 1946 τὰ
457 1895 666 1947 παιδία
691 1894 885 1962 αὐτῆς
915 1895 1124 1960 ὀπίσω,
1162 1895 1260 1949 καὶ
1295 1895 1511 1964 Ῥαχὴλ
1556 1894 1652 1946 καί
1699 1893 1805 1946 τὸν

237 1976 464 2044 Ἰωσὴφ
482 1974 554 2028 ἐν
577 1976 726 2048 [567]
748 1977 1049 2047 ἐσχάτοις.
1081 1979 1267 2045 Αὐτὸς
1293 1979 1360 2031 δὲ
1383 1977 1687 2046 προῆλθεν
1700 1979 1804 2045 ἒμ-

224 2062 494 2125 προσθεν
527 2058 758 2123 αὐτῶν,
783 2060 883 2113 καὶ
922 2064 1382 2128 προσεκύνησεν
1409 2062 1506 2114 ἐπὶ
1539 2060 1656 2126 τὴν
1687 2059 1805 2129 γῆν

223 2140 491 2206 ἑπτάκις.
502 2141 612 2208 ἓως
627 2141 831 2214 lin-ms
853 2141 931 2208 τῷ
945 2143 1184 2214 ἀδελφῷ
1199 2145 1554 2216 αὐτοῦ.”ορα
1572 2143 1686 2206 πῶς
1705 2144 1804 2212 τὴν

222 2225 486 2296 διαίρεσιν
517 2230 899 2296 ποιησάμενος.
926 2228 1087 2288 αὐτὸς
1111 2229 1214 2299 πρὸ
1237 2230 1454 2282 πάντων
1482 2228 1578 2298 τὴν
1611 2244 1798 2278 συντυ-

222 2308 346 2377 χίαν
367 2312 621 2362 ποιεῖται.
641 2311 747 2362 Kal
767 2312 1210 2377 προσεκύνησε,
1230 2312 1412 2381 φησὶν,
1433 2312 1528 2363 ἐπὶ
1551 2309 1668 2378 τὴν
1688 2307 1803 2379 γῆν

220 2392 494 2456 ἑπτάκις,
529 2392 639 2457 ἕως
667 2389 738 2446 οὗ
770 2392 984 2462 ἥγνισε
1009 2393 1088 2459 τῷ
1111 2393 1354 2462 ἀδελφῷ
1380 2393 1565 2446 αὑτοῦ
1586 2409 1599 2423 ·
1645 2391 1802 2461 ἐφελ-

221 2474 452 2543 κόμενος
485 2475 576 2527 καὶ
597 2474 684 2528 διά
714 2475 807 2528 τοῦ
837 2477 1113 2547 σχήματος
1145 2478 1240 2530 καὶ
1265 2477 1354 2529 διά
1383 2477 1479 2544 τῆς
1497 2476 1802 2546 προσκυνή-

223 2573 363 2619 σεως
381 2556 475 2610 τὸν
500 2557 726 2626 ἀδελφὸν
748 2559 826 2621 είς
849 2559 950 2629 τὴν
976 2560 1102 2630 περὶ
1131 2559 1294 2612 αὐτὸν
1310 2557 1520 2610 εὔνοιαν
1537 2575 1550 2589 ο
1565 2558 1594 2609 ὅ
1612 2557 1675 2627 δὴ
1707 2557 1802 2609 καὶ

230 2639 440 2706 γέγονε.
474 2641 881 2710 Προσδραμὼν
907 2642 1036 2710 γὰρ,
1073 2641 1258 2712 φησὶν,
1296 2641 1499 2702 Ἠσαῦ,
1521 2641 1618 2694 καὶ
1643 2655 1802 2706 περι-

219 2723 425 2776 λαϐὼν
448 2725 636 2778 αὑτὸν
666 2726 955 2794 ἐφίλησε,
1003 2726 1098 2779 καὶ
1135 2726 1517 2800 προσέπεσεν
1563 2724 1663 2777 ἐπὶ
1694 2723 1801 2777 τὸν

221 2810 532 2880 τράχηλον
558 2809 744 2862 αὐτοῦ
766 2824 779 2838 ·
822 2810 918 2862 καὶ
945 2810 1256 2863 ἔκλαυσαν
1283 2810 1622 2878 ἀμφότεροι.

281 2909 498 2978 δ’.⁶’ορα
508 2903 643 2959 θεοῦ
659 2905 990 2976 οἰκονομίαν·
1009 2906 1144 2976 ὅπερ
1163 2907 1271 2976 γάρ
1285 2904 1413 2974 χθὲς
1429 2905 1630 2972 ἔλεγον,
1645 2902 1801 2956 τοῦτο

222 2993 318 3046 καὶ
349 2991 445 3045 νῦν
471 2991 583 3062 ἐρῶ
602 3005 616 3019 ⁸
648 2990 730 3042 ὅτι
756 2990 884 3042 ὅταν
907 2988 1163 3059 βούληται
1184 2992 1212 3042 ὁ
1233 2989 1339 3041 τῶν
1364 2989 1500 3042 ὅλων
1524 2989 1798 3058 Δεσπότης

223 3077 323 3144 τὴν
359 3075 490 3144 περί
523 3074 670 3143 ἡμᾶς
714 3073 1041 3143 κηδεμονίαν
1085 3072 1495 3135 ἐπιδείξασθαι,
1531 3071 1625 3124 καὶ
1673 3073 1798 3136 τοὺς

223 3157 516 3228 ἀνημέρως
546 3155 682 3222 πρὸς
705 3156 853 3226 ἡμᾶς
873 3155 1243 3224 διακειμένους
1260 3154 1547 3225 προϐάτων
1575 3157 1796 3226 ἡμερω-

223 3243 416 3312 τέρους
449 3239 761 3310 ἐργάζεται.
817 3239 1016 3291 Σκόπει
1062 3239 1260 3300 τοίνυν,
1312 3239 1444 3308 ὅσην
1496 3237 1798 3308 μεταϐολὴν

225 3324 590 3376 ἐπιδείκνυται
616 3323 644 3374 ὁ
690 3320 883 3374 Ἡσαῦ.
916 3321 1294 3389 Προσέδραμε
1318 3320 1425 3390 γὰρ
1445 3359 1458 3382 ,
1498 3321 1682 3391 φησὶν,
1713 3323 1799 3384 είς

226 3405 611 3470 συνάντησιν
637 3404 843 3466 αὑτοῦ,
881 3403 978 3458 καὶ
1014 3405 1350 3472 περιλαϐὼν
1380 3405 1663 3472 ἐφίλησεο
1701 3403 1798 3456 καὶ

224 3493 543 3544 ἔκλαυσαν
580 3488 919 3556 ἀμφότεροι.
955 3488 1126 3551 Μόλις
1179 3489 1308 3540 ποτὲ
1351 3490 1379 3541 ὁ
1422 3489 1626 3550 δίκαιος
1671 3487 1797 3540 ἀνέ-

224 3590 450 3633 πνευσε,
492 3572 586 3625 καὶ
632 3572 724 3623 τὸν
773 3571 934 3638 φόϐον
965 3571 1308 3635 ἀπεσείσατο,
1339 3573 1434 3626 καὶ
1465 3572 1564 3641 τῆς
1598 3570 1799 3633 δειλίας

223 3656 630 3726 ἐλευθερωθεὶς,
657 3654 1094 3725 θαρσαλεώτερος
1135 3656 1374 3723 γέγονεν.
1437 3654 1800 3721 Ἀναϐλέψας

219 3742 311 3804 δὲ,
342 3741 527 3808 φησιν,
560 3738 743 3792 Ἠσαῦ
775 3734 897 3791 εἶδε
917 3738 1024 3803 τὰς
1038 3739 1326 3808 γυναῖκας
1350 3739 1446 3792 καὶ
1473 3740 1544 3793 τὰ
1570 3739 1794 3802 παιδία,

221 3825 319 3876 καὶ
339 3818 472 3876 εἷπε
490 3839 503 3854 ο
552 3823 613 3875 Τί
641 3819 826 3873 ταῦτά
849 3822 951 3874 σοί
973 3822 1174 3885 ἐστιν;
1204 3821 1374 3892 Ὁρῶν
1392 3821 1500 3891 γὰρ
1528 3821 1620 3874 τοῦ
1647 3821 1798 3874 ἀδελο

221 3908 325 3976 φοῦ
351 3907 449 3978 τὴν
475 3904 808 3976 περιουσίαν,
849 3903 1114 3967 ἐξενίζετο
1133 3905 1226 3957 καὶ
1260 3905 1535 3974 ἐθαύμαζε
1557 3922 1569 3935 ⁸
1593 3905 1674 3958 διὸ
1705 3904 1799 3958 καὶ

221 3993 435 4061 ἐρωτᾷν
463 3989 730 4042 ἐϐούλετο.
767 3987 832 4040 Τί
857 3983 948 4040 οὖν
984 3989 1012 4041 ὁ
1037 3987 1278 4051 δίκαιος;
1317 3987 1397 4042 Τὰ
1425 3987 1663 4053 παιδία,
1695 4005 1798 4059 φη-

225 4077 331 4140 σὶν,
351 4069 440 4139 οἷς
471 4073 736 4140 ἠλέησεν
754 4073 782 4124 ὀ
817 4071 959 4136 Θεὸς
982 4071 1089 4124 τὸν
1111 4072 1293 4124 παῖδά
1319 4089 1457 4126 σου.
1485 4074 1622 4144 Ὅρα
1658 4073 1798 4142 πόση

221 4157 326 4228 τῆς
363 4155 662 4218 ἐπιεικείας
694 4156 730 4223 ἡ
767 4155 938 4225 ἰσχὺς,
959 4158 1053 4209 καὶ
1067 4156 1214 4220 ὅπως
1247 4157 1334 4208 διά
1354 4158 1450 4226 τῆς
1475 4157 1581 4210 τῶν
1617 4158 1797 4228 ῥημά-

223 4257 332 4292 των
364 4239 860 4309 ταπεινοφροσύνης
885 4239 1091 4292 ἐκείνου
1121 4241 1209 4292 τὸν
1236 4240 1404 4310 θυμὸν
1433 4241 1795 4310 κατεπράϋνε.

222 4323 335 4377 Kal
366 4322 804 4391 προσύγγισαν,
839 4325 1023 4393 φησὶν,
1042 4326 1101 4376 αἱ
1135 4323 1447 4376 παιδίσκαι
1478 4324 1572 4376 καὶ
1613 4326 1685 4376 τὰ
1710 4323 1799 4376 τέ-

221 4422 362 4469 κνα,
391 4406 490 4458 καὶ
520 4407 988 4473 προσεκύνησα-ν
1011 4407 1050 4474 ’ἡ
1071 4408 1213 4460 Λεία
1240 4407 1388 4474 καὶὴ
1419 4407 1665 4477 Ῥαχιξλ.
1687 4409 1797 4461 Kal

219 4486 386 4543 εἶπε·
420 4490 479 4541 Τί
518 4488 704 4542 ταῦτά
739 4488 842 4542 σοί
889 4487 1056 4554 ἐστι,
1097 4489 1284 4543 πᾶσαι
1322 4493 1381 4544 al
1430 4492 1791 4559 παρεμϐολαὶ

220 4569 420 4635 αὗται,
447 4567 544 4638 αἶς
585 4571 946 4639 ἁπήντηκα;
989 4575 1052 4626 '0
1095 4573 1164 4627 δὲ
1191 4571 1535 4630 εἶπεν·”1να
1584 4575 1726 4644 εὕρῃ
1763 4579 1795 4628 ό

220 4656 364 4721 παῖς
386 4670 504 4710 σου
532 4654 704 4723 χάριν
724 4657 1000 4710 ἐναντίον
1019 4673 1156 4711 σου.

291 4753 400 4806 Θέα
419 4770 506 4823 μοι
524 4753 639 4815 πῶς
664 4757 728 4823 τῇ
749 4753 1020 4825 ὑπερϐολῇ
1037 4755 1133 4825 τῆς
1150 4755 1645 4828 ταπεινοφροσύνης
1672 4775 1797 4810 κατ-

220 4836 554 4889 εδουλώσατο
578 4837 666 4889 τὸν
683 4836 910 4903 ἀδελφὺν
949 4839 1042 4890 καὶ
1069 4837 1127 4890 δν
1153 4838 1400 4908 ἐνόμιζεν
1428 4840 1636 4910 ἀγρίως
1663 4840 1796 4910 πρὸς

218 4920 384 4973 αὐτὸν
411 4919 734 4983 διακεῖσθαι,
763 4920 934 4983 οὕτως
971 4916 1129 4986 εὗρεν
1152 4923 1380 4993 ἥμερον,
1410 4922 1486 4986 ὼς
1507 4923 1794 4990 βούλεσθαι

219 5006 359 5077 πρὸς
379 5005 672 5076 θεραπείαν
705 5005 870 5057 αὐτοῦ
902 5005 1080 5058 πάντα
1107 5007 1176 5059 τὰ
1207 5007 1335 5077 παρ’
1373 5006 1565 5060 ἑαυτοῦ
1593 5008 1794 5060 ἐπιδεί-

219 5089 436 5156 ξασθαι.
474 5086 619 5142 Εἷπε
647 5089 778 5161 γὰρ,
817 5089 1004 5159 φησὶν,
1031 5091 1162 5143 ἐστι
1176 5107 1275 5158 μοι
1302 5092 1523 5154 πολλὰ,
1545 5092 1790 5160 ἀδελφέ,

213 5176 378 5227 ἔστω
405 5188 503 5227 σοι
531 5174 602 5226 τὰ
627 5173 727 5226 σά.
765 5174 902 5226 Ἀλλ’
925 5173 1044 5228 οὐδὲ
1061 5172 1232 5235 οὕτως
1249 5174 1504 5244 ἠνέσχετο
1525 5178 1552 5228 ό
1578 5176 1789 5240 Ἰακὼϐ,

214 5257 355 5311 ἀλλά
379 5257 594 5320 δεικνὺς
617 5258 746 5324 ὅσην
769 5260 1000 5310 ποιεῖται
1025 5257 1258 5326 σπουδὴν
1285 5257 1378 5310 τοῦ
1410 5260 1607 5330 εὐμενῆ
1632 5261 1792 5314 αὐτὸν

214 5342 380 5410 ἔχειν,
407 5340 597 5410 φησίν·
625 5343 692 5393 El
716 5342 940 5407 εὕρηκα
967 5340 1144 5409 χάριν
1167 5341 1446 5394 ἐναντίον
1468 5358 1603 5407 σου,
1626 5343 1792 5407 δέξαι

213 5427 288 5480 τὰ
316 5425 474 5496 δῶρα
506 5427 575 5481 ἐκ
604 5427 722 5480 τῶν
760 5426 970 5495 χειρῶν
990 5445 1130 5495 μου.
1169 5428 1412 5480 Ἕνεκεν
1442 5430 1551 5497 γὰρ
1579 5433 1791 5484 τούτου

214 5508 380 5566 εἶδον
408 5511 473 5564 τὸ
504 5512 828 5579 πρόσωπόν
851 5527 987 5576 σου,
1014 5512 1094 5576 ὡς
1121 5511 1198 5562 ἄν
1223 5529 1314 5577 τις
1339 5511 1450 5565 ἴδοι
1471 5515 1793 5580 πρόσωπον

214 5593 383 5648 θεοῦ.
415 5595 590 5659 Δέξαι,
628 5595 780 5664 φησὶ,
814 5594 881 5646 τὰ
911 5596 1042 5664 παρ’
1079 5594 1212 5661 ἐμοῦ
1241 5611 1320 5647 σοι
1346 5595 1493 5664 δῶρα
1523 5598 1791 5666 προσαγό-

214 5695 372 5748 μενα,
409 5679 559 5730 Μετά
611 5676 876 5744 τοσαύτης
908 5678 1016 5748 γὰρ
1047 5678 1398 5748 περιχαρείας
1440 5675 1574 5732 εἶδόν
1605 5697 1698 5732 σου
1732 5681 1792 5737 τὸ

211 5765 540 5835 πρόσωπον,
589 5764 705 5834 μεθ’
755 5765 886 5832 ὅσης
919 5765 984 5816 ἄν
1033 5782 1114 5828 τις
1163 5765 1258 5818 ίδοι
1289 5766 1423 5820 Θεοῦ
1477 5767 1786 5835 πρόσωπον.

211 5846 386 5899 Τοῦτο
420 5845 711 5915 θεραπείας
741 5847 938 5916 πολλῆς
973 5847 1136 5899 ἕνεκα
1167 5848 1362 5918 ἐρρέθη
1407 5852 1556 5919 παρὰ
1581 5850 1672 5901 τοῦ
1711 5851 1786 5902 δι-

1274 367 1339 420 ΙΝ
1378 367 1530 422 CAP.
1577 363 1763 419 XXXII
1804 360 2049 419 GENES.
2087 363 2320 418 ΠΟΜΙΙ..
2361 363 2539 418 LVIII.

3383 372 3490 426 5‘2

1918 477 2084 546 φικὴν
2117 478 2326 534 εὔνοιαν
2349 481 2594 550 ἀγαγεῖν.
2615 478 2719 532 Kal
2741 478 3093 545 εὐδοκήσας
3114 497 3210 547 με.
3237 481 3355 536 ἀντὶ
3375 485 3492 550 τοῦ,

1914 560 1988 611 Τὸ
2009 561 2239 631 ἀρέσκον
2269 580 2356 633 μοι
2383 563 2647 632 ποιήσεις.
2669 562 2822 614 Λάϐε
2842 563 3050 615 τοίνυν
3065 565 3171 629 τὰς
3190 567 3489 636 εὐλογίας,

1914 641 1986 708 άς
2014 644 2279 714 ὲνήνοχά
2312 664 2430 712 σοι,
2467 645 2555 698 ὅτι
2585 645 2813 709 ’ἠλέησε
2837 662 2912 713 με
2950 648 2982 698 ό
3022 647 3196 713 Θεὸς,
3226 650 3322 702 καὶ
3358 651 3491 706 ἐστι

1906 744 2007 794 μοι
2045 727 2258 782 πάντα.
2295 731 2383 799 Μὴ
2409 731 2745 802 παραιτήσῃ,
2767 730 2918 797 φησὶ,
2945 728 3149 782 λαϐεῖν.
3170 731 3355 786 Ταῦτα
3381 735 3489 806 γάρ

1915 809 2090 862 πάντα
2123 812 2272 882 παρὰ
2301 812 2394 864 τοῦ
2425 813 2559 865 Θεοῦ
2597 829 2687 879 μοι
2719 811 3014 882 δεδώρηται
3039 852 3052 874 ,
3082 813 3175 865 καὶ
3205 815 3366 879 αὐτός
3401 835 3489 888 μοι

1912 892 2116 946 τούτων
2175 896 2428 948 ἁπάντων
2480 893 2710 965 χορηγὸς
2767 896 3076 964 γεγένηται.
3139 898 3235 949 Διά
3286 899 3490 953 τούτων

1913 977 2096 1048 ἡρέμα
2128 980 2374 1032 κάκεῖνον
2401 979 2676 1032 ἐδίδασκεν
2704 991 2753 1042 ε,
2785 979 2912 1046 ὅσης
2945 980 3185 1044 ἀξιοῦται
3214 982 3312 1051 τῆς
3338 986 3488 1055 παρά

1912 1060 2004 1111 τοῦ
2027 1061 2158 1112 Θεοῦ
2185 1061 2459 1132 προνοίας,
2482 1063 2577 1114 καὶ
2601 1061 2977 1132 παρεσκεύαζε
3009 1061 3206 1132 πολλὴν
3228 1064 3326 1132 τὴν
3359 1067 3488 1137 περὶ

1912 1143 2074 1196 αὐτὸν
2106 1145 2238 1197 αἰδῶ
2267 1144 2688 1198 ἐπιδείκνυσθαι.
2710 1146 2817 1198 Kal
2849 1145 3248 1211 παρεϐιάσατο
3277 1149 3485 1211 αὐτὸν,

1910 1227 2004 1278 καὶ
2043 1227 2276 1281 ἐλαϐεν.
2323 1230 2464 1298 Ὅρα
2492 1227 2675 1280 λοιπὸν
2699 1227 2796 1296 τὴν
2827 1227 3146 1297 μεταϐολήν.
3175 1228 3285 1280 Kal
3317 1225 3487 1284 εἶπεν

1923 1309 2122 1362 Ἠσαῦ·
2158 1310 2507 1377 ’Λπάίαντες
2525 1308 2947 1378 πορευσώμεθα
2975 1310 3066 1362 ἐπ’
3095 1311 3489 1374 εἰπθεῖαν,ἀντὶ

1909 1392 2023 1446 τοῦ.
2050 1395 2250 1445 Λοιπὸν
2273 1397 2425 1465 κοινῇ
2469 1393 2823 1463 ποιησώμεθα
2851 1393 2948 1462 τὴν
2975 1391 3122 1463 [568]
3159 1394 3478 1465 ὁδοιπορίαν.

1921 1475 1978 1525 '0
2012 1476 2068 1528 δὲ
2105 1479 2274 1538 αίτεῖ,
2310 1479 2580 1548 πρόφασιν
2606 1479 2824 1544 εὔλογον
2865 1475 3111 1548 εὑρηκώς
3133 1496 3145 1508 ·
3197 1479 3249 1529 Ὀ
3284 1482 3489 1548 κύριός

1902 1576 2020 1627 μου
2041 1598 2055 1621 ,
2095 1562 2259 1630 φησὶ,
2295 1560 2570 1630 γινώσκει
2598 1601 2609 1619 ,
2652 1561 2735 1612 ὅτι
2769 1565 2838 1612 τὰ
2876 1561 3082 1613 παίδιά
3111 1561 3479 1630 ἁπαλώτερα.

1907 1642 2005 1694 καὶ
2037 1641 2106 1694 τὰ
2134 1646 2395 1710 πρόϐατα
2424 1645 2522 1697 καὶ
2563 1646 2622 1696 al
2649 1645 2795 1708 ,βόες
2825 1643 3208 1710 λοχεύονται’
3239 1644 3347 1697 ἐὰν
3373 1640 3486 1700 οὖν

1907 1725 2246 1788 καταδιὼξω
2273 1729 2426 1780 αὐτὰ
2445 1726 2676 1795 ἡμέραν
2707 1726 2854 1795 μιάν
2873 1765 2886 1789 ,
2919 1726 3377 1779 ἀποθανοῦνται.
3407 1728 3482 1780 Οὐ

1905 1806 2157 1879 δύναμαι,
2192 1810 2344 1878 φησὶ,
2378 1809 2782 1880 συντομώτερον
2805 1808 3132 1878 ποιήσασθαι
3161 1810 3257 1879 τὴν
3280 1811 3484 1879 ἀποδη-

1909 1890 2056 1960 μίαν,
2086 1892 2201 1944 ἀλλ⁹
2227 1892 2406 1963 ἠρέμα
2434 1893 2527 1945 καὶ
2558 1892 2702 1944 κατά
2731 1892 2924 1962 μικρὸν
2949 1890 3328 1961 ἀναγκάζομαι
3349 1894 3484 1946 ὁδοι-

1906 1977 2093 2044 πορεῖν
2125 1974 2213 2028 διά
2253 1993 2311 2026 τε
2344 1976 2413 2028 τὰ
2463 1974 2647 2028 παιδία
2692 1975 2784 2028 καὶ
2815 1974 2884 2026 τὰ
2927 1973 3153 2043 ποίμνια
3179 2015 3194 2039 ,
3234 1975 3374 2028 ὥστε
3405 1977 3480 2049 μὴ

1905 2057 2262 2127 διαφθαρῆναι
2287 2058 2366 2128 τῷ
2403 2059 2638 2128 πλείστῳ
2669 2059 2920 2128 καμάτῳ.
2967 2059 3204 2128 Πορεύου
3239 2056 3351 2122 οὖν,
3379 2077 3480 2127 φη-

1908 2141 1990 2192 σὶν
2014 2181 2026 2194 .
2061 2141 2252 2205 αὐτὸς,
2285 2141 2394 2209 ἐγὼ
2429 2141 2482 2194 δὲ
2531 2141 2670 2192 κατὰ
2713 2142 2874 2212 μέρος
2905 2142 3334 2210 ὑποτεμνόμενος
3371 2142 3481 2193 τῶν

1906 2224 2130 2276 παιδίων
2155 2225 2244 2277 τὸν
2279 2225 2520 2295 κάματον
2551 2226 2642 2276 καὶ
2671 2225 2780 2276 τῶν
2810 2225 3095 2294 ποιμνίων,
3141 2224 3282 2276 οὕτω
3311 2241 3482 2277 κατα-

1904 2307 2142 2377 λήψομαί
2174 2325 2230 2360 σε
2263 2309 2342 2370 εἰς
2367 2310 2467 2378 τὴν
2489 2309 2673 2378 Σηείρ.
2706 2308 2889 2360 Ταῦτα
2921 2307 3163 2370 ἀκούσας
3184 2311 3211 2360 ὁ
3233 2307 3477 2376 ἀδελφὸς,

1904 2392 1973 2442 El
1991 2390 2204 2453 βούλει
2230 2431 2244 2454 ,
2282 2392 2446 2459 φησὶ,
2485 2392 2823 2444 καταλείπω
2861 2391 3027 2456 τινὰς
3062 2391 3178 2443 τῶν
3208 2391 3328 2444 σὺν
3349 2392 3477 2460 ἐμοὶ

1896 2471 2047 2541 μετὰ
2081 2475 2196 2527 σοῦ
2222 2517 2235 2535 ,
2268 2473 2469 2544 πολλῆς
2508 2475 2674 2543 τιμῆς
2719 2475 2813 2526 καὶ
2858 2473 3150 2545 θεραπείας
3186 2475 3278 2527 καὶ
3324 2475 3480 2528 τοῦτο

1899 2555 2096 2624 δεῖγμα
2130 2554 2468 2624 ποιούμενος.
2515 2557 2573 2608 ’0
2616 2556 2672 2608 δὲ
2727 2557 2846 2608 οὐδὲ
2895 2556 3052 2609 τοῦτο
3087 2556 3438 2626 καταδέχεται
3463 2575 3476 2587 ⁸

1913 2637 2100 2704 Ἀρκεῖ
2117 2656 2240 2705 μοι,
2270 2640 2454 2708 φησὶν,
2489 2639 2579 2691 ὅτι
2603 2640 2759 2704 ὅλως
2791 2634 2973 2706 εὗρον
3002 2637 3178 2706 χάριν
3202 2639 3480 2692 ἐναντίον

1899 2733 2035 2772 σου,
2073 2721 2239 2772 Τοῦτό
2283 2738 2370 2791 μοι
2412 2716 2480 2790 ἦν
2525 2721 3022 2792 περισπούδαστον,
3065 2720 3126 2772 τὸ
3174 2721 3373 2791 εὐμενῆ
3419 2739 3477 2774 σε

1899 2801 2097 2872 εὑρεῖν.
2147 2803 2299 2855 Ἐπεὶ
2345 2800 2437 2857 οὖν
2486 2803 2674 2857 τούτου
2707 2804 2968 2872 ἐπέτυχον
2993 2845 3007 2866 ,
3037 2803 3248 2866 οὐδενὸς
3291 2805 3477 2875 ἐτέρου

1898 2883 2229 2953 δέομαι.Καὶ
2253 2885 2485 2952 ἀπάρας
2506 2927 2519 2946 ,
2547 2887 2729 2955 φησιν,
2760 2886 2961 2939 Ἰακὼϐ
2979 2887 3267 2951 ἐποίησεν
3287 2886 3478 2951 ἐαυτῷ

1897 2969 2133 3035 σκηνὰς
2169 2969 2267 3022 καὶ
2301 2970 2421 3035 τοῖς
2448 2970 2738 3038 κτήνεσιν
2763 2971 2950 3024 αὐτοῦ
2971 2989 2982 3000 ⁸
3011 2970 3108 3024 διὰ
3139 2969 3314 3024 τοῦτο
3337 2969 3477 3024 ἐκά-

1897 3056 2044 3107 λεσε
2087 3053 2194 3105 τὸν
2227 3055 2430 3117 τόπον,
2464 3054 2709 3120 Σκηναί.

1969 3135 2220 3188 ε’.Ταῦτα
2240 3136 2294 3188 δὲ
2314 3137 2598 3200 ἀκούοντες
2626 3135 2917 3206 μιμώμεθα
2939 3137 3029 3190 τὸν
3046 3136 3250 3190 δίκαιον
3265 3135 3472 3198 τοῦτον,

1898 3218 1992 3269 καὶ
2018 3219 2282 3288 τοσαύτην
2315 3218 2776 3288 ἐπιδεικνυώμεθα
2811 3219 3311 3290 ταπεινοςροσύνην
3334 3236 3346 3248 ·
3381 3221 3476 3273 καὶ

1898 3301 2119 3353 ἐπειδάν
2148 3297 2249 3354 ὧσί
2296 3320 2439 3366 τινες
2477 3303 2611 3374 πρὸς
2642 3304 2787 3372 ἡμᾶς
2809 3303 2986 3373 ἀηδῶς
3005 3303 3332 3372 διακείμενοι
3358 3344 3371 3368 ,
3401 3306 3475 3374 μὴ

1897 3383 1988 3434 ἐπὶ
2018 3383 2178 3436 πλέον
2202 3384 2522 3454 ἐξάπτωμεν
2551 3386 2642 3438 τὸν
2671 3386 2860 3455 θυμὸν,
2893 3385 3028 3439 ἁλλά
3065 3389 3131 3457 τῇ
3159 3387 3324 3458 πολλῇ
3360 3390 3478 3440 ἐπι-

1896 3465 2071 3535 εικείᾳ
2098 3467 2190 3518 καὶ
2224 3471 2288 3538 τῇ
2322 3468 2786 3539 ταπεινοφροσύνῃ
2811 3509 2824 3530 ,
2850 3473 2916 3540 τῇ
2952 3468 3042 3521 διὰ
3077 3469 3337 3539 ῥημάτων
3358 3509 3371 3532 ,
3409 3473 3474 3541 τῇ

1896 3547 1984 3601 διά
2030 3553 2370 3620 πραγμάτων
2403 3551 2857 3621 καταστέλλωμεν
2904 3551 3080 3606 αὐτῶν
3109 3554 3208 3621 τὴν
3255 3553 3473 3624 ἔχθραν,

1898 3631 1992 3684 καὶ
2018 3634 2352 3702 ἱατρεύωμεν
2375 3633 2553 3686 αὐτῶν
2581 3635 2680 3704 τὴν
2711 3635 2887 3704 ψυχὴν
2912 3635 3474 3705 κεκακωμένην.”ορα

1898 3718 2006 3786 γάρ
2041 3716 2137 3786 τὴν
2187 3718 2374 3785 σοφίαν
2401 3717 2591 3770 τούτου
2621 3718 2715 3769 τοῦ
2743 3718 2951 3770 δικαίου
2972 3757 2987 3780 ,
3039 3719 3184 3780 ὅπως
3211 3722 3277 3788 τῇ
3306 3719 3471 3790 πολλῇ

1898 3799 2112 3870 εὐτονίᾳ
2140 3799 2247 3852 τῶν
2279 3801 2536 3870 ῥημάτιον
2566 3798 2706 3852 οὕτω
2735 3801 2825 3853 τὸν
2863 3799 3034 3852 Ἡσαῦ
3076 3818 3205 3853 κατε
3217 3801 3472 3870 μάλαξεν,

1897 3882 1972 3945 ὡς
2000 3884 2094 3934 καὶ
2125 3883 2260 3952 πρὸς
2288 3883 2576 3953 θεραπείαν
2611 3881 2773 3934 αὐτοῦ
2802 3882 3116 3950 ἐπείγεσθαι
3136 3923 3150 3946 ,
3183 3884 3273 3936 καὶ
3299 3884 3474 3936 πάντα

1899 3965 2037 4033 πρὸς
2061 3964 2160 4035 τὴν
2183 3965 2372 4018 τούτου
2401 3969 2566 4036 τιμὴν
2602 3965 2880 4034 βούλεσθαι
2917 3970 3104 4020 ποιεῖν.
3139 3967 3308 4019 Τοῦτο
3337 3967 3471 4036 ἀλη-

1899 4048 2006 4111 θῶς
2038 4049 2299 4118 μεγίστης
2333 4051 2480 4100 ἐστ¹ιν
2517 4050 2717 4120 ἀρετῆς
2738 4089 2751 4110 ,
2781 4053 2880 4119 οὐχ
2920 4051 3048 4104 ὅταν
3076 4053 3200 4113 τοὺς
3239 4053 3473 4121 γνησίως

1899 4130 2035 4201 πρὸς
2066 4132 2212 4202 ἡμᾶς
2256 4131 2630 4200 διακειμένους
2665 4136 2882 4204 ἀγαπᾷν
2917 4135 3332 4203 σπουδάζωμεν,
3378 4137 3472 4190 καὶ

1899 4213 2286 4285 θεραπεύωμεν
2318 4217 2480 4268 παντὶ
2518 4216 2594 4285 τῷ
2625 4218 2811 4288 τρόπῳ
2831 4257 2844 4280 ,
2883 4218 3017 4270 ἀλλά
3044 4217 3138 4270 καὶ
3167 4220 3294 4272 ὅταν
3346 4222 3473 4282 τοὺς

1899 4298 2223 4368 ἐπηρεάζειν
2257 4300 2387 4368 ἡμῖν
2436 4298 2788 4369 βουλομένους
2833 4301 2922 4354 διὰ
2950 4302 3048 4371 τῆς
3077 4301 3278 4370 πολλῆς
3305 4319 3472 4375 προσο

1896 4381 2083 4449 ηνείας
2111 4381 2491 4452 ἐπισπώμεθα.
2522 4382 2684 4435 Οὐδὲν
2719 4384 2826 4454 γὰρ
2855 4386 3154 4448 ἐπιεικείας
3189 4386 3473 4456 σφοδρότε-

1902 4481 2011 4534 ρον.
2032 4465 2243 4536 Ὥσπερ
2269 4465 2376 4536 γάρ
2394 4465 2489 4536 τὴν
2520 4468 2694 4538 πυράν
2717 4467 2958 4537 σφοδρῶς
2979 4468 3235 4532 πολλάκις
3260 4469 3472 4522 ἐκκαιο-

1901 4547 2068 4617 μένην
2101 4547 2240 4617 ὕδωρ
2271 4547 2560 4618 ἐπιϐληθὲν
2591 4549 2936 4610 κατέσϐεσεν,
2977 4551 3118 4604 οὑτω
3143 4551 3237 4604 καὶ
3262 4553 3352 4604 τὸν
3379 4551 3472 4604 θυ-

1901 4628 1998 4698 μὸν
2045 4630 2274 4698 καμίνου
2329 4631 2678 4702 σφοδρότερον
2734 4632 3097 4703 ἐξαπτῦμενον
3145 4634 3300 4702 λόγος
3351 4635 3467 4704 μετ’

1895 4714 2191 4774 ἐπιεικείας
2218 4712 2423 4783 προῖὼν
2448 4715 2858 4779 κατασϐέννυσι,
2883 4717 2973 4769 καὶ
2998 4717 3216 4770 διπλοῦν
3244 4719 3374 4786 ἡμῖν
3406 4718 3467 4770 τὸ

1895 4794 2082 4862 κέρδος
2109 4795 2335 4862 γίνεται,
2363 4796 2502 4867 ὑπὲρ
2531 4791 2604 4850 ὧν
2633 4816 2692 4850 τε
2728 4800 2882 4852 αὐτοὶ
2909 4801 3008 4869 τὴν
3031 4802 3329 4853 ἐπιείκειαν
3357 4801 3468 4854 ἐπι·

1894 4877 2238 4948 δεικνύμεθα,
2264 4880 2356 4932 καὶ
2385 4879 2524 4950 ὑπὲρ
2552 4875 2626 4932 ὧν
2652 4881 2744 4934 τοῦ
2789 4882 3015 4952 ἀδελφοῦ
3046 4883 3136 4936 τὸν
3165 4884 3330 4953 θυμὸν
3364 4901 3464 4936 κα·-

1894 4959 2298 5024 ταπαύσαντες,
2344 4962 2435 5013 τὸν
2481 4962 2736 5033 λογισμὸν
2787 4965 2946 5017 αὐτοῦ
2979 4966 3223 5035 ταραχῆς
3255 4967 3466 5019 ἐλευθε-

1897 5043 2115 5115 ροῦμεν.
2153 5044 2216 5095 Τί
2260 5046 2396 5115 γὰρ,
2444 5046 2564 5098 είπέ
2612 5064 2741 5116 μοι;
2780 5049 2912 5118 Οὐχὶ
2967 5050 3152 5119 μέμφῃ
3199 5050 3292 5102 καὶ
3331 5067 3464 5104 κατο

1895 5130 2117 5197 ηγορεῖς
2135 5127 2227 5178 τοῦ
2250 5127 2477 5194 ἀδελφοῦ
2508 5127 2973 5199 θυμουμένου,καὶ
3001 5132 3208 5201 ἐχθρῶς
3238 5135 3374 5202 πρὸς
3407 5134 3465 5187 σὲ

1893 5209 2234 5278 διακειμένου
2263 5227 2276 5271 ;
2307 5210 2459 5273 Τίνος
2489 5207 2581 5264 οῦν
2606 5213 2788 5266 ἕνεκεν
2816 5214 2935 5283 οὐχὶ
2963 5213 3049 5266 διὰ
3075 5216 3180 5267 τῶν
3210 5216 3464 5268 ἐναντίων

1895 5292 2054 5354 αὐτὶς
2085 5291 2334 5361 ἔρχεσθαι
2360 5294 2711 5358 σπουδάζεις,
2748 5295 2881 5348 ἀλλὰ
2916 5297 3215 5365 θυμοῦσθαι
3249 5298 3342 5350 καὶ
3367 5299 3464 5349 αὐ-

1892 5375 1982 5436 τὸς
2017 5376 2107 5428 ἐπὶ
2153 5375 2332 5428 πλεῖον
2364 5377 2567 5444 βούλειξ
2627 5378 2711 5448 Μὴ
2754 5378 2861 5448 γὰρ
2896 5379 3116 5433 δυνατὸν
3168 5382 3277 5450 πῦρ
3329 5383 3461 5452 πυρὶ

1893 5458 2243 5522 σϐέννυσθαι;
2282 5460 2393 5512 Οὐκ
2427 5459 2536 5529 ἕχει
2566 5460 2726 5527 φύσιν
2753 5463 2812 5514 τὸ
2857 5463 3235 5532 γεγενημένον.
3274 5463 3461 5525 Οὕτως

1891 5541 2010 5593 οὐδὲ
2040 5540 2209 5611 θυμὸν
2250 5543 2418 5613 ἐτέρῳ
2453 5545 2606 5614 θυμῷ
2635 5545 3111 5614 καταπραΰνεσθαι
3146 5547 3366 5599 δυνατὸν
3395 5549 3460 5600 ἂν

1890 5625 2096 5691 γένοιτό
2135 5643 2262 5678 ποτε
2289 5643 2300 5654 ’
2333 5627 2467 5695 ὅπερ
2497 5627 2600 5695 γάρ
2630 5627 2742 5678 ἐστι
2771 5627 2847 5695 τῷ
2871 5629 3002 5698 πυρὶ
3030 5630 3089 5680 τὸ
3113 5629 3275 5700 ὕδωρ,
3304 5629 3462 5684 τοῦτο

1890 5705 1968 5775 τῷ
2002 5708 2157 5776 θυμῴ
2209 5709 2474 5760 ἐπιείκεια
2522 5709 2613 5761 καὶ
2663 5710 2927 5779 πραΰτης.
2970 5711 3067 5764 Διά
3111 5712 3264 5764 τοῦτο
3306 5714 3397 5765 καὶ
3432 5716 3460 5767 ὁ

1892 5789 2122 5857 Χριστὸς
2148 5789 2296 5857 ἔλεγε
2343 5794 2453 5852 τοῖς
2490 5790 2756 5861 μαθηταῖς
2779 5833 2792 5852 ,
2853 5793 2993 5847 Ἐὰν
3024 5795 3165 5861 τοὺς
3197 5795 3459 5864 ἀγαπῶν-

1947 5884 1971 5910 ⁸
1995 5881 2065 5930 Ila
2087 5897 2172 5930 sex
2198 5898 2309 5932 mss.
2331 5921 2343 5938 ,
2359 5886 2470 5932 Sav.
2497 5891 2660 5933 autem
2681 5892 2733 5934 et
2756 5887 2871 5936 Mor.
2889 5891 3207 5939 ἐπεδίδασκεν.
3233 5889 3331 5938 Sed
3354 5904 3454 5940 me-

209 5929 389 5995 καίου,
423 5927 563 5980 ὥστε
594 5929 753 5982 αὐτὸν
777 5929 1175 5996 καταμαλάξαι,
1207 5931 1300 5983 καὶ
1337 5932 1469 6001 πρὸς
1502 5934 1598 6002 τὴν
1631 5933 1785 5985 ἀδελ-

1905 5945 1978 5992 ius
1996 5946 2234 6005 quadrare
2261 5927 2456 5995 videtur
2477 5949 2584 5996 sine
2608 5927 3257 6013 ρπρροεὶιὶοῖιὲῖίιτῆξϐεοί

536 6019 808 6081 Ριτιιοι..
855 6021 945 6076 Gn
1038 6021 1194 6081 LlV.

3055 6034 3095 6096 9
