4038 6358
533 319 638 372 525

529 452 644 499 τας
664 431 814 502 ὑμᾶς
834 428 1119 499 ἀγαπᾶτε,
1144 429 1278 481 τίνα
1298 432 1519 498 μισθὸν
1539 433 1740 500 ἓχετε;
1769 427 1902 485 Εἶτα
1938 431 2117 501 ἐντρέ-

530 519 629 586 ψαι
660 516 979 585 βουλόμενος
1003 513 1067 582 τῇ
1103 512 1368 583 ἐπαγωγῇ
1393 553 1407 576 ,
1439 514 1532 566 καὶ
1556 514 1876 568 καθικέσθαι
1899 513 2007 565 τῶν
2031 515 2122 584 ῥα-

532 603 724 670 θυμείν
755 598 1111 667 βουλομένων,
1154 594 1318 665 φησίν
1343 613 1356 626 ο
1387 598 1534 665 Οὐχὶ
1562 597 1659 650 καὶ
1696 600 1747 649 οἱ
1779 595 2027 650 τελῶναι
2051 597 2116 648 τι)

529 685 673 738 αὐτὸ
697 682 1007 742 ποιοῦσιν;
1035 682 1255 732 Ὀντινα
1277 679 1385 749 γάρ
1411 680 1476 733 ἂν
1499 681 1669 751 λάϐῃς
1695 680 1803 733 τῶν
1833 679 2111 751 ῥᾳθύμων,

527 767 648 836 ούχὶ
674 765 830 820 τοῦτο
860 765 1284 833 διαπράττεται;
1318 762 1470 832 [569]
1503 766 1595 816 καὶ
1626 765 1780 816 αὐτοὶ
1813 766 1859 814 οἱ
1889 761 2113 815 τελῶναι

526 851 644 921 οὖχῖ
673 849 830 902 τοῦτο
851 848 938 901 διὰ
970 846 1204 916 σπουδῆς
1237 845 1418 916 ἔχουσι
1446 866 1458 912 ;
1505 849 1569 899 Τί
1611 848 1718 916 γάρ
1747 845 1978 898 τελώνου
2005 848 2116 914 χεῖ-

529 951 620 1005 ρον
645 950 660 998 ;
691 933 802 985 Καὶ
823 932 970 1001 ὅμως
1001 928 1159 982 τοῦτο
1186 931 1351 982 παντὶ
1376 930 1561 1001 τρόπῳ
1587 932 1838 1000 εὑρήσεις
1871 930 1995 999 παρ’
2023 929 2118 980 αύ-

526 1020 640 1080 τοῖς
667 1016 1041 1086 πληρούμενον
1067 1055 1080 1074 ,
1127 1013 1222 1066 καὶ
1256 1013 1356 1083 οὐχ
1399 1010 1509 1066 οἷόν
1547 1031 1605 1065 τε
1632 1014 1722 1066 τὸν
1755 1013 2115 1080 ἀγαπώμενον

530 1101 604 1172 μὴ
645 1101 738 1154 καὶ
772 1099 1013 1169 ἀγαπᾷν.
1061 1097 1201 1165 Ἐγὼ
1247 1098 1333 1161 δέ,
1379 1099 1563 1168 ἐπειδὴ
1608 1100 1699 1151 καὶ
1754 1097 2116 1166 ὑψηλοτέρους

527 1187 672 1256 ὑμᾶς
713 1178 852 1235 εἶναι
879 1181 1137 1252 βούλομαι
1164 1221 1178 1244 ,
1207 1185 1301 1235 καὶ
1333 1183 1474 1252 ἐχειν
1504 1201 1554 1234 τ.
1587 1183 1790 1235 τούτων
1825 1182 2015 1237 πλέον,
2052 1182 2112 1233 οὐ

525 1268 684 1322 τοῦτο
706 1265 976 1337 παραινῶ,
999 1264 1134 1318 ἀλλά
1160 1267 1397 1328 καὶτοὺς
1426 1265 1654 1336 ἐχθροὺς
1679 1267 1915 1334 ἀγαπᾷν.
1937 1265 2073 1316 Ὅπε
2082 1281 2113 1333 ρ

519 1355 549 1404 ὁ
588 1351 855 1422 μακάριος
879 1362 904 1389 ε
936 1344 1088 1413 οὗτος
1120 1351 1225 1420 πρὸ
1248 1351 1345 1401 τοῦ
1377 1349 1564 1419 νόμου,
1599 1351 1704 1421 πρὸ
1733 1351 1828 1420 τῆς
1863 1348 2114 1400 διδασκα-

527 1435 645 1500 λίας
683 1437 779 1506 τῆς
816 1436 942 1503 παρ’
975 1432 1204 1504 ἐτέρων,
1243 1433 1454 1486 οἴκοθεν
1487 1435 1805 1504 κινούμενος
1831 1473 1845 1496 ,
1891 1431 1979 1483 διὰ
2015 1433 2113 1498 τῆς

526 1517 974 1592 ὑπερϐαλλούσης
1007 1517 1307 1578 ἐπιεικείας
1356 1519 1618 1588 πρότερον
1660 1519 1757 1588 μὲν
1800 1517 1895 1569 τοῦ
1927 1515 2112 1569 Λάϐαν

526 1604 867 1674 περιγέγονε,
893 1602 1010 1652 νυνὶ
1037 1600 1092 1653 δὲ
1129 1602 1222 1652 καὶ
1249 1600 1344 1653 τοῦ
1382 1601 1634 1668 ἀδελφοῦ.
1673 1603 1733 1653 Εἰ
1765 1601 1869 1671 γάρ
1899 1600 1992 1651 καὶ
2016 1600 2112 1667 τῆς

524 1686 730 1741 ἄνωθεν
755 1684 1070 1754 συμμαχίας
1098 1683 1435 1754 ἀπήλαυσεν,
1457 1685 1571 1737 ἀλλ’
1597 1686 1745 1754 ὅμως
1773 1685 1868 1736 καὶ
1888 1682 1956 1735 τὰ
1982 1681 2112 1751 παρ’

525 1768 717 1822 ἐαυτοῦ
745 1768 1218 1838 προεπεδείκνυτο.
1240 1767 1397 1820 Ούτω
1424 1768 1486 1838 δὴ
1517 1769 1612 1820 καὶ
1646 1769 1804 1837 ἡμεῖς
1834 1766 2111 1835 πείσωμεν

524 1853 750 1915 ἑαυτοὺς
776 1893 791 1917 ,
826 1852 906 1903 ὅτι
947 1850 1051 1902 κᾶν
1091 1850 1350 1920 μυριάκις
1389 1851 1812 1920 σπουδάζωμεν,
1844 1850 1992 1902 οὐδὲν
2022 1849 2112 1900 ού-

523 1939 713 1990 δέποτε
745 1934 1090 2006 κατορθῶσαι
1110 1934 1472 2004 δυνησόμεθα,
1507 1937 1553 1987 εἰ
1579 1935 1653 2005 μὴ
1675 1936 1767 1987 καὶ
1788 1935 1883 2003 τῆς
1906 1931 2111 1986 ἀνωθεν

525 2023 699 2092 ῥοπῆς
729 2018 1162 2088 ἀπολαύσαιμεν.
1195 2020 1405 2089 Ὥσπερ
1436 2019 1564 2089 γὰρ,
1599 2019 1746 2089 εἰμὴ
1775 2019 1873 2086 τῆς
1903 2016 2110 2068 ἐκεῖθεν

526 2104 842 2175 συμμαχίας
868 2101 1270 2171 ἀπολαύσωμεν
1297 2142 1311 2164 ,
1348 2102 1498 2154 οὐδὲν
1553 2101 1806 2172 ἰσχύομέν
1842 2118 1970 2152 ποτε
2004 2101 2110 2152 τῶν

523 2191 750 2242 δεόντων
773 2185 1116 2255 κατορθῶσαι
1141 2201 1152 2212 ⁸
1182 2185 1324 2237 ούτω
1347 2186 1506 2238 πάλιν
1538 2188 1586 2237 εί
1624 2185 1696 2255 μὴ
1733 2186 1800 2237 1‘1
1832 2185 1960 2255 παρ’
1989 2185 2112 2235 ἐαυ-

526 2270 632 2323 τῶν
663 2268 1083 2336 εἰσενέγκωμεν,
1110 2269 1170 2320 οὐ
1201 2268 1545 2337 δυνησόμεθα
1577 2272 1675 2338 τῆς
1703 2268 1907 2322 ἄνωθεν
1939 2267 2112 2329 ἀξιοῦ-

531 2353 652 2406 σθαι
680 2351 869 2424 ῥοπῆς.
915 2350 1008 2402 Διὸ
1055 2350 1447 2421 σπουδάζωμεν
1493 2353 1586 2403 καὶ
1633 2351 1703 2404 τά
1738 2350 1864 2421 παρ’
1905 2351 2111 2402 ἑαυτῶν

525 2436 834 2504 εἰσφέρειν,
875 2432 970 2485 καὶ
1013 2431 1112 2502 τὴν
1142 2433 1348 2486 ἄνωθεν
1399 2433 1723 2503 κηδεμονίαν
1765 2433 2107 2501 ἐφέλκεσθαι,

525 2519 613 2571 ἵνα
646 2517 740 2570 καί¹
766 2517 830 2568 ἐκ
876 2516 973 2585 τῆς
1009 2517 1283 2586 ἡμετέρας
1337 2514 1605 2586 σπουδῆς,
1639 2518 1732 2570 καὶ
1769 2519 1832 2569 ἐκ
1877 2519 1974 2587 τῆς
2015 2517 2108 2570 τοῦ

522 2602 656 2656 (θεοῦ
682 2600 1094 2670 φιλανθρωπίας
1123 2600 1191 2652 τὰ
1212 2601 1310 2669 τῆς
1337 2601 1538 2672 ἀρετῆς
1569 2602 1698 2671 ἡμῖν
1724 2601 1843 2653 καθ’
1873 2603 2110 2668 ἑκάστην

519 2687 739 2757 ἡμέραν
786 2683 1158 2752 ἐπιτείνηται,
1189 2685 1285 2735 καὶ
1337 2683 1536 2751 πολλῆς
1577 2683 1972 2753 ἀπολαύσωμεν
2013 2684 2110 2754 τῆς

521 2769 728 2824 ἄνωθεν
760 2766 982 2838 χάριτος
1008 2783 1020 2795 ·
1050 2759 1117 2836 ἦς
1148 2768 1358 2834 γένοιτο
1396 2767 1602 2830 πάντας
1634 2770 1782 2838 ἡμᾶς
1809 2769 2106 2836 ἐπιτυχεῖν,

521 2854 702 2926 χάριτι.
753 2853 847 2904 καὶ
898 2850 1279 2921 φιλανθρωπίᾳ
1325 2851 1419 2902 τοῦ
1473 2852 1672 2922 Κυρίου
1719 2851 1873 2920 ήμῶν
1932 2851 2105 2920 Ἰησοῦ

520 2925 781 3006 Χριστοῦ,
814 2932 930 3005 μεθ’
959 2925 1020 2986 οῦ
1043 2931 1118 3002 τῷ
1149 2933 1346 3003 Πατρὶ,
1384 2934 1498 3002 ἀμα
1537 2934 1614 3004 τῷ
1656 2935 1794 3004 ἁγίῳ
1831 2933 2106 3003 Πνεύματι

519 3020 668 3086 δόξα,
701 3019 901 3086 κράτος
924 3057 937 3079 ,
969 3016 1124 3087 τιμὴ,
1153 3017 1246 3068 νῦν
1270 3018 1362 3070 καὶ
1395 3019 1500 3081 ἀεὶ,
1530 3019 1620 3069 καὶ
1651 3021 1730 3080 εἰς
1759 3019 1882 3080 τους
1906 3018 2108 3081 αἰῶνας

519 3103 630 3155 τῶν
658 3101 891 3154 αἰώνων.
934 3099 1126 3170 Ἀμήν.

1111 3183 1353 3235 ΟΜΙΛΙΛ
1389 3182 1512 3234 NG’.

523 3268 632 3322 Καὶ
665 3261 850 3336 ἦλθεν
899 3265 1097 3319 Ἰακὼϐ
1130 3267 1219 3336 είς
1262 3265 1473 3331 Σαλὴμ
1520 3266 1702 3336 πόλιν
1747 3266 2021 3333 Σηκίμων
2055 3269 2102 3327 ι),

591 3337 690 3390 καὶ
755 3335 1051 3398 ἐκτήσατο
1111 3335 1224 3405 τὴν
1273 3335 1487 3402 μερίδα
1548 3335 1653 3387 τοῦ
1712 3337 1897 3402 ἀγροί·
1949 3339 2106 3405 παρὰ

607 3405 786 3475 Ἐμὼρ
826 3407 932 3459 τοῦ
973 3404 1196 3470 πατρὸς
1233 3406 1434 3473 Συχὲμ
1477 3405 1692 3457 ἑκατὸν
1731 3405 1970 3473 ἀμνῶν.
2007 3404 2102 3459 καὶ

589 3478 853 3542 ἔστησεν
896 3475 1024 3527 ἐκεῖ
1064 3476 1515 3542 θυσιαστήριον,
1556 3475 1654 3526 καὶ
1695 3475 2105 3530 ἐπεκαλέσατο

589 3545 696 3598 τὸν
719 3545 866 3599 Θεὸν
887 3546 989 3598 τοῦ
1027 3545 1293 3611 Ἰσραήλ.

589 3635 658 3682 α’.
680 3629 858 3681 Εἴδετε
875 3628 1000 3698 χθὲς
1020 3629 1111 3680 καὶ
1131 3627 1224 3680 τοῦ
1248 3626 1426 3680 κοινοῦ
1445 3626 1551 3680 τῶν
1567 3628 1822 3680 ἁπάντων
1835 3629 2103 3681 Δεσπὸτου

518 3715 615 3786 τὴν
643 3715 1086 3786 ὑπερϐάλλουσαν
1118 3713 1548 3785 φιλανθρωπίαν,
1583 3716 1676 3767 καὶ
1705 3715 1811 3767 τῶν
1847 3717 2104 3786 μαθητῶν

516 3801 616 3870 τὴν
643 3799 982 3867 φιλοσοφίαν,
1011 3800 1106 3850 καὶ
1133 3798 1241 3850 τῶν
1277 3797 1543 3850 Ἰουδαίων
1572 3799 1671 3866 τὴν
1688 3800 2099 3868 ἀγνωμοσύνην.

517 3885 701 3936 Εἴδετε
735 3882 853 3953 μεθ’
878 3883 1010 3951 ὅσης
1035 3880 1384 3944 ἀνεξικακίας
1411 3882 1769 3951 ἐπεστόμισεν
1799 3884 1974 3934 αὐτῶν
2007 3885 2103 3954 τήν

515 3968 868 4036 ἀναίσχυντον
902 3965 1126 4033 τόλμαν,
1166 3965 1264 4033 τὴν
1297 3965 1438 4033 ὑπὲρ
1467 3964 1574 4016 τῶν
1613 3963 1869 4034 μαθητῶν
1910 3967 2103 4017 ἀπολο-

515 4051 642 4117 γίαν
677 4050 1026 4119 ποιούμενος,
1059 4049 1152 4100 καὶ
1181 4048 1394 4111 δεικνὺς
1425 4049 1506 4100 ὅτι
1531 4049 1686 4100 αὐτοὶ
1727 4051 1776 4100 οί
1817 4050 1907 4101 τον
1943 4052 2102 4119 νόμον

517 4132 748 4184 ἐκδικεῖν
779 4132 1053 4192 ἐθέλοντες
1075 4173 1090 4194 ,
1127 4129 1382 4197 ἀγνοοῦσι
1413 4131 1506 4182 τοῦ
1545 4130 1711 4201 νόμου
1749 4133 1807 4183 τὸ
1837 4131 2100 4202 βούλημα,

520 4215 615 4266 καὶ
641 4215 720 4267 ὅτι
745 4217 841 4284 τῆς
865 4214 1122 4282 ἀληθείας
1149 4213 1408 4284 φανείσης
1439 4213 1519 4265 ἔτι
1539 4217 1604 4284 τῇ
1633 4216 1759 4284 σκιᾷ
1788 4216 2100 4285 παρακαθῆ-

523 4297 645 4350 σθαι
679 4297 887 4368 ἢθελον.
922 4295 1102 4349 Είδετε
1159 4296 1276 4360 πῶς
1310 4297 1514 4350 ἄνωθεν
1556 4299 1650 4351 καὶ
1697 4299 1756 4363 ἐξ
1795 4299 1968 4369 ἀρχῆς
2003 4302 2103 4363 τας

521 4382 928 4451 παρατηρήσεις
957 4380 1186 4449 νομικὰς
1224 4381 1431 4434 ἀνελεῖν
1463 4381 1762 4445 ἐσπούδαζε
1788 4422 1802 4442 ,
1837 4383 2102 4436 διδάσκων

515 4466 712 4527 αὐτοὺς
755 4467 836 4518 ὅτι
868 4464 961 4517 τοῦ
995 4465 1146 4534 ἡλίου
1169 4466 1267 4535 τῆς
1314 4465 1660 4536 δικαιοσύνης
1709 4467 1968 4536 φανέντος
2003 4469 2103 4520 οὐκ

517 4550 597 4602 ἔτι
627 4549 849 4602 δυνατὸν
877 4549 940 4602 τὸ
968 4548 1240 4618 λυχνιαῖον
1274 4553 1517 4620 ἐνεργεῖν
1557 4552 1672 4619 φῶς
1692 4570 1707 4582 ·
1749 4554 1780 4622 ή
1821 4553 1930 4622 γὰρ
1960 4554 2101 4623 αὐγὴ

514 4633 608 4684 τοῦ
661 4632 838 4701 φωτός
884 4632 976 4683 τοῦ
1027 4633 1250 4702 ἡλιακοῦ
1304 4635 1716 4702 προσϐάλλουσα
1756 4636 2099 4706 ἀποκρύπτει

512 4716 702 4769 τούτου
731 4717 830 4787 τὴν
859 4716 1071 4785 χρείαν.
1122 4717 1382 4782 Ἑμάθετε
1411 4718 1525 4782 πῶς
1553 4719 1776 4772 δυνατὸν
1798 4721 1883 4772 ἀεὶ
1909 4722 2101 4786 ἑορτά-

514 4799 651 4863 ζειν,
677 4799 772 4852 καὶ
793 4799 1137 4869 ἀπηλλάχθαι
1165 4801 1264 4870 τῆς
1285 4801 1390 4854 τῶν
1418 4802 1625 4872 καιρῶν
1648 4805 2096 4873 παρατηρήσεως.

518 4886 612 4937 Διὰ
656 4884 763 4953 γὰρ
797 4883 954 4935 τοῦτο
999 4885 1328 4953 παρεγένετο
1374 4887 1402 4938 ὁ
1451 4888 1726 4957 Δεσπότης
1756 4890 1783 4940 ὁ
1812 4888 2098 4959 ἡμέτερος,

515 4969 601 5020 ἴνα
629 4968 777 5036 ήμάς
812 4966 1158 5039 ἐλευθερώσῃ
1188 4968 1286 5034 τῆς
1317 4968 1424 5022 τῶν
1453 4970 1663 5042 καιρῶν
1696 4972 1941 5041 ἀνάγκης
1963 5011 1977 5032 ,
2007 4973 2100 5024 καὶ

511 5049 912 5122 παρασκευάσῃ
960 5049 1267 5121 ὑψηλότερα
1301 5052 1580 5113 πέτεσθαι.
1636 5055 1730 5107 καὶ
1780 5056 1838 5106 ἐν
1888 5054 2101 5125 οὐρανῷ

511 5132 696 5185 λοιπὸν
736 5132 880 5202 ἔχειν
900 5133 958 5184 τὸ
988 5133 1312 5202 πολίτευμα,
1347 5136 1440 5187 καὶ
1469 5136 1789 5206 ἀνθρώπους
1819 5138 1977 5201 ὄντας
2002 5139 2100 5209 τὴν

510 5214 666 5286 [570]
695 5216 804 5267 τῶν
836 5215 1082 5283 ἀγγέλων
1114 5217 1400 5286 μιμεῖσθαι
1424 5218 1720 5280 πολιτείαν,
1746 5222 1840 5274 καὶ
1867 5240 2101 5290 κάταγε-

507 5299 607 5369 λᾷν
643 5299 860 5352 πάντων
908 5299 1017 5351 τῶν
1066 5300 1422 5371 ἀνθρωπίνων
1469 5303 1830 5372 πραγμάτων.
1865 5306 2001 5377 Φέρε
2035 5308 2098 5380 δὴ

511 5383 754 5451 σήμερον
779 5423 793 5447 ,
829 5383 876 5434 εἱ
917 5382 1100 5445 δοκεῖ,
1133 5384 1225 5436 ἐπὶ
1263 5383 1360 5454 τὴν
1403 5384 1724 5440 ἀκολουθίαν
1766 5387 1872 5440 τῶν
1907 5389 2100 5460 πρώην

573 5520 773 5596 ᾗνοπερ
798 5525 1088 5596 ὁμακάριος.
1113 5527 1262 5596 Ξεινὶι.
1293 5542 1304 5575 :
1333 5526 1758 5596 (Vellegendqm
1783 5531 1931 5596 ᾧπερ,
1959 5540 2012 5581 ul
2031 5537 2097 5585 sit

509 5583 703 5654 dalivp§
745 5583 1082 5654 ἱηειιιιῐῃόιιιί,
1115 5591 1193 5636 vel
1231 5583 1568 5650 supplendurﬁ
1602 5583 1824 5648 ποιήσας,
1865 5583 1948 5643 a'u'l
1990 5583 2092 5645 ιδιά

510 5644 695 5718 διὶβιῃό
713 5644 1087 5718 ρ.αι·ιξσὶρὶιιιῐη,“α
1112 5663 1210 5718 q‘uo
1231 5644 1436 5718 τρέξιιιιι·
1459 5644 1763 5718 accusativi)?
1788 5644 1918 5718 ὅπερ.
1949 5672 1967 5703 ›

568 5703 607 5745 5
623 5703 773 5774 εξιγῖι.
796 5710 859 5774 εἰς
885 5703 1275 5772 πόλινΣικῆμων.
1292 5703 1550 5774 Ὀυὶηίιυθγ
1567 5727 1688 5762 mss.
1712 5715 1777 5772 εἰς
1797 5703 1933 5767 πόλιν
1967 5719 2096 5767 Σικί-

514 5779 630 5824 μων.
658 5767 827 5816 Morel.
857 5779 910 5819 et
934 5767 1234 5832 exemplaria
1254 5767 1350 5820 τῶν
1370 5779 1410 5822 0
1427 5776 1439 5794 ’
1457 5767 1515 5823 ὶιι
1539 5773 1589 5823 in
1619 5767 1779 5827 textu:

1225 311 1281 366 S.
1322 311 1609 367 JO.\NN|S
1647 311 2139 368 CIIRYSOSTOMI
2179 313 2501 370 ARCHIEP.
2544 315 3090 373 CONSTANTINOP.

3709 318 3772 372 ει
3789 320 3818 372 -ἰ

2236 433 2366 502 ἡμῖν
2389 434 2693 505 εἰρημένων
2721 437 2783 486 ἐκ
2815 435 2922 488 τῶν
2963 433 3058 486 τοῦ
3108 435 3376 504 μακαρίου
3410 433 3690 496 Μωῦσέως
3719 437 3819 502 ρη-

2236 520 2420 587 μάτων
2443 518 2826 579 ἐπανελθόντες
2845 557 2858 579 ,
2887 519 3096 571 ἐκεῖθεν
3121 519 3247 588 ὑμῖν
3276 516 3606 588 παραθῶμεν
3634 518 3812 568 ἑστία-

2234 617 2335 654 σιν.
2370 603 2513 653 Ἵστε
2538 601 2644 671 γὰρ
2664 601 2743 653 ὅτι
2766 601 3152 663 ἐπανελθόντος
3181 603 3244 652 ἐκ
3260 599 3690 668 Μεσοποταμίας
3716 597 3818 650 τοῦ

2243 682 2458 746 Ἰακὼϐ,
2483 685 2576 736 καὶ
2607 685 2704 754 τὴν
2729 685 2862 754 πρὸς
2887 684 2978 735 τὸν
3012 683 3239 749 ἀδελφὸν
3269 683 3558 751 συντυχίαν
3589 698 3818 750 ποιησα-

2233 768 2414 837 μένου,
2454 769 2547 822 καὶ
2584 767 2720 838 μετά
2749 766 2909 819 τοῦτο
2952 765 3431 836 διαχωρισθέντος.
3479 765 3572 818 καὶ
3604 766 3818 817 ἐκείνου

2233 853 2330 922 μὲν
2375 855 2453 914 εἰς
2481 853 2578 922 τὴν
2612 852 2774 921 Σηεὶρ
2827 853 3204 920 ὁρμήσαντος,
3247 851 3339 902 τοῦ
3377 850 3434 902 δέ
3476 848 3672 900 Ἰακὼό
3715 849 3819 910 τὰς

2231 936 2437 1006 σκηνὰς
2470 936 2806 1005 πηξαμένου,
2827 935 2920 987 καὶ
2954 935 3043 988 τὸν
3071 936 3232 987 τόπον
3262 934 3367 986 ἀπὸ
3388 933 3480 985 τοῦ
3508 933 3816 1000 συμϐάντος

2227 1019 2592 1088 ὀνομάσαντος
2627 1019 2889 1086 Σκηνὰς,
2925 1018 3162 1070 ἐνταῦθα
3198 1017 3286 1070 τὸν
3327 1016 3479 1082 λόγον
3517 1015 3818 1067 κατελύσα-

2230 1118 2362 1171 μεν·
2398 1102 2478 1154 διὸ
2508 1102 2612 1172 χρὴ
2656 1102 2725 1154 τὰ
2764 1102 2889 1169 ἑξῆς
2919 1101 3236 1164 ἐπελθόντες
3277 1101 3417 1153 κατά
3457 1101 3685 1167 δύναμιν
3714 1097 3818 1166 τὴν

2225 1185 2498 1256 ἡμετέραν
2519 1187 2620 1255 τὴν
2641 1186 2990 1238 διδασκαλίαν
3016 1187 3143 1255 ὑμῖν
3170 1186 3491 1255 παραθεῖναι
3518 1186 3617 1254 τὴν
3649 1200 3814 1234 mau-

2229 1269 2485 1337 ματικήν.
2516 1269 2604 1320 Ἐν
2623 1268 2778 1337 ἀδείᾳ.
2809 1268 2917 1338 γὰρ
2951 1267 3134 1320 λοιπὸν
3157 1267 3397 1335 γεγονὼς
3418 1272 3445 1320 ὁ
3471 1268 3694 1336 δίκαιος,
3717 1265 3817 1317 καὶ

2226 1353 2610 1424 ἐλευθερωθεὶς
2639 1353 2818 1422 πάσης
2847 1352 3085 1419 ἀγωνίας
3103 1393 3117 1416 ,
3148 1347 3347 1416 Ἦλθε,
3381 1353 3564 1420 φησὶν,
3588 1356 3674 1416 εἰς
3703 1359 3817 1408 πό-

2223 1439 2326 1489 λιν
2352 1436 2647 1504 Σηκίμων,
2677 1435 2774 1487 καὶ
2793 1435 3090 1499 ἐκτήσατο
3121 1434 3236 1500 τὴν
3253 1435 3465 1503 μερίδα
3494 1435 3602 1488 τοῦ
3624 1437 3817 1505 ἀπριῖῦ

2225 1519 2384 1587 παρὰ
2429 1518 2610 1586 Ἐμὼρ
2641 1517 2746 1570 τοῦ
2776 1519 3000 1585 πατρὸς
3030 1516 3232 1585 Συχὲμ
3264 1517 3482 1569 ἑκατὸν
3510 1518 3717 1585 ἁμνῶν
3751 1532 3775 1559 c
3799 1539 3815 1552 ο

2225 1602 2324 1655 καὶ
2349 1602 2618 1667 ἔστησεν
2648 1600 2776 1653 ἐκεῖ
2796 1601 3251 1676 θυσιαστήριον,
3276 1600 3372 1652 καὶ
3400 1601 3818 1657 ἐπεκαλέσατο

2213 1685 2331 1739 τὸν
2363 1686 2510 1744 Θεὸν
2538 1684 2646 1737 τοῦ
2702 1683 2960 1750 Ἰσραήλ.
2998 1683 3087 1753 Mi}
3137 1683 3325 1744 ἁπλῶς
3372 1686 3820 1754 παρατρέχωμεν

2223 1769 2290 1823 τὰ
2311 1771 2368 1821 ἐν
2397 1771 2517 1831 ταῖς
2552 1768 2724 1830 θείαις
2755 1769 2998 1837 Γραφαῖς
3019 1767 3268 1834 κείμενα.
3300 1767 3362 1818 Εἰ
3393 1766 3502 1836 γάρ
3529 1771 3576 1819 οἱ
3613 1769 3680 1820 τὰ
3707 1769 3821 1838 ψή-

2224 1871 2408 1924 γματα
2431 1853 2524 1906 τοῦ
2555 1852 2780 1923 χρυσίου
2816 1853 2880 1906 ἐκ
2913 1851 3015 1920 τῆς
3046 1854 3148 1920 γῆς
3170 1849 3557 1920 ἀνορύττοντες
3578 1891 3593 1914 ,
3633 1854 3820 1906 πάντα

2225 1937 2384 1990 πόνον
2407 1937 2762 2006 ὑπομένουσι,
2795 1935 2891 1988 καὶ
2925 1935 3145 1988 πάντων
3171 1934 3455 2003 ἀνέχονται
3485 1934 3593 1988 τῶν
3624 1935 3822 2005 δυσχε-

2227 2021 2336 2091 ρῶν
2361 2061 2374 2080 ,
2417 2020 2556 2073 ὥστε
2604 2020 2899 2090 δυνηθῆναι
2927 2018 3027 2087 τῆς
3059 2019 3163 2087 γῆς
3192 2020 3423 2089 χωρίσαι
3468 2020 3526 2071 τὸ
3551 2021 3784 2090 χρυσίον
3806 2038 3819 2050 ·

2225 2101 2402 2172 πολλῷ
2453 2103 2650 2172 μᾶλλον
2696 2104 2844 2172 ἡμᾶς
2891 2101 3098 2154 δίκαιον
3151 2101 3216 2154 ἂν
3264 2103 3348 2170 εἴη
3390 2102 3456 2155 τά
3509 2103 3667 2170 λόγια
3719 2105 3822 2156 τοῦ

2225 2187 2540 2257 ΙΙνεύματος
2565 2184 2962 2256 διερευνᾶσθαι,
3003 2187 3098 2236 καὶ
3119 2185 3216 2255 τὴν
3239 2185 3298 2251 ἐξ
3332 2185 3511 2238 αὐτῶν
3541 2185 3825 2254 ὠφέλειαν

2225 2270 2694 2342 καρπωσαμένους
2714 2311 2729 2335 ,
2760 2267 2933 2331 οῦτως
2959 2268 3206 2320 ἐντεῦθεν
3229 2269 3448 2332 ἐξιέναι.
3496 2270 3695 2322 Ἐννόει
3725 2287 3826 2339 μοι

2221 2354 2398 2406 τοίνυν
2423 2353 2516 2406 τοῦ
2554 2352 2864 2422 θαυμαστοῦ
2896 2351 3086 2404 τούτου
3116 2352 3306 2422 ἀνδρὸς
3339 2354 3438 2424 τήν
3469 2354 3824 2421 φιλοσοφίαν,

2222 2437 2370 2499 ὅπως
2404 2433 2670 2505 τοσαύτης
2711 2435 2995 2487 ἀπολαύων
3050 2436 3148 2504 τῆς
3197 2435 3403 2488 ἄνωθεν
3458 2436 3668 2506 ῥοπῆς,
3720 2439 3829 2490 καὶ

2220 2519 2362 2589 ὁρῶν
2413 2518 2603 2570 ἐαυτοῦ
2651 2517 2748 2585 τὴν
2799 2517 3115 2588 περιουσίαν
3149 2517 3518 2588 αὐξομένηνά,
3551 2521 3650 2588 τὴν
3704 2520 3829 2571 τῶν

2221 2601 2554 2670 θρεμμάτων
2580 2599 2723 2666 λέγω
2745 2641 2757 2660 ,
2791 2603 2884 2652 καὶ
2911 2599 3181 2652 τοσούτων
3229 2602 3436 2654 παίδων
3476 2599 3635 2671 χορὸν
3660 2599 3823 2669 αὐτῷ

2221 2683 2584 2754 περιεστῶτα,
2619 2685 2677 2734 ού
2717 2685 2845 2752 περὶ
2871 2682 3158 2752 οἰκοδομάς
3195 2683 3456 2754 λαμπράς
3490 2684 3683 2736 ἐαυτὸν
3731 2685 3812 2750 ἐξ-

2219 2768 2441 2831 έδωκεν,
2460 2769 2577 2820 ούδέ
2610 2769 2809 2838 ἀγροὺς
2826 2769 2920 2819 καὶ
2943 2767 3132 2836 κώμας
3161 2766 3476 2837 ὠνήσασθαι
3509 2768 3822 2820 ἐσπούδασε

2217 2852 2550 2923 δυναμένους
2582 2851 2813 2920 ἀρκέσαι
2847 2851 2982 2921 πρὸς
3023 2850 3119 2920 τὴν
3150 2849 3410 2920 διανομὴν
3447 2850 3554 2901 τῶν
3579 2849 3820 2902 παίδων.

2219 2935 2405 2988 Ταῦτα
2436 2934 2544 3004 γάρ
2567 2934 2663 2986 καὶ
2693 2935 2760 2985 τά
2794 2933 3016 2985 τοιαῦτα
3039 2934 3087 2984 οἱ
3112 2930 3206 2985 νῦν
3229 2934 3360 3003 ἡμῖν
3390 2933 3822 3002 προϐάλλονται,

2219 3019 2310 3070 καὶ
2335 3018 2432 3070 ἐνα
2456 3019 2714 3078 πολλάκις
2741 3034 2824 3077 τις
2855 3015 3104 3086 ἐσχηκὼς
3134 3017 3248 3069 υἱὸν
3279 3017 3447 3087 μυρία
3474 3016 3543 3069 τὰ
3568 3017 3825 3071 τάλαντα

2217 3100 2442 3171 χρυσίου
2471 3100 2747 3168 συλλέγειν
2787 3099 3095 3163 σπουδάζει,
3138 3099 3231 3152 καὶ
3262 3100 3466 3170 ἀγροὺς
3488 3100 3822 3170 ὠνήσασθαι

2217 3185 2312 3236 καὶ
2356 3184 2648 3253 οἰκοδομὰς
2697 3184 3018 3252 περιφανεῖς
3072 3183 3524 3247 κατασκευάζειν.
3556 3185 3666 3236 Καὶ
3697 3185 3821 3237 εἴθε

2217 3269 2281 3319 ἐκ
2309 3266 2532 3318 δικαίων
2565 3267 2760 3324 πόνων,
2793 3267 2885 3318 καὶ
2923 3265 3051 3316 ἄνευ
3089 3265 3304 3328 ἀδικίας
3341 3265 3547 3318 τούτων
3573 3268 3671 3337 τὴν
3710 3285 3822 3320 πεο

2220 3351 2462 3421 ριουσίαν
2500 3350 2784 3418 συνέλεγεν
2805 3367 2818 3379 ·
2852 3349 2989 3402 ἀλλά
3009 3350 3067 3401 τὸ
3094 3349 3230 3418 βαρὺ
3265 3350 3357 3402 καὶ
3387 3352 3606 3403 πάντων
3639 3351 3824 3404 δεινὸ-

2215 3451 2372 3504 τερον
2397 3474 2410 3497 ,
2445 3434 2526 3485 ὅτι
2569 3433 2789 3503 ἐτέρους
2817 3432 3082 3503 ἁρπάζων
3105 3475 3120 3497 ,
3163 3432 3255 3485 καὶ
3285 3433 3624 3486 πλεονεκτῶν
3647 3475 3662 3495 ,
3718 3439 3824 3488 καὶ

2219 3517 2519 3586 πράγματα
2574 3517 2902 3586 ⁴συῤῥάπτων
2925 3557 2939 3576 ,
2975 3515 3116 3567 οὕτω
3144 3516 3243 3577 τὰς
3276 3517 3477 3586 ἐτέρων
3510 3518 3700 3580 οὐσίας
3735 3523 3822 3580 εἰς

2216 3601 2405 3652 ἑαυτὸν
2437 3600 2744 3668 μεθίστησι.
2776 3600 2886 3652 Καὶ
2919 3600 3014 3651 ἐάν
3050 3616 3134 3661 τις
3167 3600 3391 3669 ἔρηται·
3427 3601 3585 3664 Τίνος
3619 3603 3822 3654 ἕνεκεν

2213 3685 2245 3754 ή
2288 3683 2523 3752 τοσαύτη
2561 3683 2670 3734 τῶν
2701 3684 2998 3753 χρημάτων
3037 3685 3242 3752 μανία;
3283 3685 3486 3748 εὐθέως
3515 3687 3607 3739 τὸν
3644 3689 3822 3740 παῖδα

2215 3768 2600 3836 προϐάλλεται,
2629 3768 2720 3818 καὶ
2753 3767 2842 3818 διὰ
2862 3767 2958 3836 τὴν
2993 3768 3123 3836 περὶ
3155 3769 3363 3820 ἐκεῖνον
3394 3767 3606 3822 εὔνοιαν
3635 3769 3822 3822 ταῦτά

2214 3869 2348 3920 φησι
2376 3850 2824 3919 διαπράττεσθαι.
2855 3851 2963 3902 Καὶ
3003 3845 3159 3913 0610;
3199 3851 3300 3920 μὲν
3328 3852 3431 3904 κᾶν
3467 3855 3634 3907 παῖδα
3672 3873 3822 3923 προ-

2214 3935 2542 4004 ϐαλλόμενος
2570 3934 2741 3985 ταῦτα
2767 3934 3123 4001 ἀφοσιοῦται,
3155 3935 3278 4004 εἰκῆ
3321 3937 3414 3989 καὶ
3454 3939 3653 4007 μάτην.
3689 3940 3820 3991 Εξτὶ

2214 4017 2269 4068 δὲ
2315 4017 2363 4068 οἳ
2417 4018 2551 4086 μηδέ
2589 4017 2784 4077 παῖδας
2811 4017 3024 4086 ἔχοντες
3081 4020 3357 4089 μεμήνασι
3406 4026 3536 4092 περὶ
3568 4022 3667 4092 τὴν
3699 4024 3819 4074 τῶν

2215 4101 2511 4169 χρημάτων
2535 4100 2816 4170 συλλογὴν,
2844 4102 2936 4153 καὶ
2959 4102 3221 4171 μυριάκις
3251 4103 3314 4156 ἂν
3348 4104 3552 4158 ἕλοιντο
3595 4107 3663 4158 τά
3713 4108 3817 4159 ἀν-

2147 4195 2160 4206 "
2214 4186 2419 4252 ήκεστα
2472 4183 2797 4252 ὑπομεῖναι,
2835 4185 2866 4254 ἢ
2912 4185 3006 4237 ἕνα
3047 4186 3232 4238 ὀϐολὸν
3262 4188 3521 4256 προέσθαι
3560 4191 3668 4242 τινὶ
3704 4193 3820 4244 τᾶν

2213 4266 2502 4336 δεομένων.
2548 4267 2687 4319 Ἀλλ’
2723 4269 2749 4319 ό
2786 4267 2994 4330 δίκαιος
3018 4263 3173 4330 0610;
3203 4270 3354 4322 οὐδὲν
3387 4271 3629 4324 τοιοῦτον
3654 4272 3820 4326 ἐδου-

2214 4348 2459 4411 λεύσατο,
2485 4349 2604 4401 οὐδὲ
2632 4350 2935 4419 ἐνενόησεν,
2967 4351 3104 4403 ἀλλά
3134 4353 3226 4404 καὶ
3251 4352 3416 4422 ἡνίκα
3450 4354 3559 4406 ἔδει
3600 4354 3818 4426 βραχὺν

2213 4432 2380 4501 ἀγρὸν
2432 4433 2782 4502 ὠνήσασθαι,
2835 4435 3030 4488 ἑκατὸν
3073 4436 3280 4504 ἀμνούς
3333 4437 3486 4499 δοὺς,
3534 4438 3678 4491 οὕτω
3715 4441 3817 4493 τοῦ

2212 4513 2382 4585 ἀγροῦ
2422 4515 2520 4583 τὴν
2556 4517 2750 4586 μερίδα
2779 4517 3028 4586 ὠνήσατο
3061 4518 3216 4586 ’παρά
3250 4519 3436 4590 Ἑμὼρ
3468 4520 3562 4572 τοῦ
3601 4527 3818 4591 πατρί-ς

2213 4597 2414 4668 Συχέμ.
2449 4598 2559 4650 Kal
2585 4601 2686 4668 ὅρα
2739 4598 2832 4651 τοῦ
2863 4600 3057 4670 ἀνδρὸς
3110 4601 3172 4652 τὸ
3213 4602 3490 4670 φιλόθεον,
3523 4605 3618 4656 καὶ
3660 4606 3815 4666 τίνος

2212 4679 2399 4733 ἕνεκεν
2428 4682 2596 4751 ἀγρὸν
2638 4683 2820 4734 λαϐεῖν
2864 4683 3187 4737 ἐσπούδασε.
3224 4686 3331 4739 Καὶ
3363 4687 3634 4752 ἔστησεν
3659 4690 3813 4748 ἐκεῖ,

2213 4767 2380 4835 φησὶ,
2421 4765 2884 4833 θυσιαστήριον,
2923 4769 3020 4820 καὶ
3063 4767 3476 4823 ἐπεκαλέσατο
3518 4772 3625 4822 τὸν
3655 4776 3816 4825 θεὼ·

2210 4848 2317 4900 τοῦ
2356 4848 2624 4917 Ἰσραήλ·
2674 4851 2769 4902 καὶ
2814 4849 2906 4902 τοῦ
2958 4851 3131 4920 ἀγροῦ
3179 4853 3277 4921 τὴν
3325 4853 3519 4922 μερίδα
3554 4854 3620 4905 δι’
3653 4857 3814 4908 οὐδὲν

2211 4929 2396 5002 ἕτερον
2440 4932 2722 5002 ὠνήσατο,
2787 4934 2819 5002 ἢ
2859 4935 2944 4986 ἵνα
2995 4936 3094 4998 τὰς
3147 4936 3494 5007 εὐχαριστίας
3525 4937 3678 5010 [571]
3715 4942 3815 4992 ἀν-

2210 5015 2406 5087 ενέγκῃ
2432 5014 2510 5085 τῷ
2548 5016 2713 5086 κοινῷ
2752 5019 2968 5070 πάντων
3009 5021 3274 5092 Δεσπότη.
3307 5020 3507 5074 Τοῦτον
3553 5023 3812 5088 ἃπαντας

2209 5097 2377 5168 ἐχρῆν
2405 5098 2599 5168 ζηλοῦν
2625 5101 2751 5163 τοὺς
2793 5103 2851 5152 ἐν
2899 5105 2964 5172 τῇ
3003 5104 3185 5172 χάριτι
3215 5104 3306 5155 τὸν
3340 5105 3445 5174 πρὸ
3480 5104 3571 5157 106
3612 5107 3807 5176 νόμου,

2209 5181 2302 5232 καὶ
2333 5180 2406 5252 μὴ
2438 5180 2580 5234 οὕτω
2615 5183 2899 5252 μαίνεσθαι
2925 5185 3052 5254 περὶ
3077 5185 3173 5254 τὴν
3201 5185 3309 5238 τῶν
3348 5189 3646 5258 χρημάτων
3679 5193 3814 5244 συλ-

2208 5261 2392 5334 λογήν.
2415 5265 2571 5328 Τίνος
2600 5267 2707 5336 γὰρ
2733 5265 2941 5331 ἕνεκεν,
2964 5267 3086 5319 εἰπέ
3115 5285 3224 5338 μοι,
3248 5271 3342 5322 καὶ
3363 5271 3538 5342 ἐαυτῷ
3559 5273 3813 5328 τοσαῦτα

2203 5350 2398 5417 φορτία
2429 5351 2678 5402 ἀκανθῶν
2707 5353 2983 5421 συνάγεις,
3011 5355 3105 5408 καὶ
3130 5359 3245 5421 τοῖς
3281 5360 3516 5426 παιδίοις
3538 5366 3653 5423 τοῖς
3681 5370 3802 5430 σοῖς

2204 5431 2334 5503 ὕλην
2359 5435 2554 5521 κακίας
2573 5437 2666 5489 καὶ
2687 5437 2943 5491 ὑπόθεσιν
2963 5441 3396 5512 καταλιμπάνων
3414 5448 3514 5499 οὐκ
3535 5449 3799 5521 αίσθάνηζ

2203 5515 2314 5568 Ούκ
2346 5512 2490 5582 οἶδας
2517 5519 2597 5572 ὅτι
2628 5521 2721 5573 σοῦ
2748 5522 2948 5590 μᾶλλον
2977 5524 3200 5594 κήδεται
3222 5526 3316 5579 τοῦ
3348 5527 3440 5580 σοῦ
3474 5531 3690 5594 παιδὸς,

2267 5627 2528 5704 Ῠλίίῖκατδν
2567 5633 2966 5704 ἀμνῶνιέεηηυπ
3007 5635 3169 5702 σθηίει
3213 5637 3265 5686 In
3312 5637 3560 5704 Ηθὶπᾷίοο
3605 5641 3807 5704 legitur

2444 5704 2608 5752 mgna
2653 5709 2665 5751 :
2707 5699 2793 5743 alii
2819 5699 3254 5758 vortunt,'centum
3277 5701 3505 5752 nummis.

2263 5775 2287 5812 ἀ
2314 5773 2412 5825 Δι’ἱί
2434 5777 2764 5840 αὐξανομένην.
