4038 6358
170 408 285 462 513

176 518 278 569 tari
303 526 361 569 et
392 514 782 583 reprehendere
810 512 1133 579 negligentes
1156 511 1357 573 volens,
1376 508 1504 562 dicit
1528 525 1540 558 :
1575 505 1758 559 Nonne

174 617 225 659 et
258 608 517 677 pubiicani
540 607 671 658 idem
702 604 935 676 faciunt?
956 604 1349 669 Quemcumque
1379 600 1517 653 enim
1556 599 1768 667 ignavo-

177 708 304 749 rum
332 697 627 763 sumpseris
648 738 660 753 .
687 710 860 747 nonne
893 695 993 746 hoc
1020 692 1178 745 facit?
1223 691 1405 744 Nonne
1425 702 1476 744 et
1505 688 1766 758 publicani

176 802 383 851 magno
423 787 597 838 stmlio
638 785 750 837 haec
803 782 1032 836 faciunt?
1076 782 1209 848 Quid
1262 790 1436 834 autem
1495 780 1770 845 publicano

177 877 461 930 deterius?
506 880 748 927 Attamen
792 874 1026 926 invenies
1068 888 1187 925 eum
1235 871 1334 923 hoc
1371 870 1614 922 omnibus
1658 885 1771 921 mo-

182 970 270 1019 dis
317 967 643 1029 observare,
687 976 737 1017 et
773 980 874 1016 non
905 975 980 1015 est
1017 963 1262 1030 possibile
1304 972 1358 1012 ut
1397 976 1498 1012 non
1538 958 1773 1011 redamct

187 1058 281 1122 qui
314 1064 545 1108 amatur.
594 1055 704 1122 Ego
733 1062 906 1106 autem
944 1054 1062 1120 quia
1101 1061 1149 1103 et
1190 1052 1507 1103 excelsiores
1535 1064 1626 1101 vos
1653 1062 1771 1100 esse

186 1148 335 1210 volo,
360 1154 414 1200 et
432 1144 627 1211 aliquid
648 1144 873 1211 amplius
895 1141 1110 1205 habere,
1133 1156 1235 1193 non
1260 1140 1357 1193 hoc
1377 1139 1660 1201 admoneo,
1679 1134 1773 1189 sed

188 1247 247 1289 ut
290 1238 537 1290 inimicos
569 1235 817 1303 diligatis.
848 1233 901 1286 ld
928 1232 1066 1301 quod
1097 1232 1280 1285 beatus
1307 1230 1392 1284 ille
1418 1239 1539 1283 ante
1569 1228 1770 1297 legem,

192 1341 320 1381 ante
342 1329 635 1381 doctrinam
670 1326 735 1379 ab
760 1325 876 1377 aliis
897 1332 1164 1391 acceptam
1188 1330 1375 1390 spente
1404 1335 1497 1374 sua
1528 1320 1649 1373 fecit
1676 1336 1688 1371 :
1722 1325 1775 1369 et

197 1428 419 1487 prepter
447 1418 792 1471 excellentem
833 1412 1286 1466 mansuetudinem
1330 1411 1473 1477 prius
1508 1408 1777 1476 superavit

198 1508 404 1573 Laban,
446 1522 587 1561 nunc
623 1515 797 1559 autem
840 1512 895 1558 et
937 1503 1171 1557 fratrem.
1211 1501 1339 1555 Nam
1385 1501 1507 1554 licet
1544 1513 1777 1565 superno

195 1599 452 1670 prmsidio
479 1597 645 1652 fretus
676 1596 849 1661 fuerit,
876 1604 1108 1647 attamen
1138 1593 1277 1662 quod
1308 1607 1461 1647 suum
1492 1600 1604 1644 erat
1633 1590 1776 1658 prius

196 1689 437 1742 exhibuit
462 1685 555 1758 (a).
576 1686 649 1739 lta
678 1700 805 1739 sane
828 1697 879 1738 et
900 1698 997 1737 nos
1023 1683 1429 1752 persuadeamus
1456 1680 1627 1745 nobis,
1656 1680 1778 1732 lieet

200 1780 393 1833 millies
442 1780 745 1843 enitamur,
783 1775 915 1829 nihil
957 1784 1132 1828 tamen
1183 1788 1399 1842 prorsus
1437 1781 1579 1825 recte
1619 1785 1777 1839 agere

203 1884 382 1937 posse,
414 1868 514 1921 nisi
546 1881 775 1934 superno
810 1865 1007 1918 auxilio
1041 1863 1269 1931 adiutos.
1312 1862 1459 1917 Sicut
1500 1862 1641 1915 enim
1677 1860 1778 1913 nisi

204 1962 293 2014 illo
323 1960 559 2013 subsidio
584 1957 856 2023 fruamur,
885 1956 1013 2009 nihil
1049 1970 1294 2024 umquam
1328 1969 1607 2023 possumus
1638 1963 1779 2005 recte

200 2068 359 2121 agere
386 2069 399 2104 :
431 2051 499 2104 ita
523 2051 618 2104 nisi
645 2048 785 2118 quod
814 2058 1052 2101 nostrum
1082 2056 1162 2101 est
1185 2047 1535 2111 attulerimus,
1560 2060 1661 2097 non
1688 2059 1779 2113 po-

204 2144 425 2197 terimus
472 2157 759 2211 supernum
809 2139 1061 2192 auxilium
1099 2138 1357 2191 obtinere.
1404 2137 1597 2190 Demus
1626 2134 1784 2204 igitur

205 2250 423 2303 operam
454 2243 509 2287 ut
534 2243 586 2287 et
612 2242 788 2285 nostra
819 2230 1129 2293 efferamus.
1158 2242 1212 2284 et
1237 2245 1523 2298 supernum
1551 2229 1779 2281 favorem

203 2326 521 2388 alliciamns,
545 2334 597 2377 ut
618 2334 670 2377 et
691 2339 757 2378 ex
781 2332 962 2377 nostro
984 2322 1157 2376 studio
1182 2331 1234 2376 et
1259 2337 1322 2375 ex
1348 2320 1437 2375 Dei
1467 2320 1727 2389 benignita
1754 2333 1784 2373 e

208 2417 439 2469 virtutes
471 2424 663 2469 nostra:
693 2414 927 2483 quotidie
952 2421 1231 2477 crescant,
1262 2414 1529 2481 multaque
1554 2426 1782 2479 superna

204 2506 448 2559 fruamur
470 2507 655 2573 gratia.
688 2506 836 2571 Quod
865 2504 1016 2558 nobis
1040 2504 1282 2557 omnibus
1303 2502 1644 2561 eunccdatur,
1666 2516 1777 2567 gra-

204 2600 273 2649 tia
306 2608 359 2650 et
390 2597 706 2666 benignitate
734 2596 938 2647 Domini
970 2595 1134 2647 nostri
1161 2594 1282 2648 Jesu
1310 2593 1527 2658 Christi,
1556 2592 1638 2644 cui
1665 2606 1783 2643 eum

206 2692 362 2744 Patre
394 2700 444 2742 et
472 2699 653 2742 sancto
679 2689 874 2757 Spiritu
917 2687 985 2741 sit
1021 2686 1183 2756 gloria
1203 2727 1217 2752 ,
1248 2686 1525 2754 imperium
1549 2725 1564 2749 ,
1592 2683 1782 2746 honor,

206 2797 349 2835 nunc
372 2790 429 2835 et
452 2796 681 2849 semper,
708 2788 761 2832 et
786 2779 837 2832 in
870 2778 1060 2831 smcula
1090 2776 1422 2831 sazculorum.
1453 2776 1642 2829 Amen.

776 2907 1055 2963 IIOMILIA
1092 2905 1229 2961 LIX.

208 3020 275 3075 Et
313 3023 447 3075 venit
466 3021 626 3075 Jacob
660 3021 733 3092 (b)
759 3022 810 3073 in
847 3018 1019 3073 Solem
1047 3019 1293 3071 civitatem
1315 3017 1627 3072 Secimorum
1667 3016 1716 3079 ¹,
1745 3025 1788 3067 et

279 3115 401 3167 emit
420 3122 609 3180 partem
634 3112 744 3180 agri
759 3111 819 3163 ab
836 3110 994 3164 Emor
1011 3119 1151 3179 patre
1172 3108 1389 3179 Sycliem
1400 3120 1593 3161 centum
1612 3106 1753 3175 agnis
1774 3122 1790 3159 :

282 3216 326 3261 et
348 3205 501 3261 erexit
519 3205 586 3259 ξω
614 3204 801 3269 altare,
832 3212 874 3256 et
901 3201 1143 3256 invocavit
1167 3198 1325 3253 Deum
1354 3197 1518 3253 Israel
1536 3196 1683 3271 (Gen.
1701 3199 1789 3252 55.

285 3296 505 3367 13-20).

284 3393 336 3445 1.
380 3390 596 3443 Vidistis
624 3388 735 3440 heri
765 3396 819 3441 et
849 3388 1011 3440 nostri
1054 3387 1285 3440 omnium
1322 3385 1523 3438 Domini
1548 3385 1793 3436 eximiam

207 3481 569 3543 clementiam,
592 3488 645 3533 et
663 3478 1038 3548 discipulorum
1070 3475 1478 3545 philosophiam,
1504 3484 1557 3529 et
1585 3474 1795 3527 Juda'o-

211 3590 330 3629 rum
358 3573 618 3641 ingratum
644 3568 917 3621 animum?
944 3567 1156 3620 Vidistis
1181 3573 1373 3636 quanta
1398 3580 1515 3618 cum
1542 3564 1793 3633 patientia

212 3679 403 3718 eorum
460 3661 817 3729 impudentem
866 3659 1140 3713 audaciam
1189 3658 1558 3711 obmutescere
1601 3657 1793 3723 coogit,

212 3770 337 3809 cum
379 3769 505 3807 suos
533 3762 810 3806 excusaret
838 3750 1127 3819 discipulos
1148 3791 1161 3814 ,
1194 3760 1499 3802 monstrans
1536 3748 1677 3816 ipsos
1705 3746 1793 3815 qui

215 3846 389 3914 legem
421 3843 689 3896 vindicare
716 3842 982 3904 volebant,
1009 3840 1136 3909 legis
1162 3840 1490 3893 voluntatem
1533 3839 1796 3906 ignorare,

217 3946 273 3991 et
314 3934 608 3989 irradiante
638 3935 860 3988 veritate
880 3975 893 3999 ,
919 3933 1092 3986 adhuc
1131 3932 1332 3985 umbra:
1355 3931 1591 3985 assidere
1619 3931 1798 3983 velle?

220 4028 441 4081 Vidistis
472 4026 736 4095 quomodo
773 4026 880 4093 jam
921 4025 1043 4079 inde
1088 4024 1153 4078 ab
1190 4024 1339 4077 initio
1388 4023 1792 4077 observationes

220 4119 419 4188 legales
468 4117 676 4170 auferre
715 4116 992 4180 studebat,
1044 4114 1242 4168 docens
1281 4129 1406 4178 eos,
1453 4122 1640 4167 exorto
1688 4113 1800 4165 SttIc

216 4210 460 4279 juslilim,
491 4208 723 4261 lucernae
752 4207 927 4260 lumen
960 4206 1088 4259 nihil
1115 4206 1222 4275 jam
1249 4204 1461 4259 efficere
1490 4220 1643 4273 posse
1663 4204 1685 4258 ?
1704 4204 1800 4257 .Iu-

223 4302 321 4356 bar
346 4300 488 4352 enim
517 4298 705 4352 solaris
733 4297 953 4350 luminis
981 4296 1121 4366 quod
1161 4295 1366 4349 accedit
1387 4336 1400 4358 ,
1428 4294 1529 4348 hoc
1555 4296 1681 4362 tegit
1702 4337 1715 4357 ,
1749 4303 1802 4347 et

221 4393 394 4446 videri
427 4407 530 4444 non
559 4390 703 4443 sinit.
729 4387 996 4442 Didicistis
1036 4386 1303 4457 quomodo
1329 4385 1582 4454 possibile
1609 4386 1713 4441 sit.
1746 4394 1801 4438 ut

224 4482 374 4535 feriae
400 4488 670 4550 perpetua:
698 4486 940 4548 agantur,
970 4486 1023 4531 et
1050 4493 1078 4530 a
1105 4485 1401 4545 temporum
1427 4476 1801 4529 observatione

226 4574 533 4629 liberemur.
557 4571 687 4625 Nam
734 4579 947 4639 propter
987 4570 1089 4622 hoc
1117 4568 1261 4622 venit
1303 4568 1557 4620 Dominus
1598 4578 1799 4631 noster,

226 4676 285 4719 ut
315 4679 414 4717 nos
445 4664 693 4716 liberaret
721 4677 749 4713 a
782 4671 1081 4727 temporum
1127 4659 1445 4713 necessitate
1482 4676 1493 4710 :
1525 4668 1578 4711 et
1624 4658 1803 4711 eflire-

229 4767 330 4823 rct,
354 4765 409 4810 ut
437 4756 595 4808 altius
624 4756 976 4818 evolaremus,
1006 4762 1060 4807 et
1084 4752 1193 4821 jam
1235 4754 1286 4806 in
1315 4752 1448 4806 caelo
1490 4750 1803 4805 haberemus

231 4850 613 4917 municipatum
637 4888 651 4912 ,
682 4856 735 4900 ct
763 4862 882 4899 cum
910 4846 1083 4899 adhuc
1112 4844 1353 4899 homines
1391 4860 1603 4908 sumus,
1626 4846 1803 4912 Ange-

293 4989 309 5019 ι
346 4992 487 5034 Juxta
507 4983 646 5055 savii.
664 4983 926 5045 legendum
942 4989 1090 5040 esset,
1110 4980 1427 5042 sicemorum;
1452 4990 1504 5031 et
1520 4984 1655 5042 juxta
1673 4984 1810 5043 quin-

222 5062 323 5111 que
351 5057 477 5106 .uss.,
499 5056 796 5094 Smnwrum.

287 5131 364 5191 (α)
400 5133 514 5191 Nota
536 5140 644 5189 quae
666 5132 937 5189 sequuntur
956 5128 1122 5173 contra
1142 5136 1229 5172 eos
1257 5125 1337 5187 qui
1354 5124 1589 5187 Cbrysost.
1618 5123 1809 5184 Pelagio

220 5189 394 5240 favere
417 5189 600 5237 dicunt.

290 5254 368 5313 to)
398 5258 531 5313 itane
558 5247 797 5313 homiiiam
818 5247 985 5313 habuit
1007 5244 1253 5313 postridie,
1286 5251 1342 5313 ut
1363 5245 1640 5313 __ini_tio_ait,
1665 5257 1808 5313 quam

222 5305 368 5363 aliam
394 5312 649 5365 habuerat,
669 5311 747 5356 ubi
776 5309 957 5356 Domini
981 5305 1257 5355 clementia.
1277 5310 1327 5353 et
1345 5305 1808 5366 discipulortnniphi-

224 5374 449 5434 tosnphia
474 5372 812 5434 exhibebatur,
839 5369 1105 5434 Judzeormn
1128 5368 1345 5434 ingratus
1367 5365 1554 5434 animus
1593 5365 1806 5434 decium-

222 5427 387 5489 batur,
412 5435 728 5482 incusantium
752 5427 1038 5489 discipulos;
1074 5441 1167 5489 qua
1192 5427 1253 5474 de
1283 5440 1338 5475 re
1372 5428 1646 5489 incusarent
1684 5428 1808 5475 haud

223 5488 422 5543 dillicile
448 5501 523 5541 est
540 5493 781 5553 augurari,
824 5488 948 5551 quod
990 5488 1417 5553 tameJahorantes
1452 5488 1571 5553 _dutn
1596 5502 1683 5547 per
1706 5496 1809 5535 sata

225 5558 496 5605 transirent
519 5548 723 5601 Sabl'iato
763 5548 916 5612 sinicas
956 5548 1199 5612 vellerent
1223 5558 1273 5597 et
1296 5548 1628 5612 comederent,
1668 5562 1811 5612 quam

227 5621 427 5665 'nventti
453 5615 776 5671 frugalitatem
791 5610 877 5659 hic
896 5620 945 5659 et
959 5611 1064 5659 aliis
1104 5612 1151 5658 in
1188 5610 1303 5657 locis
1325 5610 1682 5671 (hrysostomus
1706 5610 1811 5671 phi-

228 5676 495 5737 losoldiiam
519 5670 671 5723 vocat.
706 5676 975 5737 Judieorum
1016 5684 1133 5720 vero
1169 5670 1666 5737 audaciatu'heoercuit
1688 5670 1812 5737 illiri-

228 5730 355 5792 stus,
380 5745 435 5784 ut
457 5737 835 5805 ibidemnarrat
868 5734 1238 5794 Chrysostomus.
1286 5730 1531 5779 Homiliam
1565 5742 1705 5792 [orro
1736 5730 1815 5779 hic

230 5805 547 5847 meum)an
569 5808 831 5846 amisimus.

1185 400 1247 454 IN
1285 399 1433 455 CAP.
1476 397 1715 453 XXXIII.
1754 397 1992 453 CENES.
2026 398 2252 452 IIOMIL.
2296 398 2431 467 LIX.

3344 403 3443 457 5M

1874 506 2045 559 lorum
2096 507 2425 561 imitaremur
2469 508 2660 573 vitam,
2710 523 2772 562 ac
2826 524 2910 562 res
2955 508 3214 565 humanas
3259 525 3446 566 omnes

1874 596 2235 649 irrideremus.
2265 600 2375 666 Age
2400 598 2576 662 hodie,
2602 598 2644 652 si
2675 600 2913 665 videtur,
2939 604 3131 654 seriem
3159 602 3445 655 verborum

1875 684 2011 738 beati
2045 687 2201 740 Musis
2247 698 2564 756 Sequenles,
2596 704 2657 742 ea
2693 707 2809 757 qum
2853 693 3215 758 superioribus
3256 692 3448 747 diebus

1874 776 2009 829 dicta
2041 787 2353 845 sequuntur,
2386 788 2692 845 tractemus,
2724 791 2778 833 et
2806 781 2926 834 inde
2954 782 3100 834 vobis
3122 797 3449 850 apponamus

1876 868 2196 919 convivium.
2230 868 2388 921 Scitis
2413 870 2552 922 enim
2584 884 2683 922 nos
2703 911 2716 931 ,
2750 886 2868 923 cum
2898 872 3143 925 rediisset
3176 888 3243 925 ex
3273 872 3449 926 Meso-

1876 960 2108 1028 potamia
2128 960 2313 1024 Jacob,
2336 969 2391 1013 et
2417 971 2721 1014 occurreret
2747 960 2929 1023 fratri,
2959 972 3013 1015 et
3055 964 3244 1016 iterum
3289 964 3356 1015 ab
3384 979 3449 1016 co

1877 1060 2234 1117 separaretur,
2264 1060 2316 1103 et
2344 1051 2434 1103 ille
2472 1050 2684 1120 quidem
2734 1052 2783 1103 iu
2816 1052 2933 1105 Seir
2965 1063 3197 1105 montem
3225 1060 3449 1106 conten-

1877 1139 2058 1203 deret,
2087 1140 2251 1193 .Iacob
2280 1152 2456 1195 autem
2490 1144 2825 1196 tabernacula
2858 1146 3069 1212 figeret,
3095 1155 3148 1197 et
3175 1146 3345 1197 locum
3385 1147 3452 1199 ab

1878 1239 2069 1284 eventu
2100 1232 2457 1286 Tabernacula
2488 1244 2703 1288 vocaret
2723 1276 2739 1300 ,
2771 1250 3070 1288 sermonem
3107 1234 3193 1288 hic
3232 1236 3449 1289 missum

1879 1321 2111 1377 fecisse:
2149 1323 2268 1377 ideo
2292 1340 2424 1392 opus
2464 1334 2545 1378 est
2588 1334 2644 1378 ut
2688 1326 2960 1394 sequentia
2997 1342 3093 1393 pro
3122 1326 3318 1379 viribus
3355 1343 3453 1379 no-

1881 1414 2004 1466 stris
2049 1423 2364 1476 tractantcs,
2390 1414 2684 1467 doctrinam
2714 1417 2863 1468 vobis
2896 1417 3255 1485 relinquamus
3296 1418 3453 1485 spiri-

1881 1505 2097 1557 tualem.
2152 1504 2380 1559 Securus
2428 1507 2567 1560 enim
2619 1507 2830 1560 tandem
2874 1507 3042 1560 factus
3084 1509 3274 1575 justus,
3300 1519 3351 1562 ct
3389 1510 3455 1561 ah

1881 1595 2025 1647 omni
2058 1597 2250 1649 mentis
2292 1611 2489 1665 angore
2534 1597 2821 1661 liberatus,
2854 1600 2941 1653 18.
2978 1599 3138 1663 Venit,
3170 1601 3371 1666 inquit,
3403 1602 3456 1652 in

1882 1686 2123 1736 civitatem
2149 1676 2461 1739 Serimornin
2484 1727 2495 1746 ,
2529 1688 2613 1741 i9.
2646 1697 2688 1739 et
2709 1691 2826 1740 emit
2853 1700 3043 1759 partem
3065 1693 3175 1759 agri
3200 1690 3260 1742 ab
3307 1690 3456 1743 Emor

1885 1785 2027 1841 patre
2051 1773 2265 1843 Syc/tem
2294 1786 2488 1829 centum
2513 1778 2688 1845 agnis‘
2715 1793 2733 1830 :
2752 1778 2840 1832 20.
2875 1790 2918 1831 et
2940 1783 3096 1833 erexit
3121 1780 3189 1835 ὶβὶ
3211 1782 3390 1845 altare,
3412 1790 3457 1833 cl

1882 1863 2127 1917 invocavit
2156 1865 2321 1919 Deum
2349 1865 2531 1921 Israel.
2548 1868 2623 1920 Ne
2652 1879 3023 1936 prietereamus
3055 1870 3225 1925 obiter
3254 1886 3314 1928 ea
3342 1887 3458 1941 qua:

1886 1955 1937 2007 in
1969 1955 2162 2009 divinis
2191 1957 2479 2025 Scripturis
2509 1969 2632 2012 sunt
2677 1969 2945 2014 contenta.
2982 1960 3109 2014 Nam
3155 1963 3196 2015 si
3229 1963 3316 2031 qui
3347 1963 3458 2016 auri

1886 2060 2123 2101 ramenta
2175 2064 2204 2103 e
2246 2061 2382 2104 terra
2431 2051 2721 2117 effodiunt,
2752 2054 2877 2106 nulli
2916 2054 3082 2107 labori
3129 2065 3379 2123 parcunt,
3408 2066 3462 2109 et

1887 2140 2063 2191 omnia
2093 2141 2270 2208 gravia
2310 2142 2516 2207 ferunt,
2552 2151 2608 2195 ut
2635 2146 2838 2212 possint
2867 2160 3052 2198 aurum
3083 2162 3111 2199 a
3140 2157 3277 2200 terra
3307 2163 3459 2216 sepa—

1887 2243 2008 2283 rare
2033 2249 2045 2283 :
2071 2231 2238 2282 multo
2265 2232 2434 2299 magis
2452 2231 2653 2301 justum
2677 2233 2833 2288 fuerit
2854 2245 2909 2287 ut
2933 2244 3233 2290 scrutemur
3255 2238 3461 2307 eloquia

1888 2321 2116 2388 Spiritus
2136 2362 2150 2385 ,
2186 2332 2239 2374 et
2280 2323 2557 2377 utilitatem
2586 2340 2702 2393 qua:
2728 2325 2848 2379 inde
2876 2335 2957 2380 est
3000 2328 3382 2395 percipiamns,
3412 2340 3466 2384 et

1889 2415 1968 2467 sic
1997 2415 2119 2468 hinc
2146 2430 2420 2470 exeamus.
2450 2416 2656 2485 Cogita,
2680 2418 2930 2484 obsecro,
2963 2420 3141 2474 eximii
3184 2421 3335 2474 istius
3366 2423 3462 2475 viri

1892 2506 2305 2575 philosolihiam,
2329 2508 2596 2574 quomodo
2615 2519 2759 2562 tanto
2788 2512 2987 2564 auxilio
3011 2528 3239 2581 superne
3260 2513 3463 2576 fruens,

1891 2606 1945 2651 et
1973 2598 2159 2652 videns
2197 2600 2377 2667 augeri
2410 2601 2683 2654 facultates
2711 2618 2853 2668 suas,
2883 2617 3071 2671 pecora
3098 2604 3236 2668 dico,
3268 2614 3321 2658 et
3355 2614 3468 2657 tau-

1892 2699 2003 2743 tum
2030 2707 2307 2746 numerum
2337 2692 2560 2746 filiorum
2594 2694 3043 2762 circumstantem,
3065 2712 3166 2750 non
3185 2708 3466 2753 exstruen-

1892 2781 1976 2836 dis
1995 2782 2231 2837 atdiliciis
2251 2785 2439 2852 amplis
2467 2796 2518 2837 et
2540 2786 2810 2855 prwclaris
2836 2786 2935 2839 fuit
2964 2797 3271 2855 occupatus,
3293 2806 3465 2857 neque

1894 2889 2049 2943 agros
2078 2885 2132 2929 et
2159 2876 2310 2929 villas
2339 2892 2519 2930 emere
2549 2881 2750 2930 curavit
2772 2920 2786 2943 ,
2827 2896 2943 2946 qua:
2978 2880 3226 2934 sufficere
3252 2892 3467 2949 possent

1895 2966 2420 3022 utdistribuerentur
2463 2969 2601 3023 ﬁliis.
2647 2970 2771 3023 llzec
2808 2972 2945 3023 enim
2979 2980 3032 3024 et
3077 2972 3266 3025 similia
3307 2989 3468 3042 agerc

1896 3061 2072 3115 solent
2100 3063 2187 3131 qui
2220 3077 2318 3115 nos
2344 3062 2533 3130 opibus
2566 3063 2891 3116 antecellunt
2920 3072 3164 3131 :etscepe
3185 3066 3273 3133 qui
3304 3082 3464 3119 unum

1898 3162 2100 3207 tantum
2144 3153 2305 3208 habet
2336 3152 2531 3220 ﬁlium,
2563 3153 2746 3207 decem
2794 3155 2953 3208 millia
2996 3155 3310 3210 talentorum
3359 3159 3469 3210 auri

1897 3243 2145 3313 colligere
2186 3244 2407 3313 qurerit,
2439 3255 2491 3297 ut
2544 3259 2698 3313 agros
2748 3255 2923 3309 emat,
2969 3254 3019 3299 et
3064 3245 3254 3300 domus
3300 3248 3470 3300 claras

1898 3345 2136 3389 exstruat
2160 3354 2172 3388 :
2196 3344 2249 3389 et
2277 3339 2476 3389 utinam
2520 3353 2581 3389 rx
2608 3336 2767 3404 justis
2798 3336 3067 3389 laboribus
3095 3377 3107 3400 ,
3138 3345 3192 3390 et
3233 3337 3347 3389 sine
3394 3340 3472 3389 in-

1907 3428 2111 3495 justitia
2143 3438 2314 3481 tantas
2342 3443 2469 3496 opes
2499 3428 2801 3496 colligeret;
2826 3429 2915 3481 sed
2940 3428 3077 3496 quod
3110 3444 3266 3495 grave
3293 3437 3395 3493 est,
3419 3439 3471 3482 et

1900 3521 2136 3573 Omnium
2166 3522 2557 3588 gravissimum,
2590 3521 2656 3573 ab
2682 3521 2801 3573 aliis
2839 3524 3012 3590 rapit,
3061 3521 3195 3574 alios
3237 3523 3467 3575 circum-

1901 3612 2075 3676 venit,
2108 3612 2228 3665 aliis
2256 3612 2374 3665 lites
2406 3622 2617 3676 movet,
2642 3622 2693 3663 et
2724 3615 2789 3663 ita
2821 3613 3019 3664 alienas
3049 3611 3325 3666 facultates
3350 3628 3471 3667 suas

1905 3704 2045 3756 facit.
2080 3704 2144 3757 Et
2186 3704 2229 3757 si
2270 3704 2388 3772 quis
2418 3704 2609 3757 dixerit
2642 3722 2653 3756 :
2688 3704 2764 3755 Ad
2796 3704 2918 3772 quid
2947 3713 3085 3757 tanta
3125 3706 3188 3757 ad
3221 3706 3471 3773 colligen-

1904 3798 1999 3851 das
2030 3812 2159 3866 opes
2191 3797 2437 3849 insania?
2467 3796 2553 3850 ille
2583 3797 2758 3850 statim
2792 3797 2954 3851 lilium
2984 3799 3245 3865 praetexit,
3269 3808 3321 3851 et
3346 3799 3470 3852 dicit

1903 3906 1961 3944 se
1987 3892 2106 3943 talia
2134 3890 2340 3958 Operari
2366 3889 2434 3943 ob
2457 3904 2605 3942 suum
2633 3890 2681 3941 in
2712 3890 2858 3942 illum
2887 3906 3139 3943 amorem.
3163 3892 3223 3943 lit
3250 3891 3335 3945 ille
3359 3893 3476 3960 qui-

1904 3982 2023 4036 dem
2049 3982 2254 4035 tametsi
2276 3998 2490 4049 pueruut
2514 3991 2827 4049 prmlexeus,
2847 3981 2957 4033 Itzrc
2978 3990 3256 4049 utcumque
3278 3983 3473 4049 expiat,

1906 4074 2097 4128 frustra
2140 4083 2314 4127 tamen
2354 4082 2408 4126 et
2453 4074 2738 4126 incassum.
2774 4073 2910 4125 Sunt
2949 4081 3124 4125 autem
3168 4073 3257 4138 qui
3306 4088 3477 4142 neque

1908 4184 2103 4238 pueros
2130 4167 2347 4233 habent,
2375 4176 2428 4221 ct
2458 4167 2725 4220 insaniunt
2753 4175 2807 4217 ut
2830 4165 3078 4234 pecunias
3103 4166 3354 4233 colligant
3384 4183 3397 4217 :
3428 4174 3478 4219 et

1909 4261 2127 4313 mallent
2155 4260 2463 4327 gravissima
2493 4257 2632 4310 ferre
2652 4298 2665 4320 ,
2694 4272 2849 4325 quam
2891 4271 3053 4309 unttm
3085 4255 3299 4309 obolum
3346 4255 3482 4309 indi-

1905 4354 2152 4421 gentibus
2179 4364 2418 4419 erogare.
2452 4348 2554 4402 Sed
2585 4347 2758 4416 justus
2791 4347 2877 4400 ille
2908 4346 3039 4399 nihil
3070 4346 3241 4399 simile
3271 4348 3482 4400 consul-

1910 4445 2040 4498 tavit
2062 4486 2074 4506 ,
2102 4458 2272 4511 neque
2302 4442 2588 4511 cogitavit:
2621 4439 2713 4493 sed
2742 4455 2859 4491 cum
2891 4454 3054 4508 parvo
3084 4453 3216 4507 Opus
3264 4438 3483 4492 haberet

1906 4551 2054 4604 agro,
2083 4543 2297 4588 centum
2327 4533 2477 4600 agnis
2505 4531 2664 4594 datis,
2700 4540 2897 4598 partem
2928 4529 3038 4597 agri
3072 4530 3201 4582 emit
3226 4527 3293 4581 ab
3318 4529 3483 4581 Emor

1907 4639 2057 4696 patre
2081 4625 2330 4696 Sychem.
2362 4623 2426 4676 Et
2450 4623 2571 4677 vide
2605 4623 2874 4689 pietatem,
2904 4620 3318 4689 religionemque
3348 4619 3477 4682 viri,

1907 4736 2015 4791 qua
2057 4719 2123 4791 de
2168 4731 2325 4769 causa
2372 4732 2555 4784 agrum
2584 4730 2765 4769 emere
2813 4712 3092 4769 studuerit.
3126 4711 3191 4764 Et
3214 4713 3367 4765 erexit
3392 4714 3480 4776 ibi,

1912 4810 2099 4876 inquit,
2128 4808 2321 4871 altare,
2347 4816 2395 4858 et
2436 4806 2677 4857 invocavit
2712 4803 2874 4855 Deum
2910 4800 3077 4855 lsrae‘l
3107 4818 3127 4855 :
3154 4812 3206 4855 et
3230 4803 3338 4870 agri
3365 4817 3485 4869 par-

1916 4908 2021 4952 lem
2052 4900 2181 4952 emit
2209 4897 2347 4950 nulla
2382 4897 2480 4948 alia
2515 4895 2582 4949 de
2614 4909 2967 4962 causa,quam
3000 4903 3056 4945 ut
3081 4893 3278 4960 gratias
3307 4901 3486 4959 ageret

1910 4989 2178 5042 communi
2227 4988 2393 5040 nostri
2440 4985 2677 5038 onmiutn
2726 4984 2967 5038 Domino.
3010 4982 3156 5035 Illum
3206 4990 3480 5050 oporteret

1913 5080 2103 5132 imitari
2133 5094 2317 5130 tunnes
2343 5078 2430 5145 qui
2466 5076 2563 5128 sub
2604 5077 2771 5144 gratia
2812 5083 2967 5136 sunt,
2997 5074 3085 5142 qui
3118 5073 3216 5125 fuit
3247 5082 3368 5125 ante
3413 5073 3488 5125 le—

1911 5186 2071 5240 gem;
2103 5179 2156 5223 et
2198 5185 2300 5221 non
2347 5169 2422 5221 sic
2473 5167 2703 5218 insanire
2751 5165 2801 5217 iu
2845 5165 3185 5231 pecuniarum
3217 5163 3487 5215 etilli-ctio-

1914 5277 2057 5314 nem.
2100 5262 2273 5324 Quare
2328 5258 2492 5322 enim,
2523 5257 2607 5310 dic
2636 5257 2786 5321 mihi,
2816 5265 2870 5309 et
2916 5255 3110 5323 tibiipsi
3165 5254 3280 5307 haec
3324 5268 3485 5306 onera

1914 5353 2185 5422 spinarum
2217 5364 2529 5420 congregas,
2562 5349 2788 5416 ﬁliisque
2819 5347 2921 5399 tuis
2948 5345 3224 5399 materiam
3250 5352 3305 5397 et
3330 5358 3491 5397 occa-

1914 5447 2119 5499 sionem
2150 5444 2362 5497 malitia:
2405 5453 2457 5495 te
2504 5442 2806 5507 relinquere
2847 5455 2950 5491 non
2998 5437 3274 5491 advertis?
3304 5435 3488 5489 Nescis

1920 5536 2198 5588 Dominum
2228 5534 2517 5601 majorem,
2546 5546 2703 5599 quam
2734 5539 2787 5582 tu
2815 5528 3009 5581 habeas
3031 5569 3046 5593 ,
3080 5526 3172 5580 lilii
3199 5526 3274 5579 tui
3303 5540 3485 5578 curam

1980 5694 1995 5723 ί
2032 5700 2081 5741 In
2116 5693 2349 5743 ttebraico
2385 5689 2566 5753 legitur
2590 5691 2787 5769 ni:va
2805 5692 2972 5741 nim:
2999 5705 3008 5738 :
3042 5693 3117 5743 alii
3145 5698 3357 5751 vertunt,
3383 5702 3484 5739 cm»

1917 5796 2013 5840 tum
2034 5800 2253 5837 nunmus.
