  <div class='ocr_page' id='page_1' title='image "/cluster/home/n/w/nwhite01/storage/ocr_20150623/54/nnc1.0046978518/141.png"; bbox 0 0 4038 6358; ppageno 0'>
   <div class='ocr_carea' id='block_1_1' title="bbox 535 427 638 483">
    <p class='ocr_par' dir='ltr' id='par_1_1' title="bbox 535 427 638 483">
     <span class='ocr_line' id='line_1_1' title="bbox 535 427 638 483; baseline -0.029 0"><span class='ocrx_word' id='word_1_1' title='bbox 535 427 638 483; x_wconf 83' lang='lat'><strong>515</strong></span> 
     </span>
    </p>
   </div>
   <div class='ocr_carea' id='block_1_2' title="bbox 533 526 2111 607">
    <p class='ocr_par' dir='ltr' id='par_1_2' title="bbox 533 526 2111 607">
     <span class='ocr_line' id='line_1_2' title="bbox 533 526 2111 607; baseline -0.01 -17"><span class='ocrx_word' id='word_1_2' title='bbox 533 550 741 607; x_wconf 89' lang='lat' dir='ltr'><strong>gerere,</strong></span> <span class='ocrx_word' id='word_1_3' title='bbox 773 544 827 585; x_wconf 85' lang='grc' dir='ltr'>ιιι</span> <span class='ocrx_word' id='word_1_4' title='bbox 861 540 1036 584; x_wconf 91' lang='lat' dir='ltr'><strong>autem</strong></span> <span class='ocrx_word' id='word_1_5' title='bbox 1063 538 1330 597; x_wconf 91' lang='lat' dir='ltr'><strong>tamquam</strong></span> <span class='ocrx_word' id='word_1_6' title='bbox 1360 528 1499 580; x_wconf 87' lang='lat' dir='ltr'><strong>illius</strong></span> <span class='ocrx_word' id='word_1_7' title='bbox 1525 526 1779 595; x_wconf 81' lang='lat' dir='ltr'><strong>majorem</strong></span> <span class='ocrx_word' id='word_1_8' title='bbox 1806 539 1988 577; x_wconf 89' lang='lat' dir='ltr'><strong>curam</strong></span> <span class='ocrx_word' id='word_1_9' title='bbox 2016 538 2111 592; x_wconf 86' lang='lat' dir='ltr'><strong>ge-</strong></span> 
     </span>
    </p>
   </div>
   <div class='ocr_carea' id='block_1_3' title="bbox 539 616 2117 690">
    <p class='ocr_par' dir='ltr' id='par_1_3' title="bbox 539 616 2117 690">
     <span class='ocr_line' id='line_1_3' title="bbox 539 616 2117 690; baseline -0.01 -8"><span class='ocrx_word' id='word_1_10' title='bbox 539 644 683 690; x_wconf 88' lang='lat' dir='ltr'><strong>rens,</strong></span> <span class='ocrx_word' id='word_1_11' title='bbox 710 625 1019 679; x_wconf 89' lang='lat' dir='ltr'><strong>occasiones</strong></span> <span class='ocrx_word' id='word_1_12' title='bbox 1042 623 1114 675; x_wconf 91' lang='lat' dir='ltr'>illi</span> <span class='ocrx_word' id='word_1_13' title='bbox 1147 621 1450 688; x_wconf 86' lang='lat' dir='ltr'><strong>relinquere</strong></span> <span class='ocrx_word' id='word_1_14' title='bbox 1480 618 1686 684; x_wconf 91' lang='lat' dir='ltr'><strong>studes,</strong></span> <span class='ocrx_word' id='word_1_15' title='bbox 1717 633 1835 686; x_wconf 73' lang='lat' dir='ltr'><strong>qua!</strong></span> <span class='ocrx_word' id='word_1_16' title='bbox 1875 616 2117 668; x_wconf 85' lang='lat' dir='ltr'><strong>submer-</strong></span> 
     </span>
    </p>
   </div>
   <div class='ocr_carea' id='block_1_4' title="bbox 536 711 1396 787">
    <p class='ocr_par' dir='ltr' id='par_1_4' title="bbox 536 711 1396 787">
     <span class='ocr_line' id='line_1_4' title="bbox 536 711 1396 787; baseline -0.01 -16"><span class='ocrx_word' id='word_1_17' title='bbox 536 735 662 787; x_wconf 85' lang='lat' dir='ltr'><strong>gere</strong></span> <span class='ocrx_word' id='word_1_18' title='bbox 708 718 937 770; x_wconf 88' lang='lat' dir='ltr'><strong>animam</strong></span> <span class='ocrx_word' id='word_1_19' title='bbox 987 714 1103 781; x_wconf 83' lang='lat' dir='ltr'><strong>ejus</strong></span> <span class='ocrx_word' id='word_1_20' title='bbox 1149 711 1396 765; x_wconf 89' lang='lat' dir='ltr'><strong>valeant?</strong></span> 
     </span>
    </p>
   </div>
   <div class='ocr_carea' id='block_1_5' title="bbox 606 798 2117 874">
    <p class='ocr_par' dir='ltr' id='par_1_5' title="bbox 606 798 2117 874">
     <span class='ocr_line' id='line_1_5' title="bbox 606 798 2117 874; baseline -0.009 -14"><span class='ocrx_word' id='word_1_21' title='bbox 606 809 849 860; x_wconf 79' lang='lat' dir='ltr'><strong>luventas</strong></span> <span class='ocrx_word' id='word_1_22' title='bbox 873 806 940 858; x_wconf 91' lang='lat' dir='ltr'><strong>ad</strong></span> <span class='ocrx_word' id='word_1_23' title='bbox 958 806 1147 857; x_wconf 82' lang='lat' dir='ltr'><strong>malum</strong></span> <span class='ocrx_word' id='word_1_24' title='bbox 1164 801 1572 874; x_wconf 82' lang='lat' dir='ltr'><strong>proclivis.-An</strong></span> <span class='ocrx_word' id='word_1_25' title='bbox 1592 798 1766 853; x_wconf 87' lang='lat' dir='ltr'><strong>nescis</strong></span> <span class='ocrx_word' id='word_1_26' title='bbox 1785 798 2117 865; x_wconf 73' lang='lat' dir='ltr'><strong>iuventutem</strong></span> 
     </span>
    </p>
   </div>
   <div class='ocr_carea' id='block_1_6' title="bbox 543 885 2121 970">
    <p class='ocr_par' dir='ltr' id='par_1_6' title="bbox 543 885 2121 970">
     <span class='ocr_line' id='line_1_6' title="bbox 543 885 2121 970; baseline -0.011 -16"><span class='ocrx_word' id='word_1_27' title='bbox 543 916 637 970; x_wconf 92' lang='lat' dir='ltr'><strong>per</strong></span> <span class='ocrx_word' id='word_1_28' title='bbox 666 901 895 968; x_wconf 87' lang='lat' dir='ltr'><strong>seipsani</strong></span> <span class='ocrx_word' id='word_1_29' title='bbox 923 897 989 951; x_wconf 90' lang='lat' dir='ltr'><strong>ad</strong></span> <span class='ocrx_word' id='word_1_30' title='bbox 1016 898 1221 950; x_wconf 88' lang='lat' dir='ltr'><strong>ruinam</strong></span> <span class='ocrx_word' id='word_1_31' title='bbox 1260 893 1548 962; x_wconf 79' lang='lat' dir='ltr'><strong>proclivem</strong></span> <span class='ocrx_word' id='word_1_32' title='bbox 1591 904 1731 952; x_wconf 89' lang='lat' dir='ltr'><strong>esse,</strong></span> <span class='ocrx_word' id='word_1_33' title='bbox 1762 898 1817 941; x_wconf 89' lang='lat' dir='ltr'><strong>et</strong></span> <span class='ocrx_word' id='word_1_34' title='bbox 1858 887 1923 940; x_wconf 89' lang='lat' dir='ltr'><strong>ad</strong></span> <span class='ocrx_word' id='word_1_35' title='bbox 1972 885 2121 938; x_wconf 89' lang='lat' dir='ltr'><strong>mali-</strong></span> 
     </span>
    </p>
   </div>
   <div class='ocr_carea' id='block_1_7' title="bbox 541 981 2119 1049">
    <p class='ocr_par' dir='ltr' id='par_1_7' title="bbox 541 981 2119 1049">
     <span class='ocr_line' id='line_1_7' title="bbox 541 981 2119 1049; baseline -0.011 -4"><span class='ocrx_word' id='word_1_36' title='bbox 541 994 667 1045; x_wconf 93' lang='lat' dir='ltr'><strong>tiam</strong></span> <span class='ocrx_word' id='word_1_37' title='bbox 701 990 804 1044; x_wconf 88' lang='lat' dir='ltr'><strong>levi</strong></span> <span class='ocrx_word' id='word_1_38' title='bbox 834 996 1109 1043; x_wconf 91' lang='lat' dir='ltr'><strong>momento</strong></span> <span class='ocrx_word' id='word_1_39' title='bbox 1132 984 1414 1039; x_wconf 76' lang='lat' dir='ltr'><strong>inclinari?</strong></span> <span class='ocrx_word' id='word_1_40' title='bbox 1440 981 1653 1049; x_wconf 83' lang='lat' dir='ltr'><strong>quando</strong></span> <span class='ocrx_word' id='word_1_41' title='bbox 1684 990 1859 1033; x_wconf 90' lang='lat' dir='ltr'><strong>autem</strong></span> <span class='ocrx_word' id='word_1_42' title='bbox 1884 987 1937 1031; x_wconf 93' lang='lat' dir='ltr'><strong>et</strong></span> <span class='ocrx_word' id='word_1_43' title='bbox 1961 991 2119 1045; x_wconf 90' lang='lat' dir='ltr'><strong>opum</strong></span> 
     </span>
    </p>
   </div>
   <div class='ocr_carea' id='block_1_8' title="bbox 541 1071 2121 1147">
    <p class='ocr_par' dir='ltr' id='par_1_8' title="bbox 541 1071 2121 1147">
     <span class='ocr_line' id='line_1_8' title="bbox 541 1071 2121 1147; baseline -0.01 -11"><span class='ocrx_word' id='word_1_44' title='bbox 541 1081 869 1137; x_wconf 85' lang='lat' dir='ltr'><strong>affluentiam</strong></span> <span class='ocrx_word' id='word_1_45' title='bbox 900 1078 1189 1147; x_wconf 86' lang='lat' dir='ltr'><strong>acceperit,</strong></span> <span class='ocrx_word' id='word_1_46' title='bbox 1214 1078 1381 1129; x_wconf 90' lang='lat' dir='ltr'><strong>multo</strong></span> <span class='ocrx_word' id='word_1_47' title='bbox 1418 1074 1584 1143; x_wconf 87' lang='lat' dir='ltr'><strong>magis</strong></span> <span class='ocrx_word' id='word_1_48' title='bbox 1630 1071 1697 1125; x_wconf 91' lang='lat' dir='ltr'><strong>ad</strong></span> <span class='ocrx_word' id='word_1_49' title='bbox 1744 1072 1941 1124; x_wconf 88' lang='lat' dir='ltr'><strong>malum</strong></span> <span class='ocrx_word' id='word_1_50' title='bbox 1998 1082 2121 1135; x_wconf 89' lang='lat' dir='ltr'><strong>pro-</strong></span> 
     </span>
    </p>
   </div>
   <div class='ocr_carea' id='block_1_9' title="bbox 542 1159 2123 1239">
    <p class='ocr_par' dir='ltr' id='par_1_9' title="bbox 542 1159 2123 1239">
     <span class='ocr_line' id='line_1_9' title="bbox 542 1159 2123 1239; baseline -0.012 -10"><span class='ocrx_word' id='word_1_51' title='bbox 542 1174 670 1229; x_wconf 93' lang='lat' dir='ltr'><strong>ruit.</strong></span> <span class='ocrx_word' id='word_1_52' title='bbox 699 1172 849 1226; x_wconf 84' lang='lat' dir='ltr'><strong>Sicut</strong></span> <span class='ocrx_word' id='word_1_53' title='bbox 875 1173 1016 1225; x_wconf 89' lang='lat' dir='ltr'><strong>enim</strong></span> <span class='ocrx_word' id='word_1_54' title='bbox 1048 1170 1182 1239; x_wconf 86' lang='lat' dir='ltr'><strong>ignis</strong></span> <span class='ocrx_word' id='word_1_55' title='bbox 1209 1182 1329 1222; x_wconf 88' lang='lat' dir='ltr'><strong>cum</strong></span> <span class='ocrx_word' id='word_1_56' title='bbox 1363 1166 1600 1219; x_wconf 92' lang='lat' dir='ltr'><strong>fomitem</strong></span> <span class='ocrx_word' id='word_1_57' title='bbox 1632 1163 1866 1225; x_wconf 90' lang='lat' dir='ltr'><strong>invenit,</strong></span> <span class='ocrx_word' id='word_1_58' title='bbox 1898 1159 2123 1211; x_wconf 85' lang='lat' dir='ltr'><strong>validio-</strong></span> 
     </span>
    </p>
   </div>
   <div class='ocr_carea' id='block_1_10' title="bbox 544 1255 2124 1330">
    <p class='ocr_par' dir='ltr' id='par_1_10' title="bbox 544 1255 2124 1330">
     <span class='ocr_line' id='line_1_10' title="bbox 544 1255 2124 1330; baseline -0.009 -10"><span class='ocrx_word' id='word_1_59' title='bbox 544 1266 692 1320; x_wconf 85' lang='lat' dir='ltr'><strong>ribus</strong></span> <span class='ocrx_word' id='word_1_60' title='bbox 737 1264 965 1317; x_wconf 80' lang='lat' dir='ltr'><strong>ﬂammis</strong></span> <span class='ocrx_word' id='word_1_61' title='bbox 1001 1261 1279 1330; x_wconf 77' lang='lat' dir='ltr'><strong>exsurgit:</strong></span> <span class='ocrx_word' id='word_1_62' title='bbox 1316 1261 1384 1312; x_wconf 92' lang='lat' dir='ltr'><strong>ita</strong></span> <span class='ocrx_word' id='word_1_63' title='bbox 1432 1268 1485 1313; x_wconf 92' lang='lat' dir='ltr'><strong>et</strong></span> <span class='ocrx_word' id='word_1_64' title='bbox 1528 1256 1740 1326; x_wconf 89' lang='lat' dir='ltr'><strong>quando</strong></span> <span class='ocrx_word' id='word_1_65' title='bbox 1783 1256 1834 1307; x_wconf 94' lang='lat' dir='ltr'><strong>in</strong></span> <span class='ocrx_word' id='word_1_66' title='bbox 1876 1255 2124 1321; x_wconf 88' lang='lat' dir='ltr'><strong>juvenem</strong></span> 
     </span>
    </p>
   </div>
   <div class='ocr_carea' id='block_1_11' title="bbox 548 1344 2129 1427">
    <p class='ocr_par' dir='ltr' id='par_1_11' title="bbox 548 1344 2129 1427">
     <span class='ocr_line' id='line_1_11' title="bbox 548 1344 2129 1427; baseline -0.009 -16"><span class='ocrx_word' id='word_1_67' title='bbox 548 1358 768 1412; x_wconf 88' lang='lat' dir='ltr'><strong>materia</strong></span> <span class='ocrx_word' id='word_1_68' title='bbox 792 1357 1138 1427; x_wconf 88' lang='lat' dir='ltr'><strong>pecuniarum</strong></span> <span class='ocrx_word' id='word_1_69' title='bbox 1164 1352 1422 1414; x_wconf 91' lang='lat' dir='ltr'><strong>inciderit,</strong></span> <span class='ocrx_word' id='word_1_70' title='bbox 1450 1359 1648 1404; x_wconf 89' lang='lat' dir='ltr'><strong>tantam</strong></span> <span class='ocrx_word' id='word_1_71' title='bbox 1680 1346 1925 1402; x_wconf 89' lang='lat' dir='ltr'><strong>accendit</strong></span> <span class='ocrx_word' id='word_1_72' title='bbox 1950 1344 2129 1398; x_wconf 87' lang='lat' dir='ltr'><strong>forna-</strong></span> 
     </span>
    </p>
   </div>
   <div class='ocr_carea' id='block_1_12' title="bbox 551 1438 2127 1513">
    <p class='ocr_par' dir='ltr' id='par_1_12' title="bbox 551 1438 2127 1513">
     <span class='ocr_line' id='line_1_12' title="bbox 551 1438 2127 1513; baseline -0.009 -9"><span class='ocrx_word' id='word_1_73' title='bbox 551 1466 702 1510; x_wconf 87' lang='lat' dir='ltr'><strong>cent,</strong></span> <span class='ocrx_word' id='word_1_74' title='bbox 732 1458 791 1502; x_wconf 90' lang='lat' dir='ltr'><strong>ut</strong></span> <span class='ocrx_word' id='word_1_75' title='bbox 836 1449 1063 1501; x_wconf 89' lang='lat' dir='ltr'><strong>animam</strong></span> <span class='ocrx_word' id='word_1_76' title='bbox 1105 1446 1315 1513; x_wconf 83' lang='lat' dir='ltr'><strong>juvenis</strong></span> <span class='ocrx_word' id='word_1_77' title='bbox 1347 1453 1510 1496; x_wconf 90' lang='lat' dir='ltr'><strong>totam</strong></span> <span class='ocrx_word' id='word_1_78' title='bbox 1544 1442 1851 1495; x_wconf 84' lang='lat' dir='ltr'><strong>inﬂammet.</strong></span> <span class='ocrx_word' id='word_1_79' title='bbox 1875 1438 2127 1505; x_wconf 87' lang='lat' dir='ltr'><strong>Quando-</strong></span> 
     </span>
    </p>
   </div>
   <div class='ocr_carea' id='block_1_13' title="bbox 554 1530 2131 1609">
    <p class='ocr_par' dir='ltr' id='par_1_13' title="bbox 554 1530 2131 1609">
     <span class='ocr_line' id='line_1_13' title="bbox 554 1530 2131 1609; baseline -0.008 -16"><span class='ocrx_word' id='word_1_80' title='bbox 554 1556 674 1593; x_wconf 87' lang='lat' dir='ltr'><strong>nam</strong></span> <span class='ocrx_word' id='word_1_81' title='bbox 708 1541 903 1609; x_wconf 89' lang='lat' dir='ltr'><strong>poterit</strong></span> <span class='ocrx_word' id='word_1_82' title='bbox 930 1538 1049 1591; x_wconf 90' lang='lat' dir='ltr'><strong>talis</strong></span> <span class='ocrx_word' id='word_1_83' title='bbox 1071 1536 1229 1589; x_wconf 87' lang='lat' dir='ltr'><strong>homo</strong></span> <span class='ocrx_word' id='word_1_84' title='bbox 1258 1532 1599 1589; x_wconf 76' lang='lat' dir='ltr'><strong>continentia:</strong></span> <span class='ocrx_word' id='word_1_85' title='bbox 1624 1547 1804 1585; x_wconf 91' lang='lat' dir='ltr'><strong>curam</strong></span> <span class='ocrx_word' id='word_1_86' title='bbox 1827 1530 2043 1594; x_wconf 87' lang='lat' dir='ltr'><strong>habere,</strong></span> <span class='ocrx_word' id='word_1_87' title='bbox 2076 1536 2131 1582; x_wconf 89' lang='lat' dir='ltr'><strong>et</strong></span> 
     </span>
    </p>
   </div>
   <div class='ocr_carea' id='block_1_14' title="bbox 554 1620 2128 1700">
    <p class='ocr_par' dir='ltr' id='par_1_14' title="bbox 554 1620 2128 1700">
     <span class='ocr_line' id='line_1_14' title="bbox 554 1620 2128 1700; baseline -0.009 -15"><span class='ocrx_word' id='word_1_88' title='bbox 554 1630 1014 1700; x_wconf 88' lang='lat' dir='ltr'><strong>intemperantiam</strong></span> <span class='ocrx_word' id='word_1_89' title='bbox 1046 1627 1261 1696; x_wconf 82' lang='lat' dir='ltr'><strong>fugere,</strong></span> <span class='ocrx_word' id='word_1_90' title='bbox 1295 1640 1357 1680; x_wconf 91' lang='lat' dir='ltr'><strong>ac</strong></span> <span class='ocrx_word' id='word_1_91' title='bbox 1392 1624 1630 1678; x_wconf 86' lang='lat' dir='ltr'><strong>laborem</strong></span> <span class='ocrx_word' id='word_1_92' title='bbox 1662 1638 1760 1692; x_wconf 90' lang='lat' dir='ltr'><strong>pro</strong></span> <span class='ocrx_word' id='word_1_93' title='bbox 1786 1622 2012 1685; x_wconf 89' lang='lat' dir='ltr'><strong>virtute,</strong></span> <span class='ocrx_word' id='word_1_94' title='bbox 2045 1620 2128 1673; x_wconf 92' lang='lat' dir='ltr'><strong>vel</strong></span> 
     </span>
    </p>
   </div>
   <div class='ocr_carea' id='block_1_15' title="bbox 550 1714 1635 1789">
    <p class='ocr_par' dir='ltr' id='par_1_15' title="bbox 550 1714 1635 1789">
     <span class='ocr_line' id='line_1_15' title="bbox 550 1714 1635 1789; baseline -0.008 -14"><span class='ocrx_word' id='word_1_95' title='bbox 550 1721 692 1775; x_wconf 84' lang='lat' dir='ltr'><strong>aliud</strong></span> <span class='ocrx_word' id='word_1_96' title='bbox 725 1720 1003 1789; x_wconf 89' lang='lat' dir='ltr'><strong>spirituale</strong></span> <span class='ocrx_word' id='word_1_97' title='bbox 1032 1717 1284 1788; x_wconf 88' lang='lat' dir='ltr'><strong>quiddam</strong></span> <span class='ocrx_word' id='word_1_98' title='bbox 1315 1714 1635 1785; x_wconf 85' lang='lat' dir='ltr'><strong>suscipere?</strong></span> 
     </span>
    </p>
   </div>
   <div class='ocr_carea' id='block_1_16' title="bbox 619 1801 2133 1865">
    <p class='ocr_par' dir='ltr' id='par_1_16' title="bbox 619 1801 2133 1865">
     <span class='ocr_line' id='line_1_16' title="bbox 619 1801 2133 1865; baseline -0.007 0"><span class='ocrx_word' id='word_1_99' title='bbox 619 1813 674 1865; x_wconf 69' lang='lat'><strong>2.</strong></span> <span class='ocrx_word' id='word_1_100' title='bbox 717 1810 1018 1864; x_wconf 86' lang='lat' dir='ltr'><strong>Divitiarum</strong></span> <span class='ocrx_word' id='word_1_101' title='bbox 1040 1807 1538 1862; x_wconf 49' lang='lat' dir='ltr'><strong>vanitas—Annon</strong></span> <span class='ocrx_word' id='word_1_102' title='bbox 1576 1804 1727 1859; x_wconf 87' lang='lat' dir='ltr'><strong>audis</strong></span> <span class='ocrx_word' id='word_1_103' title='bbox 1751 1803 2020 1857; x_wconf 83' lang='lat' dir='ltr'><strong>Christum</strong></span> <span class='ocrx_word' id='word_1_104' title='bbox 2052 1801 2133 1854; x_wconf 91' lang='lat' dir='ltr'><strong>di-</strong></span> 
     </span>
    </p>
   </div>
   <div class='ocr_carea' id='block_1_17' title="bbox 554 1892 2133 1971">
    <p class='ocr_par' dir='ltr' id='par_1_17' title="bbox 554 1892 2133 1971">
     <span class='ocr_line' id='line_1_17' title="bbox 554 1892 2133 1971; baseline -0.006 -16"><span class='ocrx_word' id='word_1_105' title='bbox 554 1913 764 1958; x_wconf 77' lang='lat' dir='ltr'><strong>centem</strong></span> <span class='ocrx_word' id='word_1_106' title='bbox 801 1921 812 1954; x_wconf 89' lang='lat'>:</span> <span class='ocrx_word' id='word_1_107' title='bbox 840 1902 988 1957; x_wconf 68' lang='lat' dir='ltr'><strong>Curae</strong></span> <span class='ocrx_word' id='word_1_108' title='bbox 1008 1902 1159 1971; x_wconf 80' lang='lat' dir='ltr'><strong>hujus</strong></span> <span class='ocrx_word' id='word_1_109' title='bbox 1174 1899 1346 1953; x_wconf 67' lang='grc' dir='ltr'><strong><em>δινευιὶ</em></strong></span> <span class='ocrx_word' id='word_1_110' title='bbox 1363 1908 1407 1951; x_wconf 85' lang='lat' dir='ltr'><strong>et</strong></span> <span class='ocrx_word' id='word_1_111' title='bbox 1424 1898 1646 1967; x_wconf 87' lang='lat' dir='ltr'><strong>deceptio</strong></span> <span class='ocrx_word' id='word_1_112' title='bbox 1664 1896 1951 1947; x_wconf 83' lang='lat' dir='ltr'><strong>divitiarum</strong></span> <span class='ocrx_word' id='word_1_113' title='bbox 1968 1892 2133 1959; x_wconf 73' lang='grc' dir='ltr'><strong><em>διιΠο-</em></strong></span> 
     </span>
    </p>
   </div>
   <div class='ocr_carea' id='block_1_18' title="bbox 551 1984 2135 2059">
    <p class='ocr_par' dir='ltr' id='par_1_18' title="bbox 551 1984 2135 2059">
     <span class='ocr_line' id='line_1_18' title="bbox 551 1984 2135 2059; baseline -0.005 -13"><span class='ocrx_word' id='word_1_114' title='bbox 551 2002 914 2053; x_wconf 87' lang='lat' dir='ltr'><strong>cantmentem,</strong></span> <span class='ocrx_word' id='word_1_115' title='bbox 935 2007 994 2043; x_wconf 90' lang='lat' dir='ltr'><strong>ac</strong></span> <span class='ocrx_word' id='word_1_116' title='bbox 1022 1992 1204 2044; x_wconf 79' lang='lat' dir='ltr'><strong>sterilis</strong></span> <span class='ocrx_word' id='word_1_117' title='bbox 1239 1988 1522 2059; x_wconf 87' lang='lat' dir='ltr'><strong>ﬁt(Matth.</strong></span> <span class='ocrx_word' id='word_1_118' title='bbox 1545 1988 1631 2042; x_wconf 73' lang='grc'><strong>15.</strong></span> <span class='ocrx_word' id='word_1_119' title='bbox 1664 1984 1779 2056; x_wconf 74' lang='grc'>22),</span> <span class='ocrx_word' id='word_1_120' title='bbox 1806 2001 1923 2054; x_wconf 57' lang='lat' dir='ltr'><strong>quas</strong></span> <span class='ocrx_word' id='word_1_121' title='bbox 1956 1984 2135 2038; x_wconf 83' lang='lat' dir='ltr'><strong>omnia</strong></span> 
     </span>
    </p>
   </div>
   <div class='ocr_carea' id='block_1_19' title="bbox 550 2074 2136 2153">
    <p class='ocr_par' dir='ltr' id='par_1_19' title="bbox 550 2074 2136 2153">
     <span class='ocr_line' id='line_1_19' title="bbox 550 2074 2136 2153; baseline -0.009 -15"><span class='ocrx_word' id='word_1_122' title='bbox 550 2086 731 2153; x_wconf 85' lang='lat' dir='ltr'><strong>spinas</strong></span> <span class='ocrx_word' id='word_1_123' title='bbox 752 2083 1064 2137; x_wconf 82' lang='lat' dir='ltr'><strong>nominavit?</strong></span> <span class='ocrx_word' id='word_1_124' title='bbox 1080 2080 1209 2135; x_wconf 82' lang='lat' dir='ltr'><strong>Nam</strong></span> <span class='ocrx_word' id='word_1_125' title='bbox 1233 2095 1351 2134; x_wconf 93' lang='lat' dir='ltr'><strong>cum</strong></span> <span class='ocrx_word' id='word_1_126' title='bbox 1370 2078 1601 2132; x_wconf 82' lang='lat' dir='ltr'><strong>dixisset</strong></span> <span class='ocrx_word' id='word_1_127' title='bbox 1625 2077 1675 2129; x_wconf 94' lang='lat' dir='ltr'><strong>in</strong></span> <span class='ocrx_word' id='word_1_128' title='bbox 1695 2074 1941 2145; x_wconf 90' lang='lat' dir='ltr'><strong>parabola</strong></span> <span class='ocrx_word' id='word_1_129' title='bbox 1972 2074 2136 2127; x_wconf 88' lang='lat' dir='ltr'><strong>semi-</strong></span> 
     </span>
    </p>
   </div>
   <div class='ocr_carea' id='block_1_20' title="bbox 553 2166 2135 2240">
    <p class='ocr_par' dir='ltr' id='par_1_20' title="bbox 553 2166 2135 2240">
     <span class='ocr_line' id='line_1_20' title="bbox 553 2166 2135 2240; baseline -0.009 -10"><span class='ocrx_word' id='word_1_130' title='bbox 553 2177 657 2240; x_wconf 88' lang='lat' dir='ltr'><strong>nis,</strong></span> <span class='ocrx_word' id='word_1_131' title='bbox 680 2175 819 2229; x_wconf 88' lang='lat' dir='ltr'><strong>aliud</strong></span> <span class='ocrx_word' id='word_1_132' title='bbox 843 2190 904 2229; x_wconf 83' lang='lat' dir='ltr'><strong>ex</strong></span> <span class='ocrx_word' id='word_1_133' title='bbox 932 2174 1223 2229; x_wconf 89' lang='lat' dir='ltr'><strong>seminibus</strong></span> <span class='ocrx_word' id='word_1_134' title='bbox 1249 2173 1300 2226; x_wconf 90' lang='lat' dir='ltr'><strong>in</strong></span> <span class='ocrx_word' id='word_1_135' title='bbox 1330 2172 1509 2239; x_wconf 87' lang='lat' dir='ltr'><strong>spinas</strong></span> <span class='ocrx_word' id='word_1_136' title='bbox 1540 2166 2023 2233; x_wconf 86' lang='lat' dir='ltr'><strong>incidisse,deiude</strong></span> <span class='ocrx_word' id='word_1_137' title='bbox 2050 2166 2135 2217; x_wconf 85' lang='lat' dir='ltr'><strong>di-</strong></span> 
     </span>
    </p>
   </div>
   <div class='ocr_carea' id='block_1_21' title="bbox 554 2258 2134 2336">
    <p class='ocr_par' dir='ltr' id='par_1_21' title="bbox 554 2258 2134 2336">
     <span class='ocr_line' id='line_1_21' title="bbox 554 2258 2134 2336; baseline -0.005 -15"><span class='ocrx_word' id='word_1_138' title='bbox 554 2268 771 2336; x_wconf 82' lang='lat' dir='ltr'><strong>scipulis</strong></span> <span class='ocrx_word' id='word_1_139' title='bbox 797 2268 1152 2336; x_wconf 89' lang='lat' dir='ltr'><strong>interpretans</strong></span> <span class='ocrx_word' id='word_1_140' title='bbox 1181 2279 1422 2334; x_wconf 60' lang='lat' dir='ltr'><strong>quasnam</strong></span> <span class='ocrx_word' id='word_1_141' title='bbox 1451 2264 1557 2315; x_wconf 89' lang='lat' dir='ltr'><strong>sint.</strong></span> <span class='ocrx_word' id='word_1_142' title='bbox 1578 2262 1765 2331; x_wconf 80' lang='lat' dir='ltr'><strong>spinze,</strong></span> <span class='ocrx_word' id='word_1_143' title='bbox 1787 2260 1986 2328; x_wconf 89' lang='lat' dir='ltr'><strong>inquit:</strong></span> <span class='ocrx_word' id='word_1_144' title='bbox 2014 2258 2134 2313; x_wconf 84' lang='lat' dir='ltr'><strong>Sol-</strong></span> 
     </span>
    </p>
   </div>
   <div class='ocr_carea' id='block_1_22' title="bbox 562 2351 2134 2427">
    <p class='ocr_par' dir='ltr' id='par_1_22' title="bbox 562 2351 2134 2427">
     <span class='ocr_line' id='line_1_22' title="bbox 562 2351 2134 2427; baseline -0.006 -14"><span class='ocrx_word' id='word_1_145' title='bbox 562 2358 779 2413; x_wconf 89' lang='lat' dir='ltr'><strong>licitudo</strong></span> <span class='ocrx_word' id='word_1_146' title='bbox 808 2359 962 2427; x_wconf 84' lang='lat' dir='ltr'><strong>hujus</strong></span> <span class='ocrx_word' id='word_1_147' title='bbox 992 2357 1168 2411; x_wconf 72' lang='lat' dir='ltr'><strong>smculi</strong></span> <span class='ocrx_word' id='word_1_148' title='bbox 1196 2365 1250 2409; x_wconf 90' lang='lat' dir='ltr'><strong>et</strong></span> <span class='ocrx_word' id='word_1_149' title='bbox 1275 2354 1519 2423; x_wconf 88' lang='lat' dir='ltr'><strong>deceptio</strong></span> <span class='ocrx_word' id='word_1_150' title='bbox 1541 2354 1841 2407; x_wconf 89' lang='lat' dir='ltr'><strong>divitiarum</strong></span> <span class='ocrx_word' id='word_1_151' title='bbox 1867 2351 2134 2404; x_wconf 78' lang='lat' dir='ltr'><strong>sulfoeant</strong></span> 
     </span>
    </p>
   </div>
   <div class='ocr_carea' id='block_1_23' title="bbox 559 2440 2137 2516">
    <p class='ocr_par' dir='ltr' id='par_1_23' title="bbox 559 2440 2137 2516">
     <span class='ocr_line' id='line_1_23' title="bbox 559 2440 2137 2516; baseline -0.007 -12"><span class='ocrx_word' id='word_1_152' title='bbox 559 2460 813 2511; x_wconf 88' lang='lat' dir='ltr'><strong>mentem,</strong></span> <span class='ocrx_word' id='word_1_153' title='bbox 844 2458 896 2502; x_wconf 91' lang='lat' dir='ltr'><strong>et</strong></span> <span class='ocrx_word' id='word_1_154' title='bbox 926 2448 1121 2501; x_wconf 89' lang='lat' dir='ltr'><strong>sterilis</strong></span> <span class='ocrx_word' id='word_1_155' title='bbox 1147 2446 1205 2499; x_wconf 85' lang='lat' dir='ltr'><strong>fit</strong></span> <span class='ocrx_word' id='word_1_156' title='bbox 1228 2444 1438 2516; x_wconf 80' lang='lat' dir='ltr'><strong>(Matth.</strong></span> <span class='ocrx_word' id='word_1_157' title='bbox 1472 2445 1572 2509; x_wconf 71' lang='lat' dir='ltr'><strong>i5;</strong></span> <span class='ocrx_word' id='word_1_158' title='bbox 1603 2454 1648 2496; x_wconf 85' lang='lat' dir='ltr'><strong>et</strong></span> <span class='ocrx_word' id='word_1_159' title='bbox 1668 2443 1792 2496; x_wconf 87' lang='lat' dir='ltr'><strong>Luc.</strong></span> <span class='ocrx_word' id='word_1_160' title='bbox 1816 2440 1892 2513; x_wconf 91' lang='lat'><strong>8).</strong></span> <span class='ocrx_word' id='word_1_161' title='bbox 1914 2441 1979 2494; x_wconf 81' lang='lat' dir='ltr'><strong>Et</strong></span> <span class='ocrx_word' id='word_1_162' title='bbox 2002 2440 2137 2494; x_wconf 67' lang='lat' dir='ltr'><strong>bene</strong></span> 
     </span>
    </p>
   </div>
   <div class='ocr_carea' id='block_1_24' title="bbox 558 2532 2140 2611">
    <p class='ocr_par' dir='ltr' id='par_1_24' title="bbox 558 2532 2140 2611">
     <span class='ocr_line' id='line_1_24' title="bbox 558 2532 2140 2611; baseline -0.006 -16"><span class='ocrx_word' id='word_1_163' title='bbox 558 2543 726 2611; x_wconf 81' lang='lat' dir='ltr'><strong>spinis</strong></span> <span class='ocrx_word' id='word_1_164' title='bbox 756 2541 1081 2609; x_wconf 84' lang='lat' dir='ltr'><strong>comparavit</strong></span> <span class='ocrx_word' id='word_1_165' title='bbox 1123 2538 1533 2593; x_wconf 89' lang='lat' dir='ltr'><strong>sollicitudinem</strong></span> <span class='ocrx_word' id='word_1_166' title='bbox 1575 2536 1728 2604; x_wconf 89' lang='lat' dir='ltr'><strong>hujus</strong></span> <span class='ocrx_word' id='word_1_167' title='bbox 1758 2534 1938 2589; x_wconf 75' lang='lat' dir='ltr'><strong>smculi</strong></span> <span class='ocrx_word' id='word_1_168' title='bbox 1990 2532 2140 2587; x_wconf 86' lang='lat' dir='ltr'><strong>Sient</strong></span> 
     </span>
    </p>
   </div>
   <div class='ocr_carea' id='block_1_25' title="bbox 560 2627 2139 2703">
    <p class='ocr_par' dir='ltr' id='par_1_25' title="bbox 560 2627 2139 2703">
     <span class='ocr_line' id='line_1_25' title="bbox 560 2627 2139 2703; baseline -0.006 -14"><span class='ocrx_word' id='word_1_169' title='bbox 560 2638 701 2689; x_wconf 87' lang='lat' dir='ltr'><strong>enini</strong></span> <span class='ocrx_word' id='word_1_170' title='bbox 732 2637 897 2703; x_wconf 71' lang='lat' dir='ltr'><strong>spina:</strong></span> <span class='ocrx_word' id='word_1_171' title='bbox 920 2649 1023 2687; x_wconf 93' lang='lat' dir='ltr'><strong>non</strong></span> <span class='ocrx_word' id='word_1_172' title='bbox 1048 2633 1231 2687; x_wconf 85' lang='lat' dir='ltr'><strong>sinunt</strong></span> <span class='ocrx_word' id='word_1_173' title='bbox 1255 2647 1438 2685; x_wconf 90' lang='lat' dir='ltr'><strong>semen</strong></span> <span class='ocrx_word' id='word_1_174' title='bbox 1466 2630 1719 2693; x_wconf 86' lang='lat' dir='ltr'><strong>emicare,</strong></span> <span class='ocrx_word' id='word_1_175' title='bbox 1744 2628 1836 2681; x_wconf 89' lang='lat' dir='ltr'><strong>sed</strong></span> <span class='ocrx_word' id='word_1_176' title='bbox 1876 2627 2139 2680; x_wconf 86' lang='lat' dir='ltr'><strong>densitate</strong></span> 
     </span>
    </p>
   </div>
   <div class='ocr_carea' id='block_1_26' title="bbox 558 2718 2136 2793">
    <p class='ocr_par' dir='ltr' id='par_1_26' title="bbox 558 2718 2136 2793">
     <span class='ocr_line' id='line_1_26' title="bbox 558 2718 2136 2793; baseline -0.006 -13"><span class='ocrx_word' id='word_1_177' title='bbox 558 2743 652 2780; x_wconf 88' lang='lat' dir='ltr'><strong>sua</strong></span> <span class='ocrx_word' id='word_1_178' title='bbox 682 2728 995 2780; x_wconf 86' lang='lat' dir='ltr'><strong>seminatum</strong></span> <span class='ocrx_word' id='word_1_179' title='bbox 1023 2725 1363 2793; x_wconf 87' lang='lat' dir='ltr'><strong>supprimunt</strong></span> <span class='ocrx_word' id='word_1_180' title='bbox 1390 2743 1403 2776; x_wconf 92' lang='lat'><em>:</em></span> <span class='ocrx_word' id='word_1_181' title='bbox 1439 2722 1511 2775; x_wconf 89' lang='lat' dir='ltr'><strong>ita</strong></span> <span class='ocrx_word' id='word_1_182' title='bbox 1540 2731 1593 2775; x_wconf 92' lang='lat' dir='ltr'><strong>et</strong></span> <span class='ocrx_word' id='word_1_183' title='bbox 1620 2736 1763 2775; x_wconf 69' lang='lat' dir='ltr'><strong>cura:</strong></span> <span class='ocrx_word' id='word_1_184' title='bbox 1795 2718 2136 2788; x_wconf 86' lang='lat' dir='ltr'><strong>temporales,</strong></span> 
     </span>
    </p>
   </div>
   <div class='ocr_carea' id='block_1_27' title="bbox 557 2812 2137 2885">
    <p class='ocr_par' dir='ltr' id='par_1_27' title="bbox 557 2812 2137 2885">
     <span class='ocr_line' id='line_1_27' title="bbox 557 2812 2137 2885; baseline -0.007 -13"><span class='ocrx_word' id='word_1_185' title='bbox 557 2819 836 2885; x_wconf 85' lang='lat' dir='ltr'><strong>spirituale</strong></span> <span class='ocrx_word' id='word_1_186' title='bbox 864 2832 1071 2879; x_wconf 82' lang='lat' dir='ltr'><strong>semen,</strong></span> <span class='ocrx_word' id='word_1_187' title='bbox 1104 2814 1243 2885; x_wconf 90' lang='lat' dir='ltr'><strong>quod</strong></span> <span class='ocrx_word' id='word_1_188' title='bbox 1275 2815 1327 2868; x_wconf 87' lang='lat' dir='ltr'><strong>iti</strong></span> <span class='ocrx_word' id='word_1_189' title='bbox 1358 2814 1533 2867; x_wconf 92' lang='lat' dir='ltr'><strong>anima</strong></span> <span class='ocrx_word' id='word_1_190' title='bbox 1564 2813 1888 2876; x_wconf 86' lang='lat' dir='ltr'><strong>seminatur,</strong></span> <span class='ocrx_word' id='word_1_191' title='bbox 1922 2825 2028 2863; x_wconf 90' lang='lat' dir='ltr'><strong>non</strong></span> <span class='ocrx_word' id='word_1_192' title='bbox 2059 2812 2137 2863; x_wconf 86' lang='lat' dir='ltr'><strong>si-</strong></span> 
     </span>
    </p>
   </div>
   <div class='ocr_carea' id='block_1_28' title="bbox 560 2900 2142 2965">
    <p class='ocr_par' dir='ltr' id='par_1_28' title="bbox 560 2900 2142 2965">
     <span class='ocr_line' id='line_1_28' title="bbox 560 2900 2142 2965; baseline -0.007 -1"><span class='ocrx_word' id='word_1_193' title='bbox 560 2919 693 2965; x_wconf 89' lang='lat' dir='ltr'><strong>nunt</strong></span> <span class='ocrx_word' id='word_1_194' title='bbox 720 2909 944 2963; x_wconf 88' lang='lat' dir='ltr'><strong>fructum</strong></span> <span class='ocrx_word' id='word_1_195' title='bbox 984 2908 1179 2961; x_wconf 85' lang='lat' dir='ltr'><strong>afferre</strong></span> <span class='ocrx_word' id='word_1_196' title='bbox 1206 2923 1221 2960; x_wconf 90' lang='lat'><strong>:</strong></span> <span class='ocrx_word' id='word_1_197' title='bbox 1253 2904 1345 2958; x_wconf 86' lang='lat' dir='ltr'><strong>sed</strong></span> <span class='ocrx_word' id='word_1_198' title='bbox 1377 2905 1608 2957; x_wconf 86' lang='lat' dir='ltr'><strong>adurunt</strong></span> <span class='ocrx_word' id='word_1_199' title='bbox 1638 2913 1691 2957; x_wconf 90' lang='lat' dir='ltr'><strong>et</strong></span> <span class='ocrx_word' id='word_1_200' title='bbox 1723 2901 1979 2955; x_wconf 80' lang='lat' dir='ltr'><strong>sufl‘ocant</strong></span> <span class='ocrx_word' id='word_1_201' title='bbox 2004 2900 2142 2954; x_wconf 84' lang='lat' dir='ltr'><strong>sicut</strong></span> 
     </span>
    </p>
   </div>
   <div class='ocr_carea' id='block_1_29' title="bbox 557 2990 2140 3070">
    <p class='ocr_par' dir='ltr' id='par_1_29' title="bbox 557 2990 2140 3070">
     <span class='ocr_line' id='line_1_29' title="bbox 557 2990 2140 3070; baseline -0.006 -15"><span class='ocrx_word' id='word_1_202' title='bbox 557 3001 748 3070; x_wconf 59' lang='lat' dir='ltr'><strong>spinas,</strong></span> <span class='ocrx_word' id='word_1_203' title='bbox 773 3014 873 3053; x_wconf 86' lang='lat' dir='ltr'><strong>nec</strong></span> <span class='ocrx_word' id='word_1_204' title='bbox 899 3000 1080 3051; x_wconf 86' lang='lat' dir='ltr'><strong>sinunt</strong></span> <span class='ocrx_word' id='word_1_205' title='bbox 1118 2995 1395 3066; x_wconf 82' lang='lat' dir='ltr'><strong>Spirituale</strong></span> <span class='ocrx_word' id='word_1_206' title='bbox 1426 3010 1611 3049; x_wconf 83' lang='lat' dir='ltr'><strong>semen</strong></span> <span class='ocrx_word' id='word_1_207' title='bbox 1653 3007 1919 3047; x_wconf 83' lang='lat' dir='ltr'><strong>crescere.</strong></span> <span class='ocrx_word' id='word_1_208' title='bbox 1952 2990 2021 3045; x_wconf 83' lang='lat' dir='ltr'><strong>Et</strong></span> <span class='ocrx_word' id='word_1_209' title='bbox 2048 2992 2140 3046; x_wconf 80' lang='lat' dir='ltr'><strong>de-</strong></span> 
     </span>
    </p>
   </div>
   <div class='ocr_carea' id='block_1_30' title="bbox 561 3083 2144 3164">
    <p class='ocr_par' dir='ltr' id='par_1_30' title="bbox 561 3083 2144 3164">
     <span class='ocr_line' id='line_1_30' title="bbox 561 3083 2144 3164; baseline -0.006 -17"><span class='ocrx_word' id='word_1_210' title='bbox 561 3095 724 3164; x_wconf 81' lang='lat' dir='ltr'><strong>ceptio</strong></span> <span class='ocrx_word' id='word_1_211' title='bbox 771 3092 1079 3146; x_wconf 77' lang='lat' dir='ltr'><strong>divitiarum.</strong></span> <span class='ocrx_word' id='word_1_212' title='bbox 1128 3090 1295 3145; x_wconf 77' lang='lat' dir='ltr'><strong>Recte</strong></span> <span class='ocrx_word' id='word_1_213' title='bbox 1340 3087 1475 3141; x_wconf 81' lang='lat' dir='ltr'><strong>dixit</strong></span> <span class='ocrx_word' id='word_1_214' title='bbox 1526 3086 1893 3154; x_wconf 89' lang='lat' dir='ltr'><strong>deceptionem</strong></span> <span class='ocrx_word' id='word_1_215' title='bbox 1933 3083 2144 3138; x_wconf 83' lang='lat' dir='ltr'><strong>divitia-</strong></span> 
     </span>
    </p>
   </div>
   <div class='ocr_carea' id='block_1_31' title="bbox 561 3178 2141 3250">
    <p class='ocr_par' dir='ltr' id='par_1_31' title="bbox 561 3178 2141 3250">
     <span class='ocr_line' id='line_1_31' title="bbox 561 3178 2141 3250; baseline -0.006 -9"><span class='ocrx_word' id='word_1_216' title='bbox 561 3201 681 3241; x_wconf 69' lang='lat' dir='ltr'><strong>rem</strong></span> <span class='ocrx_word' id='word_1_217' title='bbox 715 3203 729 3239; x_wconf 87' lang='lat'><strong>:</strong></span> <span class='ocrx_word' id='word_1_218' title='bbox 763 3187 959 3239; x_wconf 85' lang='lat' dir='ltr'><strong>etenim</strong></span> <span class='ocrx_word' id='word_1_219' title='bbox 1006 3199 1132 3237; x_wconf 89' lang='lat' dir='ltr'><strong>vere</strong></span> <span class='ocrx_word' id='word_1_220' title='bbox 1168 3181 1416 3250; x_wconf 91' lang='lat' dir='ltr'><strong>deceptio</strong></span> <span class='ocrx_word' id='word_1_221' title='bbox 1445 3189 1547 3233; x_wconf 88' lang='lat' dir='ltr'><strong>est.</strong></span> <span class='ocrx_word' id='word_1_222' title='bbox 1578 3178 1708 3245; x_wconf 84' lang='lat' dir='ltr'><strong>Qua:</strong></span> <span class='ocrx_word' id='word_1_223' title='bbox 1752 3179 1894 3232; x_wconf 90' lang='lat' dir='ltr'><strong>enim</strong></span> <span class='ocrx_word' id='word_1_224' title='bbox 1940 3178 2141 3231; x_wconf 85' lang='lat' dir='ltr'><strong>utilitas</strong></span> 
     </span>
    </p>
   </div>
   <div class='ocr_carea' id='block_1_32' title="bbox 562 3268 2139 3339">
    <p class='ocr_par' dir='ltr' id='par_1_32' title="bbox 562 3268 2139 3339">
     <span class='ocr_line' id='line_1_32' title="bbox 562 3268 2139 3339; baseline -0.006 -10"><span class='ocrx_word' id='word_1_225' title='bbox 562 3284 640 3331; x_wconf 89' lang='lat' dir='ltr'><strong>tot</strong></span> <span class='ocrx_word' id='word_1_226' title='bbox 666 3276 987 3329; x_wconf 87' lang='lat' dir='ltr'><strong>talentorum</strong></span> <span class='ocrx_word' id='word_1_227' title='bbox 1008 3314 1023 3339; x_wconf 94' lang='lat'><strong>,</strong></span> <span class='ocrx_word' id='word_1_228' title='bbox 1051 3285 1103 3327; x_wconf 91' lang='lat' dir='ltr'><strong>et</strong></span> <span class='ocrx_word' id='word_1_229' title='bbox 1135 3281 1293 3325; x_wconf 73' lang='lat' dir='ltr'><strong>tantm</strong></span> <span class='ocrx_word' id='word_1_230' title='bbox 1323 3271 1600 3339; x_wconf 76' lang='lat' dir='ltr'><strong>pecunim?</strong></span> <span class='ocrx_word' id='word_1_231' title='bbox 1625 3268 1870 3321; x_wconf 77' lang='lat' dir='ltr'><strong>Profecto</strong></span> <span class='ocrx_word' id='word_1_232' title='bbox 1891 3310 1905 3333; x_wconf 91' lang='lat'><strong>,</strong></span> <span class='ocrx_word' id='word_1_233' title='bbox 1934 3268 2139 3336; x_wconf 89' lang='lat' dir='ltr'><strong>inquit,</strong></span> 
     </span>
    </p>
   </div>
   <div class='ocr_carea' id='block_1_33' title="bbox 564 3358 2143 3435">
    <p class='ocr_par' dir='ltr' id='par_1_33' title="bbox 564 3358 2143 3435">
     <span class='ocr_line' id='line_1_33' title="bbox 564 3358 2143 3435; baseline -0.005 -15"><span class='ocrx_word' id='word_1_234' title='bbox 564 3382 808 3435; x_wconf 87' lang='lat' dir='ltr'><strong>magnam</strong></span> <span class='ocrx_word' id='word_1_235' title='bbox 838 3366 1037 3435; x_wconf 82' lang='lat' dir='ltr'><strong>pra-bet</strong></span> <span class='ocrx_word' id='word_1_236' title='bbox 1057 3364 1289 3416; x_wconf 57' lang='lat' dir='ltr'><strong>la‘titiani</strong></span> <span class='ocrx_word' id='word_1_237' title='bbox 1314 3363 1597 3431; x_wconf 86' lang='lat' dir='ltr'><strong>possessio.</strong></span> <span class='ocrx_word' id='word_1_238' title='bbox 1622 3359 1845 3427; x_wconf 84' lang='lat' dir='ltr'><strong>Qualem</strong></span> <span class='ocrx_word' id='word_1_239' title='bbox 1881 3358 2143 3412; x_wconf 60' lang='lat' dir='ltr'><strong>laetitiam?</strong></span> 
     </span>
    </p>
   </div>
   <div class='ocr_carea' id='block_1_34' title="bbox 569 3452 2141 3525">
    <p class='ocr_par' dir='ltr' id='par_1_34' title="bbox 569 3452 2141 3525">
     <span class='ocr_line' id='line_1_34' title="bbox 569 3452 2141 3525; baseline -0.003 -15"><span class='ocrx_word' id='word_1_240' title='bbox 569 3457 638 3511; x_wconf 89' lang='lat' dir='ltr'><strong>Et</strong></span> <span class='ocrx_word' id='word_1_241' title='bbox 691 3456 815 3525; x_wconf 92' lang='lat' dir='ltr'><strong>quid</strong></span> <span class='ocrx_word' id='word_1_242' title='bbox 876 3457 995 3509; x_wconf 87' lang='lat' dir='ltr'><strong>dico</strong></span> <span class='ocrx_word' id='word_1_243' title='bbox 1051 3453 1331 3509; x_wconf 70' lang='lat' dir='ltr'><strong>lmtitiaui?</strong></span> <span class='ocrx_word' id='word_1_244' title='bbox 1375 3453 1563 3508; x_wconf 86' lang='lat' dir='ltr'><strong>Nonne</strong></span> <span class='ocrx_word' id='word_1_245' title='bbox 1604 3453 1832 3507; x_wconf 81' lang='lat' dir='ltr'><strong>maxime</strong></span> <span class='ocrx_word' id='word_1_246' title='bbox 1877 3452 2141 3520; x_wconf 89' lang='lat' dir='ltr'><strong>intempe-</strong></span> 
     </span>
    </p>
   </div>
   <div class='ocr_carea' id='block_1_35' title="bbox 570 3542 2139 3611">
    <p class='ocr_par' dir='ltr' id='par_1_35' title="bbox 570 3542 2139 3611">
     <span class='ocr_line' id='line_1_35' title="bbox 570 3542 2139 3611; baseline -0.006 -8"><span class='ocrx_word' id='word_1_247' title='bbox 570 3550 760 3603; x_wconf 83' lang='lat' dir='ltr'><strong>stivam</strong></span> <span class='ocrx_word' id='word_1_248' title='bbox 788 3547 1051 3601; x_wconf 89' lang='lat' dir='ltr'><strong>tristitiam</strong></span> <span class='ocrx_word' id='word_1_249' title='bbox 1079 3554 1128 3599; x_wconf 92' lang='lat' dir='ltr'><strong>et</strong></span> <span class='ocrx_word' id='word_1_250' title='bbox 1152 3560 1433 3599; x_wconf 79' lang='lat' dir='ltr'><strong>mmrorem</strong></span> <span class='ocrx_word' id='word_1_251' title='bbox 1458 3544 1679 3598; x_wconf 90' lang='lat' dir='ltr'><strong>multum</strong></span> <span class='ocrx_word' id='word_1_252' title='bbox 1709 3543 1885 3611; x_wconf 84' lang='lat' dir='ltr'><strong>parit?</strong></span> <span class='ocrx_word' id='word_1_253' title='bbox 1906 3542 2139 3594; x_wconf 91' lang='lat' dir='ltr'><strong>nondum</strong></span> 
     </span>
    </p>
   </div>
   <div class='ocr_carea' id='block_1_36' title="bbox 568 3636 2143 3709">
    <p class='ocr_par' dir='ltr' id='par_1_36' title="bbox 568 3636 2143 3709">
     <span class='ocr_line' id='line_1_36' title="bbox 568 3636 2143 3709; baseline -0.006 -14"><span class='ocrx_word' id='word_1_254' title='bbox 568 3642 685 3697; x_wconf 85' lang='lat' dir='ltr'><strong>dico</strong></span> <span class='ocrx_word' id='word_1_255' title='bbox 730 3655 973 3709; x_wconf 87' lang='lat' dir='ltr'><strong>magnam</strong></span> <span class='ocrx_word' id='word_1_256' title='bbox 1015 3639 1155 3691; x_wconf 89' lang='lat' dir='ltr'><strong>illam</strong></span> <span class='ocrx_word' id='word_1_257' title='bbox 1198 3646 1252 3691; x_wconf 90' lang='lat' dir='ltr'><strong>et</strong></span> <span class='ocrx_word' id='word_1_258' title='bbox 1292 3638 1343 3690; x_wconf 94' lang='lat' dir='ltr'><strong>in</strong></span> <span class='ocrx_word' id='word_1_259' title='bbox 1388 3636 1568 3690; x_wconf 88' lang='lat' dir='ltr'><strong>futuro</strong></span> <span class='ocrx_word' id='word_1_260' title='bbox 1603 3637 1887 3704; x_wconf 89' lang='lat' dir='ltr'><strong>repositam</strong></span> <span class='ocrx_word' id='word_1_261' title='bbox 1929 3641 2143 3702; x_wconf 84' lang='lat' dir='ltr'><strong>propter</strong></span> 
     </span>
    </p>
   </div>
   <div class='ocr_carea' id='block_1_37' title="bbox 567 3728 2142 3803">
    <p class='ocr_par' dir='ltr' id='par_1_37' title="bbox 567 3728 2142 3803">
     <span class='ocr_line' id='line_1_37' title="bbox 567 3728 2142 3803; baseline -0.004 -16"><span class='ocrx_word' id='word_1_262' title='bbox 567 3736 710 3803; x_wconf 81' lang='lat' dir='ltr'><strong>ipsas</strong></span> <span class='ocrx_word' id='word_1_263' title='bbox 758 3747 967 3801; x_wconf 75' lang='lat' dir='ltr'><strong>pmnatn</strong></span> <span class='ocrx_word' id='word_1_264' title='bbox 1004 3730 1137 3786; x_wconf 87' lang='lat' dir='ltr'><strong>:sed</strong></span> <span class='ocrx_word' id='word_1_265' title='bbox 1184 3730 1250 3784; x_wconf 89' lang='lat' dir='ltr'><strong>de</strong></span> <span class='ocrx_word' id='word_1_266' title='bbox 1296 3730 1375 3783; x_wconf 86' lang='lat' dir='ltr'><strong>liis</strong></span> <span class='ocrx_word' id='word_1_267' title='bbox 1409 3731 1598 3798; x_wconf 91' lang='lat' dir='ltr'><strong>loquor</strong></span> <span class='ocrx_word' id='word_1_268' title='bbox 1636 3745 1753 3797; x_wconf 74' lang='lat' dir='ltr'><strong>quze</strong></span> <span class='ocrx_word' id='word_1_269' title='bbox 1802 3730 1852 3781; x_wconf 94' lang='lat' dir='ltr'><strong>in</strong></span> <span class='ocrx_word' id='word_1_270' title='bbox 1896 3728 2142 3796; x_wconf 62' lang='lat' dir='ltr'><strong>praesenti</strong></span> 
     </span>
    </p>
   </div>
   <div class='ocr_carea' id='block_1_38' title="bbox 567 3819 2141 3891">
    <p class='ocr_par' dir='ltr' id='par_1_38' title="bbox 567 3819 2141 3891">
     <span class='ocr_line' id='line_1_38' title="bbox 567 3819 2141 3891; baseline -0.004 -14"><span class='ocrx_word' id='word_1_271' title='bbox 567 3827 668 3877; x_wconf 87' lang='lat' dir='ltr'><strong>vita</strong></span> <span class='ocrx_word' id='word_1_272' title='bbox 691 3824 1023 3891; x_wconf 84' lang='lat' dir='ltr'><strong>contingunt,</strong></span> <span class='ocrx_word' id='word_1_273' title='bbox 1054 3836 1249 3889; x_wconf 87' lang='lat' dir='ltr'><strong>nempe</strong></span> <span class='ocrx_word' id='word_1_274' title='bbox 1278 3836 1343 3873; x_wconf 92' lang='lat' dir='ltr'><strong>ne</strong></span> <span class='ocrx_word' id='word_1_275' title='bbox 1372 3820 1699 3889; x_wconf 81' lang='lat' dir='ltr'><strong>voluptatein</strong></span> <span class='ocrx_word' id='word_1_276' title='bbox 1739 3819 1952 3887; x_wconf 86' lang='lat' dir='ltr'><strong>quidem</strong></span> <span class='ocrx_word' id='word_1_277' title='bbox 1979 3820 2141 3871; x_wconf 90' lang='lat' dir='ltr'><strong>ullam</strong></span> 
     </span>
    </p>
   </div>
   <div class='ocr_carea' id='block_1_39' title="bbox 576 3910 2143 3981">
    <p class='ocr_par' dir='ltr' id='par_1_39' title="bbox 576 3910 2143 3981">
     <span class='ocr_line' id='line_1_39' title="bbox 576 3910 2143 3981; baseline -0.005 -12"><span class='ocrx_word' id='word_1_278' title='bbox 576 3916 712 3969; x_wconf 87' lang='lat' dir='ltr'><strong>hanc</strong></span> <span class='ocrx_word' id='word_1_279' title='bbox 742 3930 866 3969; x_wconf 91' lang='lat' dir='ltr'><strong>vere</strong></span> <span class='ocrx_word' id='word_1_280' title='bbox 900 3914 1096 3967; x_wconf 83' lang='lat' dir='ltr'><strong>habere</strong></span> <span class='ocrx_word' id='word_1_281' title='bbox 1124 3926 1301 3981; x_wconf 88' lang='lat' dir='ltr'><strong>posse,</strong></span> <span class='ocrx_word' id='word_1_282' title='bbox 1335 3911 1427 3965; x_wconf 88' lang='lat' dir='ltr'><strong>sed</strong></span> <span class='ocrx_word' id='word_1_283' title='bbox 1459 3911 1634 3980; x_wconf 90' lang='lat' dir='ltr'><strong>potius</strong></span> <span class='ocrx_word' id='word_1_284' title='bbox 1662 3910 2001 3978; x_wconf 88' lang='lat' dir='ltr'><strong>quotidianas</strong></span> <span class='ocrx_word' id='word_1_285' title='bbox 2035 3919 2143 3962; x_wconf 90' lang='lat' dir='ltr'><strong>tur-</strong></span> 
     </span>
    </p>
   </div>
   <div class='ocr_carea' id='block_1_40' title="bbox 565 4000 2143 4061">
    <p class='ocr_par' dir='ltr' id='par_1_40' title="bbox 565 4000 2143 4061">
     <span class='ocr_line' id='line_1_40' title="bbox 565 4000 2143 4061; baseline -0.006 -1"><span class='ocrx_word' id='word_1_286' title='bbox 565 4007 804 4061; x_wconf 86' lang='lat' dir='ltr'><strong>bationes</strong></span> <span class='ocrx_word' id='word_1_287' title='bbox 830 4015 883 4059; x_wconf 92' lang='lat' dir='ltr'><strong>et</strong></span> <span class='ocrx_word' id='word_1_288' title='bbox 908 4004 1309 4057; x_wconf 86' lang='lat' dir='ltr'><strong>antaritudines.</strong></span> <span class='ocrx_word' id='word_1_289' title='bbox 1359 4001 1465 4054; x_wconf 86' lang='lat' dir='ltr'><strong>Nec</strong></span> <span class='ocrx_word' id='word_1_290' title='bbox 1493 4016 1639 4054; x_wconf 86' lang='lat' dir='ltr'><strong>mare</strong></span> <span class='ocrx_word' id='word_1_291' title='bbox 1680 4000 1927 4053; x_wconf 84' lang='lat' dir='ltr'><strong>fluctibus</strong></span> <span class='ocrx_word' id='word_1_292' title='bbox 1960 4000 2028 4052; x_wconf 91' lang='lat' dir='ltr'><strong>ita</strong></span> <span class='ocrx_word' id='word_1_293' title='bbox 2063 4000 2143 4051; x_wconf 85' lang='lat' dir='ltr'><strong>iti-</strong></span> 
     </span>
    </p>
   </div>
   <div class='ocr_carea' id='block_1_41' title="bbox 570 4089 2143 4160">
    <p class='ocr_par' dir='ltr' id='par_1_41' title="bbox 570 4089 2143 4160">
     <span class='ocr_line' id='line_1_41' title="bbox 570 4089 2143 4160; baseline -0.006 -9"><span class='ocrx_word' id='word_1_294' title='bbox 570 4096 838 4157; x_wconf 79' lang='lat' dir='ltr'><strong>tumescit,</strong></span> <span class='ocrx_word' id='word_1_295' title='bbox 866 4105 924 4147; x_wconf 83' lang='grc' dir='ltr'><strong>ιιι</strong></span> <span class='ocrx_word' id='word_1_296' title='bbox 963 4095 1121 4148; x_wconf 92' lang='lat' dir='ltr'><strong>talem</strong></span> <span class='ocrx_word' id='word_1_297' title='bbox 1161 4094 1392 4146; x_wconf 90' lang='lat' dir='ltr'><strong>animam</strong></span> <span class='ocrx_word' id='word_1_298' title='bbox 1418 4107 1448 4145; x_wconf 91' lang='lat' dir='ltr'><strong>a</strong></span> <span class='ocrx_word' id='word_1_299' title='bbox 1473 4092 1884 4160; x_wconf 83' lang='lat' dir='ltr'><strong>cogitationibus</strong></span> <span class='ocrx_word' id='word_1_300' title='bbox 1921 4102 1974 4143; x_wconf 93' lang='lat' dir='ltr'><strong>et</strong></span> <span class='ocrx_word' id='word_1_301' title='bbox 2016 4089 2143 4142; x_wconf 84' lang='lat' dir='ltr'><strong>affe-</strong></span> 
     </span>
    </p>
   </div>
   <div class='ocr_carea' id='block_1_42' title="bbox 571 4181 2145 4250">
    <p class='ocr_par' dir='ltr' id='par_1_42' title="bbox 571 4181 2145 4250">
     <span class='ocr_line' id='line_1_42' title="bbox 571 4181 2145 4250; baseline -0.004 -11"><span class='ocrx_word' id='word_1_302' title='bbox 571 4188 841 4240; x_wconf 90' lang='lat' dir='ltr'><strong>ctionibus</strong></span> <span class='ocrx_word' id='word_1_303' title='bbox 870 4185 1131 4246; x_wconf 88' lang='lat' dir='ltr'><strong>infestari,</strong></span> <span class='ocrx_word' id='word_1_304' title='bbox 1155 4192 1208 4237; x_wconf 88' lang='lat' dir='ltr'><strong>et</strong></span> <span class='ocrx_word' id='word_1_305' title='bbox 1238 4184 1289 4235; x_wconf 94' lang='lat' dir='ltr'><strong>in</strong></span> <span class='ocrx_word' id='word_1_306' title='bbox 1323 4196 1510 4235; x_wconf 89' lang='lat' dir='ltr'><strong>omnes</strong></span> <span class='ocrx_word' id='word_1_307' title='bbox 1541 4191 1645 4233; x_wconf 89' lang='lat' dir='ltr'><strong>tam</strong></span> <span class='ocrx_word' id='word_1_308' title='bbox 1670 4196 1795 4234; x_wconf 90' lang='lat' dir='ltr'><strong>suos</strong></span> <span class='ocrx_word' id='word_1_309' title='bbox 1831 4197 1986 4250; x_wconf 85' lang='lat' dir='ltr'><strong>quani</strong></span> <span class='ocrx_word' id='word_1_310' title='bbox 2015 4181 2145 4233; x_wconf 88' lang='lat' dir='ltr'><strong>alic-</strong></span> 
     </span>
    </p>
   </div>
   <div class='ocr_carea' id='block_1_43' title="bbox 566 4270 2140 4341">
    <p class='ocr_par' dir='ltr' id='par_1_43' title="bbox 566 4270 2140 4341">
     <span class='ocr_line' id='line_1_43' title="bbox 566 4270 2140 4341; baseline -0.007 -10"><span class='ocrx_word' id='word_1_311' title='bbox 566 4292 666 4331; x_wconf 88' lang='lat' dir='ltr'><strong>nos</strong></span> <span class='ocrx_word' id='word_1_312' title='bbox 689 4277 827 4329; x_wconf 89' lang='lat' dir='ltr'><strong>male</strong></span> <span class='ocrx_word' id='word_1_313' title='bbox 849 4276 987 4328; x_wconf 80' lang='lat' dir='ltr'><strong>allici</strong></span> <span class='ocrx_word' id='word_1_314' title='bbox 1014 4274 1273 4328; x_wconf 88' lang='lat' dir='ltr'><strong>videmus.</strong></span> <span class='ocrx_word' id='word_1_315' title='bbox 1302 4273 1369 4325; x_wconf 88' lang='lat' dir='ltr'><strong>Et</strong></span> <span class='ocrx_word' id='word_1_316' title='bbox 1390 4272 1435 4327; x_wconf 89' lang='lat' dir='ltr'><strong>si</strong></span> <span class='ocrx_word' id='word_1_317' title='bbox 1461 4271 1675 4341; x_wconf 90' lang='lat' dir='ltr'><strong>quando</strong></span> <span class='ocrx_word' id='word_1_318' title='bbox 1704 4281 1907 4339; x_wconf 87' lang='lat' dir='ltr'><strong>partem</strong></span> <span class='ocrx_word' id='word_1_319' title='bbox 1932 4270 2140 4323; x_wconf 90' lang='lat' dir='ltr'><strong>illorum</strong></span> 
     </span>
    </p>
   </div>
   <div class='ocr_carea' id='block_1_44' title="bbox 563 4360 2134 4433">
    <p class='ocr_par' dir='ltr' id='par_1_44' title="bbox 563 4360 2134 4433">
     <span class='ocr_line' id='line_1_44' title="bbox 563 4360 2134 4433; baseline -0.004 -13"><span class='ocrx_word' id='word_1_320' title='bbox 563 4367 771 4421; x_wconf 88' lang='lat' dir='ltr'><strong>auferat</strong></span> <span class='ocrx_word' id='word_1_321' title='bbox 806 4366 1031 4433; x_wconf 86' lang='lat' dir='ltr'><strong>aliquis:</strong></span> <span class='ocrx_word' id='word_1_322' title='bbox 1064 4364 1227 4417; x_wconf 87' lang='lat' dir='ltr'><strong>multa</strong></span> <span class='ocrx_word' id='word_1_323' title='bbox 1260 4363 1405 4417; x_wconf 88' lang='lat' dir='ltr'><strong>enim</strong></span> <span class='ocrx_word' id='word_1_324' title='bbox 1443 4362 1708 4427; x_wconf 89' lang='lat' dir='ltr'><strong>accidunt,</strong></span> <span class='ocrx_word' id='word_1_325' title='bbox 1737 4370 1792 4415; x_wconf 87' lang='lat' dir='ltr'><strong>et</strong></span> <span class='ocrx_word' id='word_1_326' title='bbox 1821 4360 1971 4413; x_wconf 88' lang='lat' dir='ltr'><strong>inulti</strong></span> <span class='ocrx_word' id='word_1_327' title='bbox 2006 4360 2134 4413; x_wconf 86' lang='lat' dir='ltr'><strong>insi-</strong></span> 
     </span>
    </p>
   </div>
   <div class='ocr_carea' id='block_1_45' title="bbox 564 4452 2145 4525">
    <p class='ocr_par' dir='ltr' id='par_1_45' title="bbox 564 4452 2145 4525">
     <span class='ocr_line' id='line_1_45' title="bbox 564 4452 2145 4525; baseline -0.004 -13"><span class='ocrx_word' id='word_1_328' title='bbox 564 4460 795 4520; x_wconf 88' lang='lat' dir='ltr'><strong>diautur,</strong></span> <span class='ocrx_word' id='word_1_329' title='bbox 828 4471 1019 4525; x_wconf 85' lang='lat' dir='ltr'><strong>nempe</strong></span> <span class='ocrx_word' id='word_1_330' title='bbox 1046 4455 1365 4509; x_wconf 86' lang='lat' dir='ltr'><strong>famulorum</strong></span> <span class='ocrx_word' id='word_1_331' title='bbox 1395 4453 1715 4522; x_wconf 84' lang='lat' dir='ltr'><strong>malignitas,</strong></span> <span class='ocrx_word' id='word_1_332' title='bbox 1744 4452 2145 4522; x_wconf 86' lang='lat' dir='ltr'><strong>potentiumque</strong></span> 
     </span>
    </p>
   </div>
   <div class='ocr_carea' id='block_1_46' title="bbox 566 4546 2149 4617">
    <p class='ocr_par' dir='ltr' id='par_1_46' title="bbox 566 4546 2149 4617">
     <span class='ocr_line' id='line_1_46' title="bbox 566 4546 2149 4617; baseline -0.002 -16"><span class='ocrx_word' id='word_1_333' title='bbox 566 4552 851 4613; x_wconf 75' lang='lat' dir='ltr'><strong>violentia;</strong></span> <span class='ocrx_word' id='word_1_334' title='bbox 886 4559 1008 4603; x_wconf 88' lang='lat' dir='ltr'><strong>tunc</strong></span> <span class='ocrx_word' id='word_1_335' title='bbox 1048 4550 1228 4617; x_wconf 92' lang='lat' dir='ltr'><strong>utique</strong></span> <span class='ocrx_word' id='word_1_336' title='bbox 1264 4548 1501 4600; x_wconf 87' lang='lat' dir='ltr'><strong>invenies</strong></span> <span class='ocrx_word' id='word_1_337' title='bbox 1532 4547 1649 4599; x_wconf 92' lang='lat' dir='ltr'><strong>illos</strong></span> <span class='ocrx_word' id='word_1_338' title='bbox 1680 4546 1841 4600; x_wconf 84' lang='lat' dir='ltr'><strong>vitam</strong></span> <span class='ocrx_word' id='word_1_339' title='bbox 1873 4547 1968 4600; x_wconf 88' lang='lat' dir='ltr'><strong>sibi</strong></span> <span class='ocrx_word' id='word_1_340' title='bbox 1997 4560 2149 4599; x_wconf 86' lang='lat' dir='ltr'><strong>acer-</strong></span> 
     </span>
    </p>
   </div>
   <div class='ocr_carea' id='block_1_47' title="bbox 570 4636 2145 4707">
    <p class='ocr_par' dir='ltr' id='par_1_47' title="bbox 570 4636 2145 4707">
     <span class='ocr_line' id='line_1_47' title="bbox 570 4636 2145 4707; baseline -0.005 -10"><span class='ocrx_word' id='word_1_341' title='bbox 570 4645 687 4697; x_wconf 83' lang='lat' dir='ltr'><strong>bam</strong></span> <span class='ocrx_word' id='word_1_342' title='bbox 715 4643 932 4695; x_wconf 86' lang='lat' dir='ltr'><strong>ducere.</strong></span> <span class='ocrx_word' id='word_1_343' title='bbox 956 4638 1209 4707; x_wconf 78' lang='lat' dir='ltr'><strong>Qualibus</strong></span> <span class='ocrx_word' id='word_1_344' title='bbox 1246 4639 1406 4707; x_wconf 79' lang='lat' dir='ltr'><strong>igitur</strong></span> <span class='ocrx_word' id='word_1_345' title='bbox 1446 4637 1695 4691; x_wconf 87' lang='lat' dir='ltr'><strong>lamentis</strong></span> <span class='ocrx_word' id='word_1_346' title='bbox 1723 4638 1855 4690; x_wconf 88' lang='lat' dir='ltr'><strong>tales</strong></span> <span class='ocrx_word' id='word_1_347' title='bbox 1896 4652 2000 4690; x_wconf 92' lang='lat' dir='ltr'><strong>non</strong></span> <span class='ocrx_word' id='word_1_348' title='bbox 2033 4636 2145 4689; x_wconf 84' lang='lat' dir='ltr'><strong>fue-</strong></span> 
     </span>
    </p>
   </div>
   <div class='ocr_carea' id='block_1_48' title="bbox 571 4729 2141 4803">
    <p class='ocr_par' dir='ltr' id='par_1_48' title="bbox 571 4729 2141 4803">
     <span class='ocr_line' id='line_1_48' title="bbox 571 4729 2141 4803; baseline -0.005 -15"><span class='ocrx_word' id='word_1_349' title='bbox 571 4737 679 4789; x_wconf 85' lang='lat' dir='ltr'><strong>rint</strong></span> <span class='ocrx_word' id='word_1_350' title='bbox 697 4734 862 4803; x_wconf 87' lang='lat' dir='ltr'><strong>digni,</strong></span> <span class='ocrx_word' id='word_1_351' title='bbox 888 4733 975 4801; x_wconf 92' lang='lat' dir='ltr'><strong>qui</strong></span> <span class='ocrx_word' id='word_1_352' title='bbox 999 4732 1173 4784; x_wconf 90' lang='lat' dir='ltr'><strong>omnia</strong></span> <span class='ocrx_word' id='word_1_353' title='bbox 1196 4729 1367 4784; x_wconf 85' lang='lat' dir='ltr'><strong>facere</strong></span> <span class='ocrx_word' id='word_1_354' title='bbox 1390 4729 1606 4783; x_wconf 91' lang='lat' dir='ltr'><strong>student</strong></span> <span class='ocrx_word' id='word_1_355' title='bbox 1626 4744 1745 4797; x_wconf 68' lang='lat' dir='ltr'><strong>qum</strong></span> <span class='ocrx_word' id='word_1_356' title='bbox 1772 4729 1871 4782; x_wconf 90' lang='lat' dir='ltr'><strong>sibi</strong></span> <span class='ocrx_word' id='word_1_357' title='bbox 1897 4739 2141 4789; x_wconf 88' lang='lat' dir='ltr'><strong>noceant,</strong></span> 
     </span>
    </p>
   </div>
   <div class='ocr_carea' id='block_1_49' title="bbox 565 4818 2143 4895">
    <p class='ocr_par' dir='ltr' id='par_1_49' title="bbox 565 4818 2143 4895">
     <span class='ocr_line' id='line_1_49' title="bbox 565 4818 2143 4895; baseline -0.005 -16"><span class='ocrx_word' id='word_1_358' title='bbox 565 4838 618 4881; x_wconf 84' lang='lat' dir='ltr'><strong>ct</strong></span> <span class='ocrx_word' id='word_1_359' title='bbox 657 4828 707 4879; x_wconf 92' lang='lat' dir='ltr'><strong>iu</strong></span> <span class='ocrx_word' id='word_1_360' title='bbox 740 4824 1029 4895; x_wconf 85' lang='lat' dir='ltr'><strong>perniciem</strong></span> <span class='ocrx_word' id='word_1_361' title='bbox 1071 4822 1263 4875; x_wconf 74' lang='lat' dir='ltr'><strong>anima:</strong></span> <span class='ocrx_word' id='word_1_362' title='bbox 1300 4836 1410 4875; x_wconf 71' lang='lat' dir='ltr'><strong>sua:</strong></span> <span class='ocrx_word' id='word_1_363' title='bbox 1455 4821 1575 4873; x_wconf 88' lang='lat' dir='ltr'><strong>talia</strong></span> <span class='ocrx_word' id='word_1_364' title='bbox 1620 4820 1872 4889; x_wconf 81' lang='lat' dir='ltr'><strong>colligere</strong></span> <span class='ocrx_word' id='word_1_365' title='bbox 1914 4818 2143 4872; x_wconf 90' lang='lat' dir='ltr'><strong>volunt?</strong></span> 
     </span>
    </p>
   </div>
   <div class='ocr_carea' id='block_1_50' title="bbox 569 4912 2141 4983">
    <p class='ocr_par' dir='ltr' id='par_1_50' title="bbox 569 4912 2141 4983">
     <span class='ocr_line' id='line_1_50' title="bbox 569 4912 2141 4983; baseline -0.003 -14"><span class='ocrx_word' id='word_1_366' title='bbox 569 4920 786 4983; x_wconf 78' lang='lat' dir='ltr'><strong>Verum,</strong></span> <span class='ocrx_word' id='word_1_367' title='bbox 821 4920 865 4972; x_wconf 89' lang='lat' dir='ltr'><strong>si</strong></span> <span class='ocrx_word' id='word_1_368' title='bbox 892 4917 1121 4981; x_wconf 89' lang='lat' dir='ltr'><strong>videtur,</strong></span> <span class='ocrx_word' id='word_1_369' title='bbox 1154 4916 1346 4970; x_wconf 92' lang='lat' dir='ltr'><strong>talibus</strong></span> <span class='ocrx_word' id='word_1_370' title='bbox 1381 4916 1582 4969; x_wconf 78' lang='lat' dir='ltr'><strong>reliCtis</strong></span> <span class='ocrx_word' id='word_1_371' title='bbox 1618 4914 1683 4967; x_wconf 92' lang='lat' dir='ltr'><strong>ad</strong></span> <span class='ocrx_word' id='word_1_372' title='bbox 1716 4912 2141 4981; x_wconf 86' lang='lat' dir='ltr'><strong>historiamjusti</strong></span> 
     </span>
    </p>
   </div>
   <div class='ocr_carea' id='block_1_51' title="bbox 574 5004 2139 5081">
    <p class='ocr_par' dir='ltr' id='par_1_51' title="bbox 574 5004 2139 5081">
     <span class='ocr_line' id='line_1_51' title="bbox 574 5004 2139 5081; baseline -0.006 -16"><span class='ocrx_word' id='word_1_373' title='bbox 574 5012 727 5081; x_wconf 85' lang='lat' dir='ltr'><strong>hujus</strong></span> <span class='ocrx_word' id='word_1_374' title='bbox 772 5009 1073 5073; x_wconf 82' lang='lat' dir='ltr'><strong>redeamus,</strong></span> <span class='ocrx_word' id='word_1_375' title='bbox 1106 5018 1161 5063; x_wconf 93' lang='lat' dir='ltr'><strong>et</strong></span> <span class='ocrx_word' id='word_1_376' title='bbox 1218 5008 1491 5061; x_wconf 87' lang='lat' dir='ltr'><strong>videamus</strong></span> <span class='ocrx_word' id='word_1_377' title='bbox 1542 5006 1876 5075; x_wconf 87' lang='lat' dir='ltr'><strong>sequentium</strong></span> <span class='ocrx_word' id='word_1_378' title='bbox 1924 5004 2139 5059; x_wconf 89' lang='lat' dir='ltr'><strong>seriem.</strong></span> 
     </span>
    </p>
   </div>
   <div class='ocr_carea' id='block_1_52' title="bbox 572 5094 2144 5169">
    <p class='ocr_par' dir='ltr' id='par_1_52' title="bbox 572 5094 2144 5169">
     <span class='ocr_line' id='line_1_52' title="bbox 572 5094 2144 5169; baseline -0.005 -15"><span class='ocrx_word' id='word_1_379' title='bbox 572 5103 776 5164; x_wconf 73' lang='lat' dir='ltr'><strong>Erexit,</strong></span> <span class='ocrx_word' id='word_1_380' title='bbox 808 5102 997 5169; x_wconf 90' lang='lat' dir='ltr'><strong>inquit,</strong></span> <span class='ocrx_word' id='word_1_381' title='bbox 1026 5100 1187 5153; x_wconf 89' lang='lat' dir='ltr'><strong>altare</strong></span> <span class='ocrx_word' id='word_1_382' title='bbox 1212 5099 1262 5151; x_wconf 93' lang='lat' dir='ltr'><strong>in</strong></span> <span class='ocrx_word' id='word_1_383' title='bbox 1290 5107 1443 5167; x_wconf 92' lang='lat' dir='ltr'><strong>parte</strong></span> <span class='ocrx_word' id='word_1_384' title='bbox 1468 5097 1602 5165; x_wconf 90' lang='lat' dir='ltr'><strong>agri,</strong></span> <span class='ocrx_word' id='word_1_385' title='bbox 1629 5105 1675 5148; x_wconf 88' lang='lat' dir='ltr'><strong>et</strong></span> <span class='ocrx_word' id='word_1_386' title='bbox 1701 5096 1944 5148; x_wconf 77' lang='lat' dir='ltr'><strong>invocavit</strong></span> <span class='ocrx_word' id='word_1_387' title='bbox 1980 5094 2144 5147; x_wconf 85' lang='lat' dir='ltr'><strong>Deum</strong></span> 
     </span>
    </p>
   </div>
   <div class='ocr_carea' id='block_1_53' title="bbox 572 5191 2135 5264">
    <p class='ocr_par' dir='ltr' id='par_1_53' title="bbox 572 5191 2135 5264">
     <span class='ocr_line' id='line_1_53' title="bbox 572 5191 2135 5264; baseline -0.003 -16"><span class='ocrx_word' id='word_1_388' title='bbox 572 5197 732 5248; x_wconf 73' lang='lat' dir='ltr'><strong>Israel</strong></span> <span class='ocrx_word' id='word_1_389' title='bbox 756 5236 769 5259; x_wconf 93' lang='lat'><strong>,</strong></span> <span class='ocrx_word' id='word_1_390' title='bbox 795 5205 849 5248; x_wconf 85' lang='lat' dir='ltr'><strong>et</strong></span> <span class='ocrx_word' id='word_1_391' title='bbox 887 5205 1066 5264; x_wconf 67' lang='lat' dir='ltr'><strong>postea</strong></span> <span class='ocrx_word' id='word_1_392' title='bbox 1098 5195 1148 5247; x_wconf 91' lang='lat' dir='ltr'><strong>in</strong></span> <span class='ocrx_word' id='word_1_393' title='bbox 1188 5193 1415 5247; x_wconf 89' lang='lat' dir='ltr'><strong>Secimis</strong></span> <span class='ocrx_word' id='word_1_394' title='bbox 1455 5192 1781 5245; x_wconf 84' lang='lat' dir='ltr'><strong>domicilium</strong></span> <span class='ocrx_word' id='word_1_395' title='bbox 1825 5191 2022 5245; x_wconf 88' lang='lat' dir='ltr'><strong>habere</strong></span> <span class='ocrx_word' id='word_1_396' title='bbox 2052 5207 2135 5244; x_wconf 87' lang='lat' dir='ltr'><strong>vo-</strong></span> 
     </span>
    </p>
   </div>
   <div class='ocr_carea' id='block_1_54' title="bbox 572 5284 2139 5355">
    <p class='ocr_par' dir='ltr' id='par_1_54' title="bbox 572 5284 2139 5355">
     <span class='ocr_line' id='line_1_54' title="bbox 572 5284 2139 5355; baseline -0.003 -14"><span class='ocrx_word' id='word_1_397' title='bbox 572 5289 688 5341; x_wconf 88' lang='lat' dir='ltr'><strong>luit.</strong></span> <span class='ocrx_word' id='word_1_398' title='bbox 723 5286 827 5342; x_wconf 87' lang='lat' dir='ltr'><strong>Sed</strong></span> <span class='ocrx_word' id='word_1_399' title='bbox 861 5288 982 5341; x_wconf 90' lang='lat' dir='ltr'><strong>vide</strong></span> <span class='ocrx_word' id='word_1_400' title='bbox 1013 5288 1204 5340; x_wconf 90' lang='lat' dir='ltr'><strong>iterum</strong></span> <span class='ocrx_word' id='word_1_401' title='bbox 1236 5287 1501 5355; x_wconf 89' lang='lat' dir='ltr'><strong>quomodo</strong></span> <span class='ocrx_word' id='word_1_402' title='bbox 1538 5284 1716 5353; x_wconf 87' lang='lat' dir='ltr'><strong>justus</strong></span> <span class='ocrx_word' id='word_1_403' title='bbox 1760 5295 1814 5337; x_wconf 93' lang='lat' dir='ltr'><strong>et</strong></span> <span class='ocrx_word' id='word_1_404' title='bbox 1863 5285 1947 5338; x_wconf 89' lang='lat' dir='ltr'><strong>hic</strong></span> <span class='ocrx_word' id='word_1_405' title='bbox 1992 5300 2139 5337; x_wconf 84' lang='lat' dir='ltr'><strong>suam</strong></span> 
     </span>
    </p>
   </div>
   <div class='ocr_carea' id='block_1_55' title="bbox 569 5376 2143 5448">
    <p class='ocr_par' dir='ltr' id='par_1_55' title="bbox 569 5376 2143 5448">
     <span class='ocr_line' id='line_1_55' title="bbox 569 5376 2143 5448; baseline -0.001 -17"><span class='ocrx_word' id='word_1_406' title='bbox 569 5379 1024 5433; x_wconf 88' lang='lat' dir='ltr'><strong>mansuetudinem</strong></span> <span class='ocrx_word' id='word_1_407' title='bbox 1044 5378 1370 5432; x_wconf 81' lang='lat' dir='ltr'><strong>declarat.Et</strong></span> <span class='ocrx_word' id='word_1_408' title='bbox 1389 5377 1513 5447; x_wconf 91' lang='lat' dir='ltr'><strong>quid</strong></span> <span class='ocrx_word' id='word_1_409' title='bbox 1533 5377 1746 5431; x_wconf 82' lang='lat' dir='ltr'><strong>accidit?</strong></span> <span class='ocrx_word' id='word_1_410' title='bbox 1765 5378 1815 5430; x_wconf 78' lang='lat' dir='ltr'><strong>l.</strong></span> <span class='ocrx_word' id='word_1_411' title='bbox 1838 5376 2051 5448; x_wconf 82' lang='lat' dir='ltr'><strong>Egressa</strong></span> <span class='ocrx_word' id='word_1_412' title='bbox 2073 5388 2143 5430; x_wconf 84' lang='lat' dir='ltr'><strong>est</strong></span> 
     </span>
    </p>
   </div>
   <div class='ocr_carea' id='block_1_56' title="bbox 569 5467 2141 5537">
    <p class='ocr_par' dir='ltr' id='par_1_56' title="bbox 569 5467 2141 5537">
     <span class='ocr_line' id='line_1_56' title="bbox 569 5467 2141 5537; baseline 0 -17"><span class='ocrx_word' id='word_1_413' title='bbox 569 5480 764 5534; x_wconf 84' lang='lat' dir='ltr'><strong>autent,</strong></span> <span class='ocrx_word' id='word_1_414' title='bbox 797 5471 995 5537; x_wconf 87' lang='lat' dir='ltr'><strong>inquit,</strong></span> <span class='ocrx_word' id='word_1_415' title='bbox 1034 5468 1163 5521; x_wconf 88' lang='lat' dir='ltr'><strong>Dina</strong></span> <span class='ocrx_word' id='word_1_416' title='bbox 1192 5468 1299 5537; x_wconf 87' lang='lat' dir='ltr'><strong>ﬁlia</strong></span> <span class='ocrx_word' id='word_1_417' title='bbox 1328 5467 1455 5531; x_wconf 66' lang='lat' dir='ltr'><strong>Litt,</strong></span> <span class='ocrx_word' id='word_1_418' title='bbox 1485 5478 1537 5520; x_wconf 92' lang='lat' dir='ltr'><strong>ut</strong></span> <span class='ocrx_word' id='word_1_419' title='bbox 1568 5468 1753 5521; x_wconf 83' lang='lat' dir='ltr'><strong>videret</strong></span> <span class='ocrx_word' id='word_1_420' title='bbox 1784 5468 1917 5536; x_wconf 86' lang='lat' dir='ltr'><strong>ﬁlias</strong></span> <span class='ocrx_word' id='word_1_421' title='bbox 1945 5469 2141 5537; x_wconf 85' lang='lat' dir='ltr'><strong>indige-</strong></span> 
     </span>
    </p>
   </div>
   <div class='ocr_carea' id='block_1_57' title="bbox 570 5556 2141 5628">
    <p class='ocr_par' dir='ltr' id='par_1_57' title="bbox 570 5556 2141 5628">
     <span class='ocr_line' id='line_1_57' title="bbox 570 5556 2141 5628; baseline 0 -21"><span class='ocrx_word' id='word_1_422' title='bbox 570 5574 768 5610; x_wconf 88' lang='lat' dir='ltr'><strong>narunt.</strong></span> <span class='ocrx_word' id='word_1_423' title='bbox 787 5557 842 5611; x_wconf 74' lang='lat'><strong>‘2.</strong></span> <span class='ocrx_word' id='word_1_424' title='bbox 872 5558 934 5611; x_wconf 82' lang='lat' dir='ltr'><strong>Et</strong></span> <span class='ocrx_word' id='word_1_425' title='bbox 957 5569 1009 5611; x_wconf 85' lang='lat' dir='ltr'><strong>ut</strong></span> <span class='ocrx_word' id='word_1_426' title='bbox 1038 5558 1157 5611; x_wconf 81' lang='lat' dir='ltr'><strong>vidit</strong></span> <span class='ocrx_word' id='word_1_427' title='bbox 1184 5575 1297 5612; x_wconf 86' lang='lat' dir='ltr'><strong>eam</strong></span> <span class='ocrx_word' id='word_1_428' title='bbox 1324 5558 1540 5628; x_wconf 82' lang='lat' dir='ltr'><strong>Sychem</strong></span> <span class='ocrx_word' id='word_1_429' title='bbox 1564 5558 1699 5625; x_wconf 83' lang='lat' dir='ltr'><strong>ﬁlius</strong></span> <span class='ocrx_word' id='word_1_430' title='bbox 1734 5556 1889 5608; x_wconf 79' lang='lat' dir='ltr'><strong>Emor</strong></span> <span class='ocrx_word' id='word_1_431' title='bbox 1908 5597 1922 5620; x_wconf 94' lang='lat'><strong>,</strong></span> <span class='ocrx_word' id='word_1_432' title='bbox 1952 5558 2141 5609; x_wconf 82' lang='lat' dir='ltr'><strong>dormi-</strong></span> 
     </span>
    </p>
   </div>
   <div class='ocr_carea' id='block_1_58' title="bbox 568 5647 2142 5717">
    <p class='ocr_par' dir='ltr' id='par_1_58' title="bbox 568 5647 2142 5717">
     <span class='ocr_line' id='line_1_58' title="bbox 568 5647 2142 5717; baseline 0.001 -20"><span class='ocrx_word' id='word_1_433' title='bbox 568 5648 636 5697; x_wconf 87' lang='lat' dir='ltr'><strong>vit</strong></span> <span class='ocrx_word' id='word_1_434' title='bbox 668 5663 783 5699; x_wconf 88' lang='lat' dir='ltr'><strong>cum</strong></span> <span class='ocrx_word' id='word_1_435' title='bbox 808 5664 900 5714; x_wconf 91' lang='lat' dir='ltr'><strong>ea,</strong></span> <span class='ocrx_word' id='word_1_436' title='bbox 933 5649 986 5702; x_wconf 82' lang='grc'><strong>5.</strong></span> <span class='ocrx_word' id='word_1_437' title='bbox 1016 5658 1061 5700; x_wconf 85' lang='lat' dir='ltr'><strong>et</strong></span> <span class='ocrx_word' id='word_1_438' title='bbox 1097 5649 1273 5702; x_wconf 73' lang='lat' dir='ltr'><strong>dilexit</strong></span> <span class='ocrx_word' id='word_1_439' title='bbox 1311 5648 1589 5717; x_wconf 81' lang='lat' dir='ltr'><strong>virginem,</strong></span> <span class='ocrx_word' id='word_1_440' title='bbox 1619 5657 1668 5700; x_wconf 88' lang='lat' dir='ltr'><strong>et</strong></span> <span class='ocrx_word' id='word_1_441' title='bbox 1706 5647 1942 5716; x_wconf 86' lang='lat' dir='ltr'><strong>loquutus</strong></span> <span class='ocrx_word' id='word_1_442' title='bbox 1986 5656 2057 5698; x_wconf 86' lang='lat' dir='ltr'><strong>est</strong></span> <span class='ocrx_word' id='word_1_443' title='bbox 2097 5647 2142 5698; x_wconf 86' lang='lat' dir='ltr'><strong>ei</strong></span> 
     </span>
    </p>
   </div>
   <div class='ocr_carea' id='block_1_59' title="bbox 565 5736 2141 5809">
    <p class='ocr_par' dir='ltr' id='par_1_59' title="bbox 565 5736 2141 5809">
     <span class='ocr_line' id='line_1_59' title="bbox 565 5736 2141 5809; baseline 0.001 -22"><span class='ocrx_word' id='word_1_444' title='bbox 565 5740 718 5801; x_wconf 75' lang='lat' dir='ltr'><strong>juxta</strong></span> <span class='ocrx_word' id='word_1_445' title='bbox 759 5751 970 5793; x_wconf 85' lang='lat' dir='ltr'><strong>mentem</strong></span> <span class='ocrx_word' id='word_1_446' title='bbox 998 5736 1378 5809; x_wconf 62' lang='lat' dir='ltr'><strong>virginis&#39;wap.</strong></span> <span class='ocrx_word' id='word_1_447' title='bbox 1413 5740 1523 5807; x_wconf 68' lang='lat' dir='ltr'><strong>5&#39;s).</strong></span> <span class='ocrx_word' id='word_1_448' title='bbox 1555 5739 1741 5793; x_wconf 76' lang='lat' dir='ltr'><strong>Vidisti</strong></span> <span class='ocrx_word' id='word_1_449' title='bbox 1780 5748 2034 5807; x_wconf 86' lang='lat' dir='ltr'><strong>quantum</strong></span> <span class='ocrx_word' id='word_1_450' title='bbox 2074 5739 2141 5790; x_wconf 88' lang='lat' dir='ltr'><strong>sit</strong></span> 
     </span>
    </p>
   </div>
   <div class='ocr_carea' id='block_1_60' title="bbox 560 5827 2137 5899">
    <p class='ocr_par' dir='ltr' id='par_1_60' title="bbox 560 5827 2137 5899">
     <span class='ocr_line' id='line_1_60' title="bbox 560 5827 2137 5899; baseline 0.002 -20"><span class='ocrx_word' id='word_1_451' title='bbox 560 5827 813 5894; x_wconf 71' lang='lat' dir='ltr'><strong>juventus</strong></span> <span class='ocrx_word' id='word_1_452' title='bbox 842 5833 1059 5898; x_wconf 90' lang='lat' dir='ltr'><strong>malum,</strong></span> <span class='ocrx_word' id='word_1_453' title='bbox 1086 5830 1296 5899; x_wconf 89' lang='lat' dir='ltr'><strong>quando</strong></span> <span class='ocrx_word' id='word_1_454' title='bbox 1329 5840 1483 5884; x_wconf 66' lang='lat' dir='ltr'><strong>rectae</strong></span> <span class='ocrx_word' id='word_1_455' title='bbox 1511 5831 1730 5885; x_wconf 87' lang='lat' dir='ltr'><strong>rationis</strong></span> <span class='ocrx_word' id='word_1_456' title='bbox 1772 5832 1921 5884; x_wconf 82' lang='lat' dir='ltr'><strong>freno</strong></span> <span class='ocrx_word' id='word_1_457' title='bbox 1966 5830 2137 5883; x_wconf 83' lang='lat' dir='ltr'><strong>caret?</strong></span> 
     </span>
    </p>
   </div>
   <div class='ocr_carea' id='block_1_61' title="bbox 1240 410 3053 473">
    <p class='ocr_par' dir='ltr' id='par_1_61' title="bbox 1240 410 3053 473">
     <span class='ocr_line' id='line_1_61' title="bbox 1240 410 3053 473; baseline -0.002 -1"><span class='ocrx_word' id='word_1_458' title='bbox 1240 418 1295 473; x_wconf 88' lang='lat' dir='ltr'><strong>S.</strong></span> <span class='ocrx_word' id='word_1_459' title='bbox 1337 414 1617 471; x_wconf 73' lang='lat' dir='ltr'><strong>JOANNIS</strong></span> <span class='ocrx_word' id='word_1_460' title='bbox 1641 410 2119 469; x_wconf 78' lang='lat' dir='ltr'><strong>CIIRYSOSTOMI</strong></span> <span class='ocrx_word' id='word_1_461' title='bbox 2161 411 2477 467; x_wconf 77' lang='grc' dir='ltr'><strong>ΑιιεΗιΕΡ.</strong></span> <span class='ocrx_word' id='word_1_462' title='bbox 2521 411 3053 471; x_wconf 79' lang='lat' dir='ltr'><strong>CONSTANTINOP.</strong></span> 
     </span>
    </p>
   </div>
   <div class='ocr_carea' id='block_1_62' title="bbox 3705 420 3818 477">
    <p class='ocr_par' dir='ltr' id='par_1_62' title="bbox 3705 420 3818 477">
     <span class='ocr_line' id='line_1_62' title="bbox 3705 420 3818 477; baseline 0.009 -1"><span class='ocrx_word' id='word_1_463' title='bbox 3705 420 3818 477; x_wconf 68' lang='lat'><strong>516</strong></span> 
     </span>
    </p>
   </div>
   <div class='ocr_carea' id='block_1_63' title="bbox 2226 523 3818 601">
    <p class='ocr_par' dir='ltr' id='par_1_63' title="bbox 2226 523 3818 601">
     <span class='ocr_line' id='line_1_63' title="bbox 2226 523 3818 601; baseline 0.008 -26"><span class='ocrx_word' id='word_1_464' title='bbox 2226 523 2371 577; x_wconf 80' lang='lat' dir='ltr'><strong>Vidit</strong></span> <span class='ocrx_word' id='word_1_465' title='bbox 2424 526 2568 579; x_wconf 91' lang='lat' dir='ltr'><strong>enim</strong></span> <span class='ocrx_word' id='word_1_466' title='bbox 2624 525 2923 595; x_wconf 79' lang='lat' dir='ltr'><strong>virginem,</strong></span> <span class='ocrx_word' id='word_1_467' title='bbox 2971 536 3025 582; x_wconf 90' lang='lat' dir='ltr'><strong>et</strong></span> <span class='ocrx_word' id='word_1_468' title='bbox 3076 538 3217 582; x_wconf 86' lang='lat' dir='ltr'><strong>totus</strong></span> <span class='ocrx_word' id='word_1_469' title='bbox 3265 539 3481 600; x_wconf 90' lang='lat' dir='ltr'><strong>propter</strong></span> <span class='ocrx_word' id='word_1_470' title='bbox 3531 544 3818 601; x_wconf 78' lang='lat' dir='ltr'><strong>aspectum</strong></span> 
     </span>
    </p>
   </div>
   <div class='ocr_carea' id='block_1_64' title="bbox 2222 619 3810 691">
    <p class='ocr_par' dir='ltr' id='par_1_64' title="bbox 2222 619 3810 691">
     <span class='ocr_line' id='line_1_64' title="bbox 2222 619 3810 691; baseline 0.007 -26"><span class='ocrx_word' id='word_1_471' title='bbox 2222 631 2403 667; x_wconf 88' lang='lat' dir='ltr'><strong>amore</strong></span> <span class='ocrx_word' id='word_1_472' title='bbox 2429 626 2725 685; x_wconf 89' lang='lat' dir='ltr'><strong>correptus,</strong></span> <span class='ocrx_word' id='word_1_473' title='bbox 2759 619 3248 687; x_wconf 84' lang='lat' dir='ltr'><strong>concupiscentiam</strong></span> <span class='ocrx_word' id='word_1_474' title='bbox 3274 636 3440 690; x_wconf 88' lang='lat' dir='ltr'><strong>opere</strong></span> <span class='ocrx_word' id='word_1_475' title='bbox 3478 623 3810 691; x_wconf 87' lang='lat' dir='ltr'><strong>complevit,</strong></span> 
     </span>
    </p>
   </div>
   <div class='ocr_carea' id='block_1_65' title="bbox 2224 708 3818 786">
    <p class='ocr_par' dir='ltr' id='par_1_65' title="bbox 2224 708 3818 786">
     <span class='ocr_line' id='line_1_65' title="bbox 2224 708 3818 786; baseline 0.006 -29"><span class='ocrx_word' id='word_1_476' title='bbox 2224 715 2269 757; x_wconf 91' lang='lat' dir='ltr'><strong>et</strong></span> <span class='ocrx_word' id='word_1_477' title='bbox 2296 708 2530 775; x_wconf 75' lang='lat' dir='ltr'><strong>loquutus</strong></span> <span class='ocrx_word' id='word_1_478' title='bbox 2558 720 2627 762; x_wconf 82' lang='lat' dir='ltr'><strong>est</strong></span> <span class='ocrx_word' id='word_1_479' title='bbox 2656 711 2700 761; x_wconf 91' lang='lat' dir='ltr'><strong>ei</strong></span> <span class='ocrx_word' id='word_1_480' title='bbox 2715 710 2869 778; x_wconf 76' lang='lat' dir='ltr'><strong>juxta</strong></span> <span class='ocrx_word' id='word_1_481' title='bbox 2889 720 3097 763; x_wconf 85' lang='lat' dir='ltr'><strong>mentem</strong></span> <span class='ocrx_word' id='word_1_482' title='bbox 3116 710 3342 779; x_wconf 81' lang='lat' dir='ltr'><strong>virginis.</strong></span> <span class='ocrx_word' id='word_1_483' title='bbox 3364 711 3497 777; x_wconf 84' lang='lat' dir='ltr'><strong>Quid</strong></span> <span class='ocrx_word' id='word_1_484' title='bbox 3521 724 3623 780; x_wconf 86' lang='lat' dir='ltr'><strong>est,</strong></span> <span class='ocrx_word' id='word_1_485' title='bbox 3652 716 3818 786; x_wconf 73' lang='lat' dir='ltr'><strong>juxta</strong></span> 
     </span>
    </p>
   </div>
   <div class='ocr_carea' id='block_1_66' title="bbox 2226 800 3818 873">
    <p class='ocr_par' dir='ltr' id='par_1_66' title="bbox 2226 800 3818 873">
     <span class='ocr_line' id='line_1_66' title="bbox 2226 800 3818 873; baseline 0.004 -24"><span class='ocrx_word' id='word_1_486' title='bbox 2226 808 2439 851; x_wconf 80' lang='lat' dir='ltr'><strong>mentem</strong></span> <span class='ocrx_word' id='word_1_487' title='bbox 2478 800 2728 868; x_wconf 76' lang='lat' dir='ltr'><strong>virginis?</strong></span> <span class='ocrx_word' id='word_1_488' title='bbox 2751 800 3012 866; x_wconf 85' lang='lat' dir='ltr'><strong>Quoniam</strong></span> <span class='ocrx_word' id='word_1_489' title='bbox 3040 802 3251 869; x_wconf 87' lang='lat' dir='ltr'><strong>juvenis</strong></span> <span class='ocrx_word' id='word_1_490' title='bbox 3278 812 3395 856; x_wconf 90' lang='lat' dir='ltr'><strong>erat</strong></span> <span class='ocrx_word' id='word_1_491' title='bbox 3426 804 3598 872; x_wconf 89' lang='lat' dir='ltr'><strong>puella</strong></span> <span class='ocrx_word' id='word_1_492' title='bbox 3618 846 3630 867; x_wconf 95' lang='lat'><strong>,</strong></span> <span class='ocrx_word' id='word_1_493' title='bbox 3661 805 3818 873; x_wconf 89' lang='lat' dir='ltr'><strong>ejus-</strong></span> 
     </span>
    </p>
   </div>
   <div class='ocr_carea' id='block_1_67' title="bbox 2229 890 3818 965">
    <p class='ocr_par' dir='ltr' id='par_1_67' title="bbox 2229 890 3818 965">
     <span class='ocr_line' id='line_1_67' title="bbox 2229 890 3818 965; baseline 0.004 -22"><span class='ocrx_word' id='word_1_494' title='bbox 2229 890 2371 944; x_wconf 89' lang='lat' dir='ltr'><strong>modi</strong></span> <span class='ocrx_word' id='word_1_495' title='bbox 2397 895 2579 958; x_wconf 88' lang='lat' dir='ltr'><strong>verba,</strong></span> <span class='ocrx_word' id='word_1_496' title='bbox 2607 893 2807 962; x_wconf 89' lang='lat' dir='ltr'><strong>inquit,</strong></span> <span class='ocrx_word' id='word_1_497' title='bbox 2836 908 2957 947; x_wconf 88' lang='lat' dir='ltr'><strong>cum</strong></span> <span class='ocrx_word' id='word_1_498' title='bbox 2989 909 3049 947; x_wconf 91' lang='lat' dir='ltr'><strong>ea</strong></span> <span class='ocrx_word' id='word_1_499' title='bbox 3082 894 3331 964; x_wconf 89' lang='lat' dir='ltr'><strong>loquutus</strong></span> <span class='ocrx_word' id='word_1_500' title='bbox 3359 906 3472 958; x_wconf 92' lang='lat' dir='ltr'><strong>est,</strong></span> <span class='ocrx_word' id='word_1_501' title='bbox 3500 912 3616 965; x_wconf 68' lang='lat' dir='ltr'><strong>qua:</strong></span> <span class='ocrx_word' id='word_1_502' title='bbox 3658 896 3818 950; x_wconf 85' lang='lat' dir='ltr'><strong>suffi-</strong></span> 
     </span>
    </p>
   </div>
   <div class='ocr_carea' id='block_1_68' title="bbox 2227 984 3816 1058">
    <p class='ocr_par' dir='ltr' id='par_1_68' title="bbox 2227 984 3816 1058">
     <span class='ocr_line' id='line_1_68' title="bbox 2227 984 3816 1058; baseline 0.004 -21"><span class='ocrx_word' id='word_1_503' title='bbox 2227 984 2439 1037; x_wconf 90' lang='lat' dir='ltr'><strong>ciebant</strong></span> <span class='ocrx_word' id='word_1_504' title='bbox 2487 984 2553 1038; x_wconf 92' lang='lat' dir='ltr'><strong>ad</strong></span> <span class='ocrx_word' id='word_1_505' title='bbox 2596 986 2988 1039; x_wconf 90' lang='lat' dir='ltr'><strong>conciliandum</strong></span> <span class='ocrx_word' id='word_1_506' title='bbox 3014 988 3113 1040; x_wconf 90' lang='lat' dir='ltr'><strong>sibi</strong></span> <span class='ocrx_word' id='word_1_507' title='bbox 3144 1003 3282 1041; x_wconf 84' lang='lat' dir='ltr'><strong>eam.</strong></span> <span class='ocrx_word' id='word_1_508' title='bbox 3316 989 3381 1041; x_wconf 79' lang='lat' dir='ltr'><strong>Et</strong></span> <span class='ocrx_word' id='word_1_509' title='bbox 3414 990 3585 1058; x_wconf 87' lang='lat' dir='ltr'><strong>inquit</strong></span> <span class='ocrx_word' id='word_1_510' title='bbox 3611 990 3674 1043; x_wconf 88' lang='lat' dir='ltr'><strong>ad</strong></span> <span class='ocrx_word' id='word_1_511' title='bbox 3715 1007 3816 1058; x_wconf 86' lang='lat' dir='ltr'><strong>pa-</strong></span> 
     </span>
    </p>
   </div>
   <div class='ocr_carea' id='block_1_69' title="bbox 2231 1075 3817 1145">
    <p class='ocr_par' dir='ltr' id='par_1_69' title="bbox 2231 1075 3817 1145">
     <span class='ocr_line' id='line_1_69' title="bbox 2231 1075 3817 1145; baseline 0.004 -18"><span class='ocrx_word' id='word_1_512' title='bbox 2231 1085 2361 1128; x_wconf 88' lang='lat' dir='ltr'><strong>trem</strong></span> <span class='ocrx_word' id='word_1_513' title='bbox 2388 1091 2402 1127; x_wconf 92' lang='lat'><strong>:</strong></span> <span class='ocrx_word' id='word_1_514' title='bbox 2429 1076 2482 1126; x_wconf 78' lang='grc' dir='ltr'><strong><em>ι.</em></strong></span> <span class='ocrx_word' id='word_1_515' title='bbox 2514 1075 2695 1144; x_wconf 78' lang='lat' dir='ltr'><strong>Accipe</strong></span> <span class='ocrx_word' id='word_1_516' title='bbox 2723 1076 2848 1128; x_wconf 88' lang='lat' dir='ltr'><strong>mihi</strong></span> <span class='ocrx_word' id='word_1_517' title='bbox 2872 1078 3092 1145; x_wconf 77' lang='lat' dir='ltr'><strong>puellum</strong></span> <span class='ocrx_word' id='word_1_518' title='bbox 3123 1078 3257 1130; x_wconf 89' lang='lat' dir='ltr'><strong>hanc</strong></span> <span class='ocrx_word' id='word_1_519' title='bbox 3304 1080 3354 1131; x_wconf 86' lang='lat' dir='ltr'><strong>in</strong></span> <span class='ocrx_word' id='word_1_520' title='bbox 3385 1096 3613 1132; x_wconf 74' lang='lat' dir='ltr'><strong>uxorem.</strong></span> <span class='ocrx_word' id='word_1_521' title='bbox 3644 1082 3817 1133; x_wconf 83' lang='lat' dir='ltr'><strong>Audi-</strong></span> 
     </span>
    </p>
   </div>
   <div class='ocr_carea' id='block_1_70' title="bbox 2229 1165 3821 1238">
    <p class='ocr_par' dir='ltr' id='par_1_70' title="bbox 2229 1165 3821 1238">
     <span class='ocr_line' id='line_1_70' title="bbox 2229 1165 3821 1238; baseline 0.002 -21"><span class='ocrx_word' id='word_1_522' title='bbox 2229 1166 2305 1218; x_wconf 89' lang='lat' dir='ltr'><strong>vit</strong></span> <span class='ocrx_word' id='word_1_523' title='bbox 2324 1176 2505 1219; x_wconf 90' lang='lat' dir='ltr'><strong>autem</strong></span> <span class='ocrx_word' id='word_1_524' title='bbox 2532 1165 2696 1219; x_wconf 85' lang='lat' dir='ltr'><strong>Jacob</strong></span> <span class='ocrx_word' id='word_1_525' title='bbox 2723 1166 2915 1219; x_wconf 91' lang='lat' dir='ltr'><strong>factum</strong></span> <span class='ocrx_word' id='word_1_526' title='bbox 2939 1206 2953 1231; x_wconf 97' lang='lat'><strong>,</strong></span> <span class='ocrx_word' id='word_1_527' title='bbox 2985 1176 3039 1221; x_wconf 89' lang='lat' dir='ltr'><strong>et</strong></span> <span class='ocrx_word' id='word_1_528' title='bbox 3067 1178 3190 1221; x_wconf 91' lang='lat' dir='ltr'><strong>tunc</strong></span> <span class='ocrx_word' id='word_1_529' title='bbox 3220 1169 3408 1223; x_wconf 80' lang='lat' dir='ltr'><strong>leviter</strong></span> <span class='ocrx_word' id='word_1_530' title='bbox 3450 1170 3592 1235; x_wconf 87' lang='lat' dir='ltr'><strong>tulit,</strong></span> <span class='ocrx_word' id='word_1_531' title='bbox 3617 1186 3821 1238; x_wconf 76' lang='lat' dir='ltr'><strong>exspe-</strong></span> 
     </span>
    </p>
   </div>
   <div class='ocr_carea' id='block_1_71' title="bbox 2230 1256 3816 1329">
    <p class='ocr_par' dir='ltr' id='par_1_71' title="bbox 2230 1256 3816 1329">
     <span class='ocr_line' id='line_1_71' title="bbox 2230 1256 3816 1329; baseline 0.003 -20"><span class='ocrx_word' id='word_1_532' title='bbox 2230 1266 2379 1309; x_wconf 90' lang='lat' dir='ltr'><strong>ctans</strong></span> <span class='ocrx_word' id='word_1_533' title='bbox 2402 1256 2621 1309; x_wconf 86' lang='lat' dir='ltr'><strong>fratrum</strong></span> <span class='ocrx_word' id='word_1_534' title='bbox 2649 1257 2765 1324; x_wconf 89' lang='lat' dir='ltr'><strong>ejus</strong></span> <span class='ocrx_word' id='word_1_535' title='bbox 2790 1257 3098 1311; x_wconf 87' lang='lat' dir='ltr'><strong>adventum.</strong></span> <span class='ocrx_word' id='word_1_536' title='bbox 3134 1258 3296 1312; x_wconf 87' lang='lat' dir='ltr'><strong>Erant</strong></span> <span class='ocrx_word' id='word_1_537' title='bbox 3322 1261 3463 1313; x_wconf 91' lang='lat' dir='ltr'><strong>enim</strong></span> <span class='ocrx_word' id='word_1_538' title='bbox 3495 1261 3545 1312; x_wconf 90' lang='lat' dir='ltr'><strong>in</strong></span> <span class='ocrx_word' id='word_1_539' title='bbox 3579 1262 3816 1329; x_wconf 77' lang='lat' dir='ltr'><strong>pascuis.</strong></span> 
     </span>
    </p>
   </div>
   <div class='ocr_carea' id='block_1_72' title="bbox 2232 1347 3820 1417">
    <p class='ocr_par' dir='ltr' id='par_1_72' title="bbox 2232 1347 3820 1417">
     <span class='ocr_line' id='line_1_72' title="bbox 2232 1347 3820 1417; baseline 0 -16"><span class='ocrx_word' id='word_1_540' title='bbox 2232 1349 2285 1401; x_wconf 84' lang='lat'><strong>5.</strong></span> <span class='ocrx_word' id='word_1_541' title='bbox 2313 1347 2378 1401; x_wconf 87' lang='lat' dir='ltr'><strong>Et</strong></span> <span class='ocrx_word' id='word_1_542' title='bbox 2404 1349 2563 1410; x_wconf 85' lang='lat' dir='ltr'><strong>siluit,</strong></span> <span class='ocrx_word' id='word_1_543' title='bbox 2597 1348 2768 1417; x_wconf 88' lang='lat' dir='ltr'><strong>inquit</strong></span> <span class='ocrx_word' id='word_1_544' title='bbox 2792 1391 2803 1408; x_wconf 85' lang='lat'><strong>.</strong></span> <span class='ocrx_word' id='word_1_545' title='bbox 2836 1348 2995 1402; x_wconf 85' lang='lat' dir='ltr'><strong>Jacob</strong></span> <span class='ocrx_word' id='word_1_546' title='bbox 3015 1390 3030 1413; x_wconf 92' lang='lat'><strong>,</strong></span> <span class='ocrx_word' id='word_1_547' title='bbox 3055 1349 3215 1402; x_wconf 72' lang='lat' dir='ltr'><strong>donec</strong></span> <span class='ocrx_word' id='word_1_548' title='bbox 3241 1352 3463 1404; x_wconf 81' lang='lat' dir='ltr'><strong>venirent</strong></span> <span class='ocrx_word' id='word_1_549' title='bbox 3492 1352 3585 1403; x_wconf 87' lang='lat' dir='ltr'><strong>illi.</strong></span> <span class='ocrx_word' id='word_1_550' title='bbox 3609 1351 3661 1403; x_wconf 82' lang='lat'><strong>6.</strong></span> <span class='ocrx_word' id='word_1_551' title='bbox 3684 1350 3820 1404; x_wconf 83' lang='lat' dir='ltr'><strong>Cum</strong></span> 
     </span>
    </p>
   </div>
   <div class='ocr_carea' id='block_1_73' title="bbox 2233 1440 3823 1511">
    <p class='ocr_par' dir='ltr' id='par_1_73' title="bbox 2233 1440 3823 1511">
     <span class='ocr_line' id='line_1_73' title="bbox 2233 1440 3823 1511; baseline -0.001 -17"><span class='ocrx_word' id='word_1_552' title='bbox 2233 1453 2397 1494; x_wconf 89' lang='lat' dir='ltr'><strong>autem</strong></span> <span class='ocrx_word' id='word_1_553' title='bbox 2425 1442 2634 1494; x_wconf 80' lang='lat' dir='ltr'><strong>venisset</strong></span> <span class='ocrx_word' id='word_1_554' title='bbox 2661 1441 2819 1493; x_wconf 78' lang='lat' dir='ltr'><strong>Emor</strong></span> <span class='ocrx_word' id='word_1_555' title='bbox 2844 1440 2912 1493; x_wconf 92' lang='lat' dir='ltr'><strong>ad</strong></span> <span class='ocrx_word' id='word_1_556' title='bbox 2940 1440 3129 1504; x_wconf 84' lang='lat' dir='ltr'><strong>Jacob,</strong></span> <span class='ocrx_word' id='word_1_557' title='bbox 3161 1442 3212 1493; x_wconf 91' lang='lat'><strong>7.</strong></span> <span class='ocrx_word' id='word_1_558' title='bbox 3243 1452 3481 1494; x_wconf 82' lang='lat' dir='ltr'><strong>venerant</strong></span> <span class='ocrx_word' id='word_1_559' title='bbox 3528 1452 3575 1495; x_wconf 88' lang='lat' dir='ltr'><strong>et</strong></span> <span class='ocrx_word' id='word_1_560' title='bbox 3631 1447 3823 1511; x_wconf 57' lang='lat' dir='ltr'><strong>fratres</strong></span> 
     </span>
    </p>
   </div>
   <div class='ocr_carea' id='block_1_74' title="bbox 2235 1532 3820 1599">
    <p class='ocr_par' dir='ltr' id='par_1_74' title="bbox 2235 1532 3820 1599">
     <span class='ocr_line' id='line_1_74' title="bbox 2235 1532 3820 1599; baseline -0.002 -13"><span class='ocrx_word' id='word_1_561' title='bbox 2235 1532 2406 1599; x_wconf 71' lang='lat' dir='ltr'><strong>Diade,</strong></span> <span class='ocrx_word' id='word_1_562' title='bbox 2434 1542 2478 1587; x_wconf 90' lang='lat' dir='ltr'><strong>et</strong></span> <span class='ocrx_word' id='word_1_563' title='bbox 2498 1549 2613 1585; x_wconf 91' lang='lat' dir='ltr'><strong>cum</strong></span> <span class='ocrx_word' id='word_1_564' title='bbox 2642 1532 2944 1585; x_wconf 83' lang='lat' dir='ltr'><strong>audivissent</strong></span> <span class='ocrx_word' id='word_1_565' title='bbox 2974 1548 3087 1599; x_wconf 78' lang='lat' dir='ltr'><strong>qua:</strong></span> <span class='ocrx_word' id='word_1_566' title='bbox 3124 1532 3259 1599; x_wconf 79' lang='lat' dir='ltr'><strong>facta</strong></span> <span class='ocrx_word' id='word_1_567' title='bbox 3300 1543 3441 1585; x_wconf 87' lang='lat' dir='ltr'><strong>erant</strong></span> <span class='ocrx_word' id='word_1_568' title='bbox 3481 1534 3642 1585; x_wconf 84' lang='lat' dir='ltr'><strong>sorori</strong></span> <span class='ocrx_word' id='word_1_569' title='bbox 3668 1549 3783 1584; x_wconf 65' lang='lat' dir='ltr'><strong>sum</strong></span> <span class='ocrx_word' id='word_1_570' title='bbox 3806 1575 3820 1593; x_wconf 84' lang='lat'><strong>,</strong></span> 
     </span>
    </p>
   </div>
   <div class='ocr_carea' id='block_1_75' title="bbox 2234 1622 3825 1693">
    <p class='ocr_par' dir='ltr' id='par_1_75' title="bbox 2234 1622 3825 1693">
     <span class='ocr_line' id='line_1_75' title="bbox 2234 1622 3825 1693; baseline -0.001 -17"><span class='ocrx_word' id='word_1_571' title='bbox 2234 1624 2517 1693; x_wconf 87' lang='lat' dir='ltr'><strong>compuncti</strong></span> <span class='ocrx_word' id='word_1_572' title='bbox 2545 1632 2678 1677; x_wconf 90' lang='lat' dir='ltr'><strong>sunt.</strong></span> <span class='ocrx_word' id='word_1_573' title='bbox 2702 1622 2838 1688; x_wconf 88' lang='lat' dir='ltr'><strong>Quid</strong></span> <span class='ocrx_word' id='word_1_574' title='bbox 2882 1630 2964 1676; x_wconf 92' lang='lat' dir='ltr'><strong>est</strong></span> <span class='ocrx_word' id='word_1_575' title='bbox 2983 1664 2997 1689; x_wconf 94' lang='lat'><strong>,</strong></span> <span class='ocrx_word' id='word_1_576' title='bbox 3028 1625 3313 1691; x_wconf 78' lang='lat' dir='ltr'><strong>compuncti</strong></span> <span class='ocrx_word' id='word_1_577' title='bbox 3337 1635 3450 1676; x_wconf 84' lang='lat' dir='ltr'><strong>sunt</strong></span> <span class='ocrx_word' id='word_1_578' title='bbox 3468 1625 3494 1676; x_wconf 83' lang='lat'><strong>.’</strong></span> <span class='ocrx_word' id='word_1_579' title='bbox 3519 1625 3825 1676; x_wconf 82' lang='lat' dir='ltr'><strong>contristati</strong></span> 
     </span>
    </p>
   </div>
   <div class='ocr_carea' id='block_1_76' title="bbox 2236 1714 3827 1784">
    <p class='ocr_par' dir='ltr' id='par_1_76' title="bbox 2236 1714 3827 1784">
     <span class='ocr_line' id='line_1_76' title="bbox 2236 1714 3827 1784; baseline -0.003 -15"><span class='ocrx_word' id='word_1_580' title='bbox 2236 1725 2380 1778; x_wconf 88' lang='lat' dir='ltr'><strong>sunt,</strong></span> <span class='ocrx_word' id='word_1_581' title='bbox 2415 1730 2634 1784; x_wconf 90' lang='lat' dir='ltr'><strong>remque</strong></span> <span class='ocrx_word' id='word_1_582' title='bbox 2668 1714 3059 1769; x_wconf 83' lang='lat' dir='ltr'><strong>intolerabilem</strong></span> <span class='ocrx_word' id='word_1_583' title='bbox 3089 1730 3208 1769; x_wconf 82' lang='lat' dir='ltr'><strong>esse</strong></span> <span class='ocrx_word' id='word_1_584' title='bbox 3239 1725 3561 1782; x_wconf 86' lang='lat' dir='ltr'><strong>putaverunt</strong></span> <span class='ocrx_word' id='word_1_585' title='bbox 3601 1727 3655 1767; x_wconf 82' lang='lat' dir='ltr'><strong>et</strong></span> <span class='ocrx_word' id='word_1_586' title='bbox 3693 1731 3827 1783; x_wconf 83' lang='lat' dir='ltr'><strong>gra-</strong></span> 
     </span>
    </p>
   </div>
   <div class='ocr_carea' id='block_1_77' title="bbox 2240 1804 3828 1873">
    <p class='ocr_par' dir='ltr' id='par_1_77' title="bbox 2240 1804 3828 1873">
     <span class='ocr_line' id='line_1_77' title="bbox 2240 1804 3828 1873; baseline -0.002 -15"><span class='ocrx_word' id='word_1_587' title='bbox 2240 1806 2510 1859; x_wconf 88' lang='lat' dir='ltr'><strong>vissimam</strong></span> <span class='ocrx_word' id='word_1_588' title='bbox 2537 1846 2553 1868; x_wconf 95' lang='lat'><strong>,</strong></span> <span class='ocrx_word' id='word_1_589' title='bbox 2581 1814 2800 1873; x_wconf 90' lang='lat' dir='ltr'><strong>eratque</strong></span> <span class='ocrx_word' id='word_1_590' title='bbox 2827 1805 2905 1859; x_wconf 91' lang='lat' dir='ltr'><strong>eis</strong></span> <span class='ocrx_word' id='word_1_591' title='bbox 2935 1806 3195 1859; x_wconf 75' lang='lat' dir='ltr'><strong>mmrendi</strong></span> <span class='ocrx_word' id='word_1_592' title='bbox 3226 1822 3413 1873; x_wconf 78' lang='lat' dir='ltr'><strong>magna</strong></span> <span class='ocrx_word' id='word_1_593' title='bbox 3440 1808 3670 1858; x_wconf 65' lang='lat' dir='ltr'><strong>occasio.</strong></span> <span class='ocrx_word' id='word_1_594' title='bbox 3700 1804 3828 1856; x_wconf 69' lang='lat' dir='ltr'><strong>Ma-</strong></span> 
     </span>
    </p>
   </div>
   <div class='ocr_carea' id='block_1_78' title="bbox 2237 1895 3836 1966">
    <p class='ocr_par' dir='ltr' id='par_1_78' title="bbox 2237 1895 3836 1966">
     <span class='ocr_line' id='line_1_78' title="bbox 2237 1895 3836 1966; baseline -0.002 -19"><span class='ocrx_word' id='word_1_595' title='bbox 2237 1913 2337 1966; x_wconf 88' lang='lat' dir='ltr'><strong>gna</strong></span> <span class='ocrx_word' id='word_1_596' title='bbox 2358 1896 2510 1963; x_wconf 87' lang='lat' dir='ltr'><strong>enim,</strong></span> <span class='ocrx_word' id='word_1_597' title='bbox 2544 1896 2734 1963; x_wconf 87' lang='lat' dir='ltr'><strong>inquit,</strong></span> <span class='ocrx_word' id='word_1_598' title='bbox 2758 1912 2841 1948; x_wconf 84' lang='lat' dir='ltr'><strong>cos</strong></span> <span class='ocrx_word' id='word_1_599' title='bbox 2888 1897 3091 1949; x_wconf 88' lang='lat' dir='ltr'><strong>tristitia</strong></span> <span class='ocrx_word' id='word_1_600' title='bbox 3119 1895 3388 1965; x_wconf 64' lang='lat' dir='ltr'><strong>aﬂiciebat,</strong></span> <span class='ocrx_word' id='word_1_601' title='bbox 3418 1897 3551 1963; x_wconf 87' lang='lat' dir='ltr'><strong>quod</strong></span> <span class='ocrx_word' id='word_1_602' title='bbox 3581 1912 3685 1947; x_wconf 78' lang='lat' dir='ltr'><strong>rem</strong></span> <span class='ocrx_word' id='word_1_603' title='bbox 3719 1905 3836 1945; x_wconf 77' lang='lat' dir='ltr'><strong>tur-</strong></span> 
     </span>
    </p>
   </div>
   <div class='ocr_carea' id='block_1_79' title="bbox 2238 1984 3840 2055">
    <p class='ocr_par' dir='ltr' id='par_1_79' title="bbox 2238 1984 3840 2055">
     <span class='ocr_line' id='line_1_79' title="bbox 2238 1984 3840 2055; baseline -0.002 -17"><span class='ocrx_word' id='word_1_604' title='bbox 2238 2002 2352 2054; x_wconf 87' lang='lat' dir='ltr'><strong>pem</strong></span> <span class='ocrx_word' id='word_1_605' title='bbox 2380 1990 2565 2055; x_wconf 82' lang='lat' dir='ltr'><strong>fecerat</strong></span> <span class='ocrx_word' id='word_1_606' title='bbox 2593 1987 2645 2038; x_wconf 89' lang='lat' dir='ltr'><strong>in</strong></span> <span class='ocrx_word' id='word_1_607' title='bbox 2675 1984 2844 2039; x_wconf 77' lang='lat' dir='ltr'><strong>lsrae&#39;l</strong></span> <span class='ocrx_word' id='word_1_608' title='bbox 2862 1986 3081 2055; x_wconf 86' lang='lat' dir='ltr'><strong>Sychem</strong></span> <span class='ocrx_word' id='word_1_609' title='bbox 3102 2028 3114 2049; x_wconf 92' lang='lat'><strong>,</strong></span> <span class='ocrx_word' id='word_1_610' title='bbox 3143 1987 3228 2055; x_wconf 89' lang='lat' dir='ltr'><strong>qui</strong></span> <span class='ocrx_word' id='word_1_611' title='bbox 3248 1986 3547 2039; x_wconf 85' lang='lat' dir='ltr'><strong>dormiverat</strong></span> <span class='ocrx_word' id='word_1_612' title='bbox 3573 2002 3689 2037; x_wconf 81' lang='lat' dir='ltr'><strong>cum</strong></span> <span class='ocrx_word' id='word_1_613' title='bbox 3718 1987 3840 2051; x_wconf 85' lang='lat' dir='ltr'><strong>ﬁlia</strong></span> 
     </span>
    </p>
   </div>
   <div class='ocr_carea' id='block_1_80' title="bbox 2238 2075 3838 2143">
    <p class='ocr_par' dir='ltr' id='par_1_80' title="bbox 2238 2075 3838 2143">
     <span class='ocr_line' id='line_1_80' title="bbox 2238 2075 3838 2143; baseline -0.001 -15"><span class='ocrx_word' id='word_1_614' title='bbox 2238 2075 2419 2129; x_wconf 74' lang='lat' dir='ltr'><strong>Iacob.</strong></span> <span class='ocrx_word' id='word_1_615' title='bbox 2473 2076 2632 2132; x_wconf 79' lang='lat' dir='ltr'><strong>Vides</strong></span> <span class='ocrx_word' id='word_1_616' title='bbox 2687 2078 2917 2131; x_wconf 88' lang='lat' dir='ltr'><strong>filiorum</strong></span> <span class='ocrx_word' id='word_1_617' title='bbox 2953 2078 3384 2131; x_wconf 82' lang='lat' dir='ltr'><strong>continentiam?</strong></span> <span class='ocrx_word' id='word_1_618' title='bbox 3432 2077 3838 2143; x_wconf 84' lang='lat' dir='ltr'><strong>turpitudinem</strong></span> 
     </span>
    </p>
   </div>
   <div class='ocr_carea' id='block_1_81' title="bbox 2242 2167 3841 2237">
    <p class='ocr_par' dir='ltr' id='par_1_81' title="bbox 2242 2167 3841 2237">
     <span class='ocr_line' id='line_1_81' title="bbox 2242 2167 3841 2237; baseline -0.004 -15"><span class='ocrx_word' id='word_1_619' title='bbox 2242 2169 2524 2222; x_wconf 81' lang='lat' dir='ltr'><strong>maximam</strong></span> <span class='ocrx_word' id='word_1_620' title='bbox 2553 2168 2654 2223; x_wconf 89' lang='lat' dir='ltr'><strong>hoc</strong></span> <span class='ocrx_word' id='word_1_621' title='bbox 2692 2170 2886 2222; x_wconf 91' lang='lat' dir='ltr'><strong>factum</strong></span> <span class='ocrx_word' id='word_1_622' title='bbox 2915 2167 3281 2237; x_wconf 84' lang='lat' dir='ltr'><strong>reputabant?</strong></span> <span class='ocrx_word' id='word_1_623' title='bbox 3323 2168 3511 2221; x_wconf 80' lang='lat' dir='ltr'><strong>Vidisti</strong></span> <span class='ocrx_word' id='word_1_624' title='bbox 3548 2167 3841 2237; x_wconf 76' lang='lat' dir='ltr'><strong>quomodo</strong></span> 
     </span>
    </p>
   </div>
   <div class='ocr_carea' id='block_1_82' title="bbox 2237 2261 3843 2332">
    <p class='ocr_par' dir='ltr' id='par_1_82' title="bbox 2237 2261 3843 2332">
     <span class='ocr_line' id='line_1_82' title="bbox 2237 2261 3843 2332; baseline -0.001 -17"><span class='ocrx_word' id='word_1_625' title='bbox 2237 2264 2413 2332; x_wconf 81' lang='lat' dir='ltr'><strong>justus</strong></span> <span class='ocrx_word' id='word_1_626' title='bbox 2450 2278 2643 2332; x_wconf 89' lang='lat' dir='ltr'><strong>pueros</strong></span> <span class='ocrx_word' id='word_1_627' title='bbox 2689 2278 2816 2318; x_wconf 88' lang='lat' dir='ltr'><strong>suos</strong></span> <span class='ocrx_word' id='word_1_628' title='bbox 2859 2263 3051 2317; x_wconf 89' lang='lat' dir='ltr'><strong>erudiit</strong></span> <span class='ocrx_word' id='word_1_629' title='bbox 3100 2263 3165 2315; x_wconf 89' lang='lat' dir='ltr'><strong>ad</strong></span> <span class='ocrx_word' id='word_1_630' title='bbox 3220 2262 3511 2315; x_wconf 79' lang='lat' dir='ltr'><strong>virtutem?</strong></span> <span class='ocrx_word' id='word_1_631' title='bbox 3540 2261 3843 2328; x_wconf 76' lang='lat' dir='ltr'><strong>Quomodo</strong></span> 
     </span>
    </p>
   </div>
   <div class='ocr_carea' id='block_1_83' title="bbox 2244 2356 3839 2424">
    <p class='ocr_par' dir='ltr' id='par_1_83' title="bbox 2244 2356 3839 2424">
     <span class='ocr_line' id='line_1_83' title="bbox 2244 2356 3839 2424; baseline -0.002 -15"><span class='ocrx_word' id='word_1_632' title='bbox 2244 2358 2367 2409; x_wconf 88' lang='lat' dir='ltr'><strong>item</strong></span> <span class='ocrx_word' id='word_1_633' title='bbox 2402 2356 2542 2409; x_wconf 87' lang='lat' dir='ltr'><strong>filius</strong></span> <span class='ocrx_word' id='word_1_634' title='bbox 2570 2356 2734 2411; x_wconf 87' lang='lat' dir='ltr'><strong>Emor</strong></span> <span class='ocrx_word' id='word_1_635' title='bbox 2762 2371 2913 2410; x_wconf 90' lang='lat' dir='ltr'><strong>suam</strong></span> <span class='ocrx_word' id='word_1_636' title='bbox 2952 2356 3443 2424; x_wconf 88' lang='lat' dir='ltr'><strong>concupiscentiam</strong></span> <span class='ocrx_word' id='word_1_637' title='bbox 3486 2371 3647 2424; x_wconf 89' lang='lat' dir='ltr'><strong>opere</strong></span> <span class='ocrx_word' id='word_1_638' title='bbox 3671 2370 3839 2408; x_wconf 77' lang='lat' dir='ltr'><strong>cow-</strong></span> 
     </span>
    </p>
   </div>
   <div class='ocr_carea' id='block_1_84' title="bbox 2244 2446 3843 2517">
    <p class='ocr_par' dir='ltr' id='par_1_84' title="bbox 2244 2446 3843 2517">
     <span class='ocr_line' id='line_1_84' title="bbox 2244 2446 3843 2517; baseline -0.001 -16"><span class='ocrx_word' id='word_1_639' title='bbox 2244 2448 2429 2517; x_wconf 89' lang='lat' dir='ltr'><strong>plens,</strong></span> <span class='ocrx_word' id='word_1_640' title='bbox 2460 2446 2520 2500; x_wconf 89' lang='lat' dir='ltr'><strong>fit</strong></span> <span class='ocrx_word' id='word_1_641' title='bbox 2560 2448 2697 2517; x_wconf 91' lang='lat' dir='ltr'><strong>patri</strong></span> <span class='ocrx_word' id='word_1_642' title='bbox 2731 2456 2787 2501; x_wconf 90' lang='lat' dir='ltr'><strong>et</strong></span> <span class='ocrx_word' id='word_1_643' title='bbox 2812 2448 2909 2500; x_wconf 66' lang='lat' dir='ltr'><strong>toni</strong></span> <span class='ocrx_word' id='word_1_644' title='bbox 2938 2448 3136 2501; x_wconf 83' lang='lat' dir='ltr'><strong>civitati</strong></span> <span class='ocrx_word' id='word_1_645' title='bbox 3170 2448 3427 2516; x_wconf 71' lang='lat' dir='ltr'><strong>perniciei</strong></span> <span class='ocrx_word' id='word_1_646' title='bbox 3459 2450 3691 2499; x_wconf 82' lang='lat' dir='ltr'><strong>auctor?</strong></span> <span class='ocrx_word' id='word_1_647' title='bbox 3727 2447 3843 2499; x_wconf 66' lang='lat' dir='ltr'><strong>Sed</strong></span> 
     </span>
    </p>
   </div>
   <div class='ocr_carea' id='block_1_85' title="bbox 2245 2538 3841 2608">
    <p class='ocr_par' dir='ltr' id='par_1_85' title="bbox 2245 2538 3841 2608">
     <span class='ocr_line' id='line_1_85' title="bbox 2245 2538 3841 2608; baseline -0.003 -15"><span class='ocrx_word' id='word_1_648' title='bbox 2245 2540 2392 2608; x_wconf 88' lang='lat' dir='ltr'><strong>prius</strong></span> <span class='ocrx_word' id='word_1_649' title='bbox 2414 2538 2695 2593; x_wconf 89' lang='lat' dir='ltr'><strong>audiamus</strong></span> <span class='ocrx_word' id='word_1_650' title='bbox 2718 2555 2837 2608; x_wconf 70' lang='lat' dir='ltr'><strong>qum</strong></span> <span class='ocrx_word' id='word_1_651' title='bbox 2862 2539 3025 2593; x_wconf 83' lang='lat' dir='ltr'><strong>Euior</strong></span> <span class='ocrx_word' id='word_1_652' title='bbox 3056 2538 3121 2592; x_wconf 89' lang='lat' dir='ltr'><strong>ad</strong></span> <span class='ocrx_word' id='word_1_653' title='bbox 3170 2555 3263 2593; x_wconf 91' lang='lat' dir='ltr'><strong>eos</strong></span> <span class='ocrx_word' id='word_1_654' title='bbox 3287 2538 3485 2591; x_wconf 75' lang='lat' dir='ltr'><strong>dixerit</strong></span> <span class='ocrx_word' id='word_1_655' title='bbox 3508 2580 3521 2597; x_wconf 87' lang='lat'><strong>.</strong></span> <span class='ocrx_word' id='word_1_656' title='bbox 3550 2549 3605 2591; x_wconf 92' lang='lat' dir='ltr'><strong>et</strong></span> <span class='ocrx_word' id='word_1_657' title='bbox 3635 2548 3841 2607; x_wconf 80' lang='lat' dir='ltr'><strong>postea</strong></span> 
     </span>
    </p>
   </div>
   <div class='ocr_carea' id='block_1_86' title="bbox 2242 2629 3845 2698">
    <p class='ocr_par' dir='ltr' id='par_1_86' title="bbox 2242 2629 3845 2698">
     <span class='ocr_line' id='line_1_86' title="bbox 2242 2629 3845 2698; baseline -0.002 -14"><span class='ocrx_word' id='word_1_658' title='bbox 2242 2630 2424 2686; x_wconf 88' lang='lat' dir='ltr'><strong>scietis</strong></span> <span class='ocrx_word' id='word_1_659' title='bbox 2454 2630 2677 2685; x_wconf 86' lang='lat' dir='ltr'><strong>fratrum</strong></span> <span class='ocrx_word' id='word_1_660' title='bbox 2701 2630 2849 2684; x_wconf 83' lang='lat' dir='ltr'><strong>Dina:</strong></span> <span class='ocrx_word' id='word_1_661' title='bbox 2889 2631 3178 2684; x_wconf 87' lang='lat' dir='ltr'><strong>versutiam</strong></span> <span class='ocrx_word' id='word_1_662' title='bbox 3202 2673 3215 2694; x_wconf 91' lang='lat'><strong>,</strong></span> <span class='ocrx_word' id='word_1_663' title='bbox 3244 2641 3298 2683; x_wconf 85' lang='lat' dir='ltr'><strong>et</strong></span> <span class='ocrx_word' id='word_1_664' title='bbox 3346 2629 3613 2698; x_wconf 85' lang='lat' dir='ltr'><strong>quomodo</strong></span> <span class='ocrx_word' id='word_1_665' title='bbox 3653 2629 3845 2681; x_wconf 81' lang='lat' dir='ltr'><strong>vindi-</strong></span> 
     </span>
    </p>
   </div>
   <div class='ocr_carea' id='block_1_87' title="bbox 2242 2720 3837 2791">
    <p class='ocr_par' dir='ltr' id='par_1_87' title="bbox 2242 2720 3837 2791">
     <span class='ocr_line' id='line_1_87' title="bbox 2242 2720 3837 2791; baseline -0.005 -13"><span class='ocrx_word' id='word_1_666' title='bbox 2242 2739 2367 2778; x_wconf 82' lang='lat' dir='ltr'><strong>care</strong></span> <span class='ocrx_word' id='word_1_667' title='bbox 2398 2723 2716 2778; x_wconf 85' lang='lat' dir='ltr'><strong>studuerunt</strong></span> <span class='ocrx_word' id='word_1_668' title='bbox 2741 2723 2984 2791; x_wconf 82' lang='lat' dir='ltr'><strong>injuriain</strong></span> <span class='ocrx_word' id='word_1_669' title='bbox 3009 2726 3179 2777; x_wconf 89' lang='lat' dir='ltr'><strong>sorori</strong></span> <span class='ocrx_word' id='word_1_670' title='bbox 3213 2725 3433 2777; x_wconf 86' lang='lat' dir='ltr'><strong>illatam.</strong></span> <span class='ocrx_word' id='word_1_671' title='bbox 3468 2725 3521 2777; x_wconf 91' lang='lat'><strong>8.</strong></span> <span class='ocrx_word' id='word_1_672' title='bbox 3550 2720 3617 2774; x_wconf 83' lang='lat' dir='ltr'><strong>Et</strong></span> <span class='ocrx_word' id='word_1_673' title='bbox 3641 2724 3837 2789; x_wconf 79' lang='lat' dir='ltr'><strong>loqun-</strong></span> 
     </span>
    </p>
   </div>
   <div class='ocr_carea' id='block_1_88' title="bbox 2244 2814 3845 2886">
    <p class='ocr_par' dir='ltr' id='par_1_88' title="bbox 2244 2814 3845 2886">
     <span class='ocr_line' id='line_1_88' title="bbox 2244 2814 3845 2886; baseline -0.002 -19"><span class='ocrx_word' id='word_1_674' title='bbox 2244 2825 2325 2869; x_wconf 86' lang='lat' dir='ltr'><strong>tus</strong></span> <span class='ocrx_word' id='word_1_675' title='bbox 2354 2826 2427 2870; x_wconf 84' lang='lat' dir='ltr'><strong>est</strong></span> <span class='ocrx_word' id='word_1_676' title='bbox 2466 2816 2537 2869; x_wconf 88' lang='lat' dir='ltr'><strong>eis</strong></span> <span class='ocrx_word' id='word_1_677' title='bbox 2563 2815 2719 2868; x_wconf 83' lang='lat' dir='ltr'><strong>Emor</strong></span> <span class='ocrx_word' id='word_1_678' title='bbox 2758 2817 2925 2868; x_wconf 87' lang='lat' dir='ltr'><strong>dicens</strong></span> <span class='ocrx_word' id='word_1_679' title='bbox 2950 2835 2966 2869; x_wconf 91' lang='lat'><em>:</em></span> <span class='ocrx_word' id='word_1_680' title='bbox 2992 2816 3209 2886; x_wconf 78' lang='lat' dir='ltr'><strong>Sychem</strong></span> <span class='ocrx_word' id='word_1_681' title='bbox 3242 2816 3379 2882; x_wconf 89' lang='lat' dir='ltr'><strong>ﬁlius</strong></span> <span class='ocrx_word' id='word_1_682' title='bbox 3410 2831 3544 2867; x_wconf 85' lang='lat' dir='ltr'><strong>meus</strong></span> <span class='ocrx_word' id='word_1_683' title='bbox 3569 2814 3845 2882; x_wconf 71' lang='lat' dir='ltr'><strong>pra&#39;rlegit</strong></span> 
     </span>
    </p>
   </div>
   <div class='ocr_carea' id='block_1_89' title="bbox 2243 2905 3847 2975">
    <p class='ocr_par' dir='ltr' id='par_1_89' title="bbox 2243 2905 3847 2975">
     <span class='ocr_line' id='line_1_89' title="bbox 2243 2905 3847 2975; baseline -0.004 -14"><span class='ocrx_word' id='word_1_684' title='bbox 2243 2908 2417 2961; x_wconf 78' lang='lat' dir='ltr'><strong>anima</strong></span> <span class='ocrx_word' id='word_1_685' title='bbox 2458 2908 2617 2975; x_wconf 90' lang='lat' dir='ltr'><strong>ﬁliam</strong></span> <span class='ocrx_word' id='word_1_686' title='bbox 2647 2916 2881 2960; x_wconf 80' lang='lat' dir='ltr'><strong>vestram.</strong></span> <span class='ocrx_word' id='word_1_687' title='bbox 2913 2906 3043 2961; x_wconf 88' lang='lat' dir='ltr'><strong>Vide</strong></span> <span class='ocrx_word' id='word_1_688' title='bbox 3070 2906 3339 2975; x_wconf 90' lang='lat' dir='ltr'><strong>quomodo</strong></span> <span class='ocrx_word' id='word_1_689' title='bbox 3384 2906 3491 2973; x_wconf 91' lang='lat' dir='ltr'><strong>jam</strong></span> <span class='ocrx_word' id='word_1_690' title='bbox 3541 2905 3847 2972; x_wconf 67' lang='lat' dir='ltr'><strong>pra-signat</strong></span> 
     </span>
    </p>
   </div>
   <div class='ocr_carea' id='block_1_90' title="bbox 2248 2995 3847 3069">
    <p class='ocr_par' dir='ltr' id='par_1_90' title="bbox 2248 2995 3847 3069">
     <span class='ocr_line' id='line_1_90' title="bbox 2248 2995 3847 3069; baseline -0.005 -15"><span class='ocrx_word' id='word_1_691' title='bbox 2248 3000 2540 3069; x_wconf 87' lang='lat' dir='ltr'><strong>perniciem</strong></span> <span class='ocrx_word' id='word_1_692' title='bbox 2584 3014 2643 3053; x_wconf 85' lang='lat' dir='ltr'><strong>se</strong></span> <span class='ocrx_word' id='word_1_693' title='bbox 2673 2998 3207 3065; x_wconf 76' lang='lat' dir='ltr'><strong>contpreltensm&#39;ant.</strong></span> <span class='ocrx_word' id='word_1_694' title='bbox 3242 2995 3507 3067; x_wconf 68' lang='lat' dir='ltr'><strong>Prwelegit</strong></span> <span class='ocrx_word' id='word_1_695' title='bbox 3535 2995 3676 3047; x_wconf 88' lang='lat' dir='ltr'><strong>cnitn</strong></span> <span class='ocrx_word' id='word_1_696' title='bbox 3704 3037 3721 3057; x_wconf 84' lang='lat'><strong>,</strong></span> <span class='ocrx_word' id='word_1_697' title='bbox 3761 2996 3847 3046; x_wconf 81' lang='lat' dir='ltr'><strong>in-</strong></span> 
     </span>
    </p>
   </div>
   <div class='ocr_carea' id='block_1_91' title="bbox 2246 3089 3848 3161">
    <p class='ocr_par' dir='ltr' id='par_1_91' title="bbox 2246 3089 3848 3161">
     <span class='ocr_line' id='line_1_91' title="bbox 2246 3089 3848 3161; baseline -0.006 -17"><span class='ocrx_word' id='word_1_698' title='bbox 2246 3090 2631 3161; x_wconf 87' lang='lat' dir='ltr'><strong>quit,anima:</strong></span> <span class='ocrx_word' id='word_1_699' title='bbox 2662 3090 2763 3143; x_wconf 88' lang='lat' dir='ltr'><strong>lioc</strong></span> <span class='ocrx_word' id='word_1_700' title='bbox 2812 3100 2914 3154; x_wconf 82' lang='lat' dir='ltr'><strong>est,</strong></span> <span class='ocrx_word' id='word_1_701' title='bbox 2945 3093 3176 3142; x_wconf 86' lang='lat' dir='ltr'><strong>animam</strong></span> <span class='ocrx_word' id='word_1_702' title='bbox 3229 3103 3376 3141; x_wconf 88' lang='lat' dir='ltr'><strong>suam</strong></span> <span class='ocrx_word' id='word_1_703' title='bbox 3432 3089 3677 3156; x_wconf 81' lang='lat' dir='ltr'><strong>exposuit</strong></span> <span class='ocrx_word' id='word_1_704' title='bbox 3737 3101 3848 3153; x_wconf 82' lang='lat' dir='ltr'><strong>pro</strong></span> 
     </span>
    </p>
   </div>
   <div class='ocr_carea' id='block_1_92' title="bbox 2249 3181 3845 3251">
    <p class='ocr_par' dir='ltr' id='par_1_92' title="bbox 2249 3181 3845 3251">
     <span class='ocr_line' id='line_1_92' title="bbox 2249 3181 3845 3251; baseline -0.003 -15"><span class='ocrx_word' id='word_1_705' title='bbox 2249 3183 2351 3237; x_wconf 87' lang='lat' dir='ltr'><strong>filia</strong></span> <span class='ocrx_word' id='word_1_706' title='bbox 2404 3196 2603 3237; x_wconf 88' lang='lat' dir='ltr'><strong>vestra.</strong></span> <span class='ocrx_word' id='word_1_707' title='bbox 2657 3183 2750 3237; x_wconf 92' lang='lat' dir='ltr'><strong>Ille</strong></span> <span class='ocrx_word' id='word_1_708' title='bbox 2810 3182 3023 3251; x_wconf 81' lang='lat' dir='ltr'><strong>quidem</strong></span> <span class='ocrx_word' id='word_1_709' title='bbox 3079 3181 3293 3236; x_wconf 88' lang='lat' dir='ltr'><strong>dicebat</strong></span> <span class='ocrx_word' id='word_1_710' title='bbox 3339 3181 3845 3247; x_wconf 83' lang='lat' dir='ltr'><strong>com-upiscentiain</strong></span> 
     </span>
    </p>
   </div>
   <div class='ocr_carea' id='block_1_93' title="bbox 2247 3271 3848 3343">
    <p class='ocr_par' dir='ltr' id='par_1_93' title="bbox 2247 3271 3848 3343">
     <span class='ocr_line' id='line_1_93' title="bbox 2247 3271 3848 3343; baseline -0.003 -16"><span class='ocrx_word' id='word_1_711' title='bbox 2247 3273 2381 3343; x_wconf 90' lang='lat' dir='ltr'><strong>ejus,</strong></span> <span class='ocrx_word' id='word_1_712' title='bbox 2407 3289 2563 3342; x_wconf 91' lang='lat' dir='ltr'><strong>quam</strong></span> <span class='ocrx_word' id='word_1_713' title='bbox 2594 3287 2717 3341; x_wconf 87' lang='lat' dir='ltr'><strong>erga</strong></span> <span class='ocrx_word' id='word_1_714' title='bbox 2750 3272 2980 3341; x_wconf 89' lang='lat' dir='ltr'><strong>puellam</strong></span> <span class='ocrx_word' id='word_1_715' title='bbox 3016 3271 3243 3325; x_wconf 85' lang='lat' dir='ltr'><strong>habebat</strong></span> <span class='ocrx_word' id='word_1_716' title='bbox 3270 3289 3282 3323; x_wconf 92' lang='lat'>:</span> <span class='ocrx_word' id='word_1_717' title='bbox 3309 3274 3467 3338; x_wconf 86' lang='lat' dir='ltr'><strong>paulo</strong></span> <span class='ocrx_word' id='word_1_718' title='bbox 3496 3283 3614 3340; x_wconf 87' lang='lat' dir='ltr'><strong>post</strong></span> <span class='ocrx_word' id='word_1_719' title='bbox 3648 3282 3848 3323; x_wconf 83' lang='lat' dir='ltr'><strong>autem</strong></span> 
     </span>
    </p>
   </div>
   <div class='ocr_carea' id='block_1_94' title="bbox 2246 3362 3847 3433">
    <p class='ocr_par' dir='ltr' id='par_1_94' title="bbox 2246 3362 3847 3433">
     <span class='ocr_line' id='line_1_94' title="bbox 2246 3362 3847 3433; baseline -0.005 -13"><span class='ocrx_word' id='word_1_720' title='bbox 2246 3366 2450 3432; x_wconf 90' lang='lat' dir='ltr'><strong>didicit,</strong></span> <span class='ocrx_word' id='word_1_721' title='bbox 2482 3367 2619 3420; x_wconf 86' lang='lat' dir='ltr'><strong>lianc</strong></span> <span class='ocrx_word' id='word_1_722' title='bbox 2648 3383 2758 3419; x_wconf 72' lang='lat' dir='ltr'><strong>sum</strong></span> <span class='ocrx_word' id='word_1_723' title='bbox 2785 3376 2837 3419; x_wconf 93' lang='lat' dir='ltr'><strong>et</strong></span> <span class='ocrx_word' id='word_1_724' title='bbox 2863 3366 3099 3418; x_wconf 91' lang='lat' dir='ltr'><strong>omnium</strong></span> <span class='ocrx_word' id='word_1_725' title='bbox 3131 3366 3219 3433; x_wconf 92' lang='lat' dir='ltr'><strong>qui</strong></span> <span class='ocrx_word' id='word_1_726' title='bbox 3253 3365 3321 3416; x_wconf 87' lang='lat' dir='ltr'><strong>ibi</strong></span> <span class='ocrx_word' id='word_1_727' title='bbox 3350 3374 3536 3428; x_wconf 75' lang='lat' dir='ltr'><strong>erant,</strong></span> <span class='ocrx_word' id='word_1_728' title='bbox 3566 3362 3847 3430; x_wconf 64' lang='lat' dir='ltr'><strong>perditio-</strong></span> 
     </span>
    </p>
   </div>
   <div class='ocr_carea' id='block_1_95' title="bbox 2247 3457 3849 3526">
    <p class='ocr_par' dir='ltr' id='par_1_95' title="bbox 2247 3457 3849 3526">
     <span class='ocr_line' id='line_1_95' title="bbox 2247 3457 3849 3526; baseline -0.004 -12"><span class='ocrx_word' id='word_1_729' title='bbox 2247 3462 2329 3516; x_wconf 90' lang='lat' dir='ltr'><strong>nis</strong></span> <span class='ocrx_word' id='word_1_730' title='bbox 2384 3460 2498 3515; x_wconf 89' lang='lat' dir='ltr'><strong>fore</strong></span> <span class='ocrx_word' id='word_1_731' title='bbox 2542 3460 2903 3513; x_wconf 84' lang='lat' dir='ltr'><strong>occasionem.</strong></span> <span class='ocrx_word' id='word_1_732' title='bbox 2937 3459 3069 3526; x_wconf 91' lang='lat' dir='ltr'><strong>Quia</strong></span> <span class='ocrx_word' id='word_1_733' title='bbox 3113 3459 3275 3522; x_wconf 70' lang='lat' dir='ltr'><strong>igitur</strong></span> <span class='ocrx_word' id='word_1_734' title='bbox 3314 3458 3403 3509; x_wconf 90' lang='lat' dir='ltr'><strong>ille</strong></span> <span class='ocrx_word' id='word_1_735' title='bbox 3452 3457 3714 3523; x_wconf 80' lang='lat' dir='ltr'><strong>virginem</strong></span> <span class='ocrx_word' id='word_1_736' title='bbox 3763 3458 3849 3507; x_wconf 79' lang='lat' dir='ltr'><strong>sic</strong></span> 
     </span>
    </p>
   </div>
   <div class='ocr_carea' id='block_1_96' title="bbox 2245 3548 3846 3619">
    <p class='ocr_par' dir='ltr' id='par_1_96' title="bbox 2245 3548 3846 3619">
     <span class='ocr_line' id='line_1_96' title="bbox 2245 3548 3846 3619; baseline -0.005 -14"><span class='ocrx_word' id='word_1_737' title='bbox 2245 3550 2541 3619; x_wconf 87' lang='lat' dir='ltr'><strong>deperibat,</strong></span> <span class='ocrx_word' id='word_1_738' title='bbox 2571 3550 2718 3613; x_wconf 89' lang='lat' dir='ltr'><strong>Date,</strong></span> <span class='ocrx_word' id='word_1_739' title='bbox 2747 3550 2934 3617; x_wconf 91' lang='lat' dir='ltr'><strong>inquit,</strong></span> <span class='ocrx_word' id='word_1_740' title='bbox 2961 3550 3111 3603; x_wconf 86' lang='lat' dir='ltr'><strong>istam</strong></span> <span class='ocrx_word' id='word_1_741' title='bbox 3133 3549 3210 3600; x_wconf 86' lang='lat' dir='ltr'><strong>illi</strong></span> <span class='ocrx_word' id='word_1_742' title='bbox 3239 3563 3465 3605; x_wconf 73' lang='lat' dir='ltr'><strong>uxorem,</strong></span> <span class='ocrx_word' id='word_1_743' title='bbox 3494 3548 3549 3602; x_wconf 86' lang='lat'><strong>9.</strong></span> <span class='ocrx_word' id='word_1_744' title='bbox 3580 3557 3625 3598; x_wconf 89' lang='lat' dir='ltr'><strong>et</strong></span> <span class='ocrx_word' id='word_1_745' title='bbox 3657 3548 3808 3615; x_wconf 70' lang='lat' dir='ltr'><strong>aﬁiui</strong></span> <span class='ocrx_word' id='word_1_746' title='bbox 3827 3576 3846 3586; x_wconf 77' lang='grc' dir='ltr'><strong><em>ο</em></strong></span> 
     </span>
    </p>
   </div>
   <div class='ocr_carea' id='block_1_97' title="bbox 2247 3636 3849 3708">
    <p class='ocr_par' dir='ltr' id='par_1_97' title="bbox 2247 3636 3849 3708">
     <span class='ocr_line' id='line_1_97' title="bbox 2247 3636 3849 3708; baseline -0.004 -13"><span class='ocrx_word' id='word_1_747' title='bbox 2247 3652 2396 3695; x_wconf 87' lang='lat' dir='ltr'><strong>tatem</strong></span> <span class='ocrx_word' id='word_1_748' title='bbox 2428 3643 2706 3695; x_wconf 91' lang='lat' dir='ltr'><strong>contrahite</strong></span> <span class='ocrx_word' id='word_1_749' title='bbox 2742 3642 3038 3694; x_wconf 85' lang='lat' dir='ltr'><strong>nobiscum:</strong></span> <span class='ocrx_word' id='word_1_750' title='bbox 3068 3640 3202 3708; x_wconf 85' lang='lat' dir='ltr'><strong>ﬁlias</strong></span> <span class='ocrx_word' id='word_1_751' title='bbox 3230 3651 3415 3691; x_wconf 82' lang='lat' dir='ltr'><strong>vestras</strong></span> <span class='ocrx_word' id='word_1_752' title='bbox 3438 3640 3553 3689; x_wconf 86' lang='lat' dir='ltr'><strong>date</strong></span> <span class='ocrx_word' id='word_1_753' title='bbox 3589 3636 3736 3690; x_wconf 81' lang='lat' dir='ltr'><strong>nobis</strong></span> <span class='ocrx_word' id='word_1_754' title='bbox 3754 3679 3772 3701; x_wconf 91' lang='lat'><strong>,</strong></span> <span class='ocrx_word' id='word_1_755' title='bbox 3799 3647 3849 3689; x_wconf 82' lang='lat' dir='ltr'><strong>et</strong></span> 
     </span>
    </p>
   </div>
   <div class='ocr_carea' id='block_1_98' title="bbox 2246 3729 3846 3803">
    <p class='ocr_par' dir='ltr' id='par_1_98' title="bbox 2246 3729 3846 3803">
     <span class='ocr_line' id='line_1_98' title="bbox 2246 3729 3846 3803; baseline -0.005 -16"><span class='ocrx_word' id='word_1_756' title='bbox 2246 3736 2379 3801; x_wconf 88' lang='lat' dir='ltr'><strong>ﬁlias</strong></span> <span class='ocrx_word' id='word_1_757' title='bbox 2406 3744 2604 3787; x_wconf 89' lang='lat' dir='ltr'><strong>nostras</strong></span> <span class='ocrx_word' id='word_1_758' title='bbox 2624 3734 2833 3803; x_wconf 88' lang='lat' dir='ltr'><strong>accipite</strong></span> <span class='ocrx_word' id='word_1_759' title='bbox 2854 3733 2973 3800; x_wconf 87' lang='lat' dir='ltr'><strong>ﬁliis</strong></span> <span class='ocrx_word' id='word_1_760' title='bbox 3000 3732 3173 3784; x_wconf 83' lang='lat' dir='ltr'><strong>vestris</strong></span> <span class='ocrx_word' id='word_1_761' title='bbox 3193 3772 3208 3794; x_wconf 91' lang='lat'><strong>,</strong></span> <span class='ocrx_word' id='word_1_762' title='bbox 3238 3731 3320 3784; x_wconf 75' lang='grc'>10.</span> <span class='ocrx_word' id='word_1_763' title='bbox 3342 3740 3386 3783; x_wconf 88' lang='lat' dir='ltr'><strong>et</strong></span> <span class='ocrx_word' id='word_1_764' title='bbox 3411 3730 3541 3781; x_wconf 89' lang='lat' dir='ltr'><strong>inter</strong></span> <span class='ocrx_word' id='word_1_765' title='bbox 3566 3745 3657 3781; x_wconf 87' lang='lat' dir='ltr'><strong>nos</strong></span> <span class='ocrx_word' id='word_1_766' title='bbox 3683 3729 3846 3779; x_wconf 84' lang='lat' dir='ltr'><strong>habi-</strong></span> 
     </span>
    </p>
   </div>
   <div class='ocr_carea' id='block_1_99' title="bbox 2247 3808 3849 3893">
    <p class='ocr_par' dir='ltr' id='par_1_99' title="bbox 2247 3808 3849 3893">
     <span class='ocr_line' id='line_1_99' title="bbox 2247 3808 3849 3893; baseline -0.007 -14"><span class='ocrx_word' id='word_1_767' title='bbox 2247 3835 2365 3879; x_wconf 87' lang='lat' dir='ltr'><strong>tate.</strong></span> <span class='ocrx_word' id='word_1_768' title='bbox 2388 3824 2451 3878; x_wconf 87' lang='lat' dir='ltr'><strong>Et</strong></span> <span class='ocrx_word' id='word_1_769' title='bbox 2478 3839 2587 3877; x_wconf 89' lang='lat' dir='ltr'><strong>ecce</strong></span> <span class='ocrx_word' id='word_1_770' title='bbox 2615 3832 2748 3875; x_wconf 89' lang='lat' dir='ltr'><strong>terra</strong></span> <span class='ocrx_word' id='word_1_771' title='bbox 2775 3824 2881 3875; x_wconf 84' lang='lat' dir='ltr'><strong>lata</strong></span> <span class='ocrx_word' id='word_1_772' title='bbox 2910 3833 2981 3876; x_wconf 88' lang='lat' dir='ltr'><strong>est</strong></span> <span class='ocrx_word' id='word_1_773' title='bbox 3007 3808 3177 3874; x_wconf 48' lang='lat' dir='ltr'><strong>c&#39;oram</strong></span> <span class='ocrx_word' id='word_1_774' title='bbox 3204 3821 3371 3893; x_wconf 58' lang='lat' dir='ltr'><strong>vobis,</strong></span> <span class='ocrx_word' id='word_1_775' title='bbox 3403 3820 3627 3872; x_wconf 78' lang='lat' dir='ltr'><strong>habitate</strong></span> <span class='ocrx_word' id='word_1_776' title='bbox 3664 3829 3711 3869; x_wconf 85' lang='lat' dir='ltr'><strong>et</strong></span> <span class='ocrx_word' id='word_1_777' title='bbox 3749 3837 3849 3869; x_wconf 73' lang='lat' dir='ltr'><strong>ne-</strong></span> 
     </span>
    </p>
   </div>
   <div class='ocr_carea' id='block_1_100' title="bbox 2246 3909 3849 3987">
    <p class='ocr_par' dir='ltr' id='par_1_100' title="bbox 2246 3909 3849 3987">
     <span class='ocr_line' id='line_1_100' title="bbox 2246 3909 3849 3987; baseline -0.009 -17"><span class='ocrx_word' id='word_1_778' title='bbox 2246 3918 2504 3987; x_wconf 87' lang='lat' dir='ltr'><strong>gotiamini</strong></span> <span class='ocrx_word' id='word_1_779' title='bbox 2531 3918 2582 3969; x_wconf 89' lang='lat' dir='ltr'><strong>in</strong></span> <span class='ocrx_word' id='word_1_780' title='bbox 2609 3933 2688 3981; x_wconf 89' lang='lat' dir='ltr'><strong>ea,</strong></span> <span class='ocrx_word' id='word_1_781' title='bbox 2716 3926 2761 3967; x_wconf 88' lang='lat' dir='ltr'><strong>et</strong></span> <span class='ocrx_word' id='word_1_782' title='bbox 2790 3917 2841 3967; x_wconf 88' lang='lat' dir='ltr'><strong>in</strong></span> <span class='ocrx_word' id='word_1_783' title='bbox 2873 3930 2932 3967; x_wconf 87' lang='lat' dir='ltr'><strong>ea</strong></span> <span class='ocrx_word' id='word_1_784' title='bbox 2976 3913 3309 3981; x_wconf 69' lang='lat' dir='ltr'><strong>possessiones</strong></span> <span class='ocrx_word' id='word_1_785' title='bbox 3336 3911 3528 3964; x_wconf 84' lang='lat' dir='ltr'><strong>habete.</strong></span> <span class='ocrx_word' id='word_1_786' title='bbox 3570 3909 3697 3962; x_wconf 72' lang='lat' dir='ltr'><strong>Vide</strong></span> <span class='ocrx_word' id='word_1_787' title='bbox 3742 3925 3849 3977; x_wconf 71' lang='lat' dir='ltr'><strong>pa-</strong></span> 
     </span>
    </p>
   </div>
   <div class='ocr_carea' id='block_1_101' title="bbox 2249 4004 3849 4076">
    <p class='ocr_par' dir='ltr' id='par_1_101' title="bbox 2249 4004 3849 4076">
     <span class='ocr_line' id='line_1_101' title="bbox 2249 4004 3849 4076; baseline -0.008 -13"><span class='ocrx_word' id='word_1_788' title='bbox 2249 4024 2404 4072; x_wconf 89' lang='lat' dir='ltr'><strong>Iretn,</strong></span> <span class='ocrx_word' id='word_1_789' title='bbox 2426 4017 2674 4076; x_wconf 88' lang='lat' dir='ltr'><strong>quantam</strong></span> <span class='ocrx_word' id='word_1_790' title='bbox 2708 4016 2923 4075; x_wconf 70' lang='lat' dir='ltr'><strong>promer</strong></span> <span class='ocrx_word' id='word_1_791' title='bbox 2950 4004 3042 4058; x_wconf 86' lang='lat' dir='ltr'><strong>lilii</strong></span> <span class='ocrx_word' id='word_1_792' title='bbox 3074 4019 3313 4057; x_wconf 87' lang='lat' dir='ltr'><strong>amorem</strong></span> <span class='ocrx_word' id='word_1_793' title='bbox 3345 4004 3504 4054; x_wconf 87' lang='lat' dir='ltr'><strong>liabet</strong></span> <span class='ocrx_word' id='word_1_794' title='bbox 3525 4016 3649 4068; x_wconf 82' lang='lat' dir='ltr'><strong>erga</strong></span> <span class='ocrx_word' id='word_1_795' title='bbox 3676 4014 3849 4067; x_wconf 82' lang='lat' dir='ltr'><strong>pere-</strong></span> 
     </span>
    </p>
   </div>
   <div class='ocr_carea' id='block_1_102' title="bbox 2248 4093 3846 4171">
    <p class='ocr_par' dir='ltr' id='par_1_102' title="bbox 2248 4093 3846 4171">
     <span class='ocr_line' id='line_1_102' title="bbox 2248 4093 3846 4171; baseline -0.007 -16"><span class='ocrx_word' id='word_1_796' title='bbox 2248 4102 2427 4171; x_wconf 87' lang='lat' dir='ltr'><strong>grinos</strong></span> <span class='ocrx_word' id='word_1_797' title='bbox 2459 4101 2858 4168; x_wconf 83' lang='lat' dir='ltr'><strong>benignitatem,</strong></span> <span class='ocrx_word' id='word_1_798' title='bbox 2887 4108 2937 4151; x_wconf 91' lang='lat' dir='ltr'><strong>ct</strong></span> <span class='ocrx_word' id='word_1_799' title='bbox 2966 4096 3237 4166; x_wconf 89' lang='lat' dir='ltr'><strong>quomodo</strong></span> <span class='ocrx_word' id='word_1_800' title='bbox 3264 4110 3360 4149; x_wconf 90' lang='lat' dir='ltr'><strong>eos</strong></span> <span class='ocrx_word' id='word_1_801' title='bbox 3408 4094 3698 4147; x_wconf 88' lang='lat' dir='ltr'><strong>conciliare</strong></span> <span class='ocrx_word' id='word_1_802' title='bbox 3736 4093 3846 4145; x_wconf 82' lang='lat' dir='ltr'><strong>sibi</strong></span> 
     </span>
    </p>
   </div>
   <div class='ocr_carea' id='block_1_103' title="bbox 2248 4184 3849 4258">
    <p class='ocr_par' dir='ltr' id='par_1_103' title="bbox 2248 4184 3849 4258">
     <span class='ocr_line' id='line_1_103' title="bbox 2248 4184 3849 4258; baseline -0.007 -12"><span class='ocrx_word' id='word_1_803' title='bbox 2248 4194 2379 4253; x_wconf 86' lang='lat' dir='ltr'><strong>vult.</strong></span> <span class='ocrx_word' id='word_1_804' title='bbox 2413 4193 2534 4246; x_wconf 92' lang='lat' dir='ltr'><strong>data</strong></span> <span class='ocrx_word' id='word_1_805' title='bbox 2563 4193 2641 4245; x_wconf 90' lang='lat' dir='ltr'><strong>eis</strong></span> <span class='ocrx_word' id='word_1_806' title='bbox 2669 4192 2721 4244; x_wconf 92' lang='lat' dir='ltr'><strong>in</strong></span> <span class='ocrx_word' id='word_1_807' title='bbox 2747 4190 2893 4243; x_wconf 90' lang='lat' dir='ltr'><strong>omni</strong></span> <span class='ocrx_word' id='word_1_808' title='bbox 2924 4190 3142 4258; x_wconf 82' lang='lat' dir='ltr'><strong>regione</strong></span> <span class='ocrx_word' id='word_1_809' title='bbox 3174 4203 3268 4241; x_wconf 88' lang='lat' dir='ltr'><strong>sua</strong></span> <span class='ocrx_word' id='word_1_810' title='bbox 3294 4196 3574 4255; x_wconf 88' lang='lat' dir='ltr'><strong>potestate.</strong></span> <span class='ocrx_word' id='word_1_811' title='bbox 3622 4184 3687 4235; x_wconf 84' lang='lat' dir='ltr'><strong>Et</strong></span> <span class='ocrx_word' id='word_1_812' title='bbox 3723 4184 3849 4235; x_wconf 71' lang='lat' dir='ltr'><strong>lia-c</strong></span> 
     </span>
    </p>
   </div>
   <div class='ocr_carea' id='block_1_104' title="bbox 2249 4275 3851 4353">
    <p class='ocr_par' dir='ltr' id='par_1_104' title="bbox 2249 4275 3851 4353">
     <span class='ocr_line' id='line_1_104' title="bbox 2249 4275 3851 4353; baseline -0.007 -17"><span class='ocrx_word' id='word_1_813' title='bbox 2249 4284 2461 4353; x_wconf 88' lang='lat' dir='ltr'><strong>quidem</strong></span> <span class='ocrx_word' id='word_1_814' title='bbox 2506 4284 2614 4352; x_wconf 85' lang='lat' dir='ltr'><strong>egit</strong></span> <span class='ocrx_word' id='word_1_815' title='bbox 2663 4291 2855 4350; x_wconf 86' lang='lat' dir='ltr'><strong>pater:</strong></span> <span class='ocrx_word' id='word_1_816' title='bbox 2890 4280 3029 4332; x_wconf 86' lang='lat' dir='ltr'><strong>filius</strong></span> <span class='ocrx_word' id='word_1_817' title='bbox 3076 4288 3252 4331; x_wconf 90' lang='lat' dir='ltr'><strong>autem</strong></span> <span class='ocrx_word' id='word_1_818' title='bbox 3306 4276 3427 4346; x_wconf 87' lang='lat' dir='ltr'><strong>quia</strong></span> <span class='ocrx_word' id='word_1_819' title='bbox 3482 4275 3617 4327; x_wconf 89' lang='lat' dir='ltr'><strong>vidit</strong></span> <span class='ocrx_word' id='word_1_820' title='bbox 3667 4276 3851 4341; x_wconf 83' lang='lat' dir='ltr'><strong>patris</strong></span> 
     </span>
    </p>
   </div>
   <div class='ocr_carea' id='block_1_105' title="bbox 2248 4364 3850 4443">
    <p class='ocr_par' dir='ltr' id='par_1_105' title="bbox 2248 4364 3850 4443">
     <span class='ocr_line' id='line_1_105' title="bbox 2248 4364 3850 4443; baseline -0.007 -16"><span class='ocrx_word' id='word_1_821' title='bbox 2248 4389 2373 4443; x_wconf 92' lang='lat' dir='ltr'><strong>erga</strong></span> <span class='ocrx_word' id='word_1_822' title='bbox 2418 4387 2475 4427; x_wconf 91' lang='lat' dir='ltr'><strong>se</strong></span> <span class='ocrx_word' id='word_1_823' title='bbox 2496 4372 2745 4434; x_wconf 90' lang='lat' dir='ltr'><strong>studium,</strong></span> <span class='ocrx_word' id='word_1_824' title='bbox 2775 4379 2829 4424; x_wconf 92' lang='lat' dir='ltr'><strong>et</strong></span> <span class='ocrx_word' id='word_1_825' title='bbox 2874 4368 3143 4439; x_wconf 90' lang='lat' dir='ltr'><strong>quomodo</strong></span> <span class='ocrx_word' id='word_1_826' title='bbox 3178 4368 3354 4419; x_wconf 90' lang='lat' dir='ltr'><strong>omnia</strong></span> <span class='ocrx_word' id='word_1_827' title='bbox 3397 4364 3573 4418; x_wconf 91' lang='lat' dir='ltr'><strong>facere</strong></span> <span class='ocrx_word' id='word_1_828' title='bbox 3617 4373 3850 4432; x_wconf 82' lang='lat' dir='ltr'><strong>paratus</strong></span> 
     </span>
    </p>
   </div>
   <div class='ocr_carea' id='block_1_106' title="bbox 2250 4455 3847 4531">
    <p class='ocr_par' dir='ltr' id='par_1_106' title="bbox 2250 4455 3847 4531">
     <span class='ocr_line' id='line_1_106' title="bbox 2250 4455 3847 4531; baseline -0.007 -15"><span class='ocrx_word' id='word_1_829' title='bbox 2250 4464 2427 4527; x_wconf 89' lang='lat' dir='ltr'><strong>fuerit,</strong></span> <span class='ocrx_word' id='word_1_830' title='bbox 2480 4472 2539 4517; x_wconf 90' lang='lat' dir='ltr'><strong>ut</strong></span> <span class='ocrx_word' id='word_1_831' title='bbox 2584 4462 2893 4531; x_wconf 88' lang='lat' dir='ltr'><strong>impleretur</strong></span> <span class='ocrx_word' id='word_1_832' title='bbox 2940 4459 3079 4527; x_wconf 90' lang='lat' dir='ltr'><strong>quod</strong></span> <span class='ocrx_word' id='word_1_833' title='bbox 3132 4457 3402 4526; x_wconf 90' lang='lat' dir='ltr'><strong>cupiebat,</strong></span> <span class='ocrx_word' id='word_1_834' title='bbox 3457 4455 3644 4524; x_wconf 83' lang='lat' dir='ltr'><strong>adjicit</strong></span> <span class='ocrx_word' id='word_1_835' title='bbox 3690 4456 3847 4522; x_wconf 80' lang='lat' dir='ltr'><strong>qttml</strong></span> 
     </span>
    </p>
   </div>
   <div class='ocr_carea' id='block_1_107' title="bbox 2249 4545 3845 4620">
    <p class='ocr_par' dir='ltr' id='par_1_107' title="bbox 2249 4545 3845 4620">
     <span class='ocr_line' id='line_1_107' title="bbox 2249 4545 3845 4620; baseline -0.006 -14"><span class='ocrx_word' id='word_1_836' title='bbox 2249 4570 2401 4606; x_wconf 91' lang='lat' dir='ltr'><strong>suum</strong></span> <span class='ocrx_word' id='word_1_837' title='bbox 2449 4562 2560 4617; x_wconf 92' lang='lat' dir='ltr'><strong>est,</strong></span> <span class='ocrx_word' id='word_1_838' title='bbox 2596 4552 2828 4620; x_wconf 90' lang='lat' dir='ltr'><strong>dicitque</strong></span> <span class='ocrx_word' id='word_1_839' title='bbox 2856 4550 2919 4603; x_wconf 89' lang='lat' dir='ltr'><strong>ad</strong></span> <span class='ocrx_word' id='word_1_840' title='bbox 2947 4548 3112 4603; x_wconf 81' lang='lat' dir='ltr'><strong>Jacob</strong></span> <span class='ocrx_word' id='word_1_841' title='bbox 3144 4558 3198 4601; x_wconf 90' lang='lat' dir='ltr'><strong>et</strong></span> <span class='ocrx_word' id='word_1_842' title='bbox 3246 4547 3312 4599; x_wconf 90' lang='lat' dir='ltr'><strong>ad</strong></span> <span class='ocrx_word' id='word_1_843' title='bbox 3358 4547 3555 4599; x_wconf 88' lang='lat' dir='ltr'><strong>fratres</strong></span> <span class='ocrx_word' id='word_1_844' title='bbox 3589 4545 3798 4613; x_wconf 73' lang='lat' dir='ltr'><strong>puellae</strong></span> <span class='ocrx_word' id='word_1_845' title='bbox 3831 4562 3845 4596; x_wconf 92' lang='lat'><strong>:</strong></span> 
     </span>
    </p>
   </div>
   <div class='ocr_carea' id='block_1_108' title="bbox 2251 4636 3848 4713">
    <p class='ocr_par' dir='ltr' id='par_1_108' title="bbox 2251 4636 3848 4713">
     <span class='ocr_line' id='line_1_108' title="bbox 2251 4636 3848 4713; baseline -0.008 -15"><span class='ocrx_word' id='word_1_846' title='bbox 2251 4646 2273 4698; x_wconf 80' lang='grc'><strong>1</strong></span> <span class='ocrx_word' id='word_1_847' title='bbox 2289 4646 2309 4697; x_wconf 81' lang='grc'>1</span> <span class='ocrx_word' id='word_1_848' title='bbox 2325 4684 2335 4693; x_wconf 93' lang='grc'>.</span> <span class='ocrx_word' id='word_1_849' title='bbox 2354 4643 2379 4696; x_wconf 90' lang='grc' dir='ltr'><strong><em>Ι</em></strong></span> <span class='ocrx_word' id='word_1_850' title='bbox 2388 4646 2614 4697; x_wconf 88' lang='lat' dir='ltr'><strong>nveniam</strong></span> <span class='ocrx_word' id='word_1_851' title='bbox 2643 4643 2857 4713; x_wconf 86' lang='lat' dir='ltr'><strong>gratiam</strong></span> <span class='ocrx_word' id='word_1_852' title='bbox 2875 4656 3043 4694; x_wconf 82' lang='lat' dir='ltr'><strong>coram</strong></span> <span class='ocrx_word' id='word_1_853' title='bbox 3061 4640 3217 4704; x_wconf 85' lang='lat' dir='ltr'><strong>vobis,</strong></span> <span class='ocrx_word' id='word_1_854' title='bbox 3239 4648 3285 4690; x_wconf 88' lang='lat' dir='ltr'><strong>et</strong></span> <span class='ocrx_word' id='word_1_855' title='bbox 3305 4636 3549 4705; x_wconf 82' lang='lat' dir='ltr'><strong>quidquid</strong></span> <span class='ocrx_word' id='word_1_856' title='bbox 3576 4636 3848 4696; x_wconf 76' lang='lat' dir='ltr'><strong>dixeritis,</strong></span> 
     </span>
    </p>
   </div>
   <div class='ocr_carea' id='block_1_109' title="bbox 2249 4727 3847 4803">
    <p class='ocr_par' dir='ltr' id='par_1_109' title="bbox 2249 4727 3847 4803">
     <span class='ocr_line' id='line_1_109' title="bbox 2249 4727 3847 4803; baseline -0.008 -13"><span class='ocrx_word' id='word_1_857' title='bbox 2249 4738 2517 4791; x_wconf 86' lang='lat' dir='ltr'><strong>dabimus:</strong></span> <span class='ocrx_word' id='word_1_858' title='bbox 2558 4735 2641 4788; x_wconf 72' lang='grc'><strong>12.</strong></span> <span class='ocrx_word' id='word_1_859' title='bbox 2683 4734 3018 4803; x_wconf 80' lang='lat' dir='ltr'><strong>Multiplicate</strong></span> <span class='ocrx_word' id='word_1_860' title='bbox 3062 4732 3261 4793; x_wconf 86' lang='lat' dir='ltr'><strong>dotem,</strong></span> <span class='ocrx_word' id='word_1_861' title='bbox 3292 4740 3335 4781; x_wconf 93' lang='lat' dir='ltr'><strong>et</strong></span> <span class='ocrx_word' id='word_1_862' title='bbox 3383 4728 3515 4781; x_wconf 89' lang='lat' dir='ltr'><strong>dabo</strong></span> <span class='ocrx_word' id='word_1_863' title='bbox 3552 4727 3847 4779; x_wconf 81' lang='lat' dir='ltr'><strong>secundum</strong></span> 
     </span>
    </p>
   </div>
   <div class='ocr_carea' id='block_1_110' title="bbox 2247 4819 3847 4897">
    <p class='ocr_par' dir='ltr' id='par_1_110' title="bbox 2247 4819 3847 4897">
     <span class='ocr_line' id='line_1_110' title="bbox 2247 4819 3847 4897; baseline -0.009 -16"><span class='ocrx_word' id='word_1_864' title='bbox 2247 4829 2380 4897; x_wconf 87' lang='lat' dir='ltr'><strong>quod</strong></span> <span class='ocrx_word' id='word_1_865' title='bbox 2400 4826 2625 4880; x_wconf 78' lang='lat' dir='ltr'><strong>dixeritis</strong></span> <span class='ocrx_word' id='word_1_866' title='bbox 2651 4826 2853 4888; x_wconf 90' lang='lat' dir='ltr'><strong>mihi,et</strong></span> <span class='ocrx_word' id='word_1_867' title='bbox 2879 4824 3059 4875; x_wconf 85' lang='lat' dir='ltr'><strong>dabitis</strong></span> <span class='ocrx_word' id='word_1_868' title='bbox 3090 4822 3208 4873; x_wconf 91' lang='lat' dir='ltr'><strong>mihi</strong></span> <span class='ocrx_word' id='word_1_869' title='bbox 3228 4821 3447 4889; x_wconf 85' lang='lat' dir='ltr'><strong>puellam</strong></span> <span class='ocrx_word' id='word_1_870' title='bbox 3470 4820 3601 4869; x_wconf 85' lang='lat' dir='ltr'><strong>hanc</strong></span> <span class='ocrx_word' id='word_1_871' title='bbox 3627 4819 3678 4869; x_wconf 88' lang='lat' dir='ltr'><strong>in</strong></span> <span class='ocrx_word' id='word_1_872' title='bbox 3704 4834 3847 4869; x_wconf 54' lang='lat' dir='ltr'><strong>una)-</strong></span> 
     </span>
    </p>
   </div>
   <div class='ocr_carea' id='block_1_111' title="bbox 2248 4909 3841 4984">
    <p class='ocr_par' dir='ltr' id='par_1_111' title="bbox 2248 4909 3841 4984">
     <span class='ocr_line' id='line_1_111' title="bbox 2248 4909 3841 4984; baseline -0.009 -11"><span class='ocrx_word' id='word_1_873' title='bbox 2248 4936 2373 4973; x_wconf 90' lang='lat' dir='ltr'><strong>rem.</strong></span> <span class='ocrx_word' id='word_1_874' title='bbox 2403 4917 2591 4971; x_wconf 87' lang='lat' dir='ltr'><strong>Vidisti</strong></span> <span class='ocrx_word' id='word_1_875' title='bbox 2625 4925 2826 4984; x_wconf 90' lang='lat' dir='ltr'><strong>patrem</strong></span> <span class='ocrx_word' id='word_1_876' title='bbox 2852 4925 3067 4982; x_wconf 89' lang='lat' dir='ltr'><strong>propter</strong></span> <span class='ocrx_word' id='word_1_877' title='bbox 3093 4911 3326 4965; x_wconf 88' lang='lat' dir='ltr'><strong>studium</strong></span> <span class='ocrx_word' id='word_1_878' title='bbox 3358 4919 3413 4962; x_wconf 89' lang='lat' dir='ltr'><strong>et</strong></span> <span class='ocrx_word' id='word_1_879' title='bbox 3448 4923 3634 4962; x_wconf 85' lang='lat' dir='ltr'><strong>curant</strong></span> <span class='ocrx_word' id='word_1_880' title='bbox 3665 4909 3716 4959; x_wconf 93' lang='lat' dir='ltr'><strong>in</strong></span> <span class='ocrx_word' id='word_1_881' title='bbox 3774 4909 3841 4958; x_wconf 80' lang='lat' dir='ltr'><strong>ti-</strong></span> 
     </span>
    </p>
   </div>
   <div class='ocr_carea' id='block_1_112' title="bbox 2248 5003 3846 5077">
    <p class='ocr_par' dir='ltr' id='par_1_112' title="bbox 2248 5003 3846 5077">
     <span class='ocr_line' id='line_1_112' title="bbox 2248 5003 3846 5077; baseline -0.01 -11"><span class='ocrx_word' id='word_1_882' title='bbox 2248 5012 2378 5066; x_wconf 91' lang='lat' dir='ltr'><strong>lium</strong></span> <span class='ocrx_word' id='word_1_883' title='bbox 2430 5010 2624 5064; x_wconf 78' lang='lat' dir='ltr'><strong>obnixe</strong></span> <span class='ocrx_word' id='word_1_884' title='bbox 2677 5007 2904 5077; x_wconf 91' lang='lat' dir='ltr'><strong>precari,</strong></span> <span class='ocrx_word' id='word_1_885' title='bbox 2950 5006 3311 5073; x_wconf 86' lang='lat' dir='ltr'><strong>juvenemque</strong></span> <span class='ocrx_word' id='word_1_886' title='bbox 3360 5012 3607 5071; x_wconf 88' lang='lat' dir='ltr'><strong>prompte</strong></span> <span class='ocrx_word' id='word_1_887' title='bbox 3650 5003 3846 5053; x_wconf 79' lang='lat' dir='ltr'><strong>omnia</strong></span> 
     </span>
    </p>
   </div>
   <div class='ocr_carea' id='block_1_113' title="bbox 2249 5095 3202 5172">
    <p class='ocr_par' dir='ltr' id='par_1_113' title="bbox 2249 5095 3202 5172">
     <span class='ocr_line' id='line_1_113' title="bbox 2249 5095 3202 5172; baseline -0.01 -15"><span class='ocrx_word' id='word_1_888' title='bbox 2249 5102 2582 5172; x_wconf 88' lang='lat' dir='ltr'><strong>promittere,</strong></span> <span class='ocrx_word' id='word_1_889' title='bbox 2615 5109 2671 5152; x_wconf 90' lang='lat' dir='ltr'><strong>ut</strong></span> <span class='ocrx_word' id='word_1_890' title='bbox 2698 5099 2870 5167; x_wconf 88' lang='lat' dir='ltr'><strong>puella</strong></span> <span class='ocrx_word' id='word_1_891' title='bbox 2901 5095 3202 5167; x_wconf 87' lang='lat' dir='ltr'><strong>potiretur?</strong></span> 
     </span>
    </p>
   </div>
   <div class='ocr_carea' id='block_1_114' title="bbox 2320 5182 3845 5256">
    <p class='ocr_par' dir='ltr' id='par_1_114' title="bbox 2320 5182 3845 5256">
     <span class='ocr_line' id='line_1_114' title="bbox 2320 5182 3845 5256; baseline -0.009 -9"><span class='ocrx_word' id='word_1_892' title='bbox 2320 5195 2373 5248; x_wconf 77' lang='grc'><strong>5.</strong></span> <span class='ocrx_word' id='word_1_893' title='bbox 2396 5192 2517 5246; x_wconf 70' lang='lat' dir='ltr'><strong>Hzrc</strong></span> <span class='ocrx_word' id='word_1_894' title='bbox 2544 5191 2706 5255; x_wconf 84' lang='lat' dir='ltr'><strong>enim,</strong></span> <span class='ocrx_word' id='word_1_895' title='bbox 2732 5189 2843 5242; x_wconf 74' lang='lat' dir='ltr'><strong>hzec</strong></span> <span class='ocrx_word' id='word_1_896' title='bbox 2872 5188 3165 5256; x_wconf 89' lang='lat' dir='ltr'><strong>perniciosa</strong></span> <span class='ocrx_word' id='word_1_897' title='bbox 3197 5184 3411 5238; x_wconf 75' lang='lat' dir='ltr'><strong>alfectio</strong></span> <span class='ocrx_word' id='word_1_898' title='bbox 3437 5183 3615 5236; x_wconf 83' lang='lat' dir='ltr'><strong>omnia</strong></span> <span class='ocrx_word' id='word_1_899' title='bbox 3656 5182 3845 5235; x_wconf 78' lang='lat' dir='ltr'><strong>Susci-</strong></span> 
     </span>
    </p>
   </div>
   <div class='ocr_carea' id='block_1_115' title="bbox 2250 5272 3845 5354">
    <p class='ocr_par' dir='ltr' id='par_1_115' title="bbox 2250 5272 3845 5354">
     <span class='ocr_line' id='line_1_115' title="bbox 2250 5272 3845 5354; baseline -0.006 -18"><span class='ocrx_word' id='word_1_900' title='bbox 2250 5284 2442 5354; x_wconf 89' lang='lat' dir='ltr'><strong>picnda</strong></span> <span class='ocrx_word' id='word_1_901' title='bbox 2473 5282 2693 5336; x_wconf 91' lang='lat' dir='ltr'><strong>libidine</strong></span> <span class='ocrx_word' id='word_1_902' title='bbox 2722 5279 2981 5334; x_wconf 83' lang='lat' dir='ltr'><strong>difﬂuenti</strong></span> <span class='ocrx_word' id='word_1_903' title='bbox 3008 5277 3319 5346; x_wconf 89' lang='lat' dir='ltr'><strong>persuadet,</strong></span> <span class='ocrx_word' id='word_1_904' title='bbox 3353 5276 3527 5330; x_wconf 87' lang='lat' dir='ltr'><strong>donec</strong></span> <span class='ocrx_word' id='word_1_905' title='bbox 3554 5273 3609 5327; x_wconf 91' lang='lat' dir='ltr'><strong>in</strong></span> <span class='ocrx_word' id='word_1_906' title='bbox 3637 5272 3845 5326; x_wconf 80' lang='lat' dir='ltr'><strong>inferni</strong></span> 
     </span>
    </p>
   </div>
   <div class='ocr_carea' id='block_1_116' title="bbox 2250 5366 3845 5444">
    <p class='ocr_par' dir='ltr' id='par_1_116' title="bbox 2250 5366 3845 5444">
     <span class='ocr_line' id='line_1_116' title="bbox 2250 5366 3845 5444; baseline -0.006 -17"><span class='ocrx_word' id='word_1_907' title='bbox 2250 5374 2570 5444; x_wconf 92' lang='lat' dir='ltr'><strong>profundum</strong></span> <span class='ocrx_word' id='word_1_908' title='bbox 2610 5373 2784 5426; x_wconf 93' lang='lat' dir='ltr'><strong>ducat.</strong></span> <span class='ocrx_word' id='word_1_909' title='bbox 2842 5371 2909 5424; x_wconf 84' lang='lat' dir='ltr'><strong>Et</strong></span> <span class='ocrx_word' id='word_1_910' title='bbox 2951 5370 3106 5430; x_wconf 88' lang='lat' dir='ltr'><strong>vide,</strong></span> <span class='ocrx_word' id='word_1_911' title='bbox 3139 5372 3364 5422; x_wconf 88' lang='lat' dir='ltr'><strong>obsecro</strong></span> <span class='ocrx_word' id='word_1_912' title='bbox 3410 5384 3424 5417; x_wconf 91' lang='lat'>:</span> <span class='ocrx_word' id='word_1_913' title='bbox 3480 5366 3662 5421; x_wconf 87' lang='lat' dir='ltr'><strong>senior</strong></span> <span class='ocrx_word' id='word_1_914' title='bbox 3707 5367 3845 5434; x_wconf 85' lang='lat' dir='ltr'><strong>qui-</strong></span> 
     </span>
    </p>
   </div>
   <div class='ocr_carea' id='block_1_117' title="bbox 2248 5458 3842 5530">
    <p class='ocr_par' dir='ltr' id='par_1_117' title="bbox 2248 5458 3842 5530">
     <span class='ocr_line' id='line_1_117' title="bbox 2248 5458 3842 5530; baseline -0.008 -8"><span class='ocrx_word' id='word_1_915' title='bbox 2248 5468 2367 5523; x_wconf 87' lang='lat' dir='ltr'><strong>dem</strong></span> <span class='ocrx_word' id='word_1_916' title='bbox 2393 5467 2557 5523; x_wconf 79' lang='lat' dir='ltr'><strong>Jacob</strong></span> <span class='ocrx_word' id='word_1_917' title='bbox 2582 5467 2694 5519; x_wconf 77' lang='lat' dir='ltr'><strong>hCCC</strong></span> <span class='ocrx_word' id='word_1_918' title='bbox 2714 5465 2933 5518; x_wconf 90' lang='lat' dir='ltr'><strong>audiens</strong></span> <span class='ocrx_word' id='word_1_919' title='bbox 2955 5465 3095 5526; x_wconf 88' lang='lat' dir='ltr'><strong>silet,</strong></span> <span class='ocrx_word' id='word_1_920' title='bbox 3112 5472 3163 5515; x_wconf 86' lang='lat' dir='ltr'><strong>et</strong></span> <span class='ocrx_word' id='word_1_921' title='bbox 3184 5479 3277 5530; x_wconf 89' lang='lat' dir='ltr'><strong>pro</strong></span> <span class='ocrx_word' id='word_1_922' title='bbox 3303 5478 3395 5514; x_wconf 85' lang='lat' dir='ltr'><strong>sua</strong></span> <span class='ocrx_word' id='word_1_923' title='bbox 3417 5458 3842 5511; x_wconf 82' lang='lat' dir='ltr'><strong>mansuetudine</strong></span> 
     </span>
    </p>
   </div>
   <div class='ocr_carea' id='block_1_118' title="bbox 2248 5535 3841 5628">
    <p class='ocr_par' dir='ltr' id='par_1_118' title="bbox 2248 5535 3841 5628">
     <span class='ocr_line' id='line_1_118' title="bbox 2248 5535 3841 5628; baseline -0.008 -15"><span class='ocrx_word' id='word_1_924' title='bbox 2248 5560 2377 5613; x_wconf 88' lang='lat' dir='ltr'><strong>nihil</strong></span> <span class='ocrx_word' id='word_1_925' title='bbox 2408 5559 2670 5628; x_wconf 88' lang='lat' dir='ltr'><strong>loquitur:</strong></span> <span class='ocrx_word' id='word_1_926' title='bbox 2700 5559 2791 5611; x_wconf 91' lang='lat' dir='ltr'><strong>sed</strong></span> <span class='ocrx_word' id='word_1_927' title='bbox 2819 5535 2921 5609; x_wconf 73' lang='lat' dir='ltr'><strong>vim</strong></span> <span class='ocrx_word' id='word_1_928' title='bbox 2951 5558 3071 5608; x_wconf 66' lang='lat' dir='ltr'><strong>lilia:</strong></span> <span class='ocrx_word' id='word_1_929' title='bbox 3098 5556 3285 5608; x_wconf 89' lang='lat' dir='ltr'><strong>factam</strong></span> <span class='ocrx_word' id='word_1_930' title='bbox 3312 5554 3573 5621; x_wconf 80' lang='lat' dir='ltr'><strong>patienter</strong></span> <span class='ocrx_word' id='word_1_931' title='bbox 3590 5550 3714 5602; x_wconf 89' lang='lat' dir='ltr'><strong>fert.</strong></span> <span class='ocrx_word' id='word_1_932' title='bbox 3747 5550 3841 5602; x_wconf 73' lang='lat'><strong>1&#39;5.</strong></span> 
     </span>
    </p>
   </div>
   <div class='ocr_carea' id='block_1_119' title="bbox 2250 5639 3834 5716">
    <p class='ocr_par' dir='ltr' id='par_1_119' title="bbox 2250 5639 3834 5716">
     <span class='ocr_line' id='line_1_119' title="bbox 2250 5639 3834 5716; baseline -0.006 -13"><span class='ocrx_word' id='word_1_933' title='bbox 2250 5651 2372 5704; x_wconf 73' lang='lat' dir='ltr'><strong>Filii</strong></span> <span class='ocrx_word' id='word_1_934' title='bbox 2399 5661 2564 5703; x_wconf 89' lang='lat' dir='ltr'><strong>autem</strong></span> <span class='ocrx_word' id='word_1_935' title='bbox 2592 5647 2751 5701; x_wconf 82' lang='lat' dir='ltr'><strong>Jacob</strong></span> <span class='ocrx_word' id='word_1_936' title='bbox 2790 5646 3024 5700; x_wconf 74' lang='lat' dir='ltr'><strong>dixerunt</strong></span> <span class='ocrx_word' id='word_1_937' title='bbox 3055 5645 3273 5716; x_wconf 82' lang='lat' dir='ltr'><strong>Sychem</strong></span> <span class='ocrx_word' id='word_1_938' title='bbox 3300 5654 3347 5696; x_wconf 89' lang='lat' dir='ltr'><strong>et</strong></span> <span class='ocrx_word' id='word_1_939' title='bbox 3379 5642 3536 5695; x_wconf 65' lang='lat' dir='ltr'><strong>limm-</strong></span> <span class='ocrx_word' id='word_1_940' title='bbox 3560 5639 3694 5708; x_wconf 86' lang='lat' dir='ltr'><strong>patri</strong></span> <span class='ocrx_word' id='word_1_941' title='bbox 3724 5643 3834 5703; x_wconf 77' lang='lat' dir='ltr'><strong>eiut</strong></span> 
     </span>
    </p>
   </div>
   <div class='ocr_carea' id='block_1_120' title="bbox 2249 5732 3845 5808">
    <p class='ocr_par' dir='ltr' id='par_1_120' title="bbox 2249 5732 3845 5808">
     <span class='ocr_line' id='line_1_120' title="bbox 2249 5732 3845 5808; baseline -0.009 -12"><span class='ocrx_word' id='word_1_942' title='bbox 2249 5743 2436 5805; x_wconf 84' lang='lat' dir='ltr'><strong>dolose,</strong></span> <span class='ocrx_word' id='word_1_943' title='bbox 2467 5751 2514 5795; x_wconf 91' lang='lat' dir='ltr'><strong>et</strong></span> <span class='ocrx_word' id='word_1_944' title='bbox 2543 5740 2733 5808; x_wconf 87' lang='lat' dir='ltr'><strong>loquuti</strong></span> <span class='ocrx_word' id='word_1_945' title='bbox 2758 5748 2873 5791; x_wconf 85' lang='lat' dir='ltr'><strong>sunt</strong></span> <span class='ocrx_word' id='word_1_946' title='bbox 2909 5738 3031 5800; x_wconf 81' lang='lat' dir='ltr'><strong>illis,</strong></span> <span class='ocrx_word' id='word_1_947' title='bbox 3066 5737 3196 5803; x_wconf 88' lang='lat' dir='ltr'><strong>quod</strong></span> <span class='ocrx_word' id='word_1_948' title='bbox 3226 5736 3598 5805; x_wconf 85' lang='lat' dir='ltr'><strong>coinquinarint</strong></span> <span class='ocrx_word' id='word_1_949' title='bbox 3648 5732 3845 5783; x_wconf 70' lang='lat' dir='ltr'><strong>Dium</strong></span> 
     </span>
    </p>
   </div>
   <div class='ocr_carea' id='block_1_121' title="bbox 2250 5824 3844 5897">
    <p class='ocr_par' dir='ltr' id='par_1_121' title="bbox 2250 5824 3844 5897">
     <span class='ocr_line' id='line_1_121' title="bbox 2250 5824 3844 5897; baseline -0.007 -8"><span class='ocrx_word' id='word_1_950' title='bbox 2250 5850 2469 5889; x_wconf 83' lang='lat' dir='ltr'><strong>sororem</strong></span> <span class='ocrx_word' id='word_1_951' title='bbox 2490 5849 2649 5886; x_wconf 87' lang='lat' dir='ltr'><strong>suam.</strong></span> <span class='ocrx_word' id='word_1_952' title='bbox 2678 5828 2967 5885; x_wconf 85' lang='lat' dir='ltr'><strong>Considera</strong></span> <span class='ocrx_word' id='word_1_953' title='bbox 2999 5828 3083 5883; x_wconf 83' lang='lat' dir='ltr'><strong>liic</strong></span> <span class='ocrx_word' id='word_1_954' title='bbox 3128 5826 3396 5897; x_wconf 86' lang='lat' dir='ltr'><strong>quomodo</strong></span> <span class='ocrx_word' id='word_1_955' title='bbox 3428 5833 3651 5896; x_wconf 86' lang='lat' dir='ltr'><strong>propter</strong></span> <span class='ocrx_word' id='word_1_956' title='bbox 3680 5824 3844 5878; x_wconf 79' lang='lat' dir='ltr'><strong>uttin</strong></span> 
     </span>
    </p>
   </div>
  </div>
