4038 6358
191 346 318 403 ὕῖΰ

194 468 264 522 δὲ
297 467 380 531 ὡς
425 466 644 519 πλείονα
691 466 792 535 τὴν
822 466 948 536 περὶ
991 467 1152 520 αὑτὸν
1184 467 1625 538 ἐπιδεικνύμενος
1665 468 1797 537 πρό-

195 569 383 615 νοιαν,
417 550 673 622 ἀφορμάς
709 550 859 620 αὑτῷ
887 550 1206 604 καταλιπεῖν
1235 552 1556 616 σπουδάζεις
1579 552 1678 615 τὰς
1705 553 1795 604 δυ-

195 635 451 706 ναμένας
476 633 805 704 ὑποϐρύχιον
835 633 1001 686 αὐτοῦ
1027 634 1125 705 τὴν
1148 635 1324 707 ψυχὴν
1353 635 1722 706 ἐργάσασθαις

279 719 354 770 Ἢ
395 717 493 769 οὐκ
545 712 701 769 οἶσθα
743 718 827 770 ὅτι
857 719 890 788 ἠ
926 718 1116 786 νεότης
1163 721 1256 771 καὶ
1303 719 1425 772 καθ’
1455 720 1654 784 ἑαυτὴν
1696 719 1794 788 μὲν

195 800 484 853 εὐόλισθόν
511 799 626 852 ἐστι
654 800 888 870 πρᾶγμα
927 799 1022 852 καὶ
1049 799 1352 872 ὀξύρροπον
1382 802 1520 872 πρὸς
1553 802 1787 865 κακίανς

197 886 382 937 Ὅταν
399 883 458 936 δὲ
482 884 574 935 καὶ
592 882 891 952 χρημάτων
909 883 1222 953 περιουσίαν
1243 884 1524 956 προσλάϐῃ
1540 896 1588 945 ι,
1611 883 1792 954 πολλῷ

200 966 413 1036 μᾶλλον
445 964 909 1036 ἑπιῤῥεπέστερον
938 965 999 1018 τὸ
1046 966 1217 1020 κακὸν
1248 966 1477 1034 γίνεται.
1529 965 1792 1038 Καθάπερ

195 1051 319 1121 γάρ
345 1049 459 1120 πῦρ
484 1049 615 1120 ὕλην
646 1048 986 1118 προσλαϐὸν,
1025 1049 1388 1121 σφοδροτέραν
1417 1051 1648 1105 ἀνάπτει
1694 1052 1795 1122 τὴν

195 1134 414 1203 φλόγα·
458 1133 602 1186 οὓτω
627 1133 722 1186 καὶ
750 1135 784 1203 ἡ
819 1132 1010 1200 νεότης
1041 1133 1293 1206 καθάπερ
1323 1135 1502 1205 πυράν
1533 1135 1632 1206 τὴν
1663 1135 1794 1205 ὖλην

196 1219 316 1271 τῶν
351 1217 648 1290 χρημάτων
673 1216 970 1286 δεξαμένη,
1013 1217 1284 1287 τοσαύτην
1310 1220 1538 1273 ἀνάπτει
1567 1219 1666 1290 τὴν
1699 1220 1797 1273 κά-

203 1320 365 1373 μινον
385 1343 400 1366 ,
428 1303 502 1365 ὼς
536 1301 829 1372 ὁλόκληρον
863 1302 1151 1373 ἐμπρῆσαι
1181 1301 1276 1356 τοῦ
1301 1303 1421 1356 νέου
1450 1304 1550 1374 τὴν
1594 1304 1793 1374 ψυχήν.

195 1386 347 1440 Πότε
379 1385 488 1456 γάρ
508 1387 537 1439 ὁ
554 1382 794 1448 τοιοῦτος
825 1385 1117 1455 δυνήσεται
1151 1386 1507 1457 σωφροσύνης
1529 1387 1802 1456 ἐπιμελή-

201 1470 406 1525 σασθαι
433 1510 448 1532 ,
493 1470 586 1522 καὶ
634 1468 931 1522 ἀκολασίαν
973 1471 1164 1536 φυγεῖν
1180 1509 1205 1532 .,
1241 1469 1335 1521 καὶ
1369 1473 1494 1534 τοὺς
1524 1470 1662 1540 ὑπὲρ
1694 1469 1797 1539 τῆς

195 1556 408 1626 ἀρετῆς
433 1554 627 1614 πόνους
650 1550 1030 1616 ἀναδέξασθαι,
1050 1553 1084 1623 ἦ
1113 1569 1166 1605 τι
1191 1552 1377 1624 ἕτερον
1401 1553 1794 1621 πνευματικόν;

277 1639 346 1708 β’.
372 1639 443 1690 Ἦ
463 1637 564 1690 οὐκ
593 1633 812 1699 ἀκούεις
837 1634 932 1687 τοῦ
950 1635 1213 1704 Χριστοῦ,
1233 1637 1316 1689 ὅτι
1342 1637 1401 1690 Ἡ
1422 1637 1672 1705 μέριμνα
1687 1636 1794 1690 τοῦ

199 1721 424 1785 αἰῶνος
450 1720 667 1773 τούτου
696 1715 795 1770 καί
821 1718 860 1787 η
894 1717 1094 1784 ἀπάτη
1111 1719 1217 1772 τοῦ
1239 1720 1512 1772 πλούτου
1533 1718 1796 1786 συμπνί-

198 1827 293 1878 τει
345 1807 456 1861 τόν
491 1805 817 1874 λογισμὸν,
850 1803 948 1856 καί
976 1803 1245 1872 ἄκαρπος
1291 1807 1515 1874 γίνεται
1543 1821 1555 1834 ·
1596 1805 1662 1867 ἃς
1699 1807 1794 1858 καὶ

201 1890 452 1952 ἀκάνθας
477 1888 793 1958 ὼνόμασεν;
824 1885 1009 1939 Εἰπὼν
1039 1889 1149 1956 γὰρ
1168 1889 1230 1941 τὸ
1257 1890 1316 1939 ἓν
1349 1888 1446 1955 μὲν
1471 1887 1565 1941 τοῦ
1591 1888 1794 1955 σπόρου

200 1979 284 2036 είς
315 1974 418 2037 τάς
448 1971 688 2034 ἀκάνθας
716 1972 1163 2041 ἐμπεπτωκέναι,
1192 1967 1312 2026 εἷτα
1340 1972 1659 2043 ἑρμηνεύων
1682 1974 1796 2034 τοῖς

203 2058 479 2129 μαθηταῖς
505 2055 651 2117 τίνες
681 2055 819 2107 εἰσὶν
847 2057 904 2108 αἱ
928 2054 1179 2118 ἄκανθαι,
1209 2056 1374 2126 φησίν
1397 2073 1410 2085 °
1455 2055 1515 2110 Ἠ
1532 2055 1792 2125 μέριμνα

199 2143 311 2197 τοῦ
351 2140 569 2206 αἰῶνος
611 2141 826 2192 τούτου
853 2179 868 2204 ,
903 2138 1003 2192 καὶ
1058 2140 1095 2207 ἡ
1135 2138 1331 2206 ἀπάτη
1372 2139 1478 2192 τοῦ
1523 2141 1791 2193 πλούτου

197 2224 609 2295 συμπνίγει
638 2222 746 2275 τὸν
772 2221 1152 2292 λογισμὸν,
1173 2223 1270 2276 καὶ
1294 2222 1617 2292 ἄκαρπος
1642 2223 1796 2293 γίνε-

197 2327 316 2364 ται,
347 2309 461 2360 Καὶ
480 2305 659 2369 καλῶς
679 2306 943 2370 ἀκάνθαις
961 2306 1261 2378 παρείκασε
1281 2307 1380 2374 τὴν
1407 2306 1676 2378 μέριμναν
1695 2305 1789 2359 τοῦ

195 2391 400 2454 αἰῶνος
422 2390 635 2443 τούτου.
652 2388 920 2458 Καθάπερ
939 2388 1048 2458 γὰρ
1071 2390 1125 2440 αί
1143 2388 1375 2442 ἄκανθαι
1391 2391 1490 2442 οὐκ
1509 2389 1639 2442 ἐῶσι
1661 2406 1794 2460 προ-

198 2477 370 2545 κύψαι
411 2474 502 2526 τὸν
544 2473 744 2543 σπόρον
771 2512 784 2535 ,
819 2472 957 2525 ἀλλά
987 2475 1053 2542 τῇ
1086 2473 1383 2542 πυκνότητι
1426 2473 1791 2542 συμπνίγουσι

193 2560 256 2612 τὸ
292 2554 673 2626 καταϐληθένο
726 2553 868 2608 οὕτω
897 2555 993 2608 καὶ¹
1041 2555 1098 2607 αἱ
1133 2555 1392 2625 μέριμναι
1435 2557 1491 2607 αἱ
1543 2555 1793 2625 βιωτικαὶ

193 2645 291 2698 τὸν
317 2643 522 2714 σπόρον
553 2641 646 2694 τὸν
677 2639 1066 2710 πνευματικὸν,
1111 2639 1334 2692 ἐπειδὰν
1373 2641 1452 2702 εἰς
1487 2638 1585 2709 τὴν
1614 2639 1793 2709 ψυχὴν

195 2727 518 2796 καταϐληθῇ
545 2765 560 2788 ,
595 2726 696 2777 οὐκ
724 2724 913 2792 ἀφιᾶσι
941 2723 1154 2796 καρπὸν
1185 2724 1452 2790 ἐνεγκεῖν,
1485 2722 1620 2776 ἀλλά
1660 2740 1788 2790 συγ·

197 2812 454 2866 καίουσαι
485 2808 581 2862 καὶ¹
603 2806 1023 2878 συμπνίγουσαι,
1051 2805 1304 2877 καθάπερ
1335 2807 1390 2858 αἱ
1415 2805 1670 2870 ἄκανθαι,
1691 2806 1792 2859 οὐκ

195 2896 332 2948 ἐῶσι
367 2891 646 2964 προκύψαι
688 2890 786 2943 ’τὸν
824 2889 1024 2960 σπόρον
1049 2890 1138 2942 τὸν
1186 2889 1575 2960 πνευματικόν.
1606 2889 1716 2944 Καὶ
1750 2891 1790 2958 η

195 2975 433 3041 ἀπάτη,
467 2969 636 3044 φησὶ,
682 2973 787 3026 τοῦ
824 2973 1115 3026 πλούτου.
1151 2971 1348 3034 Καλῶς
1376 2968 1528 3026 εἶπεν
1573 2972 1793 3041 ἀπάτην

197 3060 294 3112 τοῦ
344 3057 611 3111 πλούτου’
645 3057 741 3108 καὶ
789 3055 899 3126 γὰρ
948 3056 1114 3118 ὅντως
1165 3055 1348 3122 ἀπάτη
1395 3055 1530 3109 ἐστί.
1569 3056 1634 3108 Τί
1682 3055 1790 3124 γὰρ

197 3145 396 3213 δφελος
428 3141 536 3195 τῶν
569 3140 839 3194 τοσούτων
876 3139 1153 3193 ταλάντων
1177 3181 1190 3204 ,
1244 3139 1337 3192 καὶ
1388 3139 1490 3209 τῆς
1520 3139 1790 3211 τοσαύτης

199 3229 308 3282 τῶν
357 3225 661 3297 χρημάτων
711 3223 1038 3294 περιϐολῆς;
1071 3223 1178 3275 Ναὶ
1201 3262 1216 3286 ,
1255 3223 1419 3294 φησί’
1450 3223 1650 3295 πολλὴν
1691 3224 1791 3293 τὴν

198 3309 543 3381 εὐφροσύνην
569 3308 795 3378 παρέχει
814 3307 874 3360 τὸ
896 3305 1214 3375 κεκτῆσθαι.
1231 3305 1400 3358 Ποίαν
1418 3307 1789 3378 εύφροσύνην;

200 3397 309 3450 Καὶ
357 3393 410 3446 τί
459 3393 603 3462 λέγω
651 3392 1031 3462 εὐφροσύνηνς
1079 3391 1214 3462 Οὐχὶ
1242 3390 1399 3444 τοῦτο
1433 3391 1665 3461 μάλιστα
1693 3391 1791 3454 τὰς

199 3479 468 3550 ἀκαίρους
498 3477 735 3547 ἀθυμίας
755 3517 770 3537 ,
803 3475 901 3538 τὰς
941 3474 1138 3537 πολλὰς
1165 3474 1357 3547 ἀηδίας
1378 3475 1657 3529 τίκτεσθαι
1687 3493 1792 3528 πα-

203 3560 570 3634 ρασκευάζει;
601 3561 712 3614 Καὶ
757 3559 911 3614 οὔπω
934 3558 1079 3627 λέγω
1126 3557 1225 3626 τὴν
1249 3559 1337 3612 διά
1369 3558 1542 3612 ταῦτα
1573 3559 1791 3613 κόλασιν

199 3645 614 3718 ἐπηρτημένην,
647 3643 765 3697 ἀλλ’
797 3642 982 3706 ἁπλῶς
1013 3641 1083 3694 τὰ
1116 3643 1173 3693 ἐν
1191 3640 1270 3712 τῷ
1299 3644 1526 3714 παρόντι
1556 3642 1677 3712 βίῳ,
1709 3643 1792 3695 ὅτι

197 3732 322 3784 οὐδὲ
345 3728 616 3800 ἡδονὴντὸ
639 3728 872 3799 πρᾶγμα
897 3725 982 3796 ἔχε
993 3743 1038 3778 ιν
1070 3724 1294 3778 δύναται
1317 3763 1332 3789 ,
1373 3726 1508 3779 ἀλλά
1541 3726 1788 3795 καθημε-

198 3814 357 3884 ρινάς
382 3811 629 3883 ταραχὰς
659 3813 753 3865 καὶ
772 3811 986 3882 ἀηδίας.
1020 3811 1132 3864 Καὶ
1162 3813 1260 3882 οὐχ
1296 3810 1436 3863 οὕτω
1465 3809 1562 3880 τὴν
1592 3809 1790 3863 θάλατ-

195 3913 300 3950 ταν
325 3897 476 3949 ἐστιν
517 3895 644 3949 ίδεῖν
693 3895 830 3965 πρὸς
863 3893 932 3946 τὰ
978 3893 1199 3964 κύματα
1243 3892 1688 3965 κορυφουμένην,
1715 3892 1792 3956 ὡς

195 3983 299 4038 τὴν
329 3978 580 4049 τοιαύτην
607 3977 784 4048 ψυχὴν
804 3977 907 4030 ὑπὸ
929 3976 1038 4030 τῶν
1061 3977 1334 4048 λογισμῶν
1359 3978 1450 4032 καὶ
1474 3975 1582 4029 τῶν
1603 3975 1790 4030 παθῶν

197 4061 688 4134 πολιορκουμένην,
727 4060 821 4113 καλ¹
849 4061 984 4132 πρὸς
1023 4061 1268 4124 ἅπαντας
1295 4060 1387 4114 καὶ
1419 4057 1651 4122 οἰκείους
1696 4060 1790 4112 καὶ

195 4145 512 4216 ἀλλοτρίους
544 4144 724 4215 ἀηδῶς
755 4143 1121 4216 διακειμένην.
1151 4145 1260 4197 Καὶ
1287 4144 1381 4197 ἐάν
1408 4160 1535 4196 ποτε
1567 4143 1671 4195 κᾶν
1696 4143 1784 4213 μέ·

198 4247 295 4303 ρος
336 4246 388 4280 τι
422 4227 629 4280 τούτων
663 4226 924 4298 ύφέληταί
974 4245 1056 4291 τις
1103 4227 1120 4298 (
1149 4227 1317 4280 πολλά
1345 4225 1454 4298 γάρ
1487 4224 1554 4278 τὰ
1587 4225 1790 4296 συμπί-

196 4328 408 4364 πτοντα
433 4351 448 4373 ,
504 4311 598 4364 καὶ
638 4309 821 4363 πολλοὶ
855 4311 905 4363 οἱ
961 4309 1375 4380 ἐφεδρεύοντες,
1431 4309 1526 4362 καὶ
1563 4308 1788 4361 οἰκετῶν

199 4396 562 4465 κακουργίαι,
593 4395 689 4449 καὶ
713 4394 1146 4447 δυναστευόντων
1184 4395 1440 4467 ἐπήρειαι
1461 4395 1477 4462 )
1502 4435 1517 4456 ,
1547 4393 1669 4446 τότε
1701 4392 1789 4463 δὴ,

196 4481 321 4532 τότε
348 4480 601 4550 εὑρήσεις
626 4479 754 4542 τοὺς
775 4477 1052 4540 τοιούτους
1081 4476 1313 4530 ἀϐίωτον
1347 4477 1437 4530 τὸν
1479 4476 1591 4547 βίον
1627 4479 1792 4547 ἡγου-

201 4565 422 4635 μένους.
443 4562 618 4616 Ποίων
650 4558 744 4616 οὖν
767 4561 868 4614 οὐκ
900 4559 966 4614 ἂν
994 4555 1103 4614 εἷεν
1123 4559 1275 4632 [572]
1306 4559 1520 4632 θρήνων
1543 4561 1593 4612 οἱ
1620 4557 1794 4612 τοιοῦ-

198 4665 283 4700 τοι
317 4647 492 4713 ἄξιοι,
528 4648 576 4699 οἱ
616 4646 738 4699 καθ’
765 4644 973 4700 ἑαυτῶν
1020 4645 1233 4699 ἅπαντα
1272 4644 1533 4716 πράττειν
1569 4642 1796 4698 σπουδά-

200 4730 388 4794 ζοντες
409 4771 423 4791 ,
464 4730 558 4782 καὶ
588 4730 683 4783 ἐπὶ
726 4729 874 4800 λύμῃ
907 4730 1006 4798 τῆς
1030 4727 1238 4781 ἑαυτῶν
1265 4727 1444 4798 ψυχῆς
1473 4726 1647 4780 ταῦτα
1677 4724 1796 4778 συλ-

197 4812 380 4880 λέγειν
421 4810 772 4881 βουλόμενοι;
808 4810 968 4876 Ἀλλ’,
1006 4812 1055 4862 εί
1095 4809 1277 4873 δοκεῖ,
1319 4809 1542 4872 τούτους
1570 4808 1793 4862 καταλι-

202 4893 400 4955 πόντες
423 4929 438 4952 ,
461 4892 554 4944 ἐπὶ
575 4890 673 4960 τὴν
693 4891 835 4945 κατὰ
863 4891 953 4945 τὸν
988 4891 1196 4944 δίκαιον
1223 4890 1462 4961 ἱστορίαν
1493 4890 1795 4945 ἐπανέλθωι

205 4989 330 5043 μεν,
357 4971 453 5023 καὶ
481 4970 680 5040 ἴδωμεν
704 4969 814 5023 τῶν
841 4969 967 5041 ἑξῆς
1005 4971 1102 5041 τὴν
1130 4970 1465 5022 ἀκολουθίαν.
1504 4970 1793 5037 Ἔστησε,

202 5053 340 5122 φησὶ⁸
364 5093 376 5114 ,
411 5051 849 5120 θυσιαστήριον
896 5052 956 5102 ἑν
991 5053 1056 5120 τῇ
1106 5049 1280 5120 μερίδι
1329 5049 1422 5102 τοῦ
1459 5049 1660 5120 ἀγροῦ,
1701 5050 1801 5102 καί

201 5131 619 5186 ἐπεκαλέσατο
649 5132 757 5185 τὸν
788 5131 939 5186 Θεὸν
979 5129 1240 5197 Ἰσραὴλ,
1273 5130 1366 5182 καὶ
1394 5130 1582 5184 λοιπὸν
1614 5133 1671 5183 ἐν
1693 5131 1802 5199 Ση-

202 5212 391 5282 κίμοις
448 5209 548 5282 τὴν
582 5210 796 5278 οἴκησιν
847 5210 1206 5263 ἐϐουλεύσατο
1259 5209 1606 5280 ποιήσασθαι.
1661 5209 1801 5261 Ἀλλ’

201 5290 304 5362 δρα
356 5288 519 5343 πάλιν
565 5291 714 5351 ὅπως
751 5291 778 5342 6
825 5290 1034 5352 δίκαιος
1073 5289 1167 5340 καὶ
1201 5287 1433 5342 ἐνταῦθα
1467 5289 1566 5360 τὴν
1593 5289 1803 5342 οἰκείαν

212 5368 509 5424 ἐπιείκειαν
564 5369 953 5422 ἐπιδείκνυται.
997 5368 1062 5421 Τί
1112 5368 1269 5438 γάρ;
1314 5367 1608 5436 Ἑξῆλθε,
1647 5370 1800 5439 φησὶ,

205 5447 380 5501 Δεῖνα
411 5447 450 5513 ἡ
475 5447 741 5516 θυγάτηρ
781 5449 957 5513 Λείας
975 5489 987 5502 .
1019 5447 1168 5500 ἰδεῖν
1193 5447 1300 5513 τὰς
1326 5449 1648 5516 θυγατέρας
1684 5447 1808 5500 τῶν

205 5527 530 5596 ἐγχωρίων.
567 5527 677 5581 Καὶ
703 5527 845 5579 ἰδὼν
865 5526 1061 5591 αὐτὴν
1101 5525 1302 5594 Συχὲμ
1339 5529 1371 5578 ό
1415 5525 1544 5591 υἱὸς
1592 5526 1799 5595 Ἐμὼρ,

206 5605 494 5674 ἐκοιμήθη
517 5605 647 5674 μετ’
668 5605 859 5672 αὐτῆς
878 5648 892 5667 ,
917 5605 1014 5660 καί
1039 5605 1338 5676 ἠγάπησε,
1359 5607 1514 5674 φησὶ.
1528 5606 1644 5673 τὴν
1665 5624 1806 5672 παρ-

213 5683 412 5746 θένον,
437 5685 535 5738 καὶ
565 5685 879 5750 ἐλάλησεν
909 5685 1063 5753 αὐτῇ
1092 5686 1242 5740 κατὰ
1264 5685 1379 5753 τὴν
1404 5685 1675 5740 διάνοιαν
1693 5685 1804 5753 τῆς

211 5764 537 5833 παρθένου.
565 5765 723 5828 Εἶδες
752 5767 876 5820 ὅσον
907 5767 1053 5819 ἐστὶν
1088 5768 1120 5835 ὴ
1156 5766 1344 5836 νεότης
1378 5765 1568 5829 κακὸν,
1599 5766 1626 5806 b
1655 5761 1806 5818 ἐπει-

276 5921 304 5984 9
327 5916 548 5984 SaviI._et
569 5932 663 5984 sex_
684 5933 799 5984 ωξξ.
815 5919 927 5968 ὅταν
949 5920 1002 5984 δὲ
1022 5921 1101 5967 καὶ
1112 5919 1368 5984 χρημάτων
1392 5919 1639 5984 περιουσία
1658 5934 1807 5984 προσ·

276 5938 304 5948 “
327 5938 478 5968 δενιι.
494 5938 548 5967 et
569 5938 657 5968 58X
685 5938 799 5968 [1155.
815 5938 927 5968 οταν
949 5938 1002 5968 οε
1022 5938 1201 5983 και
1241 5938 1368 5969 ατων
1392 5938 1639 5984 περιουσια
1658 5938 1692 5965 π
1723 5938 1803 5967 οσ-

215 5983 344 6036 «ea,
368 5981 580 6043 καθάπερ
603 5979 713 6043 πῦρ.
738 5981 857 6030 Mor.
874 5985 930 6029 ut
947 5983 998 6029 in
1015 5987 1170 6029 textu.
1190 5938 1803 6044 [IllraqueleclioqnacfraL

273 6053 304 6094 δ
327 6053 412 6110 Sic
431 6067 461 6104 e
481 6055 630 6106 Cois].
647 6061 698 6104 el
719 6055 830 6104 Sav.
855 6056 1177 6103 correximus.
1197 6056 1448 6102 ﬁdebam?
1473 6055 1647 6106 ἓπειδή.
1667 6052 1781 6098 Γοιτ

1260 343 1328 399 ΙΝ
1358 343 1510 400 CAP.
1553 341 1774 399 XXXIII
1813 341 2059 397 GENES.
2102 339 2334 396 HOMIL.
2371 339 2509 395 LIX.

3387 341 3526 410 5w

1904 466 2002 519 δᾶν
2069 466 2142 537 μὴ
2191 464 2291 534 ἔχῃ
2325 460 2573 533 χαλινὸν,
2635 455 2727 513 τὸν
2781 459 2980 530 εὐσεϐῆ
3030 458 3324 529 λογισμόνς
3367 456 3488 514 Εἶδε

1905 549 2046 619 γάρ,
2079 549 2232 619 φησὶ,
2264 546 2361 617 τὴν
2393 545 2581 615 κόρην,
2618 543 2714 597 καὶ
2737 541 2856 606 ὅλος
2887 543 2991 596 ὑπὸ
3017 543 3116 612 τῆς
3142 543 3317 610 ὅψεως
3353 541 3491 612 ἐρω-

1905 649 1996 695 τος
2025 629 2262 700 γεγονὼς
2281 671 2296 691 ,
2320 631 2419 698 τὴν
2450 625 2749 695 ἐπιθυμίαν
2774 628 2854 688 εἰς
2884 625 3044 696 ἔργον
3074 624 3310 693 ἐξήγαγε
3334 665 3348 687 ,
3379 623 3488 677 Καὶ

1904 713 2214 782 ἐλάλησεν
2231 712 2389 779 αὐτῇ
2416 712 2566 764 κατὰ
2589 710 2704 776 τὴν
2731 708 3006 762 διάνοιαν
3029 706 3140 774 τῆς
3165 707 3487 776 παρθένου.

1907 799 1972 851 Τί
1995 799 2132 864 ἐστι,
2159 798 2320 852 Κατὰ
2340 796 2458 864 τὴν
2483 792 2755 847 διάνοιαν
2774 791 2881 857 τῆς
2907 791 3243 858 παρθένους
3274 791 3488 862 Ἐπειδὴ

1908 882 2004 936 νέα
2041 877 2109 952 ἦν
2147 883 2181 952 ἡ
2229 880 2364 951 κόρη
2392 919 2406 941 ,
2444 879 2660 939 ἐκεῖνα,
2699 875 2897 944 φησὶν,
2937 875 3090 942 ἀὐτῇ
3135 873 3412 943 διελέχθη,
3453 871 3490 925 ἀ

1906 961 1975 1036 ἦν
2031 963 2193 1018 ίκανά
2240 959 2647 1016 ἐπισπάσασθαι
2690 958 2785 1010 καὶ
2819 957 2958 1008 ἑλεῖν
2991 957 3182 1023 αὐτήν.
3214 956 3322 1009 Καί
3357 972 3490 1025 φησι

1906 1047 2044 1119 πρὸς
2093 1047 2184 1099 τὸν
2217 1045 2428 1114 πατέρα
2452 1061 2466 1073 ·
2517 1041 2672 1096 Λάϐε
2703 1058 2806 1110 μοι
2844 1038 2957 1107 τὴν
2989 1038 3319 1105 παιδίσκην
3351 1039 3491 1092 ταὺ-

1910 1147 2025 1197 την
2061 1131 2149 1195 είς
2181 1127 2456 1198 γυναῖκα.
2500 1125 2737 1178 Ἤκουσε
2763 1123 2819 1176 δὲ
2851 1123 2880 1173 6
2922 1119 3114 1175 Ἰακὼϐ
3153 1120 3214 1172 τὸ
3243 1120 3488 1188 γεγονὸς,

1907 1212 2002 1264 καλ¹
2027 1211 2159 1274 τέως
2192 1210 2378 1281 πράως
2405 1208 2620 1278 ἔφερεν,
2666 1205 2951 1276 ἀναμένων
2985 1203 3090 1256 τῶν
3125 1202 3368 1270 ἀδελφῶν
3401 1203 3494 1255 αὖε

1906 1297 2007 1365 τῆς
2055 1293 2153 1364 τὴν
2205 1292 2526 1363 παρουσίαν.
2558 1286 2742 1342 *Ησαν
2786 1287 2896 1359 γὰρ
2946 1289 3004 1339 ἐν
3054 1287 3165 1349 τοῖς
3202 1284 3488 1354 ποιμνίοις.

1908 1377 2017 1430 Καὶ
2047 1374 2506 1444 παρεσιώπησε,
2540 1371 2706 1443 φησὶν
2731 1410 2745 1434 ,
2785 1369 2986 1424 Ἰακὼϐ
3009 1368 3120 1434 ἕως
3161 1368 3268 1423 τοῦ
3297 1366 3495 1421 ἐλθεῖν

1908 1458 2156 1523 αὐτούς.
2183 1456 2676 1525 Παραγενομένου
2709 1453 2780 1506 δὲ
2825 1450 2932 1506 τοῦ
2977 1451 3158 1519 Ἐμὼρ
3203 1450 3353 1517 πρὸς
3388 1448 3496 1502 τὸν

1922 1540 2122 1595 Ἰακὼϐ
2145 1580 2158 1604 ,
2192 1536 2383 1609 ἦλθον
2430 1537 2530 1591 καὶ
2573 1540 2626 1590 οἱ
2667 1534 2919 1603 ἀδελφοὶ
2959 1533 3072 1601 τῆς
3111 1533 3320 1597 Δείνας
3344 1549 3356 1562 ·
3395 1531 3494 1584 καὶ

1907 1624 2285 1687 ἀκούσαντες
2312 1622 2385 1674 τὰ
2411 1619 2779 1690 γεγενημένα
2807 1621 2896 1684 είς
2935 1616 3051 1684 τὴν
3075 1616 3354 1685 ἀδελφὴν
3388 1618 3494 1668 αὺ-

1906 1705 2043 1770 τῶν,
2069 1707 2507 1774 κατενύγησαν.
2533 1704 2597 1756 Τί
2618 1706 2757 1768 ἐστι,
2776 1701 3238 1768 Κατενύγησαν;
3269 1699 3496 1770 Ἐλύπη-

1911 1787 2101 1858 θησαν,
2131 1789 2233 1842 οὐκ
2258 1787 2484 1840 ἀνεκτὸν
2515 1787 2701 1848 αὐτοῖς
2731 1784 2887 1855 ὤφθη
2907 1825 2919 1845 ,
2946 1783 3081 1836 ἀλλά
3106 1783 3198 1836 καὶ
3227 1783 3365 1836 πάνυ
3396 1797 3495 1851 χα-

1908 1870 2102 1936 λεπὸν,
2129 1873 2222 1925 καὶ
2251 1869 2428 1940 λύπης
2463 1870 2646 1932 αὐτοῖς
2678 1869 2932 1931 ὑπόθεσις
2966 1867 3175 1935 γέγονε.
3209 1865 3498 1933 Λυπηρὸν

1908 1953 2037 2024 γὰρ,
2068 1954 2254 2023 φησὶν,
2272 1949 2351 2023 ἦν
2371 1952 2576 2016 αὐτοῖς
2597 1951 2856 2020 σφόδρα,
2877 1951 2962 2003 ὅτι
2987 1951 3267 2018 ἄσχημον
3289 1950 3497 2017 ἐποίη-

1909 2053 2024 2090 σεν
2061 2037 2131 2090 ἐν
2168 2035 2406 2104 Ἰσραὴλ
2427 2034 2649 2104 Συχὲμ,
2677 2034 2982 2102 κοιμηθεὶς
2998 2035 3150 2103 μετὰ
3176 2033 3283 2100 τῆς
3312 2035 3493 2102 θυγα-

1909 2123 2044 2187 τρὸς
2082 2119 2297 2174 Ἰακώϐ.
2348 2119 2510 2191 Ὁρᾷς
2555 2117 2662 2171 τῶν
2713 2117 2919 2170 παίδων
2968 2119 3068 2186 τὴν
3104 2116 3494 2186 σωφροσύνην;

1907 2204 2190 2274 Μεγίστην
2227 2201 2382 2273 ὓϐριν
2429 2202 2492 2253 τὸ
2539 2200 2770 2270 πρᾶγμα
2821 2199 3154 2269 ἑλογίσαντο.
3183 2197 3336 2262 Εἶδες
3378 2198 3497 2262 πῶς

1914 2289 2011 2359 μὲν
2043 2290 2072 2340 6
2097 2287 2303 2348 δίκαιος
2326 2284 2454 2348 τοὺς
2478 2283 2671 2337 ἑαυτοῦ
2717 2284 2913 2344 παῖδας
2945 2284 3258 2336 ἐπαίδευσεν
3291 2285 3371 2346 εἰς
3396 2283 3501 2353 τὴν

1910 2373 2141 2442 ἀρετήνς
2176 2369 2293 2430 πῶς
2329 2368 2385 2420 δέ
2412 2369 2444 2419 ὁ
2477 2367 2570 2420 τοῦ
2617 2366 2802 2436 Ἐμὼρ
2838 2367 2954 2431 υίὸς
2986 2369 3065 2429 εἰς
3090 2367 3248 2438 ἔργον
3272 2365 3496 2432 ἀγαγὼν

1910 2453 2074 2506 αὐτοῦ
2117 2453 2215 2521 τὴν
2246 2450 2541 2520 ἐπιθυμίαν
2564 2492 2579 2514 ,
2614 2450 2694 2520 τῷ
2728 2451 2900 2518 πατρὶ
2929 2450 3021 2502 καὶ
3054 2451 3203 2520 πάσῃ
3234 2453 3302 2521 τῇ
3341 2449 3497 2502 πόλει

1909 2536 2131 2606 ὀλέθρου
2161 2533 2417 2596 ὑπόθεσις
2453 2532 2704 2600 γίνεται;
2751 2532 2912 2584 Ἀλλά
2951 2533 3215 2603 πρότερον
3246 2531 3496 2585 ἀκούσωρ

1912 2635 2012 2688 μεν
2035 2615 2104 2669 τὰ
2134 2615 2285 2686 παρά
2305 2615 2402 2666 τοῦ
2448 2615 2632 2685 Ἐμὼρ
2663 2615 2799 2685 πρὸς
2836 2615 3034 2678 αὐτοὺς
3063 2615 3354 2685 λεγόμενα,
3405 2616 3505 2669 καὶ

1912 2699 2049 2772 μετά
2063 2698 2236 2752 ταῦτα
2261 2697 2470 2751 εἴσεσθε
2489 2697 2594 2750 τῶν
2625 2697 2870 2766 ἀδελφῶν
2896 2698 2997 2767 τῆς
3018 2699 3203 2761 Δείνας
3228 2698 3326 2768 τὴν
3358 2716 3498 2751 παν-

1910 2785 2134 2857 ουργίαν
2169 2824 2183 2846 ,
2236 2783 2329 2836 καὶ
2381 2783 2528 2846 ὅπως
2563 2782 2848 2850 ἐκδικῆσαι
2903 2781 2970 2834 τὰ
3009 2784 3087 2844 εἰς
3121 2781 3217 2852 τὴν
3263 2781 3510 2853 ἀδελφὴν.-

1911 2869 2256 2939 γεγενημένα
2286 2866 2518 2935 σπουδὴν
2556 2867 2897 2936 ἐποιήσαντο.
2927 2865 3038 2919 Καὶ
3069 2865 3358 2932 ἐλάλησε,
3396 2884 3502 2936 φη-

1912 2954 2038 3016 σὶν,
2079 2950 2287 3015 αὐτοῖς
2357 2948 2538 3018 Ἐμὼρ
2595 2948 2822 3017 λέγων’
2885 2948 3143 3016 Συχὲμό
3210 2950 3339 3013 υἱός
3377 2967 3506 3018 μου

1909 3036 2216 3104 προείλετο
2243 3031 2317 3101 τῇ
2339 3029 2514 3101 ψυχῇ
2546 3029 2662 3097 τὴν
2687 3029 2978 3097 θυγατέρα
3005 3029 3184 3098 ὑμῶν.
3209 3032 3351 3103 Ὅρα
3382 3032 3500 3096 πῶς

1911 3121 2012 3191 ἢδη
2045 3118 2138 3172 τὸν
2187 3117 2451 3188 μέλλοντα
2483 3113 2894 3183 καταλήψεσθαι
2944 3114 3108 3167 αὑτὸν
3141 3115 3360 3184 ὄλεθρον
3391 3133 3501 3187 μη-

1913 3203 2050 3257 νύει.
2082 3202 2418 3270 Προείλετο,
2452 3199 2614 3268 φησὶ,
2641 3202 2706 3269 τῇ
2738 3197 2883 3269 ψυχῇ
2909 3240 2921 3262 ,
2957 3199 3078 3253 ἀντὶ
3109 3199 3222 3261 τοῦ,
3257 3200 3362 3270 Τὴν
3395 3201 3504 3270 diu...

1913 3287 2014 3358 χὴν
2038 3285 2204 3339 αὑτοῦ
2231 3284 2492 3348 ἐξέδωκεν
2524 3282 2663 3356 ὑπὲρ
2690 3281 2790 3351 τῆς
2823 3282 3093 3352 θυγατρὸς
3127 3281 3302 3355 ὑμῶν.
3334 3285 3505 3338 Ἐκεϊι

1912 3389 2001 3436 νος
2035 3371 2132 3441 μὲν
2159 3369 2333 3437 ἔλεγε,
2364 3369 2463 3436 τὴν
2496 3365 2794 3436 ἐπιθυμίαν
2828 3364 2995 3418 αὐτοῦ
3021 3367 3121 3437 τὴν
3155 3367 3248 3418 ἐπὶ
3283 3367 3378 3437 τὴν
3409 3369 3503 3421 κό..

1917 3473 2015 3526 ρην
2037 3453 2214 3524 δηλῶν
2238 3470 2250 3482 ·
2291 3452 2428 3522 μετά
2465 3451 2636 3521 βραχὺ
2671 3451 2727 3504 δὲ
2755 3451 3076 3520 ἐμάνθανεν,
3109 3453 3190 3505 ὅτι
3243 3453 3339 3520 τῆς
3391 3453 3500 3505 ἀπα

1912 3537 2108 3600 ωλείας
2130 3536 2222 3588 καὶ
2244 3533 2439 3588 ἑαυτοῦ
2458 3535 2553 3586 καὶ
2580 3535 2796 3587 πάντων
2815 3534 2924 3589 τῶν
2955 3533 3139 3587 αὐτόθι
3163 3533 3322 3587 τοῦτο
3349 3535 3500 3588 ἔσται

1911 3622 2188 3682 ὑπόθεσις.
2229 3618 2382 3671 Ἐπεὶ
2432 3615 2546 3680 οὖν,
2589 3617 2773 3686 φησὶν,
2827 3618 3000 3680 οὕτως
3061 3618 3343 3672 ἐκκαίεται
3401 3622 3504 3690 τῆς

1909 3706 2099 3775 κόρης,
2165 3703 2301 3755 Δότε
2364 3701 2556 3766 αὐτὴν
2585 3699 2746 3765 αὐτῷ
2782 3701 3058 3768 γυναῖκα,
3113 3701 3212 3754 καὶ
3259 3703 3503 3770 ἐπιγαμ-

1911 3789 2198 3855 ϐρεύσατε
2231 3785 2397 3854 ἡμῖν.
2451 3788 2492 3835 Τ
2488 3785 2559 3848 ὰς
2589 3782 2914 3852 θυγατέρας
2942 3783 3110 3852 ὑμῶν
3134 3785 3274 3838 δότε
3319 3786 3463 3852 ημῖν
3483 3804 3505 3816 ·ι

1909 3871 2008 3924 καὶ
2038 3869 2145 3934 τὰς
2179 3868 2508 3936 θυγατέρας
2540 3864 2712 3934 ἡμῶν
2737 3865 2951 3921 λάϐετε
2980 3867 3103 3931 τοῖς
3136 3871 3287 3933 υἱοῖς
3314 3868 3496 3936 ὑμῶν,

1910 3955 2009 4007 καὶ
2048 3953 2116 4005 ἐν
2145 3951 2291 4021 ἡμῖν
2319 3949 2662 4003 κατοικεῖτε.
2700 3947 2812 4002 Καὶ
2860 3949 2983 4005 ἰδοὺ
3024 3951 3070 4016 η’
3111 3950 3184 4018 γῆ
3249 3952 3504 4006 πλατεῖα

1909 4037 2187 4090 ἐναντίον
2218 4031 2385 4104 ὑμῶν
2413 4073 2428 4096 ,
2478 4032 2806 4086 κατοικεῖτε
2843 4033 2940 4085 καὶ
2977 4033 3378 4102 ἐμπορεύεσθε
3406 4037 3498 4087 ἐπ’

1908 4117 2130 4187 αὐτῆς,
2178 4117 2279 4170 καὶ
2317 4115 2625 4182 κτήσασθε
2667 4115 2736 4168 ὲν
2764 4114 2941 4183 αὐτῇ.
2987 4116 3128 4186 Ὅρα
3162 4117 3251 4168 τδν
3289 4118 3501 4188 πατέρα

1916 4200 2006 4256 διά
2031 4201 2129 4272 τὴν
2165 4199 2295 4270 περὶ
2325 4199 2416 4252 τὸν
2446 4198 2607 4250 παὶδα
2661 4197 3041 4268 φιλοστοργίαν
3077 4200 3208 4269 ὅσην
3267 4203 3507 4254 ποιεῖται

1912 4283 2062 4358 [575]
2099 4283 2236 4354 πρὸς
2264 4284 2388 4347 τοὺς
2420 4282 2602 4346 ξένους
2637 4282 2733 4353 τὴν
2759 4282 3157 4354 φιλοφροσύνην
3183 4326 3198 4346 ,
3225 4284 3318 4337 καὶ
3352 4285 3498 4350 ὅπως

1915 4369 2111 4430 αὐτοὺς
2154 4365 2554 4435 ἐφελκύσασθαι
2613 4365 2893 4435 βούλεται,
2952 4365 3130 4434 πάσης
3165 4367 3347 4430 αὐτοῖς
3400 4370 3500 4438 τῆς

1911 4449 2097 4522 χώρας
2121 4451 2219 4522 τὴν
2252 4449 2502 4514 ἐξουσίαν
2524 4449 2718 4511 διδούς.
2763 4449 2870 4501 Καὶ
2895 4447 3065 4502 ταῦτα
3105 4449 3203 4518 μὲν
3227 4450 3256 4502 6
3286 4453 3498 4519 πατήρ.-

1909 4538 1938 4587 ὁ
1957 4535 2013 4587 δὲ
2036 4535 2166 4598 παῖς
2194 4533 2531 4602 θεασάμενος
2557 4532 2651 4585 τοῦ
2693 4532 2897 4602 πατρὸς
2925 4532 3024 4602 τὴν
3060 4533 3186 4602 περὶ
3215 4534 3376 4587 αὐτὸν
3403 4551 3502 4603 κη-

1911 4616 2163 4687 δεμονίαν
2185 4655 2200 4680 ,
2229 4616 2325 4670 καὶ
2376 4617 2522 4680 ὅπως
2555 4616 2732 4669 πάντα
2770 4618 2944 4668 ποιεῖν
2991 4616 3208 4684 ἕτοιμος
3237 4611 3324 4686 ἦν,
3358 4617 3498 4670 ὥστε

1909 4701 2060 4772 αὐτῷ
2093 4703 2173 4765 είς
2202 4700 2363 4772 ἔργον
2408 4701 2635 4768 ἀγαγεῖν
2656 4701 2716 4753 τὸ
2757 4700 3091 4753 σπουδασθὲν
3113 4743 3126 4765 ,
3180 4702 3500 4772 προστίθησι

1910 4787 2006 4838 καὶ
2037 4786 2165 4856 παρ’
2187 4783 2402 4848 ἑαυτοῦ,
2435 4783 2527 4836 καί
2556 4800 2688 4853 φησι
2716 4783 2796 4852 τῷ
2843 4782 3041 4836 Ἰακὼϐ
3078 4784 3176 4839 καὶ
3214 4785 3347 4854 πρὸς
3375 4787 3500 4846 τοὺς

1911 4868 2174 4936 ἀδελφοὺς
2204 4868 2302 4938 τῆς
2332 4867 2501 4937 κόρης
2521 4883 2534 4898 ·
2561 4866 2802 4935 Εῦροιμι
2821 4865 3002 4936 χάριν
3018 4867 3296 4920 ἐναντίον
3310 4865 3497 4935 ὑμῶν,

1912 4951 2009 5004 καὶ
2045 4950 2076 5004 ὃ
2115 4951 2223 5005 ἐὰν
2246 4949 2475 5018 εἴπητε,
2506 4948 2797 5018 δώσομεν.
2828 4951 3179 5017 Πληθύνατε
3214 4949 3327 5017 τὴν
3363 4968 3502 5019 φερ-

1913 5034 2052 5101 νὴν,
2081 5033 2179 5087 καί
2219 5032 2415 5096 δώσω,
2461 5032 2588 5086 καθ’
2629 5031 2661 5084 ὅ
2694 5049 2744 5084 τι
2776 5031 2852 5085 ἂν
2870 5033 3077 5098 εἴπητέ
3112 5051 3234 5101 μοι,
3275 5033 3498 5087 καίδώ·

1915 5117 2056 5174 σετέ
2077 5135 2180 5186 μοι
2213 5117 2328 5184 τὴν
2356 5116 2539 5171 παῖδα
2563 5117 2791 5184 ταύτην
2823 5118 2907 5180 εἰς
2929 5116 3195 5183 γυναῖκα.
3237 5112 3387 5180 Εἶδες
3408 5119 3499 5170 καὶ

1917 5202 2007 5255 τὸν
2030 5201 2244 5272 πατέρα
2267 5199 2356 5253 διά
2376 5201 2477 5270 τὴν
2502 5217 2568 5252 πε
2579 5200 2632 5269 ρὶ
2651 5201 2742 5252 τδν
2765 5201 2929 5252 παῖδα
2956 5199 3276 5270 κηδεμονίαν
3302 5201 3499 5271 πολλὴν

1913 5285 2013 5355 τὴν
2050 5284 2399 5355 παράκλησιν
2450 5283 2792 5353 ποιούμενον,
2835 5283 2927 5336 καὶ
2953 5283 3044 5336 τδν
3096 5284 3214 5336 νέον
3268 5285 3498 5355 ἑτοίμως

1915 5369 2132 5422 ᾶπαντα
2171 5367 2492 5438 προϊέμενον
2523 5367 2666 5438 ὑπὲρ
2695 5364 2790 5418 τοῦ
2819 5367 2917 5436 τῆς
2949 5367 3119 5437 κόρης
3158 5368 3456 5438 ὲπιτυχείνς

1984 5461 2052 5521 γ’.
2070 5452 2242 5506 Τοῦτο
2260 5452 2388 5522 γάρ,
2411 5451 2566 5504 τοῦτο
2584 5452 2644 5504 τὸ
2663 5450 2903 5522 ὀλέθριον
2926 5452 3094 5512 πάθος
3115 5452 3290 5506 πάντα
3324 5452 3496 5508 πείθει

1915 5538 2006 5590 τὸν
2035 5537 2229 5589 ἁλόντα
2261 5533 2676 5600 καταδέξασθαι,
2724 5534 2916 5605 μέχρις
2941 5535 3007 5588 ἂν
3039 5536 3202 5589 αὐτὸν
3230 5537 3307 5598 εἰς
3337 5536 3483 5590 αὐτὸξ

1917 5622 2096 5691 ἀγάγῃ
2143 5620 2238 5673 τοῦ
2274 5611 2399 5690 ᾅδου
2429 5619 2519 5672 τὸν
2567 5618 2836 5688 πυθμένα.
2886 5620 2996 5671 Καὶ
3026 5617 3124 5670 θέα
3159 5635 3247 5685 μοι
3269 5634 3284 5648 ο
3317 5619 3345 5670 6
3401 5620 3486 5688 μὲι,

1917 5703 2231 5774 πρεσϐύτης
2289 5701 2485 5756 Ἰακὼϐ
2527 5701 2699 5754 ταῦτα
2743 5701 2956 5756 ἀκούων
2986 5703 3132 5771 σιγᾷ,
3161 5702 3252 5754 καὶ
3291 5701 3387 5772 τὴν
3421 5704 3496 5755 ol-

1914 5784 2068 5836 κείαν
2114 5781 2413 5836 ἐπιείκειαν
2443 5779 2778 5852 μιμούμενος
2826 5780 2977 5833 οὐδὲν
3015 5780 3327 5848 φθέγγεται,
3363 5781 3498 5835 ἀλλά

1916 5868 2105 5937 πράως
2127 5866 2280 5936 φέρει
2304 5867 2403 5933 τὴν
2425 5867 2502 5927 είς
2526 5864 2622 5935 τὴν
2657 5863 2930 5935 θυγατέρα
2962 5864 3332 5937 γεγενημένην
3357 5866 3497 5935 ἐπή-

1917 5966 2084 6020 ρειαν.
2111 5951 2176 6001 Οἱ
2204 5947 2272 6000 δὲ
2290 5948 2404 6002 υἱοὶ
2433 5947 2633 6002 Ἰακὼϐ
2657 5943 2855 6012 εἶπαν,
2881 5949 3034 6021 φησι,
3066 5948 3146 6014 τῷ
3175 5950 3374 6019 Συχὲμ
3394 5953 3496 6002 καὶ

1924 6030 2111 6088 Ἐιιὼρ
2137 6029 2214 6082 τῶ
2234 6029 2408 6081 πατηὲ
2439 6032 2624 6086 οὗτοῦ
2655 6033 2798 6082 "st"!
2828 6035 3033 6101 δόλου,
3058 6035 3151 6088 καί
3183 6035 3496 6100 ἐλάλησαν
