  <div class='ocr_page' id='page_1' title='image "/cluster/home/n/w/nwhite01/storage/ocr_20150623/54/nnc1.0046978518/144.png"; bbox 0 0 4038 6358; ppageno 0'>
   <div class='ocr_carea' id='block_1_1' title="bbox 254 329 366 384">
    <p class='ocr_par' dir='ltr' id='par_1_1' title="bbox 254 329 366 384">
     <span class='ocr_line' id='line_1_1' title="bbox 254 329 366 384; baseline -0.018 0"><span class='ocrx_word' id='word_1_1' title='bbox 254 329 366 384; x_wconf 65' lang='lat'><strong>517</strong></span> 
     </span>
    </p>
   </div>
   <div class='ocr_carea' id='block_1_2' title="bbox 255 430 1836 509">
    <p class='ocr_par' dir='ltr' id='par_1_2' title="bbox 255 430 1836 509">
     <span class='ocr_line' id='line_1_2' title="bbox 255 430 1836 509; baseline -0.013 -14"><span class='ocrx_word' id='word_1_2' title='bbox 255 442 721 509; x_wconf 85' lang='lat' dir='ltr'><strong>intemperantiam</strong></span> <span class='ocrx_word' id='word_1_3' title='bbox 751 434 980 490; x_wconf 68' lang='lat' dir='ltr'><strong>universi</strong></span> <span class='ocrx_word' id='word_1_4' title='bbox 1006 433 1276 487; x_wconf 78' lang='lat' dir='ltr'><strong>civitatem</strong></span> <span class='ocrx_word' id='word_1_5' title='bbox 1309 430 1611 483; x_wconf 92' lang='lat' dir='ltr'><strong>habitantes</strong></span> <span class='ocrx_word' id='word_1_6' title='bbox 1646 439 1836 495; x_wconf 53' lang='lat' dir='ltr'><strong>parna-</strong></span> 
     </span>
    </p>
   </div>
   <div class='ocr_carea' id='block_1_3' title="bbox 258 517 1841 590">
    <p class='ocr_par' dir='ltr' id='par_1_3' title="bbox 258 517 1841 590">
     <span class='ocr_line' id='line_1_3' title="bbox 258 517 1841 590; baseline -0.012 -4"><span class='ocrx_word' id='word_1_7' title='bbox 258 547 381 586; x_wconf 88' lang='lat' dir='ltr'><strong>rum</strong></span> <span class='ocrx_word' id='word_1_8' title='bbox 408 531 538 586; x_wconf 87' lang='lat' dir='ltr'><strong>socii</strong></span> <span class='ocrx_word' id='word_1_9' title='bbox 564 530 713 582; x_wconf 78' lang='lat' dir='ltr'><strong>fiant.</strong></span> <span class='ocrx_word' id='word_1_10' title='bbox 756 527 900 582; x_wconf 91' lang='lat' dir='ltr'><strong>Sicut</strong></span> <span class='ocrx_word' id='word_1_11' title='bbox 930 525 1072 579; x_wconf 91' lang='lat' dir='ltr'><strong>enim</strong></span> <span class='ocrx_word' id='word_1_12' title='bbox 1102 537 1324 577; x_wconf 83' lang='lat' dir='ltr'><strong>accensa</strong></span> <span class='ocrx_word' id='word_1_13' title='bbox 1355 534 1483 590; x_wconf 86' lang='lat' dir='ltr'><strong>pyra</strong></span> <span class='ocrx_word' id='word_1_14' title='bbox 1515 560 1530 584; x_wconf 92' lang='lat'><strong>,</strong></span> <span class='ocrx_word' id='word_1_15' title='bbox 1558 517 1647 586; x_wconf 91' lang='lat' dir='ltr'><strong>qui</strong></span> <span class='ocrx_word' id='word_1_16' title='bbox 1675 529 1841 584; x_wconf 86' lang='lat' dir='ltr'><strong>prope</strong></span> 
     </span>
    </p>
   </div>
   <div class='ocr_carea' id='block_1_4' title="bbox 258 606 1843 687">
    <p class='ocr_par' dir='ltr' id='par_1_4' title="bbox 258 606 1843 687">
     <span class='ocr_line' id='line_1_4' title="bbox 258 606 1843 687; baseline -0.011 -13"><span class='ocrx_word' id='word_1_17' title='bbox 258 622 500 676; x_wconf 74' lang='lat' dir='ltr'><strong>habitant</strong></span> <span class='ocrx_word' id='word_1_18' title='bbox 523 619 746 687; x_wconf 82' lang='lat' dir='ltr'><strong>periculi</strong></span> <span class='ocrx_word' id='word_1_19' title='bbox 768 627 892 670; x_wconf 92' lang='lat' dir='ltr'><strong>sunt</strong></span> <span class='ocrx_word' id='word_1_20' title='bbox 922 615 1206 684; x_wconf 81' lang='lat' dir='ltr'><strong>participes</strong></span> <span class='ocrx_word' id='word_1_21' title='bbox 1231 653 1246 672; x_wconf 90' lang='lat'><strong>.</strong></span> <span class='ocrx_word' id='word_1_22' title='bbox 1299 611 1420 680; x_wconf 83' lang='lat' dir='ltr'><strong>igne</strong></span> <span class='ocrx_word' id='word_1_23' title='bbox 1463 608 1640 661; x_wconf 87' lang='lat' dir='ltr'><strong>omnia</strong></span> <span class='ocrx_word' id='word_1_24' title='bbox 1677 606 1843 674; x_wconf 81' lang='lat' dir='ltr'><strong>depa-</strong></span> 
     </span>
    </p>
   </div>
   <div class='ocr_carea' id='block_1_5' title="bbox 264 698 1846 766">
    <p class='ocr_par' dir='ltr' id='par_1_5' title="bbox 264 698 1846 766">
     <span class='ocr_line' id='line_1_5' title="bbox 264 698 1846 766; baseline -0.01 -1"><span class='ocrx_word' id='word_1_25' title='bbox 264 721 457 765; x_wconf 80' lang='lat' dir='ltr'><strong>s-t-entc</strong></span> <span class='ocrx_word' id='word_1_26' title='bbox 486 729 496 762; x_wconf 93' lang='lat'>:</span> <span class='ocrx_word' id='word_1_27' title='bbox 524 709 714 764; x_wconf 89' lang='lat' dir='ltr'><strong>eodem</strong></span> <span class='ocrx_word' id='word_1_28' title='bbox 745 707 904 760; x_wconf 89' lang='lat' dir='ltr'><strong>modo</strong></span> <span class='ocrx_word' id='word_1_29' title='bbox 947 715 1001 759; x_wconf 91' lang='lat' dir='ltr'><strong>et</strong></span> <span class='ocrx_word' id='word_1_30' title='bbox 1031 719 1169 757; x_wconf 91' lang='lat' dir='ltr'><strong>nunc</strong></span> <span class='ocrx_word' id='word_1_31' title='bbox 1195 700 1544 755; x_wconf 80' lang='lat' dir='ltr'><strong>adolescentis</strong></span> <span class='ocrx_word' id='word_1_32' title='bbox 1587 698 1846 766; x_wconf 82' lang='lat' dir='ltr'><strong>intempe-</strong></span> 
     </span>
    </p>
   </div>
   <div class='ocr_carea' id='block_1_6' title="bbox 263 789 1844 866">
    <p class='ocr_par' dir='ltr' id='par_1_6' title="bbox 263 789 1844 866">
     <span class='ocr_line' id='line_1_6' title="bbox 263 789 1844 866; baseline -0.013 -7"><span class='ocrx_word' id='word_1_33' title='bbox 263 805 438 860; x_wconf 83' lang='lat' dir='ltr'><strong>rantia</strong></span> <span class='ocrx_word' id='word_1_34' title='bbox 484 818 590 856; x_wconf 76' lang='lat' dir='ltr'><strong>non</strong></span> <span class='ocrx_word' id='word_1_35' title='bbox 635 800 806 854; x_wconf 70' lang='lat' dir='ltr'><strong>solum</strong></span> <span class='ocrx_word' id='word_1_36' title='bbox 836 808 1040 866; x_wconf 87' lang='lat' dir='ltr'><strong>patrem</strong></span> <span class='ocrx_word' id='word_1_37' title='bbox 1065 837 1078 859; x_wconf 91' lang='lat'><strong>,</strong></span> <span class='ocrx_word' id='word_1_38' title='bbox 1109 793 1204 849; x_wconf 89' lang='lat' dir='ltr'><strong>sed</strong></span> <span class='ocrx_word' id='word_1_39' title='bbox 1233 802 1288 848; x_wconf 94' lang='lat' dir='ltr'><strong>et</strong></span> <span class='ocrx_word' id='word_1_40' title='bbox 1313 807 1500 846; x_wconf 90' lang='lat' dir='ltr'><strong>omnes</strong></span> <span class='ocrx_word' id='word_1_41' title='bbox 1531 789 1674 843; x_wconf 91' lang='lat' dir='ltr'><strong>urbis</strong></span> <span class='ocrx_word' id='word_1_42' title='bbox 1699 789 1844 842; x_wconf 88' lang='lat' dir='ltr'><strong>cives</strong></span> 
     </span>
    </p>
   </div>
   <div class='ocr_carea' id='block_1_7' title="bbox 255 881 1844 965">
    <p class='ocr_par' dir='ltr' id='par_1_7' title="bbox 255 881 1844 965">
     <span class='ocr_line' id='line_1_7' title="bbox 255 881 1844 965; baseline -0.014 -14"><span class='ocrx_word' id='word_1_43' title='bbox 255 897 419 951; x_wconf 87' lang='lat' dir='ltr'><strong>simul</strong></span> <span class='ocrx_word' id='word_1_44' title='bbox 447 892 696 965; x_wconf 80' lang='lat' dir='ltr'><strong>perdidit.</strong></span> <span class='ocrx_word' id='word_1_45' title='bbox 727 888 866 956; x_wconf 85' lang='lat' dir='ltr'><strong>Quid</strong></span> <span class='ocrx_word' id='word_1_46' title='bbox 888 889 1044 957; x_wconf 78' lang='lat' dir='ltr'><strong>igitur</strong></span> <span class='ocrx_word' id='word_1_47' title='bbox 1066 885 1156 938; x_wconf 86' lang='lat' dir='ltr'><strong>filii</strong></span> <span class='ocrx_word' id='word_1_48' title='bbox 1175 882 1382 938; x_wconf 86' lang='lat' dir='ltr'><strong>Jacob?</strong></span> <span class='ocrx_word' id='word_1_49' title='bbox 1407 881 1600 934; x_wconf 89' lang='lat' dir='ltr'><strong>Dolose</strong></span> <span class='ocrx_word' id='word_1_50' title='bbox 1640 881 1719 932; x_wconf 89' lang='lat' dir='ltr'><strong>eis</strong></span> <span class='ocrx_word' id='word_1_51' title='bbox 1759 893 1844 930; x_wconf 77' lang='lat' dir='ltr'><strong>re-</strong></span> 
     </span>
    </p>
   </div>
   <div class='ocr_carea' id='block_1_8' title="bbox 257 972 1842 1058">
    <p class='ocr_par' dir='ltr' id='par_1_8' title="bbox 257 972 1842 1058">
     <span class='ocr_line' id='line_1_8' title="bbox 257 972 1842 1058; baseline -0.015 -16"><span class='ocrx_word' id='word_1_52' title='bbox 257 987 614 1058; x_wconf 83' lang='lat' dir='ltr'><strong>sponderunt.</strong></span> <span class='ocrx_word' id='word_1_53' title='bbox 663 983 887 1052; x_wconf 85' lang='lat' dir='ltr'><strong>Dignum</strong></span> <span class='ocrx_word' id='word_1_54' title='bbox 914 989 996 1033; x_wconf 89' lang='lat' dir='ltr'><strong>est</strong></span> <span class='ocrx_word' id='word_1_55' title='bbox 1033 977 1238 1039; x_wconf 88' lang='lat' dir='ltr'><strong>auditu,</strong></span> <span class='ocrx_word' id='word_1_56' title='bbox 1264 983 1321 1028; x_wconf 91' lang='lat' dir='ltr'><strong>ut</strong></span> <span class='ocrx_word' id='word_1_57' title='bbox 1348 972 1563 1026; x_wconf 90' lang='lat' dir='ltr'><strong>discatis</strong></span> <span class='ocrx_word' id='word_1_58' title='bbox 1586 977 1842 1035; x_wconf 87' lang='lat' dir='ltr'><strong>quantum</strong></span> 
     </span>
    </p>
   </div>
   <div class='ocr_carea' id='block_1_9' title="bbox 260 1056 1841 1148">
    <p class='ocr_par' dir='ltr' id='par_1_9' title="bbox 260 1056 1841 1148">
     <span class='ocr_line' id='line_1_9' title="bbox 260 1056 1841 1148; baseline -0.016 -15"><span class='ocrx_word' id='word_1_59' title='bbox 260 1056 481 1148; x_wconf 77' lang='lat' dir='ltr'><strong>propter</strong></span> <span class='ocrx_word' id='word_1_60' title='bbox 503 1088 742 1130; x_wconf 89' lang='lat' dir='ltr'><strong>sororem</strong></span> <span class='ocrx_word' id='word_1_61' title='bbox 771 1070 1076 1125; x_wconf 88' lang='lat' dir='ltr'><strong>doluerunt.</strong></span> <span class='ocrx_word' id='word_1_62' title='bbox 1097 1067 1186 1120; x_wconf 70' lang='lat'><strong>14.</strong></span> <span class='ocrx_word' id='word_1_63' title='bbox 1213 1056 1841 1125; x_wconf 80' lang='lat' dir='ltr'><strong>Dixeruntcnim,‘tttqttit,</strong></span> 
     </span>
    </p>
   </div>
   <div class='ocr_carea' id='block_1_10' title="bbox 259 1145 1846 1240">
    <p class='ocr_par' dir='ltr' id='par_1_10' title="bbox 259 1145 1846 1240">
     <span class='ocr_line' id='line_1_10' title="bbox 259 1145 1846 1240; baseline -0.016 -16"><span class='ocrx_word' id='word_1_64' title='bbox 259 1145 490 1240; x_wconf 60' lang='lat' dir='ltr'><strong>Symeou</strong></span> <span class='ocrx_word' id='word_1_65' title='bbox 533 1174 578 1220; x_wconf 89' lang='lat' dir='ltr'><strong>et</strong></span> <span class='ocrx_word' id='word_1_66' title='bbox 613 1163 731 1218; x_wconf 88' lang='lat' dir='ltr'><strong>Levi</strong></span> <span class='ocrx_word' id='word_1_67' title='bbox 761 1166 943 1232; x_wconf 78' lang='lat' dir='ltr'><strong>fratres</strong></span> <span class='ocrx_word' id='word_1_68' title='bbox 975 1158 1121 1210; x_wconf 77' lang='lat' dir='ltr'><strong>Dina:</strong></span> <span class='ocrx_word' id='word_1_69' title='bbox 1145 1197 1158 1218; x_wconf 90' lang='lat'><strong>,</strong></span> <span class='ocrx_word' id='word_1_70' title='bbox 1188 1155 1283 1224; x_wconf 84' lang='lat' dir='ltr'><strong>ﬁlii</strong></span> <span class='ocrx_word' id='word_1_71' title='bbox 1333 1162 1498 1206; x_wconf 88' lang='lat' dir='ltr'><strong>autem</strong></span> <span class='ocrx_word' id='word_1_72' title='bbox 1538 1149 1645 1202; x_wconf 76' lang='lat' dir='ltr'><strong>Lia:</strong></span> <span class='ocrx_word' id='word_1_73' title='bbox 1679 1163 1698 1201; x_wconf 91' lang='lat'><strong><em>:</em></strong></span> <span class='ocrx_word' id='word_1_74' title='bbox 1723 1145 1846 1200; x_wconf 81' lang='lat' dir='ltr'><strong>Non</strong></span> 
     </span>
    </p>
   </div>
   <div class='ocr_carea' id='block_1_11' title="bbox 261 1246 1843 1333">
    <p class='ocr_par' dir='ltr' id='par_1_11' title="bbox 261 1246 1843 1333">
     <span class='ocr_line' id='line_1_11' title="bbox 261 1246 1843 1333; baseline -0.017 -16"><span class='ocrx_word' id='word_1_75' title='bbox 261 1264 541 1333; x_wconf 74' lang='lat' dir='ltr'><strong>poterimus</strong></span> <span class='ocrx_word' id='word_1_76' title='bbox 572 1261 738 1330; x_wconf 83' lang='lat' dir='ltr'><strong>facere</strong></span> <span class='ocrx_word' id='word_1_77' title='bbox 785 1254 985 1308; x_wconf 84' lang='lat' dir='ltr'><strong>verbum</strong></span> <span class='ocrx_word' id='word_1_78' title='bbox 1030 1251 1123 1303; x_wconf 84' lang='lat' dir='ltr'><strong>hoc</strong></span> <span class='ocrx_word' id='word_1_79' title='bbox 1148 1290 1162 1312; x_wconf 93' lang='lat'><strong>,</strong></span> <span class='ocrx_word' id='word_1_80' title='bbox 1196 1257 1249 1300; x_wconf 87' lang='lat' dir='ltr'><strong>ut</strong></span> <span class='ocrx_word' id='word_1_81' title='bbox 1284 1246 1459 1300; x_wconf 87' lang='lat' dir='ltr'><strong>demus</strong></span> <span class='ocrx_word' id='word_1_82' title='bbox 1488 1257 1713 1296; x_wconf 82' lang='lat' dir='ltr'><strong>sororem</strong></span> <span class='ocrx_word' id='word_1_83' title='bbox 1748 1255 1843 1291; x_wconf 89' lang='lat' dir='ltr'><strong>no-</strong></span> 
     </span>
    </p>
   </div>
   <div class='ocr_carea' id='block_1_12' title="bbox 259 1330 1847 1414">
    <p class='ocr_par' dir='ltr' id='par_1_12' title="bbox 259 1330 1847 1414">
     <span class='ocr_line' id='line_1_12' title="bbox 259 1330 1847 1414; baseline -0.018 -6"><span class='ocrx_word' id='word_1_84' title='bbox 259 1330 422 1409; x_wconf 79' lang='lat' dir='ltr'><strong>stram</strong></span> <span class='ocrx_word' id='word_1_85' title='bbox 450 1350 642 1405; x_wconf 85' lang='lat' dir='ltr'><strong>homini</strong></span> <span class='ocrx_word' id='word_1_86' title='bbox 670 1347 756 1414; x_wconf 89' lang='lat' dir='ltr'><strong>qui</strong></span> <span class='ocrx_word' id='word_1_87' title='bbox 781 1345 926 1398; x_wconf 81' lang='lat' dir='ltr'><strong>habet</strong></span> <span class='ocrx_word' id='word_1_88' title='bbox 970 1341 1300 1413; x_wconf 76' lang='lat' dir='ltr'><strong>prwputium.</strong></span> <span class='ocrx_word' id='word_1_89' title='bbox 1332 1336 1416 1390; x_wconf 79' lang='lat' dir='ltr'><strong>l5.</strong></span> <span class='ocrx_word' id='word_1_90' title='bbox 1452 1333 1512 1388; x_wconf 89' lang='lat' dir='ltr'><strong>Si</strong></span> <span class='ocrx_word' id='word_1_91' title='bbox 1562 1331 1713 1402; x_wconf 88' lang='lat' dir='ltr'><strong>igitur</strong></span> <span class='ocrx_word' id='word_1_92' title='bbox 1750 1330 1847 1381; x_wconf 85' lang='lat' dir='ltr'><strong>cir-</strong></span> 
     </span>
    </p>
   </div>
   <div class='ocr_carea' id='block_1_13' title="bbox 259 1419 1847 1502">
    <p class='ocr_par' dir='ltr' id='par_1_13' title="bbox 259 1419 1847 1502">
     <span class='ocr_line' id='line_1_13' title="bbox 259 1419 1847 1502; baseline -0.016 -4"><span class='ocrx_word' id='word_1_93' title='bbox 259 1440 620 1498; x_wconf 86' lang='lat' dir='ltr'><strong>cumcidamini</strong></span> <span class='ocrx_word' id='word_1_94' title='bbox 645 1453 797 1491; x_wconf 89' lang='lat' dir='ltr'><strong>carne</strong></span> <span class='ocrx_word' id='word_1_95' title='bbox 822 1432 1054 1502; x_wconf 74' lang='lat' dir='ltr'><strong>prwputii</strong></span> <span class='ocrx_word' id='word_1_96' title='bbox 1079 1429 1265 1492; x_wconf 81' lang='lat' dir='ltr'><strong>vestri,</strong></span> <span class='ocrx_word' id='word_1_97' title='bbox 1304 1427 1391 1480; x_wconf 86' lang='lat'><strong>16.</strong></span> <span class='ocrx_word' id='word_1_98' title='bbox 1440 1423 1670 1476; x_wconf 84' lang='lat' dir='ltr'><strong>dabimus</strong></span> <span class='ocrx_word' id='word_1_99' title='bbox 1712 1419 1847 1487; x_wconf 80' lang='lat' dir='ltr'><strong>filias</strong></span> 
     </span>
    </p>
   </div>
   <div class='ocr_carea' id='block_1_14' title="bbox 264 1511 1846 1593">
    <p class='ocr_par' dir='ltr' id='par_1_14' title="bbox 264 1511 1846 1593">
     <span class='ocr_line' id='line_1_14' title="bbox 264 1511 1846 1593; baseline -0.016 -5"><span class='ocrx_word' id='word_1_100' title='bbox 264 1547 465 1590; x_wconf 86' lang='lat' dir='ltr'><strong>nostras</strong></span> <span class='ocrx_word' id='word_1_101' title='bbox 503 1532 659 1592; x_wconf 84' lang='lat' dir='ltr'><strong>vobis,</strong></span> <span class='ocrx_word' id='word_1_102' title='bbox 693 1539 739 1582; x_wconf 88' lang='lat' dir='ltr'><strong>et</strong></span> <span class='ocrx_word' id='word_1_103' title='bbox 784 1527 847 1579; x_wconf 88' lang='lat' dir='ltr'><strong>de</strong></span> <span class='ocrx_word' id='word_1_104' title='bbox 878 1523 1081 1593; x_wconf 76' lang='lat' dir='ltr'><strong>ﬁliabus</strong></span> <span class='ocrx_word' id='word_1_105' title='bbox 1111 1520 1285 1574; x_wconf 86' lang='lat' dir='ltr'><strong>vestris</strong></span> <span class='ocrx_word' id='word_1_106' title='bbox 1318 1517 1652 1586; x_wconf 82' lang='lat' dir='ltr'><strong>accipiemus,</strong></span> <span class='ocrx_word' id='word_1_107' title='bbox 1675 1522 1719 1566; x_wconf 91' lang='lat' dir='ltr'><strong>et</strong></span> <span class='ocrx_word' id='word_1_108' title='bbox 1749 1511 1846 1563; x_wconf 87' lang='lat' dir='ltr'><strong>eri-</strong></span> 
     </span>
    </p>
   </div>
   <div class='ocr_carea' id='block_1_15' title="bbox 263 1602 1848 1694">
    <p class='ocr_par' dir='ltr' id='par_1_15' title="bbox 263 1602 1848 1694">
     <span class='ocr_line' id='line_1_15' title="bbox 263 1602 1848 1694; baseline -0.016 -14"><span class='ocrx_word' id='word_1_109' title='bbox 263 1646 376 1681; x_wconf 84' lang='lat' dir='ltr'><strong>mus</strong></span> <span class='ocrx_word' id='word_1_110' title='bbox 405 1625 549 1694; x_wconf 86' lang='lat' dir='ltr'><strong>quasi</strong></span> <span class='ocrx_word' id='word_1_111' title='bbox 577 1636 733 1692; x_wconf 86' lang='lat' dir='ltr'><strong>genus</strong></span> <span class='ocrx_word' id='word_1_112' title='bbox 755 1634 929 1671; x_wconf 84' lang='lat' dir='ltr'><strong>unum.</strong></span> <span class='ocrx_word' id='word_1_113' title='bbox 961 1615 1092 1669; x_wconf 72' lang='lat' dir='ltr'><strong>Hzec</strong></span> <span class='ocrx_word' id='word_1_114' title='bbox 1120 1611 1331 1680; x_wconf 86' lang='lat' dir='ltr'><strong>quidem</strong></span> <span class='ocrx_word' id='word_1_115' title='bbox 1370 1604 1660 1676; x_wconf 86' lang='lat' dir='ltr'><strong>propositio</strong></span> <span class='ocrx_word' id='word_1_116' title='bbox 1691 1602 1848 1656; x_wconf 90' lang='lat' dir='ltr'><strong>hone-</strong></span> 
     </span>
    </p>
   </div>
   <div class='ocr_carea' id='block_1_16' title="bbox 261 1691 1844 1776">
    <p class='ocr_par' dir='ltr' id='par_1_16' title="bbox 261 1691 1844 1776">
     <span class='ocr_line' id='line_1_16' title="bbox 261 1691 1844 1776; baseline -0.018 -5"><span class='ocrx_word' id='word_1_117' title='bbox 261 1731 343 1771; x_wconf 75' lang='lat' dir='ltr'><strong>5ta</strong></span> <span class='ocrx_word' id='word_1_118' title='bbox 372 1725 506 1776; x_wconf 88' lang='lat' dir='ltr'><strong>erat,</strong></span> <span class='ocrx_word' id='word_1_119' title='bbox 537 1723 587 1767; x_wconf 87' lang='lat' dir='ltr'><strong>et</strong></span> <span class='ocrx_word' id='word_1_120' title='bbox 608 1708 797 1764; x_wconf 86' lang='lat' dir='ltr'><strong>rationi</strong></span> <span class='ocrx_word' id='word_1_121' title='bbox 828 1713 1204 1766; x_wconf 83' lang='lat' dir='ltr'><strong>consentanea,</strong></span> <span class='ocrx_word' id='word_1_122' title='bbox 1223 1699 1316 1754; x_wconf 89' lang='lat' dir='ltr'><strong>sed</strong></span> <span class='ocrx_word' id='word_1_123' title='bbox 1346 1713 1465 1752; x_wconf 92' lang='lat' dir='ltr'><strong>cum</strong></span> <span class='ocrx_word' id='word_1_124' title='bbox 1489 1695 1635 1756; x_wconf 91' lang='lat' dir='ltr'><strong>dolo,</strong></span> <span class='ocrx_word' id='word_1_125' title='bbox 1655 1691 1844 1761; x_wconf 88' lang='lat' dir='ltr'><strong>inquit,</strong></span> 
     </span>
    </p>
   </div>
   <div class='ocr_carea' id='block_1_17' title="bbox 262 1787 1847 1864">
    <p class='ocr_par' dir='ltr' id='par_1_17' title="bbox 262 1787 1847 1864">
     <span class='ocr_line' id='line_1_17' title="bbox 262 1787 1847 1864; baseline -0.02 0"><span class='ocrx_word' id='word_1_126' title='bbox 262 1810 405 1864; x_wconf 85' lang='lat' dir='ltr'><strong>dicta</strong></span> <span class='ocrx_word' id='word_1_127' title='bbox 437 1814 538 1860; x_wconf 83' lang='lat' dir='ltr'><strong>est.</strong></span> <span class='ocrx_word' id='word_1_128' title='bbox 567 1803 652 1857; x_wconf 83' lang='lat'><strong>1&#39;7.</strong></span> <span class='ocrx_word' id='word_1_129' title='bbox 685 1801 749 1854; x_wconf 83' lang='lat' dir='ltr'><strong>Et</strong></span> <span class='ocrx_word' id='word_1_130' title='bbox 780 1800 824 1853; x_wconf 92' lang='lat' dir='ltr'><strong>si</strong></span> <span class='ocrx_word' id='word_1_131' title='bbox 864 1793 1147 1855; x_wconf 85' lang='lat' dir='ltr'><strong>nolueritis,</strong></span> <span class='ocrx_word' id='word_1_132' title='bbox 1176 1789 1382 1858; x_wconf 90' lang='lat' dir='ltr'><strong>inquit,</strong></span> <span class='ocrx_word' id='word_1_133' title='bbox 1414 1787 1505 1839; x_wconf 81' lang='lat' dir='ltr'><strong>hoc</strong></span> <span class='ocrx_word' id='word_1_134' title='bbox 1531 1789 1696 1856; x_wconf 85' lang='lat' dir='ltr'><strong>facere</strong></span> <span class='ocrx_word' id='word_1_135' title='bbox 1718 1821 1733 1846; x_wconf 93' lang='lat'><strong>,</strong></span> <span class='ocrx_word' id='word_1_136' title='bbox 1759 1797 1847 1834; x_wconf 89' lang='lat' dir='ltr'><strong>ac-</strong></span> 
     </span>
    </p>
   </div>
   <div class='ocr_carea' id='block_1_18' title="bbox 265 1876 1850 1970">
    <p class='ocr_par' dir='ltr' id='par_1_18' title="bbox 265 1876 1850 1970">
     <span class='ocr_line' id='line_1_18' title="bbox 265 1876 1850 1970; baseline -0.018 -15"><span class='ocrx_word' id='word_1_137' title='bbox 265 1912 412 1970; x_wconf 79' lang='lat' dir='ltr'><strong>cepta</strong></span> <span class='ocrx_word' id='word_1_138' title='bbox 447 1899 556 1968; x_wconf 84' lang='lat' dir='ltr'><strong>filia</strong></span> <span class='ocrx_word' id='word_1_139' title='bbox 597 1903 771 1948; x_wconf 89' lang='lat' dir='ltr'><strong>nostra</strong></span> <span class='ocrx_word' id='word_1_140' title='bbox 813 1889 1076 1943; x_wconf 89' lang='lat' dir='ltr'><strong>abibimus.</strong></span> <span class='ocrx_word' id='word_1_141' title='bbox 1123 1884 1248 1938; x_wconf 73' lang='lat' dir='ltr'><strong>litec</strong></span> <span class='ocrx_word' id='word_1_142' title='bbox 1285 1881 1496 1949; x_wconf 86' lang='lat' dir='ltr'><strong>quidem</strong></span> <span class='ocrx_word' id='word_1_143' title='bbox 1540 1876 1770 1946; x_wconf 82' lang='lat' dir='ltr'><strong>Symeon</strong></span> <span class='ocrx_word' id='word_1_144' title='bbox 1796 1881 1850 1926; x_wconf 90' lang='lat' dir='ltr'><strong>et</strong></span> 
     </span>
    </p>
   </div>
   <div class='ocr_carea' id='block_1_19' title="bbox 266 1974 1850 2049">
    <p class='ocr_par' dir='ltr' id='par_1_19' title="bbox 266 1974 1850 2049">
     <span class='ocr_line' id='line_1_19' title="bbox 266 1974 1850 2049; baseline -0.02 0"><span class='ocrx_word' id='word_1_145' title='bbox 266 1995 395 2049; x_wconf 87' lang='lat' dir='ltr'><strong>Levi</strong></span> <span class='ocrx_word' id='word_1_146' title='bbox 441 1991 641 2046; x_wconf 66' lang='lat' dir='ltr'><strong>caidem</strong></span> <span class='ocrx_word' id='word_1_147' title='bbox 687 1985 924 2040; x_wconf 91' lang='lat' dir='ltr'><strong>omnium</strong></span> <span class='ocrx_word' id='word_1_148' title='bbox 966 1991 1148 2033; x_wconf 86' lang='lat' dir='ltr'><strong>secum</strong></span> <span class='ocrx_word' id='word_1_149' title='bbox 1205 1974 1524 2028; x_wconf 87' lang='lat' dir='ltr'><strong>meditantes</strong></span> <span class='ocrx_word' id='word_1_150' title='bbox 1571 1980 1850 2038; x_wconf 87' lang='lat' dir='ltr'><strong>proposue-</strong></span> 
     </span>
    </p>
   </div>
   <div class='ocr_carea' id='block_1_20' title="bbox 265 2060 1846 2144">
    <p class='ocr_par' dir='ltr' id='par_1_20' title="bbox 265 2060 1846 2144">
     <span class='ocr_line' id='line_1_20' title="bbox 265 2060 1846 2144; baseline -0.022 -2"><span class='ocrx_word' id='word_1_151' title='bbox 265 2097 414 2142; x_wconf 87' lang='lat' dir='ltr'><strong>runt.</strong></span> <span class='ocrx_word' id='word_1_152' title='bbox 457 2085 532 2137; x_wconf 92' lang='lat' dir='ltr'><strong>llli</strong></span> <span class='ocrx_word' id='word_1_153' title='bbox 564 2091 740 2134; x_wconf 92' lang='lat' dir='ltr'><strong>autem</strong></span> <span class='ocrx_word' id='word_1_154' title='bbox 789 2073 1135 2144; x_wconf 85' lang='lat' dir='ltr'><strong>respicientes</strong></span> <span class='ocrx_word' id='word_1_155' title='bbox 1162 2068 1229 2123; x_wconf 89' lang='lat' dir='ltr'><strong>ad</strong></span> <span class='ocrx_word' id='word_1_156' title='bbox 1270 2065 1411 2136; x_wconf 91' lang='lat' dir='ltr'><strong>quod</strong></span> <span class='ocrx_word' id='word_1_157' title='bbox 1451 2060 1846 2131; x_wconf 77' lang='lat' dir='ltr'><strong>exspectabant,</strong></span> 
     </span>
    </p>
   </div>
   <div class='ocr_carea' id='block_1_21' title="bbox 266 2151 1846 2248">
    <p class='ocr_par' dir='ltr' id='par_1_21' title="bbox 266 2151 1846 2248">
     <span class='ocr_line' id='line_1_21' title="bbox 266 2151 1846 2248; baseline -0.02 -17"><span class='ocrx_word' id='word_1_158' title='bbox 266 2177 610 2248; x_wconf 84' lang='lat' dir='ltr'><strong>puellamque</strong></span> <span class='ocrx_word' id='word_1_159' title='bbox 634 2170 833 2224; x_wconf 91' lang='lat' dir='ltr'><strong>habere</strong></span> <span class='ocrx_word' id='word_1_160' title='bbox 859 2165 1153 2228; x_wconf 91' lang='lat' dir='ltr'><strong>cupientes,</strong></span> <span class='ocrx_word' id='word_1_161' title='bbox 1185 2162 1570 2214; x_wconf 87' lang='lat' dir='ltr'><strong>consenserunt</strong></span> <span class='ocrx_word' id='word_1_162' title='bbox 1599 2153 1652 2206; x_wconf 93' lang='lat' dir='ltr'><strong>in</strong></span> <span class='ocrx_word' id='word_1_163' title='bbox 1674 2151 1810 2204; x_wconf 85' lang='lat' dir='ltr'><strong>dicta</strong></span> <span class='ocrx_word' id='word_1_164' title='bbox 1831 2189 1846 2212; x_wconf 94' lang='lat'><strong>,</strong></span> 
     </span>
    </p>
   </div>
   <div class='ocr_carea' id='block_1_22' title="bbox 266 2239 1851 2337">
    <p class='ocr_par' dir='ltr' id='par_1_22' title="bbox 266 2239 1851 2337">
     <span class='ocr_line' id='line_1_22' title="bbox 266 2239 1851 2337; baseline -0.021 -14"><span class='ocrx_word' id='word_1_165' title='bbox 266 2239 322 2322; x_wconf 71' lang='lat' dir='ltr'><strong>et</strong></span> <span class='ocrx_word' id='word_1_166' title='bbox 349 2239 668 2337; x_wconf 83' lang='lat' dir='ltr'><strong>placuerunt</strong></span> <span class='ocrx_word' id='word_1_167' title='bbox 709 2261 789 2314; x_wconf 88' lang='lat' dir='ltr'><strong>eis</strong></span> <span class='ocrx_word' id='word_1_168' title='bbox 818 2257 1113 2327; x_wconf 87' lang='lat' dir='ltr'><strong>proposita.</strong></span> <span class='ocrx_word' id='word_1_169' title='bbox 1142 2251 1276 2305; x_wconf 89' lang='lat' dir='ltr'><strong>Dicit</strong></span> <span class='ocrx_word' id='word_1_170' title='bbox 1304 2248 1445 2302; x_wconf 90' lang='lat' dir='ltr'><strong>enim</strong></span> <span class='ocrx_word' id='word_1_171' title='bbox 1478 2264 1490 2298; x_wconf 95' lang='lat'>:</span> <span class='ocrx_word' id='word_1_172' title='bbox 1525 2245 1612 2298; x_wconf 90' lang='lat'><strong>18.</strong></span> <span class='ocrx_word' id='word_1_173' title='bbox 1647 2239 1851 2294; x_wconf 81' lang='lat' dir='ltr'><strong>Placuit</strong></span> 
     </span>
    </p>
   </div>
   <div class='ocr_carea' id='block_1_23' title="bbox 270 2332 1853 2419">
    <p class='ocr_par' dir='ltr' id='par_1_23' title="bbox 270 2332 1853 2419">
     <span class='ocr_line' id='line_1_23' title="bbox 270 2332 1853 2419; baseline -0.022 -2"><span class='ocrx_word' id='word_1_174' title='bbox 270 2378 448 2417; x_wconf 85' lang='lat' dir='ltr'><strong>coram</strong></span> <span class='ocrx_word' id='word_1_175' title='bbox 476 2361 546 2412; x_wconf 88' lang='lat' dir='ltr'><strong>eis</strong></span> <span class='ocrx_word' id='word_1_176' title='bbox 575 2371 758 2419; x_wconf 84' lang='lat' dir='ltr'><strong>sermo,</strong></span> <span class='ocrx_word' id='word_1_177' title='bbox 786 2353 873 2407; x_wconf 85' lang='lat'><strong>19.</strong></span> <span class='ocrx_word' id='word_1_178' title='bbox 926 2359 970 2403; x_wconf 88' lang='lat' dir='ltr'><strong>et</strong></span> <span class='ocrx_word' id='word_1_179' title='bbox 1016 2364 1113 2400; x_wconf 89' lang='lat' dir='ltr'><strong>non</strong></span> <span class='ocrx_word' id='word_1_180' title='bbox 1165 2341 1379 2397; x_wconf 86' lang='lat' dir='ltr'><strong>tardavit</strong></span> <span class='ocrx_word' id='word_1_181' title='bbox 1419 2336 1695 2402; x_wconf 84' lang='lat' dir='ltr'><strong>adimplere</strong></span> <span class='ocrx_word' id='word_1_182' title='bbox 1719 2332 1853 2384; x_wconf 86' lang='lat' dir='ltr'><strong>dicta</strong></span> 
     </span>
    </p>
   </div>
   <div class='ocr_carea' id='block_1_24' title="bbox 269 2429 1851 2516">
    <p class='ocr_par' dir='ltr' id='par_1_24' title="bbox 269 2429 1851 2516">
     <span class='ocr_line' id='line_1_24' title="bbox 269 2429 1851 2516; baseline -0.021 -9"><span class='ocrx_word' id='word_1_183' title='bbox 269 2454 587 2506; x_wconf 81' lang='lat' dir='ltr'><strong>adolescens.</strong></span> <span class='ocrx_word' id='word_1_184' title='bbox 617 2443 887 2516; x_wconf 83' lang='lat' dir='ltr'><strong>Deperibat</strong></span> <span class='ocrx_word' id='word_1_185' title='bbox 911 2441 1042 2494; x_wconf 88' lang='lat' dir='ltr'><strong>enim</strong></span> <span class='ocrx_word' id='word_1_186' title='bbox 1069 2438 1231 2508; x_wconf 88' lang='lat' dir='ltr'><strong>filiam</strong></span> <span class='ocrx_word' id='word_1_187' title='bbox 1259 2431 1441 2487; x_wconf 78' lang='lat' dir='ltr'><strong>Jacob.</strong></span> <span class='ocrx_word' id='word_1_188' title='bbox 1472 2429 1583 2482; x_wconf 87' lang='lat' dir='ltr'><strong>Hoc</strong></span> <span class='ocrx_word' id='word_1_189' title='bbox 1611 2433 1694 2479; x_wconf 91' lang='lat' dir='ltr'><strong>est</strong></span> <span class='ocrx_word' id='word_1_190' title='bbox 1713 2466 1728 2487; x_wconf 85' lang='lat'><strong>,</strong></span> <span class='ocrx_word' id='word_1_191' title='bbox 1769 2432 1851 2474; x_wconf 89' lang='lat' dir='ltr'><strong>to-</strong></span> 
     </span>
    </p>
   </div>
   <div class='ocr_carea' id='block_1_25' title="bbox 271 2520 1850 2609">
    <p class='ocr_par' dir='ltr' id='par_1_25' title="bbox 271 2520 1850 2609">
     <span class='ocr_line' id='line_1_25' title="bbox 271 2520 1850 2609; baseline -0.022 -9"><span class='ocrx_word' id='word_1_192' title='bbox 271 2558 384 2600; x_wconf 89' lang='lat' dir='ltr'><strong>tum</strong></span> <span class='ocrx_word' id='word_1_193' title='bbox 415 2559 472 2597; x_wconf 91' lang='lat' dir='ltr'><strong>se</strong></span> <span class='ocrx_word' id='word_1_194' title='bbox 496 2543 548 2595; x_wconf 94' lang='lat' dir='ltr'><strong>in</strong></span> <span class='ocrx_word' id='word_1_195' title='bbox 577 2539 765 2609; x_wconf 71' lang='lat' dir='ltr'><strong>puella:</strong></span> <span class='ocrx_word' id='word_1_196' title='bbox 792 2548 1030 2590; x_wconf 91' lang='lat' dir='ltr'><strong>amorem</strong></span> <span class='ocrx_word' id='word_1_197' title='bbox 1053 2528 1346 2586; x_wconf 88' lang='lat' dir='ltr'><strong>dediderat.</strong></span> <span class='ocrx_word' id='word_1_198' title='bbox 1378 2523 1468 2578; x_wconf 54' lang='grc' dir='ltr'><strong>ιο.</strong></span> <span class='ocrx_word' id='word_1_199' title='bbox 1494 2520 1559 2574; x_wconf 86' lang='lat' dir='ltr'><strong>Et</strong></span> <span class='ocrx_word' id='word_1_200' title='bbox 1592 2524 1850 2579; x_wconf 82' lang='lat' dir='ltr'><strong>venerunt,</strong></span> 
     </span>
    </p>
   </div>
   <div class='ocr_carea' id='block_1_26' title="bbox 273 2611 1855 2708">
    <p class='ocr_par' dir='ltr' id='par_1_26' title="bbox 273 2611 1855 2708">
     <span class='ocr_line' id='line_1_26' title="bbox 273 2611 1855 2708; baseline -0.023 -16"><span class='ocrx_word' id='word_1_201' title='bbox 273 2637 465 2708; x_wconf 87' lang='lat' dir='ltr'><strong>inquit,</strong></span> <span class='ocrx_word' id='word_1_202' title='bbox 489 2635 596 2701; x_wconf 89' lang='lat' dir='ltr'><strong>ipse</strong></span> <span class='ocrx_word' id='word_1_203' title='bbox 615 2639 662 2684; x_wconf 90' lang='lat' dir='ltr'><strong>et</strong></span> <span class='ocrx_word' id='word_1_204' title='bbox 693 2638 834 2700; x_wconf 86' lang='lat' dir='ltr'><strong>pater</strong></span> <span class='ocrx_word' id='word_1_205' title='bbox 847 2628 955 2697; x_wconf 86' lang='lat' dir='ltr'><strong>ejus</strong></span> <span class='ocrx_word' id='word_1_206' title='bbox 975 2623 1041 2676; x_wconf 87' lang='lat' dir='ltr'><strong>ad</strong></span> <span class='ocrx_word' id='word_1_207' title='bbox 1068 2629 1288 2693; x_wconf 86' lang='lat' dir='ltr'><strong>portam,</strong></span> <span class='ocrx_word' id='word_1_208' title='bbox 1317 2625 1362 2669; x_wconf 89' lang='lat' dir='ltr'><strong>et</strong></span> <span class='ocrx_word' id='word_1_209' title='bbox 1387 2611 1580 2683; x_wconf 88' lang='lat' dir='ltr'><strong>loquuti</strong></span> <span class='ocrx_word' id='word_1_210' title='bbox 1608 2615 1722 2662; x_wconf 90' lang='lat' dir='ltr'><strong>sunt</strong></span> <span class='ocrx_word' id='word_1_211' title='bbox 1748 2622 1855 2658; x_wconf 86' lang='lat' dir='ltr'><strong>om-</strong></span> 
     </span>
    </p>
   </div>
   <div class='ocr_carea' id='block_1_27' title="bbox 276 2701 1858 2795">
    <p class='ocr_par' dir='ltr' id='par_1_27' title="bbox 276 2701 1858 2795">
     <span class='ocr_line' id='line_1_27' title="bbox 276 2701 1858 2795; baseline -0.021 -13"><span class='ocrx_word' id='word_1_212' title='bbox 276 2701 423 2783; x_wconf 77' lang='lat' dir='ltr'><strong>uibus</strong></span> <span class='ocrx_word' id='word_1_213' title='bbox 474 2725 560 2795; x_wconf 85' lang='lat' dir='ltr'><strong>qui</strong></span> <span class='ocrx_word' id='word_1_214' title='bbox 610 2723 664 2775; x_wconf 85' lang='lat' dir='ltr'><strong>in</strong></span> <span class='ocrx_word' id='word_1_215' title='bbox 701 2719 896 2772; x_wconf 84' lang='lat' dir='ltr'><strong>civitate</strong></span> <span class='ocrx_word' id='word_1_216' title='bbox 935 2712 1226 2768; x_wconf 82' lang='lat' dir='ltr'><strong>habitabant</strong></span> <span class='ocrx_word' id='word_1_217' title='bbox 1253 2751 1268 2775; x_wconf 92' lang='lat'><strong>,</strong></span> <span class='ocrx_word' id='word_1_218' title='bbox 1295 2715 1348 2762; x_wconf 93' lang='lat' dir='ltr'><strong>et</strong></span> <span class='ocrx_word' id='word_1_219' title='bbox 1382 2701 1765 2759; x_wconf 91' lang='lat' dir='ltr'><strong>consuluerunt</strong></span> <span class='ocrx_word' id='word_1_220' title='bbox 1800 2703 1858 2750; x_wconf 95' lang='lat' dir='ltr'><strong>ut</strong></span> 
     </span>
    </p>
   </div>
   <div class='ocr_carea' id='block_1_28' title="bbox 274 2789 1858 2878">
    <p class='ocr_par' dir='ltr' id='par_1_28' title="bbox 274 2789 1858 2878">
     <span class='ocr_line' id='line_1_28' title="bbox 274 2789 1858 2878; baseline -0.02 -4"><span class='ocrx_word' id='word_1_221' title='bbox 274 2815 738 2874; x_wconf 88' lang='lat' dir='ltr'><strong>circumcisionem</strong></span> <span class='ocrx_word' id='word_1_222' title='bbox 789 2809 1122 2878; x_wconf 90' lang='lat' dir='ltr'><strong>susciperent</strong></span> <span class='ocrx_word' id='word_1_223' title='bbox 1176 2799 1468 2858; x_wconf 83' lang='lat' dir='ltr'><strong>Secundum</strong></span> <span class='ocrx_word' id='word_1_224' title='bbox 1510 2795 1744 2850; x_wconf 86' lang='lat' dir='ltr'><strong>oblatam</strong></span> <span class='ocrx_word' id='word_1_225' title='bbox 1790 2789 1858 2843; x_wconf 86' lang='lat' dir='ltr'><strong>ab</strong></span> 
     </span>
    </p>
   </div>
   <div class='ocr_carea' id='block_1_29' title="bbox 277 2882 1860 2971">
    <p class='ocr_par' dir='ltr' id='par_1_29' title="bbox 277 2882 1860 2971">
     <span class='ocr_line' id='line_1_29' title="bbox 277 2882 1860 2971; baseline -0.021 -2"><span class='ocrx_word' id='word_1_226' title='bbox 277 2916 383 2969; x_wconf 91' lang='lat' dir='ltr'><strong>illis</strong></span> <span class='ocrx_word' id='word_1_227' title='bbox 406 2910 788 2971; x_wconf 85' lang='lat' dir='ltr'><strong>conditionem,</strong></span> <span class='ocrx_word' id='word_1_228' title='bbox 819 2913 873 2958; x_wconf 95' lang='lat' dir='ltr'><strong>et</strong></span> <span class='ocrx_word' id='word_1_229' title='bbox 899 2911 957 2957; x_wconf 93' lang='lat' dir='ltr'><strong>ut</strong></span> <span class='ocrx_word' id='word_1_230' title='bbox 985 2901 1102 2954; x_wconf 89' lang='lat' dir='ltr'><strong>illos</strong></span> <span class='ocrx_word' id='word_1_231' title='bbox 1151 2896 1215 2950; x_wconf 87' lang='lat' dir='ltr'><strong>ad</strong></span> <span class='ocrx_word' id='word_1_232' title='bbox 1245 2889 1692 2949; x_wconf 89' lang='lat' dir='ltr'><strong>cohabitationem</strong></span> <span class='ocrx_word' id='word_1_233' title='bbox 1719 2882 1860 2938; x_wconf 89' lang='lat' dir='ltr'><strong>acci-</strong></span> 
     </span>
    </p>
   </div>
   <div class='ocr_carea' id='block_1_30' title="bbox 278 2976 1859 3078">
    <p class='ocr_par' dir='ltr' id='par_1_30' title="bbox 278 2976 1859 3078">
     <span class='ocr_line' id='line_1_30' title="bbox 278 2976 1859 3078; baseline -0.022 -17"><span class='ocrx_word' id='word_1_234' title='bbox 278 3015 484 3078; x_wconf 88' lang='lat' dir='ltr'><strong>perent.</strong></span> <span class='ocrx_word' id='word_1_235' title='bbox 501 3000 797 3072; x_wconf 84' lang='lat' dir='ltr'><strong>implebant</strong></span> <span class='ocrx_word' id='word_1_236' title='bbox 826 2995 900 3051; x_wconf 89' lang='lat' dir='ltr'><strong>illi</strong></span> <span class='ocrx_word' id='word_1_237' title='bbox 930 2993 1107 3048; x_wconf 90' lang='lat' dir='ltr'><strong>statim</strong></span> <span class='ocrx_word' id='word_1_238' title='bbox 1133 3004 1253 3060; x_wconf 81' lang='lat' dir='ltr'><strong>quae</strong></span> <span class='ocrx_word' id='word_1_239' title='bbox 1269 2987 1336 3040; x_wconf 89' lang='lat' dir='ltr'><strong>ab</strong></span> <span class='ocrx_word' id='word_1_240' title='bbox 1360 2985 1524 3038; x_wconf 86' lang='lat' dir='ltr'><strong>Emor</strong></span> <span class='ocrx_word' id='word_1_241' title='bbox 1545 2989 1600 3034; x_wconf 90' lang='lat' dir='ltr'><strong>et</strong></span> <span class='ocrx_word' id='word_1_242' title='bbox 1629 2976 1859 3048; x_wconf 90' lang='lat' dir='ltr'><strong>Syehem</strong></span> 
     </span>
    </p>
   </div>
   <div class='ocr_carea' id='block_1_31' title="bbox 277 3067 1859 3155">
    <p class='ocr_par' dir='ltr' id='par_1_31' title="bbox 277 3067 1859 3155">
     <span class='ocr_line' id='line_1_31' title="bbox 277 3067 1859 3155; baseline -0.021 -4"><span class='ocrx_word' id='word_1_243' title='bbox 277 3099 420 3151; x_wconf 89' lang='lat' dir='ltr'><strong>dicta</strong></span> <span class='ocrx_word' id='word_1_244' title='bbox 453 3102 600 3155; x_wconf 90' lang='lat' dir='ltr'><strong>sunt,</strong></span> <span class='ocrx_word' id='word_1_245' title='bbox 631 3102 685 3146; x_wconf 87' lang='lat' dir='ltr'><strong>et</strong></span> <span class='ocrx_word' id='word_1_246' title='bbox 710 3103 899 3144; x_wconf 85' lang='lat' dir='ltr'><strong>omnes</strong></span> <span class='ocrx_word' id='word_1_247' title='bbox 941 3083 1095 3138; x_wconf 91' lang='lat' dir='ltr'><strong>simul</strong></span> <span class='ocrx_word' id='word_1_248' title='bbox 1123 3073 1546 3134; x_wconf 81' lang='lat' dir='ltr'><strong>circumcisionis</strong></span> <span class='ocrx_word' id='word_1_249' title='bbox 1569 3071 1779 3139; x_wconf 86' lang='lat' dir='ltr'><strong>signum</strong></span> <span class='ocrx_word' id='word_1_250' title='bbox 1807 3067 1859 3119; x_wconf 92' lang='lat' dir='ltr'><strong>in</strong></span> 
     </span>
    </p>
   </div>
   <div class='ocr_carea' id='block_1_32' title="bbox 280 3161 1860 3255">
    <p class='ocr_par' dir='ltr' id='par_1_32' title="bbox 280 3161 1860 3255">
     <span class='ocr_line' id='line_1_32' title="bbox 280 3161 1860 3255; baseline -0.02 -15"><span class='ocrx_word' id='word_1_251' title='bbox 280 3199 508 3255; x_wconf 85' lang='lat' dir='ltr'><strong>corpore</strong></span> <span class='ocrx_word' id='word_1_252' title='bbox 530 3179 883 3250; x_wconf 88' lang='lat' dir='ltr'><strong>accipiebant.</strong></span> <span class='ocrx_word' id='word_1_253' title='bbox 928 3175 1042 3229; x_wconf 83' lang='lat' dir='ltr'><strong>lloc</strong></span> <span class='ocrx_word' id='word_1_254' title='bbox 1071 3172 1158 3225; x_wconf 83' lang='lat' dir='ltr'><strong>tibi</strong></span> <span class='ocrx_word' id='word_1_255' title='bbox 1183 3168 1511 3222; x_wconf 84' lang='lat' dir='ltr'><strong>resciverunt</strong></span> <span class='ocrx_word' id='word_1_256' title='bbox 1530 3161 1764 3232; x_wconf 85' lang='lat' dir='ltr'><strong>Symeon</strong></span> <span class='ocrx_word' id='word_1_257' title='bbox 1797 3169 1860 3208; x_wconf 90' lang='lat' dir='ltr'><strong>ac</strong></span> 
     </span>
    </p>
   </div>
   <div class='ocr_carea' id='block_1_33' title="bbox 285 3255 1863 3344">
    <p class='ocr_par' dir='ltr' id='par_1_33' title="bbox 285 3255 1863 3344">
     <span class='ocr_line' id='line_1_33' title="bbox 285 3255 1863 3344; baseline -0.022 -12"><span class='ocrx_word' id='word_1_258' title='bbox 285 3277 433 3342; x_wconf 85' lang='lat' dir='ltr'><strong>Levi,</strong></span> <span class='ocrx_word' id='word_1_259' title='bbox 468 3291 588 3344; x_wconf 79' lang='lat' dir='ltr'><strong>quae</strong></span> <span class='ocrx_word' id='word_1_260' title='bbox 631 3272 742 3342; x_wconf 88' lang='lat' dir='ltr'><strong>jam</strong></span> <span class='ocrx_word' id='word_1_261' title='bbox 770 3267 969 3324; x_wconf 89' lang='lat' dir='ltr'><strong>dudum</strong></span> <span class='ocrx_word' id='word_1_262' title='bbox 1009 3278 1188 3318; x_wconf 88' lang='lat' dir='ltr'><strong>secum</strong></span> <span class='ocrx_word' id='word_1_263' title='bbox 1236 3255 1627 3313; x_wconf 88' lang='lat' dir='ltr'><strong>meditabantur</strong></span> <span class='ocrx_word' id='word_1_264' title='bbox 1649 3291 1666 3314; x_wconf 95' lang='lat'><strong>,</strong></span> <span class='ocrx_word' id='word_1_265' title='bbox 1701 3260 1863 3316; x_wconf 91' lang='lat' dir='ltr'><strong>opere</strong></span> 
     </span>
    </p>
   </div>
   <div class='ocr_carea' id='block_1_34' title="bbox 281 3339 1866 3440">
    <p class='ocr_par' dir='ltr' id='par_1_34' title="bbox 281 3339 1866 3440">
     <span class='ocr_line' id='line_1_34' title="bbox 281 3339 1866 3440; baseline -0.022 -15"><span class='ocrx_word' id='word_1_266' title='bbox 281 3339 718 3440; x_wconf 81' lang='lat' dir='ltr'><strong>coniplevcrunt;</strong></span> <span class='ocrx_word' id='word_1_267' title='bbox 741 3362 833 3416; x_wconf 69' lang='grc'><strong>25.</strong></span> <span class='ocrx_word' id='word_1_268' title='bbox 862 3361 926 3414; x_wconf 87' lang='grc' dir='ltr'>Ει</span> <span class='ocrx_word' id='word_1_269' title='bbox 959 3355 1174 3426; x_wconf 82' lang='lat' dir='ltr'><strong>acceptis</strong></span> <span class='ocrx_word' id='word_1_270' title='bbox 1216 3349 1402 3422; x_wconf 83' lang='lat' dir='ltr'><strong>singuli</strong></span> <span class='ocrx_word' id='word_1_271' title='bbox 1431 3345 1612 3418; x_wconf 83' lang='lat' dir='ltr'><strong>gladiis</strong></span> <span class='ocrx_word' id='word_1_272' title='bbox 1641 3342 1766 3406; x_wconf 84' lang='lat' dir='ltr'><strong>suis,</strong></span> <span class='ocrx_word' id='word_1_273' title='bbox 1785 3339 1866 3392; x_wconf 82' lang='lat' dir='ltr'><strong>in-</strong></span> 
     </span>
    </p>
   </div>
   <div class='ocr_carea' id='block_1_35' title="bbox 284 3436 1866 3536">
    <p class='ocr_par' dir='ltr' id='par_1_35' title="bbox 284 3436 1866 3536">
     <span class='ocr_line' id='line_1_35' title="bbox 284 3436 1866 3536; baseline -0.018 -20"><span class='ocrx_word' id='word_1_274' title='bbox 284 3464 444 3536; x_wconf 80' lang='lat' dir='ltr'><strong>gressi</strong></span> <span class='ocrx_word' id='word_1_275' title='bbox 467 3472 580 3514; x_wconf 85' lang='lat' dir='ltr'><strong>sunt</strong></span> <span class='ocrx_word' id='word_1_276' title='bbox 604 3460 656 3512; x_wconf 87' lang='lat' dir='ltr'><strong>in</strong></span> <span class='ocrx_word' id='word_1_277' title='bbox 683 3458 932 3510; x_wconf 83' lang='lat' dir='ltr'><strong>civitatem</strong></span> <span class='ocrx_word' id='word_1_278' title='bbox 971 3465 1162 3505; x_wconf 86' lang='lat' dir='ltr'><strong>secure.</strong></span> <span class='ocrx_word' id='word_1_279' title='bbox 1194 3444 1327 3513; x_wconf 88' lang='lat' dir='ltr'><strong>Quid</strong></span> <span class='ocrx_word' id='word_1_280' title='bbox 1355 3450 1470 3506; x_wconf 91' lang='lat' dir='ltr'><strong>est,</strong></span> <span class='ocrx_word' id='word_1_281' title='bbox 1513 3437 1536 3491; x_wconf 93' lang='grc' dir='ltr'><strong><em>Ι</em></strong></span> <span class='ocrx_word' id='word_1_282' title='bbox 1546 3456 1578 3491; x_wconf 82' lang='grc' dir='ltr'><strong>ιι</strong></span> <span class='ocrx_word' id='word_1_283' title='bbox 1615 3436 1866 3490; x_wconf 78' lang='lat' dir='ltr'><strong>civitatem</strong></span> 
     </span>
    </p>
   </div>
   <div class='ocr_carea' id='block_1_36' title="bbox 284 3528 1864 3619">
    <p class='ocr_par' dir='ltr' id='par_1_36' title="bbox 284 3528 1864 3619">
     <span class='ocr_line' id='line_1_36' title="bbox 284 3528 1864 3619; baseline -0.02 -9"><span class='ocrx_word' id='word_1_284' title='bbox 284 3572 457 3610; x_wconf 85' lang='lat' dir='ltr'><strong>secure</strong></span> <span class='ocrx_word' id='word_1_285' title='bbox 477 3556 501 3607; x_wconf 71' lang='lat'><strong>.9</strong></span> <span class='ocrx_word' id='word_1_286' title='bbox 521 3552 652 3619; x_wconf 86' lang='lat' dir='ltr'><strong>Quia</strong></span> <span class='ocrx_word' id='word_1_287' title='bbox 692 3563 814 3603; x_wconf 91' lang='lat' dir='ltr'><strong>cum</strong></span> <span class='ocrx_word' id='word_1_288' title='bbox 841 3545 1013 3600; x_wconf 91' lang='lat' dir='ltr'><strong>solum</strong></span> <span class='ocrx_word' id='word_1_289' title='bbox 1042 3542 1148 3595; x_wconf 90' lang='lat' dir='ltr'><strong>duo</strong></span> <span class='ocrx_word' id='word_1_290' title='bbox 1175 3546 1357 3593; x_wconf 88' lang='lat' dir='ltr'><strong>essent</strong></span> <span class='ocrx_word' id='word_1_291' title='bbox 1385 3575 1400 3599; x_wconf 91' lang='lat'><strong>,</strong></span> <span class='ocrx_word' id='word_1_292' title='bbox 1429 3542 1588 3588; x_wconf 70' lang='lat' dir='ltr'><strong>tantcc</strong></span> <span class='ocrx_word' id='word_1_293' title='bbox 1618 3528 1864 3584; x_wconf 88' lang='lat' dir='ltr'><strong>multitu-</strong></span> 
     </span>
    </p>
   </div>
   <div class='ocr_carea' id='block_1_37' title="bbox 284 3621 1866 3712">
    <p class='ocr_par' dir='ltr' id='par_1_37' title="bbox 284 3621 1866 3712">
     <span class='ocr_line' id='line_1_37' title="bbox 284 3621 1866 3712; baseline -0.02 -11"><span class='ocrx_word' id='word_1_294' title='bbox 284 3647 398 3702; x_wconf 90' lang='lat' dir='ltr'><strong>dini</strong></span> <span class='ocrx_word' id='word_1_295' title='bbox 441 3661 499 3699; x_wconf 82' lang='lat' dir='ltr'><strong>se</strong></span> <span class='ocrx_word' id='word_1_296' title='bbox 526 3646 892 3712; x_wconf 85' lang='lat' dir='ltr'><strong>opposuerunt</strong></span> <span class='ocrx_word' id='word_1_297' title='bbox 928 3634 1064 3688; x_wconf 88' lang='lat' dir='ltr'><strong>:sed</strong></span> <span class='ocrx_word' id='word_1_298' title='bbox 1107 3644 1348 3699; x_wconf 84' lang='lat' dir='ltr'><strong>magnam</strong></span> <span class='ocrx_word' id='word_1_299' title='bbox 1399 3627 1476 3680; x_wconf 90' lang='lat' dir='ltr'><strong>eis</strong></span> <span class='ocrx_word' id='word_1_300' title='bbox 1525 3621 1866 3676; x_wconf 88' lang='lat' dir='ltr'><strong>securitatem</strong></span> 
     </span>
    </p>
   </div>
   <div class='ocr_carea' id='block_1_38' title="bbox 289 3709 1870 3808">
    <p class='ocr_par' dir='ltr' id='par_1_38' title="bbox 289 3709 1870 3808">
     <span class='ocr_line' id='line_1_38' title="bbox 289 3709 1870 3808; baseline -0.016 -21"><span class='ocrx_word' id='word_1_301' title='bbox 289 3709 576 3808; x_wconf 63' lang='lat' dir='ltr'><strong>prtestitit,</strong></span> <span class='ocrx_word' id='word_1_302' title='bbox 598 3709 738 3802; x_wconf 87' lang='lat' dir='ltr'><strong>quod</strong></span> <span class='ocrx_word' id='word_1_303' title='bbox 785 3742 973 3782; x_wconf 89' lang='lat' dir='ltr'><strong>omnes</strong></span> <span class='ocrx_word' id='word_1_304' title='bbox 1010 3725 1083 3778; x_wconf 89' lang='lat' dir='ltr'><strong>illi</strong></span> <span class='ocrx_word' id='word_1_305' title='bbox 1129 3721 1294 3776; x_wconf 85' lang='lat' dir='ltr'><strong>saucii</strong></span> <span class='ocrx_word' id='word_1_306' title='bbox 1342 3719 1601 3788; x_wconf 83' lang='lat' dir='ltr'><strong>jacercnt.</strong></span> <span class='ocrx_word' id='word_1_307' title='bbox 1633 3709 1784 3778; x_wconf 90' lang='lat' dir='ltr'><strong>Quod</strong></span> <span class='ocrx_word' id='word_1_308' title='bbox 1813 3717 1870 3762; x_wconf 89' lang='lat' dir='ltr'><strong>ut</strong></span> 
     </span>
    </p>
   </div>
   <div class='ocr_carea' id='block_1_39' title="bbox 288 3802 1869 3885">
    <p class='ocr_par' dir='ltr' id='par_1_39' title="bbox 288 3802 1869 3885">
     <span class='ocr_line' id='line_1_39' title="bbox 288 3802 1869 3885; baseline -0.021 0"><span class='ocrx_word' id='word_1_309' title='bbox 288 3802 446 3885; x_wconf 81' lang='lat' dir='ltr'><strong>nobis</strong></span> <span class='ocrx_word' id='word_1_310' title='bbox 478 3824 840 3880; x_wconf 88' lang='lat' dir='ltr'><strong>manifestaret</strong></span> <span class='ocrx_word' id='word_1_311' title='bbox 864 3819 1039 3875; x_wconf 87' lang='lat' dir='ltr'><strong>divina</strong></span> <span class='ocrx_word' id='word_1_312' title='bbox 1067 3816 1366 3882; x_wconf 88' lang='lat' dir='ltr'><strong>Scriptura,</strong></span> <span class='ocrx_word' id='word_1_313' title='bbox 1403 3808 1614 3861; x_wconf 74' lang='lat' dir='ltr'><strong>Factum</strong></span> <span class='ocrx_word' id='word_1_314' title='bbox 1653 3812 1746 3867; x_wconf 86' lang='lat' dir='ltr'><strong>est,</strong></span> <span class='ocrx_word' id='word_1_315' title='bbox 1791 3802 1869 3854; x_wconf 86' lang='lat' dir='ltr'><strong>iu-</strong></span> 
     </span>
    </p>
   </div>
   <div class='ocr_carea' id='block_1_40' title="bbox 288 3893 1872 3991">
    <p class='ocr_par' dir='ltr' id='par_1_40' title="bbox 288 3893 1872 3991">
     <span class='ocr_line' id='line_1_40' title="bbox 288 3893 1872 3991; baseline -0.021 -14"><span class='ocrx_word' id='word_1_316' title='bbox 288 3923 424 3991; x_wconf 91' lang='lat' dir='ltr'><strong>quit,</strong></span> <span class='ocrx_word' id='word_1_317' title='bbox 455 3921 510 3972; x_wconf 88' lang='lat' dir='ltr'><strong>in</strong></span> <span class='ocrx_word' id='word_1_318' title='bbox 555 3918 636 3971; x_wconf 87' lang='lat' dir='ltr'><strong>die</strong></span> <span class='ocrx_word' id='word_1_319' title='bbox 687 3916 852 3978; x_wconf 88' lang='lat' dir='ltr'><strong>tertio,</strong></span> <span class='ocrx_word' id='word_1_320' title='bbox 881 3909 1082 3982; x_wconf 83' lang='lat' dir='ltr'><strong>quando</strong></span> <span class='ocrx_word' id='word_1_321' title='bbox 1130 3913 1269 3960; x_wconf 86' lang='lat' dir='ltr'><strong>erant</strong></span> <span class='ocrx_word' id='word_1_322' title='bbox 1311 3905 1361 3956; x_wconf 86' lang='lat' dir='ltr'><strong>in</strong></span> <span class='ocrx_word' id='word_1_323' title='bbox 1390 3900 1582 3953; x_wconf 88' lang='lat' dir='ltr'><strong>dolore.</strong></span> <span class='ocrx_word' id='word_1_324' title='bbox 1611 3896 1724 3950; x_wconf 89' lang='lat' dir='ltr'><strong>lloc</strong></span> <span class='ocrx_word' id='word_1_325' title='bbox 1753 3893 1872 3946; x_wconf 88' lang='lat' dir='ltr'><strong>illos</strong></span> 
     </span>
    </p>
   </div>
   <div class='ocr_carea' id='block_1_41' title="bbox 290 3983 1874 4072">
    <p class='ocr_par' dir='ltr' id='par_1_41' title="bbox 290 3983 1874 4072">
     <span class='ocr_line' id='line_1_41' title="bbox 290 3983 1874 4072; baseline -0.022 -4"><span class='ocrx_word' id='word_1_326' title='bbox 290 4027 512 4068; x_wconf 91' lang='lat' dir='ltr'><strong>securos</strong></span> <span class='ocrx_word' id='word_1_327' title='bbox 543 4008 796 4072; x_wconf 89' lang='lat' dir='ltr'><strong>reddidit,</strong></span> <span class='ocrx_word' id='word_1_328' title='bbox 827 4013 881 4059; x_wconf 88' lang='lat' dir='ltr'><strong>et</strong></span> <span class='ocrx_word' id='word_1_329' title='bbox 909 4002 1042 4056; x_wconf 91' lang='lat' dir='ltr'><strong>duos</strong></span> <span class='ocrx_word' id='word_1_330' title='bbox 1070 3999 1320 4052; x_wconf 84' lang='lat' dir='ltr'><strong>fortiores</strong></span> <span class='ocrx_word' id='word_1_331' title='bbox 1350 3992 1527 4046; x_wconf 90' lang='lat' dir='ltr'><strong>multis</strong></span> <span class='ocrx_word' id='word_1_332' title='bbox 1551 3987 1694 4042; x_wconf 88' lang='lat' dir='ltr'><strong>fecit.</strong></span> <span class='ocrx_word' id='word_1_333' title='bbox 1725 3983 1874 4037; x_wconf 89' lang='lat' dir='ltr'><strong>Occi-</strong></span> 
     </span>
    </p>
   </div>
   <div class='ocr_carea' id='block_1_42' title="bbox 291 4077 1871 4170">
    <p class='ocr_par' dir='ltr' id='par_1_42' title="bbox 291 4077 1871 4170">
     <span class='ocr_line' id='line_1_42' title="bbox 291 4077 1871 4170; baseline -0.023 -9"><span class='ocrx_word' id='word_1_334' title='bbox 291 4110 493 4169; x_wconf 82' lang='lat' dir='ltr'><strong>derunt,</strong></span> <span class='ocrx_word' id='word_1_335' title='bbox 520 4101 709 4170; x_wconf 88' lang='lat' dir='ltr'><strong>inquit,</strong></span> <span class='ocrx_word' id='word_1_336' title='bbox 729 4113 874 4153; x_wconf 86' lang='lat' dir='ltr'><strong>omne</strong></span> <span class='ocrx_word' id='word_1_337' title='bbox 894 4092 1248 4150; x_wconf 82' lang='lat' dir='ltr'><strong>masculinum,</strong></span> <span class='ocrx_word' id='word_1_338' title='bbox 1270 4089 1368 4140; x_wconf 87' lang='lat' dir='ltr'><strong>hoc</strong></span> <span class='ocrx_word' id='word_1_339' title='bbox 1386 4093 1487 4145; x_wconf 89' lang='lat' dir='ltr'><strong>est,</strong></span> <span class='ocrx_word' id='word_1_340' title='bbox 1507 4094 1691 4133; x_wconf 88' lang='lat' dir='ltr'><strong>omnes</strong></span> <span class='ocrx_word' id='word_1_341' title='bbox 1707 4077 1871 4138; x_wconf 90' lang='lat' dir='ltr'><strong>viros,</strong></span> 
     </span>
    </p>
   </div>
   <div class='ocr_carea' id='block_1_43' title="bbox 292 4169 1873 4267">
    <p class='ocr_par' dir='ltr' id='par_1_43' title="bbox 292 4169 1873 4267">
     <span class='ocr_line' id='line_1_43' title="bbox 292 4169 1873 4267; baseline -0.022 -16"><span class='ocrx_word' id='word_1_342' title='bbox 292 4199 386 4267; x_wconf 90' lang='lat' dir='ltr'><strong>qui</strong></span> <span class='ocrx_word' id='word_1_343' title='bbox 451 4169 670 4264; x_wconf 88' lang='lat' dir='ltr'><strong>propter</strong></span> <span class='ocrx_word' id='word_1_344' title='bbox 729 4184 1188 4243; x_wconf 91' lang='lat' dir='ltr'><strong>circumeisiouem</strong></span> <span class='ocrx_word' id='word_1_345' title='bbox 1247 4175 1530 4246; x_wconf 82' lang='lat' dir='ltr'><strong>jacehant,</strong></span> <span class='ocrx_word' id='word_1_346' title='bbox 1597 4169 1873 4238; x_wconf 88' lang='lat' dir='ltr'><strong>paratique</strong></span> 
     </span>
    </p>
   </div>
   <div class='ocr_carea' id='block_1_44' title="bbox 293 4257 1876 4348">
    <p class='ocr_par' dir='ltr' id='par_1_44' title="bbox 293 4257 1876 4348">
     <span class='ocr_line' id='line_1_44' title="bbox 293 4257 1876 4348; baseline -0.023 -6"><span class='ocrx_word' id='word_1_347' title='bbox 293 4297 466 4348; x_wconf 75' lang='lat' dir='ltr'><strong>erant,</strong></span> <span class='ocrx_word' id='word_1_348' title='bbox 490 4293 547 4337; x_wconf 92' lang='grc' dir='ltr'><strong>ιιι</strong></span> <span class='ocrx_word' id='word_1_349' title='bbox 566 4285 633 4336; x_wconf 89' lang='lat' dir='ltr'><strong>ita</strong></span> <span class='ocrx_word' id='word_1_350' title='bbox 655 4282 850 4340; x_wconf 86' lang='lat' dir='ltr'><strong>dicam,</strong></span> <span class='ocrx_word' id='word_1_351' title='bbox 870 4287 926 4329; x_wconf 90' lang='grc' dir='ltr'><strong>ιιι</strong></span> <span class='ocrx_word' id='word_1_352' title='bbox 951 4272 1346 4327; x_wconf 83' lang='lat' dir='ltr'><strong>occiderentur:</strong></span> <span class='ocrx_word' id='word_1_353' title='bbox 1366 4275 1418 4320; x_wconf 90' lang='lat' dir='ltr'><strong>et</strong></span> <span class='ocrx_word' id='word_1_354' title='bbox 1438 4278 1558 4318; x_wconf 91' lang='lat' dir='ltr'><strong>cum</strong></span> <span class='ocrx_word' id='word_1_355' title='bbox 1581 4260 1696 4313; x_wconf 82' lang='lat' dir='ltr'><strong>aliis</strong></span> <span class='ocrx_word' id='word_1_356' title='bbox 1718 4257 1876 4311; x_wconf 85' lang='lat' dir='ltr'><strong>etiam</strong></span> 
     </span>
    </p>
   </div>
   <div class='ocr_carea' id='block_1_45' title="bbox 296 4352 1876 4450">
    <p class='ocr_par' dir='ltr' id='par_1_45' title="bbox 296 4352 1876 4450">
     <span class='ocr_line' id='line_1_45' title="bbox 296 4352 1876 4450; baseline -0.021 -17"><span class='ocrx_word' id='word_1_357' title='bbox 296 4383 549 4450; x_wconf 79' lang='lat' dir='ltr'><strong>juvenem</strong></span> <span class='ocrx_word' id='word_1_358' title='bbox 603 4374 695 4426; x_wconf 91' lang='lat' dir='ltr'><strong>ulti</strong></span> <span class='ocrx_word' id='word_1_359' title='bbox 746 4378 890 4431; x_wconf 88' lang='lat' dir='ltr'><strong>sunt,</strong></span> <span class='ocrx_word' id='word_1_360' title='bbox 921 4368 1007 4436; x_wconf 87' lang='lat' dir='ltr'><strong>qui</strong></span> <span class='ocrx_word' id='word_1_361' title='bbox 1039 4363 1269 4434; x_wconf 87' lang='lat' dir='ltr'><strong>puellam</strong></span> <span class='ocrx_word' id='word_1_362' title='bbox 1308 4359 1608 4411; x_wconf 86' lang='lat' dir='ltr'><strong>vitiaverat.</strong></span> <span class='ocrx_word' id='word_1_363' title='bbox 1661 4352 1727 4404; x_wconf 79' lang='lat' dir='ltr'><strong>Et</strong></span> <span class='ocrx_word' id='word_1_364' title='bbox 1775 4364 1876 4401; x_wconf 90' lang='lat' dir='ltr'><strong>non</strong></span> 
     </span>
    </p>
   </div>
   <div class='ocr_carea' id='block_1_46' title="bbox 299 4447 1881 4533">
    <p class='ocr_par' dir='ltr' id='par_1_46' title="bbox 299 4447 1881 4524">
     <span class='ocr_line' id='line_1_46' title="bbox 299 4447 1881 4524; baseline -0.021 0"><span class='ocrx_word' id='word_1_365' title='bbox 299 4471 539 4524; x_wconf 85' lang='lat' dir='ltr'><strong>contenti</strong></span> <span class='ocrx_word' id='word_1_366' title='bbox 578 4467 676 4518; x_wconf 84' lang='lat' dir='ltr'><strong>hac</strong></span> <span class='ocrx_word' id='word_1_367' title='bbox 706 4461 959 4522; x_wconf 78' lang='lat' dir='ltr'><strong>vindiCta,</strong></span> <span class='ocrx_word' id='word_1_368' title='bbox 983 4458 1140 4511; x_wconf 88' lang='lat' dir='ltr'><strong>etiam</strong></span> <span class='ocrx_word' id='word_1_369' title='bbox 1170 4467 1298 4505; x_wconf 87' lang='lat' dir='ltr'><strong>oves</strong></span> <span class='ocrx_word' id='word_1_370' title='bbox 1321 4491 1336 4511; x_wconf 91' lang='lat'><strong>,</strong></span> <span class='ocrx_word' id='word_1_371' title='bbox 1370 4447 1570 4517; x_wconf 90' lang='lat' dir='ltr'><strong>inquit,</strong></span> <span class='ocrx_word' id='word_1_372' title='bbox 1601 4457 1784 4499; x_wconf 90' lang='lat' dir='ltr'><strong>eorum</strong></span> <span class='ocrx_word' id='word_1_373' title='bbox 1829 4447 1881 4493; x_wconf 91' lang='lat' dir='ltr'><strong>et</strong></span> 
     </span>
    </p>
   </div>
   <div class='ocr_carea' id='block_1_47' title="bbox 300 4536 1882 4628">
    <p class='ocr_par' dir='ltr' id='par_1_47' title="bbox 300 4536 1882 4628">
     <span class='ocr_line' id='line_1_47' title="bbox 300 4536 1882 4628; baseline -0.021 -10"><span class='ocrx_word' id='word_1_374' title='bbox 300 4564 483 4619; x_wconf 86' lang='lat' dir='ltr'><strong>omnia</strong></span> <span class='ocrx_word' id='word_1_375' title='bbox 527 4573 756 4628; x_wconf 82' lang='lat' dir='ltr'><strong>pecora,</strong></span> <span class='ocrx_word' id='word_1_376' title='bbox 805 4552 1087 4618; x_wconf 89' lang='lat' dir='ltr'><strong>omniaque</strong></span> <span class='ocrx_word' id='word_1_377' title='bbox 1141 4559 1364 4614; x_wconf 91' lang='lat' dir='ltr'><strong>corpora</strong></span> <span class='ocrx_word' id='word_1_378' title='bbox 1423 4543 1476 4594; x_wconf 93' lang='lat' dir='ltr'><strong>in</strong></span> <span class='ocrx_word' id='word_1_379' title='bbox 1521 4536 1882 4606; x_wconf 86' lang='lat' dir='ltr'><strong>captivitatem</strong></span> 
     </span>
    </p>
   </div>
   <div class='ocr_carea' id='block_1_48' title="bbox 304 4624 1883 4713">
    <p class='ocr_par' dir='ltr' id='par_1_48' title="bbox 304 4624 1883 4713">
     <span class='ocr_line' id='line_1_48' title="bbox 304 4624 1883 4713; baseline -0.02 -5"><span class='ocrx_word' id='word_1_380' title='bbox 304 4624 614 4713; x_wconf 80' lang='lat' dir='ltr'><strong>duxerunt,</strong></span> <span class='ocrx_word' id='word_1_381' title='bbox 640 4664 702 4702; x_wconf 89' lang='lat' dir='ltr'><strong>ac</strong></span> <span class='ocrx_word' id='word_1_382' title='bbox 730 4647 943 4699; x_wconf 88' lang='lat' dir='ltr'><strong>civitate</strong></span> <span class='ocrx_word' id='word_1_383' title='bbox 973 4641 1098 4694; x_wconf 89' lang='lat' dir='ltr'><strong>viris</strong></span> <span class='ocrx_word' id='word_1_384' title='bbox 1129 4638 1378 4691; x_wconf 85' lang='lat' dir='ltr'><strong>destituta</strong></span> <span class='ocrx_word' id='word_1_385' title='bbox 1411 4643 1463 4686; x_wconf 90' lang='lat' dir='ltr'><strong>et</strong></span> <span class='ocrx_word' id='word_1_386' title='bbox 1505 4631 1709 4698; x_wconf 90' lang='lat' dir='ltr'><strong>direpta</strong></span> <span class='ocrx_word' id='word_1_387' title='bbox 1759 4624 1883 4680; x_wconf 91' lang='lat' dir='ltr'><strong>red-</strong></span> 
     </span>
    </p>
   </div>
   <div class='ocr_carea' id='block_1_49' title="bbox 307 4716 1886 4802">
    <p class='ocr_par' dir='ltr' id='par_1_49' title="bbox 307 4716 1886 4802">
     <span class='ocr_line' id='line_1_49' title="bbox 307 4716 1886 4802; baseline -0.021 -2"><span class='ocrx_word' id='word_1_388' title='bbox 307 4748 508 4800; x_wconf 83' lang='lat' dir='ltr'><strong>ierunt.</strong></span> <span class='ocrx_word' id='word_1_389' title='bbox 530 4739 754 4802; x_wconf 79' lang='lat' dir='ltr'><strong>Vidisti,</strong></span> <span class='ocrx_word' id='word_1_390' title='bbox 782 4735 1003 4796; x_wconf 90' lang='lat' dir='ltr'><strong>dilecte,</strong></span> <span class='ocrx_word' id='word_1_391' title='bbox 1037 4738 1289 4800; x_wconf 91' lang='lat' dir='ltr'><strong>quantum</strong></span> <span class='ocrx_word' id='word_1_392' title='bbox 1328 4724 1526 4780; x_wconf 90' lang='lat' dir='ltr'><strong>malum</strong></span> <span class='ocrx_word' id='word_1_393' title='bbox 1569 4727 1784 4788; x_wconf 82' lang='lat' dir='ltr'><strong>Operata</strong></span> <span class='ocrx_word' id='word_1_394' title='bbox 1817 4716 1886 4770; x_wconf 91' lang='lat' dir='ltr'><strong>sit</strong></span> 
     </span>
    </p>
   </div>
   <div class='ocr_carea' id='block_1_50' title="bbox 310 4810 1884 4902">
    <p class='ocr_par' dir='ltr' id='par_1_50' title="bbox 310 4810 1884 4902">
     <span class='ocr_line' id='line_1_50' title="bbox 310 4810 1884 4902; baseline -0.02 -12"><span class='ocrx_word' id='word_1_395' title='bbox 310 4838 467 4889; x_wconf 91' lang='lat' dir='ltr'><strong>unius</strong></span> <span class='ocrx_word' id='word_1_396' title='bbox 488 4831 700 4902; x_wconf 84' lang='lat' dir='ltr'><strong>juvenis</strong></span> <span class='ocrx_word' id='word_1_397' title='bbox 731 4822 1033 4882; x_wconf 84' lang='lat' dir='ltr'><strong>temeritas?</strong></span> <span class='ocrx_word' id='word_1_398' title='bbox 1061 4819 1252 4874; x_wconf 79' lang='lat' dir='ltr'><strong>Vidisti</strong></span> <span class='ocrx_word' id='word_1_399' title='bbox 1281 4823 1528 4886; x_wconf 90' lang='lat' dir='ltr'><strong>quantam</strong></span> <span class='ocrx_word' id='word_1_400' title='bbox 1558 4810 1732 4864; x_wconf 85' lang='lat' dir='ltr'><strong>attulit</strong></span> <span class='ocrx_word' id='word_1_401' title='bbox 1763 4823 1884 4876; x_wconf 90' lang='lat' dir='ltr'><strong>per-</strong></span> 
     </span>
    </p>
   </div>
   <div class='ocr_carea' id='block_1_51' title="bbox 311 4901 1890 4984">
    <p class='ocr_par' dir='ltr' id='par_1_51' title="bbox 311 4901 1890 4984">
     <span class='ocr_line' id='line_1_51' title="bbox 311 4901 1890 4984; baseline -0.022 -1"><span class='ocrx_word' id='word_1_402' title='bbox 311 4930 506 4984; x_wconf 87' lang='lat' dir='ltr'><strong>niciem</strong></span> <span class='ocrx_word' id='word_1_403' title='bbox 531 4923 779 4980; x_wconf 89' lang='lat' dir='ltr'><strong>omnibus</strong></span> <span class='ocrx_word' id='word_1_404' title='bbox 803 4918 1069 4974; x_wconf 88' lang='lat' dir='ltr'><strong>civitatem</strong></span> <span class='ocrx_word' id='word_1_405' title='bbox 1100 4906 1492 4965; x_wconf 87' lang='lat' dir='ltr'><strong>habitantibus?</strong></span> <span class='ocrx_word' id='word_1_406' title='bbox 1525 4904 1646 4957; x_wconf 66' lang='lat' dir='ltr'><strong>[late</strong></span> <span class='ocrx_word' id='word_1_407' title='bbox 1663 4901 1890 4954; x_wconf 89' lang='lat' dir='ltr'><strong>scientes</strong></span> 
     </span>
    </p>
   </div>
   <div class='ocr_carea' id='block_1_52' title="bbox 312 5003 1892 5077">
    <p class='ocr_par' dir='ltr' id='par_1_52' title="bbox 312 5003 1892 5077">
     <span class='ocr_line' id='line_1_52' title="bbox 312 5003 1892 5077; baseline -0.021 -1"><span class='ocrx_word' id='word_1_408' title='bbox 312 5021 644 5077; x_wconf 79' lang='lat' dir='ltr'><strong>refrenemus</strong></span> <span class='ocrx_word' id='word_1_409' title='bbox 670 5015 899 5068; x_wconf 77' lang='lat' dir='ltr'><strong>filiorum</strong></span> <span class='ocrx_word' id='word_1_410' title='bbox 939 5017 1239 5062; x_wconf 89' lang='lat' dir='ltr'><strong>nostrorum</strong></span> <span class='ocrx_word' id='word_1_411' title='bbox 1265 5003 1514 5069; x_wconf 88' lang='lat' dir='ltr'><strong>impetus,</strong></span> <span class='ocrx_word' id='word_1_412' title='bbox 1541 5004 1892 5063; x_wconf 79' lang='lat' dir='ltr'><strong>magnumque</strong></span> 
     </span>
    </p>
   </div>
   <div class='ocr_carea' id='block_1_53' title="bbox 318 5093 1890 5169">
    <p class='ocr_par' dir='ltr' id='par_1_53' title="bbox 318 5093 1890 5169">
     <span class='ocr_line' id='line_1_53' title="bbox 318 5093 1890 5169; baseline -0.022 0"><span class='ocrx_word' id='word_1_413' title='bbox 318 5116 553 5169; x_wconf 88' lang='lat' dir='ltr'><strong>furorem</strong></span> <span class='ocrx_word' id='word_1_414' title='bbox 589 5102 937 5162; x_wconf 88' lang='lat' dir='ltr'><strong>absterrendo</strong></span> <span class='ocrx_word' id='word_1_415' title='bbox 969 5108 1022 5153; x_wconf 90' lang='lat' dir='ltr'><strong>et</strong></span> <span class='ocrx_word' id='word_1_416' title='bbox 1066 5093 1403 5152; x_wconf 73' lang='lat' dir='ltr'><strong>admonendo~</strong></span> <span class='ocrx_word' id='word_1_417' title='bbox 1443 5098 1843 5156; x_wconf 89' lang='lat' dir='ltr'><strong>compeseamus</strong></span> <span class='ocrx_word' id='word_1_418' title='bbox 1874 5096 1890 5134; x_wconf 87' lang='lat'><strong>:</strong></span> 
     </span>
    </p>
   </div>
   <div class='ocr_carea' id='block_1_54' title="bbox 317 5181 1898 5263">
    <p class='ocr_par' dir='ltr' id='par_1_54' title="bbox 317 5181 1898 5263">
     <span class='ocr_line' id='line_1_54' title="bbox 317 5181 1898 5263; baseline -0.021 0"><span class='ocrx_word' id='word_1_419' title='bbox 317 5219 373 5263; x_wconf 90' lang='lat' dir='ltr'><strong>et</strong></span> <span class='ocrx_word' id='word_1_420' title='bbox 402 5219 650 5260; x_wconf 89' lang='lat' dir='ltr'><strong>curemus</strong></span> <span class='ocrx_word' id='word_1_421' title='bbox 679 5213 864 5253; x_wconf 91' lang='lat' dir='ltr'><strong>eorum</strong></span> <span class='ocrx_word' id='word_1_422' title='bbox 893 5193 1193 5248; x_wconf 89' lang='lat' dir='ltr'><strong>castitatem</strong></span> <span class='ocrx_word' id='word_1_423' title='bbox 1221 5229 1234 5247; x_wconf 87' lang='lat'><strong>,</strong></span> <span class='ocrx_word' id='word_1_424' title='bbox 1264 5185 1544 5252; x_wconf 88' lang='lat' dir='ltr'><strong>omniaque</strong></span> <span class='ocrx_word' id='word_1_425' title='bbox 1571 5181 1824 5234; x_wconf 84' lang='lat' dir='ltr'><strong>faciamus</strong></span> <span class='ocrx_word' id='word_1_426' title='bbox 1844 5187 1898 5230; x_wconf 88' lang='lat' dir='ltr'><strong>et</strong></span> 
     </span>
    </p>
   </div>
   <div class='ocr_carea' id='block_1_55' title="bbox 319 5272 1899 5354">
    <p class='ocr_par' dir='ltr' id='par_1_55' title="bbox 319 5272 1899 5354">
     <span class='ocr_line' id='line_1_55' title="bbox 319 5272 1899 5354; baseline -0.02 -1"><span class='ocrx_word' id='word_1_427' title='bbox 319 5307 630 5354; x_wconf 87' lang='lat' dir='ltr'><strong>tractemus.</strong></span> <span class='ocrx_word' id='word_1_428' title='bbox 664 5302 717 5346; x_wconf 91' lang='lat' dir='ltr'><strong>ut</strong></span> <span class='ocrx_word' id='word_1_429' title='bbox 738 5286 992 5344; x_wconf 76' lang='lat' dir='ltr'><strong>absurdos</strong></span> <span class='ocrx_word' id='word_1_430' title='bbox 1013 5272 1735 5347; x_wconf 88' lang='lat' dir='ltr'><strong>concupiscentiasjuvenilis</strong></span> <span class='ocrx_word' id='word_1_431' title='bbox 1769 5279 1899 5322; x_wconf 70' lang='lat' dir='ltr'><strong>celas</strong></span> 
     </span>
    </p>
   </div>
   <div class='ocr_carea' id='block_1_56' title="bbox 322 5359 1900 5458">
    <p class='ocr_par' dir='ltr' id='par_1_56' title="bbox 322 5359 1900 5458">
     <span class='ocr_line' id='line_1_56' title="bbox 322 5359 1900 5458; baseline -0.022 -14"><span class='ocrx_word' id='word_1_432' title='bbox 322 5390 560 5458; x_wconf 76' lang='lat' dir='ltr'><strong>effugere</strong></span> <span class='ocrx_word' id='word_1_433' title='bbox 590 5384 774 5453; x_wconf 88' lang='lat' dir='ltr'><strong>possit.</strong></span> <span class='ocrx_word' id='word_1_434' title='bbox 806 5379 935 5433; x_wconf 83' lang='lat' dir='ltr'><strong>Nam</strong></span> <span class='ocrx_word' id='word_1_435' title='bbox 965 5384 1179 5446; x_wconf 90' lang='lat' dir='ltr'><strong>propter</strong></span> <span class='ocrx_word' id='word_1_436' title='bbox 1204 5370 1305 5422; x_wconf 92' lang='lat' dir='ltr'><strong>hoc</strong></span> <span class='ocrx_word' id='word_1_437' title='bbox 1330 5377 1382 5420; x_wconf 89' lang='lat' dir='ltr'><strong>et</strong></span> <span class='ocrx_word' id='word_1_438' title='bbox 1407 5364 1703 5419; x_wconf 89' lang='lat' dir='ltr'><strong>communis</strong></span> <span class='ocrx_word' id='word_1_439' title='bbox 1722 5359 1900 5414; x_wconf 89' lang='lat' dir='ltr'><strong>Domi-</strong></span> 
     </span>
    </p>
   </div>
   <div class='ocr_carea' id='block_1_57' title="bbox 326 5455 1900 5536">
    <p class='ocr_par' dir='ltr' id='par_1_57' title="bbox 326 5455 1900 5536">
     <span class='ocr_line' id='line_1_57' title="bbox 326 5455 1900 5536; baseline -0.023 0"><span class='ocrx_word' id='word_1_440' title='bbox 326 5497 427 5536; x_wconf 90' lang='lat' dir='ltr'><strong>nus</strong></span> <span class='ocrx_word' id='word_1_441' title='bbox 453 5485 636 5532; x_wconf 88' lang='lat' dir='ltr'><strong>noster</strong></span> <span class='ocrx_word' id='word_1_442' title='bbox 663 5473 836 5527; x_wconf 91' lang='lat' dir='ltr'><strong>sciens</strong></span> <span class='ocrx_word' id='word_1_443' title='bbox 861 5469 1108 5522; x_wconf 64' lang='lat' dir='ltr'><strong>humanae</strong></span> <span class='ocrx_word' id='word_1_444' title='bbox 1140 5472 1342 5516; x_wconf 77' lang='lat' dir='ltr'><strong>naturae</strong></span> <span class='ocrx_word' id='word_1_445' title='bbox 1377 5455 1736 5510; x_wconf 84' lang='lat' dir='ltr'><strong>infirmitatem</strong></span> <span class='ocrx_word' id='word_1_446' title='bbox 1759 5491 1773 5515; x_wconf 96' lang='lat'><strong>,</strong></span> <span class='ocrx_word' id='word_1_447' title='bbox 1799 5466 1900 5501; x_wconf 90' lang='lat' dir='ltr'><strong>nu-</strong></span> 
     </span>
    </p>
   </div>
   <div class='ocr_carea' id='block_1_58' title="bbox 327 5541 1902 5644">
    <p class='ocr_par' dir='ltr' id='par_1_58' title="bbox 327 5541 1902 5644">
     <span class='ocr_line' id='line_1_58' title="bbox 327 5541 1902 5644; baseline -0.022 -19"><span class='ocrx_word' id='word_1_448' title='bbox 327 5573 461 5644; x_wconf 87' lang='lat' dir='ltr'><strong>ptias</strong></span> <span class='ocrx_word' id='word_1_449' title='bbox 492 5567 645 5622; x_wconf 92' lang='lat' dir='ltr'><strong>dedit</strong></span> <span class='ocrx_word' id='word_1_450' title='bbox 674 5576 727 5618; x_wconf 94' lang='lat' dir='ltr'><strong>et</strong></span> <span class='ocrx_word' id='word_1_451' title='bbox 765 5560 1018 5624; x_wconf 88' lang='lat' dir='ltr'><strong>sancivit,</strong></span> <span class='ocrx_word' id='word_1_452' title='bbox 1049 5563 1104 5609; x_wconf 93' lang='lat' dir='ltr'><strong>ut</strong></span> <span class='ocrx_word' id='word_1_453' title='bbox 1123 5555 1190 5608; x_wconf 88' lang='lat' dir='ltr'><strong>ab</strong></span> <span class='ocrx_word' id='word_1_454' title='bbox 1220 5549 1403 5606; x_wconf 86' lang='lat' dir='ltr'><strong>illicito</strong></span> <span class='ocrx_word' id='word_1_455' title='bbox 1429 5543 1709 5601; x_wconf 91' lang='lat' dir='ltr'><strong>concubitu</strong></span> <span class='ocrx_word' id='word_1_456' title='bbox 1737 5541 1902 5595; x_wconf 89' lang='lat' dir='ltr'><strong>absti-</strong></span> 
     </span>
    </p>
   </div>
   <div class='ocr_carea' id='block_1_59' title="bbox 325 5669 562 5716">
    <p class='ocr_par' dir='ltr' id='par_1_59' title="bbox 325 5669 562 5716">
     <span class='ocr_line' id='line_1_59' title="bbox 325 5669 562 5716; baseline -0.025 0"><span class='ocrx_word' id='word_1_457' title='bbox 325 5669 562 5716; x_wconf 88' lang='lat' dir='ltr'><strong>ueretur.</strong></span> 
     </span>
    </p>
   </div>
   <div class='ocr_carea' id='block_1_60' title="bbox 398 5727 1910 5810">
    <p class='ocr_par' dir='ltr' id='par_1_60' title="bbox 398 5727 1910 5810">
     <span class='ocr_line' id='line_1_60' title="bbox 398 5727 1910 5810; baseline -0.019 -4"><span class='ocrx_word' id='word_1_458' title='bbox 398 5750 617 5806; x_wconf 78' lang='lat' dir='ltr'><strong>Juvenes</strong></span> <span class='ocrx_word' id='word_1_459' title='bbox 642 5742 882 5800; x_wconf 76' lang='lat' dir='ltr'><strong>uxoribus</strong></span> <span class='ocrx_word' id='word_1_460' title='bbox 899 5737 1166 5810; x_wconf 86' lang='lat' dir='ltr'><strong>jungendi.</strong></span> <span class='ocrx_word' id='word_1_461' title='bbox 1198 5765 1268 5776; x_wconf 90' lang='lat'><strong>—</strong></span> <span class='ocrx_word' id='word_1_462' title='bbox 1295 5732 1373 5788; x_wconf 87' lang='lat' dir='ltr'><strong>Ne</strong></span> <span class='ocrx_word' id='word_1_463' title='bbox 1400 5731 1556 5801; x_wconf 82' lang='lat' dir='ltr'><strong>igitur</strong></span> <span class='ocrx_word' id='word_1_464' title='bbox 1584 5727 1910 5796; x_wconf 81' lang='lat' dir='ltr'><strong>negligamus</strong></span> 
     </span>
    </p>
   </div>
   <div class='ocr_carea' id='block_1_61' title="bbox 1103 311 2750 374">
    <p class='ocr_par' dir='ltr' id='par_1_61' title="bbox 1103 311 2750 374">
     <span class='ocr_line' id='line_1_61' title="bbox 1103 311 2750 374; baseline -0.005 0"><span class='ocrx_word' id='word_1_465' title='bbox 1103 321 1170 374; x_wconf 72' lang='grc' dir='ltr'><strong>ΙΝ</strong></span> <span class='ocrx_word' id='word_1_466' title='bbox 1208 319 1357 374; x_wconf 81' lang='lat' dir='ltr'><strong>CAP.</strong></span> <span class='ocrx_word' id='word_1_467' title='bbox 1398 316 1640 371; x_wconf 88' lang='lat' dir='ltr'><strong>XXXIV.</strong></span> <span class='ocrx_word' id='word_1_468' title='bbox 1681 314 1771 369; x_wconf 77' lang='grc' dir='ltr'><strong>ΕΤ</strong></span> <span class='ocrx_word' id='word_1_469' title='bbox 1808 312 2027 368; x_wconf 73' lang='lat' dir='ltr'><strong>XXXV.</strong></span> <span class='ocrx_word' id='word_1_470' title='bbox 2059 311 2302 368; x_wconf 83' lang='lat' dir='ltr'><strong>GENES.</strong></span> <span class='ocrx_word' id='word_1_471' title='bbox 2345 311 2574 367; x_wconf 76' lang='lat' dir='ltr'><strong>HOMIL.</strong></span> <span class='ocrx_word' id='word_1_472' title='bbox 2617 312 2750 366; x_wconf 84' lang='lat' dir='ltr'><strong>LIX.</strong></span> 
     </span>
    </p>
   </div>
   <div class='ocr_carea' id='block_1_62' title="bbox 3423 314 3522 369">
    <p class='ocr_par' dir='ltr' id='par_1_62' title="bbox 3423 314 3522 369">
     <span class='ocr_line' id='line_1_62' title="bbox 3423 314 3522 369; baseline 0.01 -1"><span class='ocrx_word' id='word_1_473' title='bbox 3423 314 3522 369; x_wconf 60' lang='grc'><strong>548</strong></span> 
     </span>
    </p>
   </div>
   <div class='ocr_carea' id='block_1_63' title="bbox 1944 422 3524 493">
    <p class='ocr_par' dir='ltr' id='par_1_63' title="bbox 1944 422 3524 493">
     <span class='ocr_line' id='line_1_63' title="bbox 1944 422 3524 493; baseline 0.003 -21"><span class='ocrx_word' id='word_1_474' title='bbox 1944 422 2188 490; x_wconf 84' lang='lat' dir='ltr'><strong>juvenes,</strong></span> <span class='ocrx_word' id='word_1_475' title='bbox 2217 423 2308 478; x_wconf 91' lang='lat' dir='ltr'><strong>sed</strong></span> <span class='ocrx_word' id='word_1_476' title='bbox 2337 425 2565 478; x_wconf 91' lang='lat' dir='ltr'><strong>scientes</strong></span> <span class='ocrx_word' id='word_1_477' title='bbox 2596 422 2827 478; x_wconf 80' lang='lat' dir='ltr'><strong>fornacis</strong></span> <span class='ocrx_word' id='word_1_478' title='bbox 2858 423 3160 478; x_wconf 87' lang='lat' dir='ltr'><strong>incendium</strong></span> <span class='ocrx_word' id='word_1_479' title='bbox 3180 463 3197 488; x_wconf 87' lang='lat'><strong>,</strong></span> <span class='ocrx_word' id='word_1_480' title='bbox 3222 424 3524 493; x_wconf 88' lang='lat' dir='ltr'><strong>priusquam</strong></span> 
     </span>
    </p>
   </div>
   <div class='ocr_carea' id='block_1_64' title="bbox 1950 514 3520 584">
    <p class='ocr_par' dir='ltr' id='par_1_64' title="bbox 1950 514 3520 584">
     <span class='ocr_line' id='line_1_64' title="bbox 1950 514 3520 584; baseline 0.003 -18"><span class='ocrx_word' id='word_1_481' title='bbox 1950 514 2000 566; x_wconf 90' lang='lat' dir='ltr'><strong>in</strong></span> <span class='ocrx_word' id='word_1_482' title='bbox 2034 514 2242 567; x_wconf 80' lang='lat' dir='ltr'><strong>luxuria</strong></span> <span class='ocrx_word' id='word_1_483' title='bbox 2274 515 2633 584; x_wconf 89' lang='lat' dir='ltr'><strong>implicentur,</strong></span> <span class='ocrx_word' id='word_1_484' title='bbox 2667 515 2976 569; x_wconf 90' lang='lat' dir='ltr'><strong>studeamus</strong></span> <span class='ocrx_word' id='word_1_485' title='bbox 3001 530 3093 569; x_wconf 91' lang='lat' dir='ltr'><strong>eos</strong></span> <span class='ocrx_word' id='word_1_486' title='bbox 3127 515 3421 571; x_wconf 83' lang='lat' dir='ltr'><strong>secundum</strong></span> <span class='ocrx_word' id='word_1_487' title='bbox 3447 516 3520 570; x_wconf 89' lang='lat' dir='ltr'><strong>le-</strong></span> 
     </span>
    </p>
   </div>
   <div class='ocr_carea' id='block_1_65' title="bbox 1946 605 3526 673">
    <p class='ocr_par' dir='ltr' id='par_1_65' title="bbox 1946 605 3526 673">
     <span class='ocr_line' id='line_1_65' title="bbox 1946 605 3526 673; baseline 0.003 -15"><span class='ocrx_word' id='word_1_488' title='bbox 1946 620 2069 673; x_wconf 89' lang='lat' dir='ltr'><strong>gem</strong></span> <span class='ocrx_word' id='word_1_489' title='bbox 2094 605 2196 658; x_wconf 80' lang='lat' dir='ltr'><strong>Dei</strong></span> <span class='ocrx_word' id='word_1_490' title='bbox 2221 606 2418 673; x_wconf 82' lang='lat' dir='ltr'><strong>nuptiis</strong></span> <span class='ocrx_word' id='word_1_491' title='bbox 2447 607 2695 673; x_wconf 87' lang='lat' dir='ltr'><strong>c0pulare</strong></span> <span class='ocrx_word' id='word_1_492' title='bbox 2717 647 2732 670; x_wconf 93' lang='lat'><strong>,</strong></span> <span class='ocrx_word' id='word_1_493' title='bbox 2764 613 2822 660; x_wconf 90' lang='lat' dir='ltr'><strong>ut</strong></span> <span class='ocrx_word' id='word_1_494' title='bbox 2854 615 2906 660; x_wconf 92' lang='lat' dir='ltr'><strong>et</strong></span> <span class='ocrx_word' id='word_1_495' title='bbox 2955 607 3334 660; x_wconf 87' lang='lat' dir='ltr'><strong>continentiam</strong></span> <span class='ocrx_word' id='word_1_496' title='bbox 3377 622 3526 662; x_wconf 90' lang='lat' dir='ltr'><strong>suam</strong></span> 
     </span>
    </p>
   </div>
   <div class='ocr_carea' id='block_1_66' title="bbox 1949 697 3526 766">
    <p class='ocr_par' dir='ltr' id='par_1_66' title="bbox 1949 697 3526 766">
     <span class='ocr_line' id='line_1_66' title="bbox 1949 697 3526 766; baseline 0.002 -17"><span class='ocrx_word' id='word_1_497' title='bbox 1949 697 2268 760; x_wconf 87' lang='lat' dir='ltr'><strong>custodiant,</strong></span> <span class='ocrx_word' id='word_1_498' title='bbox 2324 698 2634 766; x_wconf 89' lang='lat' dir='ltr'><strong>nullumque</strong></span> <span class='ocrx_word' id='word_1_499' title='bbox 2693 698 2946 752; x_wconf 88' lang='lat' dir='ltr'><strong>damnum</strong></span> <span class='ocrx_word' id='word_1_500' title='bbox 2988 699 3218 753; x_wconf 69' lang='lat' dir='ltr'><strong>lasciviae</strong></span> <span class='ocrx_word' id='word_1_501' title='bbox 3272 715 3382 754; x_wconf 72' lang='lat' dir='ltr'><strong>sua:</strong></span> <span class='ocrx_word' id='word_1_502' title='bbox 3430 699 3526 752; x_wconf 90' lang='lat' dir='ltr'><strong>ha-</strong></span> 
     </span>
    </p>
   </div>
   <div class='ocr_carea' id='block_1_67' title="bbox 1952 791 3524 862">
    <p class='ocr_par' dir='ltr' id='par_1_67' title="bbox 1952 791 3524 862">
     <span class='ocr_line' id='line_1_67' title="bbox 1952 791 3524 862; baseline 0.002 -18"><span class='ocrx_word' id='word_1_503' title='bbox 1952 791 2132 856; x_wconf 86' lang='lat' dir='ltr'><strong>beant,</strong></span> <span class='ocrx_word' id='word_1_504' title='bbox 2164 793 2402 847; x_wconf 89' lang='lat' dir='ltr'><strong>remedio</strong></span> <span class='ocrx_word' id='word_1_505' title='bbox 2440 793 2582 848; x_wconf 91' lang='lat' dir='ltr'><strong>illine</strong></span> <span class='ocrx_word' id='word_1_506' title='bbox 2611 803 2845 862; x_wconf 93' lang='lat' dir='ltr'><strong>sumpto,</strong></span> <span class='ocrx_word' id='word_1_507' title='bbox 2865 803 2920 847; x_wconf 89' lang='lat' dir='ltr'><strong>ut</strong></span> <span class='ocrx_word' id='word_1_508' title='bbox 2953 793 3347 861; x_wconf 88' lang='lat' dir='ltr'><strong>possintcarni-s</strong></span> <span class='ocrx_word' id='word_1_509' title='bbox 3372 793 3524 847; x_wconf 93' lang='lat' dir='ltr'><strong>indo-</strong></span> 
     </span>
    </p>
   </div>
   <div class='ocr_carea' id='block_1_68' title="bbox 1949 883 3529 953">
    <p class='ocr_par' dir='ltr' id='par_1_68' title="bbox 1949 883 3529 953">
     <span class='ocr_line' id='line_1_68' title="bbox 1949 883 3529 953; baseline 0 -19"><span class='ocrx_word' id='word_1_510' title='bbox 1949 883 2108 934; x_wconf 89' lang='lat' dir='ltr'><strong>mitos</strong></span> <span class='ocrx_word' id='word_1_511' title='bbox 2133 891 2308 937; x_wconf 88' lang='lat' dir='ltr'><strong>motus</strong></span> <span class='ocrx_word' id='word_1_512' title='bbox 2339 884 2653 951; x_wconf 86' lang='lat' dir='ltr'><strong>reprimere,</strong></span> <span class='ocrx_word' id='word_1_513' title='bbox 2692 893 2746 937; x_wconf 93' lang='lat' dir='ltr'><strong>et</strong></span> <span class='ocrx_word' id='word_1_514' title='bbox 2791 898 3005 952; x_wconf 69' lang='lat' dir='ltr'><strong>pmnam</strong></span> <span class='ocrx_word' id='word_1_515' title='bbox 3042 885 3294 953; x_wconf 79' lang='lat' dir='ltr'><strong>effugere.</strong></span> <span class='ocrx_word' id='word_1_516' title='bbox 3323 883 3428 938; x_wconf 87' lang='lat' dir='ltr'><strong>Sed</strong></span> <span class='ocrx_word' id='word_1_517' title='bbox 3453 884 3529 935; x_wconf 92' lang='lat' dir='ltr'><strong>vi-</strong></span> 
     </span>
    </p>
   </div>
   <div class='ocr_carea' id='block_1_69' title="bbox 1949 971 3525 1043">
    <p class='ocr_par' dir='ltr' id='par_1_69' title="bbox 1949 971 3525 1043">
     <span class='ocr_line' id='line_1_69' title="bbox 1949 971 3525 1043; baseline 0.003 -19"><span class='ocrx_word' id='word_1_518' title='bbox 1949 971 2169 1026; x_wconf 89' lang='lat' dir='ltr'><strong>deamus</strong></span> <span class='ocrx_word' id='word_1_519' title='bbox 2204 973 2472 1041; x_wconf 90' lang='lat' dir='ltr'><strong>quomodo</strong></span> <span class='ocrx_word' id='word_1_520' title='bbox 2492 989 2552 1028; x_wconf 91' lang='lat' dir='ltr'><strong>ea</strong></span> <span class='ocrx_word' id='word_1_521' title='bbox 2579 990 2697 1043; x_wconf 69' lang='lat' dir='ltr'><strong>qua:</strong></span> <span class='ocrx_word' id='word_1_522' title='bbox 2732 989 2759 1026; x_wconf 91' lang='lat' dir='ltr'><strong>a</strong></span> <span class='ocrx_word' id='word_1_523' title='bbox 2788 974 2975 1041; x_wconf 88' lang='lat' dir='ltr'><strong>pueris</strong></span> <span class='ocrx_word' id='word_1_524' title='bbox 2993 973 3133 1027; x_wconf 31' lang='lat' dir='ltr'><strong>facta.</strong></span> <span class='ocrx_word' id='word_1_525' title='bbox 3157 983 3312 1037; x_wconf 81' lang='lat' dir='ltr'><strong>sunt,</strong></span> <span class='ocrx_word' id='word_1_526' title='bbox 3343 989 3525 1028; x_wconf 88' lang='lat' dir='ltr'><strong>senem</strong></span> 
     </span>
    </p>
   </div>
   <div class='ocr_carea' id='block_1_70' title="bbox 1949 1061 3528 1133">
    <p class='ocr_par' dir='ltr' id='par_1_70' title="bbox 1949 1061 3528 1133">
     <span class='ocr_line' id='line_1_70' title="bbox 1949 1061 3528 1133; baseline 0.003 -21"><span class='ocrx_word' id='word_1_527' title='bbox 1949 1061 2240 1116; x_wconf 77' lang='lat' dir='ltr'><strong>affecerint.</strong></span> <span class='ocrx_word' id='word_1_528' title='bbox 2273 1064 2360 1116; x_wconf 80' lang='lat'><strong>50.</strong></span> <span class='ocrx_word' id='word_1_529' title='bbox 2392 1063 2535 1116; x_wconf 78' lang='lat' dir='ltr'><strong>Dixit</strong></span> <span class='ocrx_word' id='word_1_530' title='bbox 2565 1065 2737 1126; x_wconf 90' lang='lat' dir='ltr'><strong>enim,</strong></span> <span class='ocrx_word' id='word_1_531' title='bbox 2767 1064 2955 1131; x_wconf 88' lang='lat' dir='ltr'><strong>inquit,</strong></span> <span class='ocrx_word' id='word_1_532' title='bbox 2986 1062 3145 1116; x_wconf 79' lang='lat' dir='ltr'><strong>Iacob</strong></span> <span class='ocrx_word' id='word_1_533' title='bbox 3172 1080 3188 1118; x_wconf 93' lang='lat'><strong><em>:</em></strong></span> <span class='ocrx_word' id='word_1_534' title='bbox 3229 1063 3452 1133; x_wconf 81' lang='lat' dir='ltr'><strong>Symeon</strong></span> <span class='ocrx_word' id='word_1_535' title='bbox 3482 1071 3528 1117; x_wconf 79' lang='lat' dir='ltr'><strong>ct</strong></span> 
     </span>
    </p>
   </div>
   <div class='ocr_carea' id='block_1_71' title="bbox 1951 1151 3601 1226">
    <p class='ocr_par' dir='ltr' id='par_1_71' title="bbox 1951 1151 3601 1226">
     <span class='ocr_line' id='line_1_71' title="bbox 1951 1151 3601 1226; baseline 0 -21"><span class='ocrx_word' id='word_1_536' title='bbox 1951 1151 2092 1216; x_wconf 83' lang='lat' dir='ltr'><strong>Levi,</strong></span> <span class='ocrx_word' id='word_1_537' title='bbox 2116 1171 2324 1207; x_wconf 75' lang='lat' dir='ltr'><strong>exosum</strong></span> <span class='ocrx_word' id='word_1_538' title='bbox 2344 1172 2422 1208; x_wconf 87' lang='lat' dir='ltr'><strong>me</strong></span> <span class='ocrx_word' id='word_1_539' title='bbox 2445 1157 2630 1226; x_wconf 81' lang='lat' dir='ltr'><strong>fecistis</strong></span> <span class='ocrx_word' id='word_1_540' title='bbox 2655 1198 2669 1218; x_wconf 90' lang='lat'><strong>,</strong></span> <span class='ocrx_word' id='word_1_541' title='bbox 2693 1165 2750 1208; x_wconf 89' lang='lat' dir='ltr'><strong>ut</strong></span> <span class='ocrx_word' id='word_1_542' title='bbox 2785 1157 3020 1210; x_wconf 88' lang='lat' dir='ltr'><strong>molestus</strong></span> <span class='ocrx_word' id='word_1_543' title='bbox 3052 1172 3142 1226; x_wconf 78' lang='lat' dir='ltr'><strong>ego</strong></span> <span class='ocrx_word' id='word_1_544' title='bbox 3163 1156 3257 1208; x_wconf 90' lang='lat' dir='ltr'><strong>sim</strong></span> <span class='ocrx_word' id='word_1_545' title='bbox 3285 1156 3529 1208; x_wconf 86' lang='lat' dir='ltr'><strong>Itabitato-</strong></span> <span class='ocrx_word' id='word_1_546' title='bbox 3600 1201 3601 1204; x_wconf 47' lang='grc' dir='ltr'><strong>η</strong></span> 
     </span>
    </p>
   </div>
   <div class='ocr_carea' id='block_1_72' title="bbox 1951 1243 3529 1315">
    <p class='ocr_par' dir='ltr' id='par_1_72' title="bbox 1951 1243 3529 1315">
     <span class='ocr_line' id='line_1_72' title="bbox 1951 1243 3529 1315; baseline 0.003 -20"><span class='ocrx_word' id='word_1_547' title='bbox 1951 1243 2086 1296; x_wconf 88' lang='lat' dir='ltr'><strong>ribus</strong></span> <span class='ocrx_word' id='word_1_548' title='bbox 2114 1252 2279 1296; x_wconf 79' lang='lat' dir='ltr'><strong>teme.</strong></span> <span class='ocrx_word' id='word_1_549' title='bbox 2303 1244 2505 1311; x_wconf 83' lang='lat' dir='ltr'><strong>Quare,</strong></span> <span class='ocrx_word' id='word_1_550' title='bbox 2535 1247 2730 1315; x_wconf 88' lang='lat' dir='ltr'><strong>inquit,</strong></span> <span class='ocrx_word' id='word_1_551' title='bbox 2755 1256 2961 1299; x_wconf 84' lang='lat' dir='ltr'><strong>tantam</strong></span> <span class='ocrx_word' id='word_1_552' title='bbox 2991 1245 3190 1300; x_wconf 83' lang='lat' dir='ltr'><strong>fecistis</strong></span> <span class='ocrx_word' id='word_1_553' title='bbox 3210 1247 3529 1301; x_wconf 80' lang='lat' dir='ltr'><strong>vindictam?</strong></span> 
     </span>
    </p>
   </div>
   <div class='ocr_carea' id='block_1_73' title="bbox 1949 1333 3529 1404">
    <p class='ocr_par' dir='ltr' id='par_1_73' title="bbox 1949 1333 3529 1404">
     <span class='ocr_line' id='line_1_73' title="bbox 1949 1333 3529 1404; baseline 0.004 -17"><span class='ocrx_word' id='word_1_554' title='bbox 1949 1333 2086 1388; x_wconf 87' lang='lat' dir='ltr'><strong>Nam</strong></span> <span class='ocrx_word' id='word_1_555' title='bbox 2114 1350 2232 1404; x_wconf 84' lang='lat' dir='ltr'><strong>quae</strong></span> <span class='ocrx_word' id='word_1_556' title='bbox 2259 1351 2288 1388; x_wconf 87' lang='lat' dir='ltr'><strong>a</strong></span> <span class='ocrx_word' id='word_1_557' title='bbox 2315 1336 2468 1391; x_wconf 91' lang='lat' dir='ltr'><strong>vobis</strong></span> <span class='ocrx_word' id='word_1_558' title='bbox 2502 1337 2638 1392; x_wconf 85' lang='lat' dir='ltr'><strong>facta</strong></span> <span class='ocrx_word' id='word_1_559' title='bbox 2665 1348 2826 1403; x_wconf 91' lang='lat' dir='ltr'><strong>sunt,</strong></span> <span class='ocrx_word' id='word_1_560' title='bbox 2859 1338 3041 1392; x_wconf 92' lang='lat' dir='ltr'><strong>odium</strong></span> <span class='ocrx_word' id='word_1_561' title='bbox 3083 1339 3210 1392; x_wconf 89' lang='lat' dir='ltr'><strong>mihi</strong></span> <span class='ocrx_word' id='word_1_562' title='bbox 3240 1341 3529 1394; x_wconf 84' lang='lat' dir='ltr'><strong>maximum</strong></span> 
     </span>
    </p>
   </div>
   <div class='ocr_carea' id='block_1_74' title="bbox 1952 1425 3528 1498">
    <p class='ocr_par' dir='ltr' id='par_1_74' title="bbox 1952 1425 3528 1498">
     <span class='ocr_line' id='line_1_74' title="bbox 1952 1425 3528 1498; baseline 0.004 -20"><span class='ocrx_word' id='word_1_563' title='bbox 1952 1425 2160 1494; x_wconf 88' lang='lat' dir='ltr'><strong>parient</strong></span> <span class='ocrx_word' id='word_1_564' title='bbox 2194 1426 2332 1494; x_wconf 89' lang='lat' dir='ltr'><strong>apud</strong></span> <span class='ocrx_word' id='word_1_565' title='bbox 2363 1442 2550 1482; x_wconf 92' lang='lat' dir='ltr'><strong>omnes</strong></span> <span class='ocrx_word' id='word_1_566' title='bbox 2584 1427 2904 1482; x_wconf 83' lang='lat' dir='ltr'><strong>habitatores</strong></span> <span class='ocrx_word' id='word_1_567' title='bbox 2933 1438 3090 1482; x_wconf 82' lang='lat' dir='ltr'><strong>terrae</strong></span> <span class='ocrx_word' id='word_1_568' title='bbox 3120 1429 3296 1498; x_wconf 84' lang='lat' dir='ltr'><strong>hujus.</strong></span> <span class='ocrx_word' id='word_1_569' title='bbox 3329 1430 3528 1484; x_wconf 87' lang='lat' dir='ltr'><strong>Deinde</strong></span> 
     </span>
    </p>
   </div>
   <div class='ocr_carea' id='block_1_75' title="bbox 1951 1519 3524 1588">
    <p class='ocr_par' dir='ltr' id='par_1_75' title="bbox 1951 1519 3524 1588">
     <span class='ocr_line' id='line_1_75' title="bbox 1951 1519 3524 1588; baseline 0.001 -18"><span class='ocrx_word' id='word_1_570' title='bbox 1951 1527 2257 1571; x_wconf 84' lang='lat' dir='ltr'><strong>monstrans</strong></span> <span class='ocrx_word' id='word_1_571' title='bbox 2277 1519 2524 1573; x_wconf 90' lang='lat' dir='ltr'><strong>timorem</strong></span> <span class='ocrx_word' id='word_1_572' title='bbox 2550 1521 2603 1572; x_wconf 91' lang='lat' dir='ltr'><strong>in</strong></span> <span class='ocrx_word' id='word_1_573' title='bbox 2630 1534 2735 1588; x_wconf 92' lang='lat' dir='ltr'><strong>quo</strong></span> <span class='ocrx_word' id='word_1_574' title='bbox 2760 1529 2876 1573; x_wconf 89' lang='lat' dir='ltr'><strong>erat</strong></span> <span class='ocrx_word' id='word_1_575' title='bbox 2899 1521 3237 1584; x_wconf 74' lang='lat' dir='ltr'><strong>constitutus,</strong></span> <span class='ocrx_word' id='word_1_576' title='bbox 3270 1520 3401 1572; x_wconf 80' lang='lat' dir='ltr'><strong>Mihi</strong></span> <span class='ocrx_word' id='word_1_577' title='bbox 3427 1537 3524 1571; x_wconf 88' lang='lat' dir='ltr'><strong>au-</strong></span> 
     </span>
    </p>
   </div>
   <div class='ocr_carea' id='block_1_76' title="bbox 1955 1609 3530 1681">
    <p class='ocr_par' dir='ltr' id='par_1_76' title="bbox 1955 1609 3530 1681">
     <span class='ocr_line' id='line_1_76' title="bbox 1955 1609 3530 1681; baseline 0.002 -22"><span class='ocrx_word' id='word_1_578' title='bbox 1955 1618 2070 1672; x_wconf 90' lang='lat' dir='ltr'><strong>tem,</strong></span> <span class='ocrx_word' id='word_1_579' title='bbox 2098 1609 2304 1678; x_wconf 90' lang='lat' dir='ltr'><strong>inquit,</strong></span> <span class='ocrx_word' id='word_1_580' title='bbox 2329 1626 2516 1678; x_wconf 81' lang='lat' dir='ltr'><strong>paruus.</strong></span> <span class='ocrx_word' id='word_1_581' title='bbox 2559 1626 2796 1664; x_wconf 87' lang='lat' dir='ltr'><strong>numerus</strong></span> <span class='ocrx_word' id='word_1_582' title='bbox 2822 1621 2914 1673; x_wconf 85' lang='lat' dir='ltr'><strong>est,</strong></span> <span class='ocrx_word' id='word_1_583' title='bbox 2964 1622 3008 1663; x_wconf 86' lang='lat' dir='ltr'><strong>et</strong></span> <span class='ocrx_word' id='word_1_584' title='bbox 3034 1612 3320 1681; x_wconf 75' lang='lat' dir='ltr'><strong>congregati</strong></span> <span class='ocrx_word' id='word_1_585' title='bbox 3356 1624 3530 1664; x_wconf 84' lang='lat' dir='ltr'><strong>contra</strong></span> 
     </span>
    </p>
   </div>
   <div class='ocr_carea' id='block_1_77' title="bbox 1953 1700 3534 1771">
    <p class='ocr_par' dir='ltr' id='par_1_77' title="bbox 1953 1700 3534 1771">
     <span class='ocr_line' id='line_1_77' title="bbox 1953 1700 3534 1771; baseline 0.004 -21"><span class='ocrx_word' id='word_1_586' title='bbox 1953 1715 2030 1751; x_wconf 90' lang='lat' dir='ltr'><strong>me</strong></span> <span class='ocrx_word' id='word_1_587' title='bbox 2057 1739 2072 1762; x_wconf 95' lang='lat'><strong>,</strong></span> <span class='ocrx_word' id='word_1_588' title='bbox 2112 1700 2388 1767; x_wconf 85' lang='lat' dir='ltr'><strong>percutient</strong></span> <span class='ocrx_word' id='word_1_589' title='bbox 2420 1717 2497 1754; x_wconf 89' lang='lat' dir='ltr'><strong>me</strong></span> <span class='ocrx_word' id='word_1_590' title='bbox 2522 1743 2536 1766; x_wconf 85' lang='lat'><strong>,</strong></span> <span class='ocrx_word' id='word_1_591' title='bbox 2569 1713 2616 1754; x_wconf 84' lang='lat' dir='ltr'><strong>et</strong></span> <span class='ocrx_word' id='word_1_592' title='bbox 2645 1711 2840 1756; x_wconf 78' lang='lat' dir='ltr'><strong>exterar</strong></span> <span class='ocrx_word' id='word_1_593' title='bbox 2859 1718 2883 1753; x_wconf 86' lang='lat'><strong>:.</strong></span> <span class='ocrx_word' id='word_1_594' title='bbox 2918 1703 3068 1771; x_wconf 85' lang='lat' dir='ltr'><strong>quasi</strong></span> <span class='ocrx_word' id='word_1_595' title='bbox 3090 1703 3290 1756; x_wconf 85' lang='lat' dir='ltr'><strong>diceret</strong></span> <span class='ocrx_word' id='word_1_596' title='bbox 3318 1701 3534 1756; x_wconf 80' lang='lat' dir='ltr'><strong>:Nesci-</strong></span> 
     </span>
    </p>
   </div>
   <div class='ocr_carea' id='block_1_78' title="bbox 1954 1789 3529 1860">
    <p class='ocr_par' dir='ltr' id='par_1_78' title="bbox 1954 1789 3529 1860">
     <span class='ocr_line' id='line_1_78' title="bbox 1954 1789 3529 1860; baseline 0.002 -18"><span class='ocrx_word' id='word_1_597' title='bbox 1954 1789 2020 1844; x_wconf 91' lang='lat' dir='ltr'><strong>tis</strong></span> <span class='ocrx_word' id='word_1_598' title='bbox 2041 1789 2184 1859; x_wconf 90' lang='lat' dir='ltr'><strong>quod</strong></span> <span class='ocrx_word' id='word_1_599' title='bbox 2210 1793 2361 1860; x_wconf 89' lang='lat' dir='ltr'><strong>pauci</strong></span> <span class='ocrx_word' id='word_1_600' title='bbox 2390 1793 2612 1846; x_wconf 88' lang='lat' dir='ltr'><strong>sumus?</strong></span> <span class='ocrx_word' id='word_1_601' title='bbox 2638 1791 2792 1846; x_wconf 81' lang='lat' dir='ltr'><strong>facile</strong></span> <span class='ocrx_word' id='word_1_602' title='bbox 2820 1793 3010 1847; x_wconf 89' lang='lat' dir='ltr'><strong>eadem</strong></span> <span class='ocrx_word' id='word_1_603' title='bbox 3039 1800 3094 1846; x_wconf 88' lang='lat' dir='ltr'><strong>et</strong></span> <span class='ocrx_word' id='word_1_604' title='bbox 3117 1807 3218 1845; x_wconf 89' lang='lat' dir='ltr'><strong>nos</strong></span> <span class='ocrx_word' id='word_1_605' title='bbox 3250 1793 3529 1860; x_wconf 77' lang='lat' dir='ltr'><strong>patiemur,</strong></span> 
     </span>
    </p>
   </div>
   <div class='ocr_carea' id='block_1_79' title="bbox 1953 1881 3533 1952">
    <p class='ocr_par' dir='ltr' id='par_1_79' title="bbox 1953 1881 3533 1952">
     <span class='ocr_line' id='line_1_79' title="bbox 1953 1881 3533 1952; baseline 0.003 -20"><span class='ocrx_word' id='word_1_606' title='bbox 1953 1881 2143 1950; x_wconf 90' lang='lat' dir='ltr'><strong>quibus</strong></span> <span class='ocrx_word' id='word_1_607' title='bbox 2181 1882 2333 1936; x_wconf 89' lang='lat' dir='ltr'><strong>vobis</strong></span> <span class='ocrx_word' id='word_1_608' title='bbox 2378 1882 2497 1936; x_wconf 90' lang='lat' dir='ltr'><strong>illos</strong></span> <span class='ocrx_word' id='word_1_609' title='bbox 2549 1883 2768 1936; x_wconf 82' lang='lat' dir='ltr'><strong>afﬁcere</strong></span> <span class='ocrx_word' id='word_1_610' title='bbox 2803 1882 3016 1950; x_wconf 87' lang='lat' dir='ltr'><strong>placuit.</strong></span> <span class='ocrx_word' id='word_1_611' title='bbox 3053 1883 3114 1935; x_wconf 83' lang='lat' dir='ltr'><strong>Et</strong></span> <span class='ocrx_word' id='word_1_612' title='bbox 3142 1883 3277 1936; x_wconf 89' lang='lat' dir='ltr'><strong>sicut</strong></span> <span class='ocrx_word' id='word_1_613' title='bbox 3301 1882 3533 1952; x_wconf 89' lang='lat' dir='ltr'><strong>Syehem</strong></span> 
     </span>
    </p>
   </div>
   <div class='ocr_carea' id='block_1_80' title="bbox 1953 1974 3521 2044">
    <p class='ocr_par' dir='ltr' id='par_1_80' title="bbox 1953 1974 3521 2044">
     <span class='ocr_line' id='line_1_80' title="bbox 1953 1974 3521 2044; baseline 0.003 -19"><span class='ocrx_word' id='word_1_614' title='bbox 1953 1974 2086 2042; x_wconf 91' lang='lat' dir='ltr'><strong>patri</strong></span> <span class='ocrx_word' id='word_1_615' title='bbox 2113 1983 2168 2028; x_wconf 90' lang='lat' dir='ltr'><strong>et</strong></span> <span class='ocrx_word' id='word_1_616' title='bbox 2192 1975 2438 2028; x_wconf 90' lang='lat' dir='ltr'><strong>omnibus</strong></span> <span class='ocrx_word' id='word_1_617' title='bbox 2463 1974 2730 2028; x_wconf 87' lang='lat' dir='ltr'><strong>civitatem</strong></span> <span class='ocrx_word' id='word_1_618' title='bbox 2754 1974 3113 2029; x_wconf 88' lang='lat' dir='ltr'><strong>habitantibus</strong></span> <span class='ocrx_word' id='word_1_619' title='bbox 3153 1975 3308 2044; x_wconf 85' lang='lat' dir='ltr'><strong>hujus</strong></span> <span class='ocrx_word' id='word_1_620' title='bbox 3353 1977 3521 2029; x_wconf 89' lang='lat' dir='ltr'><strong>inter-</strong></span> 
     </span>
    </p>
   </div>
   <div class='ocr_carea' id='block_1_81' title="bbox 1955 2065 3529 2134">
    <p class='ocr_par' dir='ltr' id='par_1_81' title="bbox 1955 2065 3529 2134">
     <span class='ocr_line' id='line_1_81' title="bbox 1955 2065 3529 2134; baseline 0.001 -17"><span class='ocrx_word' id='word_1_621' title='bbox 1955 2065 2056 2120; x_wconf 92' lang='lat' dir='ltr'><strong>itus</strong></span> <span class='ocrx_word' id='word_1_622' title='bbox 2082 2065 2178 2118; x_wconf 87' lang='lat' dir='ltr'><strong>fuit</strong></span> <span class='ocrx_word' id='word_1_623' title='bbox 2203 2075 2409 2129; x_wconf 92' lang='lat' dir='ltr'><strong>auctor,</strong></span> <span class='ocrx_word' id='word_1_624' title='bbox 2439 2066 2508 2119; x_wconf 90' lang='lat' dir='ltr'><strong>ita</strong></span> <span class='ocrx_word' id='word_1_625' title='bbox 2547 2074 2602 2119; x_wconf 90' lang='lat' dir='ltr'><strong>et</strong></span> <span class='ocrx_word' id='word_1_626' title='bbox 2625 2080 2718 2119; x_wconf 89' lang='lat' dir='ltr'><strong>vos</strong></span> <span class='ocrx_word' id='word_1_627' title='bbox 2747 2065 2898 2119; x_wconf 89' lang='lat' dir='ltr'><strong>mihi.</strong></span> <span class='ocrx_word' id='word_1_628' title='bbox 2948 2065 3079 2119; x_wconf 88' lang='lat' dir='ltr'><strong>Nam</strong></span> <span class='ocrx_word' id='word_1_629' title='bbox 3109 2077 3325 2134; x_wconf 87' lang='lat' dir='ltr'><strong>preptcr</strong></span> <span class='ocrx_word' id='word_1_630' title='bbox 3353 2081 3448 2119; x_wconf 92' lang='lat' dir='ltr'><strong>vos</strong></span> <span class='ocrx_word' id='word_1_631' title='bbox 3477 2075 3529 2120; x_wconf 92' lang='lat' dir='ltr'><strong>et</strong></span> 
     </span>
    </p>
   </div>
   <div class='ocr_carea' id='block_1_82' title="bbox 1953 2155 3535 2225">
    <p class='ocr_par' dir='ltr' id='par_1_82' title="bbox 1953 2155 3535 2225">
     <span class='ocr_line' id='line_1_82' title="bbox 1953 2155 3535 2225; baseline 0 -17"><span class='ocrx_word' id='word_1_632' title='bbox 1953 2171 2052 2224; x_wconf 82' lang='lat' dir='ltr'><strong>ego</strong></span> <span class='ocrx_word' id='word_1_633' title='bbox 2090 2171 2282 2210; x_wconf 74' lang='lat' dir='ltr'><strong>exosus</strong></span> <span class='ocrx_word' id='word_1_634' title='bbox 2310 2171 2405 2210; x_wconf 90' lang='lat' dir='ltr'><strong>ero</strong></span> <span class='ocrx_word' id='word_1_635' title='bbox 2427 2199 2441 2219; x_wconf 89' lang='lat'><strong>,</strong></span> <span class='ocrx_word' id='word_1_636' title='bbox 2473 2165 2527 2210; x_wconf 92' lang='lat' dir='ltr'><strong>et</strong></span> <span class='ocrx_word' id='word_1_637' title='bbox 2561 2155 2693 2209; x_wconf 87' lang='lat' dir='ltr'><strong>nihil</strong></span> <span class='ocrx_word' id='word_1_638' title='bbox 2735 2155 2982 2224; x_wconf 91' lang='lat' dir='ltr'><strong>prohibet</strong></span> <span class='ocrx_word' id='word_1_639' title='bbox 3028 2157 3154 2225; x_wconf 90' lang='lat' dir='ltr'><strong>quin</strong></span> <span class='ocrx_word' id='word_1_640' title='bbox 3198 2156 3377 2210; x_wconf 87' lang='lat' dir='ltr'><strong>delear</strong></span> <span class='ocrx_word' id='word_1_641' title='bbox 3407 2171 3535 2224; x_wconf 91' lang='lat' dir='ltr'><strong>pro-</strong></span> 
     </span>
    </p>
   </div>
   <div class='ocr_carea' id='block_1_83' title="bbox 1956 2246 3533 2316">
    <p class='ocr_par' dir='ltr' id='par_1_83' title="bbox 1956 2246 3533 2316">
     <span class='ocr_line' id='line_1_83' title="bbox 1956 2246 3533 2316; baseline 0 -16"><span class='ocrx_word' id='word_1_642' title='bbox 1956 2257 2074 2316; x_wconf 91' lang='lat' dir='ltr'><strong>pter</strong></span> <span class='ocrx_word' id='word_1_643' title='bbox 2124 2255 2355 2301; x_wconf 79' lang='lat' dir='ltr'><strong>vestram</strong></span> <span class='ocrx_word' id='word_1_644' title='bbox 2384 2247 2679 2302; x_wconf 88' lang='lat' dir='ltr'><strong>audaciam.</strong></span> <span class='ocrx_word' id='word_1_645' title='bbox 2730 2248 2817 2302; x_wconf 77' lang='lat'><strong>51.</strong></span> <span class='ocrx_word' id='word_1_646' title='bbox 2850 2246 2942 2301; x_wconf 84' lang='lat' dir='ltr'><strong>Illi</strong></span> <span class='ocrx_word' id='word_1_647' title='bbox 2966 2257 3133 2300; x_wconf 84' lang='lat' dir='ltr'><strong>autem</strong></span> <span class='ocrx_word' id='word_1_648' title='bbox 3159 2248 3412 2312; x_wconf 72' lang='lat' dir='ltr'><strong>dixerunt,</strong></span> <span class='ocrx_word' id='word_1_649' title='bbox 3450 2248 3533 2300; x_wconf 90' lang='lat' dir='ltr'><strong>in-</strong></span> 
     </span>
    </p>
   </div>
   <div class='ocr_carea' id='block_1_84' title="bbox 1955 2337 3534 2408">
    <p class='ocr_par' dir='ltr' id='par_1_84' title="bbox 1955 2337 3534 2408">
     <span class='ocr_line' id='line_1_84' title="bbox 1955 2337 3534 2408; baseline 0.001 -19"><span class='ocrx_word' id='word_1_650' title='bbox 1955 2338 2104 2406; x_wconf 88' lang='lat' dir='ltr'><strong>quit,</strong></span> <span class='ocrx_word' id='word_1_651' title='bbox 2159 2337 2423 2408; x_wconf 83' lang='lat' dir='ltr'><strong>Numquid</strong></span> <span class='ocrx_word' id='word_1_652' title='bbox 2467 2347 2521 2390; x_wconf 89' lang='lat' dir='ltr'><strong>ut</strong></span> <span class='ocrx_word' id='word_1_653' title='bbox 2575 2347 2737 2391; x_wconf 88' lang='lat' dir='ltr'><strong>scorto</strong></span> <span class='ocrx_word' id='word_1_654' title='bbox 2785 2338 3049 2390; x_wconf 88' lang='lat' dir='ltr'><strong>abutentur</strong></span> <span class='ocrx_word' id='word_1_655' title='bbox 3092 2354 3262 2390; x_wconf 84' lang='lat' dir='ltr'><strong>sorore</strong></span> <span class='ocrx_word' id='word_1_656' title='bbox 3313 2339 3534 2391; x_wconf 87' lang='lat' dir='ltr'><strong>nostra?</strong></span> 
     </span>
    </p>
   </div>
   <div class='ocr_carea' id='block_1_85' title="bbox 1956 2429 3537 2499">
    <p class='ocr_par' dir='ltr' id='par_1_85' title="bbox 1956 2429 3537 2499">
     <span class='ocr_line' id='line_1_85' title="bbox 1956 2429 3537 2499; baseline 0 -16"><span class='ocrx_word' id='word_1_657' title='bbox 1956 2429 2088 2484; x_wconf 78' lang='lat' dir='ltr'><strong>Vide</strong></span> <span class='ocrx_word' id='word_1_658' title='bbox 2116 2445 2311 2499; x_wconf 92' lang='lat' dir='ltr'><strong>pueros</strong></span> <span class='ocrx_word' id='word_1_659' title='bbox 2337 2430 2676 2485; x_wconf 78' lang='lat' dir='ltr'><strong>continentiae</strong></span> <span class='ocrx_word' id='word_1_660' title='bbox 2703 2433 2873 2499; x_wconf 85' lang='lat' dir='ltr'><strong>gratia</strong></span> <span class='ocrx_word' id='word_1_661' title='bbox 2916 2430 3175 2484; x_wconf 91' lang='lat' dir='ltr'><strong>ultionem</strong></span> <span class='ocrx_word' id='word_1_662' title='bbox 3206 2432 3494 2498; x_wconf 69' lang='lat' dir='ltr'><strong>sumpsisse</strong></span> <span class='ocrx_word' id='word_1_663' title='bbox 3519 2447 3537 2483; x_wconf 68' lang='grc' dir='ltr'><strong>ι</strong></span> 
     </span>
    </p>
   </div>
   <div class='ocr_carea' id='block_1_86' title="bbox 1956 2519 3538 2590">
    <p class='ocr_par' dir='ltr' id='par_1_86' title="bbox 1956 2519 3538 2590">
     <span class='ocr_line' id='line_1_86' title="bbox 1956 2519 3538 2590; baseline -0.001 -15"><span class='ocrx_word' id='word_1_664' title='bbox 1956 2530 2210 2575; x_wconf 84' lang='lat' dir='ltr'><strong>excusant</strong></span> <span class='ocrx_word' id='word_1_665' title='bbox 2229 2521 2374 2575; x_wconf 89' lang='lat' dir='ltr'><strong>enim</strong></span> <span class='ocrx_word' id='word_1_666' title='bbox 2398 2537 2455 2574; x_wconf 92' lang='lat' dir='ltr'><strong>se</strong></span> <span class='ocrx_word' id='word_1_667' title='bbox 2488 2521 2656 2590; x_wconf 89' lang='lat' dir='ltr'><strong>patri,</strong></span> <span class='ocrx_word' id='word_1_668' title='bbox 2706 2531 2760 2574; x_wconf 90' lang='lat' dir='ltr'><strong>et</strong></span> <span class='ocrx_word' id='word_1_669' title='bbox 2798 2521 2981 2575; x_wconf 91' lang='lat' dir='ltr'><strong>dicunt</strong></span> <span class='ocrx_word' id='word_1_670' title='bbox 3008 2537 3022 2572; x_wconf 90' lang='lat'><strong>:</strong></span> <span class='ocrx_word' id='word_1_671' title='bbox 3053 2519 3266 2573; x_wconf 90' lang='lat' dir='ltr'><strong>Infamia</strong></span> <span class='ocrx_word' id='word_1_672' title='bbox 3300 2535 3396 2573; x_wconf 89' lang='lat' dir='ltr'><strong>nos</strong></span> <span class='ocrx_word' id='word_1_673' title='bbox 3419 2521 3538 2574; x_wconf 82' lang='lat' dir='ltr'><strong>alle-</strong></span> 
     </span>
    </p>
   </div>
   <div class='ocr_carea' id='block_1_87' title="bbox 1957 2611 3538 2678">
    <p class='ocr_par' dir='ltr' id='par_1_87' title="bbox 1957 2611 3538 2678">
     <span class='ocr_line' id='line_1_87' title="bbox 1957 2611 3538 2678; baseline -0.002 -12"><span class='ocrx_word' id='word_1_674' title='bbox 1957 2620 2149 2666; x_wconf 91' lang='lat' dir='ltr'><strong>cerunt</strong></span> <span class='ocrx_word' id='word_1_675' title='bbox 2179 2653 2194 2677; x_wconf 95' lang='lat'><strong>,</strong></span> <span class='ocrx_word' id='word_1_676' title='bbox 2223 2611 2386 2666; x_wconf 89' lang='lat' dir='ltr'><strong>veluti</strong></span> <span class='ocrx_word' id='word_1_677' title='bbox 2413 2620 2598 2666; x_wconf 92' lang='lat' dir='ltr'><strong>scorto</strong></span> <span class='ocrx_word' id='word_1_678' title='bbox 2627 2611 2776 2665; x_wconf 90' lang='lat' dir='ltr'><strong>abusi</strong></span> <span class='ocrx_word' id='word_1_679' title='bbox 2803 2622 2925 2665; x_wconf 90' lang='lat' dir='ltr'><strong>sunt</strong></span> <span class='ocrx_word' id='word_1_680' title='bbox 2953 2625 3138 2665; x_wconf 92' lang='lat' dir='ltr'><strong>sorore</strong></span> <span class='ocrx_word' id='word_1_681' title='bbox 3162 2619 3343 2664; x_wconf 89' lang='lat' dir='ltr'><strong>nostra</strong></span> <span class='ocrx_word' id='word_1_682' title='bbox 3369 2627 3382 2662; x_wconf 92' lang='lat'><strong>:</strong></span> <span class='ocrx_word' id='word_1_683' title='bbox 3419 2625 3538 2678; x_wconf 85' lang='lat' dir='ltr'><strong>pro-</strong></span> 
     </span>
    </p>
   </div>
   <div class='ocr_carea' id='block_1_88' title="bbox 1961 2701 3539 2770">
    <p class='ocr_par' dir='ltr' id='par_1_88' title="bbox 1961 2701 3539 2770">
     <span class='ocr_line' id='line_1_88' title="bbox 1961 2701 3539 2770; baseline 0 -14"><span class='ocrx_word' id='word_1_684' title='bbox 1961 2712 2143 2770; x_wconf 90' lang='lat' dir='ltr'><strong>pterea</strong></span> <span class='ocrx_word' id='word_1_685' title='bbox 2173 2702 2275 2756; x_wconf 91' lang='lat' dir='ltr'><strong>hoc</strong></span> <span class='ocrx_word' id='word_1_686' title='bbox 2316 2701 2490 2756; x_wconf 88' lang='lat' dir='ltr'><strong>facere</strong></span> <span class='ocrx_word' id='word_1_687' title='bbox 2516 2703 2684 2756; x_wconf 89' lang='lat' dir='ltr'><strong>coacti</strong></span> <span class='ocrx_word' id='word_1_688' title='bbox 2724 2716 2930 2767; x_wconf 87' lang='lat' dir='ltr'><strong>sumus,</strong></span> <span class='ocrx_word' id='word_1_689' title='bbox 2972 2711 3031 2755; x_wconf 91' lang='lat' dir='ltr'><strong>ut</strong></span> <span class='ocrx_word' id='word_1_690' title='bbox 3071 2711 3124 2755; x_wconf 93' lang='lat' dir='ltr'><strong>et</strong></span> <span class='ocrx_word' id='word_1_691' title='bbox 3162 2702 3339 2756; x_wconf 63' lang='lat' dir='ltr'><strong>caeteri</strong></span> <span class='ocrx_word' id='word_1_692' title='bbox 3369 2703 3539 2756; x_wconf 90' lang='lat' dir='ltr'><strong>disce-</strong></span> 
     </span>
    </p>
   </div>
   <div class='ocr_carea' id='block_1_89' title="bbox 1961 2794 2693 2860">
    <p class='ocr_par' dir='ltr' id='par_1_89' title="bbox 1961 2794 2693 2860">
     <span class='ocr_line' id='line_1_89' title="bbox 1961 2794 2693 2860; baseline -0.004 -11"><span class='ocrx_word' id='word_1_693' title='bbox 1961 2805 2100 2860; x_wconf 88' lang='lat' dir='ltr'><strong>rent,</strong></span> <span class='ocrx_word' id='word_1_694' title='bbox 2132 2795 2324 2849; x_wconf 88' lang='lat' dir='ltr'><strong>similia</strong></span> <span class='ocrx_word' id='word_1_695' title='bbox 2349 2810 2454 2848; x_wconf 91' lang='lat' dir='ltr'><strong>non</strong></span> <span class='ocrx_word' id='word_1_696' title='bbox 2475 2794 2693 2848; x_wconf 87' lang='lat' dir='ltr'><strong>audere.</strong></span> 
     </span>
    </p>
   </div>
   <div class='ocr_carea' id='block_1_90' title="bbox 2020 2883 3544 2954">
    <p class='ocr_par' dir='ltr' id='par_1_90' title="bbox 2020 2883 3544 2954">
     <span class='ocr_line' id='line_1_90' title="bbox 2020 2883 3544 2954; baseline -0.001 -14"><span class='ocrx_word' id='word_1_697' title='bbox 2020 2889 2073 2940; x_wconf 71' lang='grc'><strong>4.</strong></span> <span class='ocrx_word' id='word_1_698' title='bbox 2098 2886 2201 2941; x_wconf 87' lang='lat' dir='ltr'><strong>Sed</strong></span> <span class='ocrx_word' id='word_1_699' title='bbox 2223 2885 2366 2950; x_wconf 91' lang='lat' dir='ltr'><strong>vide,</strong></span> <span class='ocrx_word' id='word_1_700' title='bbox 2386 2885 2630 2949; x_wconf 91' lang='lat' dir='ltr'><strong>obsecro,</strong></span> <span class='ocrx_word' id='word_1_701' title='bbox 2653 2883 2739 2938; x_wconf 92' lang='lat' dir='ltr'><strong>hic</strong></span> <span class='ocrx_word' id='word_1_702' title='bbox 2765 2883 3086 2938; x_wconf 77' lang='lat' dir='ltr'><strong>ineffabilem</strong></span> <span class='ocrx_word' id='word_1_703' title='bbox 3112 2883 3200 2938; x_wconf 90' lang='lat' dir='ltr'><strong>Dei</strong></span> <span class='ocrx_word' id='word_1_704' title='bbox 3217 2898 3399 2937; x_wconf 91' lang='lat' dir='ltr'><strong>curam</strong></span> <span class='ocrx_word' id='word_1_705' title='bbox 3417 2899 3544 2954; x_wconf 80' lang='lat' dir='ltr'><strong>erga</strong></span> 
     </span>
    </p>
   </div>
   <div class='ocr_carea' id='block_1_91' title="bbox 1959 2975 3542 3047">
    <p class='ocr_par' dir='ltr' id='par_1_91' title="bbox 1959 2975 3542 3047">
     <span class='ocr_line' id='line_1_91' title="bbox 1959 2975 3542 3047; baseline -0.001 -16"><span class='ocrx_word' id='word_1_706' title='bbox 1959 2979 2183 3047; x_wconf 76' lang='lat' dir='ltr'><strong>justum.</strong></span> <span class='ocrx_word' id='word_1_707' title='bbox 2238 2976 2371 3031; x_wconf 91' lang='lat' dir='ltr'><strong>Nam</strong></span> <span class='ocrx_word' id='word_1_708' title='bbox 2399 2977 2522 3046; x_wconf 89' lang='lat' dir='ltr'><strong>quia</strong></span> <span class='ocrx_word' id='word_1_709' title='bbox 2548 2976 2679 3030; x_wconf 87' lang='lat' dir='ltr'><strong>vidit</strong></span> <span class='ocrx_word' id='word_1_710' title='bbox 2716 2991 2839 3030; x_wconf 92' lang='lat' dir='ltr'><strong>eum</strong></span> <span class='ocrx_word' id='word_1_711' title='bbox 2890 2975 3264 3030; x_wconf 87' lang='lat' dir='ltr'><strong>formidantem</strong></span> <span class='ocrx_word' id='word_1_712' title='bbox 3311 2977 3542 3045; x_wconf 80' lang='lat' dir='ltr'><strong>regionis</strong></span> 
     </span>
    </p>
   </div>
   <div class='ocr_carea' id='block_1_92' title="bbox 1964 3067 3532 3139">
    <p class='ocr_par' dir='ltr' id='par_1_92' title="bbox 1964 3067 3532 3139">
     <span class='ocr_line' id='line_1_92' title="bbox 1964 3067 3532 3139; baseline 0.001 -15"><span class='ocrx_word' id='word_1_713' title='bbox 1964 3072 2167 3125; x_wconf 89' lang='lat' dir='ltr'><strong>incolas</strong></span> <span class='ocrx_word' id='word_1_714' title='bbox 2210 3079 2424 3139; x_wconf 87' lang='lat' dir='ltr'><strong>propter</strong></span> <span class='ocrx_word' id='word_1_715' title='bbox 2451 3069 2680 3123; x_wconf 81' lang='lat' dir='ltr'><strong>filiorum</strong></span> <span class='ocrx_word' id='word_1_716' title='bbox 2704 3067 2960 3132; x_wconf 86' lang='lat' dir='ltr'><strong>facinora,</strong></span> <span class='ocrx_word' id='word_1_717' title='bbox 2990 3069 3042 3122; x_wconf 85' lang='lat' dir='ltr'><strong>l.</strong></span> <span class='ocrx_word' id='word_1_718' title='bbox 3075 3067 3220 3122; x_wconf 72' lang='lat' dir='ltr'><strong>Dixit</strong></span> <span class='ocrx_word' id='word_1_719' title='bbox 3260 3069 3305 3121; x_wconf 86' lang='lat' dir='ltr'><strong>ei</strong></span> <span class='ocrx_word' id='word_1_720' title='bbox 3350 3068 3485 3122; x_wconf 83' lang='lat' dir='ltr'><strong>Deus</strong></span> <span class='ocrx_word' id='word_1_721' title='bbox 3513 3087 3532 3125; x_wconf 92' lang='lat'><strong><em>:</em></strong></span> 
     </span>
    </p>
   </div>
   <div class='ocr_carea' id='block_1_93' title="bbox 1968 3160 3541 3233">
    <p class='ocr_par' dir='ltr' id='par_1_93' title="bbox 1968 3160 3541 3233">
     <span class='ocr_line' id='line_1_93' title="bbox 1968 3160 3541 3233; baseline -0.004 -15"><span class='ocrx_word' id='word_1_722' title='bbox 1968 3162 2154 3233; x_wconf 89' lang='lat' dir='ltr'><strong>Surge,</strong></span> <span class='ocrx_word' id='word_1_723' title='bbox 2177 3173 2223 3216; x_wconf 90' lang='lat' dir='ltr'><strong>et</strong></span> <span class='ocrx_word' id='word_1_724' title='bbox 2257 3162 2471 3217; x_wconf 84' lang='lat' dir='ltr'><strong>ascende</strong></span> <span class='ocrx_word' id='word_1_725' title='bbox 2496 3163 2550 3215; x_wconf 86' lang='lat' dir='ltr'><strong>iu</strong></span> <span class='ocrx_word' id='word_1_726' title='bbox 2593 3161 2757 3216; x_wconf 90' lang='lat' dir='ltr'><strong>locum</strong></span> <span class='ocrx_word' id='word_1_727' title='bbox 2798 3160 2993 3215; x_wconf 74' lang='lat' dir='ltr'><strong>Bazthel</strong></span> <span class='ocrx_word' id='word_1_728' title='bbox 3013 3201 3027 3225; x_wconf 94' lang='lat'><strong>,</strong></span> <span class='ocrx_word' id='word_1_729' title='bbox 3056 3172 3101 3214; x_wconf 90' lang='lat' dir='ltr'><strong>et</strong></span> <span class='ocrx_word' id='word_1_730' title='bbox 3122 3162 3191 3214; x_wconf 88' lang='lat' dir='ltr'><strong>ibi</strong></span> <span class='ocrx_word' id='word_1_731' title='bbox 3217 3161 3385 3214; x_wconf 83' lang='lat' dir='ltr'><strong>habita</strong></span> <span class='ocrx_word' id='word_1_732' title='bbox 3408 3161 3541 3231; x_wconf 84' lang='lat' dir='ltr'><strong>(Ca-</strong></span> 
     </span>
    </p>
   </div>
   <div class='ocr_carea' id='block_1_94' title="bbox 1967 3253 3556 3326">
    <p class='ocr_par' dir='ltr' id='par_1_94' title="bbox 1967 3253 3556 3326">
     <span class='ocr_line' id='line_1_94' title="bbox 1967 3253 3556 3326; baseline -0.003 -16"><span class='ocrx_word' id='word_1_733' title='bbox 1967 3266 2057 3326; x_wconf 86' lang='lat' dir='ltr'><strong>put</strong></span> <span class='ocrx_word' id='word_1_734' title='bbox 2086 3257 2154 3311; x_wconf 80' lang='lat'><strong>55</strong></span> <span class='ocrx_word' id='word_1_735' title='bbox 2186 3257 2226 3325; x_wconf 96' lang='lat'><strong>).</strong></span> <span class='ocrx_word' id='word_1_736' title='bbox 2253 3256 2406 3323; x_wconf 89' lang='lat' dir='ltr'><strong>Quia,</strong></span> <span class='ocrx_word' id='word_1_737' title='bbox 2439 3255 2627 3324; x_wconf 90' lang='lat' dir='ltr'><strong>inquit,</strong></span> <span class='ocrx_word' id='word_1_738' title='bbox 2660 3268 2753 3309; x_wconf 86' lang='lat' dir='ltr'><strong>eos</strong></span> <span class='ocrx_word' id='word_1_739' title='bbox 2778 3254 2866 3324; x_wconf 89' lang='lat' dir='ltr'><strong>qui</strong></span> <span class='ocrx_word' id='word_1_740' title='bbox 2895 3253 2983 3308; x_wconf 90' lang='lat' dir='ltr'><strong>hic</strong></span> <span class='ocrx_word' id='word_1_741' title='bbox 3012 3253 3248 3307; x_wconf 88' lang='lat' dir='ltr'><strong>habitant</strong></span> <span class='ocrx_word' id='word_1_742' title='bbox 3271 3254 3556 3317; x_wconf 77' lang='lat' dir='ltr'><strong>times,r.e--</strong></span> 
     </span>
    </p>
   </div>
   <div class='ocr_carea' id='block_1_95' title="bbox 1971 3344 3546 3415">
    <p class='ocr_par' dir='ltr' id='par_1_95' title="bbox 1971 3344 3546 3415">
     <span class='ocr_line' id='line_1_95' title="bbox 1971 3344 3546 3415; baseline -0.004 -12"><span class='ocrx_word' id='word_1_743' title='bbox 1971 3349 2106 3404; x_wconf 90' lang='lat' dir='ltr'><strong>cede</strong></span> <span class='ocrx_word' id='word_1_744' title='bbox 2136 3349 2280 3415; x_wconf 89' lang='lat' dir='ltr'><strong>hinc,</strong></span> <span class='ocrx_word' id='word_1_745' title='bbox 2311 3356 2366 3402; x_wconf 93' lang='lat' dir='ltr'><strong>et</strong></span> <span class='ocrx_word' id='word_1_746' title='bbox 2397 3348 2572 3401; x_wconf 80' lang='lat' dir='ltr'><strong>habita</strong></span> <span class='ocrx_word' id='word_1_747' title='bbox 2601 3348 2653 3400; x_wconf 91' lang='lat' dir='ltr'><strong>in</strong></span> <span class='ocrx_word' id='word_1_748' title='bbox 2675 3346 2896 3412; x_wconf 70' lang='lat' dir='ltr'><strong>Datthel,</strong></span> <span class='ocrx_word' id='word_1_749' title='bbox 2922 3345 2988 3398; x_wconf 88' lang='lat' dir='ltr'><strong>Et</strong></span> <span class='ocrx_word' id='word_1_750' title='bbox 3017 3345 3100 3414; x_wconf 88' lang='lat' dir='ltr'><strong>fac</strong></span> <span class='ocrx_word' id='word_1_751' title='bbox 3137 3346 3241 3398; x_wconf 88' lang='lat' dir='ltr'><strong>illic</strong></span> <span class='ocrx_word' id='word_1_752' title='bbox 3260 3345 3420 3398; x_wconf 86' lang='lat' dir='ltr'><strong>altare</strong></span> <span class='ocrx_word' id='word_1_753' title='bbox 3437 3344 3546 3397; x_wconf 83' lang='lat' dir='ltr'><strong>Do-</strong></span> 
     </span>
    </p>
   </div>
   <div class='ocr_carea' id='block_1_96' title="bbox 1971 3434 3549 3510">
    <p class='ocr_par' dir='ltr' id='par_1_96' title="bbox 1971 3434 3549 3510">
     <span class='ocr_line' id='line_1_96' title="bbox 1971 3434 3549 3510; baseline -0.004 -16"><span class='ocrx_word' id='word_1_754' title='bbox 1971 3442 2128 3503; x_wconf 90' lang='lat' dir='ltr'><strong>mino,</strong></span> <span class='ocrx_word' id='word_1_755' title='bbox 2156 3441 2243 3509; x_wconf 89' lang='lat' dir='ltr'><strong>qui</strong></span> <span class='ocrx_word' id='word_1_756' title='bbox 2267 3440 2502 3510; x_wconf 87' lang='lat' dir='ltr'><strong>apparuit</strong></span> <span class='ocrx_word' id='word_1_757' title='bbox 2524 3438 2611 3491; x_wconf 87' lang='lat' dir='ltr'><strong>tibi</strong></span> <span class='ocrx_word' id='word_1_758' title='bbox 2635 3454 2748 3490; x_wconf 89' lang='lat' dir='ltr'><strong>cum</strong></span> <span class='ocrx_word' id='word_1_759' title='bbox 2778 3441 2976 3508; x_wconf 85' lang='lat' dir='ltr'><strong>fugeres</strong></span> <span class='ocrx_word' id='word_1_760' title='bbox 2999 3452 3030 3488; x_wconf 92' lang='lat' dir='ltr'><strong>a</strong></span> <span class='ocrx_word' id='word_1_761' title='bbox 3053 3435 3182 3506; x_wconf 88' lang='lat' dir='ltr'><strong>facie</strong></span> <span class='ocrx_word' id='word_1_762' title='bbox 3208 3434 3347 3488; x_wconf 73' lang='lat' dir='ltr'><strong>Esau</strong></span> <span class='ocrx_word' id='word_1_763' title='bbox 3376 3435 3549 3506; x_wconf 77' lang='lat' dir='ltr'><strong>fratris</strong></span> 
     </span>
    </p>
   </div>
   <div class='ocr_carea' id='block_1_97' title="bbox 1973 3523 3548 3589">
    <p class='ocr_par' dir='ltr' id='par_1_97' title="bbox 1973 3523 3548 3589">
     <span class='ocr_line' id='line_1_97' title="bbox 1973 3523 3548 3589; baseline -0.006 -4"><span class='ocrx_word' id='word_1_764' title='bbox 1973 3533 2066 3585; x_wconf 91' lang='lat' dir='ltr'><strong>tui.</strong></span> <span class='ocrx_word' id='word_1_765' title='bbox 2091 3531 2147 3584; x_wconf 75' lang='lat'><strong>2.</strong></span> <span class='ocrx_word' id='word_1_766' title='bbox 2173 3529 2237 3582; x_wconf 87' lang='lat' dir='ltr'><strong>Et</strong></span> <span class='ocrx_word' id='word_1_767' title='bbox 2260 3530 2386 3582; x_wconf 79' lang='lat' dir='ltr'><strong>dixit</strong></span> <span class='ocrx_word' id='word_1_768' title='bbox 2408 3527 2574 3585; x_wconf 74' lang='lat' dir='ltr'><strong>Iacob,</strong></span> <span class='ocrx_word' id='word_1_769' title='bbox 2588 3528 2759 3580; x_wconf 87' lang='lat' dir='ltr'><strong>domui</strong></span> <span class='ocrx_word' id='word_1_770' title='bbox 2778 3542 2905 3589; x_wconf 64' lang='lat' dir='ltr'><strong>suae,</strong></span> <span class='ocrx_word' id='word_1_771' title='bbox 2935 3535 2982 3579; x_wconf 89' lang='lat' dir='ltr'><strong>et</strong></span> <span class='ocrx_word' id='word_1_772' title='bbox 3003 3525 3232 3578; x_wconf 89' lang='lat' dir='ltr'><strong>omnibus</strong></span> <span class='ocrx_word' id='word_1_773' title='bbox 3257 3526 3361 3578; x_wconf 82' lang='lat' dir='ltr'><strong>suis</strong></span> <span class='ocrx_word' id='word_1_774' title='bbox 3384 3540 3402 3577; x_wconf 90' lang='lat'><strong><em>:</em></strong></span> <span class='ocrx_word' id='word_1_775' title='bbox 3424 3523 3548 3577; x_wconf 87' lang='lat' dir='ltr'><strong>Tol-</strong></span> 
     </span>
    </p>
   </div>
   <div class='ocr_carea' id='block_1_98' title="bbox 1973 3616 3551 3686">
    <p class='ocr_par' dir='ltr' id='par_1_98' title="bbox 1973 3616 3551 3686">
     <span class='ocr_line' id='line_1_98' title="bbox 1973 3616 3551 3686; baseline -0.008 -10"><span class='ocrx_word' id='word_1_776' title='bbox 1973 3625 2061 3677; x_wconf 86' lang='lat' dir='ltr'><strong>lite</strong></span> <span class='ocrx_word' id='word_1_777' title='bbox 2089 3622 2208 3675; x_wconf 88' lang='lat' dir='ltr'><strong>deos</strong></span> <span class='ocrx_word' id='word_1_778' title='bbox 2227 3622 2416 3674; x_wconf 87' lang='lat' dir='ltr'><strong>alienos</strong></span> <span class='ocrx_word' id='word_1_779' title='bbox 2449 3636 2476 3672; x_wconf 91' lang='lat' dir='ltr'><strong>e</strong></span> <span class='ocrx_word' id='word_1_780' title='bbox 2505 3619 2670 3676; x_wconf 78' lang='lat' dir='ltr'><strong>medio</strong></span> <span class='ocrx_word' id='word_1_781' title='bbox 2701 3618 2870 3681; x_wconf 88' lang='lat' dir='ltr'><strong>vestri,</strong></span> <span class='ocrx_word' id='word_1_782' title='bbox 2892 3627 2938 3670; x_wconf 90' lang='lat' dir='ltr'><strong>ct</strong></span> <span class='ocrx_word' id='word_1_783' title='bbox 2965 3616 3325 3686; x_wconf 66' lang='lat' dir='ltr'><strong>puri/Scantini,</strong></span> <span class='ocrx_word' id='word_1_784' title='bbox 3355 3624 3401 3667; x_wconf 90' lang='lat' dir='ltr'><strong>et</strong></span> <span class='ocrx_word' id='word_1_785' title='bbox 3440 3631 3551 3665; x_wconf 86' lang='lat' dir='ltr'><strong>mu-</strong></span> 
     </span>
    </p>
   </div>
   <div class='ocr_carea' id='block_1_99' title="bbox 1977 3703 3548 3779">
    <p class='ocr_par' dir='ltr' id='par_1_99' title="bbox 1977 3703 3548 3779">
     <span class='ocr_line' id='line_1_99' title="bbox 1977 3703 3548 3779; baseline -0.009 -10"><span class='ocrx_word' id='word_1_786' title='bbox 1977 3726 2076 3769; x_wconf 77' lang='lat' dir='ltr'><strong>tate</strong></span> <span class='ocrx_word' id='word_1_787' title='bbox 2111 3715 2266 3769; x_wconf 88' lang='lat' dir='ltr'><strong>stolas</strong></span> <span class='ocrx_word' id='word_1_788' title='bbox 2293 3722 2510 3775; x_wconf 74' lang='lat' dir='ltr'><strong>vestras,</strong></span> <span class='ocrx_word' id='word_1_789' title='bbox 2533 3711 2586 3764; x_wconf 81' lang='lat'><strong>5.</strong></span> <span class='ocrx_word' id='word_1_790' title='bbox 2611 3720 2656 3763; x_wconf 90' lang='lat' dir='ltr'><strong>et</strong></span> <span class='ocrx_word' id='word_1_791' title='bbox 2686 3710 2874 3779; x_wconf 88' lang='lat' dir='ltr'><strong>surgite</strong></span> <span class='ocrx_word' id='word_1_792' title='bbox 2897 3752 2910 3772; x_wconf 90' lang='lat'><strong>,</strong></span> <span class='ocrx_word' id='word_1_793' title='bbox 2933 3719 2981 3760; x_wconf 89' lang='lat' dir='ltr'><strong>et</strong></span> <span class='ocrx_word' id='word_1_794' title='bbox 3011 3707 3340 3760; x_wconf 86' lang='lat' dir='ltr'><strong>ascendamus</strong></span> <span class='ocrx_word' id='word_1_795' title='bbox 3361 3706 3412 3756; x_wconf 88' lang='lat' dir='ltr'><strong>in</strong></span> <span class='ocrx_word' id='word_1_796' title='bbox 3428 3703 3548 3756; x_wconf 73' lang='lat' dir='ltr'><strong>Bm-</strong></span> 
     </span>
    </p>
   </div>
   <div class='ocr_carea' id='block_1_100' title="bbox 1977 3795 3544 3874">
    <p class='ocr_par' dir='ltr' id='par_1_100' title="bbox 1977 3795 3544 3874">
     <span class='ocr_line' id='line_1_100' title="bbox 1977 3795 3544 3874; baseline -0.01 -16"><span class='ocrx_word' id='word_1_797' title='bbox 1977 3806 2171 3870; x_wconf 49' lang='lat' dir='ltr'><strong>tltel,,et</strong></span> <span class='ocrx_word' id='word_1_798' title='bbox 2191 3804 2437 3874; x_wconf 85' lang='lat' dir='ltr'><strong>faciamus</strong></span> <span class='ocrx_word' id='word_1_799' title='bbox 2481 3799 2590 3852; x_wconf 86' lang='lat' dir='ltr'><strong>illic</strong></span> <span class='ocrx_word' id='word_1_800' title='bbox 2619 3799 2779 3850; x_wconf 90' lang='lat' dir='ltr'><strong>altare</strong></span> <span class='ocrx_word' id='word_1_801' title='bbox 2798 3796 3040 3860; x_wconf 88' lang='lat' dir='ltr'><strong>Domino,</strong></span> <span class='ocrx_word' id='word_1_802' title='bbox 3071 3796 3153 3864; x_wconf 90' lang='lat' dir='ltr'><strong>qui</strong></span> <span class='ocrx_word' id='word_1_803' title='bbox 3185 3795 3436 3848; x_wconf 78' lang='lat' dir='ltr'><strong>exaudivit</strong></span> <span class='ocrx_word' id='word_1_804' title='bbox 3467 3808 3544 3844; x_wconf 85' lang='lat' dir='ltr'><strong>me</strong></span> 
     </span>
    </p>
   </div>
   <div class='ocr_carea' id='block_1_101' title="bbox 1975 3883 3556 3966">
    <p class='ocr_par' dir='ltr' id='par_1_101' title="bbox 1975 3883 3556 3966">
     <span class='ocr_line' id='line_1_101' title="bbox 1975 3883 3556 3966; baseline -0.006 -18"><span class='ocrx_word' id='word_1_805' title='bbox 1975 3897 2030 3949; x_wconf 86' lang='lat' dir='ltr'><strong>in</strong></span> <span class='ocrx_word' id='word_1_806' title='bbox 2061 3897 2142 3948; x_wconf 85' lang='lat' dir='ltr'><strong>die</strong></span> <span class='ocrx_word' id='word_1_807' title='bbox 2183 3892 2483 3966; x_wconf 67' lang='lat' dir='ltr'><strong>afflictionis,</strong></span> <span class='ocrx_word' id='word_1_808' title='bbox 2515 3889 2599 3956; x_wconf 86' lang='lat' dir='ltr'><strong>qui</strong></span> <span class='ocrx_word' id='word_1_809' title='bbox 2628 3889 2723 3959; x_wconf 88' lang='lat' dir='ltr'><strong>fuit</strong></span> <span class='ocrx_word' id='word_1_810' title='bbox 2745 3903 2960 3952; x_wconf 86' lang='lat' dir='ltr'><strong>mecum,</strong></span> <span class='ocrx_word' id='word_1_811' title='bbox 2985 3896 3033 3940; x_wconf 91' lang='lat' dir='ltr'><strong>et</strong></span> <span class='ocrx_word' id='word_1_812' title='bbox 3055 3884 3262 3939; x_wconf 58' lang='lat' dir='ltr'><strong>salutavit</strong></span> <span class='ocrx_word' id='word_1_813' title='bbox 3289 3900 3366 3936; x_wconf 89' lang='lat' dir='ltr'><strong>me</strong></span> <span class='ocrx_word' id='word_1_814' title='bbox 3387 3885 3440 3936; x_wconf 88' lang='lat' dir='ltr'><strong>in</strong></span> <span class='ocrx_word' id='word_1_815' title='bbox 3469 3883 3556 3940; x_wconf 81' lang='lat' dir='ltr'><strong>via.</strong></span> 
     </span>
    </p>
   </div>
   <div class='ocr_carea' id='block_1_102' title="bbox 1977 3973 3554 4056">
    <p class='ocr_par' dir='ltr' id='par_1_102' title="bbox 1977 3973 3554 4056">
     <span class='ocr_line' id='line_1_102' title="bbox 1977 3973 3554 4056; baseline -0.008 -17"><span class='ocrx_word' id='word_1_816' title='bbox 1977 4003 2078 4056; x_wconf 88' lang='lat' dir='ltr'><strong>qua</strong></span> <span class='ocrx_word' id='word_1_817' title='bbox 2120 3982 2391 4037; x_wconf 87' lang='lat' dir='ltr'><strong>ambulavi.</strong></span> <span class='ocrx_word' id='word_1_818' title='bbox 2423 3979 2798 4033; x_wconf 79' lang='lat' dir='ltr'><strong>Animadverte</strong></span> <span class='ocrx_word' id='word_1_819' title='bbox 2829 3977 2913 4030; x_wconf 90' lang='lat' dir='ltr'><strong>hic</strong></span> <span class='ocrx_word' id='word_1_820' title='bbox 2945 3975 3072 4044; x_wconf 88' lang='lat' dir='ltr'><strong>justi</strong></span> <span class='ocrx_word' id='word_1_821' title='bbox 3106 3973 3461 4030; x_wconf 88' lang='lat' dir='ltr'><strong>obedientiam</strong></span> <span class='ocrx_word' id='word_1_822' title='bbox 3502 3985 3554 4026; x_wconf 91' lang='lat' dir='ltr'><strong>et</strong></span> 
     </span>
    </p>
   </div>
   <div class='ocr_carea' id='block_1_103' title="bbox 1980 4063 3546 4148">
    <p class='ocr_par' dir='ltr' id='par_1_103' title="bbox 1980 4063 3546 4148">
     <span class='ocr_line' id='line_1_103' title="bbox 1980 4063 3546 4148; baseline -0.01 -16"><span class='ocrx_word' id='word_1_823' title='bbox 1980 4080 2239 4148; x_wconf 88' lang='lat' dir='ltr'><strong>pietatem</strong></span> <span class='ocrx_word' id='word_1_824' title='bbox 2264 4076 2315 4128; x_wconf 93' lang='lat' dir='ltr'><strong>in</strong></span> <span class='ocrx_word' id='word_1_825' title='bbox 2347 4075 2530 4127; x_wconf 90' lang='lat' dir='ltr'><strong>Deum.</strong></span> <span class='ocrx_word' id='word_1_826' title='bbox 2561 4071 2694 4137; x_wconf 88' lang='lat' dir='ltr'><strong>Quia</strong></span> <span class='ocrx_word' id='word_1_827' title='bbox 2722 4068 2924 4122; x_wconf 90' lang='lat' dir='ltr'><strong>audivit</strong></span> <span class='ocrx_word' id='word_1_828' title='bbox 2949 4084 2962 4120; x_wconf 93' lang='lat'><strong>:</strong></span> <span class='ocrx_word' id='word_1_829' title='bbox 2987 4065 3215 4119; x_wconf 83' lang='lat' dir='ltr'><strong>Ascende</strong></span> <span class='ocrx_word' id='word_1_830' title='bbox 3258 4065 3312 4119; x_wconf 89' lang='lat' dir='ltr'><strong>in</strong></span> <span class='ocrx_word' id='word_1_831' title='bbox 3333 4063 3546 4124; x_wconf 73' lang='lat' dir='ltr'><strong>Etet/iet,</strong></span> 
     </span>
    </p>
   </div>
   <div class='ocr_carea' id='block_1_104' title="bbox 1981 4156 3560 4240">
    <p class='ocr_par' dir='ltr' id='par_1_104' title="bbox 1981 4156 3560 4240">
     <span class='ocr_line' id='line_1_104' title="bbox 1981 4156 3560 4240; baseline -0.011 -17"><span class='ocrx_word' id='word_1_832' title='bbox 1981 4181 2026 4223; x_wconf 91' lang='lat' dir='ltr'><strong>et</strong></span> <span class='ocrx_word' id='word_1_833' title='bbox 2053 4173 2134 4240; x_wconf 84' lang='lat' dir='ltr'><strong>fac</strong></span> <span class='ocrx_word' id='word_1_834' title='bbox 2178 4168 2336 4220; x_wconf 87' lang='lat' dir='ltr'><strong>altare</strong></span> <span class='ocrx_word' id='word_1_835' title='bbox 2369 4181 2386 4218; x_wconf 92' lang='lat'><em>:</em></span> <span class='ocrx_word' id='word_1_836' title='bbox 2416 4163 2648 4225; x_wconf 85' lang='lat' dir='ltr'><strong>vocatis,</strong></span> <span class='ocrx_word' id='word_1_837' title='bbox 2681 4161 2881 4230; x_wconf 91' lang='lat' dir='ltr'><strong>inquit,</strong></span> <span class='ocrx_word' id='word_1_838' title='bbox 2914 4158 3169 4213; x_wconf 83' lang='lat' dir='ltr'><strong>omnibus</strong></span> <span class='ocrx_word' id='word_1_839' title='bbox 3203 4157 3348 4220; x_wconf 92' lang='lat' dir='ltr'><strong>suis,</strong></span> <span class='ocrx_word' id='word_1_840' title='bbox 3373 4156 3560 4222; x_wconf 60' lang='lat' dir='ltr'><strong>dixit,</strong></span> 
     </span>
    </p>
   </div>
   <div class='ocr_carea' id='block_1_105' title="bbox 1982 4249 3555 4325">
    <p class='ocr_par' dir='ltr' id='par_1_105' title="bbox 1982 4249 3555 4325">
     <span class='ocr_line' id='line_1_105' title="bbox 1982 4249 3555 4325; baseline -0.01 -9"><span class='ocrx_word' id='word_1_841' title='bbox 1982 4263 2166 4316; x_wconf 86' lang='lat' dir='ltr'><strong>Tollite</strong></span> <span class='ocrx_word' id='word_1_842' title='bbox 2195 4261 2334 4313; x_wconf 88' lang='lat' dir='ltr'><strong>deos.</strong></span> <span class='ocrx_word' id='word_1_843' title='bbox 2389 4257 2582 4325; x_wconf 90' lang='lat' dir='ltr'><strong>Quales</strong></span> <span class='ocrx_word' id='word_1_844' title='bbox 2604 4297 2618 4320; x_wconf 92' lang='lat'><strong>,</strong></span> <span class='ocrx_word' id='word_1_845' title='bbox 2643 4255 2835 4309; x_wconf 83' lang='lat' dir='ltr'><strong>dixerit</strong></span> <span class='ocrx_word' id='word_1_846' title='bbox 2875 4252 2995 4322; x_wconf 88' lang='lat' dir='ltr'><strong>quis</strong></span> <span class='ocrx_word' id='word_1_847' title='bbox 3014 4293 3029 4316; x_wconf 94' lang='lat'><strong>,</strong></span> <span class='ocrx_word' id='word_1_848' title='bbox 3057 4249 3190 4306; x_wconf 90' lang='lat' dir='ltr'><strong>deos</strong></span> <span class='ocrx_word' id='word_1_849' title='bbox 3206 4249 3229 4301; x_wconf 88' lang='lat'><strong>?</strong></span> <span class='ocrx_word' id='word_1_850' title='bbox 3287 4249 3555 4317; x_wconf 75' lang='lat' dir='ltr'><strong>Nusquam</strong></span> 
     </span>
    </p>
   </div>
   <div class='ocr_carea' id='block_1_106' title="bbox 1984 4340 3560 4418">
    <p class='ocr_par' dir='ltr' id='par_1_106' title="bbox 1984 4340 3560 4418">
     <span class='ocr_line' id='line_1_106' title="bbox 1984 4340 3560 4418; baseline -0.011 -9"><span class='ocrx_word' id='word_1_851' title='bbox 1984 4355 2128 4409; x_wconf 90' lang='lat' dir='ltr'><strong>enim</strong></span> <span class='ocrx_word' id='word_1_852' title='bbox 2157 4353 2397 4406; x_wconf 78' lang='lat' dir='ltr'><strong>videmus</strong></span> <span class='ocrx_word' id='word_1_853' title='bbox 2425 4350 2598 4418; x_wconf 89' lang='lat' dir='ltr'><strong>ipsum</strong></span> <span class='ocrx_word' id='word_1_854' title='bbox 2626 4345 2876 4400; x_wconf 89' lang='lat' dir='ltr'><strong>habuisse</strong></span> <span class='ocrx_word' id='word_1_855' title='bbox 2912 4343 3040 4398; x_wconf 91' lang='lat' dir='ltr'><strong>deos</strong></span> <span class='ocrx_word' id='word_1_856' title='bbox 3082 4359 3095 4394; x_wconf 92' lang='lat'>:</span> <span class='ocrx_word' id='word_1_857' title='bbox 3137 4341 3204 4395; x_wconf 88' lang='lat' dir='ltr'><strong>ab</strong></span> <span class='ocrx_word' id='word_1_858' title='bbox 3240 4341 3388 4393; x_wconf 89' lang='lat' dir='ltr'><strong>initio</strong></span> <span class='ocrx_word' id='word_1_859' title='bbox 3418 4340 3560 4392; x_wconf 91' lang='lat' dir='ltr'><strong>enim</strong></span> 
     </span>
    </p>
   </div>
   <div class='ocr_carea' id='block_1_107' title="bbox 1987 4429 3558 4509">
    <p class='ocr_par' dir='ltr' id='par_1_107' title="bbox 1987 4429 3558 4509">
     <span class='ocr_line' id='line_1_107' title="bbox 1987 4429 3558 4509; baseline -0.013 -8"><span class='ocrx_word' id='word_1_860' title='bbox 1987 4447 2084 4500; x_wconf 89' lang='lat' dir='ltr'><strong>Dei</strong></span> <span class='ocrx_word' id='word_1_861' title='bbox 2115 4445 2289 4499; x_wconf 90' lang='lat' dir='ltr'><strong>cultor</strong></span> <span class='ocrx_word' id='word_1_862' title='bbox 2319 4441 2419 4495; x_wconf 90' lang='lat' dir='ltr'><strong>fuit</strong></span> <span class='ocrx_word' id='word_1_863' title='bbox 2441 4441 2637 4509; x_wconf 85' lang='lat' dir='ltr'><strong>justus.</strong></span> <span class='ocrx_word' id='word_1_864' title='bbox 2684 4434 3001 4505; x_wconf 84' lang='lat' dir='ltr'><strong>Sigttificans</strong></span> <span class='ocrx_word' id='word_1_865' title='bbox 3032 4431 3321 4486; x_wconf 86' lang='lat' dir='ltr'><strong>fortedeos</strong></span> <span class='ocrx_word' id='word_1_866' title='bbox 3355 4429 3558 4488; x_wconf 83' lang='lat' dir='ltr'><strong>Laban,</strong></span> 
     </span>
    </p>
   </div>
   <div class='ocr_carea' id='block_1_108' title="bbox 1988 4521 3565 4606">
    <p class='ocr_par' dir='ltr' id='par_1_108' title="bbox 1988 4521 3565 4606">
     <span class='ocr_line' id='line_1_108' title="bbox 1988 4521 3565 4606; baseline -0.01 -17"><span class='ocrx_word' id='word_1_867' title='bbox 1988 4553 2122 4606; x_wconf 86' lang='lat' dir='ltr'><strong>quos</strong></span> <span class='ocrx_word' id='word_1_868' title='bbox 2149 4533 2349 4589; x_wconf 77' lang='lat' dir='ltr'><strong>Rachel</strong></span> <span class='ocrx_word' id='word_1_869' title='bbox 2376 4532 2730 4592; x_wconf 77' lang='lat' dir='ltr'><strong>subtraxerat,</strong></span> <span class='ocrx_word' id='word_1_870' title='bbox 2762 4527 2880 4581; x_wconf 92' lang='lat' dir='ltr'><strong>ideo</strong></span> <span class='ocrx_word' id='word_1_871' title='bbox 2905 4525 3064 4579; x_wconf 78' lang='lat' dir='ltr'><strong>dixit:</strong></span> <span class='ocrx_word' id='word_1_872' title='bbox 3095 4523 3355 4591; x_wconf 89' lang='lat' dir='ltr'><strong>Quoniam</strong></span> <span class='ocrx_word' id='word_1_873' title='bbox 3370 4521 3565 4590; x_wconf 80' lang='lat' dir='ltr'><strong>gratias</strong></span> 
     </span>
    </p>
   </div>
   <div class='ocr_carea' id='block_1_109' title="bbox 1992 4612 3561 4688">
    <p class='ocr_par' dir='ltr' id='par_1_109' title="bbox 1992 4612 3561 4688">
     <span class='ocr_line' id='line_1_109' title="bbox 1992 4612 3561 4688; baseline -0.012 -6"><span class='ocrx_word' id='word_1_874' title='bbox 1992 4629 2160 4683; x_wconf 86' lang='lat' dir='ltr'><strong>acturi</strong></span> <span class='ocrx_word' id='word_1_875' title='bbox 2190 4641 2373 4680; x_wconf 88' lang='lat' dir='ltr'><strong>sumus</strong></span> <span class='ocrx_word' id='word_1_876' title='bbox 2396 4638 2523 4677; x_wconf 88' lang='lat' dir='ltr'><strong>vero</strong></span> <span class='ocrx_word' id='word_1_877' title='bbox 2563 4622 2672 4674; x_wconf 92' lang='lat' dir='ltr'><strong>Deo</strong></span> <span class='ocrx_word' id='word_1_878' title='bbox 2697 4661 2710 4684; x_wconf 89' lang='lat'><strong>,</strong></span> <span class='ocrx_word' id='word_1_879' title='bbox 2744 4618 2832 4688; x_wconf 90' lang='lat' dir='ltr'><strong>qui</strong></span> <span class='ocrx_word' id='word_1_880' title='bbox 2862 4632 3072 4686; x_wconf 88' lang='lat' dir='ltr'><strong>semper</strong></span> <span class='ocrx_word' id='word_1_881' title='bbox 3100 4624 3300 4667; x_wconf 86' lang='lat' dir='ltr'><strong>tantam</strong></span> <span class='ocrx_word' id='word_1_882' title='bbox 3339 4612 3443 4666; x_wconf 91' lang='lat' dir='ltr'><strong>mei</strong></span> <span class='ocrx_word' id='word_1_883' title='bbox 3467 4626 3561 4665; x_wconf 91' lang='lat' dir='ltr'><strong>cu-</strong></span> 
     </span>
    </p>
   </div>
   <div class='ocr_carea' id='block_1_110' title="bbox 1993 4701 3566 4788">
    <p class='ocr_par' dir='ltr' id='par_1_110' title="bbox 1993 4701 3566 4788">
     <span class='ocr_line' id='line_1_110' title="bbox 1993 4701 3566 4788; baseline -0.013 -14"><span class='ocrx_word' id='word_1_884' title='bbox 1993 4735 2109 4774; x_wconf 90' lang='lat' dir='ltr'><strong>ram</strong></span> <span class='ocrx_word' id='word_1_885' title='bbox 2133 4715 2550 4788; x_wconf 55' lang='lat' dir='ltr'><strong>gessit,.auferte</strong></span> <span class='ocrx_word' id='word_1_886' title='bbox 2577 4712 2621 4765; x_wconf 90' lang='lat' dir='ltr'><strong>si</strong></span> <span class='ocrx_word' id='word_1_887' title='bbox 2651 4726 2753 4780; x_wconf 90' lang='lat' dir='ltr'><strong>qua</strong></span> <span class='ocrx_word' id='word_1_888' title='bbox 2781 4719 2904 4763; x_wconf 91' lang='lat' dir='ltr'><strong>sunt</strong></span> <span class='ocrx_word' id='word_1_889' title='bbox 2930 4709 2982 4761; x_wconf 90' lang='lat' dir='ltr'><strong>in</strong></span> <span class='ocrx_word' id='word_1_890' title='bbox 3007 4707 3157 4760; x_wconf 88' lang='lat' dir='ltr'><strong>vobis</strong></span> <span class='ocrx_word' id='word_1_891' title='bbox 3186 4705 3348 4766; x_wconf 90' lang='lat' dir='ltr'><strong>idola,</strong></span> <span class='ocrx_word' id='word_1_892' title='bbox 3380 4701 3444 4754; x_wconf 88' lang='lat' dir='ltr'><strong>Et</strong></span> <span class='ocrx_word' id='word_1_893' title='bbox 3473 4718 3566 4769; x_wconf 82' lang='lat' dir='ltr'><strong>pa.-</strong></span> 
     </span>
    </p>
   </div>
   <div class='ocr_carea' id='block_1_111' title="bbox 1995 4793 3567 4882">
    <p class='ocr_par' dir='ltr' id='par_1_111' title="bbox 1995 4793 3567 4882">
     <span class='ocr_line' id='line_1_111' title="bbox 1995 4793 3567 4882; baseline -0.015 -16"><span class='ocrx_word' id='word_1_894' title='bbox 1995 4809 2284 4882; x_wconf 79' lang='lat' dir='ltr'><strong>riﬁcamini,</strong></span> <span class='ocrx_word' id='word_1_895' title='bbox 2311 4816 2354 4862; x_wconf 91' lang='lat' dir='ltr'><strong>et</strong></span> <span class='ocrx_word' id='word_1_896' title='bbox 2381 4813 2571 4859; x_wconf 88' lang='lat' dir='ltr'><strong>mutate</strong></span> <span class='ocrx_word' id='word_1_897' title='bbox 2596 4802 2750 4858; x_wconf 87' lang='lat' dir='ltr'><strong>stolas</strong></span> <span class='ocrx_word' id='word_1_898' title='bbox 2780 4810 2986 4861; x_wconf 72' lang='lat' dir='ltr'><strong>vestras,</strong></span> <span class='ocrx_word' id='word_1_899' title='bbox 3018 4808 3072 4852; x_wconf 87' lang='lat' dir='ltr'><strong>et</strong></span> <span class='ocrx_word' id='word_1_900' title='bbox 3100 4797 3176 4849; x_wconf 92' lang='lat' dir='ltr'><strong>sic</strong></span> <span class='ocrx_word' id='word_1_901' title='bbox 3203 4795 3268 4847; x_wconf 93' lang='lat' dir='ltr'><strong>ad</strong></span> <span class='ocrx_word' id='word_1_902' title='bbox 3298 4793 3567 4848; x_wconf 88' lang='lat' dir='ltr'><strong>civitatem</strong></span> 
     </span>
    </p>
   </div>
   <div class='ocr_carea' id='block_1_112' title="bbox 1998 4882 3564 4972">
    <p class='ocr_par' dir='ltr' id='par_1_112' title="bbox 1998 4882 3564 4972">
     <span class='ocr_line' id='line_1_112' title="bbox 1998 4882 3564 4972; baseline -0.014 -20"><span class='ocrx_word' id='word_1_903' title='bbox 1998 4915 2310 4972; x_wconf 84' lang='lat' dir='ltr'><strong>pergemus,</strong></span> <span class='ocrx_word' id='word_1_904' title='bbox 2341 4906 2396 4951; x_wconf 90' lang='lat' dir='ltr'><strong>et</strong></span> <span class='ocrx_word' id='word_1_905' title='bbox 2449 4896 2594 4948; x_wconf 83' lang='lat' dir='ltr'><strong>intus</strong></span> <span class='ocrx_word' id='word_1_906' title='bbox 2641 4900 2694 4945; x_wconf 91' lang='lat' dir='ltr'><strong>et</strong></span> <span class='ocrx_word' id='word_1_907' title='bbox 2745 4890 2873 4943; x_wconf 87' lang='lat' dir='ltr'><strong>foris</strong></span> <span class='ocrx_word' id='word_1_908' title='bbox 2928 4886 3165 4942; x_wconf 78' lang='lat' dir='ltr'><strong>mundati</strong></span> <span class='ocrx_word' id='word_1_909' title='bbox 3212 4882 3564 4936; x_wconf 75' lang='lat' dir='ltr'><strong>simul&#39;ib‘iti‘s.</strong></span> 
     </span>
    </p>
   </div>
   <div class='ocr_carea' id='block_1_113' title="bbox 1999 4970 3569 5049">
    <p class='ocr_par' dir='ltr' id='par_1_113' title="bbox 1999 4970 3569 5049">
     <span class='ocr_line' id='line_1_113' title="bbox 1999 4970 3569 5049; baseline -0.016 -1"><span class='ocrx_word' id='word_1_910' title='bbox 1999 4993 2114 5049; x_wconf 78' lang='lat' dir='ltr'><strong>Non</strong></span> <span class='ocrx_word' id='word_1_911' title='bbox 2146 4992 2319 5045; x_wconf 92' lang='lat' dir='ltr'><strong>solum</strong></span> <span class='ocrx_word' id='word_1_912' title='bbox 2345 4987 2570 5041; x_wconf 87' lang='lat' dir='ltr'><strong>vestium</strong></span> <span class='ocrx_word' id='word_1_913' title='bbox 2613 4984 2785 5035; x_wconf 92' lang='lat' dir='ltr'><strong>nitore</strong></span> <span class='ocrx_word' id='word_1_914' title='bbox 2814 4980 3098 5048; x_wconf 87' lang='lat' dir='ltr'><strong>puritatem</strong></span> <span class='ocrx_word' id='word_1_915' title='bbox 3137 4975 3405 5042; x_wconf 23' lang='lat' dir='ltr'><strong>.d&#39;celarate</strong></span> <span class='ocrx_word' id='word_1_916' title='bbox 3426 5011 3440 5033; x_wconf 87' lang='lat'><strong>,</strong></span> <span class='ocrx_word' id='word_1_917' title='bbox 3474 4970 3569 5024; x_wconf 85' lang='lat' dir='ltr'><strong>sed</strong></span> 
     </span>
    </p>
   </div>
   <div class='ocr_carea' id='block_1_114' title="bbox 2002 5062 3576 5152">
    <p class='ocr_par' dir='ltr' id='par_1_114' title="bbox 2002 5062 3576 5152">
     <span class='ocr_line' id='line_1_114' title="bbox 2002 5062 3576 5152; baseline -0.018 -10"><span class='ocrx_word' id='word_1_918' title='bbox 2002 5102 2122 5142; x_wconf 88' lang='lat' dir='ltr'><strong>cum</strong></span> <span class='ocrx_word' id='word_1_919' title='bbox 2157 5081 2456 5152; x_wconf 88' lang='lat' dir='ltr'><strong>abjectionc</strong></span> <span class='ocrx_word' id='word_1_920' title='bbox 2501 5076 2762 5130; x_wconf 87' lang='lat' dir='ltr'><strong>idolorum</strong></span> <span class='ocrx_word' id='word_1_921' title='bbox 2822 5067 3112 5139; x_wconf 82' lang='lat' dir='ltr'><strong>purificatis</strong></span> <span class='ocrx_word' id='word_1_922' title='bbox 3171 5062 3576 5133; x_wconf 76' lang='lat' dir='ltr'><strong>cogitationibus</strong></span> 
     </span>
    </p>
   </div>
   <div class='ocr_carea' id='block_1_115' title="bbox 2002 5153 3577 5234">
    <p class='ocr_par' dir='ltr' id='par_1_115' title="bbox 2002 5153 3577 5234">
     <span class='ocr_line' id='line_1_115' title="bbox 2002 5153 3577 5234; baseline -0.02 0"><span class='ocrx_word' id='word_1_923' title='bbox 2002 5178 2194 5234; x_wconf 90' lang='lat' dir='ltr'><strong>mentis</strong></span> <span class='ocrx_word' id='word_1_924' title='bbox 2237 5171 2587 5228; x_wconf 88' lang='lat' dir='ltr'><strong>ascendamus</strong></span> <span class='ocrx_word' id='word_1_925' title='bbox 2625 5165 2690 5219; x_wconf 89' lang='lat' dir='ltr'><strong>ad</strong></span> <span class='ocrx_word' id='word_1_926' title='bbox 2724 5162 2950 5218; x_wconf 80' lang='lat' dir='ltr'><strong>Baetth</strong></span> <span class='ocrx_word' id='word_1_927' title='bbox 2974 5162 3029 5215; x_wconf 73' lang='grc'><strong>4.</strong></span> <span class='ocrx_word' id='word_1_928' title='bbox 3079 5159 3140 5211; x_wconf 83' lang='lat' dir='ltr'><strong>Et</strong></span> <span class='ocrx_word' id='word_1_929' title='bbox 3169 5156 3446 5217; x_wconf 86' lang='lat' dir='ltr'><strong>dederunt,</strong></span> <span class='ocrx_word' id='word_1_930' title='bbox 3494 5153 3577 5204; x_wconf 93' lang='lat' dir='ltr'><strong>in-</strong></span> 
     </span>
    </p>
   </div>
   <div class='ocr_carea' id='block_1_116' title="bbox 2005 5246 3580 5336">
    <p class='ocr_par' dir='ltr' id='par_1_116' title="bbox 2005 5246 3580 5336">
     <span class='ocr_line' id='line_1_116' title="bbox 2005 5246 3580 5336; baseline -0.021 -11"><span class='ocrx_word' id='word_1_931' title='bbox 2005 5270 2140 5336; x_wconf 89' lang='lat' dir='ltr'><strong>quit,</strong></span> <span class='ocrx_word' id='word_1_932' title='bbox 2170 5264 2465 5319; x_wconf 80' lang='lat' dir='ltr'><strong>Jacob&#39;deos</strong></span> <span class='ocrx_word' id='word_1_933' title='bbox 2491 5260 2680 5312; x_wconf 88' lang='lat' dir='ltr'><strong>alienos</strong></span> <span class='ocrx_word' id='word_1_934' title='bbox 2706 5256 2834 5324; x_wconf 91' lang='lat' dir='ltr'><strong>(non</strong></span> <span class='ocrx_word' id='word_1_935' title='bbox 2869 5253 3011 5306; x_wconf 91' lang='lat' dir='ltr'><strong>enim</strong></span> <span class='ocrx_word' id='word_1_936' title='bbox 3035 5256 3185 5304; x_wconf 80' lang='lat' dir='ltr'><strong>erant</strong></span> <span class='ocrx_word' id='word_1_937' title='bbox 3211 5246 3503 5315; x_wconf 85' lang='lat' dir='ltr'><strong>ipsorum),</strong></span> <span class='ocrx_word' id='word_1_938' title='bbox 3531 5251 3580 5293; x_wconf 89' lang='lat' dir='ltr'><strong>et</strong></span> 
     </span>
    </p>
   </div>
   <div class='ocr_carea' id='block_1_117' title="bbox 2007 5332 3581 5423">
    <p class='ocr_par' dir='ltr' id='par_1_117' title="bbox 2007 5332 3581 5423">
     <span class='ocr_line' id='line_1_117' title="bbox 2007 5332 3581 5423; baseline -0.02 -9"><span class='ocrx_word' id='word_1_939' title='bbox 2007 5363 2208 5414; x_wconf 81' lang='lat' dir='ltr'><strong>inaures</strong></span> <span class='ocrx_word' id='word_1_940' title='bbox 2250 5370 2362 5423; x_wconf 74' lang='lat' dir='ltr'><strong>qua:</strong></span> <span class='ocrx_word' id='word_1_941' title='bbox 2401 5353 2454 5403; x_wconf 83' lang='lat' dir='ltr'><strong>in</strong></span> <span class='ocrx_word' id='word_1_942' title='bbox 2507 5347 2710 5401; x_wconf 88' lang='lat' dir='ltr'><strong>auribus</strong></span> <span class='ocrx_word' id='word_1_943' title='bbox 2751 5359 2940 5400; x_wconf 89' lang='lat' dir='ltr'><strong>eorum.</strong></span> <span class='ocrx_word' id='word_1_944' title='bbox 2970 5340 3129 5394; x_wconf 88' lang='lat' dir='ltr'><strong>Forte</strong></span> <span class='ocrx_word' id='word_1_945' title='bbox 3170 5337 3313 5392; x_wconf 88' lang='lat' dir='ltr'><strong>enim</strong></span> <span class='ocrx_word' id='word_1_946' title='bbox 3363 5343 3417 5388; x_wconf 86' lang='lat' dir='ltr'><strong>et</strong></span> <span class='ocrx_word' id='word_1_947' title='bbox 3467 5332 3581 5384; x_wconf 75' lang='lat' dir='ltr'><strong>hmc</strong></span> 
     </span>
    </p>
   </div>
   <div class='ocr_carea' id='block_1_118' title="bbox 2009 5422 3583 5520">
    <p class='ocr_par' dir='ltr' id='par_1_118' title="bbox 2009 5422 3583 5520">
     <span class='ocr_line' id='line_1_118' title="bbox 2009 5422 3583 5520; baseline -0.021 -16"><span class='ocrx_word' id='word_1_948' title='bbox 2009 5453 2155 5520; x_wconf 80' lang='lat' dir='ltr'><strong>signa</strong></span> <span class='ocrx_word' id='word_1_949' title='bbox 2191 5445 2432 5515; x_wconf 62' lang='lat' dir='ltr'><strong>quietiam</strong></span> <span class='ocrx_word' id='word_1_950' title='bbox 2452 5449 2602 5494; x_wconf 88' lang='lat' dir='ltr'><strong>erant</strong></span> <span class='ocrx_word' id='word_1_951' title='bbox 2629 5438 2849 5490; x_wconf 90' lang='lat' dir='ltr'><strong>istorum</strong></span> <span class='ocrx_word' id='word_1_952' title='bbox 2887 5431 3183 5490; x_wconf 86' lang='lat' dir='ltr'><strong>idolorum,</strong></span> <span class='ocrx_word' id='word_1_953' title='bbox 3234 5426 3353 5479; x_wconf 91' lang='lat' dir='ltr'><strong>ideo</strong></span> <span class='ocrx_word' id='word_1_954' title='bbox 3381 5433 3434 5477; x_wconf 92' lang='lat' dir='ltr'><strong>et</strong></span> <span class='ocrx_word' id='word_1_955' title='bbox 3470 5422 3583 5472; x_wconf 75' lang='lat' dir='ltr'><strong>iure</strong></span> 
     </span>
    </p>
   </div>
   <div class='ocr_carea' id='block_1_119' title="bbox 2011 5515 3579 5593">
    <p class='ocr_par' dir='ltr' id='par_1_119' title="bbox 2011 5515 3579 5593">
     <span class='ocr_line' id='line_1_119' title="bbox 2011 5515 3579 5593; baseline -0.018 -2"><span class='ocrx_word' id='word_1_956' title='bbox 2011 5515 2132 5593; x_wconf 75' lang='lat' dir='ltr'><strong>etim</strong></span> <span class='ocrx_word' id='word_1_957' title='bbox 2158 5538 2258 5590; x_wconf 88' lang='lat' dir='ltr'><strong>diis</strong></span> <span class='ocrx_word' id='word_1_958' title='bbox 2299 5536 2527 5587; x_wconf 80' lang='lat' dir='ltr'><strong>afferunt</strong></span> <span class='ocrx_word' id='word_1_959' title='bbox 2554 5527 2739 5583; x_wconf 85' lang='lat' dir='ltr'><strong>Jacob.</strong></span> <span class='ocrx_word' id='word_1_960' title='bbox 2771 5523 2832 5576; x_wconf 87' lang='lat' dir='ltr'><strong>Et</strong></span> <span class='ocrx_word' id='word_1_961' title='bbox 2861 5519 3121 5574; x_wconf 87' lang='lat' dir='ltr'><strong>abscondit</strong></span> <span class='ocrx_word' id='word_1_962' title='bbox 3163 5533 3222 5570; x_wconf 89' lang='lat' dir='ltr'><strong>ea</strong></span> <span class='ocrx_word' id='word_1_963' title='bbox 3255 5515 3423 5568; x_wconf 89' lang='lat' dir='ltr'><strong>subter</strong></span> <span class='ocrx_word' id='word_1_964' title='bbox 3454 5522 3579 5564; x_wconf 80' lang='lat' dir='ltr'><strong>tere-</strong></span> 
     </span>
    </p>
   </div>
   <div class='ocr_carea' id='block_1_120' title="bbox 2015 5606 3583 5684">
    <p class='ocr_par' dir='ltr' id='par_1_120' title="bbox 2015 5606 3583 5684">
     <span class='ocr_line' id='line_1_120' title="bbox 2015 5606 3583 5684; baseline -0.021 0"><span class='ocrx_word' id='word_1_965' title='bbox 2015 5630 2240 5684; x_wconf 86' lang='lat' dir='ltr'><strong>binthum</strong></span> <span class='ocrx_word' id='word_1_966' title='bbox 2265 5628 2318 5677; x_wconf 87' lang='lat' dir='ltr'><strong>in</strong></span> <span class='ocrx_word' id='word_1_967' title='bbox 2345 5621 2575 5684; x_wconf 80' lang='lat' dir='ltr'><strong>Scrimis,</strong></span> <span class='ocrx_word' id='word_1_968' title='bbox 2617 5627 2662 5670; x_wconf 84' lang='lat' dir='ltr'><strong>et</strong></span> <span class='ocrx_word' id='word_1_969' title='bbox 2693 5611 2911 5684; x_wconf 83' lang='lat' dir='ltr'><strong>perdidit</strong></span> <span class='ocrx_word' id='word_1_970' title='bbox 2936 5626 2994 5662; x_wconf 88' lang='lat' dir='ltr'><strong>ea</strong></span> <span class='ocrx_word' id='word_1_971' title='bbox 3022 5623 3176 5677; x_wconf 84' lang='lat' dir='ltr'><strong>usque</strong></span> <span class='ocrx_word' id='word_1_972' title='bbox 3211 5606 3263 5659; x_wconf 82' lang='lat' dir='ltr'><strong>in</strong></span> <span class='ocrx_word' id='word_1_973' title='bbox 3293 5611 3583 5674; x_wconf 71' lang='lat' dir='ltr'><strong>prarsentem</strong></span> 
     </span>
    </p>
   </div>
   <div class='ocr_carea' id='block_1_121' title="bbox 2026 5693 3586 5777">
    <p class='ocr_par' dir='ltr' id='par_1_121' title="bbox 2026 5693 3586 5777">
     <span class='ocr_line' id='line_1_121' title="bbox 2026 5693 3586 5777; baseline -0.021 -2"><span class='ocrx_word' id='word_1_974' title='bbox 2026 5721 2176 5774; x_wconf 84' lang='lat' dir='ltr'><strong>diem.</strong></span> <span class='ocrx_word' id='word_1_975' title='bbox 2204 5713 2491 5775; x_wconf 82' lang='lat' dir='ltr'><strong>Abscondil,</strong></span> <span class='ocrx_word' id='word_1_976' title='bbox 2524 5707 2710 5777; x_wconf 88' lang='lat' dir='ltr'><strong>inquit,</strong></span> <span class='ocrx_word' id='word_1_977' title='bbox 2744 5720 2821 5768; x_wconf 87' lang='lat' dir='ltr'><strong>ea,</strong></span> <span class='ocrx_word' id='word_1_978' title='bbox 2854 5711 2899 5756; x_wconf 89' lang='lat' dir='ltr'><strong>et</strong></span> <span class='ocrx_word' id='word_1_979' title='bbox 2929 5697 3180 5768; x_wconf 87' lang='lat' dir='ltr'><strong>perdidit,</strong></span> <span class='ocrx_word' id='word_1_980' title='bbox 3214 5703 3272 5748; x_wconf 84' lang='lat' dir='ltr'><strong>ut</strong></span> <span class='ocrx_word' id='word_1_981' title='bbox 3305 5693 3404 5762; x_wconf 84' lang='lat' dir='ltr'><strong>ipsi</strong></span> <span class='ocrx_word' id='word_1_982' title='bbox 3434 5705 3586 5746; x_wconf 86' lang='lat' dir='ltr'><strong>erro-</strong></span> 
     </span>
    </p>
   </div>
  </div>
