4038 6358
455 288 563 343 319
1180 292 1237 347 S.
1278 292 1559 348 JOANNIS
1596 294 2071 351 CHRYSOSTOMI
2110 296 2431 355 ARCHIEP.
2473 300 3009 362 CONSTANTINOP.

455 400 533 457 ris
568 402 705 457 servi
736 418 975 459 errorem
1003 402 1316 474 eli'ugerent,
1347 417 1399 459 et
1436 408 1613 460 nullus
1638 408 1799 461 etiam
1826 408 1960 461 alius
1987 425 2050 463 cx

467 500 480 553 i
504 512 531 551 s
555 495 807 549 damnum
835 496 1099 564 acciperet
1127 498 1364 565 posthac.
1396 497 1460 551 Et
1487 514 1607 552 cum
1631 497 1746 553 haec
1771 502 1947 553 onmia
1977 500 2058 553 fe-

456 591 635 647 cisset
660 589 857 657 justus,
884 590 937 643 5.
973 590 1128 651 Abiit,
1170 590 1363 659 inquit,
1392 608 1422 643 a
1448 592 1681 655 Secimis,
1706 602 1758 645 et
1785 594 2060 647 contendit

464 679 528 734 ~d
552 680 773 733 Baethcl.
804 680 1001 734 lterum
1033 680 1119 734 hic
1163 682 1380 736 attende
1425 692 1683 750 quantam
1727 684 1845 752 ejus
1873 700 2056 738 curam

467 770 712 824 imbuerit
733 772 890 834 Deus,
913 782 965 825 et
986 788 1147 842 quam
1170 772 1736 843 diligetttchcriptura
1761 792 1858 829 nos
1880 779 2055 830 omnia

472 864 682 918 doceat.
713 863 847 919 Cum
877 880 1127 935 egressus
1167 867 1309 920 enim
1342 877 1485 921 esset
1506 868 1684 935 justus
1707 884 1771 922 ex
1810 870 2057 931 Secimis,

472 956 657 1011 Factus
680 970 751 1011 est
780 959 933 1010 timor
960 957 1053 1011 Dei
1081 976 1230 1028 super
1269 976 1441 1014 omnes
1486 961 1710 1015 civitates
1752 961 1803 1013 in
1844 962 2057 1013 circuitu

466 1068 676 1115 eurum,
727 1062 773 1105 et
828 1068 928 1104 non
984 1054 1267 1121 persequuti
1312 1062 1428 1105 sunt
1478 1054 1611 1119 filios
1658 1051 1844 1105 Israel.
1894 1052 2056 1107 Vides

470 1158 662 1211 quanta
686 1146 1040 1214 providentia,
1066 1156 1119 1199 et
1145 1162 1302 1213 quam
1333 1146 1550 1199 evidens
1572 1146 1719 1213 ‘ers
1736 1147 2057 1200 subsidium?

477 1237 631 1292 ltruit
666 1240 831 1303 enim,
864 1239 1074 1308 inquit,
1108 1255 1269 1307 Super
1296 1254 1389 1293 eos
1420 1253 1611 1301 tut-tus,
1644 1250 1696 1294 et
1744 1256 1846 1292 non
1879 1256 2058 1308 persc-

470 1332 621 1401 quuti
652 1339 776 1383 sunt
798 1331 939 1384 illos.
972 1330 1105 1384 Nam
1135 1332 1255 1400 quia
1292 1332 1512 1385 timebat
1550 1333 1648 1383 hoc
1674 1333 1870 1401 justus,
1904 1343 1956 1387 et
1977 1333 2057 1386 di-

468 1399 627 1476 i-ebat
661 1440 673 1474 :
710 1422 839 1475 Mihi
869 1438 1053 1491 parvus
1096 1399 1336 1476 numerus
1380 1432 1450 1477 est
1477 1464 1490 1487 ,
1519 1434 1566 1477 et
1603 1399 1845 1478 delebor:
1876 1434 2057 1477 narrat

463 1516 734 1583 quomodo
766 1517 956 1570 timore
990 1532 1083 1570 eos
1110 1516 1414 1581 invadente,
1445 1518 1589 1587 ipsos
1613 1522 1918 1588 persequuti
1949 1538 2053 1573 non

464 1610 589 1661 sint.
616 1606 749 1661 Nam
781 1610 992 1678 quando
1037 1610 1181 1664 Deus
1227 1627 1380 1666 suum
1418 1611 1680 1666 auxilium
1728 1612 1919 1667 afferre
1963 1629 2060 1667 vo-

469 1701 645 1766 luerit,
670 1703 929 1757 invalidos
971 1703 1224 1758 fortiores
1269 1706 1595 1773 potentibus,
1640 1717 1693 1759 et
1722 1722 1923 1777 paucos
1962 1722 2056 1776 po-

466 1795 722 1848 tentiores
754 1794 992 1863 pluribus
1033 1795 1195 1859 facit,
1230 1795 1467 1867 nihilque
1496 1798 1701 1852 beatius
1726 1810 1808 1854 est
1851 1816 1917 1855 eo
1962 1802 2051 1870 qui

467 1902 757 1955 supernum
782 1888 1035 1942 auxilium
1054 1899 1375 1957 assequutus
1399 1900 1501 1945 est.
1529 1891 1582 1946 6.
1609 1891 1677 1945 Et
1699 1893 1839 1957 abiit,
1862 1894 2050 1961 inquit,

464 1977 629 2030 Jacob
658 1980 709 2031 iu
742 1978 938 2031 Luzam
965 2020 979 2042 ,
1010 1997 1123 2050 quia
1155 1992 1247 2043 est,
1298 1982 1351 2035 in
1392 1991 1526 2035 terra
1554 1980 1822 2051 Chanaan,
1845 2001 1957 2056 qua:
1981 1995 2055 2038 est

466 2070 677 2135 ΠωΙΙιει,
711 2082 755 2124 et
780 2073 945 2126 omnis
976 2073 1194 2144 populus
1223 2076 1307 2142 qui
1332 2083 1440 2128 erat
1478 2091 1593 2127 cum
1632 2091 1709 2128 eo.
1742 2076 1792 2128 7.
1830 2075 1895 2128 Et
1931 2077 2057 2130 tedi-

464 2164 629 2226 licavit
663 2162 730 2215 ibi
758 2162 918 2215 altare
945 2203 961 2229 ,
993 2174 1038 2216 et
1077 2165 1269 2218 vocavit
1310 2182 1489 2219 nomen
1519 2165 1615 2219 loci
1649 2166 1787 2219 illius
1810 2165 2006 2221 Bwtltel
2037 2184 2056 2221 :

463 2256 528 2307 ibi
560 2257 690 2309 enim
738 2258 977 2326 apparuit
1023 2258 1066 2311 ei
1098 2256 1268 2323 Deus,
1302 2275 1417 2311 cum
1446 2258 1637 2329 fugeret
1680 2277 1711 2312 a
1756 2260 1887 2329 facie
1914 2259 2057 2315 Esat'i

468 2350 641 2417 fratris
666 2350 765 2402 sui.
808 2350 1095 2419 Postquam
1145 2352 1323 2417 venit,
1368 2351 1571 2421 inquit,
1600 2353 1650 2405 in
1683 2352 1905 2416 Bmthel,
1933 2354 2057 2409 fecit

464 2441 598 2493 sicut
617 2440 663 2494 ei
682 2449 1004 2510 prreceptum
1028 2450 1141 2496 erat
1164 2458 1180 2506 ;
1200 2442 1523 2497 etandilicato
1548 2444 1720 2507 altari,
1743 2446 1946 2500 vocavit
1962 2462 2057 2499 no-

466 2550 587 2587 men
620 2535 720 2587 loci
746 2535 965 2589 Bmthel.
984 2536 1038 2590 8.
1066 2534 1273 2589 Mortua
1299 2547 1370 2590 est
1397 2548 1585 2600 autem,
1608 2538 1797 2607 inquit,
1827 2537 2055 2593 Deborra

467 2630 640 2681 nutrix
671 2627 930 2695 Rebeccm,
951 2639 995 2682 et
1025 2630 1222 2699 sepulta
1251 2640 1325 2683 est
1347 2630 1415 2683 ad
1435 2632 1631 2685 radices
1664 2630 1859 2685 Bwtltel
1884 2633 2057 2686 subter

464 2736 702 2781 quercum
736 2736 752 2772 :
780 2730 825 2773 et
851 2722 1044 2773 vocavit
1063 2720 1224 2774 Jucob
1250 2737 1431 2775 nomen
1461 2723 1589 2793 ejus,
1620 2722 1848 2787 Quercus
1869 2723 2052 2777 luctus.

470 2814 626 2867 Vides
657 2815 926 2882 quomodo
959 2830 1172 2884 semper
1212 2816 1281 2871 ab
1326 2818 1606 2872 eventibus
1646 2820 1885 2873 nominat
1915 2820 2051 2883 loca,

468 2915 523 2957 ut
548 2915 801 2974 perpetua
829 2918 1073 2961 servetur
1099 2910 1357 2962 memoria
1384 2908 1408 2962 ‘t
1449 2909 1513 2963 Et
1551 2911 1841 2979 quomodo,
1861 2911 2058 2967 dixerit

464 2997 729 3065 quispiam
749 3039 764 3063 ,
797 2998 974 3052 nutrix
1026 2998 1280 3053 Rebecca:
1328 3000 1425 3053 fuit
1467 3015 1591 3055 eum
1621 3000 1785 3056 Jaeob
1808 3002 1921 3071 jam
1950 3005 2057 3072 pri-

468 3105 612 3142 mum
639 3090 885 3144 veniente
914 3106 942 3143 a
973 3090 1352 3159 Mesopotamia
1378 3134 1391 3155 ,
1417 3092 1721 3164 priusquam
1751 3105 2059 3150 occurreret

465 3182 605 3251 patri
637 3183 777 3236 suo?
808 3183 968 3237 Forte
1000 3184 1101 3239 hoc
1128 3185 1451 3251 dicendum,
1486 3202 1602 3241 eam
1650 3188 1863 3258 quando
1893 3204 1921 3242 a
1951 3189 2055 3243 La-

468 3273 569 3325 ban
594 3273 684 3327 ille
712 3273 889 3339 rediit,
918 3276 1073 3329 simul
1107 3291 1227 3330 cum
1260 3276 1425 3332 Jaeob
1454 3281 1636 3334 venire
1667 3282 1965 3348 cupivisse,
2002 3291 2058 3336 ut

468 3374 581 3431 post
614 3366 823 3433 longum
855 3376 1063 3436 tempus
1095 3368 1390 3423 Rebeccam
1419 3370 1671 3426 inviseret
1702 3388 1715 3425 :
1748 3373 1839 3427 sed
1879 3375 2055 3444 prius-

466 3471 626 3525 quam
662 3458 731 3510 illi
762 3470 1086 3523 occurreret,
1110 3460 1415 3517 defunctam
1439 3479 1577 3519 esse.

538 3546 590 3600 5.
621 3546 839 3602 Muralis
866 3551 1093 3622 epilogus
1120 3553 1181 3607 de
1213 3554 1484 3608 liberorum
1511 3557 1863 3627 castigatione.
1891 3589 1961 3600 -—
1987 3561 2057 3614 At

471 3654 570 3692 nos
602 3641 783 3705 etiam,
818 3644 861 3697 si
893 3644 1106 3713 placet,
1156 3646 1241 3701 hie
1274 3647 1525 3704 finiamus
1566 3666 1865 3707 sermonem
1890 3669 2056 3717 ,eon-

472 3735 601 3786 tcnti
648 3733 713 3788 iis
734 3751 853 3803 quae
881 3737 1021 3791 dicta
1064 3748 1207 3793 sunt.
1250 3742 1379 3797 Illud
1407 3753 1584 3797 autem
1605 3757 1837 3799 vestram
1866 3747 2059 3801 carita-

471 3832 575 3878 tem
605 3828 999 3896 rogaverimus,
1035 3839 1091 3884 ut
1119 3841 1171 3885 et
1218 3848 1312 3885 vos
1357 3834 1567 3889 virtutis
1606 3852 1785 3891 curam
1820 3838 2015 3908 geratis
2041 3880 2055 3905 ,

468 3928 522 3972 et
551 3919 813 3986 juvenum
838 3924 1223 3979 continentiam
1265 3928 1482 3982 curetis.
1521 3930 1655 3983 lline
1693 3932 1834 3983 enim
1857 3972 1871 3995 ,
1906 3943 1962 3985 ut
1988 3932 2056 3984 ita

466 4010 663 4075 dicam,
683 4014 861 4066 omnia
884 4014 1020 4067 mala
1056 4026 1365 4071 nascuntur.
1385 4018 1730 4074 Consuetudo
1757 4022 1898 4075 enim
1933 4023 2058 4077 mali

464 4117 717 4172 processu
747 4108 1003 4174 temporis
1044 4108 1381 4163 invalescens
1430 4120 1627 4166 tantam
1678 4114 1833 4168 affert
1879 4119 2059 4185 perni-

463 4196 620 4260 ciem,
651 4207 705 4251 ut
731 4209 913 4266 postea
943 4216 1047 4253 non
1075 4202 1247 4269 possit
1271 4203 1445 4272 aliqua
1478 4205 1620 4259 vinci
1642 4206 2015 4264 admonitione
2040 4227 2054 4275 ;

465 4296 521 4342 et
564 4304 684 4342 cum
732 4291 896 4345 semel
950 4308 978 4345 a
1030 4293 1232 4347 malitia
1288 4294 1485 4349 fuerint
1525 4299 1796 4367 occupati,
1824 4302 1971 4369 quasi
2005 4303 2057 4355 in

463 4379 829 4449 captivitatem
852 4393 1032 4437 essent
1069 4384 1319 4452 abducti,
1349 4402 1565 4457 quoquo
1601 4389 1848 4444 diabolus
1872 4391 2052 4460 jusse-

464 4473 535 4525 rit
559 4483 806 4542 aguntur.
842 4474 934 4531 ille
962 4477 1103 4531 enim
1135 4480 1212 4533 eis
1240 4480 1504 4550 imperat,
1538 4491 1592 4537 et
1636 4485 1931 4553 perniciosa
1969 4488 2055 4541 illa

464 4562 555 4616 dat
582 4564 828 4619 mandata
852 4607 865 4629 ,
901 4582 1020 4637 quae
1060 4569 1289 4638 juvenes
1337 4572 1566 4628 libenter
1591 4575 1892 4645 perficiunt,
1920 4595 2055 4648 prac-

465 4663 673 4709 sentem
707 4665 909 4711 tantum
962 4660 1290 4731 voluptatem
1334 4675 1666 4733 spectantes,
1712 4679 1763 4723 et
1816 4669 2053 4726 futurum

464 4748 703 4805 dolorem
737 4767 840 4804 non
868 4753 1189 4822 cogitantes.
1224 4755 1349 4812 Ideo
1370 4773 1467 4813 oro
1490 4770 1546 4814 ut
1580 4762 1918 4829 prwbeamus
1942 4782 2054 4817 ma-

467 4860 593 4898 num
627 4845 748 4901 filiis
777 4846 992 4913 nostris,
1031 4860 1083 4902 ut
1116 4866 1182 4905 ne
1211 4852 1371 4907 etiam
1399 4870 1496 4924 pro
1532 4855 1596 4909 iis
1616 4871 1734 4925 quze
1760 4858 1835 4912 illi
1864 4875 2053 4928 pecca-

463 4946 621 5005 runt,
665 4954 762 4992 nos
794 4955 981 5009 plenas
1006 4944 1385 4999 sustineamus.
1432 4948 1513 5002 An
1540 4952 1755 5004 nescitis
1784 4951 1909 5019 quid
1938 4953 2051 5007 seni

464 5028 543 5083 Illi
566 5030 844 5093 acciderit,
869 5048 990 5085 cum
1020 5049 1122 5087 non
1156 5034 1335 5091 debite
1361 5038 1674 5094 emendaret
1704 5042 1938 5097 filiorum
1960 5046 2054 5099 de-

462 5121 586 5175 licta
631 5120 648 5191 (
682 5124 731 5176 1.
788 5120 913 5195 Reg.
965 5126 1015 5178 4.
1054 5126 1120 5181 18
1162 5127 1223 5195 )?
1263 5128 1723 5195 Quemadmodum
1765 5136 1908 5189 enim
1949 5152 2054 5190 me-

461 5214 653 5281 dicus,
706 5217 749 5269 si
809 5218 1053 5272 morbum
1127 5220 1364 5275 sectione
1419 5222 1743 5291 indigentem
1801 5230 2051 5285 unctione

461 5316 551 5358 aut
594 5308 891 5375 emplastro
940 5325 1129 5365 curare
1176 5313 1419 5377 Voluerit,
1471 5316 1577 5371 cito
1625 5318 1866 5371 morbum
1898 5318 2051 5374 incu-

464 5397 685 5451 rabilem
718 5400 934 5465 efficiet,
970 5418 1090 5456 cum
1123 5419 1410 5474 congruam
1448 5422 1553 5461 non
1595 5408 1845 5464 adhibeat
1880 5411 2049 5466 medi-

464 5488 638 5541 ciuam
675 5507 688 5543 :
736 5492 803 5543 ita
835 5501 890 5545 et
917 5507 1077 5548 senex
1110 5494 1352 5559 ille,cum
1376 5497 1599 5555 deberet
1632 5502 1767 5556 filios
1802 5518 1927 5558 suos
1958 5521 2051 5573 pro

466 5588 803 5644 peccatorum
837 5584 1042 5640 ratione
1065 5587 1371 5653 emendare,
1391 5590 1548 5644 nimia
1574 5592 1791 5649 lenitate
1813 5594 1931 5650 illos
1961 5610 2048 5650 ar-

527 5756 543 5785 ³
580 5758 799 5822 Quinque
818 5768 945 5823 15133.,
971 5761 1169 5827 efﬁcax;
1194 5778 1289 5816 non
1314 5767 1459 5819 male.

3656 321 3781 375 πο

2175 425 2341 479 gneus
2363 451 2375 473 ,
2426 415 2669 483 supplicii
2700 427 2751 471 et
2778 419 2889 487 ipse
2922 436 3144 477 consors
3191 424 3303 479 fuit.
3342 426 3570 485 Proinde
3632 451 3746 489 oro
3769 476 3785 493 .

2170 504 2469 571 exetnplum
2497 504 2595 559 hoc
2624 509 2926 574 timeamus,
2950 523 3001 565 et
3026 514 3284 571 habentes
3307 516 3445 572 lllios
3472 523 3783 590 providea-

2171 608 2287 645 mus
2314 595 2393 648 eis
2423 596 2490 650 de
2517 598 2737 654 honesta
2767 602 3082 659 educatione
3102 649 3117 672 ,
3163 617 3217 660 et
3245 607 3295 661 in
3340 625 3549 664 summa
3598 627 3787 666 unus-

2166 687 2391 755 quisque
2422 704 2601 743 curam
2632 707 2815 746 eorum
2846 705 2987 764 agat,
3010 698 3099 765 qui
3138 700 3277 767 apud
3324 715 3382 755 se
3423 701 3682 768 habitant,
3718 714 3788 759 ct

2169 776 2375 831 lucrum
2406 782 2695 836 maximum
2742 783 2902 839 ducat
2931 788 3208 843 utilitatem
3238 793 3485 860 proximi,
3512 804 3568 847 ut
3590 811 3788 850 unus-

2165 870 2392 939 quisque
2406 870 2619 927 discens
2646 890 2707 928 ea
2736 892 2853 944 qum
2881 877 2946 930 ad
2969 879 3218 935 virtutem
3248 884 3533 951 pertinent,
3563 898 3612 939 et
3632 903 3785 956 pce-

2164 964 2267 1015 eati
2302 964 2600 1033 periculum
2623 966 2858 1037 effugere
2878 1008 2892 1032 ,
2922 980 2975 1023 et
3004 972 3253 1027 virtutem
3293 977 3628 1045 amplexatus
3667 994 3785 1031 su-

2164 1071 2387 1125 pernum
2414 1058 2669 1112 auxilium
2718 1062 2816 1115 sibi
2858 1063 3144 1119 conciliare
3174 1066 3345 1120 valeat
3372 1085 3383 1119 :
3413 1069 3555 1137 quod
3605 1069 3784 1124 nobis

2162 1149 2411 1201 omnibus
2437 1152 2781 1217 concedatur,
2832 1157 2999 1222 gratia
3033 1168 3086 1210 et
3115 1157 3398 1211 clementia
3424 1160 3629 1213 Domini
3654 1175 3783 1215 no-

2163 1240 2258 1291 stri
2290 1239 2413 1294 Jesu
2444 1242 2637 1295 Clu-isti
2664 1285 2678 1308 ,
2716 1244 2800 1296 cui
2834 1262 2952 1298 cum
2993 1246 3150 1303 Patre
3184 1260 3237 1302 et
3263 1261 3447 1304 sancto
3469 1251 3664 1320 Spiritu
3696 1253 3784 1306 sit

2160 1329 2351 1397 gloria,
2378 1333 2682 1401 imperium,
2720 1336 2907 1400 honor,
2946 1354 3085 1393 nunc
3113 1349 3167 1394 et
3192 1355 3405 1410 semper
3428 1383 3443 1405 ,
3468 1352 3524 1397 et
3561 1344 3613 1396 in
3644 1359 3776 1397 sa:-

2162 1424 2279 1477 cula
2312 1428 2649 1481 saaculorum.
2683 1431 2872 1484 Amen.

2732 1544 3009 1600 HOMILIA
3062 1548 3173 1602 LX.

2163 1654 2229 1707 Et
2258 1656 2512 1723 trdi/iCato
2539 1658 2691 1710 altari
2719 1661 3103 1713 vocavituomeu
3126 1662 3222 1714 loci
3246 1662 3438 1715 Uret/te!
3458 1679 3474 1713 :
3497 1665 3601 1715 illic
3622 1666 3779 1715 enim

2232 1750 2470 1817 apparuit
2505 1752 2548 1801 ei
2583 1749 2739 1814 Deus,
2772 1769 2887 1804 cum
2918 1758 3112 1823 fugeret
3156 1772 3185 1806 α
3226 1756 3355 1823 facie
3403 1755 3539 1809 Esau
3579 1758 3779 1826 fratris

2228 1844 2305 1895 sui
2340 1843 2355 1911 (
2393 1842 2520 1897 Ceu.
2544 1844 2631 1898 55.
2663 1845 2693 1900 7
2720 1844 2759 1912 ).

2233 1980 2284 2033 1.
2316 1980 2427 2049 Age
2458 1989 2511 2033 et
2541 1980 2698 2035 hodie
2722 2022 2735 2044 ,
2776 1982 2818 2034 si
2852 1981 3013 2046 libet,
3043 1984 3282 2053 repetitis
3326 1984 3388 2037 iis
3432 2002 3551 2055 qua:
3585 2002 3780 2055 nuper

2159 2070 2419 2137 diximus,
2469 2071 2534 2125 ad
2575 2075 2849 2141 sequentia
2879 2075 3031 2127 vobis
3071 2076 3384 2143 exponenda
3416 2078 3773 2131 accedamus.

2167 2163 2296 2217 Nam
2328 2166 2487 2217 etiam
2519 2164 2675 2218 hodie
2708 2164 2928 2218 historia
2955 2166 3120 2219 Jacob
3150 2177 3269 2235 apta
3298 2177 3381 2222 est
3422 2168 3485 2221 ad
3515 2183 3615 2221 nos
3656 2169 3776 2220 dn-

2164 2256 2392 2310 eendum
2428 2256 2776 2325 multiplicem
2828 2257 2920 2311 Dei
2956 2259 3007 2311 in
3042 2259 3193 2312 itlum
3234 2260 3667 2329 providentiam,
3710 2272 3778 2315 et

2162 2348 2432 2416 quomodo
2458 2348 2602 2402 illum
2630 2348 2740 2402 suis
2772 2350 3213 2418 promissionibns
3241 2353 3432 2405 iterum
3463 2355 3775 2407 firmavi-ris

2163 2455 2516 2495 remunerans
2537 2446 2653 2510 ejus
2687 2443 3027 2512 probitatem.
3062 2444 3351 2513 Postquam
3396 2446 3536 2499 enim
3586 2462 3769 2515 supeo

2170 2534 2282 2587 rius
2313 2535 2544 2587 narravit
2572 2534 2725 2587 nobis
2749 2575 2763 2599 ,
2787 2534 3054 2603 quomodo
3094 2535 3387 2589 secundum
3425 2548 3772 2607 przeceptnm

2162 2624 2278 2689 Dei,
2308 2625 2511 2678 relictis
2554 2624 2783 2679 Secimis
2813 2635 3032 2694 propter
3078 2625 3312 2681 facinora
3355 2627 3581 2681 filiorum
3624 2643 3774 2681 stm-

2164 2734 2303 2783 rmn,
2327 2717 2394 2770 ad
2446 2716 2642 2771 Luzam
2688 2717 2967 2771 contendit
3001 2736 3012 2770 :
3055 2715 3122 2771 Et
3149 2718 3404 2785 azdiﬁcato
3441 2719 3593 2771 altari
3624 2760 3638 2783 ,
3670 2720 3770 2772 in-

2161 2810 2298 2880 quit,
2324 2811 2514 2863 vocat-it
2545 2826 2725 2864 nomen
2758 2810 2856 2862 loci
2882 2808 3079 2863 Bwthel
3109 2826 3127 2861 :
3159 2810 3266 2863 illic
3291 2811 3423 2863 enim
3450 2813 3690 2881 apparuit
3718 2814 3774 2863 ei

2166 2901 2321 2964 Deus,
2356 2919 2469 2953 cum
2501 2903 2697 2971 fugeret
2725 2918 2755 2953 a
2787 2902 2917 2971 facie
2943 2899 3085 2954 Esuii
3106 2904 3282 2973 fratris
3304 2902 3403 2955 sui.
3437 2902 3547 2969 Quo
3579 2903 3770 2969 impe-

2162 2995 2247 3049 rio
2298 2995 2435 3050 Deus
2482 2995 2681 3061 justum
2735 2995 2977 3047 liberavit
3026 3011 3054 3047 a
3104 2996 3293 3047 timore
3338 3012 3444 3063 quo
3473 2995 3775 3049 tenebatur

2162 3098 2380 3155 propter
2411 3088 2617 3140 occisos
2648 3088 2929 3140 Secimitas
2962 3102 2977 3138 :
3012 3088 3271 3151 immisit,
3317 3089 3482 3157 inquit
3505 3129 3519 3151 ,
3566 3090 3619 3141 in
3654 3089 3770 3142 hn-

2162 3180 2421 3232 bitatores
2452 3180 2660 3232 illarum
2685 3179 2959 3231 civitatum
2994 3190 3215 3244 metmu,
3261 3184 3329 3232 ita
3366 3190 3426 3233 ut
3469 3181 3613 3233 111ιιιιι
3648 3198 3769 3233 nun

2162 3282 2629 3343 persequerentur.
2663 3272 2794 3327 Vide
2838 3272 3222 3341 providentiam
3274 3273 3386 3339 Dei,
3417 3282 3471 3327 et
3501 3282 3775 3341 quantam

2164 3368 2354 3419 haheat
2392 3365 2805 3420 sollicitudinem
2850 3380 2945 3435 pro
2979 3365 3165 3420 JaCob.
3199 3365 3479 3420 Concussit
3502 3408 3517 3430 ,
3546 3366 3770 3433 inquit,

2165 3461 2355 3513 timore
2376 3460 2581 3513 animas
2612 3475 2796 3513 eorum
2829 3459 2917 3529 qui
2959 3459 3161 3513 vicinas
3205 3460 3449 3512 civitates
3488 3458 3773 3511 inhabita-

2165 3552 2311 3615 baut,
2336 3560 2391 3604 ut
2417 3568 2481 3605 ne
2513 3561 2957 3622 persequerentur
3015 3552 3161 3605 illum
3192 3566 3204 3603 :
3250 3566 3368 3604 nam
3406 3552 3644 3603 fortassis
3675 3552 3775 3603 nl-

2163 3644 2292 3697 cisci
2334 3643 2586 3697 volebant
2624 3642 2925 3697 Seeimitas.
2974 3642 3077 3697 Sed
3134 3648 3385 3710 quoniam
3428 3642 3511 3695 illa
3556 3650 3775 3711 praeter

2158 3735 2289 3805 justi
2317 3736 2633 3789 sententiam
2659 3733 2791 3788 facta
2825 3733 3054 3801 fuerant,
3079 3744 3131 3787 ct
3162 3735 3393 3805 Symeon
3422 3748 3483 3788 ac
3512 3733 3636 3787 Levi
3663 3751 3771 3788 so-

2164 3828 2302 3881 roris
2332 3827 2579 3881 violatam
2598 3828 2980 3881 continentiam
3006 3828 3329 3881 ulciscentes
3358 3826 3472 3880 base
3494 3826 3768 3892 fecerant;

2164 3937 2270 3975 non
2298 3920 2469 3973 solum
2501 3935 2619 3975 cum
2658 3928 2713 3973 et
2751 3919 2887 3972 lilios
2917 3918 3032 3989 ejus
3061 3934 3088 3971 a
3131 3918 3298 3972 nimio
3338 3918 3527 3972 timore
3556 3916 3768 3971 libera-

2163 4016 2276 4079 vit,
2307 4014 2400 4068 sed
2449 4014 2568 4067 illos
2622 4014 2780 4066 etiam
2844 4014 3035 4066 timore
3086 4014 3433 4075 concutiens,
3476 4028 3507 4067 a
3557 4023 3770 4067 Conatu

2166 4107 2525 4177 persequendi
2582 4108 2817 4160 retraxit.
2858 4106 3078 4161 Vidistis
3120 4116 3381 4176 quantum
3430 4108 3499 4161 sit
3542 4106 3639 4160 niti
3668 4106 3767 4159 di-

2167 4200 2290 4251 vino
2338 4198 2630 4267 przcsidio?
2657 4198 2787 4251 Nam
2830 4198 3043 4267 quando
3100 4198 3239 4251 Deus
3273 4197 3425 4251 nobis
3465 4197 3599 4250 bene
3622 4197 3768 4251 alie-

2165 4302 2283 4344 ctus
2342 4300 2442 4355 est,
2478 4307 2508 4344 e
2561 4291 2737 4345 medio
2779 4291 3035 4343 tolluntur
3086 4290 3343 4343 terribilia
3375 4290 3572 4343 omnia.
3604 4289 3769 4344 Sicut

2164 4386 2307 4437 enim
2350 4382 2497 4451 justo
2544 4382 2789 4437 fiduciam
2824 4382 3006 4446 dedit,
3058 4383 3128 4436 ita
3180 4382 3285 4436 illis
3331 4383 3478 4436 d‘dit
3529 4395 3766 4437 metum.

2165 4472 2454 4527 Enimvero
2516 4474 2772 4528 Dominus
2817 4491 2935 4528 cum
2983 4477 3088 4539 sit,
3140 4476 3317 4528 omnia
3367 4486 3520 4544 prout
3572 4478 3766 4530 volue-

2163 4568 2231 4619 rit
2275 4567 2453 4631 vertit,
2506 4576 2560 4621 et
2584 4568 3000 4637 omnipowutem
3027 4583 3174 4621 suam
3211 4568 3527 4649 sapientiam
3558 4568 3609 4622 in
3633 4584 3765 4623 om-

2163 4660 2317 4713 nibus
2346 4660 2601 4715 declarat.
2636 4664 2712 4715 Ae
2750 4662 2878 4714 nihil
2923 4661 3110 4714 fortius
3138 4673 3311 4716 esteo
3341 4662 3431 4730 qui
3467 4678 3764 4730 supernam

2162 4754 2262 4808 sibi
2309 4756 2610 4809 conciliavit
2640 4770 2817 4823 opem,
2866 4754 3001 4809 sicut
3032 4757 3191 4809 etiam
3226 4756 3355 4809 nihil
3397 4755 3661 4809 infirmius
3690 4772 3766 4811 eo

2162 4848 2249 4915 qui
2283 4845 2372 4899 illa
2425 4847 2660 4915 privatus
2687 4856 2787 4898 est.
2818 4845 2954 4899 Ecce
2999 4847 3339 4915 cuimjustus
3381 4847 3505 4911 ille,
3556 4863 3766 4916 paucos

2164 4954 2389 4992 numero
2434 4953 2613 4992 secum
2647 4937 2866 5003 habens,
2918 4941 3037 5007 quia
3066 4940 3510 4994 custodiebatura
3544 4941 3675 5003 Deo,
3703 4951 3766 4997 et

2163 5031 2408 5085 fiduciam
2448 5032 2675 5102 accepit,
2701 5040 2755 5085 et
2802 5032 3021 5086 insidias
3055 5030 3239 5102 effugit
3273 5052 3282 5088 λ
3312 5033 3385 5089 illi
3410 5042 3609 5096 autem,
3634 5050 3763 5087 eum

2162 5124 2313 5177 multi
2339 5135 2539 5190 essent,
2564 5134 2617 5179 et
2641 5124 2940 5194 conglobati
2963 5127 3385 5194 conspirassent,
3411 5127 3542 5181 nihil
3565 5143 3759 5181 eorum

2161 5235 2280 5287 qua:
2335 5218 2581 5272 volebant
2616 5219 2866 5287 Operibus
2890 5221 3160 5288 complere
3205 5227 3515 5288 potuerunt.
3560 5219 3763 5273 Factus

2162 5321 2235 5363 est
2266 5312 2415 5373 enim,
2449 5311 2636 5381 inquit,
2688 5314 2836 5366 (inter
2865 5310 2964 5366 Dei
3005 5330 3157 5367 suaer
3179 5313 3404 5367 civitates
3442 5314 3494 5367 in
3540 5314 3764 5366 circuitu

2161 5418 2353 5455 earum.
2385 5401 2671 5474 Postquam
2704 5403 2861 5473 igitur
2898 5404 3072 5473 justus
3103 5420 3130 5457 a
3182 5406 3373 5457 timore
3421 5409 3644 5457 istorum
3693 5403 3764 5458 li-

2160 5495 2374 5549 beratus
2423 5504 2538 5559 est,
2573 5497 2693 5550 vide
2733 5498 2921 5552 iterum
2954 5498 3204 5552 eximiam
3239 5499 3333 5553 Dei
3388 5498 3762 5565 clementiam,

2160 5602 2319 5656 quam
2348 5604 2470 5658 erga
2494 5604 2615 5643 eum
2645 5590 2951 5645 declaravit.
2987 5592 3041 5648 9.
3080 5590 3229 5645 Visus
3254 5602 3327 5645 est
3355 5592 3487 5644 enim
3527 5602 3573 5644 et
3616 5588 3763 5645 Deus

2162 5680 2343 5731 iterum
2387 5681 2438 5732 in
2467 5680 2623 5733 Luza.
2654 5682 2827 5747 Quare
2870 5682 3049 5751 adjicit
3089 5683 3189 5737 hoc
3238 5684 3481 5745 verbum,
3517 5680 3763 5737 Iterum!

2165 5768 2279 5822 Non
2311 5770 2509 5841 absque
2538 5787 2715 5832 causa,
2750 5773 2839 5825 sed
2872 5783 2925 5827 ut
2970 5774 3164 5841 discas,
3202 5788 3323 5828 cum
3345 5775 3493 5845 prius
3512 5775 3679 5830 etiam
3698 5772 3759 5830 in
