  <div class='ocr_page' id='page_1' title='image "/cluster/home/n/w/nwhite01/storage/ocr_20150623/54/nnc1.0046978518/146.png"; bbox 0 0 4038 6358; ppageno 0'>
   <div class='ocr_carea' id='block_1_1' title="bbox 284 345 390 397">
    <p class='ocr_par' dir='ltr' id='par_1_1' title="bbox 284 345 390 397">
     <span class='ocr_line' id='line_1_1' title="bbox 284 345 390 397; baseline 0.009 -1"><span class='ocrx_word' id='word_1_1' title='bbox 284 345 390 397; x_wconf 78' lang='grc'>519</span> 
     </span>
    </p>
   </div>
   <div class='ocr_carea' id='block_1_2' title="bbox 299 455 1868 536">
    <p class='ocr_par' dir='ltr' id='par_1_2' title="bbox 299 455 1868 536">
     <span class='ocr_line' id='line_1_2' title="bbox 299 455 1868 536; baseline 0.01 -29"><span class='ocrx_word' id='word_1_2' title='bbox 299 455 512 508; x_wconf 83' lang='grc' dir='ltr'>Ἰακώϐ.</span> <span class='ocrx_word' id='word_1_3' title='bbox 542 457 650 510; x_wconf 83' lang='lat' dir='ltr'><strong><em>Kal</em></strong></span> <span class='ocrx_word' id='word_1_4' title='bbox 677 458 944 527; x_wconf 67' lang='grc' dir='ltr'>ἔκρυψεν</span> <span class='ocrx_word' id='word_1_5' title='bbox 989 461 1158 526; x_wconf 81' lang='grc' dir='ltr'>αὐτὰ,</span> <span class='ocrx_word' id='word_1_6' title='bbox 1185 464 1368 532; x_wconf 73' lang='grc' dir='ltr'>φησὶν.</span> <span class='ocrx_word' id='word_1_7' title='bbox 1413 466 1527 519; x_wconf 78' lang='grc' dir='ltr'>ὑπὸ</span> <span class='ocrx_word' id='word_1_8' title='bbox 1576 467 1686 535; x_wconf 71' lang='grc' dir='ltr'>τὴν</span> <span class='ocrx_word' id='word_1_9' title='bbox 1712 470 1868 536; x_wconf 76' lang='grc' dir='ltr'>τερέ-</span> 
     </span>
    </p>
   </div>
   <div class='ocr_carea' id='block_1_3' title="bbox 284 539 1870 616">
    <p class='ocr_par' dir='ltr' id='par_1_3' title="bbox 284 539 1870 616">
     <span class='ocr_line' id='line_1_3' title="bbox 284 539 1870 616; baseline 0.009 -26"><span class='ocrx_word' id='word_1_10' title='bbox 284 539 493 592; x_wconf 84' lang='grc' dir='ltr'>σινθον</span> <span class='ocrx_word' id='word_1_11' title='bbox 514 539 630 606; x_wconf 79' lang='grc' dir='ltr'>τὴν</span> <span class='ocrx_word' id='word_1_12' title='bbox 655 541 726 594; x_wconf 86' lang='grc' dir='ltr'>ὲν</span> <span class='ocrx_word' id='word_1_13' title='bbox 755 543 1057 611; x_wconf 82' lang='grc' dir='ltr'>Σηκίμοις,</span> <span class='ocrx_word' id='word_1_14' title='bbox 1099 544 1192 598; x_wconf 76' lang='grc' dir='ltr'>καί</span> <span class='ocrx_word' id='word_1_15' title='bbox 1219 545 1535 601; x_wconf 73' lang='grc' dir='ltr'>ἀπώλεσεν</span> <span class='ocrx_word' id='word_1_16' title='bbox 1579 552 1730 604; x_wconf 77' lang='grc' dir='ltr'>αὐτὰ</span> <span class='ocrx_word' id='word_1_17' title='bbox 1759 552 1870 616; x_wconf 82' lang='grc' dir='ltr'>ἕως</span> 
     </span>
    </p>
   </div>
   <div class='ocr_carea' id='block_1_4' title="bbox 282 617 1867 699">
    <p class='ocr_par' dir='ltr' id='par_1_4' title="bbox 282 617 1867 699">
     <span class='ocr_line' id='line_1_4' title="bbox 282 617 1867 699; baseline 0.01 -28"><span class='ocrx_word' id='word_1_18' title='bbox 282 617 396 686; x_wconf 82' lang='grc' dir='ltr'>τῆς</span> <span class='ocrx_word' id='word_1_19' title='bbox 422 619 690 690; x_wconf 78' lang='grc' dir='ltr'>σήμερον</span> <span class='ocrx_word' id='word_1_20' title='bbox 718 623 964 691; x_wconf 77' lang='grc' dir='ltr'>ἡμέρας.</span> <span class='ocrx_word' id='word_1_21' title='bbox 1010 627 1300 697; x_wconf 77' lang='grc' dir='ltr'>Ἐκρυψε,</span> <span class='ocrx_word' id='word_1_22' title='bbox 1348 632 1530 699; x_wconf 79' lang='grc' dir='ltr'>φησὶν,</span> <span class='ocrx_word' id='word_1_23' title='bbox 1580 635 1731 686; x_wconf 79' lang='grc' dir='ltr'>αὐτὰ</span> <span class='ocrx_word' id='word_1_24' title='bbox 1769 636 1867 687; x_wconf 84' lang='grc' dir='ltr'>καί</span> 
     </span>
    </p>
   </div>
   <div class='ocr_carea' id='block_1_5' title="bbox 281 702 1870 786">
    <p class='ocr_par' dir='ltr' id='par_1_5' title="bbox 281 702 1870 786">
     <span class='ocr_line' id='line_1_5' title="bbox 281 702 1870 786; baseline 0.009 -29"><span class='ocrx_word' id='word_1_25' title='bbox 281 702 626 768; x_wconf 70' lang='grc' dir='ltr'>ἀπώλεσεν,</span> <span class='ocrx_word' id='word_1_26' title='bbox 645 705 785 759; x_wconf 80' lang='grc' dir='ltr'>ὥστε</span> <span class='ocrx_word' id='word_1_27' title='bbox 807 709 899 760; x_wconf 78' lang='grc' dir='ltr'>καὶ</span> <span class='ocrx_word' id='word_1_28' title='bbox 921 709 1118 773; x_wconf 83' lang='grc' dir='ltr'>αὐτοὺς</span> <span class='ocrx_word' id='word_1_29' title='bbox 1144 713 1269 774; x_wconf 83' lang='grc' dir='ltr'>τοὺς</span> <span class='ocrx_word' id='word_1_30' title='bbox 1296 713 1389 782; x_wconf 85' lang='grc' dir='ltr'>τῆς</span> <span class='ocrx_word' id='word_1_31' title='bbox 1424 715 1631 786; x_wconf 85' lang='grc' dir='ltr'>πλάνης</span> <span class='ocrx_word' id='word_1_32' title='bbox 1653 717 1870 782; x_wconf 76' lang='grc' dir='ltr'>δούλους</span> 
     </span>
    </p>
   </div>
   <div class='ocr_carea' id='block_1_6' title="bbox 281 788 1870 871">
    <p class='ocr_par' dir='ltr' id='par_1_6' title="bbox 281 788 1870 871">
     <span class='ocr_line' id='line_1_6' title="bbox 281 788 1870 871; baseline 0.011 -33"><span class='ocrx_word' id='word_1_33' title='bbox 281 788 386 871; x_wconf 74' lang='grc' dir='ltr'>τὴν</span> <span class='ocrx_word' id='word_1_34' title='bbox 416 788 627 859; x_wconf 82' lang='grc' dir='ltr'>πλάνην</span> <span class='ocrx_word' id='word_1_35' title='bbox 654 791 957 859; x_wconf 80' lang='grc' dir='ltr'>διαφυγεῖν,</span> <span class='ocrx_word' id='word_1_36' title='bbox 983 795 1077 847; x_wconf 74' lang='grc' dir='ltr'>καί⁵</span> <span class='ocrx_word' id='word_1_37' title='bbox 1103 796 1309 865; x_wconf 82' lang='grc' dir='ltr'>μηδένα</span> <span class='ocrx_word' id='word_1_38' title='bbox 1338 797 1526 868; x_wconf 72' lang='grc' dir='ltr'>ἕτερον</span> <span class='ocrx_word' id='word_1_39' title='bbox 1553 802 1652 871; x_wconf 79' lang='grc' dir='ltr'>τὴν</span> <span class='ocrx_word' id='word_1_40' title='bbox 1685 801 1743 866; x_wconf 81' lang='grc' dir='ltr'>ἐξ</span> <span class='ocrx_word' id='word_1_41' title='bbox 1773 805 1870 854; x_wconf 86' lang='grc' dir='ltr'>αὐ-</span> 
     </span>
    </p>
   </div>
   <div class='ocr_carea' id='block_1_7' title="bbox 280 870 1869 954">
    <p class='ocr_par' dir='ltr' id='par_1_7' title="bbox 280 870 1869 954">
     <span class='ocr_line' id='line_1_7' title="bbox 280 870 1869 954; baseline 0.009 -31"><span class='ocrx_word' id='word_1_42' title='bbox 280 870 394 925; x_wconf 80' lang='grc' dir='ltr'>τῶν</span> <span class='ocrx_word' id='word_1_43' title='bbox 443 870 622 941; x_wconf 83' lang='grc' dir='ltr'>λύμην</span> <span class='ocrx_word' id='word_1_44' title='bbox 653 873 928 938; x_wconf 78' lang='grc' dir='ltr'>δέξασθαι.</span> <span class='ocrx_word' id='word_1_45' title='bbox 962 876 1072 928; x_wconf 81' lang='grc' dir='ltr'>Καὶ</span> <span class='ocrx_word' id='word_1_46' title='bbox 1109 878 1279 931; x_wconf 88' lang='grc' dir='ltr'>ταῦτα</span> <span class='ocrx_word' id='word_1_47' title='bbox 1317 879 1534 934; x_wconf 77' lang='grc' dir='ltr'>ἅπαντα</span> <span class='ocrx_word' id='word_1_48' title='bbox 1571 870 1869 954; x_wconf 82' lang='grc' dir='ltr'>διαπραξά-</span> 
     </span>
    </p>
   </div>
   <div class='ocr_carea' id='block_1_8' title="bbox 285 955 1871 1034">
    <p class='ocr_par' dir='ltr' id='par_1_8' title="bbox 285 955 1871 1034">
     <span class='ocr_line' id='line_1_8' title="bbox 285 955 1871 1034; baseline 0.011 -30"><span class='ocrx_word' id='word_1_49' title='bbox 285 970 451 1023; x_wconf 83' lang='grc' dir='ltr'>μενος</span> <span class='ocrx_word' id='word_1_50' title='bbox 477 955 504 1006; x_wconf 87' lang='grc' dir='ltr'>ὀ</span> <span class='ocrx_word' id='word_1_51' title='bbox 533 955 761 1017; x_wconf 87' lang='grc' dir='ltr'>δίκαιος,</span> <span class='ocrx_word' id='word_1_52' title='bbox 804 956 1017 1025; x_wconf 81' lang='grc' dir='ltr'>Ἐξῆρε</span> <span class='ocrx_word' id='word_1_53' title='bbox 1041 998 1055 1021; x_wconf 93' lang='grc'>,</span> <span class='ocrx_word' id='word_1_54' title='bbox 1084 960 1248 1030; x_wconf 79' lang='grc' dir='ltr'>φησὶν</span> <span class='ocrx_word' id='word_1_55' title='bbox 1267 1000 1282 1020; x_wconf 91' lang='grc'>,</span> <span class='ocrx_word' id='word_1_56' title='bbox 1320 962 1390 1016; x_wconf 83' lang='grc' dir='ltr'>ἐκ</span> <span class='ocrx_word' id='word_1_57' title='bbox 1437 967 1713 1034; x_wconf 81' lang='grc' dir='ltr'>Σηκίμων</span> <span class='ocrx_word' id='word_1_58' title='bbox 1733 1009 1747 1031; x_wconf 91' lang='grc'>,</span> <span class='ocrx_word' id='word_1_59' title='bbox 1776 967 1871 1020; x_wconf 80' lang='grc' dir='ltr'>καὶ</span> 
     </span>
    </p>
   </div>
   <div class='ocr_carea' id='block_1_9' title="bbox 281 1034 1871 1120">
    <p class='ocr_par' dir='ltr' id='par_1_9' title="bbox 281 1034 1871 1120">
     <span class='ocr_line' id='line_1_9' title="bbox 281 1034 1871 1120; baseline 0.009 -32"><span class='ocrx_word' id='word_1_60' title='bbox 281 1034 523 1120; x_wconf 79' lang='grc' dir='ltr'>ἐποιεῖτο</span> <span class='ocrx_word' id='word_1_61' title='bbox 544 1038 650 1120; x_wconf 77' lang='grc' dir='ltr'>τὴν</span> <span class='ocrx_word' id='word_1_62' title='bbox 677 1039 854 1110; x_wconf 82' lang='grc' dir='ltr'>ὁρμήν</span> <span class='ocrx_word' id='word_1_63' title='bbox 876 1043 957 1120; x_wconf 88' lang='grc' dir='ltr'>εἰς</span> <span class='ocrx_word' id='word_1_64' title='bbox 981 1041 1081 1112; x_wconf 83' lang='grc' dir='ltr'>τὴν</span> <span class='ocrx_word' id='word_1_65' title='bbox 1102 1043 1326 1114; x_wconf 89' lang='grc' dir='ltr'>Βαιθήλ.</span> <span class='ocrx_word' id='word_1_66' title='bbox 1369 1047 1508 1099; x_wconf 78' lang='grc' dir='ltr'>Ἀλλ’</span> <span class='ocrx_word' id='word_1_67' title='bbox 1525 1048 1626 1120; x_wconf 86' lang='grc' dir='ltr'>ὅρα</span> <span class='ocrx_word' id='word_1_68' title='bbox 1658 1067 1747 1120; x_wconf 90' lang='grc' dir='ltr'>μοι</span> <span class='ocrx_word' id='word_1_69' title='bbox 1767 1051 1871 1103; x_wconf 87' lang='grc' dir='ltr'>πά-</span> 
     </span>
    </p>
   </div>
   <div class='ocr_carea' id='block_1_10' title="bbox 281 1118 1872 1197">
    <p class='ocr_par' dir='ltr' id='par_1_10' title="bbox 281 1118 1872 1197">
     <span class='ocr_line' id='line_1_10' title="bbox 281 1118 1872 1197; baseline 0.009 -27"><span class='ocrx_word' id='word_1_70' title='bbox 281 1118 368 1171; x_wconf 91' lang='grc' dir='ltr'>λιν</span> <span class='ocrx_word' id='word_1_71' title='bbox 397 1120 494 1172; x_wconf 90' lang='grc' dir='ltr'>τοῦ</span> <span class='ocrx_word' id='word_1_72' title='bbox 527 1119 662 1172; x_wconf 87' lang='grc' dir='ltr'>Θεοῦ</span> <span class='ocrx_word' id='word_1_73' title='bbox 699 1123 797 1191; x_wconf 83' lang='grc' dir='ltr'>τὴν</span> <span class='ocrx_word' id='word_1_74' title='bbox 829 1119 958 1194; x_wconf 70' lang='grc' dir='ltr'>περὶ</span> <span class='ocrx_word' id='word_1_75' title='bbox 1007 1125 1168 1179; x_wconf 82' lang='grc' dir='ltr'>αὑτὸν</span> <span class='ocrx_word' id='word_1_76' title='bbox 1218 1118 1581 1197; x_wconf 78' lang='grc' dir='ltr'>κηδεμονίαν,</span> <span class='ocrx_word' id='word_1_77' title='bbox 1628 1118 1724 1184; x_wconf 71' lang='grc' dir='ltr'>καὶ</span> <span class='ocrx_word' id='word_1_78' title='bbox 1755 1132 1872 1195; x_wconf 89' lang='grc' dir='ltr'>πῶς</span> 
     </span>
    </p>
   </div>
   <div class='ocr_carea' id='block_1_11' title="bbox 283 1202 1870 1282">
    <p class='ocr_par' dir='ltr' id='par_1_11' title="bbox 283 1202 1870 1282">
     <span class='ocr_line' id='line_1_11' title="bbox 283 1202 1870 1282; baseline 0.01 -29"><span class='ocrx_word' id='word_1_79' title='bbox 283 1203 438 1271; x_wconf 79' lang='grc' dir='ltr'>ἡμᾶς</span> <span class='ocrx_word' id='word_1_80' title='bbox 463 1202 704 1256; x_wconf 79' lang='grc' dir='ltr'>διδάσκει</span> <span class='ocrx_word' id='word_1_81' title='bbox 740 1207 772 1275; x_wconf 91' lang='grc' dir='ltr'>ἡ</span> <span class='ocrx_word' id='word_1_82' title='bbox 805 1204 996 1276; x_wconf 86' lang='grc' dir='ltr'>Γραφὴ</span> <span class='ocrx_word' id='word_1_83' title='bbox 1021 1208 1238 1263; x_wconf 76' lang='grc' dir='ltr'>ἅπαντα</span> <span class='ocrx_word' id='word_1_84' title='bbox 1274 1212 1481 1280; x_wconf 89' lang='grc' dir='ltr'>σαφῶς.</span> <span class='ocrx_word' id='word_1_85' title='bbox 1532 1214 1870 1282; x_wconf 81' lang='grc' dir='ltr'>Ἐξελθόντος</span> 
     </span>
    </p>
   </div>
   <div class='ocr_carea' id='block_1_12' title="bbox 283 1285 1872 1365">
    <p class='ocr_par' dir='ltr' id='par_1_12' title="bbox 283 1285 1872 1365">
     <span class='ocr_line' id='line_1_12' title="bbox 283 1285 1872 1365; baseline 0.011 -30"><span class='ocrx_word' id='word_1_86' title='bbox 283 1285 417 1355; x_wconf 78' lang='grc' dir='ltr'>γάρ,</span> <span class='ocrx_word' id='word_1_87' title='bbox 452 1289 606 1354; x_wconf 69' lang='grc' dir='ltr'>φησὶ,</span> <span class='ocrx_word' id='word_1_88' title='bbox 633 1287 726 1340; x_wconf 77' lang='grc' dir='ltr'>τοῦ</span> <span class='ocrx_word' id='word_1_89' title='bbox 757 1289 968 1341; x_wconf 85' lang='grc' dir='ltr'>δικαίου</span> <span class='ocrx_word' id='word_1_90' title='bbox 991 1292 1054 1343; x_wconf 88' lang='grc' dir='ltr'>ἐκ</span> <span class='ocrx_word' id='word_1_91' title='bbox 1084 1292 1361 1361; x_wconf 89' lang='grc' dir='ltr'>Σηκίμων,</span> <span class='ocrx_word' id='word_1_92' title='bbox 1394 1295 1666 1364; x_wconf 75' lang='grc' dir='ltr'>Ἐγένετο</span> <span class='ocrx_word' id='word_1_93' title='bbox 1687 1300 1872 1365; x_wconf 63' lang='grc' dir='ltr'>φόϐος</span> 
     </span>
    </p>
   </div>
   <div class='ocr_carea' id='block_1_13' title="bbox 285 1368 1870 1441">
    <p class='ocr_par' dir='ltr' id='par_1_13' title="bbox 285 1368 1870 1441">
     <span class='ocr_line' id='line_1_13' title="bbox 285 1368 1870 1441; baseline 0.008 -20"><span class='ocrx_word' id='word_1_94' title='bbox 285 1368 440 1421; x_wconf 79' lang='grc' dir='ltr'>Θεοῦ</span> <span class='ocrx_word' id='word_1_95' title='bbox 492 1369 589 1421; x_wconf 87' lang='grc' dir='ltr'>ἐπὶ</span> <span class='ocrx_word' id='word_1_96' title='bbox 632 1371 738 1436; x_wconf 81' lang='grc' dir='ltr'>τὰς</span> <span class='ocrx_word' id='word_1_97' title='bbox 775 1372 983 1436; x_wconf 79' lang='grc' dir='ltr'>πόλεις</span> <span class='ocrx_word' id='word_1_98' title='bbox 1024 1376 1130 1438; x_wconf 87' lang='grc' dir='ltr'>τὰς</span> <span class='ocrx_word' id='word_1_99' title='bbox 1159 1377 1361 1440; x_wconf 79' lang='grc' dir='ltr'>κύκλῳ</span> <span class='ocrx_word' id='word_1_100' title='bbox 1388 1377 1620 1441; x_wconf 80' lang='grc' dir='ltr'>αὐτῶν,</span> <span class='ocrx_word' id='word_1_101' title='bbox 1661 1381 1758 1433; x_wconf 80' lang='grc' dir='ltr'>καὶ</span> <span class='ocrx_word' id='word_1_102' title='bbox 1799 1385 1870 1434; x_wconf 87' lang='grc' dir='ltr'>οὺ</span> 
     </span>
    </p>
   </div>
   <div class='ocr_carea' id='block_1_14' title="bbox 280 1451 1868 1534">
    <p class='ocr_par' dir='ltr' id='par_1_14' title="bbox 280 1451 1868 1534">
     <span class='ocr_line' id='line_1_14' title="bbox 280 1451 1868 1534; baseline 0.009 -32"><span class='ocrx_word' id='word_1_103' title='bbox 280 1451 655 1512; x_wconf 74' lang='grc' dir='ltr'>κατεδίωξαν</span> <span class='ocrx_word' id='word_1_104' title='bbox 682 1454 877 1506; x_wconf 83' lang='grc' dir='ltr'>ὀπίσω</span> <span class='ocrx_word' id='word_1_105' title='bbox 897 1455 1018 1508; x_wconf 81' lang='grc' dir='ltr'>τῶν</span> <span class='ocrx_word' id='word_1_106' title='bbox 1043 1455 1190 1510; x_wconf 81' lang='grc' dir='ltr'>υἱῶν</span> <span class='ocrx_word' id='word_1_107' title='bbox 1229 1459 1498 1526; x_wconf 75' lang='grc' dir='ltr'>Ἰσραήλ.</span> <span class='ocrx_word' id='word_1_108' title='bbox 1543 1460 1696 1526; x_wconf 78' lang='grc' dir='ltr'>Εἶδες</span> <span class='ocrx_word' id='word_1_109' title='bbox 1728 1465 1868 1534; x_wconf 80' lang='grc' dir='ltr'>πόση</span> 
     </span>
    </p>
   </div>
   <div class='ocr_carea' id='block_1_15' title="bbox 278 1535 1870 1617">
    <p class='ocr_par' dir='ltr' id='par_1_15' title="bbox 278 1535 1870 1617">
     <span class='ocr_line' id='line_1_15' title="bbox 278 1535 1870 1617; baseline 0.009 -33"><span class='ocrx_word' id='word_1_110' title='bbox 278 1535 316 1617; x_wconf 87' lang='grc' dir='ltr'>ἡ</span> <span class='ocrx_word' id='word_1_111' title='bbox 356 1535 603 1601; x_wconf 87' lang='grc' dir='ltr'>πρόνοια,</span> <span class='ocrx_word' id='word_1_112' title='bbox 634 1537 728 1588; x_wconf 73' lang='grc' dir='ltr'>καὶ</span> <span class='ocrx_word' id='word_1_113' title='bbox 766 1537 883 1598; x_wconf 86' lang='grc' dir='ltr'>πῶς</span> <span class='ocrx_word' id='word_1_114' title='bbox 911 1539 1147 1609; x_wconf 85' lang='grc' dir='ltr'>ἐναργὴς</span> <span class='ocrx_word' id='word_1_115' title='bbox 1178 1553 1205 1580; x_wconf 76' lang='grc' dir='ltr'>δι</span> <span class='ocrx_word' id='word_1_116' title='bbox 1241 1543 1272 1612; x_wconf 96' lang='grc' dir='ltr'>ἡ</span> <span class='ocrx_word' id='word_1_117' title='bbox 1299 1545 1428 1613; x_wconf 87' lang='grc' dir='ltr'>παρ’</span> <span class='ocrx_word' id='word_1_118' title='bbox 1458 1545 1625 1598; x_wconf 82' lang='grc' dir='ltr'>αὑτοῦ</span> <span class='ocrx_word' id='word_1_119' title='bbox 1649 1546 1870 1617; x_wconf 86' lang='grc' dir='ltr'>ἀντίλη-</span> 
     </span>
    </p>
   </div>
   <div class='ocr_carea' id='block_1_16' title="bbox 277 1616 1867 1696">
    <p class='ocr_par' dir='ltr' id='par_1_16' title="bbox 277 1616 1867 1696">
     <span class='ocr_line' id='line_1_16' title="bbox 277 1616 1867 1696; baseline 0.01 -29"><span class='ocrx_word' id='word_1_120' title='bbox 277 1616 376 1684; x_wconf 79' lang='grc' dir='ltr'>ψις</span> <span class='ocrx_word' id='word_1_121' title='bbox 403 1618 652 1684; x_wconf 84' lang='grc' dir='ltr'>ὲγένετο;</span> <span class='ocrx_word' id='word_1_122' title='bbox 701 1620 966 1673; x_wconf 83' lang='grc' dir='ltr'>Ἐπέπεσε</span> <span class='ocrx_word' id='word_1_123' title='bbox 991 1622 1100 1693; x_wconf 87' lang='grc' dir='ltr'>γὰρ</span> <span class='ocrx_word' id='word_1_124' title='bbox 1125 1625 1210 1676; x_wconf 77' lang='grc' dir='ltr'>ἐπ’</span> <span class='ocrx_word' id='word_1_125' title='bbox 1242 1626 1439 1689; x_wconf 84' lang='grc' dir='ltr'>αὑτοὺς</span> <span class='ocrx_word' id='word_1_126' title='bbox 1475 1628 1656 1696; x_wconf 88' lang='grc' dir='ltr'>φόϐος,</span> <span class='ocrx_word' id='word_1_127' title='bbox 1681 1632 1774 1683; x_wconf 78' lang='grc' dir='ltr'>καὶ</span> <span class='ocrx_word' id='word_1_128' title='bbox 1807 1616 1867 1683; x_wconf 85' lang='grc' dir='ltr'>οὐ</span> 
     </span>
    </p>
   </div>
   <div class='ocr_carea' id='block_1_17' title="bbox 281 1702 1868 1780">
    <p class='ocr_par' dir='ltr' id='par_1_17' title="bbox 281 1702 1868 1780">
     <span class='ocr_line' id='line_1_17' title="bbox 281 1702 1868 1780; baseline 0.009 -28"><span class='ocrx_word' id='word_1_129' title='bbox 281 1702 618 1768; x_wconf 76' lang='grc' dir='ltr'>κατεδίωξαν</span> <span class='ocrx_word' id='word_1_130' title='bbox 639 1703 812 1755; x_wconf 80' lang='grc' dir='ltr'>ὀπίσω</span> <span class='ocrx_word' id='word_1_131' title='bbox 839 1705 1035 1759; x_wconf 83' lang='grc' dir='ltr'>αὐτῶν.</span> <span class='ocrx_word' id='word_1_132' title='bbox 1079 1708 1300 1780; x_wconf 80' lang='grc' dir='ltr'>Ἐπειδὴ</span> <span class='ocrx_word' id='word_1_133' title='bbox 1338 1711 1448 1780; x_wconf 80' lang='grc' dir='ltr'>γὰρ</span> <span class='ocrx_word' id='word_1_134' title='bbox 1481 1711 1640 1764; x_wconf 86' lang='grc' dir='ltr'>τοῦτο</span> <span class='ocrx_word' id='word_1_135' title='bbox 1672 1713 1868 1766; x_wconf 89' lang='grc' dir='ltr'>ἐδεδοί-</span> 
     </span>
    </p>
   </div>
   <div class='ocr_carea' id='block_1_18' title="bbox 280 1784 1866 1866">
    <p class='ocr_par' dir='ltr' id='par_1_18' title="bbox 280 1784 1866 1866">
     <span class='ocr_line' id='line_1_18' title="bbox 280 1784 1866 1866; baseline 0.011 -32"><span class='ocrx_word' id='word_1_136' title='bbox 280 1801 369 1836; x_wconf 81' lang='grc' dir='ltr'>κει</span> <span class='ocrx_word' id='word_1_137' title='bbox 421 1787 450 1837; x_wconf 98' lang='lat'>6</span> <span class='ocrx_word' id='word_1_138' title='bbox 487 1784 708 1846; x_wconf 88' lang='grc' dir='ltr'>δίκαιος,</span> <span class='ocrx_word' id='word_1_139' title='bbox 749 1785 902 1860; x_wconf 83' lang='grc'>[576]</span> <span class='ocrx_word' id='word_1_140' title='bbox 938 1791 1033 1842; x_wconf 74' lang='grc' dir='ltr'>καὶ</span> <span class='ocrx_word' id='word_1_141' title='bbox 1089 1791 1303 1859; x_wconf 81' lang='grc' dir='ltr'>ἔλεγεν·</span> <span class='ocrx_word' id='word_1_142' title='bbox 1357 1795 1689 1863; x_wconf 68' lang='grc' dir='ltr'>Ὀλιγοστός</span> <span class='ocrx_word' id='word_1_143' title='bbox 1730 1801 1866 1866; x_wconf 83' lang='grc' dir='ltr'>εἰμι,</span> 
     </span>
    </p>
   </div>
   <div class='ocr_carea' id='block_1_19' title="bbox 276 1866 1869 1948">
    <p class='ocr_par' dir='ltr' id='par_1_19' title="bbox 276 1866 1869 1948">
     <span class='ocr_line' id='line_1_19' title="bbox 276 1866 1869 1948; baseline 0.01 -31"><span class='ocrx_word' id='word_1_144' title='bbox 276 1866 380 1918; x_wconf 75' lang='grc' dir='ltr'>καί</span> <span class='ocrx_word' id='word_1_145' title='bbox 416 1867 873 1937; x_wconf 75' lang='grc' dir='ltr'>ἐκτριϐήσομαι·</span> <span class='ocrx_word' id='word_1_146' title='bbox 925 1871 1014 1924; x_wconf 84' lang='grc' dir='ltr'>διά</span> <span class='ocrx_word' id='word_1_147' title='bbox 1067 1873 1224 1928; x_wconf 88' lang='grc' dir='ltr'>τοῦτό</span> <span class='ocrx_word' id='word_1_148' title='bbox 1255 1893 1438 1948; x_wconf 85' lang='grc' dir='ltr'>φησιν,</span> <span class='ocrx_word' id='word_1_149' title='bbox 1485 1878 1655 1931; x_wconf 80' lang='grc' dir='ltr'>Φόϐου</span> <span class='ocrx_word' id='word_1_150' title='bbox 1686 1881 1869 1946; x_wconf 78' lang='grc' dir='ltr'>αὐτοῖς</span> 
     </span>
    </p>
   </div>
   <div class='ocr_carea' id='block_1_20' title="bbox 277 1950 1868 2036">
    <p class='ocr_par' dir='ltr' id='par_1_20' title="bbox 277 1950 1868 2036">
     <span class='ocr_line' id='line_1_20' title="bbox 277 1950 1868 2036; baseline 0.011 -38"><span class='ocrx_word' id='word_1_151' title='bbox 277 1950 636 2013; x_wconf 84' lang='grc' dir='ltr'>ἐπιπεσόντος</span> <span class='ocrx_word' id='word_1_152' title='bbox 663 1954 722 2004; x_wconf 86' lang='grc' dir='ltr'>ού</span> <span class='ocrx_word' id='word_1_153' title='bbox 751 1953 1082 2018; x_wconf 82' lang='grc' dir='ltr'>κατεδίωξαν</span> <span class='ocrx_word' id='word_1_154' title='bbox 1115 1957 1292 2010; x_wconf 84' lang='grc' dir='ltr'>ὀπίσω</span> <span class='ocrx_word' id='word_1_155' title='bbox 1319 1959 1515 2013; x_wconf 73' lang='grc' dir='ltr'>αὐτῶν.</span> <span class='ocrx_word' id='word_1_156' title='bbox 1557 1961 1723 2014; x_wconf 85' lang='grc' dir='ltr'>Ὅταν</span> <span class='ocrx_word' id='word_1_157' title='bbox 1761 1963 1868 2036; x_wconf 79' lang='grc' dir='ltr'>γάρ</span> 
     </span>
    </p>
   </div>
   <div class='ocr_carea' id='block_1_21' title="bbox 276 2031 1870 2114">
    <p class='ocr_par' dir='ltr' id='par_1_21' title="bbox 276 2031 1870 2114">
     <span class='ocr_line' id='line_1_21' title="bbox 276 2031 1870 2114; baseline 0.011 -32"><span class='ocrx_word' id='word_1_158' title='bbox 276 2032 445 2094; x_wconf 69' lang='grc' dir='ltr'>αὐτὸς</span> <span class='ocrx_word' id='word_1_159' title='bbox 485 2031 740 2104; x_wconf 85' lang='grc' dir='ltr'>βούληται</span> <span class='ocrx_word' id='word_1_160' title='bbox 769 2035 868 2105; x_wconf 82' lang='grc' dir='ltr'>τὴν</span> <span class='ocrx_word' id='word_1_161' title='bbox 904 2039 1081 2108; x_wconf 75' lang='grc' dir='ltr'>ῥοπὴν</span> <span class='ocrx_word' id='word_1_162' title='bbox 1117 2040 1216 2110; x_wconf 77' lang='grc' dir='ltr'>τὴν</span> <span class='ocrx_word' id='word_1_163' title='bbox 1251 2041 1377 2112; x_wconf 82' lang='grc' dir='ltr'>παρ’</span> <span class='ocrx_word' id='word_1_164' title='bbox 1412 2044 1603 2096; x_wconf 82' lang='grc' dir='ltr'>ἑαυτοῦ</span> <span class='ocrx_word' id='word_1_165' title='bbox 1632 2048 1870 2114; x_wconf 88' lang='grc' dir='ltr'>εἰσενεγ-</span> 
     </span>
    </p>
   </div>
   <div class='ocr_carea' id='block_1_22' title="bbox 277 2116 1869 2194">
    <p class='ocr_par' dir='ltr' id='par_1_22' title="bbox 277 2116 1869 2194">
     <span class='ocr_line' id='line_1_22' title="bbox 277 2116 1869 2194; baseline 0.011 -28"><span class='ocrx_word' id='word_1_166' title='bbox 277 2119 419 2178; x_wconf 86' lang='grc' dir='ltr'>κεῖν,</span> <span class='ocrx_word' id='word_1_167' title='bbox 462 2117 554 2169; x_wconf 74' lang='grc' dir='ltr'>καὶ</span> <span class='ocrx_word' id='word_1_168' title='bbox 589 2116 726 2181; x_wconf 78' lang='grc' dir='ltr'>’τοὺς</span> <span class='ocrx_word' id='word_1_169' title='bbox 769 2119 1015 2184; x_wconf 82' lang='grc' dir='ltr'>ἀσθενεῖς</span> <span class='ocrx_word' id='word_1_170' title='bbox 1063 2123 1445 2194; x_wconf 87' lang='grc' dir='ltr'>ἰσχυροτέρους</span> <span class='ocrx_word' id='word_1_171' title='bbox 1476 2127 1582 2179; x_wconf 89' lang='grc' dir='ltr'>τῶν</span> <span class='ocrx_word' id='word_1_172' title='bbox 1629 2128 1869 2183; x_wconf 88' lang='grc' dir='ltr'>δυνατῶν</span> 
     </span>
    </p>
   </div>
   <div class='ocr_carea' id='block_1_23' title="bbox 274 2201 1867 2273">
    <p class='ocr_par' dir='ltr' id='par_1_23' title="bbox 274 2201 1867 2273">
     <span class='ocr_line' id='line_1_23' title="bbox 274 2201 1867 2273; baseline 0.01 -23"><span class='ocrx_word' id='word_1_173' title='bbox 274 2201 677 2267; x_wconf 80' lang='grc' dir='ltr'>ἀπεργάζεται,</span> <span class='ocrx_word' id='word_1_174' title='bbox 708 2203 837 2266; x_wconf 81' lang='grc' dir='ltr'>τοὺς</span> <span class='ocrx_word' id='word_1_175' title='bbox 885 2203 1103 2273; x_wconf 80' lang='grc' dir='ltr'>ὀλίγους</span> <span class='ocrx_word' id='word_1_176' title='bbox 1131 2207 1241 2258; x_wconf 88' lang='grc' dir='ltr'>τῶν</span> <span class='ocrx_word' id='word_1_177' title='bbox 1277 2207 1540 2261; x_wconf 88' lang='grc' dir='ltr'>πλειόνων</span> <span class='ocrx_word' id='word_1_178' title='bbox 1568 2210 1867 2265; x_wconf 87' lang='grc' dir='ltr'>δυνατωτέ-</span> 
     </span>
    </p>
   </div>
   <div class='ocr_carea' id='block_1_24' title="bbox 279 2284 1868 2368">
    <p class='ocr_par' dir='ltr' id='par_1_24' title="bbox 279 2284 1868 2368">
     <span class='ocr_line' id='line_1_24' title="bbox 279 2284 1868 2368; baseline 0.011 -36"><span class='ocrx_word' id='word_1_179' title='bbox 279 2299 434 2349; x_wconf 84' lang='grc' dir='ltr'>ρους,</span> <span class='ocrx_word' id='word_1_180' title='bbox 463 2284 556 2336; x_wconf 80' lang='grc' dir='ltr'>κα¹ι</span> <span class='ocrx_word' id='word_1_181' title='bbox 580 2284 735 2338; x_wconf 79' lang='grc' dir='ltr'>οὐδὲν</span> <span class='ocrx_word' id='word_1_182' title='bbox 763 2288 829 2340; x_wconf 82' lang='grc' dir='ltr'>ἂν</span> <span class='ocrx_word' id='word_1_183' title='bbox 856 2286 1064 2354; x_wconf 87' lang='grc' dir='ltr'>γένοιτο</span> <span class='ocrx_word' id='word_1_184' title='bbox 1116 2293 1580 2363; x_wconf 88' lang='grc' dir='ltr'>μακαριστότερον</span> <span class='ocrx_word' id='word_1_185' title='bbox 1627 2295 1722 2349; x_wconf 88' lang='grc' dir='ltr'>τοῦ</span> <span class='ocrx_word' id='word_1_186' title='bbox 1767 2295 1868 2368; x_wconf 82' lang='grc' dir='ltr'>τὴν</span> 
     </span>
    </p>
   </div>
   <div class='ocr_carea' id='block_1_25' title="bbox 273 2365 1863 2450">
    <p class='ocr_par' dir='ltr' id='par_1_25' title="bbox 273 2365 1863 2450">
     <span class='ocr_line' id='line_1_25' title="bbox 273 2365 1863 2450; baseline 0.008 -33"><span class='ocrx_word' id='word_1_187' title='bbox 273 2365 490 2420; x_wconf 81' lang='grc' dir='ltr'>ἄνωθεν</span> <span class='ocrx_word' id='word_1_188' title='bbox 523 2369 972 2440; x_wconf 78' lang='grc' dir='ltr'>ἐπισπασαμένου</span> <span class='ocrx_word' id='word_1_189' title='bbox 1011 2375 1204 2444; x_wconf 80' lang='grc' dir='ltr'>ῥοπήν.</span> <span class='ocrx_word' id='word_1_190' title='bbox 1242 2376 1352 2429; x_wconf 84' lang='grc' dir='ltr'>Καὶ</span> <span class='ocrx_word' id='word_1_191' title='bbox 1391 2376 1648 2445; x_wconf 81' lang='grc' dir='ltr'>ἀπῆλθε,</span> <span class='ocrx_word' id='word_1_192' title='bbox 1675 2365 1863 2450; x_wconf 77' lang='grc' dir='ltr'>φησὶν,</span> 
     </span>
    </p>
   </div>
   <div class='ocr_carea' id='block_1_26' title="bbox 291 2450 1866 2531">
    <p class='ocr_par' dir='ltr' id='par_1_26' title="bbox 291 2450 1866 2531">
     <span class='ocr_line' id='line_1_26' title="bbox 291 2450 1866 2531; baseline 0.009 -27"><span class='ocrx_word' id='word_1_193' title='bbox 291 2450 504 2504; x_wconf 69' lang='grc' dir='ltr'>Ἰακὼϐ</span> <span class='ocrx_word' id='word_1_194' title='bbox 527 2453 614 2518; x_wconf 80' lang='grc' dir='ltr'>είς</span> <span class='ocrx_word' id='word_1_195' title='bbox 645 2453 894 2520; x_wconf 80' lang='grc' dir='ltr'>Λούζαν,</span> <span class='ocrx_word' id='word_1_196' title='bbox 936 2455 976 2524; x_wconf 86' lang='grc' dir='ltr'><em>ἤ</em></span> <span class='ocrx_word' id='word_1_197' title='bbox 997 2458 1170 2510; x_wconf 82' lang='grc' dir='ltr'>ἐστιν</span> <span class='ocrx_word' id='word_1_198' title='bbox 1193 2459 1263 2511; x_wconf 83' lang='grc' dir='ltr'>ἐν</span> <span class='ocrx_word' id='word_1_199' title='bbox 1287 2459 1364 2528; x_wconf 74' lang='grc' dir='ltr'>γῇ</span> <span class='ocrx_word' id='word_1_200' title='bbox 1384 2462 1646 2526; x_wconf 78' lang='grc' dir='ltr'>Χαναὰν,</span> <span class='ocrx_word' id='word_1_201' title='bbox 1680 2463 1718 2531; x_wconf 87' lang='grc' dir='ltr'><em>ἢ</em></span> <span class='ocrx_word' id='word_1_202' title='bbox 1734 2465 1866 2519; x_wconf 86' lang='grc' dir='ltr'>ἐστι</span> 
     </span>
    </p>
   </div>
   <div class='ocr_carea' id='block_1_27' title="bbox 271 2533 1864 2613">
    <p class='ocr_par' dir='ltr' id='par_1_27' title="bbox 271 2533 1864 2613">
     <span class='ocr_line' id='line_1_27' title="bbox 271 2533 1864 2613; baseline 0.01 -28"><span class='ocrx_word' id='word_1_203' title='bbox 271 2533 530 2601; x_wconf 74' lang='grc' dir='ltr'>Βωθὴλ,</span> <span class='ocrx_word' id='word_1_204' title='bbox 560 2535 656 2587; x_wconf 78' lang='grc' dir='ltr'>καὶ</span> <span class='ocrx_word' id='word_1_205' title='bbox 690 2535 810 2600; x_wconf 83' lang='grc' dir='ltr'>πᾶς</span> <span class='ocrx_word' id='word_1_206' title='bbox 838 2541 870 2589; x_wconf 90' lang='lat' dir='ltr'>o’</span> <span class='ocrx_word' id='word_1_207' title='bbox 893 2539 1046 2604; x_wconf 71' lang='grc' dir='ltr'>λαός</span> <span class='ocrx_word' id='word_1_208' title='bbox 1081 2544 1113 2594; x_wconf 84' lang='lat' dir='ltr'>d</span> <span class='ocrx_word' id='word_1_209' title='bbox 1142 2544 1270 2609; x_wconf 82' lang='grc' dir='ltr'>μετ’</span> <span class='ocrx_word' id='word_1_210' title='bbox 1315 2544 1522 2598; x_wconf 83' lang='grc' dir='ltr'>αὐτοῦ.</span> <span class='ocrx_word' id='word_1_211' title='bbox 1569 2545 1680 2599; x_wconf 88' lang='lat' dir='ltr'><strong><em>Kal</em></strong></span> <span class='ocrx_word' id='word_1_212' title='bbox 1716 2549 1864 2613; x_wconf 82' lang='grc' dir='ltr'>ᾠκο-</span> 
     </span>
    </p>
   </div>
   <div class='ocr_carea' id='block_1_28' title="bbox 273 2615 1866 2699">
    <p class='ocr_par' dir='ltr' id='par_1_28' title="bbox 273 2615 1866 2699">
     <span class='ocr_line' id='line_1_28' title="bbox 273 2615 1866 2699; baseline 0.01 -31"><span class='ocrx_word' id='word_1_213' title='bbox 273 2615 548 2683; x_wconf 78' lang='grc' dir='ltr'>δόμησεν</span> <span class='ocrx_word' id='word_1_214' title='bbox 575 2617 702 2670; x_wconf 79' lang='grc' dir='ltr'>ἐκεῖ</span> <span class='ocrx_word' id='word_1_215' title='bbox 717 2621 1169 2689; x_wconf 79' lang='grc' dir='ltr'>θυσιαστήριον,</span> <span class='ocrx_word' id='word_1_216' title='bbox 1197 2625 1296 2678; x_wconf 85' lang='grc' dir='ltr'>καί</span> <span class='ocrx_word' id='word_1_217' title='bbox 1317 2625 1572 2680; x_wconf 75' lang='grc' dir='ltr'>ἐκάλεσε</span> <span class='ocrx_word' id='word_1_218' title='bbox 1584 2630 1653 2682; x_wconf 86' lang='grc' dir='ltr'>τὸ</span> <span class='ocrx_word' id='word_1_219' title='bbox 1678 2629 1866 2699; x_wconf 82' lang='grc' dir='ltr'>ὄνομα</span> 
     </span>
    </p>
   </div>
   <div class='ocr_carea' id='block_1_29' title="bbox 275 2699 1864 2781">
    <p class='ocr_par' dir='ltr' id='par_1_29' title="bbox 275 2699 1864 2781">
     <span class='ocr_line' id='line_1_29' title="bbox 275 2699 1864 2781; baseline 0.011 -30"><span class='ocrx_word' id='word_1_220' title='bbox 275 2699 384 2752; x_wconf 84' lang='grc' dir='ltr'>τοῦ</span> <span class='ocrx_word' id='word_1_221' title='bbox 415 2700 604 2753; x_wconf 85' lang='grc' dir='ltr'>τόπου</span> <span class='ocrx_word' id='word_1_222' title='bbox 625 2702 853 2768; x_wconf 74' lang='grc' dir='ltr'>Βαιθήλ</span> <span class='ocrx_word' id='word_1_223' title='bbox 871 2719 884 2733; x_wconf 89' lang='grc'>·</span> <span class='ocrx_word' id='word_1_224' title='bbox 916 2705 1042 2758; x_wconf 80' lang='grc' dir='ltr'>ἐκεῖ</span> <span class='ocrx_word' id='word_1_225' title='bbox 1063 2706 1171 2774; x_wconf 79' lang='grc' dir='ltr'>γὰρ</span> <span class='ocrx_word' id='word_1_226' title='bbox 1193 2707 1463 2778; x_wconf 63' lang='grc' dir='ltr'>ἐπεφάνη</span> <span class='ocrx_word' id='word_1_227' title='bbox 1484 2711 1644 2777; x_wconf 84' lang='grc' dir='ltr'>αὐτῷ</span> <span class='ocrx_word' id='word_1_228' title='bbox 1665 2717 1698 2766; x_wconf 83' lang='grc' dir='ltr'>ὀ</span> <span class='ocrx_word' id='word_1_229' title='bbox 1720 2715 1864 2781; x_wconf 84' lang='grc' dir='ltr'>Θεὸς</span> 
     </span>
    </p>
   </div>
   <div class='ocr_carea' id='block_1_30' title="bbox 270 2781 1864 2860">
    <p class='ocr_par' dir='ltr' id='par_1_30' title="bbox 270 2781 1864 2860">
     <span class='ocr_line' id='line_1_30' title="bbox 270 2781 1864 2860; baseline 0.011 -28"><span class='ocrx_word' id='word_1_230' title='bbox 270 2783 344 2833; x_wconf 82' lang='grc' dir='ltr'>ἐν</span> <span class='ocrx_word' id='word_1_231' title='bbox 371 2781 454 2846; x_wconf 85' lang='grc' dir='ltr'>τῷ</span> <span class='ocrx_word' id='word_1_232' title='bbox 471 2783 938 2849; x_wconf 78' lang='grc' dir='ltr'>ἀποδιδράσκειν</span> <span class='ocrx_word' id='word_1_233' title='bbox 956 2788 1145 2842; x_wconf 84' lang='grc' dir='ltr'>αὐτὸν</span> <span class='ocrx_word' id='word_1_234' title='bbox 1171 2791 1291 2843; x_wconf 84' lang='grc' dir='ltr'>ἀπὸ</span> <span class='ocrx_word' id='word_1_235' title='bbox 1327 2794 1652 2860; x_wconf 81' lang='grc' dir='ltr'>προσώπου</span> <span class='ocrx_word' id='word_1_236' title='bbox 1680 2797 1864 2851; x_wconf 83' lang='grc' dir='ltr'>Ἡσαῦ</span> 
     </span>
    </p>
   </div>
   <div class='ocr_carea' id='block_1_31' title="bbox 271 2865 1864 2953">
    <p class='ocr_par' dir='ltr' id='par_1_31' title="bbox 271 2865 1864 2953">
     <span class='ocr_line' id='line_1_31' title="bbox 271 2865 1864 2953; baseline 0.013 -37"><span class='ocrx_word' id='word_1_237' title='bbox 271 2865 679 2953; x_wconf 35' lang='grc' dir='ltr'>τοῦΔάδελςροῦ</span> <span class='ocrx_word' id='word_1_238' title='bbox 707 2869 916 2923; x_wconf 77' lang='grc' dir='ltr'>αὐτοῦ.</span> <span class='ocrx_word' id='word_1_239' title='bbox 948 2873 1422 2945; x_wconf 82' lang='grc' dir='ltr'>Παραγενόμενος,</span> <span class='ocrx_word' id='word_1_240' title='bbox 1449 2879 1636 2948; x_wconf 74' lang='grc' dir='ltr'>φησὶν,</span> <span class='ocrx_word' id='word_1_241' title='bbox 1663 2884 1744 2944; x_wconf 87' lang='grc' dir='ltr'>είς</span> <span class='ocrx_word' id='word_1_242' title='bbox 1763 2884 1864 2953; x_wconf 77' lang='grc' dir='ltr'>τὴν</span> 
     </span>
    </p>
   </div>
   <div class='ocr_carea' id='block_1_32' title="bbox 272 2947 1864 3037">
    <p class='ocr_par' dir='ltr' id='par_1_32' title="bbox 272 2947 1864 3037">
     <span class='ocr_line' id='line_1_32' title="bbox 272 2947 1864 3037; baseline 0.014 -38"><span class='ocrx_word' id='word_1_243' title='bbox 272 2947 758 3037; x_wconf 37' lang='grc' dir='ltr'>[ξαιθὴμέποίησε</span> <span class='ocrx_word' id='word_1_244' title='bbox 782 2953 1234 3026; x_wconf 87' lang='grc' dir='ltr'>τὸ-προσταχθὲν,</span> <span class='ocrx_word' id='word_1_245' title='bbox 1263 2961 1357 3012; x_wconf 75' lang='grc' dir='ltr'>καὶ</span> <span class='ocrx_word' id='word_1_246' title='bbox 1383 2961 1444 3014; x_wconf 85' lang='lat'>16</span> <span class='ocrx_word' id='word_1_247' title='bbox 1480 2947 1864 3037; x_wconf 78' lang='grc' dir='ltr'>θυσιαστήριον</span> 
     </span>
    </p>
   </div>
   <div class='ocr_carea' id='block_1_33' title="bbox 270 3033 1858 3122">
    <p class='ocr_par' dir='ltr' id='par_1_33' title="bbox 270 3033 1858 3122">
     <span class='ocr_line' id='line_1_33' title="bbox 270 3033 1858 3122; baseline 0.013 -38"><span class='ocrx_word' id='word_1_248' title='bbox 270 3033 642 3122; x_wconf 65' lang='grc' dir='ltr'>οἰκοδομήσας</span> <span class='ocrx_word' id='word_1_249' title='bbox 663 3036 895 3122; x_wconf 74' lang='grc' dir='ltr'>ἐκάλεσε</span> <span class='ocrx_word' id='word_1_250' title='bbox 944 3038 1006 3091; x_wconf 87' lang='lat'>16</span> <span class='ocrx_word' id='word_1_251' title='bbox 1050 3042 1218 3110; x_wconf 80' lang='grc' dir='ltr'>δνομα</span> <span class='ocrx_word' id='word_1_252' title='bbox 1271 3043 1364 3096; x_wconf 90' lang='grc' dir='ltr'>τοῦ</span> <span class='ocrx_word' id='word_1_253' title='bbox 1418 3047 1585 3099; x_wconf 85' lang='grc' dir='ltr'>τόπου</span> <span class='ocrx_word' id='word_1_254' title='bbox 1632 3033 1858 3122; x_wconf 84' lang='grc' dir='ltr'>Βαιθήλ,</span> 
     </span>
    </p>
   </div>
   <div class='ocr_carea' id='block_1_34' title="bbox 284 3115 1858 3200">
    <p class='ocr_par' dir='ltr' id='par_1_34' title="bbox 284 3115 1858 3200">
     <span class='ocr_line' id='line_1_34' title="bbox 284 3115 1858 3200; baseline 0.014 -34"><span class='ocrx_word' id='word_1_255' title='bbox 284 3115 578 3169; x_wconf 77' lang='grc' dir='ltr'>Ἀπέθανε</span> <span class='ocrx_word' id='word_1_256' title='bbox 612 3117 701 3182; x_wconf 84' lang='grc' dir='ltr'>δὲ,</span> <span class='ocrx_word' id='word_1_257' title='bbox 729 3121 885 3189; x_wconf 80' lang='grc' dir='ltr'>φησὶ,</span> <span class='ocrx_word' id='word_1_258' title='bbox 910 3123 1168 3191; x_wconf 80' lang='grc' dir='ltr'>Δεϐόρῤα</span> <span class='ocrx_word' id='word_1_259' title='bbox 1205 3128 1242 3193; x_wconf 80' lang='grc' dir='ltr'>ἡ</span> <span class='ocrx_word' id='word_1_260' title='bbox 1271 3127 1492 3196; x_wconf 70' lang='grc' dir='ltr'>τροφὸς</span> <span class='ocrx_word' id='word_1_261' title='bbox 1525 3115 1858 3200; x_wconf 78' lang='grc' dir='ltr'>Ῥεϐέκκας,</span> 
     </span>
    </p>
   </div>
   <div class='ocr_carea' id='block_1_35' title="bbox 272 3200 1857 3277">
    <p class='ocr_par' dir='ltr' id='par_1_35' title="bbox 272 3200 1857 3277">
     <span class='ocr_line' id='line_1_35' title="bbox 272 3200 1857 3277; baseline 0.011 -25"><span class='ocrx_word' id='word_1_262' title='bbox 272 3201 378 3253; x_wconf 76' lang='grc' dir='ltr'>καὶ</span> <span class='ocrx_word' id='word_1_263' title='bbox 421 3200 616 3270; x_wconf 66' lang='grc' dir='ltr'>ἐτάφη</span> <span class='ocrx_word' id='word_1_264' title='bbox 656 3201 989 3272; x_wconf 71' lang='grc' dir='ltr'>κατώτερων·</span> <span class='ocrx_word' id='word_1_265' title='bbox 1008 3208 1239 3275; x_wconf 75' lang='grc' dir='ltr'>Βαιθὴλ</span> <span class='ocrx_word' id='word_1_266' title='bbox 1270 3209 1392 3264; x_wconf 81' lang='grc' dir='ltr'>ὑπὸ</span> <span class='ocrx_word' id='word_1_267' title='bbox 1419 3211 1532 3277; x_wconf 80' lang='grc' dir='ltr'>τὴν</span> <span class='ocrx_word' id='word_1_268' title='bbox 1548 3213 1857 3277; x_wconf 74' lang='grc' dir='ltr'>βάλανον·</span> 
     </span>
    </p>
   </div>
   <div class='ocr_carea' id='block_1_36' title="bbox 272 3281 1860 3364">
    <p class='ocr_par' dir='ltr' id='par_1_36' title="bbox 272 3281 1860 3364">
     <span class='ocr_line' id='line_1_36' title="bbox 272 3281 1860 3364; baseline 0.012 -31"><span class='ocrx_word' id='word_1_269' title='bbox 272 3281 374 3334; x_wconf 77' lang='grc' dir='ltr'>καί</span> <span class='ocrx_word' id='word_1_270' title='bbox 401 3281 698 3338; x_wconf 69' lang='grc' dir='ltr'>ἐκάλεσεν</span> <span class='ocrx_word' id='word_1_271' title='bbox 740 3285 952 3340; x_wconf 78' lang='grc' dir='ltr'>Ἰακὼϐ</span> <span class='ocrx_word' id='word_1_272' title='bbox 988 3287 1055 3341; x_wconf 89' lang='grc' dir='ltr'>τὸ</span> <span class='ocrx_word' id='word_1_273' title='bbox 1101 3289 1289 3358; x_wconf 81' lang='grc' dir='ltr'>ὄνομα</span> <span class='ocrx_word' id='word_1_274' title='bbox 1330 3293 1551 3360; x_wconf 85' lang='grc' dir='ltr'>αὐτῆς,</span> <span class='ocrx_word' id='word_1_275' title='bbox 1585 3297 1860 3364; x_wconf 76' lang='grc' dir='ltr'>βάλανος</span> 
     </span>
    </p>
   </div>
   <div class='ocr_carea' id='block_1_37' title="bbox 271 3365 1860 3445">
    <p class='ocr_par' dir='ltr' id='par_1_37' title="bbox 271 3365 1860 3445">
     <span class='ocr_line' id='line_1_37' title="bbox 271 3365 1860 3445; baseline 0.011 -28"><span class='ocrx_word' id='word_1_276' title='bbox 271 3365 559 3433; x_wconf 76' lang='grc' dir='ltr'>πένθους.</span> <span class='ocrx_word' id='word_1_277' title='bbox 595 3368 758 3438; x_wconf 76' lang='grc' dir='ltr'>Ὁρᾷς</span> <span class='ocrx_word' id='word_1_278' title='bbox 788 3369 906 3433; x_wconf 89' lang='grc' dir='ltr'>πῶς</span> <span class='ocrx_word' id='word_1_279' title='bbox 933 3370 1020 3424; x_wconf 77' lang='grc' dir='ltr'>ἀεὶ</span> <span class='ocrx_word' id='word_1_280' title='bbox 1042 3371 1150 3425; x_wconf 78' lang='grc' dir='ltr'>ἀπὸ</span> <span class='ocrx_word' id='word_1_281' title='bbox 1175 3373 1286 3426; x_wconf 89' lang='grc' dir='ltr'>τῶν</span> <span class='ocrx_word' id='word_1_282' title='bbox 1309 3375 1714 3445; x_wconf 84' lang='grc' dir='ltr'>συμϐαινόντων</span> <span class='ocrx_word' id='word_1_283' title='bbox 1733 3382 1860 3444; x_wconf 81' lang='grc' dir='ltr'>τοὺς</span> 
     </span>
    </p>
   </div>
   <div class='ocr_carea' id='block_1_38' title="bbox 270 3449 1859 3534">
    <p class='ocr_par' dir='ltr' id='par_1_38' title="bbox 270 3449 1859 3534">
     <span class='ocr_line' id='line_1_38' title="bbox 270 3449 1859 3534; baseline 0.011 -34"><span class='ocrx_word' id='word_1_284' title='bbox 270 3449 475 3512; x_wconf 85' lang='grc' dir='ltr'>τόπους</span> <span class='ocrx_word' id='word_1_285' title='bbox 525 3449 808 3520; x_wconf 76' lang='grc' dir='ltr'>ὠνόμαζεν</span> <span class='ocrx_word' id='word_1_286' title='bbox 834 3494 850 3518; x_wconf 98' lang='grc'>,</span> <span class='ocrx_word' id='word_1_287' title='bbox 886 3451 1029 3508; x_wconf 81' lang='grc' dir='ltr'>ὥστε</span> <span class='ocrx_word' id='word_1_288' title='bbox 1080 3455 1301 3528; x_wconf 83' lang='grc' dir='ltr'>διηνεκῆ</span> <span class='ocrx_word' id='word_1_289' title='bbox 1355 3458 1714 3524; x_wconf 75' lang='grc' dir='ltr'>διασώζεσθαι</span> <span class='ocrx_word' id='word_1_290' title='bbox 1759 3463 1859 3534; x_wconf 81' lang='grc' dir='ltr'>τὴν</span> 
     </span>
    </p>
   </div>
   <div class='ocr_carea' id='block_1_39' title="bbox 274 3535 1858 3616">
    <p class='ocr_par' dir='ltr' id='par_1_39' title="bbox 274 3535 1858 3616">
     <span class='ocr_line' id='line_1_39' title="bbox 274 3535 1858 3616; baseline 0.011 -33"><span class='ocrx_word' id='word_1_291' title='bbox 274 3535 530 3606; x_wconf 87' lang='grc' dir='ltr'>μνήμην;</span> <span class='ocrx_word' id='word_1_292' title='bbox 574 3535 684 3587; x_wconf 79' lang='grc' dir='ltr'>Καὶ</span> <span class='ocrx_word' id='word_1_293' title='bbox 726 3535 866 3600; x_wconf 89' lang='grc' dir='ltr'>πῶς,</span> <span class='ocrx_word' id='word_1_294' title='bbox 918 3538 983 3591; x_wconf 79' lang='grc' dir='ltr'>ἄν</span> <span class='ocrx_word' id='word_1_295' title='bbox 1008 3555 1090 3602; x_wconf 87' lang='grc' dir='ltr'>τις</span> <span class='ocrx_word' id='word_1_296' title='bbox 1119 3539 1346 3612; x_wconf 85' lang='grc' dir='ltr'>εῖποι,ἡ</span> <span class='ocrx_word' id='word_1_297' title='bbox 1379 3543 1578 3613; x_wconf 85' lang='grc' dir='ltr'>τροφὸς</span> <span class='ocrx_word' id='word_1_298' title='bbox 1607 3544 1707 3616; x_wconf 88' lang='grc' dir='ltr'>τῆς</span> <span class='ocrx_word' id='word_1_299' title='bbox 1742 3547 1858 3600; x_wconf 88' lang='grc' dir='ltr'>Ῥε-</span> 
     </span>
    </p>
   </div>
   <div class='ocr_carea' id='block_1_40' title="bbox 271 3616 1855 3696">
    <p class='ocr_par' dir='ltr' id='par_1_40' title="bbox 271 3616 1855 3696">
     <span class='ocr_line' id='line_1_40' title="bbox 271 3616 1855 3696; baseline 0.009 -29"><span class='ocrx_word' id='word_1_300' title='bbox 271 3616 481 3679; x_wconf 83' lang='grc' dir='ltr'>ϐέκκας</span> <span class='ocrx_word' id='word_1_301' title='bbox 508 3618 672 3687; x_wconf 88' lang='grc' dir='ltr'>συνῆν</span> <span class='ocrx_word' id='word_1_302' title='bbox 709 3617 789 3688; x_wconf 82' lang='grc' dir='ltr'>τῷ</span> <span class='ocrx_word' id='word_1_303' title='bbox 827 3617 1023 3672; x_wconf 84' lang='grc' dir='ltr'>Ἰακὼϐ</span> <span class='ocrx_word' id='word_1_304' title='bbox 1073 3622 1386 3692; x_wconf 90' lang='grc' dir='ltr'>πρόσφατον</span> <span class='ocrx_word' id='word_1_305' title='bbox 1410 3625 1516 3676; x_wconf 80' lang='grc' dir='ltr'>ἀπὸ</span> <span class='ocrx_word' id='word_1_306' title='bbox 1555 3627 1652 3696; x_wconf 89' lang='grc' dir='ltr'>τῆς</span> <span class='ocrx_word' id='word_1_307' title='bbox 1678 3629 1855 3682; x_wconf 89' lang='grc' dir='ltr'>Μεσο-</span> 
     </span>
    </p>
   </div>
   <div class='ocr_carea' id='block_1_41' title="bbox 271 3698 1857 3783">
    <p class='ocr_par' dir='ltr' id='par_1_41' title="bbox 271 3698 1857 3783">
     <span class='ocr_line' id='line_1_41' title="bbox 271 3698 1857 3783; baseline 0.01 -34"><span class='ocrx_word' id='word_1_308' title='bbox 271 3698 552 3783; x_wconf 83' lang='grc' dir='ltr'>ποταμίας</span> <span class='ocrx_word' id='word_1_309' title='bbox 585 3701 1033 3771; x_wconf 72' lang='grc' dir='ltr'>παραγενομένῳ,</span> <span class='ocrx_word' id='word_1_310' title='bbox 1057 3705 1152 3757; x_wconf 79' lang='grc' dir='ltr'>καὶ</span> <span class='ocrx_word' id='word_1_311' title='bbox 1183 3705 1405 3775; x_wconf 83' lang='grc' dir='ltr'>μηδέπω</span> <span class='ocrx_word' id='word_1_312' title='bbox 1453 3707 1551 3778; x_wconf 83' lang='grc' dir='ltr'>τὴν</span> <span class='ocrx_word' id='word_1_313' title='bbox 1603 3711 1738 3783; x_wconf 86' lang='grc' dir='ltr'>πρὸς</span> <span class='ocrx_word' id='word_1_314' title='bbox 1767 3711 1857 3765; x_wconf 78' lang='grc' dir='ltr'>τὸν</span> 
     </span>
    </p>
   </div>
   <div class='ocr_carea' id='block_1_42' title="bbox 270 3781 1856 3860">
    <p class='ocr_par' dir='ltr' id='par_1_42' title="bbox 270 3781 1856 3860">
     <span class='ocr_line' id='line_1_42' title="bbox 270 3781 1856 3860; baseline 0.011 -28"><span class='ocrx_word' id='word_1_315' title='bbox 270 3781 492 3854; x_wconf 81' lang='grc' dir='ltr'>πατέρα</span> <span class='ocrx_word' id='word_1_316' title='bbox 533 3783 824 3852; x_wconf 87' lang='grc' dir='ltr'>συντυχίαν</span> <span class='ocrx_word' id='word_1_317' title='bbox 863 3785 1254 3857; x_wconf 85' lang='grc' dir='ltr'>ποιησαμένῳ;</span> <span class='ocrx_word' id='word_1_318' title='bbox 1312 3788 1383 3842; x_wconf 86' lang='grc' dir='ltr'><strong>Ἦ</strong></span> <span class='ocrx_word' id='word_1_319' title='bbox 1431 3791 1572 3860; x_wconf 90' lang='grc' dir='ltr'>τάχα</span> <span class='ocrx_word' id='word_1_320' title='bbox 1606 3781 1762 3845; x_wconf 83' lang='grc' dir='ltr'>τοῦτο</span> <span class='ocrx_word' id='word_1_321' title='bbox 1791 3797 1856 3848; x_wconf 86' lang='grc' dir='ltr'>ἂν</span> 
     </span>
    </p>
   </div>
   <div class='ocr_carea' id='block_1_43' title="bbox 268 3863 1858 3944">
    <p class='ocr_par' dir='ltr' id='par_1_43' title="bbox 268 3863 1858 3944">
     <span class='ocr_line' id='line_1_43' title="bbox 268 3863 1858 3944; baseline 0.008 -28"><span class='ocrx_word' id='word_1_322' title='bbox 268 3863 544 3935; x_wconf 74' lang='grc' dir='ltr'>εἴποιμεν,</span> <span class='ocrx_word' id='word_1_323' title='bbox 567 3865 671 3928; x_wconf 83' lang='grc' dir='ltr'>ὅτι,</span> <span class='ocrx_word' id='word_1_324' title='bbox 697 3866 861 3936; x_wconf 87' lang='grc' dir='ltr'>ἡνίκα</span> <span class='ocrx_word' id='word_1_325' title='bbox 883 3867 990 3920; x_wconf 78' lang='grc' dir='ltr'>ἀπὸ</span> <span class='ocrx_word' id='word_1_326' title='bbox 1005 3869 1099 3920; x_wconf 89' lang='grc' dir='ltr'>τοῦ</span> <span class='ocrx_word' id='word_1_327' title='bbox 1125 3869 1310 3922; x_wconf 88' lang='grc' dir='ltr'>Λάϐαν</span> <span class='ocrx_word' id='word_1_328' title='bbox 1333 3872 1586 3944; x_wconf 88' lang='grc' dir='ltr'>ἐπανῄει,</span> <span class='ocrx_word' id='word_1_329' title='bbox 1612 3877 1858 3928; x_wconf 89' lang='grc' dir='ltr'>συνανελ-</span> 
     </span>
    </p>
   </div>
   <div class='ocr_carea' id='block_1_44' title="bbox 268 3947 1854 4028">
    <p class='ocr_par' dir='ltr' id='par_1_44' title="bbox 268 3947 1854 4028">
     <span class='ocr_line' id='line_1_44' title="bbox 268 3947 1854 4028; baseline 0.007 -27"><span class='ocrx_word' id='word_1_330' title='bbox 268 3948 387 4002; x_wconf 84' lang='grc' dir='ltr'>θεῖν</span> <span class='ocrx_word' id='word_1_331' title='bbox 431 3948 511 4018; x_wconf 88' lang='grc' dir='ltr'>τῷ</span> <span class='ocrx_word' id='word_1_332' title='bbox 551 3947 744 4001; x_wconf 80' lang='grc' dir='ltr'>Ἰακὼϐ</span> <span class='ocrx_word' id='word_1_333' title='bbox 774 3949 1139 4020; x_wconf 87' lang='grc' dir='ltr'>ἐπεθύμησεν,</span> <span class='ocrx_word' id='word_1_334' title='bbox 1183 3952 1325 4006; x_wconf 83' lang='grc' dir='ltr'>ὥστε</span> <span class='ocrx_word' id='word_1_335' title='bbox 1373 3955 1460 4008; x_wconf 73' lang='grc' dir='ltr'>διὰ</span> <span class='ocrx_word' id='word_1_336' title='bbox 1507 3958 1717 4028; x_wconf 68' lang='grc' dir='ltr'>μακροῦ</span> <span class='ocrx_word' id='word_1_337' title='bbox 1761 3960 1854 4012; x_wconf 83' lang='grc' dir='ltr'>τοῦ</span> 
     </span>
    </p>
   </div>
   <div class='ocr_carea' id='block_1_45' title="bbox 267 4031 1855 4109">
    <p class='ocr_par' dir='ltr' id='par_1_45' title="bbox 267 4031 1855 4109">
     <span class='ocr_line' id='line_1_45' title="bbox 267 4031 1855 4109; baseline 0.009 -29"><span class='ocrx_word' id='word_1_338' title='bbox 267 4031 467 4101; x_wconf 86' lang='grc' dir='ltr'>χρόνου</span> <span class='ocrx_word' id='word_1_339' title='bbox 489 4031 590 4102; x_wconf 78' lang='grc' dir='ltr'>τὴν</span> <span class='ocrx_word' id='word_1_340' title='bbox 627 4031 925 4086; x_wconf 85' lang='grc' dir='ltr'>Ῥεϐέκκαν</span> <span class='ocrx_word' id='word_1_341' title='bbox 961 4033 1294 4089; x_wconf 83' lang='grc' dir='ltr'>θεάσασθαι·</span> <span class='ocrx_word' id='word_1_342' title='bbox 1321 4037 1416 4090; x_wconf 76' lang='grc' dir='ltr'>καὶ</span> <span class='ocrx_word' id='word_1_343' title='bbox 1445 4039 1574 4109; x_wconf 76' lang='grc' dir='ltr'>πρὶν</span> <span class='ocrx_word' id='word_1_344' title='bbox 1605 4039 1637 4108; x_wconf 83' lang='grc' dir='ltr'>ἢ</span> <span class='ocrx_word' id='word_1_345' title='bbox 1670 4040 1739 4094; x_wconf 83' lang='grc' dir='ltr'>τά</span> <span class='ocrx_word' id='word_1_346' title='bbox 1755 4041 1855 4108; x_wconf 88' lang='grc' dir='ltr'>τῆς</span> 
     </span>
    </p>
   </div>
   <div class='ocr_carea' id='block_1_46' title="bbox 269 4114 1640 4187">
    <p class='ocr_par' dir='ltr' id='par_1_46' title="bbox 269 4114 1640 4187">
     <span class='ocr_line' id='line_1_46' title="bbox 269 4114 1640 4187; baseline 0.007 -21"><span class='ocrx_word' id='word_1_347' title='bbox 269 4114 565 4184; x_wconf 83' lang='grc' dir='ltr'>συντυχίας</span> <span class='ocrx_word' id='word_1_348' title='bbox 595 4115 870 4182; x_wconf 84' lang='grc' dir='ltr'>γενέσθαι,</span> <span class='ocrx_word' id='word_1_349' title='bbox 905 4119 1021 4169; x_wconf 88' lang='grc' dir='ltr'>ἐκεῖ</span> <span class='ocrx_word' id='word_1_350' title='bbox 1045 4117 1137 4171; x_wconf 80' lang='grc' dir='ltr'>τὸν</span> <span class='ocrx_word' id='word_1_351' title='bbox 1175 4117 1287 4187; x_wconf 89' lang='grc' dir='ltr'>βίον</span> <span class='ocrx_word' id='word_1_352' title='bbox 1324 4120 1640 4176; x_wconf 83' lang='grc' dir='ltr'>κατέλυσεν.</span> 
     </span>
    </p>
   </div>
   <div class='ocr_carea' id='block_1_47' title="bbox 343 4198 1854 4275">
    <p class='ocr_par' dir='ltr' id='par_1_47' title="bbox 343 4198 1854 4275">
     <span class='ocr_line' id='line_1_47' title="bbox 343 4198 1854 4275; baseline 0.006 -25"><span class='ocrx_word' id='word_1_353' title='bbox 343 4204 402 4250; x_wconf 88' lang='grc' dir='ltr'>ε’.</span> <span class='ocrx_word' id='word_1_354' title='bbox 433 4198 593 4261; x_wconf 71' lang='grc' dir='ltr'>Ἀλλ’,</span> <span class='ocrx_word' id='word_1_355' title='bbox 619 4200 669 4252; x_wconf 85' lang='grc' dir='ltr'>εἰ</span> <span class='ocrx_word' id='word_1_356' title='bbox 697 4198 975 4269; x_wconf 86' lang='grc' dir='ltr'>βούλεσθε,</span> <span class='ocrx_word' id='word_1_357' title='bbox 1005 4201 1097 4254; x_wconf 82' lang='grc' dir='ltr'>καὶ</span> <span class='ocrx_word' id='word_1_358' title='bbox 1130 4203 1292 4272; x_wconf 84' lang='grc' dir='ltr'>ἡμεῖς</span> <span class='ocrx_word' id='word_1_359' title='bbox 1316 4203 1549 4258; x_wconf 88' lang='grc' dir='ltr'>ἐνταῦθα</span> <span class='ocrx_word' id='word_1_360' title='bbox 1570 4205 1854 4275; x_wconf 83' lang='grc' dir='ltr'>στήσωμεν</span> 
     </span>
    </p>
   </div>
   <div class='ocr_carea' id='block_1_48' title="bbox 263 4279 1852 4361">
    <p class='ocr_par' dir='ltr' id='par_1_48' title="bbox 263 4279 1852 4361">
     <span class='ocr_line' id='line_1_48' title="bbox 263 4279 1852 4361; baseline 0.006 -27"><span class='ocrx_word' id='word_1_361' title='bbox 263 4279 362 4335; x_wconf 85' lang='grc' dir='ltr'>τὸν</span> <span class='ocrx_word' id='word_1_362' title='bbox 385 4281 542 4350; x_wconf 84' lang='grc' dir='ltr'>λόγον</span> <span class='ocrx_word' id='word_1_363' title='bbox 566 4283 924 4354; x_wconf 82' lang='grc' dir='ltr'>ἀρκεσθέντες</span> <span class='ocrx_word' id='word_1_364' title='bbox 955 4287 1067 4347; x_wconf 90' lang='grc' dir='ltr'>τοῖς</span> <span class='ocrx_word' id='word_1_365' title='bbox 1099 4285 1430 4356; x_wconf 87' lang='grc' dir='ltr'>εἰρημένοις,</span> <span class='ocrx_word' id='word_1_366' title='bbox 1468 4289 1642 4342; x_wconf 78' lang='grc' dir='ltr'>ἐκεῖνο</span> <span class='ocrx_word' id='word_1_367' title='bbox 1674 4307 1852 4361; x_wconf 85' lang='grc' dir='ltr'>παρα-</span> 
     </span>
    </p>
   </div>
   <div class='ocr_carea' id='block_1_49' title="bbox 264 4363 1852 4438">
    <p class='ocr_par' dir='ltr' id='par_1_49' title="bbox 264 4363 1852 4438">
     <span class='ocr_line' id='line_1_49' title="bbox 264 4363 1852 4438; baseline 0.006 -21"><span class='ocrx_word' id='word_1_368' title='bbox 264 4363 598 4428; x_wconf 83' lang='grc' dir='ltr'>καλέσαντες</span> <span class='ocrx_word' id='word_1_369' title='bbox 625 4365 778 4436; x_wconf 88' lang='grc' dir='ltr'>ὑμῶν</span> <span class='ocrx_word' id='word_1_370' title='bbox 808 4367 908 4438; x_wconf 85' lang='grc' dir='ltr'>τήν</span> <span class='ocrx_word' id='word_1_371' title='bbox 930 4367 1170 4438; x_wconf 83' lang='grc' dir='ltr'>ἀγάπην,</span> <span class='ocrx_word' id='word_1_372' title='bbox 1195 4368 1336 4422; x_wconf 84' lang='grc' dir='ltr'>ὥστε</span> <span class='ocrx_word' id='word_1_373' title='bbox 1367 4371 1460 4422; x_wconf 71' lang='grc' dir='ltr'>καὶ</span> <span class='ocrx_word' id='word_1_374' title='bbox 1498 4372 1695 4436; x_wconf 83' lang='grc' dir='ltr'>αὑτοὺς</span> <span class='ocrx_word' id='word_1_375' title='bbox 1723 4373 1852 4426; x_wconf 86' lang='grc' dir='ltr'>πολ-</span> 
     </span>
    </p>
   </div>
   <div class='ocr_carea' id='block_1_50' title="bbox 263 4447 1850 4527">
    <p class='ocr_par' dir='ltr' id='par_1_50' title="bbox 263 4447 1850 4527">
     <span class='ocr_line' id='line_1_50' title="bbox 263 4447 1850 4527; baseline 0.007 -28"><span class='ocrx_word' id='word_1_376' title='bbox 263 4447 369 4519; x_wconf 83' lang='grc' dir='ltr'>λὴν</span> <span class='ocrx_word' id='word_1_377' title='bbox 397 4447 498 4515; x_wconf 84' lang='grc' dir='ltr'>τῆς</span> <span class='ocrx_word' id='word_1_378' title='bbox 539 4449 742 4521; x_wconf 88' lang='grc' dir='ltr'>ἀρετῆς</span> <span class='ocrx_word' id='word_1_379' title='bbox 781 4451 1054 4504; x_wconf 86' lang='grc' dir='ltr'>ποιεῖσθαι</span> <span class='ocrx_word' id='word_1_380' title='bbox 1108 4452 1202 4522; x_wconf 80' lang='grc' dir='ltr'>τὴν</span> <span class='ocrx_word' id='word_1_381' title='bbox 1251 4453 1588 4524; x_wconf 79' lang='grc' dir='ltr'>ἐπιμέλειαν,</span> <span class='ocrx_word' id='word_1_382' title='bbox 1630 4456 1850 4527; x_wconf 73' lang='grc' dir='ltr'>καὶτῆς</span> 
     </span>
    </p>
   </div>
   <div class='ocr_carea' id='block_1_51' title="bbox 261 4531 1846 4610">
    <p class='ocr_par' dir='ltr' id='par_1_51' title="bbox 261 4531 1846 4610">
     <span class='ocr_line' id='line_1_51' title="bbox 261 4531 1846 4610; baseline 0.005 -27"><span class='ocrx_word' id='word_1_383' title='bbox 261 4531 376 4584; x_wconf 86' lang='grc' dir='ltr'>τῶν</span> <span class='ocrx_word' id='word_1_384' title='bbox 410 4533 547 4585; x_wconf 80' lang='grc' dir='ltr'>νέων</span> <span class='ocrx_word' id='word_1_385' title='bbox 585 4531 942 4604; x_wconf 86' lang='grc' dir='ltr'>σωφροσύνης</span> <span class='ocrx_word' id='word_1_386' title='bbox 972 4533 1369 4604; x_wconf 89' lang='grc' dir='ltr'>ἐπιμελεῖσθαι.</span> <span class='ocrx_word' id='word_1_387' title='bbox 1407 4536 1686 4590; x_wconf 82' lang='grc' dir='ltr'>Ἐντεῦθεν</span> <span class='ocrx_word' id='word_1_388' title='bbox 1717 4537 1846 4610; x_wconf 86' lang='grc' dir='ltr'>γὰρ,</span> 
     </span>
    </p>
   </div>
   <div class='ocr_carea' id='block_1_52' title="bbox 261 4613 1849 4691">
    <p class='ocr_par' dir='ltr' id='par_1_52' title="bbox 261 4613 1849 4691">
     <span class='ocr_line' id='line_1_52' title="bbox 261 4613 1849 4691; baseline 0.007 -28"><span class='ocrx_word' id='word_1_389' title='bbox 261 4613 344 4674; x_wconf 87' lang='grc' dir='ltr'>ὼς</span> <span class='ocrx_word' id='word_1_390' title='bbox 375 4614 570 4679; x_wconf 86' lang='grc' dir='ltr'>εἰπεῖν,</span> <span class='ocrx_word' id='word_1_391' title='bbox 604 4615 1162 4670; x_wconf 80' lang='grc' dir='ltr'>ἂπαντατίκτεταιτά</span> <span class='ocrx_word' id='word_1_392' title='bbox 1179 4619 1344 4672; x_wconf 89' lang='grc' dir='ltr'>κακά.</span> <span class='ocrx_word' id='word_1_393' title='bbox 1374 4619 1438 4671; x_wconf 85' lang='grc' dir='ltr'><strong>Ἦ</strong></span> <span class='ocrx_word' id='word_1_394' title='bbox 1455 4619 1564 4690; x_wconf 84' lang='grc' dir='ltr'>γάρ</span> <span class='ocrx_word' id='word_1_395' title='bbox 1591 4621 1849 4691; x_wconf 89' lang='grc' dir='ltr'>συνήθεια</span> 
     </span>
    </p>
   </div>
   <div class='ocr_carea' id='block_1_53' title="bbox 260 4697 1849 4774">
    <p class='ocr_par' dir='ltr' id='par_1_53' title="bbox 260 4697 1849 4774">
     <span class='ocr_line' id='line_1_53' title="bbox 260 4697 1849 4774; baseline 0.006 -27"><span class='ocrx_word' id='word_1_396' title='bbox 260 4697 366 4765; x_wconf 80' lang='grc' dir='ltr'>τῆς</span> <span class='ocrx_word' id='word_1_397' title='bbox 395 4697 664 4768; x_wconf 85' lang='grc' dir='ltr'>πονηρίας</span> <span class='ocrx_word' id='word_1_398' title='bbox 682 4697 760 4768; x_wconf 85' lang='grc' dir='ltr'>τῷ</span> <span class='ocrx_word' id='word_1_399' title='bbox 782 4699 959 4770; x_wconf 86' lang='grc' dir='ltr'>χρόνῳ</span> <span class='ocrx_word' id='word_1_400' title='bbox 981 4700 1244 4770; x_wconf 77' lang='grc' dir='ltr'>προϊοῦσα</span> <span class='ocrx_word' id='word_1_401' title='bbox 1267 4701 1535 4773; x_wconf 85' lang='grc' dir='ltr'>τοσαύτην</span> <span class='ocrx_word' id='word_1_402' title='bbox 1557 4703 1849 4774; x_wconf 77' lang='grc' dir='ltr'>ἐργάζεται</span> 
     </span>
    </p>
   </div>
   <div class='ocr_carea' id='block_1_54' title="bbox 258 4779 1850 4856">
    <p class='ocr_par' dir='ltr' id='par_1_54' title="bbox 258 4779 1850 4856">
     <span class='ocr_line' id='line_1_54' title="bbox 258 4779 1850 4856; baseline 0.006 -25"><span class='ocrx_word' id='word_1_403' title='bbox 258 4781 364 4846; x_wconf 81' lang='grc' dir='ltr'>τὴν</span> <span class='ocrx_word' id='word_1_404' title='bbox 393 4779 592 4849; x_wconf 87' lang='grc' dir='ltr'>λύμην,</span> <span class='ocrx_word' id='word_1_405' title='bbox 628 4781 704 4844; x_wconf 82' lang='grc' dir='ltr'>ὡς</span> <span class='ocrx_word' id='word_1_406' title='bbox 728 4782 998 4852; x_wconf 87' lang='grc' dir='ltr'>μηδεμίαν</span> <span class='ocrx_word' id='word_1_407' title='bbox 1025 4783 1211 4838; x_wconf 81' lang='grc' dir='ltr'>λοιπὸν</span> <span class='ocrx_word' id='word_1_408' title='bbox 1245 4785 1566 4856; x_wconf 88' lang='grc' dir='ltr'>παραίνεσιν</span> <span class='ocrx_word' id='word_1_409' title='bbox 1592 4787 1850 4841; x_wconf 88' lang='grc' dir='ltr'>δύνασθαι</span> 
     </span>
    </p>
   </div>
   <div class='ocr_carea' id='block_1_55' title="bbox 261 4862 1850 4940">
    <p class='ocr_par' dir='ltr' id='par_1_55' title="bbox 261 4862 1850 4940">
     <span class='ocr_line' id='line_1_55' title="bbox 261 4862 1850 4940; baseline 0.006 -26"><span class='ocrx_word' id='word_1_410' title='bbox 261 4862 651 4932; x_wconf 81' lang='grc' dir='ltr'>περιγενέσθαι</span> <span class='ocrx_word' id='word_1_411' title='bbox 677 4863 786 4917; x_wconf 86' lang='grc' dir='ltr'>τῶν</span> <span class='ocrx_word' id='word_1_412' title='bbox 816 4864 962 4931; x_wconf 81' lang='grc' dir='ltr'>ἀπαξ</span> <span class='ocrx_word' id='word_1_413' title='bbox 985 4866 1089 4918; x_wconf 83' lang='grc' dir='ltr'>ὑπὸ</span> <span class='ocrx_word' id='word_1_414' title='bbox 1111 4867 1210 4936; x_wconf 87' lang='grc' dir='ltr'>τῆς</span> <span class='ocrx_word' id='word_1_415' title='bbox 1238 4868 1504 4938; x_wconf 87' lang='grc' dir='ltr'>πονηρίας</span> <span class='ocrx_word' id='word_1_416' title='bbox 1532 4869 1850 4940; x_wconf 87' lang='grc' dir='ltr'>προδιδομέ-</span> 
     </span>
    </p>
   </div>
   <div class='ocr_carea' id='block_1_56' title="bbox 259 4945 1851 5026">
    <p class='ocr_par' dir='ltr' id='par_1_56' title="bbox 259 4945 1851 5026">
     <span class='ocr_line' id='line_1_56' title="bbox 259 4945 1851 5026; baseline 0.006 -27"><span class='ocrx_word' id='word_1_417' title='bbox 259 4961 395 5010; x_wconf 84' lang='grc' dir='ltr'>νων,</span> <span class='ocrx_word' id='word_1_418' title='bbox 427 4945 522 5000; x_wconf 76' lang='grc' dir='ltr'>καὶ</span> <span class='ocrx_word' id='word_1_419' title='bbox 551 4946 802 5020; x_wconf 87' lang='grc' dir='ltr'>καθάπερ</span> <span class='ocrx_word' id='word_1_420' title='bbox 827 4948 1188 5018; x_wconf 80' lang='grc' dir='ltr'>αἰχμαλώτων</span> <span class='ocrx_word' id='word_1_421' title='bbox 1218 4951 1524 5021; x_wconf 81' lang='grc' dir='ltr'>ἀγομένων,</span> <span class='ocrx_word' id='word_1_422' title='bbox 1562 4947 1704 5026; x_wconf 82' lang='grc' dir='ltr'>ᾗπερ</span> <span class='ocrx_word' id='word_1_423' title='bbox 1732 4954 1798 5008; x_wconf 81' lang='grc' dir='ltr'>ἂν</span> <span class='ocrx_word' id='word_1_424' title='bbox 1821 4957 1851 5010; x_wconf 92' lang='lat'>6</span> 
     </span>
    </p>
   </div>
   <div class='ocr_carea' id='block_1_57' title="bbox 260 5028 1850 5106">
    <p class='ocr_par' dir='ltr' id='par_1_57' title="bbox 260 5028 1850 5106">
     <span class='ocr_line' id='line_1_57' title="bbox 260 5028 1850 5106; baseline 0.007 -24"><span class='ocrx_word' id='word_1_425' title='bbox 260 5028 512 5092; x_wconf 85' lang='grc' dir='ltr'>διάϐολος</span> <span class='ocrx_word' id='word_1_426' title='bbox 539 5030 760 5104; x_wconf 86' lang='grc' dir='ltr'>κελεύῃ.</span> <span class='ocrx_word' id='word_1_427' title='bbox 805 5033 1044 5096; x_wconf 83' lang='grc' dir='ltr'>Ἐκεῖνος</span> <span class='ocrx_word' id='word_1_428' title='bbox 1079 5035 1189 5106; x_wconf 88' lang='grc' dir='ltr'>γάρ</span> <span class='ocrx_word' id='word_1_429' title='bbox 1216 5037 1331 5089; x_wconf 87' lang='grc' dir='ltr'>ἐστι</span> <span class='ocrx_word' id='word_1_430' title='bbox 1361 5037 1546 5091; x_wconf 81' lang='grc' dir='ltr'>λοιπὸν</span> <span class='ocrx_word' id='word_1_431' title='bbox 1573 5040 1602 5091; x_wconf 91' lang='lat'>6</span> <span class='ocrx_word' id='word_1_432' title='bbox 1625 5039 1850 5093; x_wconf 84' lang='grc' dir='ltr'>ἐπιτάτ-</span> 
     </span>
    </p>
   </div>
   <div class='ocr_carea' id='block_1_58' title="bbox 257 5113 1846 5192">
    <p class='ocr_par' dir='ltr' id='par_1_58' title="bbox 257 5113 1846 5192">
     <span class='ocr_line' id='line_1_58' title="bbox 257 5113 1846 5192; baseline 0.007 -28"><span class='ocrx_word' id='word_1_433' title='bbox 257 5127 393 5176; x_wconf 84' lang='grc' dir='ltr'>των,</span> <span class='ocrx_word' id='word_1_434' title='bbox 448 5113 543 5165; x_wconf 76' lang='grc' dir='ltr'>καὶ</span> <span class='ocrx_word' id='word_1_435' title='bbox 589 5113 660 5167; x_wconf 84' lang='grc' dir='ltr'>τὰ</span> <span class='ocrx_word' id='word_1_436' title='bbox 711 5115 932 5187; x_wconf 84' lang='grc' dir='ltr'>ὀλέθρια</span> <span class='ocrx_word' id='word_1_437' title='bbox 987 5117 1169 5170; x_wconf 84' lang='grc' dir='ltr'>ἐκεῖνα</span> <span class='ocrx_word' id='word_1_438' title='bbox 1206 5118 1442 5172; x_wconf 87' lang='grc' dir='ltr'>κελεύων</span> <span class='ocrx_word' id='word_1_439' title='bbox 1476 5123 1846 5192; x_wconf 88' lang='grc' dir='ltr'>ἐπιτάγματα,</span> 
     </span>
    </p>
   </div>
   <div class='ocr_carea' id='block_1_59' title="bbox 259 5194 1848 5275">
    <p class='ocr_par' dir='ltr' id='par_1_59' title="bbox 259 5194 1848 5275">
     <span class='ocr_line' id='line_1_59' title="bbox 259 5194 1848 5275; baseline 0.007 -27"><span class='ocrx_word' id='word_1_440' title='bbox 259 5195 410 5265; x_wconf 79' lang='grc' dir='ltr'>άπερ</span> <span class='ocrx_word' id='word_1_441' title='bbox 443 5194 563 5264; x_wconf 83' lang='grc' dir='ltr'>μεθ’</span> <span class='ocrx_word' id='word_1_442' title='bbox 593 5197 786 5268; x_wconf 79' lang='grc' dir='ltr'>ἡδονῆς</span> <span class='ocrx_word' id='word_1_443' title='bbox 821 5197 1123 5270; x_wconf 83' lang='grc' dir='ltr'>πληροῦσιν</span> <span class='ocrx_word' id='word_1_444' title='bbox 1148 5201 1198 5252; x_wconf 92' lang='grc' dir='ltr'>οἰ</span> <span class='ocrx_word' id='word_1_445' title='bbox 1229 5201 1360 5264; x_wconf 84' lang='grc' dir='ltr'>νέοι,</span> <span class='ocrx_word' id='word_1_446' title='bbox 1391 5203 1453 5255; x_wconf 87' lang='lat'>16</span> <span class='ocrx_word' id='word_1_447' title='bbox 1484 5204 1657 5274; x_wconf 84' lang='grc' dir='ltr'>παρὸν</span> <span class='ocrx_word' id='word_1_448' title='bbox 1687 5206 1848 5275; x_wconf 88' lang='grc' dir='ltr'>μόνον</span> 
     </span>
    </p>
   </div>
   <div class='ocr_carea' id='block_1_60' title="bbox 256 5276 1848 5357">
    <p class='ocr_par' dir='ltr' id='par_1_60' title="bbox 256 5276 1848 5357">
     <span class='ocr_line' id='line_1_60' title="bbox 256 5276 1848 5357; baseline 0.009 -30"><span class='ocrx_word' id='word_1_449' title='bbox 256 5276 362 5346; x_wconf 82' lang='grc' dir='ltr'>ἡδὺ</span> <span class='ocrx_word' id='word_1_450' title='bbox 390 5277 648 5345; x_wconf 83' lang='grc' dir='ltr'>ὁρῶντες,</span> <span class='ocrx_word' id='word_1_451' title='bbox 690 5282 782 5332; x_wconf 78' lang='grc' dir='ltr'>καὶ</span> <span class='ocrx_word' id='word_1_452' title='bbox 807 5280 906 5352; x_wconf 82' lang='grc' dir='ltr'>τὴν</span> <span class='ocrx_word' id='word_1_453' title='bbox 939 5283 1078 5353; x_wconf 84' lang='grc' dir='ltr'>μετά</span> <span class='ocrx_word' id='word_1_454' title='bbox 1102 5283 1275 5337; x_wconf 86' lang='grc' dir='ltr'>ταῦτα</span> <span class='ocrx_word' id='word_1_455' title='bbox 1307 5284 1500 5356; x_wconf 80' lang='grc' dir='ltr'>ὀδύνην</span> <span class='ocrx_word' id='word_1_456' title='bbox 1541 5289 1602 5340; x_wconf 90' lang='grc' dir='ltr'>οὑ</span> <span class='ocrx_word' id='word_1_457' title='bbox 1635 5287 1848 5357; x_wconf 78' lang='grc' dir='ltr'>λογιζό-</span> 
     </span>
    </p>
   </div>
   <div class='ocr_carea' id='block_1_61' title="bbox 260 5362 1848 5436">
    <p class='ocr_par' dir='ltr' id='par_1_61' title="bbox 260 5362 1848 5436">
     <span class='ocr_line' id='line_1_61' title="bbox 260 5362 1848 5436; baseline 0.008 -24"><span class='ocrx_word' id='word_1_458' title='bbox 260 5377 437 5430; x_wconf 88' lang='grc' dir='ltr'>μενοι.</span> <span class='ocrx_word' id='word_1_459' title='bbox 490 5362 583 5414; x_wconf 86' lang='grc' dir='ltr'>Διὸ</span> <span class='ocrx_word' id='word_1_460' title='bbox 617 5363 919 5433; x_wconf 85' lang='grc' dir='ltr'>παρακαλῶ</span> <span class='ocrx_word' id='word_1_461' title='bbox 951 5367 1109 5436; x_wconf 87' lang='grc' dir='ltr'>χεῖρα</span> <span class='ocrx_word' id='word_1_462' title='bbox 1135 5367 1349 5436; x_wconf 85' lang='grc' dir='ltr'>ὀρέγειν</span> <span class='ocrx_word' id='word_1_463' title='bbox 1393 5373 1504 5433; x_wconf 89' lang='grc' dir='ltr'>τοῖς</span> <span class='ocrx_word' id='word_1_464' title='bbox 1547 5373 1703 5425; x_wconf 84' lang='grc' dir='ltr'>παισὶ</span> <span class='ocrx_word' id='word_1_465' title='bbox 1737 5375 1848 5436; x_wconf 86' lang='grc' dir='ltr'>τοῖς</span> 
     </span>
    </p>
   </div>
   <div class='ocr_carea' id='block_1_62' title="bbox 256 5443 1847 5524">
    <p class='ocr_par' dir='ltr' id='par_1_62' title="bbox 256 5443 1847 5524">
     <span class='ocr_line' id='line_1_62' title="bbox 256 5443 1847 5524; baseline 0.008 -29"><span class='ocrx_word' id='word_1_466' title='bbox 256 5443 574 5514; x_wconf 74' lang='grc' dir='ltr'>ἡμετέροις,</span> <span class='ocrx_word' id='word_1_467' title='bbox 600 5445 687 5498; x_wconf 78' lang='grc' dir='ltr'>ἵνα</span> <span class='ocrx_word' id='word_1_468' title='bbox 720 5445 794 5518; x_wconf 84' lang='grc' dir='ltr'>μὴ</span> <span class='ocrx_word' id='word_1_469' title='bbox 817 5447 913 5499; x_wconf 71' lang='grc' dir='ltr'>καὶ</span> <span class='ocrx_word' id='word_1_470' title='bbox 936 5448 1046 5501; x_wconf 87' lang='grc' dir='ltr'>τῶν</span> <span class='ocrx_word' id='word_1_471' title='bbox 1072 5449 1163 5501; x_wconf 74' lang='grc' dir='ltr'>ὑπ’</span> <span class='ocrx_word' id='word_1_472' title='bbox 1194 5450 1415 5503; x_wconf 81' lang='grc' dir='ltr'>ἐκείνων</span> <span class='ocrx_word' id='word_1_473' title='bbox 1451 5455 1847 5524; x_wconf 86' lang='grc' dir='ltr'>πραττομένων</span> 
     </span>
    </p>
   </div>
   <div class='ocr_carea' id='block_1_63' title="bbox 259 5526 1848 5610">
    <p class='ocr_par' dir='ltr' id='par_1_63' title="bbox 259 5526 1848 5610">
     <span class='ocr_line' id='line_1_63' title="bbox 259 5526 1848 5610; baseline 0.007 -30"><span class='ocrx_word' id='word_1_474' title='bbox 259 5526 417 5580; x_wconf 74' lang='grc' dir='ltr'>αὑτοὶ</span> <span class='ocrx_word' id='word_1_475' title='bbox 441 5527 542 5590; x_wconf 81' lang='grc' dir='ltr'>τὰς</span> <span class='ocrx_word' id='word_1_476' title='bbox 568 5527 798 5592; x_wconf 79' lang='grc' dir='ltr'>εὐθύνας</span> <span class='ocrx_word' id='word_1_477' title='bbox 827 5530 1170 5603; x_wconf 86' lang='grc' dir='ltr'>ὑποστῶμεν.</span> <span class='ocrx_word' id='word_1_478' title='bbox 1201 5535 1271 5587; x_wconf 86' lang='grc' dir='ltr'>Ἦ</span> <span class='ocrx_word' id='word_1_479' title='bbox 1292 5535 1392 5587; x_wconf 91' lang='grc' dir='ltr'>οὑκ</span> <span class='ocrx_word' id='word_1_480' title='bbox 1414 5536 1553 5598; x_wconf 85' lang='grc' dir='ltr'>ἰστε,</span> <span class='ocrx_word' id='word_1_481' title='bbox 1582 5537 1634 5589; x_wconf 88' lang='grc' dir='ltr'>τί</span> <span class='ocrx_word' id='word_1_482' title='bbox 1663 5539 1692 5590; x_wconf 87' lang='grc' dir='ltr'>ὀ</span> <span class='ocrx_word' id='word_1_483' title='bbox 1713 5554 1848 5610; x_wconf 90' lang='grc' dir='ltr'>πρε-</span> 
     </span>
    </p>
   </div>
   <div class='ocr_carea' id='block_1_64' title="bbox 257 5609 1845 5691">
    <p class='ocr_par' dir='ltr' id='par_1_64' title="bbox 257 5609 1845 5691">
     <span class='ocr_line' id='line_1_64' title="bbox 257 5609 1845 5691; baseline 0.008 -29"><span class='ocrx_word' id='word_1_484' title='bbox 257 5609 466 5680; x_wconf 83' lang='grc' dir='ltr'>σϐύτης</span> <span class='ocrx_word' id='word_1_485' title='bbox 495 5611 645 5665; x_wconf 76' lang='grc' dir='ltr'>Ἠλεὶ</span> <span class='ocrx_word' id='word_1_486' title='bbox 675 5614 963 5679; x_wconf 88' lang='grc' dir='ltr'>πέπονθεν,</span> <span class='ocrx_word' id='word_1_487' title='bbox 1011 5618 1073 5669; x_wconf 84' lang='grc' dir='ltr'>οὑ</span> <span class='ocrx_word' id='word_1_488' title='bbox 1109 5619 1492 5687; x_wconf 85' lang='grc' dir='ltr'>προσηκόντως</span> <span class='ocrx_word' id='word_1_489' title='bbox 1524 5609 1845 5691; x_wconf 84' lang='grc' dir='ltr'>διορθούμε-</span> 
     </span>
    </p>
   </div>
   <div class='ocr_carea' id='block_1_65' title="bbox 259 5693 1844 5776">
    <p class='ocr_par' dir='ltr' id='par_1_65' title="bbox 259 5693 1844 5776">
     <span class='ocr_line' id='line_1_65' title="bbox 259 5693 1844 5776; baseline 0.008 -30"><span class='ocrx_word' id='word_1_490' title='bbox 259 5710 353 5755; x_wconf 87' lang='grc' dir='ltr'>νος</span> <span class='ocrx_word' id='word_1_491' title='bbox 373 5693 501 5776; x_wconf 15' lang='grc' dir='ltr'>Ῠτῶν</span> <span class='ocrx_word' id='word_1_492' title='bbox 528 5696 735 5750; x_wconf 84' lang='grc' dir='ltr'>παίδων</span> <span class='ocrx_word' id='word_1_493' title='bbox 758 5697 826 5750; x_wconf 76' lang='grc' dir='ltr'>τὰ</span> <span class='ocrx_word' id='word_1_494' title='bbox 850 5699 1205 5769; x_wconf 79' lang='grc' dir='ltr'>ἐλαττώματα</span> <span class='ocrx_word' id='word_1_495' title='bbox 1230 5718 1244 5767; x_wconf 89' lang='grc'><strong>;</strong></span> <span class='ocrx_word' id='word_1_496' title='bbox 1279 5701 1446 5754; x_wconf 80' lang='grc' dir='ltr'>’Ὅταν</span> <span class='ocrx_word' id='word_1_497' title='bbox 1473 5703 1580 5772; x_wconf 87' lang='grc' dir='ltr'>γὰρ</span> <span class='ocrx_word' id='word_1_498' title='bbox 1676 5704 1844 5769; x_wconf 81' lang='grc' dir='ltr'>πάθος</span> 
     </span>
    </p>
   </div>
   <div class='ocr_carea' id='block_1_66' title="bbox 254 5775 1844 5859">
    <p class='ocr_par' dir='ltr' id='par_1_66' title="bbox 254 5775 1844 5859">
     <span class='ocr_line' id='line_1_66' title="bbox 254 5775 1844 5859; baseline 0.008 -31"><span class='ocrx_word' id='word_1_499' title='bbox 254 5775 434 5846; x_wconf 70' lang='grc' dir='ltr'>τομῆς</span> <span class='ocrx_word' id='word_1_500' title='bbox 455 5776 730 5847; x_wconf 79' lang='grc' dir='ltr'>δεόμενον,</span> <span class='ocrx_word' id='word_1_501' title='bbox 748 5781 796 5832; x_wconf 83' lang='grc' dir='ltr'>εἰ</span> <span class='ocrx_word' id='word_1_502' title='bbox 815 5778 998 5851; x_wconf 88' lang='grc' dir='ltr'>μέλλοι</span> <span class='ocrx_word' id='word_1_503' title='bbox 1024 5784 1052 5835; x_wconf 91' lang='grc' dir='ltr'>ὀ</span> <span class='ocrx_word' id='word_1_504' title='bbox 1074 5784 1254 5855; x_wconf 87' lang='grc' dir='ltr'>ἰατρὸς</span> <span class='ocrx_word' id='word_1_505' title='bbox 1271 5785 1428 5838; x_wconf 84' lang='grc' dir='ltr'>τοῦτο</span> <span class='ocrx_word' id='word_1_506' title='bbox 1445 5785 1472 5825; x_wconf 67' lang='grc' dir='ltr'>ιι</span> <span class='ocrx_word' id='word_1_507' title='bbox 1500 5775 1844 5859; x_wconf 87' lang='grc' dir='ltr'>καταιονήσει</span> 
     </span>
    </p>
   </div>
   <div class='ocr_carea' id='block_1_67' title="bbox 323 5887 976 5953">
    <p class='ocr_par' dir='ltr' id='par_1_67' title="bbox 323 5887 976 5953">
     <span class='ocr_line' id='line_1_67' title="bbox 323 5887 976 5953; baseline 0.009 -19"><span class='ocrx_word' id='word_1_508' title='bbox 323 5887 351 5953; x_wconf 83' lang='lat'>_“</span> <span class='ocrx_word' id='word_1_509' title='bbox 369 5887 606 5953; x_wconf 72' lang='lat' dir='ltr'>Quinque</span> <span class='ocrx_word' id='word_1_510' title='bbox 625 5903 740 5939; x_wconf 79' lang='lat' dir='ltr'><strong>mss.</strong></span> <span class='ocrx_word' id='word_1_511' title='bbox 769 5891 976 5953; x_wconf 77' lang='grc' dir='ltr'>ἐνεργής.</span> 
     </span>
    </p>
   </div>
   <div class='ocr_carea' id='block_1_68' title="bbox 292 5949 1842 6020">
    <p class='ocr_par' dir='ltr' id='par_1_68' title="bbox 292 5949 1842 6020">
     <span class='ocr_line' id='line_1_68' title="bbox 292 5949 1842 6020; baseline 0.01 -25"><span class='ocrx_word' id='word_1_512' title='bbox 292 5949 349 6020; x_wconf 31' lang='grc' dir='ltr'>μιν</span> <span class='ocrx_word' id='word_1_513' title='bbox 368 5949 688 6007; x_wconf 81' lang='grc' dir='ltr'>Καταιονήσει</span> <span class='ocrx_word' id='word_1_514' title='bbox 717 5949 1002 6020; x_wconf 72' lang='grc' dir='ltr'>θεραπεύειν.</span> <span class='ocrx_word' id='word_1_515' title='bbox 1029 6014 1039 6020; x_wconf 32' lang='grc' dir='ltr'><strong><em>Δ</em></strong></span> <span class='ocrx_word' id='word_1_516' title='bbox 1052 5953 1280 6020; x_wconf 67' lang='grc' dir='ltr'>υηςιξρηε</span> <span class='ocrx_word' id='word_1_517' title='bbox 1299 5963 1382 6020; x_wconf 68' lang='lat' dir='ltr'>qui</span> <span class='ocrx_word' id='word_1_518' title='bbox 1401 5957 1661 6020; x_wconf 72' lang='lat' dir='ltr'>emplastro</span> <span class='ocrx_word' id='word_1_519' title='bbox 1688 5957 1842 6020; x_wconf 81' lang='lat' dir='ltr'><strong><em>impo-</em></strong></span> 
     </span>
    </p>
   </div>
   <div class='ocr_carea' id='block_1_69' title="bbox 258 6013 1460 6079">
    <p class='ocr_par' dir='ltr' id='par_1_69' title="bbox 258 6013 1460 6079">
     <span class='ocr_line' id='line_1_69' title="bbox 258 6013 1460 6079; baseline 0.006 -20"><span class='ocrx_word' id='word_1_520' title='bbox 258 6013 353 6060; x_wconf 71' lang='lat' dir='ltr'>sito</span> <span class='ocrx_word' id='word_1_521' title='bbox 381 6021 578 6073; x_wconf 83' lang='lat' dir='ltr'>curare,</span> <span class='ocrx_word' id='word_1_522' title='bbox 599 6027 624 6060; x_wconf 73' lang='grc' dir='ltr'>ει</span> <span class='ocrx_word' id='word_1_523' title='bbox 651 6013 798 6063; x_wconf 78' lang='lat' dir='ltr'>verbo</span> <span class='ocrx_word' id='word_1_524' title='bbox 817 6014 1106 6079; x_wconf 77' lang='grc' dir='ltr'>καταιονάω,</span> <span class='ocrx_word' id='word_1_525' title='bbox 1131 6015 1285 6078; x_wconf 78' lang='lat' dir='ltr'><strong><em>illinc,</em></strong></span> <span class='ocrx_word' id='word_1_526' title='bbox 1307 6016 1460 6078; x_wconf 66' lang='lat' dir='ltr'>foveo.</span> 
     </span>
    </p>
   </div>
   <div class='ocr_carea' id='block_1_70' title="bbox 1316 349 2517 416">
    <p class='ocr_par' dir='ltr' id='par_1_70' title="bbox 1316 349 2517 416">
     <span class='ocr_line' id='line_1_70' title="bbox 1316 349 2517 416; baseline 0.008 -12"><span class='ocrx_word' id='word_1_527' title='bbox 1316 349 1385 405; x_wconf 80' lang='grc' dir='ltr'>ΙΝ</span> <span class='ocrx_word' id='word_1_528' title='bbox 1422 350 1577 407; x_wconf 81' lang='lat' dir='ltr'>CAP.</span> <span class='ocrx_word' id='word_1_529' title='bbox 1619 351 1813 408; x_wconf 65' lang='lat' dir='ltr'>XXXV</span> <span class='ocrx_word' id='word_1_530' title='bbox 1853 355 2098 413; x_wconf 85' lang='lat' dir='ltr'>GENES.</span> <span class='ocrx_word' id='word_1_531' title='bbox 2141 359 2373 416; x_wconf 77' lang='lat' dir='ltr'>HOMIL.</span> <span class='ocrx_word' id='word_1_532' title='bbox 2407 360 2517 414; x_wconf 74' lang='lat' dir='ltr'>LX.</span> 
     </span>
    </p>
   </div>
   <div class='ocr_carea' id='block_1_71' title="bbox 3455 371 3564 428">
    <p class='ocr_par' dir='ltr' id='par_1_71' title="bbox 3455 371 3564 428">
     <span class='ocr_line' id='line_1_71' title="bbox 3455 371 3564 428; baseline 0.037 -4"><span class='ocrx_word' id='word_1_533' title='bbox 3455 371 3564 428; x_wconf 71' lang='lat'>520</span> 
     </span>
    </p>
   </div>
   <div class='ocr_carea' id='block_1_72' title="bbox 1969 471 3563 545">
    <p class='ocr_par' dir='ltr' id='par_1_72' title="bbox 1969 471 3563 545">
     <span class='ocr_line' id='line_1_72' title="bbox 1969 471 3563 545; baseline 0.008 -23"><span class='ocrx_word' id='word_1_534' title='bbox 1969 471 2310 542; x_wconf 80' lang='grc' dir='ltr'>θεραπεύειν,</span> <span class='ocrx_word' id='word_1_535' title='bbox 2336 474 2543 544; x_wconf 80' lang='grc' dir='ltr'>ταχέως</span> <span class='ocrx_word' id='word_1_536' title='bbox 2568 473 2786 528; x_wconf 84' lang='grc' dir='ltr'>ἀνίατον</span> <span class='ocrx_word' id='word_1_537' title='bbox 2833 475 3125 545; x_wconf 76' lang='grc' dir='ltr'>ἐργάζεται</span> <span class='ocrx_word' id='word_1_538' title='bbox 3164 476 3225 531; x_wconf 85' lang='lat'>16</span> <span class='ocrx_word' id='word_1_539' title='bbox 3276 479 3466 544; x_wconf 83' lang='grc' dir='ltr'>πάθος,</span> <span class='ocrx_word' id='word_1_540' title='bbox 3500 483 3563 534; x_wconf 82' lang='grc' dir='ltr'>οὑ</span> 
     </span>
    </p>
   </div>
   <div class='ocr_carea' id='block_1_73' title="bbox 1971 555 3562 631">
    <p class='ocr_par' dir='ltr' id='par_1_73' title="bbox 1971 555 3562 631">
     <span class='ocr_line' id='line_1_73' title="bbox 1971 555 3562 631; baseline 0.007 -27"><span class='ocrx_word' id='word_1_541' title='bbox 1971 556 2068 623; x_wconf 83' lang='grc' dir='ltr'>τὴν</span> <span class='ocrx_word' id='word_1_542' title='bbox 2095 555 2472 625; x_wconf 73' lang='grc' dir='ltr'>ἁρμόττουσαν</span> <span class='ocrx_word' id='word_1_543' title='bbox 2503 555 2724 620; x_wconf 81' lang='grc' dir='ltr'>ἐπάγων</span> <span class='ocrx_word' id='word_1_544' title='bbox 2752 555 3023 622; x_wconf 84' lang='grc' dir='ltr'>ἰατρείαν·</span> <span class='ocrx_word' id='word_1_545' title='bbox 3049 556 3140 609; x_wconf 84' lang='grc' dir='ltr'>τὸν</span> <span class='ocrx_word' id='word_1_546' title='bbox 3168 558 3329 612; x_wconf 82' lang='grc' dir='ltr'>αὑτὸν</span> <span class='ocrx_word' id='word_1_547' title='bbox 3353 559 3418 628; x_wconf 80' lang='grc' dir='ltr'>δὴ</span> <span class='ocrx_word' id='word_1_548' title='bbox 3440 561 3562 631; x_wconf 83' lang='grc' dir='ltr'>τρό-</span> 
     </span>
    </p>
   </div>
   <div class='ocr_carea' id='block_1_74' title="bbox 1969 633 3559 710">
    <p class='ocr_par' dir='ltr' id='par_1_74' title="bbox 1969 633 3559 710">
     <span class='ocr_line' id='line_1_74' title="bbox 1969 633 3559 710; baseline 0.003 -24"><span class='ocrx_word' id='word_1_549' title='bbox 1969 652 2068 686; x_wconf 85' lang='grc' dir='ltr'>πον</span> <span class='ocrx_word' id='word_1_550' title='bbox 2101 635 2195 686; x_wconf 76' lang='grc' dir='ltr'>καὶ</span> <span class='ocrx_word' id='word_1_551' title='bbox 2223 635 2250 686; x_wconf 88' lang='grc' dir='ltr'>ὀ</span> <span class='ocrx_word' id='word_1_552' title='bbox 2273 633 2584 704; x_wconf 86' lang='grc' dir='ltr'>πρεσϐύτης</span> <span class='ocrx_word' id='word_1_553' title='bbox 2610 635 2815 696; x_wconf 89' lang='grc' dir='ltr'>ἐκεῖνος</span> <span class='ocrx_word' id='word_1_554' title='bbox 2838 635 3066 702; x_wconf 81' lang='grc' dir='ltr'>ὀφείλων</span> <span class='ocrx_word' id='word_1_555' title='bbox 3089 637 3216 701; x_wconf 80' lang='grc' dir='ltr'>ἄξια</span> <span class='ocrx_word' id='word_1_556' title='bbox 3245 637 3352 690; x_wconf 90' lang='grc' dir='ltr'>τῶν</span> <span class='ocrx_word' id='word_1_557' title='bbox 3376 638 3559 710; x_wconf 82' lang='grc' dir='ltr'>πλημ-</span> 
     </span>
    </p>
   </div>
   <div class='ocr_carea' id='block_1_75' title="bbox 1972 709 3558 788">
    <p class='ocr_par' dir='ltr' id='par_1_75' title="bbox 1972 709 3558 788">
     <span class='ocr_line' id='line_1_75' title="bbox 1972 709 3558 788; baseline 0.005 -27"><span class='ocrx_word' id='word_1_558' title='bbox 1972 711 2299 780; x_wconf 86' lang='grc' dir='ltr'>μελημάτων</span> <span class='ocrx_word' id='word_1_559' title='bbox 2337 709 2734 780; x_wconf 76' lang='grc' dir='ltr'>εἰσπράξασθαι</span> <span class='ocrx_word' id='word_1_560' title='bbox 2766 711 2891 773; x_wconf 78' lang='grc' dir='ltr'>τοὺς</span> <span class='ocrx_word' id='word_1_561' title='bbox 2915 712 3103 765; x_wconf 78' lang='grc' dir='ltr'>ἑαυτοῦ</span> <span class='ocrx_word' id='word_1_562' title='bbox 3149 712 3363 776; x_wconf 79' lang='grc' dir='ltr'>παῖδας,</span> <span class='ocrx_word' id='word_1_563' title='bbox 3388 709 3558 788; x_wconf 80' lang='grc' dir='ltr'>πολλῇ</span> 
     </span>
    </p>
   </div>
   <div class='ocr_carea' id='block_1_76' title="bbox 1967 791 3562 862">
    <p class='ocr_par' dir='ltr' id='par_1_76' title="bbox 1967 791 3562 862">
     <span class='ocr_line' id='line_1_76' title="bbox 1967 791 3562 862; baseline 0.005 -19"><span class='ocrx_word' id='word_1_564' title='bbox 1967 794 2033 860; x_wconf 86' lang='grc' dir='ltr'>τῇ</span> <span class='ocrx_word' id='word_1_565' title='bbox 2065 792 2333 861; x_wconf 63' lang='grc' dir='ltr'>ἐπιεικείᾳ</span> <span class='ocrx_word' id='word_1_566' title='bbox 2387 793 2754 861; x_wconf 88' lang='grc' dir='ltr'>χρησάμενος,</span> <span class='ocrx_word' id='word_1_567' title='bbox 2786 791 2887 860; x_wconf 88' lang='grc' dir='ltr'>τῆς</span> <span class='ocrx_word' id='word_1_568' title='bbox 2935 796 3204 862; x_wconf 83' lang='grc' dir='ltr'>τιμωρίας</span> <span class='ocrx_word' id='word_1_569' title='bbox 3243 797 3428 860; x_wconf 86' lang='grc' dir='ltr'>αὑτοῖς</span> <span class='ocrx_word' id='word_1_570' title='bbox 3466 799 3562 852; x_wconf 78' lang='grc' dir='ltr'>καὶ</span> 
     </span>
    </p>
   </div>
   <div class='ocr_carea' id='block_1_77' title="bbox 1968 869 3562 944">
    <p class='ocr_par' dir='ltr' id='par_1_77' title="bbox 1968 869 3562 944">
     <span class='ocr_line' id='line_1_77' title="bbox 1968 869 3562 944; baseline 0.004 -19"><span class='ocrx_word' id='word_1_571' title='bbox 1968 874 2132 936; x_wconf 84' lang='grc' dir='ltr'>αὐτὸς</span> <span class='ocrx_word' id='word_1_572' title='bbox 2181 873 2530 940; x_wconf 79' lang='grc' dir='ltr'>ἐκοινώνησε.</span> <span class='ocrx_word' id='word_1_573' title='bbox 2584 871 2914 941; x_wconf 84' lang='grc' dir='ltr'>Φοϐηθέντες</span> <span class='ocrx_word' id='word_1_574' title='bbox 2973 869 3088 934; x_wconf 86' lang='grc' dir='ltr'>οὖν,</span> <span class='ocrx_word' id='word_1_575' title='bbox 3144 875 3464 944; x_wconf 84' lang='grc' dir='ltr'>παρακαλῶ,</span> <span class='ocrx_word' id='word_1_576' title='bbox 3499 878 3562 931; x_wconf 87' lang='lat'>16</span> 
     </span>
    </p>
   </div>
   <div class='ocr_carea' id='block_1_78' title="bbox 1970 949 3560 1023">
    <p class='ocr_par' dir='ltr' id='par_1_78' title="bbox 1970 949 3560 1023">
     <span class='ocr_line' id='line_1_78' title="bbox 1970 949 3560 1023; baseline 0.001 -17"><span class='ocrx_word' id='word_1_577' title='bbox 1970 953 2294 1023; x_wconf 84' lang='grc' dir='ltr'>ὑπόδειγμα,</span> <span class='ocrx_word' id='word_1_578' title='bbox 2321 955 2416 1007; x_wconf 77' lang='grc' dir='ltr'>καὶ</span> <span class='ocrx_word' id='word_1_579' title='bbox 2445 953 2494 1004; x_wconf 88' lang='grc' dir='ltr'>οἰ</span> <span class='ocrx_word' id='word_1_580' title='bbox 2525 949 2718 1011; x_wconf 86' lang='grc' dir='ltr'>παῖδας</span> <span class='ocrx_word' id='word_1_581' title='bbox 2741 949 2952 1018; x_wconf 78' lang='grc' dir='ltr'>ἔχοντες</span> <span class='ocrx_word' id='word_1_582' title='bbox 2977 952 3290 1021; x_wconf 73' lang='grc' dir='ltr'>προνοῶμεν</span> <span class='ocrx_word' id='word_1_583' title='bbox 3319 954 3416 1022; x_wconf 88' lang='grc' dir='ltr'>τῆς</span> <span class='ocrx_word' id='word_1_584' title='bbox 3441 953 3560 1008; x_wconf 86' lang='grc' dir='ltr'>τού-</span> 
     </span>
    </p>
   </div>
   <div class='ocr_carea' id='block_1_79' title="bbox 1967 1031 3557 1106">
    <p class='ocr_par' dir='ltr' id='par_1_79' title="bbox 1967 1031 3557 1106">
     <span class='ocr_line' id='line_1_79' title="bbox 1967 1031 3557 1106; baseline 0.001 -20"><span class='ocrx_word' id='word_1_585' title='bbox 1967 1052 2078 1087; x_wconf 86' lang='grc' dir='ltr'>των</span> <span class='ocrx_word' id='word_1_586' title='bbox 2095 1035 2443 1106; x_wconf 64' lang='grc' dir='ltr'>ἀνατροφῆς,</span> <span class='ocrx_word' id='word_1_587' title='bbox 2499 1032 2595 1087; x_wconf 68' lang='grc' dir='ltr'>καὶ</span> <span class='ocrx_word' id='word_1_588' title='bbox 2625 1031 2810 1094; x_wconf 85' lang='grc' dir='ltr'>ἀπλῶς</span> <span class='ocrx_word' id='word_1_589' title='bbox 2842 1031 3072 1094; x_wconf 71' lang='grc' dir='ltr'>ἕκαστος</span> <span class='ocrx_word' id='word_1_590' title='bbox 3100 1032 3208 1084; x_wconf 88' lang='grc' dir='ltr'>τῶν</span> <span class='ocrx_word' id='word_1_591' title='bbox 3247 1035 3557 1088; x_wconf 84' lang='grc' dir='ltr'>συνοικούν-</span> 
     </span>
    </p>
   </div>
   <div class='ocr_carea' id='block_1_80' title="bbox 1967 1111 3555 1188">
    <p class='ocr_par' dir='ltr' id='par_1_80' title="bbox 1967 1111 3555 1188">
     <span class='ocr_line' id='line_1_80' title="bbox 1967 1111 3555 1188; baseline -0.009 -18"><span class='ocrx_word' id='word_1_592' title='bbox 1967 1135 2076 1170; x_wconf 90' lang='grc' dir='ltr'>των</span> <span class='ocrx_word' id='word_1_593' title='bbox 2102 1117 2198 1188; x_wconf 82' lang='grc' dir='ltr'>τὴν</span> <span class='ocrx_word' id='word_1_594' title='bbox 2230 1116 2380 1188; x_wconf 69' lang='grc'>[577]</span> <span class='ocrx_word' id='word_1_595' title='bbox 2407 1115 2720 1184; x_wconf 85' lang='grc' dir='ltr'>ἐπιμέλειαν</span> <span class='ocrx_word' id='word_1_596' title='bbox 2746 1111 3026 1171; x_wconf 87' lang='grc' dir='ltr'>ποιείσθω,</span> <span class='ocrx_word' id='word_1_597' title='bbox 3054 1113 3146 1166; x_wconf 75' lang='grc' dir='ltr'>καὶ</span> <span class='ocrx_word' id='word_1_598' title='bbox 3174 1113 3364 1182; x_wconf 85' lang='grc' dir='ltr'>κέρδος</span> <span class='ocrx_word' id='word_1_599' title='bbox 3395 1115 3555 1184; x_wconf 82' lang='grc' dir='ltr'>μέγι-</span> 
     </span>
    </p>
   </div>
   <div class='ocr_carea' id='block_1_81' title="bbox 1971 1190 3554 1267">
    <p class='ocr_par' dir='ltr' id='par_1_81' title="bbox 1971 1190 3554 1267">
     <span class='ocr_line' id='line_1_81' title="bbox 1971 1190 3554 1267; baseline -0.003 -17"><span class='ocrx_word' id='word_1_600' title='bbox 1971 1214 2094 1250; x_wconf 89' lang='grc' dir='ltr'>στον</span> <span class='ocrx_word' id='word_1_601' title='bbox 2120 1195 2351 1267; x_wconf 81' lang='grc' dir='ltr'>κρινέτω</span> <span class='ocrx_word' id='word_1_602' title='bbox 2383 1194 2482 1264; x_wconf 87' lang='grc' dir='ltr'>τὴν</span> <span class='ocrx_word' id='word_1_603' title='bbox 2513 1190 2606 1244; x_wconf 86' lang='grc' dir='ltr'>τοῦ</span> <span class='ocrx_word' id='word_1_604' title='bbox 2630 1191 2856 1261; x_wconf 88' lang='grc' dir='ltr'>πλησίον</span> <span class='ocrx_word' id='word_1_605' title='bbox 2894 1190 3179 1259; x_wconf 84' lang='grc' dir='ltr'>ὠφέλειαν,</span> <span class='ocrx_word' id='word_1_606' title='bbox 3216 1190 3303 1244; x_wconf 80' lang='grc' dir='ltr'>ἵνα</span> <span class='ocrx_word' id='word_1_607' title='bbox 3325 1193 3392 1246; x_wconf 86' lang='grc' dir='ltr'>τά</span> <span class='ocrx_word' id='word_1_608' title='bbox 3414 1194 3554 1262; x_wconf 77' lang='grc' dir='ltr'>πρὸς</span> 
     </span>
    </p>
   </div>
   <div class='ocr_carea' id='block_1_82' title="bbox 1969 1274 3552 1349">
    <p class='ocr_par' dir='ltr' id='par_1_82' title="bbox 1969 1274 3552 1349">
     <span class='ocr_line' id='line_1_82' title="bbox 1969 1274 3552 1349; baseline -0.003 -19"><span class='ocrx_word' id='word_1_609' title='bbox 1969 1278 2168 1349; x_wconf 80' lang='grc' dir='ltr'>ἀρετὴν</span> <span class='ocrx_word' id='word_1_610' title='bbox 2218 1278 2446 1340; x_wconf 75' lang='grc' dir='ltr'>ἕκαστος</span> <span class='ocrx_word' id='word_1_611' title='bbox 2491 1274 2936 1344; x_wconf 81' lang='grc' dir='ltr'>πεπαιδευμένος,</span> <span class='ocrx_word' id='word_1_612' title='bbox 2974 1274 3067 1326; x_wconf 76' lang='grc' dir='ltr'>καὶ</span> <span class='ocrx_word' id='word_1_613' title='bbox 3099 1277 3198 1343; x_wconf 81' lang='grc' dir='ltr'>τῆς</span> <span class='ocrx_word' id='word_1_614' title='bbox 3233 1275 3429 1337; x_wconf 87' lang='grc' dir='ltr'>κακίας</span> <span class='ocrx_word' id='word_1_615' title='bbox 3450 1276 3552 1344; x_wconf 84' lang='grc' dir='ltr'>τὴν</span> 
     </span>
    </p>
   </div>
   <div class='ocr_carea' id='block_1_83' title="bbox 1971 1353 3556 1428">
    <p class='ocr_par' dir='ltr' id='par_1_83' title="bbox 1971 1353 3556 1428">
     <span class='ocr_line' id='line_1_83' title="bbox 1971 1353 3556 1428; baseline -0.003 -16"><span class='ocrx_word' id='word_1_616' title='bbox 1971 1363 2163 1428; x_wconf 88' lang='grc' dir='ltr'>πεῖραν</span> <span class='ocrx_word' id='word_1_617' title='bbox 2196 1361 2477 1426; x_wconf 74' lang='grc' dir='ltr'>διαφυγεῖν</span> <span class='ocrx_word' id='word_1_618' title='bbox 2523 1357 2748 1426; x_wconf 81' lang='grc' dir='ltr'>δυνηθῇ,</span> <span class='ocrx_word' id='word_1_619' title='bbox 2785 1354 2881 1407; x_wconf 77' lang='grc' dir='ltr'>καὶ</span> <span class='ocrx_word' id='word_1_620' title='bbox 2911 1353 3009 1424; x_wconf 82' lang='grc' dir='ltr'>τὴν</span> <span class='ocrx_word' id='word_1_621' title='bbox 3066 1355 3267 1424; x_wconf 85' lang='grc' dir='ltr'>ἀρετὴν</span> <span class='ocrx_word' id='word_1_622' title='bbox 3302 1356 3556 1426; x_wconf 88' lang='grc' dir='ltr'>ἐλόμενος</span> 
     </span>
    </p>
   </div>
   <div class='ocr_carea' id='block_1_84' title="bbox 1971 1431 3558 1510">
    <p class='ocr_par' dir='ltr' id='par_1_84' title="bbox 1971 1431 3558 1510">
     <span class='ocr_line' id='line_1_84' title="bbox 1971 1431 3558 1510; baseline -0.003 -16"><span class='ocrx_word' id='word_1_623' title='bbox 1971 1441 2173 1510; x_wconf 76' lang='grc' dir='ltr'>πολλὴν</span> <span class='ocrx_word' id='word_1_624' title='bbox 2225 1439 2598 1508; x_wconf 85' lang='grc' dir='ltr'>ἐπισπάσηται</span> <span class='ocrx_word' id='word_1_625' title='bbox 2624 1437 2723 1509; x_wconf 85' lang='grc' dir='ltr'>τὴν</span> <span class='ocrx_word' id='word_1_626' title='bbox 2769 1436 2974 1490; x_wconf 80' lang='grc' dir='ltr'>ἄνωθεν</span> <span class='ocrx_word' id='word_1_627' title='bbox 3007 1437 3180 1505; x_wconf 81' lang='grc' dir='ltr'>ῥοπήν</span> <span class='ocrx_word' id='word_1_628' title='bbox 3205 1452 3218 1466; x_wconf 77' lang='grc' dir='ltr'><strong>ο</strong></span> <span class='ocrx_word' id='word_1_629' title='bbox 3248 1431 3315 1507; x_wconf 81' lang='grc' dir='ltr'>ἦς</span> <span class='ocrx_word' id='word_1_630' title='bbox 3349 1436 3558 1502; x_wconf 83' lang='grc' dir='ltr'>γένοιτο</span> 
     </span>
    </p>
   </div>
   <div class='ocr_carea' id='block_1_85' title="bbox 1972 1512 3553 1588">
    <p class='ocr_par' dir='ltr' id='par_1_85' title="bbox 1972 1512 3553 1588">
     <span class='ocr_line' id='line_1_85' title="bbox 1972 1512 3553 1588; baseline -0.006 -15"><span class='ocrx_word' id='word_1_631' title='bbox 1972 1523 2177 1580; x_wconf 84' lang='grc' dir='ltr'>πάντας</span> <span class='ocrx_word' id='word_1_632' title='bbox 2200 1519 2345 1588; x_wconf 82' lang='grc' dir='ltr'>ἡμᾶς</span> <span class='ocrx_word' id='word_1_633' title='bbox 2372 1519 2669 1585; x_wconf 83' lang='grc' dir='ltr'>ἐπιτυχεῖν,</span> <span class='ocrx_word' id='word_1_634' title='bbox 2709 1516 2892 1584; x_wconf 89' lang='grc' dir='ltr'>χάριτι</span> <span class='ocrx_word' id='word_1_635' title='bbox 2924 1514 3020 1568; x_wconf 75' lang='grc' dir='ltr'>καὶ</span> <span class='ocrx_word' id='word_1_636' title='bbox 3045 1512 3425 1588; x_wconf 69' lang='grc' dir='ltr'>φιλανθρωπίᾳ.</span> <span class='ocrx_word' id='word_1_637' title='bbox 3457 1513 3553 1564; x_wconf 88' lang='grc' dir='ltr'>τοῦ</span> 
     </span>
    </p>
   </div>
   <div class='ocr_carea' id='block_1_86' title="bbox 1971 1586 3552 1668">
    <p class='ocr_par' dir='ltr' id='par_1_86' title="bbox 1971 1586 3552 1668">
     <span class='ocr_line' id='line_1_86' title="bbox 1971 1586 3552 1668; baseline -0.004 -18"><span class='ocrx_word' id='word_1_638' title='bbox 1971 1598 2176 1668; x_wconf 85' lang='grc' dir='ltr'>Κυρίου</span> <span class='ocrx_word' id='word_1_639' title='bbox 2223 1586 2385 1668; x_wconf 84' lang='grc' dir='ltr'>ἡμῶν</span> <span class='ocrx_word' id='word_1_640' title='bbox 2446 1594 2620 1662; x_wconf 86' lang='grc' dir='ltr'>Ἰησοῦ</span> <span class='ocrx_word' id='word_1_641' title='bbox 2676 1595 2938 1663; x_wconf 77' lang='grc' dir='ltr'>Χριστοῦ,</span> <span class='ocrx_word' id='word_1_642' title='bbox 2990 1593 3105 1663; x_wconf 82' lang='grc' dir='ltr'>μεθ’</span> <span class='ocrx_word' id='word_1_643' title='bbox 3142 1586 3202 1644; x_wconf 74' lang='grc' dir='ltr'>οὗ</span> <span class='ocrx_word' id='word_1_644' title='bbox 3237 1593 3313 1662; x_wconf 87' lang='grc' dir='ltr'>τῷ</span> <span class='ocrx_word' id='word_1_645' title='bbox 3354 1592 3552 1660; x_wconf 78' lang='grc' dir='ltr'>Πατρὶ,</span> 
     </span>
    </p>
   </div>
   <div class='ocr_carea' id='block_1_87' title="bbox 1971 1667 3556 1746">
    <p class='ocr_par' dir='ltr' id='par_1_87' title="bbox 1971 1667 3556 1746">
     <span class='ocr_line' id='line_1_87' title="bbox 1971 1667 3556 1746; baseline -0.005 -18"><span class='ocrx_word' id='word_1_646' title='bbox 1971 1667 2088 1745; x_wconf 77' lang='grc' dir='ltr'>ἅμα</span> <span class='ocrx_word' id='word_1_647' title='bbox 2109 1674 2185 1746; x_wconf 84' lang='grc' dir='ltr'>τῷ</span> <span class='ocrx_word' id='word_1_648' title='bbox 2216 1667 2357 1744; x_wconf 83' lang='grc' dir='ltr'>ἁγίῳ</span> <span class='ocrx_word' id='word_1_649' title='bbox 2385 1675 2684 1742; x_wconf 87' lang='grc' dir='ltr'>Πνεύματι,</span> <span class='ocrx_word' id='word_1_650' title='bbox 2717 1672 2865 1736; x_wconf 78' lang='grc' dir='ltr'>δόξα,</span> <span class='ocrx_word' id='word_1_651' title='bbox 2901 1674 3119 1743; x_wconf 87' lang='grc' dir='ltr'>κράτος,</span> <span class='ocrx_word' id='word_1_652' title='bbox 3152 1671 3307 1740; x_wconf 81' lang='grc' dir='ltr'>τιμὴ,</span> <span class='ocrx_word' id='word_1_653' title='bbox 3339 1671 3434 1724; x_wconf 82' lang='grc' dir='ltr'>νῦν</span> <span class='ocrx_word' id='word_1_654' title='bbox 3460 1667 3556 1722; x_wconf 66' lang='grc' dir='ltr'>καὶ</span> 
     </span>
    </p>
   </div>
   <div class='ocr_carea' id='block_1_88' title="bbox 1970 1749 3306 1820">
    <p class='ocr_par' dir='ltr' id='par_1_88' title="bbox 1970 1749 3306 1820">
     <span class='ocr_line' id='line_1_88' title="bbox 1970 1749 3306 1820; baseline -0.003 -13"><span class='ocrx_word' id='word_1_655' title='bbox 1970 1755 2077 1820; x_wconf 75' lang='grc' dir='ltr'>ἀεὶ,</span> <span class='ocrx_word' id='word_1_656' title='bbox 2104 1753 2198 1807; x_wconf 79' lang='grc' dir='ltr'>καὶ</span> <span class='ocrx_word' id='word_1_657' title='bbox 2219 1755 2296 1816; x_wconf 89' lang='grc' dir='ltr'>εἰς</span> <span class='ocrx_word' id='word_1_658' title='bbox 2324 1754 2449 1816; x_wconf 69' lang='grc' dir='ltr'>τοὺς</span> <span class='ocrx_word' id='word_1_659' title='bbox 2473 1750 2675 1813; x_wconf 90' lang='grc' dir='ltr'>αἰῶνας</span> <span class='ocrx_word' id='word_1_660' title='bbox 2699 1749 2805 1802; x_wconf 88' lang='grc' dir='ltr'>τῶν</span> <span class='ocrx_word' id='word_1_661' title='bbox 2834 1750 3064 1803; x_wconf 87' lang='grc' dir='ltr'>αἰώνων.</span> <span class='ocrx_word' id='word_1_662' title='bbox 3119 1749 3306 1818; x_wconf 83' lang='grc' dir='ltr'>Ἀμήν.</span> 
     </span>
    </p>
   </div>
   <div class='ocr_carea' id='block_1_89' title="bbox 1969 1911 3554 1990">
    <p class='ocr_par' dir='ltr' id='par_1_89' title="bbox 1969 1911 3554 1990">
     <span class='ocr_line' id='line_1_89' title="bbox 1969 1911 3554 1990; baseline -0.006 -17"><span class='ocrx_word' id='word_1_663' title='bbox 1969 1919 2081 1973; x_wconf 81' lang='grc' dir='ltr'>Καὶ</span> <span class='ocrx_word' id='word_1_664' title='bbox 2111 1915 2513 1990; x_wconf 80' lang='grc' dir='ltr'>οἰκοδομήσας</span> <span class='ocrx_word' id='word_1_665' title='bbox 2534 1915 2973 1990; x_wconf 56' lang='grc' dir='ltr'>θυσιαστήριον</span> <span class='ocrx_word' id='word_1_666' title='bbox 2991 1913 3251 1990; x_wconf 65' lang='grc' dir='ltr'>ἐκάλεσε</span> <span class='ocrx_word' id='word_1_667' title='bbox 3269 1911 3336 1965; x_wconf 82' lang='grc' dir='ltr'>τὸ</span> <span class='ocrx_word' id='word_1_668' title='bbox 3366 1912 3554 1990; x_wconf 73' lang='grc' dir='ltr'>ὀνομα</span> 
     </span>
    </p>
   </div>
   <div class='ocr_carea' id='block_1_90' title="bbox 2039 1983 3552 2054">
    <p class='ocr_par' dir='ltr' id='par_1_90' title="bbox 2039 1983 3552 2054">
     <span class='ocr_line' id='line_1_90' title="bbox 2039 1983 3552 2054; baseline -0.005 -14"><span class='ocrx_word' id='word_1_669' title='bbox 2039 1987 2144 2041; x_wconf 83' lang='grc' dir='ltr'>τοῦ</span> <span class='ocrx_word' id='word_1_670' title='bbox 2183 1983 2367 2040; x_wconf 86' lang='grc' dir='ltr'>τόπου</span> <span class='ocrx_word' id='word_1_671' title='bbox 2409 1985 2667 2047; x_wconf 78' lang='grc' dir='ltr'>Βαιθήλ·</span> <span class='ocrx_word' id='word_1_672' title='bbox 2709 1985 2839 2038; x_wconf 78' lang='grc' dir='ltr'>ἐκεῖ</span> <span class='ocrx_word' id='word_1_673' title='bbox 2881 1987 2989 2054; x_wconf 73' lang='grc' dir='ltr'>γὰρ</span> <span class='ocrx_word' id='word_1_674' title='bbox 3020 1983 3290 2054; x_wconf 65' lang='grc' dir='ltr'>ἐπεφάνη</span> <span class='ocrx_word' id='word_1_675' title='bbox 3323 1983 3483 2054; x_wconf 75' lang='grc' dir='ltr'>αὐτῷ</span> <span class='ocrx_word' id='word_1_676' title='bbox 3518 1985 3552 2034; x_wconf 83' lang='grc' dir='ltr'>ό</span> 
     </span>
    </p>
   </div>
   <div class='ocr_carea' id='block_1_91' title="bbox 2042 2051 3550 2122">
    <p class='ocr_par' dir='ltr' id='par_1_91' title="bbox 2042 2051 3550 2122">
     <span class='ocr_line' id='line_1_91' title="bbox 2042 2051 3550 2122; baseline -0.005 -11"><span class='ocrx_word' id='word_1_677' title='bbox 2042 2057 2184 2122; x_wconf 73' lang='grc' dir='ltr'>Θεὸς</span> <span class='ocrx_word' id='word_1_678' title='bbox 2206 2058 2276 2109; x_wconf 85' lang='grc' dir='ltr'>ἐν</span> <span class='ocrx_word' id='word_1_679' title='bbox 2288 2055 2366 2120; x_wconf 87' lang='grc' dir='ltr'>τῷ</span> <span class='ocrx_word' id='word_1_680' title='bbox 2385 2055 2850 2122; x_wconf 82' lang='grc' dir='ltr'>ἀποδιδράσκειν</span> <span class='ocrx_word' id='word_1_681' title='bbox 2868 2051 3055 2108; x_wconf 77' lang='grc' dir='ltr'>αὑτὸν</span> <span class='ocrx_word' id='word_1_682' title='bbox 3074 2053 3195 2108; x_wconf 82' lang='grc' dir='ltr'>ἀπὸ</span> <span class='ocrx_word' id='word_1_683' title='bbox 3224 2051 3550 2120; x_wconf 85' lang='grc' dir='ltr'>προσώπου</span> 
     </span>
    </p>
   </div>
   <div class='ocr_carea' id='block_1_92' title="bbox 2050 2125 2888 2193">
    <p class='ocr_par' dir='ltr' id='par_1_92' title="bbox 2050 2125 2888 2193">
     <span class='ocr_line' id='line_1_92' title="bbox 2050 2125 2888 2193; baseline -0.002 -12"><span class='ocrx_word' id='word_1_684' title='bbox 2050 2127 2234 2180; x_wconf 85' lang='grc' dir='ltr'>Ἠσαῦ</span> <span class='ocrx_word' id='word_1_685' title='bbox 2261 2127 2365 2179; x_wconf 84' lang='grc' dir='ltr'>τοῦ</span> <span class='ocrx_word' id='word_1_686' title='bbox 2390 2125 2658 2193; x_wconf 71' lang='grc' dir='ltr'>ἀδελφοῦ</span> <span class='ocrx_word' id='word_1_687' title='bbox 2687 2125 2888 2179; x_wconf 85' lang='grc' dir='ltr'>αὐτοῦ.</span> 
     </span>
    </p>
   </div>
   <div class='ocr_carea' id='block_1_93' title="bbox 2036 2203 3550 2278">
    <p class='ocr_par' dir='ltr' id='par_1_93' title="bbox 2036 2203 3550 2278">
     <span class='ocr_line' id='line_1_93' title="bbox 2036 2203 3550 2278; baseline -0.005 -16"><span class='ocrx_word' id='word_1_688' title='bbox 2036 2216 2106 2263; x_wconf 88' lang='grc' dir='ltr'>α’.</span> <span class='ocrx_word' id='word_1_689' title='bbox 2126 2209 2264 2278; x_wconf 81' lang='grc' dir='ltr'>Φέρε</span> <span class='ocrx_word' id='word_1_690' title='bbox 2297 2209 2390 2262; x_wconf 74' lang='grc' dir='ltr'>καὶ</span> <span class='ocrx_word' id='word_1_691' title='bbox 2423 2208 2679 2278; x_wconf 80' lang='grc' dir='ltr'>σήμερον,</span> <span class='ocrx_word' id='word_1_692' title='bbox 2704 2208 2752 2260; x_wconf 89' lang='grc' dir='ltr'>εἰ</span> <span class='ocrx_word' id='word_1_693' title='bbox 2787 2207 3060 2277; x_wconf 86' lang='grc' dir='ltr'>βούλεσθε,</span> <span class='ocrx_word' id='word_1_694' title='bbox 3095 2206 3192 2275; x_wconf 77' lang='grc' dir='ltr'>τὴν</span> <span class='ocrx_word' id='word_1_695' title='bbox 3229 2203 3550 2257; x_wconf 81' lang='grc' dir='ltr'>ἀκολουθίαν</span> 
     </span>
    </p>
   </div>
   <div class='ocr_carea' id='block_1_94' title="bbox 1964 2283 3550 2359">
    <p class='ocr_par' dir='ltr' id='par_1_94' title="bbox 1964 2283 3550 2359">
     <span class='ocr_line' id='line_1_94' title="bbox 1964 2283 3550 2359; baseline -0.004 -17"><span class='ocrx_word' id='word_1_696' title='bbox 1964 2288 2074 2342; x_wconf 88' lang='grc' dir='ltr'>τῶν</span> <span class='ocrx_word' id='word_1_697' title='bbox 2099 2288 2288 2359; x_wconf 87' lang='grc' dir='ltr'>πρώην</span> <span class='ocrx_word' id='word_1_698' title='bbox 2313 2290 2443 2358; x_wconf 89' lang='grc' dir='ltr'>ἡμῖν</span> <span class='ocrx_word' id='word_1_699' title='bbox 2469 2287 2772 2358; x_wconf 87' lang='grc' dir='ltr'>εἰρημένων</span> <span class='ocrx_word' id='word_1_700' title='bbox 2798 2286 3178 2348; x_wconf 84' lang='grc' dir='ltr'>ἀναλαϐόντες,</span> <span class='ocrx_word' id='word_1_701' title='bbox 3212 2283 3358 2336; x_wconf 75' lang='grc' dir='ltr'>οὕτω</span> <span class='ocrx_word' id='word_1_702' title='bbox 3386 2283 3550 2336; x_wconf 84' lang='grc' dir='ltr'>πάλιν</span> 
     </span>
    </p>
   </div>
   <div class='ocr_carea' id='block_1_95' title="bbox 1965 2361 3547 2437">
    <p class='ocr_par' dir='ltr' id='par_1_95' title="bbox 1965 2361 3547 2437">
     <span class='ocr_line' id='line_1_95' title="bbox 1965 2361 3547 2437; baseline -0.004 -17"><span class='ocrx_word' id='word_1_703' title='bbox 1965 2368 2030 2420; x_wconf 85' lang='grc' dir='ltr'>ἐκ</span> <span class='ocrx_word' id='word_1_704' title='bbox 2062 2369 2171 2420; x_wconf 91' lang='grc' dir='ltr'>τῶν</span> <span class='ocrx_word' id='word_1_705' title='bbox 2198 2367 2325 2437; x_wconf 79' lang='grc' dir='ltr'>ἑξῆς</span> <span class='ocrx_word' id='word_1_706' title='bbox 2349 2365 2446 2435; x_wconf 82' lang='grc' dir='ltr'>τήν</span> <span class='ocrx_word' id='word_1_707' title='bbox 2466 2365 2807 2419; x_wconf 85' lang='grc' dir='ltr'>διδασκαλίαν</span> <span class='ocrx_word' id='word_1_708' title='bbox 2834 2365 2970 2436; x_wconf 83' lang='grc' dir='ltr'>πρὸς</span> <span class='ocrx_word' id='word_1_709' title='bbox 2991 2366 3134 2434; x_wconf 84' lang='grc' dir='ltr'>ὑμᾶς</span> <span class='ocrx_word' id='word_1_710' title='bbox 3158 2361 3547 2433; x_wconf 88' lang='grc' dir='ltr'>ποιησώμεθα.</span> 
     </span>
    </p>
   </div>
   <div class='ocr_carea' id='block_1_96' title="bbox 1969 2442 3551 2518">
    <p class='ocr_par' dir='ltr' id='par_1_96' title="bbox 1969 2442 3551 2518">
     <span class='ocr_line' id='line_1_96' title="bbox 1969 2442 3551 2518; baseline -0.005 -18"><span class='ocrx_word' id='word_1_711' title='bbox 1969 2448 2089 2500; x_wconf 88' lang='grc' dir='ltr'>Ἔτι</span> <span class='ocrx_word' id='word_1_712' title='bbox 2118 2448 2226 2518; x_wconf 75' lang='grc' dir='ltr'>γὰρ</span> <span class='ocrx_word' id='word_1_713' title='bbox 2261 2448 2406 2518; x_wconf 74' lang='grc' dir='ltr'>ἡμᾶς</span> <span class='ocrx_word' id='word_1_714' title='bbox 2436 2447 2468 2516; x_wconf 92' lang='grc' dir='ltr'>ἡ</span> <span class='ocrx_word' id='word_1_715' title='bbox 2495 2445 2634 2498; x_wconf 77' lang='grc' dir='ltr'>κατὰ</span> <span class='ocrx_word' id='word_1_716' title='bbox 2651 2445 2742 2497; x_wconf 83' lang='lat' dir='ltr'><em>16v</em></span> <span class='ocrx_word' id='word_1_717' title='bbox 2781 2445 2974 2498; x_wconf 86' lang='grc' dir='ltr'>Ἰακὼϐ</span> <span class='ocrx_word' id='word_1_718' title='bbox 3005 2444 3213 2514; x_wconf 88' lang='grc' dir='ltr'>ἰστορία</span> <span class='ocrx_word' id='word_1_719' title='bbox 3246 2443 3340 2494; x_wconf 70' lang='grc' dir='ltr'>καὶ</span> <span class='ocrx_word' id='word_1_720' title='bbox 3380 2442 3551 2518; x_wconf 60' lang='grc' dir='ltr'>σήμεέ</span> 
     </span>
    </p>
   </div>
   <div class='ocr_carea' id='block_1_97' title="bbox 1968 2517 3553 2598">
    <p class='ocr_par' dir='ltr' id='par_1_97' title="bbox 1968 2517 3553 2598">
     <span class='ocr_line' id='line_1_97' title="bbox 1968 2517 3553 2598; baseline -0.003 -21"><span class='ocrx_word' id='word_1_721' title='bbox 1968 2543 2058 2598; x_wconf 85' lang='grc' dir='ltr'>ρον</span> <span class='ocrx_word' id='word_1_722' title='bbox 2093 2517 2250 2597; x_wconf 81' lang='grc' dir='ltr'>ἱκανὴ</span> <span class='ocrx_word' id='word_1_723' title='bbox 2275 2525 2564 2578; x_wconf 90' lang='grc' dir='ltr'>παιδεῦσαι</span> <span class='ocrx_word' id='word_1_724' title='bbox 2593 2523 2690 2592; x_wconf 85' lang='grc' dir='ltr'>τὴν</span> <span class='ocrx_word' id='word_1_725' title='bbox 2717 2524 2918 2593; x_wconf 80' lang='grc' dir='ltr'>πολλὴν</span> <span class='ocrx_word' id='word_1_726' title='bbox 2949 2523 3078 2593; x_wconf 78' lang='grc' dir='ltr'>περὶ</span> <span class='ocrx_word' id='word_1_727' title='bbox 3108 2522 3271 2576; x_wconf 83' lang='grc' dir='ltr'>αὑτὸν</span> <span class='ocrx_word' id='word_1_728' title='bbox 3295 2519 3387 2573; x_wconf 89' lang='grc' dir='ltr'>τοῦ</span> <span class='ocrx_word' id='word_1_729' title='bbox 3411 2517 3553 2573; x_wconf 81' lang='grc' dir='ltr'>Θεοῦ.</span> 
     </span>
    </p>
   </div>
   <div class='ocr_carea' id='block_1_98' title="bbox 1963 2598 3548 2678">
    <p class='ocr_par' dir='ltr' id='par_1_98' title="bbox 1963 2598 3548 2678">
     <span class='ocr_line' id='line_1_98' title="bbox 1963 2598 3548 2678; baseline -0.006 -19"><span class='ocrx_word' id='word_1_730' title='bbox 1963 2607 2241 2678; x_wconf 89' lang='grc' dir='ltr'>πρόνοιαν,</span> <span class='ocrx_word' id='word_1_731' title='bbox 2278 2606 2372 2658; x_wconf 71' lang='grc' dir='ltr'>καὶ</span> <span class='ocrx_word' id='word_1_732' title='bbox 2403 2606 2549 2666; x_wconf 79' lang='grc' dir='ltr'>ὅπως</span> <span class='ocrx_word' id='word_1_733' title='bbox 2578 2607 2696 2664; x_wconf 84' lang='grc' dir='ltr'>ταῖς</span> <span class='ocrx_word' id='word_1_734' title='bbox 2728 2603 2958 2666; x_wconf 87' lang='grc' dir='ltr'>οἰκείαις</span> <span class='ocrx_word' id='word_1_735' title='bbox 3007 2601 3168 2656; x_wconf 79' lang='grc' dir='ltr'>αὑτὸν</span> <span class='ocrx_word' id='word_1_736' title='bbox 3224 2598 3548 2678; x_wconf 77' lang='grc' dir='ltr'>ὑποσχέσεσι</span> 
     </span>
    </p>
   </div>
   <div class='ocr_carea' id='block_1_99' title="bbox 1964 2675 3550 2755">
    <p class='ocr_par' dir='ltr' id='par_1_99' title="bbox 1964 2675 3550 2755">
     <span class='ocr_line' id='line_1_99' title="bbox 1964 2675 3550 2755; baseline -0.006 -17"><span class='ocrx_word' id='word_1_737' title='bbox 1964 2675 2125 2738; x_wconf 80' lang='grc' dir='ltr'>πάλιν</span> <span class='ocrx_word' id='word_1_738' title='bbox 2154 2685 2470 2755; x_wconf 78' lang='grc' dir='ltr'>ἐπέρρωσεν</span> <span class='ocrx_word' id='word_1_739' title='bbox 2499 2683 2859 2753; x_wconf 84' lang='grc' dir='ltr'>ἀμειϐόμενος</span> <span class='ocrx_word' id='word_1_740' title='bbox 2885 2681 3048 2734; x_wconf 86' lang='grc' dir='ltr'>αὑτοῦ</span> <span class='ocrx_word' id='word_1_741' title='bbox 3077 2679 3173 2749; x_wconf 81' lang='grc' dir='ltr'>τὴν</span> <span class='ocrx_word' id='word_1_742' title='bbox 3202 2675 3550 2747; x_wconf 86' lang='grc' dir='ltr'>εὐγνωμοσύ-</span> 
     </span>
    </p>
   </div>
   <div class='ocr_carea' id='block_1_100' title="bbox 1962 2758 3545 2833">
    <p class='ocr_par' dir='ltr' id='par_1_100' title="bbox 1962 2758 3545 2833">
     <span class='ocr_line' id='line_1_100' title="bbox 1962 2758 3545 2833; baseline -0.007 -15"><span class='ocrx_word' id='word_1_743' title='bbox 1962 2782 2074 2833; x_wconf 92' lang='grc' dir='ltr'>νην.</span> <span class='ocrx_word' id='word_1_744' title='bbox 2119 2763 2336 2832; x_wconf 75' lang='grc' dir='ltr'>Ἐπειδὴ</span> <span class='ocrx_word' id='word_1_745' title='bbox 2368 2762 2477 2831; x_wconf 77' lang='grc' dir='ltr'>γὰρ</span> <span class='ocrx_word' id='word_1_746' title='bbox 2499 2764 2554 2814; x_wconf 87' lang='grc' dir='ltr'>ἐν</span> <span class='ocrx_word' id='word_1_747' title='bbox 2579 2762 2689 2821; x_wconf 86' lang='grc' dir='ltr'>τοῖς</span> <span class='ocrx_word' id='word_1_748' title='bbox 2715 2759 3045 2829; x_wconf 87' lang='grc' dir='ltr'>προλαϐοῦσι</span> <span class='ocrx_word' id='word_1_749' title='bbox 3074 2759 3368 2833; x_wconf 85' lang='grc' dir='ltr'>διηγήσατο</span> <span class='ocrx_word' id='word_1_750' title='bbox 3388 2758 3545 2833; x_wconf 87' lang='grc' dir='ltr'>ἡμῖν.</span> 
     </span>
    </p>
   </div>
   <div class='ocr_carea' id='block_1_101' title="bbox 1960 2832 3552 2908">
    <p class='ocr_par' dir='ltr' id='par_1_101' title="bbox 1960 2832 3552 2908">
     <span class='ocr_line' id='line_1_101' title="bbox 1960 2832 3552 2908; baseline -0.008 -13"><span class='ocrx_word' id='word_1_751' title='bbox 1960 2832 2109 2905; x_wconf 83' lang='grc' dir='ltr'>ὅπως</span> <span class='ocrx_word' id='word_1_752' title='bbox 2141 2840 2281 2894; x_wconf 87' lang='grc' dir='ltr'>κατά</span> <span class='ocrx_word' id='word_1_753' title='bbox 2314 2840 2374 2893; x_wconf 83' lang='grc' dir='ltr'>τὸ</span> <span class='ocrx_word' id='word_1_754' title='bbox 2425 2838 2517 2891; x_wconf 85' lang='grc' dir='ltr'>τοῦ</span> <span class='ocrx_word' id='word_1_755' title='bbox 2569 2836 2702 2890; x_wconf 85' lang='grc' dir='ltr'>Θεοῦ</span> <span class='ocrx_word' id='word_1_756' title='bbox 2745 2838 3074 2908; x_wconf 87' lang='grc' dir='ltr'>πρόσταγμα</span> <span class='ocrx_word' id='word_1_757' title='bbox 3111 2832 3422 2888; x_wconf 85' lang='grc' dir='ltr'>καταλιπὼν</span> <span class='ocrx_word' id='word_1_758' title='bbox 3446 2832 3552 2902; x_wconf 81' lang='grc' dir='ltr'>τὴν</span> 
     </span>
    </p>
   </div>
   <div class='ocr_carea' id='block_1_102' title="bbox 1961 2912 3545 2994">
    <p class='ocr_par' dir='ltr' id='par_1_102' title="bbox 1961 2912 3545 2994">
     <span class='ocr_line' id='line_1_102' title="bbox 1961 2912 3545 2994; baseline -0.006 -18"><span class='ocrx_word' id='word_1_759' title='bbox 1961 2924 2182 2994; x_wconf 87' lang='grc' dir='ltr'>Σήκιμα</span> <span class='ocrx_word' id='word_1_760' title='bbox 2211 2920 2299 2974; x_wconf 85' lang='grc' dir='ltr'>διὰ</span> <span class='ocrx_word' id='word_1_761' title='bbox 2339 2919 2407 2972; x_wconf 75' lang='grc' dir='ltr'>τά</span> <span class='ocrx_word' id='word_1_762' title='bbox 2438 2917 2543 2972; x_wconf 77' lang='grc' dir='ltr'>ὑπὸ</span> <span class='ocrx_word' id='word_1_763' title='bbox 2577 2917 2684 2970; x_wconf 83' lang='grc' dir='ltr'>τῶν</span> <span class='ocrx_word' id='word_1_764' title='bbox 2715 2917 2920 2994; x_wconf 90' lang='grc' dir='ltr'>παίδων</span> <span class='ocrx_word' id='word_1_765' title='bbox 2971 2915 3136 2994; x_wconf 68' lang='grc' dir='ltr'>αὑτοῦ</span> <span class='ocrx_word' id='word_1_766' title='bbox 3182 2912 3545 2994; x_wconf 73' lang='grc' dir='ltr'>γεγενημένας</span> 
     </span>
    </p>
   </div>
   <div class='ocr_carea' id='block_1_103' title="bbox 1960 2989 3546 3069">
    <p class='ocr_par' dir='ltr' id='par_1_103' title="bbox 1960 2989 3546 3069">
     <span class='ocr_line' id='line_1_103' title="bbox 1960 2989 3546 3069; baseline -0.008 -16"><span class='ocrx_word' id='word_1_767' title='bbox 1960 2989 2040 3062; x_wconf 80' lang='grc' dir='ltr'>εἰς</span> <span class='ocrx_word' id='word_1_768' title='bbox 2068 2989 2164 3069; x_wconf 71' lang='grc' dir='ltr'>τήν</span> <span class='ocrx_word' id='word_1_769' title='bbox 2197 2997 2407 3062; x_wconf 78' lang='grc' dir='ltr'>Λσύζαν</span> <span class='ocrx_word' id='word_1_770' title='bbox 2435 2995 2725 3063; x_wconf 79' lang='grc' dir='ltr'>ἠπείγετο·</span> <span class='ocrx_word' id='word_1_771' title='bbox 2770 2993 2877 3047; x_wconf 88' lang='lat' dir='ltr'><strong><em>Kal</em></strong></span> <span class='ocrx_word' id='word_1_772' title='bbox 2923 2990 3344 3059; x_wconf 82' lang='grc' dir='ltr'>οἰκοδομήσας,</span> <span class='ocrx_word' id='word_1_773' title='bbox 3382 2989 3546 3058; x_wconf 74' lang='grc' dir='ltr'>φησὶ,</span> 
     </span>
    </p>
   </div>
   <div class='ocr_carea' id='block_1_104' title="bbox 1961 3071 3550 3144">
    <p class='ocr_par' dir='ltr' id='par_1_104' title="bbox 1961 3071 3550 3144">
     <span class='ocr_line' id='line_1_104' title="bbox 1961 3071 3550 3144; baseline -0.008 -11"><span class='ocrx_word' id='word_1_774' title='bbox 1961 3077 2417 3144; x_wconf 80' lang='grc' dir='ltr'>θυσιαστήριον,</span> <span class='ocrx_word' id='word_1_775' title='bbox 2447 3073 2705 3127; x_wconf 77' lang='grc' dir='ltr'>ἐκάλεσε</span> <span class='ocrx_word' id='word_1_776' title='bbox 2735 3073 2799 3125; x_wconf 87' lang='grc' dir='ltr'>τὸ</span> <span class='ocrx_word' id='word_1_777' title='bbox 2829 3072 3017 3139; x_wconf 82' lang='grc' dir='ltr'>ὄνομα</span> <span class='ocrx_word' id='word_1_778' title='bbox 3050 3071 3156 3123; x_wconf 85' lang='grc' dir='ltr'>τοῦ</span> <span class='ocrx_word' id='word_1_779' title='bbox 3195 3072 3383 3123; x_wconf 84' lang='grc' dir='ltr'>τόπου</span> <span class='ocrx_word' id='word_1_780' title='bbox 3414 3071 3550 3144; x_wconf 81' lang='grc' dir='ltr'>Βαι-</span> 
     </span>
    </p>
   </div>
   <div class='ocr_carea' id='block_1_105' title="bbox 1960 3143 3546 3226">
    <p class='ocr_par' dir='ltr' id='par_1_105' title="bbox 1960 3143 3546 3226">
     <span class='ocr_line' id='line_1_105' title="bbox 1960 3143 3546 3226; baseline -0.01 -13"><span class='ocrx_word' id='word_1_781' title='bbox 1960 3159 2103 3224; x_wconf 73' lang='grc' dir='ltr'>θήλ·</span> <span class='ocrx_word' id='word_1_782' title='bbox 2133 3143 2388 3226; x_wconf 18' lang='grc' dir='ltr'>ἑκεῐίτὰρ</span> <span class='ocrx_word' id='word_1_783' title='bbox 2422 3151 2691 3222; x_wconf 70' lang='grc' dir='ltr'>ἐπεφάνη</span> <span class='ocrx_word' id='word_1_784' title='bbox 2717 3151 2878 3216; x_wconf 86' lang='grc' dir='ltr'>αὐτῷ</span> <span class='ocrx_word' id='word_1_785' title='bbox 2907 3155 2940 3205; x_wconf 87' lang='grc' dir='ltr'>ό</span> <span class='ocrx_word' id='word_1_786' title='bbox 2962 3151 3106 3215; x_wconf 81' lang='grc' dir='ltr'>Θεὸς</span> <span class='ocrx_word' id='word_1_787' title='bbox 3125 3150 3196 3203; x_wconf 83' lang='grc' dir='ltr'>ἐν</span> <span class='ocrx_word' id='word_1_788' title='bbox 3227 3147 3305 3213; x_wconf 84' lang='grc' dir='ltr'>τῷ</span> <span class='ocrx_word' id='word_1_789' title='bbox 3336 3143 3546 3201; x_wconf 81' lang='grc' dir='ltr'>ἀποδι-</span> 
     </span>
    </p>
   </div>
   <div class='ocr_carea' id='block_1_106' title="bbox 1958 3226 3544 3307">
    <p class='ocr_par' dir='ltr' id='par_1_106' title="bbox 1958 3226 3544 3307">
     <span class='ocr_line' id='line_1_106' title="bbox 1958 3226 3544 3307; baseline -0.007 -16"><span class='ocrx_word' id='word_1_790' title='bbox 1958 3237 2245 3307; x_wconf 82' lang='grc' dir='ltr'>δράσκειν</span> <span class='ocrx_word' id='word_1_791' title='bbox 2274 3233 2462 3290; x_wconf 82' lang='grc' dir='ltr'>αὐτὸν</span> <span class='ocrx_word' id='word_1_792' title='bbox 2489 3233 2605 3286; x_wconf 85' lang='grc' dir='ltr'>άπὸ</span> <span class='ocrx_word' id='word_1_793' title='bbox 2644 3229 2967 3297; x_wconf 83' lang='grc' dir='ltr'>προσώπου</span> <span class='ocrx_word' id='word_1_794' title='bbox 3005 3229 3187 3307; x_wconf 66' lang='grc' dir='ltr'>Ἠσαῦ</span> <span class='ocrx_word' id='word_1_795' title='bbox 3206 3226 3544 3307; x_wconf 18' lang='grc' dir='ltr'>-τοῦνάδελτ</span> 
     </span>
    </p>
   </div>
   <div class='ocr_carea' id='block_1_107' title="bbox 1958 3303 3550 3387">
    <p class='ocr_par' dir='ltr' id='par_1_107' title="bbox 1958 3303 3550 3387">
     <span class='ocr_line' id='line_1_107' title="bbox 1958 3303 3550 3387; baseline -0.008 -17"><span class='ocrx_word' id='word_1_796' title='bbox 1958 3303 2077 3387; x_wconf 60' lang='grc' dir='ltr'>φοῦ</span> <span class='ocrx_word' id='word_1_797' title='bbox 2123 3313 2330 3368; x_wconf 82' lang='grc' dir='ltr'>αὐτοῦ.</span> <span class='ocrx_word' id='word_1_798' title='bbox 2381 3313 2492 3365; x_wconf 71' lang='grc' dir='ltr'>Καὶ</span> <span class='ocrx_word' id='word_1_799' title='bbox 2542 3309 2697 3362; x_wconf 80' lang='grc' dir='ltr'>τοῦτο</span> <span class='ocrx_word' id='word_1_800' title='bbox 2748 3307 3059 3387; x_wconf 72' lang='grc' dir='ltr'>προστάξας</span> <span class='ocrx_word' id='word_1_801' title='bbox 3091 3305 3168 3387; x_wconf 72' lang='grc' dir='ltr'>τῷ</span> <span class='ocrx_word' id='word_1_802' title='bbox 3200 3305 3414 3387; x_wconf 26' lang='grc' dir='ltr'>δικαᾳίιρ,</span> <span class='ocrx_word' id='word_1_803' title='bbox 3451 3303 3550 3387; x_wconf 73' lang='grc' dir='ltr'>καὶ</span> 
     </span>
    </p>
   </div>
   <div class='ocr_carea' id='block_1_108' title="bbox 1964 3381 3547 3456">
    <p class='ocr_par' dir='ltr' id='par_1_108' title="bbox 1964 3381 3547 3456">
     <span class='ocr_line' id='line_1_108' title="bbox 1964 3381 3547 3456; baseline -0.011 -7"><span class='ocrx_word' id='word_1_804' title='bbox 1964 3381 2277 3456; x_wconf 79' lang='grc' dir='ltr'>ἀπαλλάξας</span> <span class='ocrx_word' id='word_1_805' title='bbox 2337 3389 2495 3444; x_wconf 85' lang='grc' dir='ltr'>αὑτὸν</span> <span class='ocrx_word' id='word_1_806' title='bbox 2524 3387 2616 3442; x_wconf 88' lang='grc' dir='ltr'>τοῦ</span> <span class='ocrx_word' id='word_1_807' title='bbox 2671 3387 2857 3455; x_wconf 87' lang='grc' dir='ltr'>φόϐου,</span> <span class='ocrx_word' id='word_1_808' title='bbox 2911 3382 2972 3440; x_wconf 74' lang='grc' dir='ltr'>οὑ</span> <span class='ocrx_word' id='word_1_809' title='bbox 3005 3384 3286 3454; x_wconf 88' lang='grc' dir='ltr'>κατείχετο</span> <span class='ocrx_word' id='word_1_810' title='bbox 3314 3381 3404 3436; x_wconf 79' lang='grc' dir='ltr'>διὰ</span> <span class='ocrx_word' id='word_1_811' title='bbox 3444 3383 3547 3452; x_wconf 83' lang='grc' dir='ltr'>τὴν</span> 
     </span>
    </p>
   </div>
   <div class='ocr_carea' id='block_1_109' title="bbox 1957 3460 3544 3543">
    <p class='ocr_par' dir='ltr' id='par_1_109' title="bbox 1957 3460 3544 3543">
     <span class='ocr_line' id='line_1_109' title="bbox 1957 3460 3544 3543; baseline -0.01 -16"><span class='ocrx_word' id='word_1_812' title='bbox 1957 3473 2066 3527; x_wconf 84' lang='grc' dir='ltr'>τῶν</span> <span class='ocrx_word' id='word_1_813' title='bbox 2111 3469 2420 3543; x_wconf 89' lang='grc' dir='ltr'>Σηκιμιτῶν</span> <span class='ocrx_word' id='word_1_814' title='bbox 2467 3467 2769 3537; x_wconf 87' lang='grc' dir='ltr'>ἀναίρεσιν,</span> <span class='ocrx_word' id='word_1_815' title='bbox 2814 3467 2927 3527; x_wconf 90' lang='grc' dir='ltr'>τοῖς</span> <span class='ocrx_word' id='word_1_816' title='bbox 2967 3464 3064 3527; x_wconf 84' lang='grc' dir='ltr'>τὰς</span> <span class='ocrx_word' id='word_1_817' title='bbox 3113 3463 3296 3543; x_wconf 82' lang='grc' dir='ltr'>πόλεις</span> <span class='ocrx_word' id='word_1_818' title='bbox 3325 3460 3544 3543; x_wconf 71' lang='grc' dir='ltr'>ἐκείνας</span> 
     </span>
    </p>
   </div>
   <div class='ocr_carea' id='block_1_110' title="bbox 1957 3539 3551 3616">
    <p class='ocr_par' dir='ltr' id='par_1_110' title="bbox 1957 3539 3551 3616">
     <span class='ocr_line' id='line_1_110' title="bbox 1957 3539 3551 3616; baseline -0.008 -12"><span class='ocrx_word' id='word_1_819' title='bbox 1957 3539 2195 3604; x_wconf 82' lang='grc' dir='ltr'>οἰκοῦσιν</span> <span class='ocrx_word' id='word_1_820' title='bbox 2240 3539 2492 3610; x_wconf 85' lang='grc' dir='ltr'>ἐπέϐαλε,</span> <span class='ocrx_word' id='word_1_821' title='bbox 2527 3547 2681 3616; x_wconf 67' lang='grc' dir='ltr'>φησι,</span> <span class='ocrx_word' id='word_1_822' title='bbox 2715 3544 2901 3613; x_wconf 85' lang='grc' dir='ltr'>φόϐον,</span> <span class='ocrx_word' id='word_1_823' title='bbox 2937 3543 3079 3596; x_wconf 85' lang='grc' dir='ltr'>ὥστε</span> <span class='ocrx_word' id='word_1_824' title='bbox 3105 3541 3177 3612; x_wconf 86' lang='grc' dir='ltr'>μὴ</span> <span class='ocrx_word' id='word_1_825' title='bbox 3211 3539 3551 3606; x_wconf 79' lang='grc' dir='ltr'>καταδιῶξαι</span> 
     </span>
    </p>
   </div>
   <div class='ocr_carea' id='block_1_111' title="bbox 1957 3620 3535 3695">
    <p class='ocr_par' dir='ltr' id='par_1_111' title="bbox 1957 3620 3535 3695">
     <span class='ocr_line' id='line_1_111' title="bbox 1957 3620 3535 3695; baseline -0.008 -11"><span class='ocrx_word' id='word_1_826' title='bbox 1957 3631 2132 3684; x_wconf 86' lang='grc' dir='ltr'>ὀπίσω</span> <span class='ocrx_word' id='word_1_827' title='bbox 2164 3628 2348 3682; x_wconf 87' lang='grc' dir='ltr'>αὑτοῦ.</span> <span class='ocrx_word' id='word_1_828' title='bbox 2387 3628 2527 3695; x_wconf 86' lang='grc' dir='ltr'>Ὅρα</span> <span class='ocrx_word' id='word_1_829' title='bbox 2553 3625 2646 3676; x_wconf 88' lang='grc' dir='ltr'>τοῦ</span> <span class='ocrx_word' id='word_1_830' title='bbox 2689 3625 2822 3677; x_wconf 85' lang='grc' dir='ltr'>Θεοῦ</span> <span class='ocrx_word' id='word_1_831' title='bbox 2857 3625 2954 3693; x_wconf 80' lang='grc' dir='ltr'>τὴν</span> <span class='ocrx_word' id='word_1_832' title='bbox 2981 3624 3237 3692; x_wconf 85' lang='grc' dir='ltr'>πρόνοιαν</span> <span class='ocrx_word' id='word_1_833' title='bbox 3261 3661 3277 3682; x_wconf 92' lang='grc'>,</span> <span class='ocrx_word' id='word_1_834' title='bbox 3309 3622 3404 3674; x_wconf 77' lang='grc' dir='ltr'>καὶ</span> <span class='ocrx_word' id='word_1_835' title='bbox 3435 3620 3535 3690; x_wconf 85' lang='grc' dir='ltr'>ὅσῃ</span> 
     </span>
    </p>
   </div>
   <div class='ocr_carea' id='block_1_112' title="bbox 1957 3700 3542 3778">
    <p class='ocr_par' dir='ltr' id='par_1_112' title="bbox 1957 3700 3542 3778">
     <span class='ocr_line' id='line_1_112' title="bbox 1957 3700 3542 3778; baseline -0.006 -18"><span class='ocrx_word' id='word_1_836' title='bbox 1957 3709 2219 3778; x_wconf 85' lang='grc' dir='ltr'>κέχρηται</span> <span class='ocrx_word' id='word_1_837' title='bbox 2270 3703 2566 3774; x_wconf 80' lang='grc' dir='ltr'>κηδεμονίᾳ</span> <span class='ocrx_word' id='word_1_838' title='bbox 2605 3705 2735 3772; x_wconf 73' lang='grc' dir='ltr'>περὶ</span> <span class='ocrx_word' id='word_1_839' title='bbox 2788 3702 2878 3754; x_wconf 85' lang='grc' dir='ltr'>τὸν</span> <span class='ocrx_word' id='word_1_840' title='bbox 2944 3700 3542 3778; x_wconf 37' lang='grc' dir='ltr'>ἸακώϐηΚατέσεισε,</span> 
     </span>
    </p>
   </div>
   <div class='ocr_carea' id='block_1_113' title="bbox 1956 3776 3546 3857">
    <p class='ocr_par' dir='ltr' id='par_1_113' title="bbox 1956 3776 3546 3857">
     <span class='ocr_line' id='line_1_113' title="bbox 1956 3776 3546 3857; baseline -0.006 -18"><span class='ocrx_word' id='word_1_841' title='bbox 1956 3776 2124 3857; x_wconf 73' lang='grc' dir='ltr'>φησι,</span> <span class='ocrx_word' id='word_1_842' title='bbox 2179 3783 2254 3852; x_wconf 77' lang='grc' dir='ltr'>τῷ</span> <span class='ocrx_word' id='word_1_843' title='bbox 2298 3783 2448 3852; x_wconf 84' lang='grc' dir='ltr'>φόϐῳ</span> <span class='ocrx_word' id='word_1_844' title='bbox 2476 3781 2574 3844; x_wconf 81' lang='grc' dir='ltr'>τὰς</span> <span class='ocrx_word' id='word_1_845' title='bbox 2604 3779 2782 3850; x_wconf 73' lang='grc' dir='ltr'>ψυχὰς</span> <span class='ocrx_word' id='word_1_846' title='bbox 2819 3779 2928 3832; x_wconf 86' lang='grc' dir='ltr'>τῶν</span> <span class='ocrx_word' id='word_1_847' title='bbox 2972 3779 3070 3842; x_wconf 86' lang='grc' dir='ltr'>τὰς</span> <span class='ocrx_word' id='word_1_848' title='bbox 3120 3776 3546 3857; x_wconf 21' lang='grc' dir='ltr'>πόλεις-ἐκείνας</span> 
     </span>
    </p>
   </div>
   <div class='ocr_carea' id='block_1_114' title="bbox 1955 3855 3544 3931">
    <p class='ocr_par' dir='ltr' id='par_1_114' title="bbox 1955 3855 3544 3931">
     <span class='ocr_line' id='line_1_114' title="bbox 1955 3855 3544 3931; baseline -0.007 -13"><span class='ocrx_word' id='word_1_849' title='bbox 1955 3855 2266 3926; x_wconf 82' lang='grc' dir='ltr'>οἰκούντων,</span> <span class='ocrx_word' id='word_1_850' title='bbox 2299 3862 2438 3914; x_wconf 82' lang='grc' dir='ltr'>ὥστε</span> <span class='ocrx_word' id='word_1_851' title='bbox 2477 3861 2550 3931; x_wconf 85' lang='grc' dir='ltr'>μὴ</span> <span class='ocrx_word' id='word_1_852' title='bbox 2585 3857 2916 3922; x_wconf 82' lang='grc' dir='ltr'>καταδιῶξαι</span> <span class='ocrx_word' id='word_1_853' title='bbox 2949 3858 3124 3911; x_wconf 86' lang='grc' dir='ltr'>ὀπίσω</span> <span class='ocrx_word' id='word_1_854' title='bbox 3150 3855 3314 3910; x_wconf 81' lang='grc' dir='ltr'>αὑτοῦ</span> <span class='ocrx_word' id='word_1_855' title='bbox 3340 3873 3354 3887; x_wconf 89' lang='grc'>·</span> <span class='ocrx_word' id='word_1_856' title='bbox 3388 3855 3544 3908; x_wconf 84' lang='grc' dir='ltr'>ἐϐού-</span> 
     </span>
    </p>
   </div>
   <div class='ocr_carea' id='block_1_115' title="bbox 1955 3935 3546 4012">
    <p class='ocr_par' dir='ltr' id='par_1_115' title="bbox 1955 3935 3546 4012">
     <span class='ocr_line' id='line_1_115' title="bbox 1955 3935 3546 4012; baseline -0.005 -16"><span class='ocrx_word' id='word_1_857' title='bbox 1955 3945 2108 3998; x_wconf 89' lang='grc' dir='ltr'>λοντο</span> <span class='ocrx_word' id='word_1_858' title='bbox 2168 3942 2273 4012; x_wconf 84' lang='grc' dir='ltr'>γὰρ</span> <span class='ocrx_word' id='word_1_859' title='bbox 2327 3941 2458 4003; x_wconf 76' lang='grc' dir='ltr'>ἴσως</span> <span class='ocrx_word' id='word_1_860' title='bbox 2516 3938 2790 4008; x_wconf 86' lang='grc' dir='ltr'>ἐπαμῦναι</span> <span class='ocrx_word' id='word_1_861' title='bbox 2844 3940 2957 4000; x_wconf 90' lang='grc' dir='ltr'>τοῖς</span> <span class='ocrx_word' id='word_1_862' title='bbox 3002 3936 3344 4007; x_wconf 88' lang='grc' dir='ltr'>Σηκιμίταις.</span> <span class='ocrx_word' id='word_1_863' title='bbox 3401 3935 3546 3988; x_wconf 81' lang='grc' dir='ltr'>Ἀλλ’</span> 
     </span>
    </p>
   </div>
   <div class='ocr_carea' id='block_1_116' title="bbox 1955 4014 3546 4092">
    <p class='ocr_par' dir='ltr' id='par_1_116' title="bbox 1955 4014 3546 4092">
     <span class='ocr_line' id='line_1_116' title="bbox 1955 4014 3546 4092; baseline -0.006 -16"><span class='ocrx_word' id='word_1_864' title='bbox 1955 4023 2140 4092; x_wconf 80' lang='grc' dir='ltr'>ἐπειδὴ</span> <span class='ocrx_word' id='word_1_865' title='bbox 2173 4022 2268 4074; x_wconf 71' lang='grc' dir='ltr'>καὶ</span> <span class='ocrx_word' id='word_1_866' title='bbox 2297 4019 2448 4090; x_wconf 78' lang='grc' dir='ltr'>παρὰ</span> <span class='ocrx_word' id='word_1_867' title='bbox 2470 4017 2696 4088; x_wconf 85' lang='grc' dir='ltr'>γνώμην</span> <span class='ocrx_word' id='word_1_868' title='bbox 2745 4017 2838 4070; x_wconf 87' lang='grc' dir='ltr'>τοῦ</span> <span class='ocrx_word' id='word_1_869' title='bbox 2874 4017 3085 4070; x_wconf 85' lang='grc' dir='ltr'>δικαίου</span> <span class='ocrx_word' id='word_1_870' title='bbox 3119 4019 3309 4084; x_wconf 82' lang='grc' dir='ltr'>γέγονε</span> <span class='ocrx_word' id='word_1_871' title='bbox 3342 4014 3410 4067; x_wconf 84' lang='grc' dir='ltr'>τὰ</span> <span class='ocrx_word' id='word_1_872' title='bbox 3450 4031 3546 4092; x_wconf 62' lang='lat'>70-</span> 
     </span>
    </p>
   </div>
   <div class='ocr_carea' id='block_1_117' title="bbox 1953 4091 3544 4172">
    <p class='ocr_par' dir='ltr' id='par_1_117' title="bbox 1953 4091 3544 4172">
     <span class='ocr_line' id='line_1_117' title="bbox 1953 4091 3544 4172; baseline -0.006 -18"><span class='ocrx_word' id='word_1_873' title='bbox 1953 4091 2266 4172; x_wconf 85' lang='grc' dir='ltr'>γενημένα,</span> <span class='ocrx_word' id='word_1_874' title='bbox 2318 4099 2411 4152; x_wconf 76' lang='grc' dir='ltr'>καὶ</span> <span class='ocrx_word' id='word_1_875' title='bbox 2443 4100 2490 4151; x_wconf 87' lang='grc' dir='ltr'>οἰ</span> <span class='ocrx_word' id='word_1_876' title='bbox 2545 4096 2674 4167; x_wconf 79' lang='grc' dir='ltr'>περὶ</span> <span class='ocrx_word' id='word_1_877' title='bbox 2710 4096 2801 4148; x_wconf 74' lang='grc' dir='ltr'>τὸν</span> <span class='ocrx_word' id='word_1_878' title='bbox 2858 4095 3086 4165; x_wconf 85' lang='grc' dir='ltr'>Συμεὼν</span> <span class='ocrx_word' id='word_1_879' title='bbox 3132 4093 3226 4147; x_wconf 71' lang='grc' dir='ltr'>κτιιί⁸</span> <span class='ocrx_word' id='word_1_880' title='bbox 3271 4091 3362 4144; x_wconf 74' lang='lat' dir='ltr'><em>16v</em></span> <span class='ocrx_word' id='word_1_881' title='bbox 3409 4091 3544 4145; x_wconf 76' lang='grc' dir='ltr'>Λευὶ</span> 
     </span>
    </p>
   </div>
   <div class='ocr_carea' id='block_1_118' title="bbox 1951 4172 3542 4252">
    <p class='ocr_par' dir='ltr' id='par_1_118' title="bbox 1951 4172 3542 4252">
     <span class='ocr_line' id='line_1_118' title="bbox 1951 4172 3542 4252; baseline -0.006 -18"><span class='ocrx_word' id='word_1_882' title='bbox 1951 4183 2051 4252; x_wconf 87' lang='grc' dir='ltr'>τῆς</span> <span class='ocrx_word' id='word_1_883' title='bbox 2096 4179 2328 4250; x_wconf 83' lang='grc' dir='ltr'>ἀδελφῆς</span> <span class='ocrx_word' id='word_1_884' title='bbox 2386 4179 2484 4248; x_wconf 78' lang='grc' dir='ltr'>τὴν</span> <span class='ocrx_word' id='word_1_885' title='bbox 2543 4175 2899 4247; x_wconf 85' lang='grc' dir='ltr'>σωφροσύνην</span> <span class='ocrx_word' id='word_1_886' title='bbox 2967 4172 3308 4252; x_wconf 73' lang='grc' dir='ltr'>ἐκδικοῦντες</span> <span class='ocrx_word' id='word_1_887' title='bbox 3357 4173 3542 4252; x_wconf 79' lang='grc' dir='ltr'>ἐκεῖνα</span> 
     </span>
    </p>
   </div>
   <div class='ocr_carea' id='block_1_119' title="bbox 1953 4249 3535 4330">
    <p class='ocr_par' dir='ltr' id='par_1_119' title="bbox 1953 4249 3535 4330">
     <span class='ocr_line' id='line_1_119' title="bbox 1953 4249 3535 4330; baseline -0.008 -17"><span class='ocrx_word' id='word_1_888' title='bbox 1953 4249 2310 4330; x_wconf 83' lang='grc' dir='ltr'>εἰργάσαντο,</span> <span class='ocrx_word' id='word_1_889' title='bbox 2349 4258 2410 4309; x_wconf 85' lang='grc' dir='ltr'>ού</span> <span class='ocrx_word' id='word_1_890' title='bbox 2449 4255 2606 4326; x_wconf 76' lang='grc' dir='ltr'>μόνον</span> <span class='ocrx_word' id='word_1_891' title='bbox 2654 4254 2814 4307; x_wconf 81' lang='grc' dir='ltr'>αὑτὸν</span> <span class='ocrx_word' id='word_1_892' title='bbox 2844 4255 3090 4315; x_wconf 75' lang='grc' dir='ltr'>καὶτοὺς</span> <span class='ocrx_word' id='word_1_893' title='bbox 3135 4250 3300 4330; x_wconf 84' lang='grc' dir='ltr'>αὑτοῦ</span> <span class='ocrx_word' id='word_1_894' title='bbox 3337 4249 3535 4330; x_wconf 81' lang='grc' dir='ltr'>παῖδας</span> 
     </span>
    </p>
   </div>
   <div class='ocr_carea' id='block_1_120' title="bbox 1951 4327 3542 4408">
    <p class='ocr_par' dir='ltr' id='par_1_120' title="bbox 1951 4327 3542 4408">
     <span class='ocr_line' id='line_1_120' title="bbox 1951 4327 3542 4408; baseline -0.007 -18"><span class='ocrx_word' id='word_1_895' title='bbox 1951 4327 2060 4408; x_wconf 77' lang='grc' dir='ltr'>τῆς</span> <span class='ocrx_word' id='word_1_896' title='bbox 2097 4337 2332 4406; x_wconf 79' lang='grc' dir='ltr'>ἀγωνίας</span> <span class='ocrx_word' id='word_1_897' title='bbox 2378 4336 2470 4388; x_wconf 84' lang='grc' dir='ltr'>τοῦ</span> <span class='ocrx_word' id='word_1_898' title='bbox 2521 4332 2686 4403; x_wconf 87' lang='grc' dir='ltr'>φόϐου</span> <span class='ocrx_word' id='word_1_899' title='bbox 2737 4332 3112 4395; x_wconf 86' lang='grc' dir='ltr'>ἀπαλλάττει,</span> <span class='ocrx_word' id='word_1_900' title='bbox 3165 4328 3302 4382; x_wconf 84' lang='grc' dir='ltr'>ἀλλά</span> <span class='ocrx_word' id='word_1_901' title='bbox 3353 4327 3542 4408; x_wconf 87' lang='grc' dir='ltr'>κάκει-</span> 
     </span>
    </p>
   </div>
   <div class='ocr_carea' id='block_1_121' title="bbox 1952 4407 3537 4485">
    <p class='ocr_par' dir='ltr' id='par_1_121' title="bbox 1952 4407 3537 4485">
     <span class='ocr_line' id='line_1_121' title="bbox 1952 4407 3537 4485; baseline -0.006 -15"><span class='ocrx_word' id='word_1_902' title='bbox 1952 4407 2063 4479; x_wconf 82' lang='grc' dir='ltr'>νοις</span> <span class='ocrx_word' id='word_1_903' title='bbox 2110 4416 2311 4469; x_wconf 89' lang='grc' dir='ltr'>δειλίαν</span> <span class='ocrx_word' id='word_1_904' title='bbox 2339 4415 2510 4477; x_wconf 73' lang='grc' dir='ltr'>ἐνθεὶς</span> <span class='ocrx_word' id='word_1_905' title='bbox 2540 4413 2819 4485; x_wconf 80' lang='grc' dir='ltr'>ἀπέστησε</span> <span class='ocrx_word' id='word_1_906' title='bbox 2849 4412 2947 4483; x_wconf 90' lang='grc' dir='ltr'>τῆς</span> <span class='ocrx_word' id='word_1_907' title='bbox 2975 4412 3091 4463; x_wconf 83' lang='grc' dir='ltr'>κατ’</span> <span class='ocrx_word' id='word_1_908' title='bbox 3122 4408 3302 4462; x_wconf 87' lang='grc' dir='ltr'>αὑτῶν</span> <span class='ocrx_word' id='word_1_909' title='bbox 3337 4407 3537 4479; x_wconf 88' lang='grc' dir='ltr'>ὁρμῆς.</span> 
     </span>
    </p>
   </div>
   <div class='ocr_carea' id='block_1_122' title="bbox 1953 4487 3534 4558">
    <p class='ocr_par' dir='ltr' id='par_1_122' title="bbox 1953 4487 3534 4558">
     <span class='ocr_line' id='line_1_122' title="bbox 1953 4487 3534 4558; baseline -0.006 -10"><span class='ocrx_word' id='word_1_910' title='bbox 1953 4495 2137 4549; x_wconf 84' lang='grc' dir='ltr'>Εἴδετε</span> <span class='ocrx_word' id='word_1_911' title='bbox 2187 4496 2350 4548; x_wconf 84' lang='grc' dir='ltr'>πόσον</span> <span class='ocrx_word' id='word_1_912' title='bbox 2399 4495 2545 4548; x_wconf 77' lang='grc' dir='ltr'>ἐστὶν</span> <span class='ocrx_word' id='word_1_913' title='bbox 2593 4491 2886 4547; x_wconf 81' lang='grc' dir='ltr'>ἀπολαύειν</span> <span class='ocrx_word' id='word_1_914' title='bbox 2935 4491 3035 4558; x_wconf 82' lang='grc' dir='ltr'>τῆς</span> <span class='ocrx_word' id='word_1_915' title='bbox 3081 4487 3290 4542; x_wconf 84' lang='grc' dir='ltr'>ἀνωθεν</span> <span class='ocrx_word' id='word_1_916' title='bbox 3332 4488 3534 4558; x_wconf 72' lang='grc' dir='ltr'>ροπῆςς</span> 
     </span>
    </p>
   </div>
   <div class='ocr_carea' id='block_1_123' title="bbox 1955 4563 3539 4645">
    <p class='ocr_par' dir='ltr' id='par_1_123' title="bbox 1955 4563 3539 4645">
     <span class='ocr_line' id='line_1_123' title="bbox 1955 4563 3539 4645; baseline -0.008 -17"><span class='ocrx_word' id='word_1_917' title='bbox 1955 4575 2122 4627; x_wconf 87' lang='grc' dir='ltr'>Ὅταν</span> <span class='ocrx_word' id='word_1_918' title='bbox 2176 4574 2284 4645; x_wconf 81' lang='grc' dir='ltr'>γὰρ</span> <span class='ocrx_word' id='word_1_919' title='bbox 2345 4573 2507 4636; x_wconf 81' lang='grc' dir='ltr'>αὐτὸς</span> <span class='ocrx_word' id='word_1_920' title='bbox 2642 4569 2901 4633; x_wconf 83' lang='grc' dir='ltr'>εὐνοϊκῶς</span> <span class='ocrx_word' id='word_1_921' title='bbox 2956 4569 3086 4638; x_wconf 71' lang='grc' dir='ltr'>περὶ</span> <span class='ocrx_word' id='word_1_922' title='bbox 3139 4566 3287 4645; x_wconf 78' lang='grc' dir='ltr'>ἡμᾶς</span> <span class='ocrx_word' id='word_1_923' title='bbox 3330 4563 3539 4645; x_wconf 69' lang='grc' dir='ltr'>διακεί-</span> 
     </span>
    </p>
   </div>
   <div class='ocr_carea' id='block_1_124' title="bbox 1956 4642 3538 4722">
    <p class='ocr_par' dir='ltr' id='par_1_124' title="bbox 1956 4642 3538 4722">
     <span class='ocr_line' id='line_1_124' title="bbox 1956 4642 3538 4722; baseline -0.007 -18"><span class='ocrx_word' id='word_1_924' title='bbox 1956 4669 2150 4722; x_wconf 86' lang='grc' dir='ltr'>μενος,</span> <span class='ocrx_word' id='word_1_925' title='bbox 2187 4642 2365 4703; x_wconf 84' lang='grc' dir='ltr'>πάντα</span> <span class='ocrx_word' id='word_1_926' title='bbox 2413 4642 2656 4702; x_wconf 76' lang='grc' dir='ltr'>ἐκποδὼν</span> <span class='ocrx_word' id='word_1_927' title='bbox 2694 4649 2901 4715; x_wconf 86' lang='grc' dir='ltr'>γίνεται</span> <span class='ocrx_word' id='word_1_928' title='bbox 2939 4646 3007 4698; x_wconf 76' lang='grc' dir='ltr'>τά</span> <span class='ocrx_word' id='word_1_929' title='bbox 3060 4643 3301 4713; x_wconf 89' lang='grc' dir='ltr'>λυπηρά.</span> <span class='ocrx_word' id='word_1_930' title='bbox 3329 4642 3538 4722; x_wconf 79' lang='grc' dir='ltr'>Ὥσπερ</span> 
     </span>
    </p>
   </div>
   <div class='ocr_carea' id='block_1_125' title="bbox 1950 4719 3539 4810">
    <p class='ocr_par' dir='ltr' id='par_1_125' title="bbox 1950 4719 3539 4810">
     <span class='ocr_line' id='line_1_125' title="bbox 1950 4719 3539 4810; baseline -0.007 -28"><span class='ocrx_word' id='word_1_931' title='bbox 1950 4719 2060 4801; x_wconf 80' lang='grc' dir='ltr'>γὰρ</span> <span class='ocrx_word' id='word_1_932' title='bbox 2084 4730 2162 4800; x_wconf 84' lang='grc' dir='ltr'>τῷ</span> <span class='ocrx_word' id='word_1_933' title='bbox 2187 4730 2378 4800; x_wconf 80' lang='grc' dir='ltr'>δικαίῳ</span> <span class='ocrx_word' id='word_1_934' title='bbox 2407 4727 2605 4810; x_wconf 79' lang='grc' dir='ltr'>θάρσος</span> <span class='ocrx_word' id='word_1_935' title='bbox 2624 4727 2897 4810; x_wconf 73' lang='grc' dir='ltr'>ἐνέθηκεν,</span> <span class='ocrx_word' id='word_1_936' title='bbox 2916 4723 3089 4810; x_wconf 75' lang='grc' dir='ltr'>οὕτως</span> <span class='ocrx_word' id='word_1_937' title='bbox 3119 4722 3347 4810; x_wconf 53' lang='grc' dir='ltr'>ἐκείνοις</span> <span class='ocrx_word' id='word_1_938' title='bbox 3365 4719 3539 4810; x_wconf 42' lang='grc' dir='ltr'>’φόϐον</span> 
     </span>
    </p>
   </div>
   <div class='ocr_carea' id='block_1_126' title="bbox 1957 4798 3535 4876">
    <p class='ocr_par' dir='ltr' id='par_1_126' title="bbox 1957 4798 3535 4876">
     <span class='ocr_line' id='line_1_126' title="bbox 1957 4798 3535 4876; baseline -0.006 -16"><span class='ocrx_word' id='word_1_939' title='bbox 1957 4798 2226 4860; x_wconf 81' lang='grc' dir='ltr'>ἐπέσεισε.</span> <span class='ocrx_word' id='word_1_940' title='bbox 2274 4798 2548 4876; x_wconf 86' lang='grc' dir='ltr'>Δεσπότης</span> <span class='ocrx_word' id='word_1_941' title='bbox 2577 4805 2687 4875; x_wconf 81' lang='grc' dir='ltr'>γάρ</span> <span class='ocrx_word' id='word_1_942' title='bbox 2736 4803 2810 4856; x_wconf 83' lang='grc' dir='ltr'>ὢν</span> <span class='ocrx_word' id='word_1_943' title='bbox 2859 4803 3034 4856; x_wconf 86' lang='grc' dir='ltr'>πάντα</span> <span class='ocrx_word' id='word_1_944' title='bbox 3064 4799 3198 4876; x_wconf 68' lang='grc' dir='ltr'>πρδς</span> <span class='ocrx_word' id='word_1_945' title='bbox 3227 4798 3256 4850; x_wconf 84' lang='grc' dir='ltr'><strong>ὃ</strong></span> <span class='ocrx_word' id='word_1_946' title='bbox 3288 4798 3535 4876; x_wconf 84' lang='grc' dir='ltr'>βούλεται</span> 
     </span>
    </p>
   </div>
   <div class='ocr_carea' id='block_1_127' title="bbox 1955 4875 3537 4954">
    <p class='ocr_par' dir='ltr' id='par_1_127' title="bbox 1955 4875 3537 4954">
     <span class='ocr_line' id='line_1_127' title="bbox 1955 4875 3537 4954; baseline -0.006 -18"><span class='ocrx_word' id='word_1_947' title='bbox 1955 4883 2368 4954; x_wconf 81' lang='grc' dir='ltr'>μετασκευάζει,</span> <span class='ocrx_word' id='word_1_948' title='bbox 2393 4883 2488 4936; x_wconf 74' lang='grc' dir='ltr'>καὶ</span> <span class='ocrx_word' id='word_1_949' title='bbox 2520 4882 2616 4952; x_wconf 86' lang='grc' dir='ltr'>τὴν</span> <span class='ocrx_word' id='word_1_950' title='bbox 2667 4882 2974 4950; x_wconf 83' lang='grc' dir='ltr'>εὐμήχανον</span> <span class='ocrx_word' id='word_1_951' title='bbox 3014 4875 3178 4932; x_wconf 87' lang='grc' dir='ltr'>αὑτοῦ</span> <span class='ocrx_word' id='word_1_952' title='bbox 3216 4875 3406 4954; x_wconf 81' lang='grc' dir='ltr'>σοφίαν</span> <span class='ocrx_word' id='word_1_953' title='bbox 3447 4875 3537 4954; x_wconf 72' lang='grc' dir='ltr'>διά</span> 
     </span>
    </p>
   </div>
   <div class='ocr_carea' id='block_1_128' title="bbox 1950 4952 3538 5026">
    <p class='ocr_par' dir='ltr' id='par_1_128' title="bbox 1950 4952 3538 5026">
     <span class='ocr_line' id='line_1_128' title="bbox 1950 4952 3538 5026; baseline -0.006 -11"><span class='ocrx_word' id='word_1_954' title='bbox 1950 4952 2167 5015; x_wconf 77' lang='grc' dir='ltr'>πάντων</span> <span class='ocrx_word' id='word_1_955' title='bbox 2205 4962 2591 5015; x_wconf 87' lang='grc' dir='ltr'>ἐπιδείκνυται.</span> <span class='ocrx_word' id='word_1_956' title='bbox 2622 4962 2727 5012; x_wconf 74' lang='grc' dir='ltr'>Καὶ</span> <span class='ocrx_word' id='word_1_957' title='bbox 2773 4958 2925 5010; x_wconf 77' lang='grc' dir='ltr'>οὐδὲν</span> <span class='ocrx_word' id='word_1_958' title='bbox 2961 4954 3303 5026; x_wconf 85' lang='grc' dir='ltr'>ἰσχυρότερον</span> <span class='ocrx_word' id='word_1_959' title='bbox 3340 4952 3408 5006; x_wconf 85' lang='grc' dir='ltr'>ἂν</span> <span class='ocrx_word' id='word_1_960' title='bbox 3444 4953 3538 5022; x_wconf 85' lang='grc' dir='ltr'>γέ-</span> 
     </span>
    </p>
   </div>
   <div class='ocr_carea' id='block_1_129' title="bbox 1949 5032 3534 5110">
    <p class='ocr_par' dir='ltr' id='par_1_129' title="bbox 1949 5032 3534 5110">
     <span class='ocr_line' id='line_1_129' title="bbox 1949 5032 3534 5110; baseline -0.006 -17"><span class='ocrx_word' id='word_1_961' title='bbox 1949 5041 2091 5094; x_wconf 87' lang='grc' dir='ltr'>νοιτό</span> <span class='ocrx_word' id='word_1_962' title='bbox 2111 5058 2240 5094; x_wconf 87' lang='grc' dir='ltr'>ποτε</span> <span class='ocrx_word' id='word_1_963' title='bbox 2270 5041 2365 5094; x_wconf 86' lang='grc' dir='ltr'>τοῦ</span> <span class='ocrx_word' id='word_1_964' title='bbox 2402 5041 2499 5110; x_wconf 80' lang='grc' dir='ltr'>τὴν</span> <span class='ocrx_word' id='word_1_965' title='bbox 2529 5039 2734 5092; x_wconf 82' lang='grc' dir='ltr'>ἄνωθεν</span> <span class='ocrx_word' id='word_1_966' title='bbox 2779 5035 3091 5106; x_wconf 73' lang='grc' dir='ltr'>συμμαχίαν</span> <span class='ocrx_word' id='word_1_967' title='bbox 3127 5032 3534 5100; x_wconf 86' lang='grc' dir='ltr'>ἐπισπωμένου,</span> 
     </span>
    </p>
   </div>
   <div class='ocr_carea' id='block_1_130' title="bbox 1950 5110 3536 5203">
    <p class='ocr_par' dir='ltr' id='par_1_130' title="bbox 1950 5110 3536 5203">
     <span class='ocr_line' id='line_1_130' title="bbox 1950 5110 3536 5203; baseline -0.008 -31"><span class='ocrx_word' id='word_1_968' title='bbox 1950 5117 2136 5190; x_wconf 85' lang='grc' dir='ltr'>ὥσπερ</span> <span class='ocrx_word' id='word_1_969' title='bbox 2160 5115 2254 5172; x_wconf 80' lang='grc' dir='ltr'>οὖν</span> <span class='ocrx_word' id='word_1_970' title='bbox 2269 5120 2420 5172; x_wconf 77' lang='grc' dir='ltr'>οὐδὲν</span> <span class='ocrx_word' id='word_1_971' title='bbox 2458 5119 2848 5186; x_wconf 79' lang='grc' dir='ltr'>ἀσθενέστερον</span> <span class='ocrx_word' id='word_1_972' title='bbox 2880 5114 2971 5168; x_wconf 84' lang='grc' dir='ltr'>τοῦ</span> <span class='ocrx_word' id='word_1_973' title='bbox 3001 5112 3201 5203; x_wconf 65' lang='grc' dir='ltr'>ταύτης</span> <span class='ocrx_word' id='word_1_974' title='bbox 3235 5110 3536 5203; x_wconf 36' lang='grc' dir='ltr'>ἡρηημωμέῗ</span> 
     </span>
    </p>
   </div>
   <div class='ocr_carea' id='block_1_131' title="bbox 1949 5190 3533 5275">
    <p class='ocr_par' dir='ltr' id='par_1_131' title="bbox 1949 5190 3533 5275">
     <span class='ocr_line' id='line_1_131' title="bbox 1949 5190 3533 5275; baseline -0.007 -23"><span class='ocrx_word' id='word_1_975' title='bbox 1949 5215 2062 5253; x_wconf 88' lang='grc' dir='ltr'>νου.</span> <span class='ocrx_word' id='word_1_976' title='bbox 2106 5198 2235 5251; x_wconf 83' lang='grc' dir='ltr'>Ἰδοὺ</span> <span class='ocrx_word' id='word_1_977' title='bbox 2263 5198 2391 5266; x_wconf 89' lang='grc' dir='ltr'>γοῦν</span> <span class='ocrx_word' id='word_1_978' title='bbox 2421 5193 2570 5259; x_wconf 76' lang='grc' dir='ltr'>οὗτος</span> <span class='ocrx_word' id='word_1_979' title='bbox 2610 5200 2638 5248; x_wconf 89' lang='grc' dir='ltr'>ὀ</span> <span class='ocrx_word' id='word_1_980' title='bbox 2670 5197 2872 5256; x_wconf 77' lang='grc' dir='ltr'>δίκαιος</span> <span class='ocrx_word' id='word_1_981' title='bbox 2921 5190 3306 5275; x_wconf 43' lang='grc' dir='ltr'>εὐαρίθμητος.</span> <span class='ocrx_word' id='word_1_982' title='bbox 3324 5190 3398 5275; x_wconf 30' lang='grc' dir='ltr'>ῶλν</span> <span class='ocrx_word' id='word_1_983' title='bbox 3417 5190 3533 5275; x_wconf 63' lang='grc' dir='ltr'>⁵καὶ</span> 
     </span>
    </p>
   </div>
   <div class='ocr_carea' id='block_1_132' title="bbox 1949 5265 3531 5348">
    <p class='ocr_par' dir='ltr' id='par_1_132' title="bbox 1949 5265 3531 5348">
     <span class='ocr_line' id='line_1_132' title="bbox 1949 5265 3531 5348; baseline -0.006 -20"><span class='ocrx_word' id='word_1_984' title='bbox 1949 5277 2153 5348; x_wconf 85' lang='grc' dir='ltr'>σφόδρα</span> <span class='ocrx_word' id='word_1_985' title='bbox 2183 5265 2474 5345; x_wconf 81' lang='grc' dir='ltr'>ὀλιγοστὸς,</span> <span class='ocrx_word' id='word_1_986' title='bbox 2530 5275 2715 5344; x_wconf 86' lang='grc' dir='ltr'>ἐπειδὴ</span> <span class='ocrx_word' id='word_1_987' title='bbox 2769 5273 2874 5326; x_wconf 78' lang='grc' dir='ltr'>ὑπὸ</span> <span class='ocrx_word' id='word_1_988' title='bbox 2909 5272 3006 5340; x_wconf 88' lang='grc' dir='ltr'>τῆς</span> <span class='ocrx_word' id='word_1_989' title='bbox 3038 5267 3130 5322; x_wconf 84' lang='grc' dir='ltr'>τοῦ</span> <span class='ocrx_word' id='word_1_990' title='bbox 3163 5265 3308 5348; x_wconf 64' lang='grc' dir='ltr'>ΔΘεοῦ</span> <span class='ocrx_word' id='word_1_991' title='bbox 3347 5265 3531 5348; x_wconf 70' lang='grc' dir='ltr'>δεξιάς</span> 
     </span>
    </p>
   </div>
   <div class='ocr_carea' id='block_1_133' title="bbox 1947 5343 3532 5438">
    <p class='ocr_par' dir='ltr' id='par_1_133' title="bbox 1947 5343 3532 5438">
     <span class='ocr_line' id='line_1_133' title="bbox 1947 5343 3532 5438; baseline -0.006 -32"><span class='ocrx_word' id='word_1_992' title='bbox 1947 5343 2287 5427; x_wconf 78' lang='grc' dir='ltr'>ἐφρουρεῖτο,</span> <span class='ocrx_word' id='word_1_993' title='bbox 2318 5356 2413 5408; x_wconf 72' lang='grc' dir='ltr'>καὶ</span> <span class='ocrx_word' id='word_1_994' title='bbox 2453 5354 2648 5438; x_wconf 79' lang='grc' dir='ltr'>θάρσος</span> <span class='ocrx_word' id='word_1_995' title='bbox 2683 5343 2971 5438; x_wconf 68' lang='grc' dir='ltr'>ἐλάμϐανε,</span> <span class='ocrx_word' id='word_1_996' title='bbox 3006 5349 3102 5438; x_wconf 56' lang='grc' dir='ltr'>καί</span> <span class='ocrx_word' id='word_1_997' title='bbox 3125 5345 3220 5416; x_wconf 86' lang='grc' dir='ltr'>τὴν</span> <span class='ocrx_word' id='word_1_998' title='bbox 3242 5343 3532 5438; x_wconf 69' lang='grc' dir='ltr'>ἐπιϐουλὴν</span> 
     </span>
    </p>
   </div>
   <div class='ocr_carea' id='block_1_134' title="bbox 1946 5426 3529 5502">
    <p class='ocr_par' dir='ltr' id='par_1_134' title="bbox 1946 5426 3529 5502">
     <span class='ocr_line' id='line_1_134' title="bbox 1946 5426 3529 5502; baseline -0.009 -16"><span class='ocrx_word' id='word_1_999' title='bbox 1946 5433 2217 5502; x_wconf 81' lang='grc' dir='ltr'>διέφυγεν·</span> <span class='ocrx_word' id='word_1_1000' title='bbox 2239 5433 2507 5486; x_wconf 86' lang='grc' dir='ltr'>ἐκεῖνοιδέ</span> <span class='ocrx_word' id='word_1_1001' title='bbox 2536 5435 2629 5486; x_wconf 73' lang='grc' dir='ltr'>καὶ</span> <span class='ocrx_word' id='word_1_1002' title='bbox 2657 5436 2735 5485; x_wconf 74' lang='grc' dir='ltr'>εἰς</span> <span class='ocrx_word' id='word_1_1003' title='bbox 2768 5429 2964 5499; x_wconf 75' lang='grc' dir='ltr'>πλῆθος</span> <span class='ocrx_word' id='word_1_1004' title='bbox 2985 5426 3117 5479; x_wconf 81' lang='grc' dir='ltr'>πολὺ</span> <span class='ocrx_word' id='word_1_1005' title='bbox 3151 5426 3529 5502; x_wconf 74' lang='grc' dir='ltr'>συντείνοντες,</span> 
     </span>
    </p>
   </div>
   <div class='ocr_carea' id='block_1_135' title="bbox 1947 5499 3530 5582">
    <p class='ocr_par' dir='ltr' id='par_1_135' title="bbox 1947 5499 3530 5582">
     <span class='ocr_line' id='line_1_135' title="bbox 1947 5499 3530 5582; baseline -0.009 -16"><span class='ocrx_word' id='word_1_1006' title='bbox 1947 5499 2051 5566; x_wconf 62' lang='grc' dir='ltr'>καὶ⁷</span> <span class='ocrx_word' id='word_1_1007' title='bbox 2071 5499 2212 5566; x_wconf 82' lang='grc' dir='ltr'>κατὰ</span> <span class='ocrx_word' id='word_1_1008' title='bbox 2242 5515 2439 5565; x_wconf 78' lang='grc' dir='ltr'>ταύτὸν</span> <span class='ocrx_word' id='word_1_1009' title='bbox 2460 5511 2557 5582; x_wconf 84' lang='grc' dir='ltr'>τὴν</span> <span class='ocrx_word' id='word_1_1010' title='bbox 2585 5510 2897 5580; x_wconf 85' lang='grc' dir='ltr'>συμφωνίαν</span> <span class='ocrx_word' id='word_1_1011' title='bbox 2920 5501 3347 5582; x_wconf 83' lang='grc' dir='ltr'>ἐπιδεικνύμενοι</span> <span class='ocrx_word' id='word_1_1012' title='bbox 3376 5499 3530 5582; x_wconf 55' lang='lat' dir='ltr'>L578]</span> 
     </span>
    </p>
   </div>
   <div class='ocr_carea' id='block_1_136' title="bbox 1945 5579 3532 5669">
    <p class='ocr_par' dir='ltr' id='par_1_136' title="bbox 1945 5579 3532 5669">
     <span class='ocr_line' id='line_1_136' title="bbox 1945 5579 3532 5669; baseline -0.008 -25"><span class='ocrx_word' id='word_1_1013' title='bbox 1945 5591 2067 5644; x_wconf 81' lang='grc' dir='ltr'>οὑδὲ</span> <span class='ocrx_word' id='word_1_1014' title='bbox 2101 5590 2274 5654; x_wconf 73' lang='grc' dir='ltr'>οὕτως</span> <span class='ocrx_word' id='word_1_1015' title='bbox 2331 5579 2525 5661; x_wconf 72' lang='grc' dir='ltr'>ἴσχυόν</span> <span class='ocrx_word' id='word_1_1016' title='bbox 2567 5607 2619 5669; x_wconf 82' lang='grc' dir='ltr'>τι</span> <span class='ocrx_word' id='word_1_1017' title='bbox 2657 5579 2762 5640; x_wconf 86' lang='grc' dir='ltr'>τῶν</span> <span class='ocrx_word' id='word_1_1018' title='bbox 2799 5584 3186 5669; x_wconf 64' lang='grc' dir='ltr'>βουλευθέντων</span> <span class='ocrx_word' id='word_1_1019' title='bbox 3372 5579 3532 5669; x_wconf 71' lang='grc' dir='ltr'>έργρν</span> 
     </span>
    </p>
   </div>
   <div class='ocr_carea' id='block_1_137' title="bbox 1946 5657 3533 5750">
    <p class='ocr_par' dir='ltr' id='par_1_137' title="bbox 1946 5657 3533 5750">
     <span class='ocr_line' id='line_1_137' title="bbox 1946 5657 3533 5750; baseline -0.009 -28"><span class='ocrx_word' id='word_1_1020' title='bbox 1946 5671 2194 5737; x_wconf 86' lang='grc' dir='ltr'>ἀγαγεῖν.</span> <span class='ocrx_word' id='word_1_1021' title='bbox 2225 5657 2509 5750; x_wconf 13' lang='grc' dir='ltr'>ῨἙγένετο</span> <span class='ocrx_word' id='word_1_1022' title='bbox 2545 5667 2683 5750; x_wconf 64' lang='grc' dir='ltr'>γάρ,</span> <span class='ocrx_word' id='word_1_1023' title='bbox 2700 5665 2854 5750; x_wconf 47' lang='grc' dir='ltr'>φησὶ,</span> <span class='ocrx_word' id='word_1_1024' title='bbox 2891 5663 3076 5750; x_wconf 66' lang='grc' dir='ltr'>φόϐος</span> <span class='ocrx_word' id='word_1_1025' title='bbox 3109 5658 3262 5750; x_wconf 54' lang='grc' dir='ltr'>θεοῦ</span> <span class='ocrx_word' id='word_1_1026' title='bbox 3294 5657 3404 5750; x_wconf 29' lang='grc' dir='ltr'>ἐπὶ.</span> <span class='ocrx_word' id='word_1_1027' title='bbox 3425 5660 3533 5750; x_wconf 77' lang='grc' dir='ltr'>τὰς</span> 
     </span>
    </p>
   </div>
   <div class='ocr_carea' id='block_1_138' title="bbox 1946 5737 3530 5814">
    <p class='ocr_par' dir='ltr' id='par_1_138' title="bbox 1946 5737 3530 5814">
     <span class='ocr_line' id='line_1_138' title="bbox 1946 5737 3530 5814; baseline -0.007 -14"><span class='ocrx_word' id='word_1_1028' title='bbox 1946 5752 2154 5813; x_wconf 76' lang='grc' dir='ltr'>πόλεις</span> <span class='ocrx_word' id='word_1_1029' title='bbox 2175 5749 2281 5814; x_wconf 81' lang='grc' dir='ltr'>τὰς</span> <span class='ocrx_word' id='word_1_1030' title='bbox 2313 5737 2516 5811; x_wconf 75' lang='grc' dir='ltr'>κύκλῳ</span> <span class='ocrx_word' id='word_1_1031' title='bbox 2535 5743 2750 5799; x_wconf 87' lang='grc' dir='ltr'>αὐτῶν.</span> <span class='ocrx_word' id='word_1_1032' title='bbox 2788 5741 3004 5810; x_wconf 83' lang='grc' dir='ltr'>Ἐπειδὴ</span> <span class='ocrx_word' id='word_1_1033' title='bbox 3040 5739 3220 5792; x_wconf 87' lang='grc' dir='ltr'>τοίνυν</span> <span class='ocrx_word' id='word_1_1034' title='bbox 3239 5737 3530 5809; x_wconf 87' lang='grc' dir='ltr'>ἀπηλλάγη</span> 
     </span>
    </p>
   </div>
   <div class='ocr_carea' id='block_1_139' title="bbox 1951 5816 3531 5893">
    <p class='ocr_par' dir='ltr' id='par_1_139' title="bbox 1951 5816 3531 5893">
     <span class='ocr_line' id='line_1_139' title="bbox 1951 5816 3531 5893; baseline -0.007 -13"><span class='ocrx_word' id='word_1_1035' title='bbox 1951 5827 2044 5880; x_wconf 87' lang='grc' dir='ltr'>τοῦ</span> <span class='ocrx_word' id='word_1_1036' title='bbox 2068 5826 2234 5893; x_wconf 86' lang='grc' dir='ltr'>φόϐου</span> <span class='ocrx_word' id='word_1_1037' title='bbox 2272 5827 2365 5879; x_wconf 82' lang='grc' dir='ltr'>καὶ</span> <span class='ocrx_word' id='word_1_1038' title='bbox 2396 5825 2422 5864; x_wconf 74' lang='grc' dir='ltr'>ἀ</span> <span class='ocrx_word' id='word_1_1039' title='bbox 2453 5825 2560 5878; x_wconf 85' lang='grc' dir='ltr'>τῶν</span> <span class='ocrx_word' id='word_1_1040' title='bbox 2593 5823 2872 5893; x_wconf 84' lang='grc' dir='ltr'>ἐγχωρίων</span> <span class='ocrx_word' id='word_1_1041' title='bbox 2917 5823 2946 5874; x_wconf 88' lang='grc' dir='ltr'>ὀ</span> <span class='ocrx_word' id='word_1_1042' title='bbox 2974 5821 3200 5884; x_wconf 87' lang='grc' dir='ltr'>δίκαιος,</span> <span class='ocrx_word' id='word_1_1043' title='bbox 3232 5819 3334 5890; x_wconf 83' lang='grc' dir='ltr'>ὅρα</span> <span class='ocrx_word' id='word_1_1044' title='bbox 3370 5816 3531 5871; x_wconf 87' lang='grc' dir='ltr'>πάλιν</span> 
     </span>
    </p>
   </div>
   <div class='ocr_carea' id='block_1_140' title="bbox 1953 5898 3529 5976">
    <p class='ocr_par' dir='ltr' id='par_1_140' title="bbox 1953 5898 3529 5976">
     <span class='ocr_line' id='line_1_140' title="bbox 1953 5898 3529 5976; baseline -0.006 -17"><span class='ocrx_word' id='word_1_1045' title='bbox 1953 5906 2043 5959; x_wconf 79' lang='grc' dir='ltr'>τοῦ</span> <span class='ocrx_word' id='word_1_1046' title='bbox 2072 5905 2208 5959; x_wconf 87' lang='grc' dir='ltr'>Θεοῦ</span> <span class='ocrx_word' id='word_1_1047' title='bbox 2239 5905 2336 5976; x_wconf 80' lang='grc' dir='ltr'>τὴν</span> <span class='ocrx_word' id='word_1_1048' title='bbox 2369 5904 2807 5975; x_wconf 84' lang='grc' dir='ltr'>ὑπερϐάλλουσαν</span> <span class='ocrx_word' id='word_1_1049' title='bbox 2839 5901 3030 5970; x_wconf 79' lang='grc' dir='ltr'>φιλανθ</span> <span class='ocrx_word' id='word_1_1050' title='bbox 3041 5900 3266 5971; x_wconf 87' lang='grc' dir='ltr'>ρωπίαν,</span> <span class='ocrx_word' id='word_1_1051' title='bbox 3304 5898 3373 5970; x_wconf 85' lang='grc' dir='ltr'>ἡν</span> <span class='ocrx_word' id='word_1_1052' title='bbox 3402 5911 3529 5969; x_wconf 80' lang='grc' dir='ltr'>περι</span> 
     </span>
    </p>
   </div>
   <div class='ocr_carea' id='block_1_141' title="bbox 2015 6016 3292 6083">
    <p class='ocr_par' dir='ltr' id='par_1_141' title="bbox 2015 6016 3292 6083">
     <span class='ocr_line' id='line_1_141' title="bbox 2015 6016 3292 6083; baseline -0.003 -15"><span class='ocrx_word' id='word_1_1053' title='bbox 2015 6019 2042 6060; x_wconf 66' lang='grc' dir='ltr'>ιι</span> <span class='ocrx_word' id='word_1_1054' title='bbox 2065 6019 2208 6072; x_wconf 73' lang='lat' dir='ltr'>(‘oEsL</span> <span class='ocrx_word' id='word_1_1055' title='bbox 2235 6032 2330 6070; x_wconf 87' lang='lat' dir='ltr'>om.</span> <span class='ocrx_word' id='word_1_1056' title='bbox 2355 6019 2454 6083; x_wconf 80' lang='grc' dir='ltr'>καί,</span> <span class='ocrx_word' id='word_1_1057' title='bbox 2480 6031 2572 6071; x_wconf 83' lang='lat' dir='ltr'>nec</span> <span class='ocrx_word' id='word_1_1058' title='bbox 2597 6016 2781 6083; x_wconf 81' lang='lat' dir='ltr'>legisse</span> <span class='ocrx_word' id='word_1_1059' title='bbox 2810 6017 3003 6067; x_wconf 76' lang='lat' dir='ltr'>videtur</span> <span class='ocrx_word' id='word_1_1060' title='bbox 3027 6018 3292 6077; x_wconf 74' lang='lat' dir='ltr'>interpres.</span> 
     </span>
    </p>
   </div>
  </div>
