4038 6358
335 399 432 456 521

332 510 432 562 hoc
457 508 572 562 loco
593 507 643 561 ei
671 505 1000 576 apparuisse,
1024 502 1234 573 quando
1265 503 1466 572 fugiens
1485 500 1702 554 fratrem
1733 501 1783 554 in
1808 499 1914 554 Me-

330 598 683 668 sopotamiam
723 595 1095 651 contendebat.
1129 595 1307 663 Itaque
1345 601 1400 647 et
1445 607 1584 646 nunc
1621 593 1735 644 ait:
1769 591 1921 645 Sicut

333 703 458 746 tunc
487 692 633 744 visus
662 699 746 744 est
769 690 817 742 ei
842 689 1079 752 abeunti,
1112 686 1183 739 ita
1204 695 1414 740 etnunc
1441 684 1921 752 redeuntiapparet

332 785 381 835 in
417 782 606 836 eodem
638 781 773 844 loco,
793 789 846 833 et
869 779 1153 832 conﬁrmat
1173 775 1572 844 promissiones,
1597 790 1730 843 quas
1755 788 1920 842 quan-

329 875 400 925 do
431 873 561 927 abiit
585 888 708 926 cum
739 887 804 926 eo
835 871 980 933 fecit,
1030 869 1132 922 hoc
1157 879 1412 938 praestans
1438 877 1494 921 ttt
1515 868 1688 936 justus
1717 866 1920 919 ﬁrmius

331 967 444 1017 suis
475 964 920 1033 promissionibus
945 961 1214 1026 conﬁdat,
1245 971 1299 1015 et
1346 977 1412 1014 ne
1445 969 1662 1030 pr0pter
1714 970 1920 1028 tempus

336 1059 572 1110 medium
591 1056 830 1110 ﬂuctuet.
855 1055 920 1109 Et
948 1055 1197 1108 benedixit
1212 1069 1348 1117 eum,
1374 1052 1459 1107 10.
1481 1061 1526 1104 et
1549 1053 1675 1104 dixit
1704 1052 1749 1104 ei
1771 1091 1784 1104 .
1820 1049 1922 1104 No-

333 1166 446 1202 men
473 1157 615 1200 tuum
639 1165 738 1200 non
765 1145 1022 1199 vocabitur
1049 1144 1186 1198 ultra
1203 1143 1388 1208 Iacob,
1415 1143 1503 1220 sed
1532 1141 1700 1196 Israel
1720 1143 1812 1195 erit
1832 1158 1923 1194 no-

333 1255 448 1291 men
479 1251 639 1291 qum.
671 1239 999 1306 Quamquam
1022 1236 1132 1305 jam
1157 1235 1357 1305 pridem
1381 1234 1481 1287 hoc
1521 1247 1709 1287 nomen
1739 1233 1786 1286 ei
1825 1233 1921 1287 de-

333 1329 506 1395 derat,
536 1344 657 1383 cum
689 1329 936 1382 transiret
964 1327 1016 1380 in
1047 1325 1270 1391 Jaboch,
1309 1340 1492 1379 verum
1534 1324 1821 1392 majoribus
1845 1324 1922 1376 in-

333 1421 487 1474 diciis
534 1421 815 1474 certiorem
865 1418 1076 1472 volebat
1112 1416 1313 1486 justum
1365 1415 1623 1477 reddere,
1679 1423 1733 1468 et
1779 1428 1920 1467 nunc

333 1511 577 1565 eamdem
605 1510 1027 1565 benedictionem
1057 1507 1106 1562 ei
1144 1507 1254 1573 dat,
1283 1515 1339 1561 et
1379 1507 1506 1560 dicit
1531 1524 1542 1558 :
1571 1504 1739 1558 Israel
1769 1522 1921 1558 voca-

333 1602 468 1654 bitur
506 1618 683 1655 nomen
716 1612 887 1666 tuunt;
939 1600 1026 1652 11.
1059 1608 1105 1652 et
1147 1614 1312 1650 cresce
1335 1640 1349 1662 ,
1395 1606 1440 1650 et
1480 1595 1920 1665 maltipllcare:et

333 1703 504 1762 gentes
522 1701 568 1746 et
591 1692 996 1761 congregationes
1016 1689 1236 1760 gentium
1263 1698 1406 1741 erant
1435 1704 1498 1740 ex
1519 1697 1582 1751 te,
1623 1697 1669 1740 et
1697 1703 1839 1757 reges
1859 1700 1922 1742 ea:

333 1785 504 1837 lumbo
530 1794 616 1836 tuo
642 1783 932 1852 prodibant.
965 1780 1098 1835 Vide
1138 1781 1554 1850 magnitudinem
1585 1779 1916 1834 benedictio-

333 1876 438 1927 nis.
471 1873 585 1927 Non
613 1875 784 1926 solum
822 1872 952 1924 dicit
997 1887 1118 1924 eum
1167 1872 1219 1923 in
1275 1881 1472 1922 tantam
1531 1868 1917 1922 multitudinem

335 1965 756 2034 propagandum,
779 1965 873 2018 sed
895 1971 951 2016 et
977 1962 1262 2031 gloriosum
1281 1960 1394 2014 fore
1418 1959 1532 2028 ejus
1559 1975 1740 2014 semen
1775 1976 1789 2013 :
1820 1960 1921 2012 Re-

332 2075 421 2128 ges
437 2059 597 2122 enim,
621 2058 808 2125 inquit,
836 2071 899 2108 ex
914 2054 1093 2108 lumbis
1121 2055 1217 2106 tuis
1237 2053 1553 2123 egredientur
1573 2067 1592 2106 :
1626 2051 1920 2120 praedicens

332 2144 383 2196 ci
414 2143 636 2212 gloriam
670 2156 858 2194 eorum
904 2139 994 2208 qui
1037 2155 1106 2192 ex
1138 2139 1251 2206 ipso
1289 2145 1464 2190 ortum
1497 2135 1705 2189 ducturi
1746 2144 1915 2189 erant.

332 2235 423 2286 12.
455 2232 518 2284 Et
540 2242 746 2294 terram,
797 2230 984 2298 inquit,
1039 2245 1187 2298 quant
1231 2226 1448 2279 Abrahae
1489 2236 1534 2278 et
1585 2225 1736 2278 Isaac
1779 2225 1916 2289 dedi,

331 2328 424 2380 tibi
453 2327 571 2378 dedi
611 2343 742 2390 eam,
775 2333 820 2377 et
846 2325 1024 2377 semini
1053 2334 1138 2376 tuo
1162 2332 1271 2391 post
1302 2332 1350 2375 te
1397 2321 1528 2374 dabo
1556 2330 1738 2374 terram
1766 2319 1914 2372 hanc.

329 2420 595 2486 Quoniam
627 2427 843 2487 propter
870 2417 1002 2469 facta
1025 2417 1075 2468 in
1105 2415 1327 2469 Secimis
1354 2430 1382 2467 a
1404 2413 1671 2484 Symeone
1688 2421 1740 2464 et
1771 2412 1914 2475 Levi,

329 2510 546 2564 dicebat
578 2527 590 2561 :
625 2507 692 2561 In
719 2523 874 2578 parvo
901 2522 1108 2560 numero
1128 2523 1239 2559 sum
1258 2521 1368 2576 ego,
1396 2513 1440 2557 et
1465 2503 1750 2573 congregati
1772 2518 1920 2570 super

329 2617 415 2652 me
444 2599 718 2669 percutient
748 2613 848 2664 me,
887 2607 932 2650 et
976 2595 1177 2649 delebor
1206 2611 1295 2665 ego
1324 2604 1370 2647 et
1407 2594 1584 2646 domus
1615 2609 1723 2644 mea
1764 2589 1917 2660 (Gen.

331 2693 424 2746 54.
456 2689 580 2763 50);
610 2699 667 2744 et
712 2703 806 2758 per
849 2687 1024 2740 omnia
1058 2685 1384 2740 monstrabat
1437 2683 1918 2752 pusillauitnitatetn

331 2796 390 2839 et
418 2795 618 2839 metum
635 2798 738 2853 quo
759 2782 1063 2835 tenebatur:
1083 2787 1359 2848 propterea
1389 2776 1645 2844 benignus
1669 2775 1920 2827 Dominus

333 2892 475 2930 nunc
501 2877 630 2930 dicit
648 2875 714 2928 ad
742 2889 864 2928 eum
891 2871 1182 2937 :Quouiam
1211 2868 1410 2930 dixisti,
1441 2867 1496 2920 ln
1517 2881 1678 2935 parvo
1701 2879 1921 2917 numero

331 2989 451 3027 sum
478 3013 492 3036 ,
520 2972 668 3026 disce
695 2969 928 3023 futurum
961 2981 1080 3021 esse
1111 2975 1166 3019 ut
1193 2977 1433 3027 crcscas,
1469 2971 1522 3014 et
1548 2959 1922 3028 multiplicetur

331 3081 518 3120 semen
568 3073 738 3129 tuum,
770 3073 824 3117 et
851 3062 921 3115 ita
948 3060 1017 3113 sit
1037 3058 1342 3129 gloriosum,
1392 3066 1448 3107 ut
1490 3051 1922 3122 congregationes

331 3162 572 3231 gentium
595 3166 647 3213 et
667 3170 820 3225 reges
866 3170 930 3209 ex
961 3168 1026 3207 eo
1066 3149 1475 3221 proditurisint;
1500 3157 1656 3216 atque
1685 3145 1915 3197 futurum

333 3269 477 3316 esse,
510 3257 572 3303 ut
599 3263 702 3301 non
731 3246 904 3300 solum
937 3260 1041 3298 non
1069 3241 1300 3297 delearis
1320 3282 1334 3305 ,
1367 3238 1459 3293 sed
1488 3248 1539 3291 et
1581 3249 1633 3290 tu
1659 3245 1712 3288 et
1739 3249 1920 3287 semen

335 3354 483 3396 tuum
509 3355 721 3394 onmem
756 3348 952 3391 terram
977 3335 1114 3387 hanc
1153 3333 1204 3386 in
1234 3331 1582 3385 hereditatem
1622 3325 1912 3393 accipiatis.

338 3437 405 3489 Et
428 3433 579 3488 factis
608 3432 656 3486 ei
683 3428 1125 3500 promissionibus
1154 3425 1288 3485 istis,
1323 3423 1410 3477 15.
1447 3421 1681 3474 Ascendit
1707 3418 1839 3471 Deus
1860 3419 1921 3470 ab

336 3545 418 3593 ιο,
440 3545 504 3582 ex
525 3526 633 3580 loco
656 3525 736 3579 ubi
761 3532 831 3578 cst
857 3524 1089 3590 loquutus
1116 3533 1228 3571 cum
1257 3517 1366 3571 illo.
1400 3514 1531 3568 Vide
1558 3521 1812 3582 quantum
1839 3519 1921 3562 at-

341 3627 644 3690 temperant
672 3633 730 3672 se
749 3628 944 3670 nostrae
972 3609 1263 3665 inﬁrmitati
1294 3608 1484 3660 divina-3
1507 3604 1790 3672 Scriptura:
1806 3616 1924 3654 ver-

340 3714 427 3768 ba.
454 3709 730 3766 Adscendit
751 3707 912 3770 enim,
942 3703 1131 3773 inquit,
1170 3699 1305 3753 Deus
1348 3700 1409 3751 ab
1439 3714 1496 3750 eo
1528 3711 1542 3747 :
1575 3711 1681 3748 non
1705 3702 1759 3746 ut
1802 3693 1922 3746 loco

338 3801 588 3858 concludi
612 3800 978 3855 existimemus
1010 3796 1174 3849 Deum
1198 3833 1212 3857 ,
1248 3789 1341 3844 sed
1372 3797 1430 3842 ιιι.
1478 3802 1572 3856 per
1615 3785 1716 3838 hoc
1765 3783 1922 3836 etiam

339 3897 458 3966 ejus
484 3892 804 3948 ineﬂ'abilem
834 3890 1098 3944 discamus
1123 3883 1459 3940 clementiam
1486 3897 1499 3932 :
1530 3878 1758 3948 Spiritus
1783 3877 1924 3930 enim

341 3987 505 4057 gratia
522 4000 580 4041 se
594 3983 660 4038 ad
677 3981 1032 4037 inﬁrmitatem
1055 3985 1288 4031 nostram
1312 3973 1596 4028 demittens
1611 3968 1786 4024 omnia
1805 3982 1929 4020 nar-

344 4094 464 4132 rare
484 4077 640 4131 solet.
669 4072 1003 4128 Descendere
1025 4070 1186 4133 enim,
1216 4076 1270 4122 et
1295 4063 1608 4129 ascendere,
1650 4060 1926 4130 indignum

346 4171 455 4223 Deo
471 4177 572 4232 est;
596 4165 686 4220 sed
719 4165 838 4234 quia
864 4161 1149 4216 maximum
1163 4167 1244 4212 est
1272 4155 1547 4210 itteﬁ'abilis
1567 4153 1682 4221 ejus
1695 4153 1928 4206 clemen-

348 4263 433 4314 tia:
452 4256 868 4326 indicium,quod
889 4264 1103 4324 propter
1114 4259 1345 4305 nostram
1363 4245 1716 4302 eruditionem
1738 4242 1926 4295 talibus

349 4353 427 4406 uti
467 4353 642 4406 verbis
678 4351 956 4419 dignetur,
986 4355 1265 4416 propterea
1321 4339 1564 4394 humanis
1612 4335 1928 4391 dictionibus

352 4445 538 4507 tttitur,
569 4442 691 4511 quia
723 4439 960 4506 alioquin
989 4432 1316 4503 impossibile
1340 4440 1454 4486 erat
1476 4430 1736 4482 humanas
1775 4439 1928 4478 aures

351 4533 491 4588 ferre
515 4532 794 4585 verborum
822 4526 1219 4590 sublimitatem,
1241 4523 1283 4578 si
1305 4519 1596 4576 secundum
1620 4515 1928 4587 dignitatem

355 4625 563 4678 Domini
587 4622 725 4676 dicta
757 4627 959 4674 essent.

424 4803 480 4856 2.
519 4798 670 4868 Quod
697 4796 1012 4866 cogitantes,
1044 4804 1329 4860 numquam
1349 4788 1402 4840 in
1422 4785 1719 4840 humilitate
1742 4781 1934 4835 verbo-

355 4911 472 4949 rum
503 4893 819 4952 hmreamus,
851 4887 943 4940 sed
970 4895 1022 4940 et
1049 4895 1258 4954 propter
1287 4881 1388 4935 hoc
1403 4879 1726 4932 admiremur
1752 4872 1937 4927 ineﬁ‘a-

357 4986 518 5040 bilem
555 4983 670 5052 ejus
697 4981 1004 5040 bonitatem,
1029 4975 1169 5043 quod
1209 4987 1381 5041 neque
1409 4972 1476 5024 ab
1512 4970 1610 5022 hac
1643 4965 1936 5020 humilitate

358 5079 646 5134 abhorreat
673 5081 888 5144 prOpter
911 5067 1324 5124 imbecillitatem
1355 5073 1556 5117 natura:
1580 5070 1796 5114 nostrae.
1828 5057 1934 5110 Sed

361 5169 482 5221 vide
506 5168 706 5234 justum
743 5163 888 5214 illum
915 5161 1104 5213 iterum
1134 5155 1266 5224 grati
1297 5153 1455 5206 animi
1504 5152 1654 5220 signa
1692 5149 1929 5202 dantem.

363 5261 451 5315 H.
485 5257 656 5311 Erexit
677 5255 839 5316 enim,
873 5250 1074 5318 inquit,
1106 5244 1265 5299 Jacob
1298 5244 1580 5296 columnam
1609 5239 1861 5309 lapideam
1885 5238 1940 5289 in

363 5355 496 5413 loco,
519 5349 572 5400 in
597 5361 694 5415 quo
717 5345 947 5413 loquutus
971 5348 1041 5392 est
1076 5353 1190 5389 cum
1226 5350 1284 5388 eo
1314 5333 1480 5396 Deus,
1513 5341 1559 5384 et
1608 5329 1776 5383 libavit
1810 5329 1851 5380 ei
1879 5327 1942 5378 li-

362 5443 636 5501 bationem,
663 5447 705 5490 et
731 5432 1009 5505 superfudit
1033 5430 1216 5492 oleum,
1243 5427 1324 5479 l5.
1349 5433 1393 5477 et
1422 5423 1610 5476 vocavit
1639 5436 1816 5473 nomen
1847 5417 1942 5470 loci

363 5539 418 5589 in
444 5550 544 5601 quo
563 5533 796 5600 loquutus
841 5534 910 5579 est
950 5539 1064 5576 cum
1089 5537 1177 5582 eo,
1224 5517 1436 5571 Bazthel.
1484 5514 1792 5578 Considera,
1823 5526 1938 5572 oro,

368 5623 638 5696 quomodo
678 5623 731 5673 in
777 5616 1081 5671 nominibus
1111 5612 1348 5664 locorum
1387 5604 1695 5660 memoriam
1727 5602 1944 5656 immor-

372 5689 530 5772 talem
561 5709 939 5768 beneﬁciorum
964 5709 1203 5772 reponat,
1235 5708 1291 5752 ιιι
1315 5706 1370 5751 et
1418 5694 1644 5769 posteris
1667 5689 1945 5748 manifesta

372 5810 467 5863 ﬁat
490 5805 650 5872 visio,
689 5815 792 5872 qua
815 5798 988 5868 justus
1029 5795 1098 5848 ibi
1125 5792 1368 5864 dignatus
1395 5787 1508 5842 fuit.
1545 5785 1633 5841 16.
1662 5783 1728 5838 Ει
1771 5785 1944 5854 profe-

1326 391 1390 447 lN
1425 393 1576 446 CAP.
1621 391 1838 446 XXXV.
1879 391 2120 447 GENES.
2163 391 2393 448 HOMIL.
2434 394 2546 448 LX.

3499 399 3604 455 522

2024 512 2150 560 ctus.
2183 504 2366 574 inquit,
2398 504 2557 558 Iacob
2576 505 2688 574 ﬁxit
2711 506 3068 561 tabernaculun
3102 507 3394 563 tuantultra
3414 520 3605 565 turrem

2026 593 2211 648 (.‘ader.
2247 595 2480 650 Ultetias
2505 599 2696 652 iterum
2723 599 2961 669 procedit
2982 600 3156 668 justus
3181 601 3438 656 anhelans
3470 619 3590 668 pau-

2025 687 2170 739 Iatitn
2215 690 2396 742 venire
2422 689 2486 742 ad
2533 689 2706 743 locum
2749 691 2834 744 ubi
2865 691 3134 746 habitabat
3178 692 3344 748 Isaac.
3376 696 3603 761 Deinde,

2026 780 2213 848 inquit,
2242 781 2457 844 Quando
2480 784 2895 853 appropinquavit
2928 783 3279 838 ntintraretin
3300 785 3602 850 Eplirmlm‘

2027 870 2220 923 Rachel
2250 871 2504 925 laborabat
2530 873 2582 924 in
2605 882 2777 942 partu.
2806 875 2890 927 17.
2917 874 2980 927 Et
3006 880 3194 946 factum
3225 887 3297 930 est
3333 895 3444 931 cum
3469 880 3600 949 diﬁi-

2025 961 2182 1012 culter
2217 972 2445 1029 pareret,
2479 963 2606 1016 dixit
2636 965 2679 1017 ei
2704 964 2972 1030 obstetrix,
3001 967 3212 1035 Con/ide
3242 985 3258 1022 :
3289 971 3468 1023 etenim
3519 974 3600 1026 hic

2026 1051 2113 1104 tibi
2136 1062 2206 1104 est
2227 1053 2380 1120 ﬁlius.
2405 1054 2482 1107 Ne
2503 1055 2576 1108 sis
2601 1056 2776 1121 anxia,
2802 1057 2967 1126 inquit
2993 1075 3006 1109 :
3035 1060 3206 1126 paries
3234 1061 3374 1113 enim
3410 1063 3596 1117 tilium.

2025 1140 2154 1194 Nam
2198 1141 2320 1195 licet
2348 1152 2396 1194 te
2423 1145 2657 1198 crucient
2689 1145 2932 1210 dolores,
2966 1157 3332 1216 verumtamen
3378 1149 3600 1205 habebis

2027 1231 2209 1284 lilium.
2237 1234 2321 1287 18.
2353 1232 2567 1286 Factum
2594 1245 2666 1287 est
2719 1248 2908 1299 autem,
2951 1237 3149 1306 inquit,
3187 1255 3300 1291 cum
3334 1222 3600 1295 exhalaret

2025 1324 2244 1373 animum
2273 1341 2442 1386 suam,
2476 1327 2780 1378 moriebatur
2807 1327 2964 1390 enim,
2993 1330 3184 1380 vocavit
3220 1345 3396 1381 nomen
3426 1333 3594 1397 pueri,

2027 1414 2076 1467 F
2077 1417 2197 1468 ilius
2227 1418 2415 1470 doloris
2441 1421 2537 1471 mei
2570 1434 2588 1471 :
2614 1429 2759 1488 pater
2779 1431 2944 1474 autem
2972 1423 3078 1491 ejus
3107 1425 3295 1476 vocavit
3333 1440 3445 1477 eum
3463 1425 3598 1478 Ben-

2014 1501 2206 1573 jamiit.
2239 1505 2330 1561 Illa
2357 1509 2570 1576 quidem
2621 1526 2812 1564 nomen
2841 1512 2887 1566 ei
2931 1512 3163 1566 deditex
3219 1514 3284 1567 iis
3329 1530 3447 1584 qua:
3497 1516 3596 1569 sibi

2024 1598 2346 1660 acciderant,
2390 1611 2540 1666 pater
2567 1611 2742 1653 autem
2775 1601 3047 1670 Benjatnin
3084 1603 3252 1671 ipsum
3284 1607 3506 1658 vocavit.
3534 1606 3599 1659 Et

2025 1697 2302 1758 postquam
2332 1693 2552 1759 peperit,
2575 1692 2760 1760 inquit,
2796 1693 2876 1746 l9.
2912 1692 3116 1746 Mortua
3137 1705 3228 1758 cst,
3254 1703 3300 1747 et
3318 1697 3516 1763 sepulta
3544 1697 3596 1748 in

2023 1782 2102 1831 via
2133 1778 2554 1848 Epitratltadtazc
2568 1777 2982 1837 estBet/zle/tem.
3013 1782 3104 1838 20.
3149 1784 3214 1837 Et
3241 1787 3396 1838 erexit
3437 1786 3598 1840 Jacob

2025 1873 2224 1924 titulum
2243 1889 2394 1939 super
2426 1873 2725 1940 sepulcrum.
2777 1873 3056 1927 llltnrorem
3101 1891 3258 1944 quem
3304 1892 3372 1930 ex
3423 1889 3596 1932 morte

2025 1961 2269 2028 llacbelis
2295 1973 2633 2030 conceperat,
2665 1964 2921 2033 mitigavit
2948 1973 3102 2019 natus
3126 1982 3283 2034 puer,
3315 1975 3370 2020 et
3419 1967 3595 2022 ell'ecit

2024 2055 2274 2122 utjustus
2299 2054 2545 2107 Rachelis
2596 2063 2818 2108 mortem
2852 2070 3008 2123 aaquo
3048 2056 3210 2110 ferret
3245 2058 3442 2111 animo.
3490 2057 3596 2113 Sed

2023 2145 2144 2198 hinc
2163 2146 2397 2200 succedit
2423 2145 2607 2198 Ruben
2633 2145 2920 2199 temeritas.
2948 2145 3036 2198 29..
3058 2148 3189 2200 Abiit
3219 2148 3373 2214 enim,
3406 2149 3594 2218 inquit,

2024 2248 2069 2289 et
2100 2237 2332 2290 dormivit
2352 2254 2465 2289 cum
2489 2236 2640 2290 Balla
2674 2238 2950 2290 concubina
2991 2240 3148 2306 patris
3176 2239 3253 2291 sui
3278 2255 3296 2292 :
3323 2250 3370 2292 et
3408 2242 3598 2294 audivit

2025 2327 2210 2392 lsrael,
2236 2339 2281 2381 et
2306 2330 2491 2381 malum
2517 2331 2674 2382 visum
2695 2338 2763 2381 est
2791 2344 2962 2381 coram
2983 2346 3062 2382 eo.
3096 2329 3223 2383 Erat
3264 2332 3406 2384 enim
3447 2332 3598 2387 valde

2024 2418 2279 2472 nefarium
2331 2419 2552 2472 lat-inus.
2581 2418 2704 2472 Ideo
2732 2432 2912 2487 postea
2950 2420 3218 2488 legislator
3262 2421 3431 2474 Moses
3479 2439 3600 2490 pro-

2026 2512 2212 2573 hibuit,
2266 2527 2329 2562 tie
2371 2523 2594 2578 pateret
2642 2511 2780 2562 lilius
2815 2525 2935 2562 cum
2978 2511 3162 2563 eadem
3216 2527 3325 2564 rem
3374 2512 3600 2566 habeant

2025 2601 2206 2670 (Let'it.
2232 2601 2315 2654 18.
2349 2602 2426 2671 8).
2465 2601 2595 2653 Nam
2631 2611 2690 2654 ut
2741 2619 2804 2653 ne
2849 2602 3043 2655 sensim
3079 2604 3464 2671 progtedieudo
3513 2620 3600 2658 res

2023 2693 2125 2745 illis
2151 2693 2200 2744 in
2229 2691 2662 2744 consuetudinem
2692 2700 2939 2756 verteret,
2970 2693 3080 2760 jam
3134 2703 3288 2746 antea
3331 2694 3600 2763 legislator

2025 2785 2265 2851 reprimit
2285 2799 2410 2848 eos,
2443 2797 2611 2851 paena:
2657 2783 2916 2838 obnoxios
2941 2799 3034 2838 eos
3071 2785 3160 2854 qui
3193 2787 3312 2839 talia
3342 2787 3601 2840 auderent

2024 2877 2363 2931 denuntians.
2391 2877 2636 2928 Attamen
2667 2874 2716 2928 id
2771 2889 2912 2930 nunc
2944 2886 3218 2930 mansuete
3257 2878 3374 2930 tulit
3421 2878 3596 2945 justus

2026 2969 2249 3023 naturali
2279 2983 2461 3023 amore
2504 2968 2693 3020 victus.
2735 2965 2925 3022 Postea
2959 2975 3136 3020 autem
3167 2984 3286 3021 cum
3313 2971 3602 3038 entigratu-

2026 3077 2116 3113 rus
2142 3069 2284 3113 esset
2324 3075 2388 3111 ex
2439 3059 2538 3111 hac
2559 3058 2684 3112 vita.
2722 3057 2884 3110 ﬁlium
2917 3067 3212 3126 vituperat,
3239 3069 3290 3111 et
3344 3061 3596 3127 ﬂagitium

2025 3152 2139 3220 ejus
2172 3151 2368 3220 scripto
2394 3149 2526 3202 tradi
2553 3157 2741 3214 curat,
2773 3148 3098 3204 maledicens
3124 3149 3170 3201 ei
3193 3189 3207 3213 ,
3256 3158 3313 3201 ut
3338 3158 3388 3201 et
3419 3151 3598 3204 caueri

2027 3245 2170 3298 illius
2206 3259 2358 3311 pceua
2381 3242 2808 3296 emendarentur.
2829 3241 2924 3295 llic
2950 3241 3098 3294 ttobis
3115 3250 3296 3311 postea
3327 3253 3602 3296 enumerat

2027 3337 2161 3388 ﬁlios
2190 3334 2354 3389 Jaciib
2375 3335 2558 3388 beatus
2585 3334 2756 3387 Moses
2783 3349 2797 3385 :
2829 3349 2892 3386 ac
2920 3349 3012 3402 per
3038 3349 3098 3386 ea
3132 3349 3248 3402 qua:
3271 3345 3450 3387 narrat
3471 3335 3600 3402 juSIi

2027 3428 2274 3480 virtutem
2321 3440 2418 3478 nos
2440 3425 2615 3478 docet.
2652 3425 2936 3478 Enimvero
2961 3441 3024 3476 ne
3054 3435 3207 3493 putes
3231 3425 3445 3478 fortuito
3473 3427 3601 3478 sim-

2029 3518 2356 3586 pliciterque,
2387 3526 2443 3569 ut
2476 3517 2782 3584 eotitingere
2811 3515 2979 3579 solet,
3032 3515 3200 3582 ipsum
3255 3516 3603 3570 concubuisse

2026 3625 2146 3662 cum
2195 3607 2388 3660 llacltel
2416 3616 2470 3659 et
2506 3605 2599 3659 Lia
2647 3605 2954 3673 duabusque
2984 3606 3210 3670 ancillis,
3241 3616 3500 3658 monstrat
3539 3623 3599 3659 se

2027 3715 2096 3753 ex
2127 3698 2522 3766 dispensatione
2547 3697 2793 3764 quapiam
2831 3711 2949 3748 cum
3009 3696 3113 3747 illis
3173 3711 3282 3748 rem
3334 3696 3602 3763 Ιιτὼυὶεευ,

2030 3801 2086 3844 ιιι
2111 3790 2386 3844 duodecim
2415 3789 2581 3842 tribus
2605 3803 2671 3840 ex
2694 3802 2759 3840 eo
2786 3795 3130 3839 nascerentur
3164 3803 3174 3838 :
3202 3797 3475 3855 propterea
3497 3803 3600 3839 non

2030 3888 2166 3941 ultra
2190 3885 2429 3940 meminit
2449 3883 2738 3952 Scriptura,
2782 3881 2830 3934 ei
2855 3880 3016 3932 aliutn
3050 3888 3226 3930 natum
3249 3892 3366 3930 esse
3395 3876 3556 3929 lilium
3584 3893 3596 3927 :

2030 3993 2086 4036 ut
2115 3982 2288 4035 diScas
2315 3980 2418 4034 hoc
2468 3993 2573 4032 non
2612 3976 2944 4046 simpliciter,
2989 3989 3161 4041 neque
3197 3971 3396 4039 absque
3446 3984 3603 4022 causa

2030 4075 2224 4128 factum
2247 4087 2384 4127 esse.
2413 4069 2576 4123 Erant
2602 4080 2784 4132 autent,
2811 4068 2998 4134 inquit,
3026 4065 3120 4131 lilii
3143 4063 3302 4115 Jacob
3323 4061 3602 4113 duodecim.

2034 4165 2313 4233 Distinguit
2351 4176 2479 4216 vero
2507 4170 2709 4230 postea,
2728 4167 2782 4211 et
2811 4159 3036 4226 primum
3061 4170 3152 4208 eos
3183 4155 3269 4221 qui
3299 4152 3408 4206 Lia:
3432 4160 3602 4212 erant,

2033 4258 2152 4312 dein
2183 4272 2274 4311 eos
2300 4255 2388 4324 qui
2414 4251 2685 4316 Rachelis,
2727 4249 2954 4317 denique
2980 4255 3033 4300 et
3060 4261 3154 4298 eos
3179 4245 3265 4311 qui
3296 4242 3604 4295 ancillarum

2033 4358 2198 4410 erant,
2231 4353 2506 4408 numerat,
2532 4351 2585 4396 et
2613 4341 2740 4394 dicit
2765 4357 2778 4391 :
2809 4338 2902 4392 215.
2931 4335 3002 4388 lli
3027 4345 3142 4388 sunt
3181 4335 3276 4402 lilii
3303 4331 3484 4394 Jacob,
3525 4331 3607 4396 qui

2033 4441 2140 4494 nati
2165 4447 2280 4492 sunt
2303 4437 2345 4488 ei
2370 4437 2422 4488 in
2451 4431 2834 4500 Mesopotamia.
2857 4427 3013 4495 Atqui
3043 4435 3165 4478 tunc
3195 4434 3345 4475 natus
3366 4429 3448 4474 est
3474 4421 3610 4474 Bena

2029 4531 2195 4602 jamin
2231 4527 2440 4598 quando
2480 4525 2622 4577 venit
2673 4520 3003 4574 Bethlehem.
3050 4517 3223 4582 Quare
3274 4513 3429 4581 igitur
3483 4511 3610 4564 dicit

2035 4601 2329 4689 Scriptura,
2386 4616 2481 4682 Qui
2509 4614 2613 4666 nati
2655 4621 2767 4666 sunt
2791 4611 2836 4663 ei
2880 4609 2931 4660 in
2973 4602 3378 4674 Mesopotamia?
3408 4601 3612 4654 Fortas-

2036 4732 2095 4770 se
2139 4715 2259 4783 quia
2285 4710 2480 4765 Rachel
2525 4718 2646 4760 ante
2669 4716 2940 4774 egressum
2967 4716 3030 4753 ex
3061 4694 3434 4765 Mesopotamia
3480 4709 3612 4744 con-

2041 4813 2270 4876 ceperat.
2297 4804 2386 4856 27.
2424 4799 2488 4852 Et
2513 4799 2640 4851 venit
2662 4837 2676 4861 ,
2706 4796 2894 4863 inquit,
2941 4791 3102 4844 Jacob
3145 4789 3211 4840 ad
3240 4787 3390 4840 Isaac
3421 4795 3612 4853 patrem

2039 4915 2202 4953 suum.
2247 4893 2576 4956 Considera,
2621 4891 2861 4949 obsecro,
2913 4883 2999 4936 hic
3055 4878 3319 4950 quomodo
3385 4878 3435 4928 in
3498 4890 3616 4925 om-

2041 4993 2196 5045 nibus
2220 4987 2378 5043 certis
2407 4984 2612 5038 indiciis
2640 4979 2940 5034 misericors
2965 4977 3102 5029 Deus
3114 4974 3283 5040 justos
3301 4971 3617 5021 conﬁrmare

2042 5081 2271 5136 volebat.
2301 5079 2432 5144 Quia
2469 5075 2611 5128 enim
2639 5071 2784 5125 venit
2817 5076 2934 5137 post
2989 5075 3064 5117 tot
3106 5076 3276 5114 annos
3305 5059 3370 5110 ail
3412 5065 3610 5126 patrem

2044 5189 2199 5230 suum
2241 5171 2424 5233 Jacob,
2453 5170 2679 5221 maxima
2699 5162 2934 5230 utrisque
2964 5157 3060 5210 fuit
3085 5154 3396 5211 consolatio,
3427 5159 3482 5202 et
3509 5148 3615 5200 lilio

2045 5283 2111 5321 ex
2160 5264 2320 5333 patris
2344 5267 2653 5327 conspectu,
2682 5264 2736 5307 et
2767 5251 2898 5321 patri
2930 5247 3124 5300 videnti
3153 5254 3348 5295 tantam
3381 5241 3466 5290 lilii
3493 5237 3617 5290 sub-

2047 5360 2315 5420 stantiam,
2337 5351 2662 5418 cborumque
2673 5345 2901 5398 ﬁliorum
2915 5355 2981 5393 ex
2997 5355 3060 5391 eo
3075 5331 3431 5389 ttatot'uttt.‘.’.9.
3452 5328 3615 5393 Tunc,

2115 5601 2130 5631 ι
2169 5606 2218 5645 ιη
2243 5595 2360 5644 Fuit.
2391 5597 2499 5641 Lxx
2524 5587 2704 5649 legitur
2742 5596 2756 5632 :
2781 5589 2898 5630 Cum
2920 5570 3314 5649 appropinquavit
3338 5567 3628 5649 fltaliratlza,

2052 5669 2102 5711 ut
2117 5628 2697 5714 iniraltfelbinubpltinitia:—
2719 5628 2843 5714 lianc
2867 5628 3628 5714 autem.vocem,inflatiugulata:1

2053 5691 3002 5780 Sitiiéii"h”tii§§o§{diitii§;"iet"ibimus
3026 5701 3074 5749 in
3094 5710 3200 5759 ejus
3230 5691 3510 5755 exemplari
3535 5703 3631 5739 non

2056 5783 2321 5836 ferebatur.
