4038 6358
401 380 507 439 593

403 512 594 582 inqttit,
615 516 839 563 mortuus
864 512 936 559 est
961 501 1111 557 Isaac
1136 517 1307 562 senex,
1338 509 1385 551 et
1409 499 1586 552 etenus
1609 496 1805 549 dierum
1822 491 1979 562 (Gen.

406 600 720 666 27.1).Nam
742 613 861 653 cum
883 594 1045 651 Jacob
1063 592 1483 648 benedictionem
1505 589 1869 646 suffnraretur.
1887 586 1982 639 he-

410 698 558 750 hetes
572 699 725 747 erant
741 687 879 743 oculi
904 687 1040 753 ejus,
1061 683 1200 738 unde
1222 683 1413 736 factum
1435 691 1514 734 est
1529 688 1586 732 ut
1604 679 1943 746 deetperetur
1967 693 1979 726 :

404 786 598 855 cogitat
623 790 741 851 post
760 788 834 832 tot
854 790 1023 832 annos
1044 784 1294 844 quantum
1312 770 1563 827 senuerit.
1593 768 1661 822 Et
1685 768 1984 837 sepelierunt

404 892 535 937 eum,
562 871 749 941 inquit,
779 869 918 923 Esau
945 876 992 922 et
1013 865 1194 920 Jacob.
1218 863 1322 919 Sed
1360 863 1469 930 jatn
1501 860 1773 929 sepultura
1821 858 1983 926 patris

403 964 559 1018 facta.
571 968 624 1019 6.
644 962 781 1016 Esau
794 960 1010 1029 acceptis
1025 956 1263 1011 uxoribus
1274 965 1320 1009 et
1337 955 1457 1022 ﬁliis
1474 963 1520 1006 et
1542 952 1770 1005 omnibus
1790 951 1915 1011 suis,
1937 956 1983 1000 et

405 1056 632 1111 omnibus
657 1070 769 1122 qua:
795 1052 1076 1123 possidebat
1100 1052 1153 1103 in
1185 1058 1317 1103 terra
1346 1048 1766 1107 Chananteorum,
1809 1041 1982 1111 profe-

405 1159 514 1201 ctus
541 1154 629 1200 est.
659 1147 714 1201 7.
739 1143 859 1215 [Yon
887 1152 1077 1212 poterat
1104 1141 1233 1194 enim
1259 1156 1340 1193 eos
1364 1142 1494 1207 ferre
1524 1149 1655 1189 terra
1695 1134 1983 1204 peregrina-

406 1242 557 1296 tionis
580 1255 685 1310 pra!
708 1237 1026 1309 multitudine
1047 1234 1362 1302 facultatum.
1390 1232 1441 1284 8.
1471 1229 1535 1281 Et
1557 1228 1792 1282 habitavit
1811 1235 1983 1296 postea

408 1335 458 1387 in
484 1343 650 1386 monte
688 1332 803 1385 Seir
830 1329 1015 1399 (Caput
1060 1324 1174 1397 36).
1206 1326 1272 1378 fit
1301 1324 1384 1377 ubi
1420 1322 1652 1376 narravit
1677 1319 1829 1372 nobis
1844 1316 1983 1371 divi-

406 1445 473 1484 na
503 1428 771 1494 Scriptura
794 1438 885 1477 eos
901 1424 987 1491 qui
1017 1438 1079 1475 ex
1104 1420 1244 1473 Esau
1275 1418 1378 1471 nati
1408 1424 1549 1483 sunt,
1579 1422 1630 1467 et
1659 1421 1843 1483 gentes
1867 1425 1984 1479 quas

408 1540 470 1575 ex
502 1536 566 1575 eo
610 1528 729 1573 sunt
758 1527 906 1576 ortrc.
939 1516 1066 1569 dicit
1094 1532 1105 1565 :
1134 1515 1182 1567 i.
1220 1511 1522 1581 Peregrinus
1544 1518 1707 1560 autem
1737 1504 1862 1575 fuit‘
1885 1505 1982 1556 Ja—

408 1613 497 1666 cub
540 1614 593 1665 in
633 1623 784 1671 terra,
813 1625 911 1678 qua
934 1607 1278 1675 peregrinatus
1313 1606 1406 1671 fuit
1437 1611 1575 1669 pater
1604 1601 1711 1669 ejus
1758 1598 1809 1650 in
1851 1605 1986 1649 terra

414 1699 650 1756 Chanaan
683 1699 867 1767 (Caput
894 1698 1004 1765 57).
1038 1695 1139 1749 Sed
1174 1693 1294 1746 hinc
1323 1691 1518 1759 excipit
1557 1704 1653 1743 nos
1680 1687 1782 1741 alia
1806 1700 1988 1739 narra-

413 1798 506 1854 tio,
540 1810 641 1863 qua
668 1794 730 1844 tle
761 1788 1054 1843 admirabili
1078 1784 1272 1853 JOSCph
1317 1784 1508 1852 agitur.

483 1888 536 1941 5.
582 1885 795 1939 Moralis
820 1880 1217 1951 epilogus—lit
1240 1876 1284 1931 si
1310 1876 1456 1934 libet.
1488 1873 1575 1927 hic
1602 1870 1842 1925 finiemus
1867 1883 1985 1921 scr-

413 1994 648 2041 monent,
682 1976 953 2028 historiam
978 1970 1069 2025 filii
1096 1968 1261 2026 Jacob
1300 1968 1353 2021 in
1404 1965 1544 2019 aliud
1590 1962 1863 2021 coneionis
1902 1961 1986 2014 in-

412 2071 558 2126 itium
587 2068 937 2122 remittentes.
964 2061 1094 2116 Illud
1119 2070 1294 2113 tamen
1325 2054 1621 2126 rogaverim
1645 2061 1871 2109 vestram
1897 2065 1988 2105 ca-

412 2167 618 2219 ritatem
638 2203 651 2222 .
686 2171 739 2213 ut
766 2174 826 2213 ea
858 2173 975 2226 quae
1001 2155 1248 2209 dicuntur
1272 2150 1553 2220 diligenter
1576 2144 1904 2210 auscultelis,
1934 2152 1989 2196 et

411 2271 480 2309 ex
514 2252 735 2322 singulis
763 2249 1050 2317 Scriptura:
1080 2244 1234 2299 dictis
1273 2242 1500 2295 maxima
1530 2238 1679 2293 vobis
1720 2243 1989 2291 accrescat

413 2348 645 2409 utilitas,
688 2341 996 2409 nullumque
1043 2351 1227 2391 eorum
1284 2343 1485 2388 temere
1534 2328 1983 2401 prmtermittatur.

414 2437 718 2490 Thesaurus
738 2434 878 2487 enim
903 2428 1192 2498 spiritualis
1210 2437 1334 2480 sunt
1355 2424 1525 2479 divina
1556 2422 1761 2492 eloquia
1778 2437 1792 2486 ;
1812 2429 1865 2475 et
1880 2418 1987 2473 sic~

415 2540 475 2583 ut
506 2528 695 2595 aliquis
720 2526 785 2578 de
821 2521 1054 2577 sensibili
1083 2521 1331 2573 thesauro
1367 2532 1508 2585 sa-pe
1539 2529 1695 2567 unam
1722 2526 1985 2582 gemmam

412 2620 695 2688 recipiens,
730 2630 945 2685 magnas
967 2613 1064 2665 sibi
1094 2618 1241 2679 parat
1263 2608 1473 2662 divitias
1505 2606 1610 2659 :ita
1642 2613 1693 2658 et
1715 2604 1800 2657 hic
1819 2605 1995 2671 justo-

413 2726 530 2765 rnm
561 2710 809 2767 virtutes,
850 2705 1008 2759 modo
1045 2702 1317 2757 attendere
1373 2699 1695 2753 voluerimus
1721 2738 1736 2762 ,
1790 2706 1986 2750 tantam

414 2800 569 2856 nobis
610 2800 886 2853 utilitatem
928 2794 1119 2849 afferre
1151 2800 1406 2861 possunt,
1453 2799 1510 2844 ut
1560 2788 1626 2842 ad
1676 2787 1987 2842 imitandunt

412 2910 509 2948 eos
559 2893 857 2946 iueitemnr.
902 2888 990 2943 Sic
1014 2887 1155 2940 enim
1201 2884 1492 2952 poterimus
1516 2891 1571 2935 et
1596 2895 1693 2934 nos
1717 2879 1985 2943 eumdem,

413 3002 569 3055 quetn
589 2984 683 3047 illi,
712 2983 941 3034 favorem
966 2978 1056 3032 Dei
1081 2974 1356 3042 consequi.
1388 2971 1565 3043 Neque
1587 2972 1718 3025 enim
1747 2986 1991 3041 persona-

414 3096 526 3133 rum
570 3087 803 3145 acceptor
845 3083 917 3125 est
962 3070 1115 3133 Deus,
1167 3068 1253 3122 sed
1283 3068 1333 3119 in
1374 3067 1509 3119 omni
1552 3074 1695 3134 gente
1730 3064 1815 3129 qui
1854 3064 1994 3115 timet

416 3170 580 3223 Deum
600 3176 646 3220 et
668 3173 907 3233 operatur
918 3162 1191 3233 justitiam,
1217 3167 1449 3226 acceptus
1469 3156 1513 3209 ei
1531 3166 1604 3208 est
1630 3154 1767 3222 (Act.
1793 3155 1877 3207 10.
1902 3154 1990 3208 ⁵54.

415 3261 508 3327 55)
536 3277 549 3312 :
575 3259 641 3310 ita
666 3264 743 3317 ut,
776 3254 818 3306 si
844 3253 1186 3308 voluerimus.
1240 3248 1371 3302 nihil
1403 3248 1471 3301 sit
1520 3245 1659 3315 quod
1689 3246 1989 3314 prohibeat,

416 3353 542 3420 quin
572 3358 716 3402 tanto
739 3348 818 3400 vel
846 3346 1004 3400 etiam
1048 3342 1232 3411 majori
1259 3342 1519 3410 potiamur
1546 3340 1759 3392 auxilio.
1786 3338 1914 3391 Nam
1946 3338 1990 3391 si

418 3458 515 3495 nos
532 3441 805 3493 dumtaxat
824 3436 1007 3490 viderit
1024 3434 1213 3488 afferre
1233 3449 1348 3502 qum
1366 3448 1431 3486 ex
1454 3432 1603 3484 nobis
1618 3440 1760 3497 sunt,
1787 3440 1836 3485 et
1857 3445 1992 3499 prte-

419 3534 560 3589 ferre
587 3531 827 3585 humanis
845 3545 905 3582 ea
926 3544 1042 3597 qua:
1069 3527 1167 3581 sibi
1194 3527 1417 3596 placent,
1452 3532 1647 3577 tantam
1677 3532 1728 3576 et
1762 3525 1872 3592 ipse
1900 3538 1997 3576 no-

419 3626 513 3681 stri
543 3639 723 3680 curam
757 3621 1064 3683 declarabit,
1094 3629 1149 3671 ut
1179 3618 1228 3671 in
1258 3617 1501 3669 omnibus
1529 3615 1751 3668 invictos
1789 3614 1993 3669 reddat.

420 3720 637 3774 iloSteut
687 3715 828 3770 enim
853 3714 1105 3767 habemus
1135 3718 1475 3780 perpetuum,
1508 3719 1562 3763 et
1594 3707 1908 3776 implacabili
1942 3709 1993 3760 in

421 3824 518 3864 nos
563 3807 688 3861 odio
736 3804 1064 3874 flagrantem.
1124 3802 1271 3855 Unde
1320 3800 1471 3853 nobis
1514 3816 1699 3868 magna
1729 3799 1994 3867 vigilantia

420 3917 553 3971 opus
579 3898 770 3965 est,ita
803 3908 858 3951 ut
887 3896 1001 3965 ejus
1049 3894 1259 3948 fraudes
1308 3895 1556 3954 vincere,
1597 3906 1659 3944 ac
1696 3890 1996 3958 superiores

421 3994 539 4061 ejus
561 3990 677 4045 telis
698 3989 943 4043 constitui
973 3986 1254 4055 possimus.
1287 3984 1399 4038 Non
1426 3983 1583 4035 aliter
1608 3995 1784 4035 autem
1814 3981 1995 4033 vince-

424 4101 560 4147 mus,
585 4097 742 4152 quam
770 4080 812 4133 si
842 4094 934 4148 per
949 4078 1199 4147 optimam
1222 4075 1679 4130 conversationem
1707 4086 1994 4142 supernum

424 4176 579 4229 nobis
603 4172 853 4227 auxilium
876 4169 1238 4222 conciliemus.
1259 4166 1527 4233 Optimtttn
1551 4180 1676 4220 vero
1701 4165 1995 4219 institutum

425 4276 507 4319 est
528 4265 629 4317 vita
658 4277 805 4331 pura.
837 4261 946 4314 lloe
967 4260 1105 4314 enim
1129 4258 1268 4312 basis
1289 4269 1341 4311 et
1372 4257 1769 4311 fundamentum
1797 4256 2000 4308 estvir—

425 4358 552 4410 tntis
585 4372 598 4408 :
626 4354 766 4425 quod
788 4352 875 4422 qui
903 4361 1047 4405 recte
1071 4350 1279 4419 jcrerit.
1306 4347 1456 4403 facile
1482 4347 1579 4401 alia
1606 4345 1783 4399 omnia
1810 4346 1996 4399 devin-

426 4458 541 4506 cet:
569 4461 742 4515 neque
772 4446 914 4497 illum
939 4443 1209 4512 superabit
1243 4440 1325 4494 vel
1352 4440 1692 4509 pecuniarum
1716 4438 1995 4506 cupiditas,

426 4542 509 4594 vel
538 4539 721 4609 gloria:
743 4552 909 4599 amor,
938 4536 1021 4589 vel
1050 4533 1261 4597 invidia,
1292 4534 1373 4587 vel
1403 4533 1577 4603 aliqua
1607 4531 1814 4585 affectio
1841 4531 1997 4585 mala.

430 4634 497 4688 Et
534 4628 817 4700 quomodo,
846 4644 943 4695 ego
972 4627 1163 4680 dicant.
1216 4625 1436 4693 Quando
1479 4625 1619 4679 enim
1646 4625 1764 4694 quis
1806 4623 2001 4677 munda

432 4724 586 4777 fuerit
611 4719 954 4781 conscientia,
986 4726 1037 4770 et
1067 4716 1133 4768 ah
1174 4716 1318 4769 omni
1342 4716 1505 4770 libera
1536 4717 1738 4769 macula
1761 4757 1775 4779 ,
1810 4716 2007 4783 poterit

434 4812 713 4866 Dominum
743 4808 972 4861 universi
1001 4807 1195 4859 habere
1225 4806 1623 4860 inltabitantem.
1662 4804 1805 4858 Beati
1833 4806 1997 4872 enim,

432 4903 618 4972 inquit,
631 4900 817 4953 mundo
832 4900 997 4963 corde,
1012 4899 1246 4964 quoniam
1264 4897 1358 4966 ipsi
1372 4896 1533 4950 Deum
1546 4895 1776 4949 videbunt
1790 4896 2000 4963 (Matth.

431 4998 484 5051 5.
510 4994 585 5067 8).
607 4993 754 5060 Quod
784 4993 827 5045 si
845 4992 962 5059 quis
984 4991 1129 5043 illum
1158 4989 1558 5043 inltabitalorem
1584 4987 1780 5043 habere
1796 5004 2006 5042 merea-

432 5098 520 5140 tur
545 5084 691 5155 quasi
722 5082 913 5135 frustra
936 5090 989 5134 et
1009 5081 1122 5133 sine
1146 5080 1517 5149 impedimento
1533 5096 1757 5149 corpore
1787 5080 2008 5134 vestitus

431 5187 597 5239 esset,
648 5177 717 5229 ita
764 5186 942 5243 poStea
972 5171 1249 5234 afficietur,
1283 5180 1336 5225 et
1384 5171 1730 5225 humanarum
1771 5172 2005 5223 omnimn

433 5282 610 5321 rerum
667 5265 966 5333 Superbiam
1015 5264 1166 5316 facile
1201 5271 1525 5317 contenmet.
1574 5263 1811 5316 Humana
1864 5264 2005 5316 enim

435 5359 611 5411 omnia
638 5357 825 5410 umbra
875 5356 945 5409 illi
978 5355 1348 5424 somniumqne
1394 5353 1739 5423 apparebunt.
1780 5364 1834 5407 et
1873 5356 2013 5407 sicut

436 5452 661 5505 ('tPiOSliS
681 5452 808 5503 civis
830 5450 1165 5519 praesentium
1184 5448 1310 5501 nihil
1329 5447 1548 5517 optabit.
1578 5446 1718 5501 Talis
1744 5457 1858 5501 erat
1890 5448 2011 5500 hea-

439 5553 521 5599 tus
544 5542 736 5599 Paulus
761 5540 948 5595 doctor
969 5540 1141 5606 orbis;
1176 5547 1453 5610 propterea
1479 5537 1761 5606 clamabat,
1792 5537 2007 5594 dicens:

505 5782 521 5814 ι
557 5776 699 5842 Bibl,
723 5777 961 5829 habitavit.

1157 368 1212 424 S.
1253 364 1529 423 JOANNIS
1563 360 2034 419 CHRYSOSTOMI
2073 358 2390 416 ARCHIEP.
2432 358 2964 416 CONSTANTINOP.

3557 365 3657 422 εει

2096 467 2235 523 Num
2259 470 2646 537 experimentum
2668 471 2896 538 quwritis
2932 472 3042 535 eius
3067 472 3154 539 qui
3183 471 3234 523 in
3293 489 3371 525 me
3410 474 3656 541 loquitur.

2088 560 2273 615 Christi
2310 562 2384 631 (2.
2409 560 2525 615 Cor.
2557 562 2643 616 15.
2669 563 2763 631 3)?
2800 563 2865 615 Ει
2905 563 3093 617 iterum
3127 578 3140 614 :
3182 562 3303 618 Vivo
3329 579 3493 619 autem
3514 609 3525 629 ,
3564 586 3659 621 non

2081 651 2194 720 jam
2224 668 2333 722 ego,
2356 653 2473 704 vivit
2497 661 2662 704 autem
2693 653 2743 704 in
2771 669 2849 706 me
2877 651 3105 705 Christus
3135 653 3309 721 (Colat
3352 656 3407 708 9..
3432 656 3541 721 ΞΟ).
3600 659 3662 712 Ει

2089 741 2482 810 iteruthuod
2507 753 2672 797 autem
2720 760 2853 796 nunc
2900 747 3007 797 rivo
3032 747 3081 797 in
3110 763 3278 811 carne,
3329 749 3379 802 in
3420 751 3520 817 ﬁde
3557 756 3662 804 rivo

2091 831 2300 906 (lbid.).
2334 834 2513 889 Vidisti
2538 836 2706 889 virum
2734 851 2956 904 col-pore
2981 837 3387 906 circumdatum,
3408 844 3554 909 quasi
3581 844 3661 894 in-

2085 942 2339 995 corporea
2364 927 2542 996 quiete
2572 927 2830 983 fruentem
2861 929 3005 996 loqui
3031 930 3247 983 omnia?

2155 1017 2209 1071 4.
2240 1016 2409 1071 Multa
2459 1018 2540 1071 hic
2586 1020 3032 1083 commendantur,
3083 1038 3261 1088 nempe
3296 1038 3315 1076 :
3341 1026 3661 1090 mortiﬁcatio

2085 1108 2252 1160 carnis
2275 1148 2290 1170 ,
2327 1109 2410 1161 sui
2446 1110 2605 1179 ipsius
2628 1112 2891 1179 spin'tuale
2913 1114 3247 1181 sacriﬁcium,
3295 1116 3553 1185 vigiiantia
3573 1160 3587 1183 ,
3616 1130 3661 1172 et

2086 1216 2296 1255 examen
2326 1203 2658 1257 conscientiae.
2690 1234 2761 1244 —
2800 1205 2950 1259 llunc
2978 1222 3166 1261 omnes
3189 1208 3486 1273 imitemur,
3516 1227 3661 1263 mor-

2089 1290 2349 1346 tificemus
2398 1294 2633 1348 membra
2683 1297 2891 1361 carnis,
2947 1307 3000 1350 et
3040 1297 3106 1352 ad
3152 1299 3289 1352 male
3335 1301 3660 1367 operamlnm

2087 1381 2379 1437 inefficacia
2424 1385 2753 1439 reddamus:
2796 1388 2872 1441 sic
2910 1390 3049 1442 enini
3092 1391 3419 1458 potissimum
3464 1394 3662 1447 valebi-

2088 1492 2208 1530 tnns
2235 1476 2345 1545 ipsa
2388 1478 2501 1532 Deo
2539 1477 2731 1532 offerre
2760 1481 3075 1534 sacrificium
3107 1482 3516 1551 beneplacitum.
3572 1486 3663 1537 Vi-

2085 1568 2207 1621 disti
2254 1581 2411 1638 qutnn
2467 1586 2657 1623 novum
2701 1579 2755 1625 et
2797 1570 3109 1625 admirabile
3158 1572 3260 1628 hoc
3307 1576 3665 1628 sacrificium?

2086 1658 2306 1723 Quando
2335 1664 2548 1713 mortua
2584 1660 2776 1715 fuerint
2818 1662 3051 1716 membra
3071 1702 3089 1727 ,
3117 1671 3239 1717 tunc
3268 1666 3433 1733 magis
3457 1675 3668 1734 gratum

2086 1750 2187 1802 erit
2216 1749 2324 1802 Deo
2348 1750 2684 1803 saCrificium.
2735 1751 2909 1818 Quare
2944 1761 2995 1805 et
3036 1753 3305 1821 quomodo
3348 1754 3481 1809 hoc?
3522 1758 3673 1821 Quo-

2088 1840 2228 1892 niam
2254 1839 2525 1907 Spirituale
2564 1840 2879 1895 sacrificium
2921 1852 3001 1896 est
3021 1883 3036 1908 ,
3065 1853 3120 1897 et
3150 1843 3277 1897 nihil
3306 1845 3461 1899 habet
3490 1849 3675 1901 sensi-

2089 1931 2211 1985 bile.
2265 1930 2396 1984 Nam
2429 1932 2479 1983 in
2522 1932 2759 1987 sensibili
2796 1934 3008 2003 quidem
3047 1935 3311 1990 sacrificio
3342 1954 3445 1992 non
3489 1941 3673 1992 solum

2089 2020 2137 2073 id
2162 2062 2176 2085 ,
2207 2022 2345 2090 quod
2374 2032 2637 2077 mortuum
2667 2032 2747 2077 est
2769 2064 2783 2087 ,
2817 2024 3095 2093 abjicitur,
3140 2028 3231 2081 sed
3261 2043 3433 2098 neque
3460 2030 3670 2094 vivum,

2088 2113 2227 2181 quod
2259 2113 2499 2167 vitiatum
2540 2112 2736 2178 fuerit,
2788 2117 3063 2171 sacrificiis
3108 2117 3355 2173 idoneum
3400 2136 3549 2185 esse,
3600 2124 3678 2177 ab

2093 2204 2243 2258 initio
2268 2207 2380 2275 lege
2402 2217 2609 2260 cautum
2640 2206 2753 2268 fuit,
2784 2223 2881 2261 nec
2906 2209 3020 2263 sine
3039 2224 3195 2264 causa
3215 2210 3397 2279 (Leuit.
3421 2212 3623 2283 22.23)
3656 2231 3671 2269 :

2088 2300 2181 2352 sed
2229 2309 2284 2353 ιιι
2333 2317 2425 2369 per
2464 2302 2900 2355 irrationabilium
2944 2303 3367 2359 observationem
3416 2309 3675 2374 paulatim

2091 2391 2401 2445 iuducamur
2422 2392 2485 2446 ad
2506 2394 2829 2461 spiritualem
2855 2393 2991 2448 hanc
3016 2404 3069 2449 ct
3095 2396 3405 2451 rationalem
3440 2399 3674 2454 hostium

2089 2498 2210 2537 cum
2229 2497 2416 2552 magna
2437 2484 2643 2538 cautela
2669 2484 3011 2539 offerendam.
3027 2485 3175 2553 Quod
3194 2488 3334 2541 enim
3362 2488 3466 2542 illic
3490 2503 3567 2545 est
3594 2493 3679 2546 vi—

2092 2575 2305 2641 tiosum,
2330 2592 2519 2644 nempe
2542 2576 2799 2644 privatum
2819 2578 3141 2642 auribus,vel
3160 2580 3452 2634 mutilatum
3478 2582 3674 2649 cauda,

2090 2665 2318 2735 idipsnm
2346 2666 2429 2720 hic
2457 2675 2540 2721 est
2576 2668 2709 2721 mala
2740 2669 3166 2738 concupiscentia
3192 2710 3206 2733 ,
3236 2669 3462 2735 luxuria,
3504 2687 3674 2742 opum

2090 2773 2243 2813 amor
2271 2770 2325 2812 et
2353 2760 2529 2814 omnis
2569 2761 2797 2830 nequitia
2827 2776 2842 2814 :
2873 2772 2926 2816 et
2956 2762 3095 2831 quod
3134 2772 3217 2817 est
3259 2764 3366 2818 illic
3406 2780 3593 2819 sanum
3620 2779 3682 2821 et

2092 2850 2161 2904 ab
2211 2850 2352 2903 omni
2400 2850 2603 2904 macula
2650 2852 2878 2905 alienum
2928 2867 3085 2919 esse,
3138 2853 3365 2923 idipsum
3434 2866 3517 2910 est
3584 2858 3683 2913 hic

2094 2946 2360 2993 mortuum
2411 2941 2644 3008 mundo,
2698 2942 2767 2996 ita
2800 2942 2868 2997 ad
2910 2944 3184 3013 spirituale
3219 2946 3532 3001 Sacrificium
3579 2963 3647 3002 ει·

2096 3033 2379 3100 metipsum
2436 3032 2684 3088 idoneum
2724 3035 2997 3089 exhibere.
3046 3036 3173 3092 Haec
3217 3052 3319 3091 non
3364 3039 3682 3107 simpliciter

2097 3133 2505 3189 praetereamus.
2565 3123 2658 3178 sed
2695 3124 2829 3179 bene
2883 3126 3104 3194 figentes
3151 3142 3213 3182 ea
3261 3128 3312 3182 in
3358 3139 3531 3183 mente
3569 3147 3681 3184 no-

2096 3222 2202 3265 stra
2235 3254 2249 3278 ,
2305 3213 2611 3267 Studeamus
2657 3229 2723 3269 ne
2772 3217 2939 3270 simus
2975 3215 3269 3273 deteriores
3315 3218 3532 3283 Judzeis,
3580 3222 3679 3288 qui

2098 3304 2148 3355 in
2198 3303 2383 3358 umbra
2447 3312 2645 3359 tantam
2713 3306 2966 3363 exhibent
3030 3310 3474 3365 observationem.
3526 3312 3681 3366 Sicut

2097 3396 2237 3450 enim
2296 3396 2370 3450 illi
2416 3398 2589 3452 adhuc
2653 3398 2882 3454 lucerna:
2924 3400 3220 3457 assidentes
3261 3412 3531 3472 tantopere
3581 3405 3685 3459 illa

2097 3490 2484 3557 observarunt,
2544 3492 2615 3545 ita
2659 3506 2788 3557 nos,
2836 3501 3111 3563 postquam
3178 3494 3256 3548 sol
3309 3495 3525 3564 justitize
3572 3512 3683 3552 nos

2099 3581 2366 3635 illustrare
2390 3581 2635 3650 dignatus
2658 3592 2758 3645 est,
2785 3583 3073 3653 relictaque
3098 3588 3279 3639 umbra
3308 3587 3372 3639 ad
3395 3597 3680 3643 veritatem

2098 3671 2309 3725 adducti
2357 3687 2573 3736 sumus,
2627 3672 2853 3727 similem
2906 3674 3327 3731 observationem
3379 3678 3518 3731 circa
3565 3677 3681 3734 hoc

2098 3764 2372 3831 spirituale
2398 3763 2712 3819 sacrificium
2743 3767 3117 3823 exhibeamns.
3166 3770 3229 3824 Et
3263 3785 3430 3839 neque
3458 3783 3682 3840 peccata

2099 3870 2217 3924 quae
2248 3855 2400 3909 nobis
2426 3855 2672 3910 videntur
2691 3872 2872 3925 parva,
2900 3858 3251 3925 perfunctorie
3273 3869 3679 3928 praetereamus,

2100 3945 2196 4002 sed
2225 3945 2458 4014 quotidie
2485 3962 2515 4000 a
2541 3947 2694 4003 nobis
2712 3949 2941 4004 rationes
2960 3958 3264 4017 repetamus
3287 3959 3337 4004 et
3365 3952 3681 4016 verborum,

2100 4053 2154 4099 et
2172 4053 2478 4113 aspectuum
2508 4057 2522 4095 :
2558 4056 2844 4110 pinnasque
2873 4040 2939 4095 de
2970 4041 3120 4095 nobis
3145 4042 3273 4110 ipsis
3294 4058 3581 4104 sumamus.
3624 4054 3688 4099 ut

2102 4152 2199 4189 nos
2225 4152 2253 4189 a
2283 4136 2456 4189 futuro
2481 4133 2739 4201 supplicio
2769 4133 3073 4188 liberemus.
3110 4134 3328 4202 Propter
3362 4135 3459 4189 hoc
3480 4136 3685 4205 quippe

2103 4226 2298 4281 Paulus
2317 4225 2480 4292 inquit
2502 4242 2515 4276 :
2540 4222 2677 4275 Nam
2696 4224 2739 4277 si
2760 4240 2848 4276 nos
2869 4224 3002 4292 ipsos
3019 4224 3437 4291 judicaverimus,
3460 4244 3554 4279 non
3573 4230 3685 4280 uti-

2103 4334 2199 4387 que
2217 4317 2564 4385 judtcaremur
2593 4316 2670 4382 (i.
2701 4312 2819 4365 Cor.
2852 4314 2939 4367 ll.
2971 4313 3080 4383 5i).
3118 4313 3189 4367 Ita
3224 4316 3267 4367 si
3298 4331 3394 4385 nos
3423 4316 3564 4383 ipsos
3590 4316 3686 4370 hic

2104 4407 2633 4461 coitdemnaveritntts
2679 4413 2894 4476 propter
2928 4405 3231 4473 quotidiana
3281 4417 3526 4475 pet-cata,
3577 4408 3689 4461 im—

2110 4504 2406 4551 tn'tnuemns
2432 4497 2767 4551 severitatem
2793 4495 2975 4564 judicii
3002 4496 3143 4564 quod
3184 4497 3290 4550 illic
3320 4497 3550 4551 futurum
3572 4508 3685 4555 est.

2108 4590 2257 4653 Quod
2291 4588 2332 4641 si
2374 4587 2542 4654 ignavi
2589 4584 2867 4651 fuerimus,
2916 4585 3014 4651 Qui
3049 4586 3375 4657 judicamur,
3419 4588 3621 4656 inquit,
3656 4606 3690 4640 α

2110 4680 2327 4733 Domino
2349 4678 2624 4731 erudimur.
2650 4677 2798 4730 Prius
2820 4676 2977 4744 igitur
2997 4678 3347 4745 nosmetipsos
3363 4678 3693 4733 condemne-

2112 4785 2229 4825 mus
2257 4784 2443 4837 magna
2483 4783 2603 4821 cum
2642 4767 2946 4821 sinceritate
2968 4807 2983 4834 ,
3017 4776 3070 4821 et
3096 4766 3240 4820 nullo
3269 4769 3472 4823 sciente
3509 4769 3559 4821 in
3589 4769 3690 4823 tri-

2114 4860 2292 4914 bunali
2337 4859 2677 4913 conscientia:
2719 4856 2999 4911 sedeamus
3040 4874 3054 4911 :
3095 4857 3277 4927 sicque
3320 4859 3697 4914 examinemus

2113 4963 2323 5007 nostras
2349 4950 2695 5021 cogitationes
2718 4990 2732 5014 ,
2778 4957 2833 5003 et
2872 4958 3072 5004 rectam
3100 4952 3415 5005 sententiam
3448 4951 3695 5021 profera-

2117 5060 2252 5104 mus.
2284 5052 2339 5096 ut
2377 5056 2528 5095 mens
2557 5040 2867 5095 imminente
2896 5040 2988 5095 illo
3024 5052 3229 5095 terrore
3261 5057 3553 5111 percussa,
3584 5057 3696 5097 non

2120 5145 2343 5201 patiatur
2370 5132 2597 5201 amplius
2634 5130 2842 5199 decipi,
2887 5130 2980 5185 sed
3022 5132 3275 5201 impetum
3324 5132 3584 5197 refrenet,
3632 5151 3699 5188 ac

2122 5224 2447 5293 prospiciens
2478 5224 2623 5275 illum
2652 5224 2949 5277 insomnem
2980 5224 3192 5277 oculum
3212 5265 3229 5289 ,
3262 5223 3552 5291 praecludat
3581 5224 3699 5277 dia-

2122 5315 2243 5368 bolo
2262 5317 2575 5382 ingressnm.
2591 5312 3084 5383 Propterignaviam
3098 5315 3237 5367 enim
3263 5313 3480 5369 ferimus
3491 5317 3701 5381 omnia,

2127 5417 2182 5459 ut
2211 5407 2320 5474 ipsa
2349 5421 2525 5458 rerum
2553 5406 2881 5474 experientia
2913 5406 3127 5459 clamat.
3175 5406 3304 5460 Nam
3346 5407 3702 5477 quemadmo-

2127 5498 2251 5550 dum
2274 5497 2317 5550 si
2343 5495 2427 5549 vel
2453 5495 2723 5565 paululum
2752 5495 2969 5549 excitari
2985 5496 3325 5561 voluerimus,
3356 5511 3543 5551 omnes
3563 5496 3708 5552 illius

2130 5586 2345 5642 insidias
2374 5586 2524 5655 quasi
2560 5586 2828 5654 pulverem
2850 5587 3167 5653 repellemus
3195 5605 3209 5640 :
3234 5589 3309 5642 sic
3332 5588 3547 5657 quando
3575 5603 3707 5656 sup-

2132 5679 2429 5749 plantamur
2452 5719 2465 5741 ,
2504 5692 2609 5731 non
2640 5686 2855 5746 propter
2879 5677 3022 5731 illius
3055 5678 3386 5747 tyrannidem
3415 5680 3515 5734 hoc
3540 5682 3709 5735 susti-

2132 5787 2319 5831 nemus
2342 5811 2360 5838 ,
2407 5768 2499 5825 sed
2542 5777 2756 5838 propter
2785 5768 3046 5826 innaviam
3074 5783 3328 5828 nostram.
3360 5773 3541 5844 Neque
3563 5773 3717 5830 enim
