4038 6358
318 426 430 487 525

308 552 406 606 ὑπ’
438 549 603 604 αὐτοῦ
637 548 961 621 τεχθέντων.
994 551 1151 615 Τότε,
1203 549 1389 620 φησὶν,
1434 549 1833 613 ἐτελεύτησεν
1875 549 1907 601 d

323 629 523 689 Ἰσαὰκ
555 635 917 702 πρεσϐύτης,
966 634 1065 687 καί
1120 633 1357 700 πλήρης
1410 630 1665 701 ἡμερῶν.
1704 632 1767 684 Εἰ
1800 630 1908 699 γὰρ

309 721 475 791 ἡνίκα
515 719 616 788 τῆς
677 718 932 786 εὐλογίας
977 718 1077 790 τὴν
1111 717 1317 789 κλοπὴν
1359 720 1593 771 ἐποιεῖτο
1625 718 1653 768 6
1688 715 1906 778 Ἰακὼϐ,

307 801 703 875 ἠμϐλύνθησαν
731 804 779 854 οί
808 801 1078 872 ὀφθαλμοὶ
1104 801 1291 865 αὐτοῦ,
1322 801 1507 871 φησὶν,
1552 801 1673 853 ὅθεν
1716 801 1810 852 καὶ
1841 799 1910 851 τά

307 886 410 954 τῆς
430 885 647 953 ἀπάτης
668 883 817 954 αὐτῷ
840 883 1248 957 προεχώρησεν,
1279 885 1533 952 ἐννόησον
1565 881 1705 952 μετά
1730 880 1913 933 τοσού-

306 985 420 1021 των
448 967 585 1021 ἐτῶν
613 968 848 1038 ἀριθμὸν
877 970 1025 1032 ὅπως
1052 965 1119 1039 ἦν
1153 967 1501 1037 γεγηρακώς.
1534 966 1645 1019 Καὶ
1673 966 1912 1033 ἔθαψαν

254 1055 256 1057 ’
307 1049 519 1114 αὐτόν,
554 1052 738 1120 φησὶν,
774 1050 967 1104 Ἠσαῦ
998 1052 1096 1103 καὶ
1138 1052 1352 1104 Ἰακώϐ.
1391 1050 1551 1103 Ἀλλά
1584 1049 1770 1102 λοιπὸν
1812 1048 1910 1115 τῆς

307 1133 569 1204 τελευτῆς
609 1130 705 1185 τοῦ
745 1134 953 1205 πατρὸς
1000 1135 1316 1205 γενομένης,
1352 1132 1583 1198 Λαϐὼν,
1619 1132 1773 1201 φησὶ,
1804 1132 1911 1195 τὰς

308 1217 603 1286 γυναῖκας
631 1218 817 1272 αὐτοῦ
854 1217 1057 1282 Ἠσαῦ,
1090 1221 1187 1273 καὶ
1216 1219 1361 1284 τοὺς
1393 1218 1585 1283 υἱοὺς,
1624 1217 1723 1269 καὶ
1760 1214 1908 1268 πάν-

311 1317 421 1366 τας
454 1300 596 1366 τοὺς
628 1302 836 1363 αὑτοῦ,
870 1301 970 1354 καί
1003 1300 1201 1354 πάντα
1235 1302 1353 1356 ὅσα
1390 1301 1689 1367 ἐκτήσατο
1728 1300 1797 1351 ὲν
1832 1294 1911 1367 γῇ

311 1383 578 1445 Χαναὰν,
599 1383 914 1453 ἐπορεύθη.
950 1387 1071 1438 Οὐκ
1096 1385 1361 1452 ἠδύνατο
1382 1386 1512 1454 γὰρ,
1548 1385 1731 1453 φησὶν,
1762 1381 1799 1447 ἡ
1833 1379 1907 1449 γῆ

308 1465 423 1535 τῆς
466 1467 884 1536 παροικήσεως
932 1468 1139 1536 φέρειν
1170 1467 1394 1533 αὐτοὺς
1442 1466 1561 1521 ἀπὸ
1600 1466 1707 1519 τοῦ
1749 1463 1909 1529 πλή-

309 1553 456 1616 θους
487 1549 606 1603 τῶν
636 1553 1052 1620 ὑπαρχόντων.
1090 1551 1199 1604 Καὶ
1231 1550 1431 1619 ᾤκησε
1467 1549 1686 1604 λοιπόν
1721 1549 1792 1600 ἐν
1830 1546 1910 1612 τῷ

310 1633 433 1698 ὄρει
476 1634 674 1701 Σηείρ.
728 1634 837 1686 Kal
868 1633 1244 1705 διηγησαμένη
1282 1637 1413 1704 ἡμῖν
1470 1636 1504 1704 ἡ
1548 1634 1667 1685 θεία
1719 1631 1909 1701 Γραφὴ

308 1718 437 1778 τοὺς
483 1719 545 1770 ἐκ
592 1718 685 1771 τοῦ
721 1718 893 1772 Ἡσαῦ
940 1719 1235 1789 τεχθέντας
1282 1719 1376 1771 καὶ
1428 1717 1499 1769 τά
1541 1716 1668 1786 έθνη
1715 1715 1783 1768 τά
1818 1714 1908 1767 ὐπ’

305 1798 476 1851 αὐτοῦ
517 1803 881 1871 γεγενημένα,
915 1802 1076 1872 φησί·
1132 1799 1459 1868 Παρῴκησε
1501 1799 1570 1851 δὲ
1602 1798 1803 1852 Ἰακὼϐ
1840 1796 1911 1848 ἐν

306 1881 386 1951 τῇ
427 1881 524 1951 τῇ.
554 1880 626 1939 οὗ
656 1884 1022 1952 παρῴκησεν
1054 1887 1086 1937 ό
1122 1884 1319 1952 πατὴρ
1348 1882 1558 1945 αὐτοῦ,
1582 1882 1652 1935 ἐν
1696 1879 1773 1952 γῇ
1802 1883 1912 1933 Χα-

304 1965 485 2020 ναὰν.
528 1966 668 2019 Ἀλλ’
698 1967 951 2020 ἐντεῦθεν
989 1966 1173 2020 λοιπὸν
1227 1967 1389 2019 πάλιν
1427 1965 1727 2034 διαδέχεται
1762 1964 1910 2034 ἡμᾶς

304 2046 475 2119 ἑτέρα
507 2052 862 2120 πραγματεία
891 2052 925 2121 ή
965 2051 1106 2102 κατά
1136 2049 1228 2102 τὸν
1259 2050 1560 2120 Θαυμάσιον
1599 2049 1818 2119 Ἰωσήφ.

381 2146 453 2209 γ’.
472 2140 610 2193 Ἀλλ’
640 2142 689 2193 εἰ
719 2140 999 2212 βούλεσθε,
1031 2140 1268 2194 ἐνταῦθα
1300 2142 1602 2212 στήσαντες
1631 2140 1723 2193 τὸν
1752 2139 1910 2208 λόγον

304 2224 391 2287 εἰς
418 2224 611 2295 ἑτέραν
647 2224 824 2295 ἀρχὴν
860 2223 1271 2296 ταμιευσόμεθα
1308 2225 1407 2294 τὴν
1437 2222 1580 2277 κατὰ
1613 2223 1705 2277 τὸν
1743 2223 1910 2276 παῖδα

300 2307 403 2359 τοῦ
437 2306 631 2359 Ἰακὼϐ
664 2307 927 2377 ἱστορίαν,
961 2309 1139 2361 έκεῖνο
1169 2306 1604 2379 παραινέσαντες
1640 2306 1794 2376 ὑμῶν
1840 2308 1906 2376 τῇ

301 2392 522 2463 ἀγάπῃ,
558 2391 699 2462 μετά
741 2390 1027 2462 ἀκριϐείας
1078 2391 1368 2463 προσέχειν
1409 2394 1522 2455 τοῖς
1569 2391 1905 2460 λεγομένοις,

302 2478 406 2529 καὶ
436 2476 496 2540 ἐξ
538 2477 772 2529 ἑκάστου
799 2474 906 2529 τῶν
936 2477 994 2529 ὲν
1026 2478 1093 2546 τῇ
1127 2476 1248 2546 θείᾳ
1272 2477 1465 2547 Γραφῇ
1509 2476 1777 2545 κειμένων
1816 2491 1910 2544 με-

301 2559 502 2630 γίστην
536 2558 882 2631 καρποῦσθαι
919 2559 1016 2629 τὴν
1050 2558 1342 2629 ὠφέλειαν,
1382 2560 1477 2612 καὶ
1520 2558 1687 2629 μηδὲν
1723 2557 1909 2620 ἀπλῶς

302 2642 701 2712 παρατρέχειν.
757 2641 1043 2713 Θησαυρὸς
1089 2643 1199 2713 γάρ
1250 2643 1368 2695 ἐστι
1420 2640 1788 2712 πνευματικὸς
1842 2639 1911 2691 τὸ.

305 2724 427 2777 θεῖα
462 2724 648 2793 λόγια·
690 2726 784 2778 καὶ
827 2725 1078 2795 καθάπερ
1119 2726 1227 2780 ἀπὸ
1268 2724 1362 2779 τοῦ
1405 2725 1665 2795 αἰσθητοῦ
1702 2724 1909 2795 θησαυ-

308 2807 406 2877 ροῦ
453 2811 547 2861 καὶ
580 2808 725 2862 λίθον
760 2808 857 2862 ἕνα
900 2809 1161 2873 πολλάκις
1209 2809 1542 2881 ὐφελόμενός
1589 2827 1691 2872 τις,
1742 2808 1911 2861 πολὺν

304 2892 488 2962 ἑαυτῷ
527 2893 819 2963 ἐργάζεται
859 2893 952 2946 τὸν
990 2894 1253 2947 πλοῦτονο
1294 2892 1437 2947 οὕτω
1467 2894 1562 2947 καὶ
1594 2892 1828 2946 ἐνταῦθα
1853 2892 1910 2943 al

302 2976 416 3028 τῶν
444 2976 672 3029 δικαίων
703 2978 916 3048 ἀρεταὶ,
949 2979 998 3030 εί
1028 2978 1317 3048 προσέχειν
1349 2977 1693 3047 βουλοίμεθα,
1721 2974 1911 3028 τοσαύ-

302 3076 408 3130 την
434 3062 569 3129 ήμῖν
608 3062 708 3132 τὴν
737 3061 1005 3130 ὠφέλειαν
1033 3062 1293 3132 παρέχειν
1337 3062 1680 3131 δυνήσονται,
1711 3060 1786 3122 ὼς
1818 3060 1910 3112 καὶ

306 3143 448 3211 πρὸς
483 3144 574 3196 τὸν
604 3144 789 3215 ὅμοιον
816 3145 997 3199 αὐτῶν
1023 3144 1370 3215 διεγερθῆναι
1404 3142 1585 3215 ζῆλον.
1618 3143 1775 3196 Οὐτω
1801 3144 1909 3215 γάρ

304 3228 657 3299 δυνησόμεθα
692 3230 786 3282 καὶ
818 3231 981 3299 ἡμεῖς
1012 3230 1112 3298 τῆς
1142 3228 1315 3298 αὐτῆς
1347 3230 1460 3290 τοῖς
1496 3226 1727 3289 δικαίοις
1776 3229 1911 3279 ἀπο-

306 3310 508 3364 λαῦσαι
539 3313 693 3382 παρά
726 3310 819 3365 τοῦ
846 3311 981 3365 Θεοῦ
1007 3312 1239 3374 εὐνοίας.
1274 3310 1429 3365 Οὐδὲ
1455 3311 1569 3379 γὰρ
1600 3324 1913 3378 προσωπο-

304 3395 551 3462 λήπτης
585 3396 757 3449 ἐστὶν
790 3399 823 3451 ό
860 3398 1025 3461 Θεὸς,
1065 3395 1205 3449 ἀλλ’
1231 3395 1302 3447 ἐν
1333 3395 1513 3447 παντὶ
1546 3393 1706 3449 ἔθνει
1737 3397 1768 3447 ὀ
1806 3411 1913 3461 φο-

308 3479 603 3546 ϐούμενος
653 3480 843 3533 αὐτὸν
893 3478 991 3532 καὶ
1047 3476 1436 3547 ἐργαζόμενος
1492 3476 1908 3544 δικαιοσύνην,

307 3562 524 3629 δεκτός
564 3562 725 3628 αὐτῷ
764 3563 968 3616 ἐστιν’
998 3561 1162 3624 ὥστε,
1204 3563 1252 3613 εἰ
1290 3560 1636 3631 βουλοίμεθα,
1667 3561 1819 3613 οὐδὲν
1852 3563 1912 3613 τὸ

309 3645 522 3701 κωλῦον
553 3645 822 3717 τοσαύτης
844 3647 878 3715 ἢ
907 3646 1000 3699 καὶ
1032 3644 1274 3707 πλείονος
1302 3646 1450 3714 ἡμᾶς
1480 3642 1787 3696 ἀπολαῦσαι
1816 3643 1911 3712 τῆς

309 3729 522 3783 ἀνωθεν
569 3731 759 3801 ῥοπῆς.
800 3730 924 3783 Ἐὰν
968 3729 1077 3798 γάρ
1129 3728 1287 3798 μόνον
1332 3726 1479 3799 [581]
1529 3727 1675 3797 ἡμᾶς
1709 3728 1794 3799 ἴδῃ
1842 3727 1911 3779 τὰ

310 3812 446 3882 παρ’
494 3812 702 3865 ἑαυτῶν
752 3813 1138 3883 εἰσφέροντας,
1196 3811 1289 3864 καί
1337 3811 1407 3863 τά
1455 3810 1605 3880 αὐτῷ
1652 3808 1911 3862 δοκοῦντα

311 3896 701 3966 προτιμῶντας
731 3896 838 3949 τῶν
888 3896 1265 3967 ἀνθρωπίνων,
1299 3894 1565 3962 τοσαύτην
1606 3894 1700 3945 καὶ
1750 3892 1911 3956 αὐτὸς

310 3979 640 4043 ἐπιδείξεται
683 3979 783 4049 τὴν
826 3978 1174 4049 κηδεμονίαν,
1225 3979 1299 4040 ώς
1333 3981 1391 4030 ἐν
1432 3977 1637 4030 ἅπασιν
1679 3976 1911 4046 ἀχειρώ-

310 4081 442 4126 τους
486 4065 635 4132 ἡμᾶς
681 4062 1043 4133 ἐργάσασθαι.
1102 4063 1211 4115 Kal
1254 4064 1363 4133 γὰρ
1406 4060 1667 4131 πολέμιον
1715 4061 1911 4129 ἔχομεν

310 4145 537 4217 διηνεκῆ
570 4148 663 4200 καὶ
696 4146 960 4201 ἄσπονδον
996 4146 1095 4214 τὴν
1130 4145 1263 4217 πρὸς
1302 4147 1450 4214 ἡμᾶς
1481 4143 1681 4214 ἔχθραν
1714 4161 1912 4214 κεκτη-

316 4229 499 4299 μένον.
528 4228 619 4281 Διδ
646 4228 846 4299 πολλῆς
867 4231 1000 4299 ἡμῖν
1023 4229 1101 4283 δεῖ
1122 4230 1220 4299 τῆς
1245 4228 1572 4297 ἀγρυπνίας,
1594 4227 1736 4280 ὥστε
1760 4244 1912 4297 περι-

312 4311 571 4379 γενέσθαι
601 4310 766 4364 αὐτοῦ
796 4311 1090 4383 δυνηθῆναι
1128 4313 1229 4381 τῆς
1277 4312 1545 4382 μηχανῆς,
1585 4310 1679 4362 καὶ
1712 4310 1911 4362 ἀνωτέ-

316 4413 447 4467 ρους
483 4396 820 4466 καταστῆναι
866 4396 974 4450 τῶν
1010 4396 1197 4449 τούτου
1243 4395 1434 4465 βελῶν.
1464 4396 1575 4465 Οὐχ
1624 4395 1824 4464 έτέρως
1856 4394 1912 4447 δὲ

313 4479 769 4550 περιεσόμεθα,ἢ
808 4480 897 4533 διά
946 4480 1045 4551 τῆς
1088 4481 1316 4551 ἀρίστης
1360 4479 1636 4541 πολιτείας
1675 4477 1911 4531 ἐπισπά-

316 4564 514 4617 σασθαι
535 4564 853 4633 δυνηθέντες
878 4564 977 4635 τὴν
1002 4564 1208 4618 ἀνωθεν
1236 4562 1575 4634 συμμαχίαν.
1607 4562 1828 4633 Ἀρίστη
1855 4562 1911 4614 δέ

313 4652 434 4702 ἐστι
482 4648 730 4702 πολιτεία
780 4648 894 4718 βίος
944 4648 1204 4727 καθαρός.
1240 4647 1410 4699 Τοῦτο
1447 4646 1556 4716 γάρ
1597 4647 1625 4697 6
1663 4645 1912 4715 θεμέλιος

313 4734 413 4785 καὶ
461 4738 493 4803 ὴ
536 4734 743 4803 κρηπὶς
791 4732 894 4802 τῆς
949 4733 1183 4803 ἀρετῆς
1212 4735 1241 4786 6
1272 4732 1383 4802 γὰρ
1416 4730 1607 4783 τοῦτον
1656 4730 1912 4799 ἀσφαλῶς

312 4815 792 4885 καταϐαλλόμενος
844 4815 1212 4887 εὐκολώτερον
1261 4816 1370 4868 τῶν
1430 4813 1602 4868 ἄλλων
1655 4814 1912 4865 ἁπάντων

313 4901 632 4973 περιέσεται
651 4918 664 4930 ·
695 4899 818 4953 οὔτε
846 4901 954 4971 γὰρ
988 4900 1292 4970 χρημάτων
1323 4899 1589 4967 ἐπιθυμία
1619 4898 1711 4950 τοῦ
1746 4897 1915 4950 τοιού-

311 5002 408 5036 του
450 4985 889 5055 περιγενήσεται,
918 4982 1040 5036 οῦτε
1074 4984 1231 5055 δόξης
1266 4984 1434 5055 ἔρως,
1462 4982 1588 5036 οὐτε
1621 4979 1911 5051 βασκανία,

310 5066 439 5119 οὐτε
463 5068 648 5137 ἕτερόν
673 5085 725 5120 τι
749 5068 856 5120 τῶν
885 5067 1093 5120 παθῶν.
1120 5068 1231 5120 Καὶ
1256 5066 1393 5131 πῶς,
1429 5066 1539 5136 ἐγὼ
1565 5067 1726 5134 λέγω.
1745 5067 1913 5119 Ὅταν

311 5152 425 5222 γάρ
455 5169 538 5213 τις
571 5151 809 5222 καθαρὸν
846 5152 946 5224 ἔχῃ
982 5150 1338 5216 τὸ-συνειδὸς,
1381 5152 1476 5203 καὶ
1510 5150 1711 5212 παντὸς
1740 5148 1912 5222 ῥύπου

311 5232 759 5303 ἀπηλλαγμένον,
789 5232 1075 5302 δυνήσεται
1107 5234 1200 5285 καὶ
1229 5234 1318 5285 τὸν
1347 5234 1601 5286 ἁπάντων
1636 5235 1915 5305 Δεσπότην

311 5316 524 5369 ἕνοικον
571 5316 736 5386 ἔχειν.
777 5315 1068 5383 Μακάριοι
1102 5316 1210 5386 γάρ
1240 5318 1295 5369 οἱ
1335 5320 1604 5386 καθαροί,
1642 5320 1796 5389 φησὶ,
1842 5316 1917 5386 τῇ

316 5398 557 5467 καρδίᾳ,
585 5399 675 5451 ὅτι
701 5399 871 5451 αὐτοὶ
888 5400 994 5451 τόν
1025 5400 1173 5452 Θεὸν
1199 5400 1474 5467 ὄψονται.
1499 5401 1667 5454 Ὅταν
1696 5402 1752 5453 δὲ
1775 5402 1916 5453 ἐκεῖ·

314 5502 407 5538 νον
440 5483 652 5538 ένοικον
687 5483 830 5553 ἔχειν
866 5484 1199 5554 καταξιωθῇ,
1240 5483 1316 5546 ὠς
1346 5484 1532 5547 ἁπλῶς
1563 5487 1655 5538 καὶ
1700 5486 1823 5555 εἰκῆ
1857 5485 1918 5537 τὸ

320 5568 485 5637 σῶμα
532 5570 940 5638 περικείμενος,
996 5568 1140 5621 οὕτω
1180 5569 1363 5622 λοιπὸν
1403 5570 1778 5633 διακείσεται,
1822 5570 1916 5621 καὶ

318 5653 539 5705 πάντων
560 5653 669 5704 τῶν
692 5651 1047 5722 ἀνθρωπίνων
1066 5653 1265 5724 πολλὴν
1288 5651 1611 5716 ἐπιδείξεται
1629 5652 1724 5724 τὴν
1748 5654 1918 5722 ὑπερ-

318 5736 499 5805 οψίαν.
546 5738 802 5790 ’Ἅπαντα
844 5739 953 5807 γάρ
986 5738 1053 5790 τὰ
1098 5737 1349 5809 ὁρώμενα
1398 5737 1527 5791 σκιά
1558 5740 1652 5791 καὶ
1683 5738 1815 5810 ὄναρ
1840 5738 1919 5810 τῷ

321 5819 554 5891 τοιούτῳ
584 5824 853 5889 φανεῖται,
882 5823 975 5874 καὶ
1000 5822 1254 5893 καθάπερ
1289 5826 1346 5877 ὲν
1372 5822 1450 5893 τῷ
1485 5822 1704 5894 οὐρανῷ
1727 5823 1789 5875 τὸ
1823 5840 1919 5876 πο-

324 5903 557 5976 λίτευμα
586 5905 745 5977 ἔχων,
783 5905 957 5970 οὕτως
997 5906 1212 5971 οὐδενὸς
1251 5908 1361 5963 τῶν
1403 5909 1684 5979 παρόντων
1724 5907 1915 5961 ἐπιθυ-

1360 422 1431 481 ΙΝ
1471 424 1626 481 CAP.
1666 423 1861 479 XXXV
1900 421 2144 479 GENES.
2186 421 2419 477 HOMIL.
2462 421 2574 477 LX.

3500 416 3607 471 524
3656 468 3659 470 .

2022 547 2203 617 μήσει.
2237 546 2490 608 Τοιοῦτος
2512 541 2580 617 ἦν
2606 543 2816 608 Παῦλος
2836 546 2863 597 6
2890 544 2989 614 τῆς
3016 540 3344 613 οἰκουμένης
3364 539 3613 594 διδάσκα-
3637 522 3661 550 ’

2018 629 2126 692 λος·
2160 631 2239 682 διὸ
2264 630 2356 682 καὶ
2377 630 2504 683 ἐϐόα
2534 629 2738 696 λέγων·
2772 631 2850 683 ’Ἡ
2874 626 3127 697 δοκιμὴν
3148 625 3366 692 ζητεῖτε
3388 625 3496 679 τοῦ
3537 626 3608 677 ἐν

2017 714 2148 780 ἐμοὶ
2182 715 2522 779 λαλοῦντος
2554 711 2842 781 Χριστοῦ;
2880 715 2988 767 Kal
3011 704 3207 767 ’πάλινο
3242 711 3333 765 Ζῶ
3370 711 3468 774 δὲ,
3500 714 3613 764 οὐκ

2017 798 2104 851 ἔτι
2126 797 2259 867 ἐγὼ,
2298 797 2365 867 ζῇ
2385 798 2453 850 δὲ
2480 801 2549 851 ἐν
2569 799 2698 867 ἐμοὶ
2750 799 3024 866 Χριστός.
3058 798 3168 849 Kal
3204 796 3384 849 πάλιν·
3440 797 3510 847 '0
3544 794 3614 846 δὲ

2015 883 2133 936 ’νῦν
2166 881 2236 942 ζῐῖ)
2264 883 2334 935 ἐν
2366 882 2565 950 σαρκὶ,
2603 883 2673 935 ἐν
2705 882 2906 935 πίστει
2938 880 3029 940 ζῶ.
3067 876 3220 942 Είδες
3253 880 3419 949 ἄνδρα
3451 877 3614 948 σῶμα

2017 967 2426 1036 περικείμενον,
2468 967 2561 1019 καὶ
2597 966 2671 1029 ώς
2704 967 2762 1018 ἐν
2792 966 3071 1036 ἀσωμάτῳ
3102 963 3253 1037 λήξει
3283 964 3446 1017 αὐτὸν
3479 979 3613 1033 τυγ-

2016 1047 2268 1117 χάνοντα,
2305 1048 2447 1101 οὕτω
2486 1048 2666 1102 πάντα
2698 1049 3109 1118 φθεγγόμενον;

2086 1130 2148 1184 δ’.
2196 1130 2397 1185 Τοῦτον
2438 1132 2677 1195 ἅπαντες
2712 1132 3077 1202 ζηλώσωμεν,
3115 1131 3210 1184 καὶ
3245 1128 3612 1201 νεκρώσωμεν

2017 1212 2173 1283 ἡμῶν
2206 1214 2274 1267 τά
2314 1214 2450 1285 μέλη
2488 1215 2588 1284 τῆς
2621 1216 2823 1285 σαρκὸς
2845 1256 2859 1279 ,
2891 1216 2986 1268 καὶ
3020 1214 3157 1286 πρὸς
3186 1215 3284 1285 τὴν
3335 1214 3613 1286 ἁμαρτίαν

2016 1298 2353 1368 ἀνενέργητα
2368 1300 2505 1352 αὐτά
2523 1299 2909 1369 ἐργασώμεθα·
2926 1298 3070 1351 οὕτω
3087 1298 3197 1369 γὰρ
3222 1297 3456 1368 μάλιστα
3475 1297 3614 1351 αὐτά

2015 1382 2358 1453 δυνησόμεθα
2404 1382 2756 1452 παραστῆσαι
2786 1381 2865 1451 τῷ
2904 1381 3022 1451 Θεῷ
3059 1382 3252 1435 θυσίαν
3295 1382 3613 1452 εὐάρεστον.

2018 1460 2170 1526 Εἶδες
2211 1465 2270 1516 τὸ
2312 1467 2497 1518 καινὸν
2530 1466 2624 1518 καὶ
2656 1466 2959 1537 παράδοξον
2991 1467 3093 1535 τῆς
3138 1465 3331 1528 θυσίας
3371 1464 3612 1535 ταύτης;

2018 1548 2187 1600 Ὅταν
2212 1551 2381 1620 νεκρὰ
2410 1550 2634 1621 γένηται
2663 1550 2731 1604 τὰ
2763 1552 2900 1621 μέλη
2920 1592 2934 1612 ,
2977 1553 3098 1604 τότε
3140 1552 3341 1623 μᾶλλον
3376 1551 3615 1623 εὐπρόσ-

2015 1631 2178 1683 δεκτα
2218 1634 2281 1702 τῇ
2332 1632 2491 1705 θυσία
2536 1634 2767 1701 γίνεται.
2820 1635 2976 1698 Τίνος
3018 1635 3205 1688 ἕνεκεν
3252 1637 3348 1688 καὶ
3399 1634 3489 1686 διά
3518 1634 3613 1700 τίς

2030 1715 2247 1786 Ἐπειδὴ
2271 1719 2616 1789 πνευματική
2655 1719 2803 1770 ἐστιν
2841 1720 2873 1790 ή
2908 1718 3090 1784 θυσία,
3121 1720 3216 1773 καὶ
3246 1719 3396 1771 οὐδὲν
3424 1716 3615 1789 αἰσθη-

2015 1798 2107 1849 τὸν
2137 1798 2270 1869 ἔχει.
2336 1799 2461 1853 Ἐπὶ
2499 1801 2598 1871 μὲν
2628 1801 2738 1871 γὰρ
2775 1802 2875 1871 τῆς
2908 1801 3101 1866 θυσίας
3126 1803 3228 1872 τῆς
3258 1801 3522 1871 αἰσθητῆς
3554 1802 3614 1852 οὐ

2020 1880 2179 1949 μόνον
2212 1883 2272 1934 τὸ
2305 1882 2497 1952 νεκρόν
2533 1885 2682 1936 ἐστιν
2718 1884 3049 1955 ἀπόϐλητον,
3085 1884 3224 1938 ἀλλά
3254 1885 3351 1938 καὶ
3389 1884 3450 1935 τὸ
3482 1883 3615 1946 ζῶν,

2017 1966 2065 2015 εἰ
2100 1964 2281 2037 λώϐην
2313 1967 2436 2019 τινὰ
2470 1967 2603 2036 ἔχοι,
2639 1968 2759 2021 οὐδὲ
2803 1970 2964 2023 τοῦτο
2994 1972 3075 2033 εἰς
3106 1969 3295 2022 θυσίαν
3323 1968 3512 2021 δεκτὸν
3548 1968 3616 2021 ἂν

2016 2049 2227 2117 γένοιτό
2275 2067 2426 2104 ποτε.
2461 2052 2573 2105 Kal
2612 2052 2773 2106 τοῦτο
2799 2052 2860 2117 ἐξ
2893 2053 3072 2126 ἀρχῆς
3112 2053 3488 2124 ὲνομοθετείτο
3518 2052 3616 2121 οὐχ

2017 2131 2222 2196 ἁπλῶς,
2260 2134 2374 2187 ἀλλ’
2409 2134 2493 2187 ἵνα
2526 2135 2613 2188 διὰ
2652 2137 2753 2206 τῆς
2784 2138 2892 2192 τῶν
2926 2138 3136 2207 ἀλόγων
3172 2137 3616 2208 παρατηρήσεως

2016 2217 2160 2269 κατά
2190 2218 2385 2289 μικρὸν
2413 2219 2729 2291 έναχθῶμεν
2762 2223 2901 2292 μετὰ
2926 2222 3026 2292 τῆς
3065 2221 3333 2291 τοσαύτης
3365 2221 3617 2290 φυλακῆς

2014 2299 2113 2371 τὴν
2144 2303 2523 2373 πνευματικὴν
2571 2304 2780 2374 ταύτην
2810 2306 2906 2357 καὶ
2949 2305 3174 2375 λογικὴν
3222 2303 3413 2357 θυσίαν
3443 2319 3616 2373 προσ-

2015 2384 2188 2449 άγειν.
2224 2385 2288 2436 Ὀ
2312 2385 2420 2456 γάρ
2455 2388 2600 2439 ἐστιν
2628 2388 2746 2441 ἐκεῖ
2765 2386 2934 2459 λώϐη,
2969 2390 3064 2441 καὶ
3092 2388 3153 2440 τὸ
3178 2387 3494 2457 ώτότμητον
3523 2386 3618 2439 καὶ

2016 2467 2427 2539 κολοϐόκερκον,
2480 2470 2639 2523 τοῦτο
2684 2472 2922 2524 ἐνταῦθα
2976 2472 3253 2542 πονηρία,
3317 2470 3616 2539 ἐπιθυμία,

2016 2551 2307 2618 ἀσέλγεια,
2354 2555 2655 2623 χρημάτων
2688 2555 2830 2626 ἔρως
2870 2556 2967 2609 καὶ
3015 2558 3168 2609 πᾶσα
3205 2556 3483 2626 ἁμαρτία·
3521 2555 3619 2607 καί

2016 2635 2151 2706 ὅπερ
2181 2637 2327 2689 ἐστὶν
2360 2639 2476 2689 ἐκεῖ
2507 2639 2567 2691 τὸ
2593 2641 2766 2708 ὑγιὲς,
2795 2642 2891 2693 καὶ
2918 2641 2978 2694 τὸ
3004 2642 3183 2713 πάντῃ
3219 2641 3410 2712 μώμου
3441 2639 3619 2709 ἀπηλ-

2016 2718 2310 2791 λαγμένον,
2342 2721 2503 2774 τοῦτο
2528 2723 2764 2776 ἐνταῦθα
2794 2724 2856 2777 τὸ
2891 2726 3086 2796 νεκρὸν
3114 2726 3190 2796 τῷ
3221 2726 3410 2795 κόσμῳ
3439 2724 3619 2794 πάντῃ

2016 2805 2278 2872 γεγονότα
2306 2803 2449 2857 οὕτω
2472 2806 2608 2876 πρὸς
2634 2807 2732 2877 τὴν
2754 2807 2945 2860 θυσίαν
2969 2809 3068 2880 τὴν
3097 2806 3472 2879 πνευματικὴν
3499 2807 3618 2858 έπι-

2016 2888 2228 2958 τήδειον
2258 2889 2448 2940 ἑαυτὸν
2488 2890 2851 2960 καταστῆσαι.
2886 2890 3072 2945 Ταῦτα
3106 2893 3181 2962 μὴ
3212 2891 3401 2952 ἁπλῶς
3440 2906 3620 2961 παρα-

2015 2971 2320 3042 τρέχωμεν,
2347 2971 2463 3025 ἀλλ’
2492 2973 2875 3043 ὲμπηγνύντες
2900 2976 3037 3028 αὐτὰ
3060 2978 3126 3046 τῇ
3153 2974 3361 3027 ἑαυτῶν
3384 2973 3618 3042 διανοίᾳ,

2019 3055 2413 3126 σπουδάσωμεν
2438 3057 2514 3128 μὴ
2536 3057 2795 3120 ἐλάττους
2814 3058 3047 3129 ὀφθῆναι
3068 3057 3179 3111 τῶν
3216 3058 3485 3111 Ἰουδαίων
3508 3056 3619 3109 τῶν

2018 3140 2076 3191 ὲν
2118 3142 2182 3209 τῇ
2222 3141 2350 3210 σκιᾷ
2383 3140 2653 3211 τοσαύτην
2684 3142 3147 3213 ἐπιδεικνυμένων
3201 3146 3612 3213 παρατήρησιν.

2020 3221 2233 3292 Ὥσπερ
2261 3225 2586 3295 γάρὲκεῖνοι
2611 3223 2692 3278 ἔτι
2720 3225 2796 3296 τῷ
2817 3225 2996 3297 λύχνῳ
3025 3226 3478 3298 παρακαθήμενοι
3506 3242 3621 3277 τοσ-

2017 3317 2189 3389 αύτην
2207 3318 2486 3373 ἐποιοῦντο
2500 3321 2595 3391 τὴν
2614 3320 3063 3393 φυλακὴν,οῦτως
3076 3313 3415 3393 ήμείς,[58⁴2]
3430 3322 3618 3390 ἐπειδὴ

2019 3400 2123 3453 ὐπὸ
2152 3400 2246 3453 τοῦ
2280 3402 2431 3472 ήλίου
2468 3405 2567 3473 τῆς
2600 3404 2952 3476 δικαιοσύνης
2994 3405 3444 3476 καταυγασθῆναι
3496 3421 3622 3457 κατ-

2018 3484 2354 3555 ηξιώθημεν,
2392 3487 2487 3540 καὶ
2522 3486 2621 3559 τὴν
2668 3489 2827 3542 σκιάν
2882 3490 3279 3553 καταλιπόντες
3330 3487 3467 3560 πρὸς
3518 3489 3620 3557 τὴν

2019 3569 2278 3637 ἀλήθειαν
2297 3572 2852 3642 έχειραγωγήθημεν,
2880 3573 2980 3645 τὴν
2997 3573 3189 3644 ὁμοίαν
3219 3572 3468 3643 φυλακὴν
3497 3573 3619 3623 ἐπι-

2018 3653 2323 3724 δειξώμεθα
2348 3655 2478 3725 περί
2504 3655 2601 3725 τὴν
2635 3658 3016 3728 πνευματικὴν
3040 3658 3246 3728 ταύτην
3277 3656 3487 3710 θυσίαν.
3512 3654 3619 3707 Kal

2022 3737 2158 3808 μηδὲ
2197 3738 2264 3791 τά
2300 3738 2473 3809 μικρὰ
2508 3740 2885 3812 ἁμαρτήματα
2920 3742 3257 3811 νομιζόμενα
3296 3740 3483 3802 ἁπλῶς
3508 3756 3619 3791 πα-

2023 3822 2399 3893 ρατρέχωμεν,
2426 3823 2564 3876 ἀλλὰ
2587 3826 2708 3878 καθ’
2731 3839 2755 3865 ει
2784 3826 3025 3898 ἑκάστην
3047 3828 3263 3898 ἡμέραν
3288 3826 3516 3886 ἑαυτοὺς
3537 3825 3621 3876 εὐ·

2020 3904 2185 3969 θύνας
2214 3906 2539 3977 ἀπαιτῶμεν
2572 3908 2666 3960 καὶ
2703 3910 2967 3978 ῥημάτων
3002 3912 3098 3963 καὶ
3131 3910 3481 3981 βλεμμάτων,
3522 3911 3619 3961 καὶ

2018 3988 2173 4052 δίκας
2195 3990 2422 4053 ἑαυτοὺς
2454 3993 2933 4063 εἰσπραττώμεθα,
2974 3994 3061 4047 ἵνα
3094 3995 3195 4065 τῆς
3221 3992 3430 4046 ἐκεῖθεν
3459 3992 3621 4044 uola—

2021 4088 2159 4135 σεως
2202 4074 2430 4136 ἑαυτοὺς
2468 4074 2949 4146 ὲλευθερώσωμεν.
3002 4077 3103 4131 Διά
3148 4077 3258 4146 γὰρ
3315 4074 3474 4128 τοῦτο
3522 4079 3619 4127 καὶ

2020 4155 2233 4218 Παῦλός
2263 4174 2448 4226 φησιν·
2481 4160 2549 4210 El
2585 4160 2696 4226 γὰρ
2726 4158 2984 4225 ἑαυτοὺς
3030 4161 3368 4228 ἐκρίνομεν,
3399 4161 3511 4212 οὐκ
3541 4158 3620 4212 ἂν

2018 4239 2389 4308 ἐκρινόμεθα.
2442 4242 2625 4306 Ὥστε,
2682 4243 2776 4297 ἐὰν
2814 4246 3041 4307 ἑαυτοὺς
3089 4244 3322 4297 ἐνταῦθα
3355 4244 3622 4314 κατακρί-

2020 4342 2199 4394 νωμεν
2229 4325 2321 4377 ὲπί
2343 4328 2455 4389 τοῖς
2480 4325 2602 4379 καθ’
2625 4328 2865 4398 ἑκάστην
2885 4328 3101 4399 ἡμέραν
3134 4328 3223 4397 ὑφ’
3251 4327 3409 4398 ήμῶν
3437 4329 3619 4398 ἀμαρ-

2018 4408 2356 4479 τανομένοις,
2382 4411 2802 4482 ὐποτεμνόμεθα
2829 4411 2931 4482 τῆς
2962 4414 3081 4466 ἐκεῖ
3109 4412 3342 4482 κρίσεως
3373 4410 3471 4481 τὴν
3497 4429 3622 4479 σφο-

2018 4492 2270 4562 δρότητα.
2286 4492 2348 4544 Εί
2371 4493 2428 4546 δὲ
2447 4494 2888 4564 ρᾳθυμήσαιμεν,
2906 4497 3277 4565 Κρινόμενοι,
3297 4496 3483 4567 φησὶν,
3498 4496 3618 4548 ὑπὸ

2019 4576 2245 4642 Κυρίου
2292 4576 2711 4645 παιδευόμεθα.
2752 4578 3125 4649 Προλαϐόντες
3159 4580 3340 4633 τοίνυν
3390 4581 3619 4643 ἑαυτοὺς

2020 4658 2475 4728 καταδικάσωμεν
2512 4661 2649 4729 μετὰ
2675 4662 2877 4732 πολλῆς
2908 4663 3008 4733 τῆς
3033 4664 3482 4736 εὐγνωμοσύνης,
3522 4665 3619 4718 καὶ

2024 4742 2250 4811 μηδενὸς
2279 4743 2481 4806 εἰδότος
2509 4743 2570 4796 τὸ
2612 4744 2965 4817 δικαστήριον
3004 4748 3098 4801 τοῦ
3129 4748 3428 4812 συνειδότος
3480 4748 3617 4802 καθ-

2025 4825 2259 4888 ίσαντες,
2291 4826 2435 4878 οὕτω
2466 4825 2850 4901 βασανίσωμεν
2888 4831 3100 4884 ἑαυτῶν
3129 4833 3257 4895 τοὺς
3294 4832 3615 4901 λογισμοὺς,

2021 4910 2117 4962 καὶ
2144 4908 2310 4979 ὀρθὴν
2340 4908 2440 4979 τὴν
2481 4910 2663 4980 κρίσιν
2693 4897 3041 4984 έκνφίρωμεν,
3071 4915 3157 4967 ἵνα
3185 4915 3276 4967 τὸν
3301 4897 3618 4986 ἐπηρτημέο

2025 5010 2112 5046 νον
2144 4992 2311 5062 φόϐον
2329 4993 2585 5057 δεδοικὼς
2614 4997 2642 5048 6
2664 4994 2925 5065 λογισμὸς
2959 4998 3157 5069 μηκέτι
3190 4999 3450 5069 ἀνέχηται
3487 5000 3617 5052 ὐπο-

2024 5076 2307 5147 σύρεσθαι,
2343 5076 2479 5130 ἀλλὰ
2502 5079 2602 5147 τὴν
2634 5079 2813 5151 ὁρμὴν
2845 5079 3193 5154 ἀναχαιτίζῃ,
3226 5085 3319 5136 καὶ
3344 5082 3435 5135 τὸν
3462 5082 3618 5136 ἀκοί-

2026 5177 2196 5231 μητον
2224 5162 2430 5213 ἐκεῖνον
2458 5161 2737 5232 ὀφθαλμὸν
2766 5164 3156 5235 προορώμενος
3184 5164 3503 5236 ἀποτειχίζῃ
3538 5165 3617 5235 τῷ

2022 5243 2253 5314 διαϐόλῳ
2278 5245 2375 5314 τὴν
2401 5244 2626 5303 εἴσοδον.
2656 5245 2777 5299 Ὅτι
2811 5246 2921 5318 γὰρ
2954 5248 3063 5301 ἀπὸ
3096 5247 3370 5320 ῥᾳθυμίας
3401 5249 3616 5303 ἅπαντα

2023 5327 2392 5397 ὑπομένομεν,
2457 5328 2595 5400 αὐτὴ
2652 5328 2753 5401 βοᾷ
2797 5330 2905 5383 τῶν
2944 5332 3287 5402 πραγμάτων
3341 5334 3375 5403 ή
3425 5335 3612 5403 πεῖρα.

2026 5411 2237 5480 Ὥσπερ
2264 5409 2372 5480 γάρ
2401 5411 2497 5463 ὲάν
2527 5411 2720 5482 μικρὸν
2745 5412 3088 5483 διεγερθῆναι
3113 5414 3482 5485 βουληθῶμεν,
3513 5432 3615 5468 κα-

2026 5494 2201 5565 θάπερ
2242 5495 2516 5565 κονιορτὸν
2545 5494 2687 5548 οὕτω
2718 5495 2909 5549 τούτου
2946 5497 3046 5559 τὰς
3088 5498 3381 5562 ἐπιϐουλὰς
3420 5501 3614 5552 ἀποτι-

2023 5577 2317 5646 ναξόμεθαο
2345 5577 2518 5642 οὕτως
2554 5578 2773 5631 ἐπειδάν
2816 5596 2947 5632 ποτε
2996 5581 3502 5652 ὐποσκελισθῶμεν,
3550 5583 3611 5635 οὐ

2025 5660 2178 5732 παρά
2202 5662 2302 5730 τὴν
2331 5661 2540 5715 ἐκείνου
2569 5662 2857 5732 τυραννίδα
2889 5663 3049 5717 τοῦτο
3082 5665 3447 5735 ὑπομένομεν,
3477 5666 3615 5720 ἀλλὰ

2027 5743 2180 5815 παρά
2224 5744 2323 5803 τὴν
2368 5744 2640 5815 ρᾳθυμίαν
2681 5744 2781 5816 τὴν
2834 5746 3133 5820 ἡμετέραν.
3184 5748 3321 5801 Οὐδὲ
3362 5749 3471 5821 γὰρ
3522 5749 3616 5821 βίᾳ

2026 5827 2183 5900 ήμῶν
2225 5829 2567 5899 περιγίνεται
2610 5829 2704 5882 καὶ
2747 5829 2960 5902 ἀνάγκη
2983 5873 2998 5896 ,
3052 5831 3169 5886 ἀλλ’
3205 5832 3391 5905 ἀπάτῃ
3427 5833 3610 5905 μόνον.

2089 5920 2117 5950 ⁸
2141 5918 2368 5981 Quinque
2392 5933 2505 5969 mss.
2532 5920 2695 5977 ἁπλῶς
2718 5924 3077 5986 παρερχώμεθα·
3105 5923 3226 5975 ἀλλὰ
3244 5926 3365 5974 καθ’.
