4038 6358
261 397 371 452 59.5

264 533 319 583 vi
347 545 438 584 sua
467 538 521 583 et
547 528 860 583 necessitate
894 543 990 581 nos
1019 527 1182 582 vincit
1204 568 1218 590 ,
1247 526 1339 581 sed
1371 526 1684 594 deceptione
1714 526 1848 580 sola.

267 622 348 676 Ne
396 621 721 688 decipiantur
764 629 940 673 autem
977 619 1032 673 in
1064 619 1214 673 nobis
1231 629 1344 681 est,
1370 619 1411 670 si
1438 619 1708 686 paululum
1737 633 1855 671 esse

271 711 460 779 vigiles
490 709 816 763 voluerimus
837 749 853 776 ,
898 719 952 763 et
986 709 1381 777 nobismetipsis
1422 707 1803 761 attenderimus
1839 725 1850 758 :

273 822 382 858 non
408 804 544 874 quod
575 820 637 856 ex
667 804 818 857 nobis
848 805 974 856 solis
1001 814 1143 857 tanta
1175 804 1243 857 sit
1285 813 1518 872 potestas
1538 844 1554 866 ,
1601 803 1694 856 sed
1737 803 1856 871 quia

273 909 401 949 tmte
429 911 722 964 supernum
751 896 1000 948 auxilium
1047 895 1198 948 nobis
1226 895 1462 963 aﬂ'ulget.
1509 895 1638 948 Nam
1671 895 1714 947 si
1741 910 1860 963 qua:

272 1004 302 1039 a
331 987 485 1041 nobis
516 997 638 1039 sunt
667 986 972 1052 fecerimus,
1005 997 1294 1053 sequentur
1316 987 1475 1040 etiam
1498 986 1714 1038 omnino
1742 1000 1861 1054 quin

276 1078 487 1130 Domini
517 1085 660 1131 sunt.
699 1076 892 1144 Vigiles
923 1077 1081 1144 igitur
1108 1077 1294 1140 simus,
1327 1077 1570 1134 obsecro.
1603 1085 1656 1128 ct
1682 1076 1860 1128 scicn-

277 1183 360 1223 tes
391 1178 532 1222 artes
559 1169 795 1236 maligni,
830 1175 1085 1238 perpetuo
1126 1182 1407 1219 caveamus
1433 1167 1586 1218 nobis
1613 1207 1624 1225 ,
1656 1175 1708 1218 et
1735 1180 1861 1218 ore-

277 1275 400 1313 mus
424 1260 586 1310 Deum
617 1269 672 1310 ut
699 1274 794 1310 nos
824 1257 1037 1324 adjuvet
1063 1257 1124 1308 ad
1154 1256 1462 1310 certandum
1487 1265 1725 1309 nostrum
1743 1269 1863 1307 cum

279 1349 495 1401 diabolo
525 1358 814 1402 certamen.
863 1348 950 1401 Sic
976 1348 1121 1401 enim
1147 1355 1199 1399 et
1227 1362 1321 1399 nos
1348 1347 1525 1399 invicti
1554 1347 1774 1408 erimus,
1804 1353 1859 1398 et

283 1440 706 1494 machinationes
745 1439 886 1492 illius
925 1438 1276 1507 effugiemus,
1307 1446 1362 1490 et
1400 1437 1630 1489 divinam
1677 1450 1864 1488 consc-

283 1545 512 1596 quemur
533 1530 778 1597 gratiam,
821 1529 1062 1597 bonaque
1091 1537 1289 1582 interna
1315 1527 1671 1595 adipiscentur
1703 1543 1715 1577 :
1746 1540 1866 1594 quae

286 1623 438 1674 nobis
481 1622 727 1674 omnibus
767 1621 1113 1690 contingant,
1147 1620 1312 1688 gratia
1335 1627 1387 1673 et
1415 1619 1742 1687 benignitate
1766 1616 1868 1668 Do.

285 1712 414 1764 mini
458 1711 623 1764 nostri
662 1710 787 1765 Jesu
816 1707 1013 1764 Christi
1040 1753 1054 1776 ,
1097 1724 1216 1764 cum
1257 1724 1364 1779 quo
1395 1709 1535 1762 Patri
1567 1717 1620 1761 et
1647 1705 1865 1775 Spiritui

284 1814 474 1856 sancto
501 1803 570 1854 sit
598 1803 763 1871 gloria
787 1843 799 1865 ,
828 1802 1105 1870 imperium
1132 1842 1146 1865 ,
1177 1810 1230 1854 et
1259 1801 1450 1860 honor.
1484 1815 1623 1854 nunc
1648 1809 1702 1854 et
1725 1813 1867 1853 sem-

285 1911 410 1963 per,
435 1905 490 1950 et
516 1896 566 1949 in
589 1895 781 1949 smcula
813 1894 1154 1948 smculorum.
1182 1896 1370 1948 Amen.

851 2065 1129 2119 llOMlLIA
1168 2063 1304 2120 LXI.

293 2193 397 2250 Hc
431 2209 596 2250 autem
635 2207 752 2250 sunt
791 2197 1136 2268 generationes
1172 2196 1332 2252 Iacob
1361 2213 1380 2253 :
1409 2197 1602 2267 Joseplt
1653 2206 1869 2267 septem-

363 2288 525 2340 decim
560 2305 805 2340 annorum
845 2299 950 2342 erat
991 2305 1198 2358 pascens
1222 2306 1334 2342 cum
1369 2291 1607 2360 fratribus
1651 2289 1758 2342 suis
1790 2304 1873 2358 pe-

362 2395 484 2430 cora
517 2377 666 2447 (Gen.
695 2379 782 2432 57.
813 2376 891 2448 εὶ).

368 2510 418 2562 1.
466 2508 657 2562 Iterum
691 2525 785 2577 pro
826 2511 1208 2565 consuetudine
1249 2526 1367 2565 mea
1397 2510 1463 2564 ad
1499 2525 1734 2563 mensam
1779 2523 1874 2564 vos

287 2600 552 2654 inducere
597 2603 751 2667 volo,
793 2609 846 2656 et
883 2617 1210 2671 prosequens
1235 2617 1294 2656 ea
1321 2617 1438 2671 qum
1481 2601 1686 2669 pridem
1725 2601 1875 2653 vobis

289 2692 472 2756 dicta,
523 2708 587 2744 ex
620 2692 701 2744 his
733 2708 849 2761 qua:
891 2709 1032 2747 nunc
1060 2695 1193 2748 lecta
1232 2704 1352 2747 sunt
1387 2693 1688 2747 convivium
1727 2693 1878 2746 vobis

297 2787 401 2838 hoc
429 2800 724 2854 proponere
754 2771 1047 2854 Spirituale.
1077 2785 1360 2840 Sufficiunt
1389 2787 1530 2839 enim
1562 2801 1678 2854 qua:
1721 2784 1878 2839 hodie

293 2877 430 2928 lecta
455 2886 575 2928 sunt
595 2876 660 2928 ad
687 2876 984 2930 docendum
1013 2893 1111 2932 nos
1135 2893 1320 2932 onmes
1344 2920 1358 2943 ,
1387 2888 1637 2946 quantum
1669 2879 1877 2930 invidia:

295 2966 551 3018 damnum
568 2967 654 3030 sit,
672 2975 726 3019 et
744 2967 1011 3036 quomodo
1029 2967 1237 3020 invidiae
1255 2968 1512 3035 pernicies
1529 2969 1686 3020 etiam
1706 2983 1877 3036 usque

295 3057 363 3107 ad
391 3066 673 3123 cognatum
701 3072 889 3126 magna
925 3057 977 3109 vi
1007 3072 1066 3111 se
1091 3058 1406 3111 extenderit.
1460 3056 1654 3111 Verum
1697 3068 1752 3110 ut
1797 3058 1876 3109 vi-

294 3145 488 3199 deatur
513 3161 578 3200 ex
604 3148 980 3216 consequentia
1024 3163 1202 3202 sermo
1245 3148 1522 3218 progredi,
1557 3164 1734 3217 Operm
1761 3165 1878 3218 pre-

298 3238 430 3288 tium
484 3236 641 3289 fuerit
687 3237 894 3290 initium
935 3238 1176 3292 lectionis
1223 3249 1454 3308 tangere.
1500 3239 1556 3292 2.
1586 3237 1683 3292 Ilte
1714 3250 1882 3292 autent

293 3338 413 3380 sunt
438 3369 454 3392 ,
488 3329 701 3397 inquit,
727 3331 1069 3399 generationes
1103 3329 1280 3382 Jacob.
1337 3329 1469 3383 Vide
1511 3329 1879 3384 admirabilem

300 3417 442 3470 hunc
471 3419 780 3486 prophetam
807 3461 822 3485 ,
851 3420 1119 3487 quomodo
1146 3435 1267 3473 cum
1299 3420 1566 3487 promittat
1609 3421 1761 3473 nobis
1788 3437 1879 3488 ge-

297 3510 596 3575 nealogiam
618 3508 782 3563 Jacob
801 3549 814 3572 ,
843 3511 1018 3563 statim
1047 3511 1112 3563 ad
1147 3509 1420 3564 historiam
1449 3513 1594 3579 pueri
1618 3523 1878 3577 recurrat,

297 3610 355 3652 et
383 3612 662 3669 postquam
715 3602 938 3656 dixisset
961 3645 976 3668 ,
1025 3602 1124 3656 Ila:
1161 3613 1277 3656 sunt
1316 3607 1660 3673 generationes
1697 3603 1878 3668 Jacob,

298 3691 552 3745 derelicta
580 3693 858 3747 confestim
882 3695 1206 3759 narratione,
1236 3696 1682 3764 quinam‘scilicet
1700 3711 1766 3749 ex
1791 3697 1882 3750 illo
1941 3709 1944 3711 '

301 3783 434 3847 nati,
468 3793 520 3836 et
552 3783 742 3836 iterum
775 3785 862 3853 qui
898 3801 961 3838 ex
993 3784 1128 3838 imis
1153 3785 1220 3837 ab
1245 3800 1310 3838 eo
1328 3785 1490 3855 geniti
1519 3786 1677 3855 (sicut
1697 3800 1878 3854 supra,

299 3889 422 3928 cum
453 3875 519 3928 de
560 3877 700 3930 Esau
742 3891 918 3930 sermo
943 3885 1112 3942 esset,
1157 3876 1298 3946 fecit)
1322 3918 1337 3942 ,
1384 3877 1448 3930 ad
1477 3877 1672 3946 .loseph
1704 3880 1881 3932 statim

301 3963 652 4029 festinaverit,
683 3966 1098 4032 adolescentem,
1127 3968 1361 4019 omnium
1393 3966 1614 4020 fratrum
1644 3970 1753 4021 fcie
1782 3983 1881 4036 po-

301 4066 594 4120 strcmum;
644 4072 764 4109 nam
805 4057 974 4110 dicit:
1017 4057 1210 4125 Joseph
1249 4058 1418 4110 decem
1457 4068 1501 4109 et
1546 4067 1732 4127 septem
1775 4068 1884 4110 erat

301 4162 552 4198 annorum
596 4163 806 4215 pascens
847 4163 962 4200 cum
1009 4149 1246 4217 fratribus
1289 4149 1392 4201 suis
1427 4165 1559 4200 oves.
1616 4149 1784 4214 Quam
1813 4148 1883 4202 ob

304 4252 520 4292 :ausam
547 4240 699 4291 nobis
725 4254 986 4292 annorum
1016 4239 1256 4308 designat
1284 4240 1602 4292 numerum?
1653 4239 1722 4292 Ut
1746 4240 1883 4293 scias

300 4329 715 4382 adolescentiam
741 4345 843 4383 non
868 4346 985 4384 esse
1008 4331 1216 4382 virtutis
1245 4329 1680 4398 impedimentum
1709 4346 1721 4381 :
1749 4336 1799 4381 ‘et
1831 4336 1884 4382 ut

305 4421 512 4487 plenius
547 4419 684 4472 scias
711 4420 1063 4475 adolescentis
1089 4437 1210 4489 erga
1253 4431 1452 4488 patrem
1503 4420 1880 4487 obedientiam,

303 4521 357 4561 et
385 4511 435 4561 in
467 4510 655 4562 fratres
686 4512 1106 4564 benevolentiam
1134 4553 1147 4574 ,
1194 4513 1404 4565 illorum
1431 4521 1606 4563 autem
1643 4513 1884 4564 inhuma—

303 4602 523 4652 nitatem
553 4619 565 4652 :
594 4612 648 4654 et
673 4601 937 4668 quomodo
967 4618 1031 4655 ne
1063 4603 1109 4653 id
1141 4602 1356 4671 quidem
1383 4602 1634 4656 cohibere
1660 4618 1752 4655 eos
1784 4618 1883 4666 po-

305 4693 425 4752 tuit,
459 4692 596 4758 quod
629 4691 696 4743 ita
726 4692 774 4744 in
802 4707 894 4745 eos
915 4693 1132 4745 affectus
1158 4701 1338 4756 esset;
1372 4709 1467 4745 ncc
1489 4693 1541 4745 in
1571 4703 1676 4745 tam
1700 4701 1882 4746 tenera

303 4793 482 4842 :ctate,
511 4798 628 4849 qua:
669 4782 897 4836 debebat
924 4798 1018 4837 eos
1044 4783 1106 4836 ad
1139 4784 1658 4837 commiserationem
1689 4801 1882 4852 provo-

303 4887 450 4936 care,
483 4871 774 4925 fraternum
795 4887 1032 4926 amorem
1053 4882 1330 4926 servarunt
1355 4874 1478 4928 :sed
1507 4889 1627 4926 mox
1644 4875 1711 4926 ab
1733 4875 1882 4928 initio

303 4963 546 5016 videntes
568 4972 620 5015 et
649 4963 796 5030 pueri
822 4963 1013 5016 bonam
1042 4963 1290 5028 indolem,
1323 4974 1374 5017 ct
1396 4965 1564 5032 patris
1589 4979 1710 5032 erga
1741 4963 1884 5016 illum

303 5057 748 5117 benevolentiam,
779 5055 830 5108 in
858 5056 1105 5107 invidiam
1135 5065 1314 5108 contra
1345 5072 1464 5111 eum
1497 5058 1708 5111 excitati
1740 5067 1880 5110 sunt.

301 5144 606 5196 Detulerunt
635 5147 801 5211 enim,
848 5145 1054 5214 inquit,
1091 5145 1283 5212 Joseplt
1320 5147 1380 5198 de
1421 5149 1633 5216 pessimo
1671 5147 1886 5200 crimine

300 5237 443 5304 apud
473 5234 635 5289 Israel
657 5248 847 5304 patrem
868 5255 1014 5290 suum
1033 5237 1126 5308 (η).
1140 5237 1265 5290 Vide
1280 5239 1492 5290 malitiae
1511 5239 1881 5292 eminentiam:

308 5331 471 5396 patris
502 5331 776 5383 caritatem
806 5330 1117 5398 perturbare
1155 5330 1483 5383 attentabant
1509 5347 1523 5392 ;
1556 5340 1610 5384 ct
1630 5346 1747 5399 quae
1777 5346 1884 5384 non

305 5429 461 5472 erant
486 5418 689 5487 fingunt
711 5430 894 5472 contra
921 5419 1137 5474 fratrem
1172 5435 1184 5471 :
1219 5418 1271 5472 id
1298 5419 1470 5472 solum
1488 5419 1800 5484 efficientes,
1830 5429 1888 5472 ut

371 5553 549 5618 (a)_sic
570 5561 698 5603 LXX.
725 5561 773 5603 In
798 5556 1000 5618 Hebrmo
1016 5563 1066 5604 et
1087 5554 1194 5604 aliis
1217 5556 1519 5618 versionibus
1535 5554 1716 5618 legitur
1732 5557 1886 5617 ipsum

307 5615 568 5676 Josephum
605 5629 854 5664 accusasse
878 5617 1052 5666 fratres
1088 5630 1202 5665 suos
1224 5617 1346 5678 apud
1385 5625 1569 5678 patrem
1589 5615 1652 5665 de
1678 5615 1886 5677 peSsimo

307 5678 511 5725 Crimine
535 5689 548 5724 :
575 5678 646 5739 sic
664 5679 810 5726 etiam
824 5679 1020 5739 Vulgata
1039 5693 1049 5726 :
1074 5686 1125 5726 et
1147 5679 1224 5726 hic
1241 5677 1318 5727 est
1335 5677 1480 5726 verus
1499 5677 1639 5739 hujus
1663 5679 1750 5726 loci
1771 5691 1885 5726 seu-

307 5748 393 5843 aus
407 5738 680 5844 ἓεῗὲἐηιιωη
703 5737 978 5789 Ηειπδὶαἱιυ
1001 5739 1158 5788 tidem.
1181 5741 1294 5789 Vide
1317 5741 1366 5788 in
1387 5737 1612 5802 Hexaplis
1634 5740 1810 5789 nostris
1826 5739 1885 5788 ad

344 5811 406 5844 un
533 5811 634 5844 um.

344 5810 438 5847 unc
458 5810 634 5847 ιοειιω.

1180 392 1241 446 ΙΝ
1280 393 1430 446 CAP.
1474 390 1738 446 XXXVII.
1779 390 2024 447 GENES.
2059 392 2291 448 IIOMIL.
2336 394 2474 450 LXI.

3442 399 3544 454 526

1968 507 2202 576 ipsorum
2245 509 2444 564 invidia
2485 511 2763 566 manifesta
2792 513 3120 568 redderetur.
3171 514 3235 568 Et
3271 524 3327 568 ut
3373 486 3592 567 discas.

1967 616 2059 652 eos
2088 600 2215 654 nihil
2243 601 2382 655 aliud
2425 601 2780 668 lucrifecisse,
2813 619 2973 674 quam
3002 604 3144 674 quod
3185 604 3330 673 prius
3374 606 3534 657 latenv

1973 700 2076 744 tem
2111 708 2326 760 pravam
2374 703 2607 748 mentem
2652 695 2823 764 palam
2871 695 3124 759 fecerint,
3172 695 3293 748 vide
3345 705 3544 762 patrem

1967 785 2128 837 etiam
2158 795 2273 852 post
2295 800 2477 839 eorum
2498 789 2891 842 accusationem
2909 790 3076 857 magis
3099 787 3384 840 luerentem
3411 788 3538 851 filio,

1967 883 2020 926 et
2043 874 2149 942 jam
2173 868 2424 944 prmferre
2448 894 2566 930 cum
2584 879 2845 931 omnibus.
2864 881 2915 932 5.
2935 877 3094 932 Iacob
3117 889 3282 931 autem
3299 920 3314 942 ,
3334 879 3497 946 inquit
3522 918 3538 940 ,

1968 965 2144 1019 dilexit
2173 966 2363 1034 Ioseph
2393 985 2546 1037 supra
2580 985 2747 1022 omnes
2774 969 2907 1037 filios
2931 986 3048 1022 suos
3069 1011 3084 1035 ,
3129 971 3367 1034 quoniam
3405 970 3542 1037 ﬁlius

1969 1059 2231 1134 senectutis
2256 1068 2363 1112 erat
2393 1060 2457 1111 ei.
2489 1057 2630 1114 Fecit
2658 1071 2824 1112 autent
2849 1061 2893 1113 ei
2914 1063 3131 1114 tunicam
3159 1061 3368 1114 variam.
3410 1061 3546 1128 Quid

1970 1157 2048 1199 est
2075 1189 2087 1209 ,
2133 1147 2320 1201 Dilerit
2352 1149 2544 1218 .loseph
2582 1167 2731 1219 super
2768 1167 2937 1203 omnes
2973 1151 3106 1214 ﬁlios
3131 1168 3280 1211 suos,
3313 1151 3548 1218 quoniam

1971 1238 2108 1305 [ilius
2146 1241 2411 1293 senectutis
2432 1250 2536 1293 erat
2563 1242 2648 1294 ei?
2708 1240 2838 1308 Quia
2880 1251 3197 1310 postremus,
3247 1252 3302 1295 et
3339 1243 3388 1296 in
3438 1243 3548 1307 ipsa

1972 1341 2243 1384 senectute
2293 1342 2448 1384 natus
2495 1342 2574 1385 est
2611 1333 2658 1385 ci
2685 1375 2698 1396 ,
2752 1343 2967 1401 propter
3007 1333 3108 1386 hoc
3139 1334 3305 1402 magis
3345 1333 3548 1386 dilexit.

1973 1423 2102 1476 Nam
2135 1424 2300 1491 magis
2329 1425 2583 1480 amabiles
2619 1425 2865 1478 videntur
2904 1425 2996 1479 filii
3022 1467 3037 1491 ,
3087 1426 3174 1495 qui
3205 1427 3255 1479 in
3283 1437 3552 1480 senectute

1975 1513 2086 1582 ipsa
2111 1525 2451 1584 generantur,
2482 1516 2845 1586 majoremquc
2881 1528 3088 1584 patrum
3129 1518 3551 1572 benevolentiam

1976 1615 2348 1674 assequuntur.
2405 1607 2506 1661 Sed
2537 1617 2591 1660 ut
2615 1608 2879 1672 sciamus,
2921 1623 3024 1661 non
3059 1610 3158 1661 hoc
3186 1608 3358 1661 solum
3391 1607 3551 1662 fuisse

1976 1699 2115 1768 quod
2147 1709 2347 1768 patrem
2381 1700 2453 1752 illi
2482 1701 2830 1767 conciliabat,
2883 1701 2952 1754 ita
2999 1710 3058 1754 ut
3098 1717 3220 1755 eum
3261 1683 3380 1755 aliis
3422 1719 3554 1770 pra--

1977 1790 2176 1854 ferret,
2211 1791 2368 1844 docet
2397 1808 2493 1844 nos
2529 1790 2803 1860 Scriptura
2834 1792 2994 1845 etiam
3035 1801 3154 1861 post
3202 1793 3345 1846 illum
3393 1793 3553 1846 alium

1976 1897 2186 1951 quoque
2211 1890 2388 1934 natum
2413 1897 2532 1936 esse
2559 1880 2721 1935 filium
2750 1899 2762 1936 :
2793 1883 2908 1935 etsi
2936 1881 3226 1939 secundum
3260 1883 3553 1936 naturalem

1978 1986 2216 2025 amorem
2237 1972 2448 2025 dilectio
2480 1971 2665 2025 fuisset
2689 2014 2703 2036 ,
2733 1981 3032 2039 postremus
3062 1971 3246 2025 fuisset
3275 1973 3444 2040 magis
3469 1971 3554 2025 di-

1978 2061 2168 2128 lectus,
2213 2071 2395 2130 utpote
2440 2078 2566 2116 vere
2595 2065 2882 2116 senectutis
2924 2063 3094 2127 filius,
3134 2073 3188 2116 et
3214 2071 3338 2116 tunc
3379 2072 3556 2127 natus,

1978 2155 2190 2224 quando
2228 2155 2294 2208 ad
2338 2165 2661 2223 postremam
2703 2164 3031 2208 senectutem
3078 2156 3320 2224 pervenit
3364 2157 3558 2223 justus.

1979 2246 2113 2312 Quid
2144 2247 2300 2315 igitur
2319 2253 2400 2299 est
2425 2246 2750 2300 dicendum?
2794 2247 3090 2314 Supernam
3119 2247 3401 2315 quamdam
3439 2262 3555 2315 gra-

1983 2340 2105 2392 tiam
2151 2338 2347 2403 fuisse,
2398 2354 2516 2408 qua:
2558 2339 2810 2408 juvenem
2855 2339 3136 2392 amabilem
3189 2338 3475 2403 reddebat,
3507 2349 3561 2390 et

1981 2437 2198 2497 propter
2239 2429 2428 2480 anima:
2462 2429 2707 2483 virtutem
2756 2438 2811 2481 ut
2855 2429 3062 2482 cunctis
3106 2427 3445 2495 przrl'crretur
3486 2428 3560 2478 l'a-

1981 2522 2197 2575 ciebat:
2229 2521 2366 2573 hanc
2411 2530 2590 2574 autem
2637 2519 2687 2574 in
2732 2520 3002 2590 Scriptura
3049 2521 3271 2590 pr0poui
3321 2535 3558 2582 causam,

1981 2612 2120 2681 quod
2159 2611 2294 2664 filius
2324 2611 2609 2664 senectutis
2651 2609 2846 2675 fuerit,
2891 2620 2945 2665 et
2975 2610 3094 2665 ideo
3125 2612 3290 2680 magis
3328 2627 3447 2665 cum
3476 2612 3561 2664 di-

1983 2705 2192 2767 lexerit,
2229 2712 2285 2756 ut
2315 2719 2416 2756 non
2447 2702 2724 2757 manifeste
2745 2713 2962 2772 augeret
2990 2702 3168 2755 odium
3200 2701 3419 2755 fratrum
3465 2701 3558 2771 (α).

2054 2795 2258 2848 Invidia
2283 2804 2526 2866 quantum
2560 2794 2770 2846 malum.
2814 2793 2939 2846 Cain
2963 2794 3154 2861 primus
3184 2809 3244 2846 ea:
3267 2793 3436 2845 invido
3467 2793 3560 2844 Ito-

1983 2889 2185 2942 micida.
2229 2917 2299 2927 ——
2343 2886 2530 2942 Gravis
2555 2888 2696 2941 enim
2726 2886 2838 2940 lucc
2872 2888 3031 2939 animi
3077 2886 3336 2957 :rgritudo
3365 2894 3480 2950 est,
3510 2897 3562 2938 et

1983 2979 2195 3050 quando
2221 2979 2451 3032 animam
2490 2977 2742 3031 invaserit
2766 3016 2780 3037 ,
2821 2992 2925 3030 non
2959 2977 3102 3044 prius
3129 2991 3244 3029 eam
3287 2977 3560 3044 relinquit,

1985 3073 2154 3125 donec
2184 3071 2233 3125 in
2263 3079 2555 3125 extremam
2601 3067 2978 3122 absurditatem
3023 3083 3139 3120 eam
3183 3066 3480 3132 induxerit,
3509 3077 3562 3120 et

1987 3164 2186 3216 l:t-tlens
2231 3162 2460 3214 animam
2501 3175 2529 3212 a
2561 3175 2662 3228 qua
2695 3167 2815 3210 nata
2843 3167 2956 3222 est,
3000 3158 3217 3210 omnino
3260 3159 3416 3211 aliter
3441 3173 3562 3212 eum

1984 3256 2066 3308 cui
2099 3253 2295 3306 invidet
2324 3251 2502 3316 afficit,
2533 3266 2693 3320 quam
2719 3250 2834 3304 vult
2868 3269 2881 3304 :
2916 3265 3105 3320 nempe
3126 3251 3405 3304 clariorem
3427 3292 3442 3318 ,
3473 3267 3564 3302 ltu-

1985 3345 2248 3408 biliorem,
2278 3342 2618 3397 illustriorem
2643 3341 2786 3394 illum
2817 3339 3025 3403 reddit;
3068 3341 3211 3394 unde
3243 3341 3431 3394 iterum
3462 3341 3560 3394 alia

1985 3435 2197 3506 gravior
2222 3434 2404 3488 invido
2435 3433 2586 3503 plaga
2627 3433 2878 3486 nascitur.
2928 3433 3023 3485 llic
3065 3431 3376 3486 consideres
3406 3432 3564 3502 igitur

1987 3525 2354 3580 admirandum
2399 3525 2545 3578 illum
2583 3523 2834 3593 juvenem
2879 3538 3057 3577 rerum
3102 3539 3219 3592 qua:
3269 3525 3564 3592 agebantur

1986 3618 2226 3687 ignarum
2246 3655 2262 3681 ,
2292 3613 2670 3684 reprmsentari
2701 3628 2818 3667 cum
2845 3613 2946 3666 illis
2977 3623 3033 3666 ut
3057 3628 3178 3666 cum
3210 3613 3478 3677 fratribus,
3512 3623 3564 3668 et

1984 3709 2134 3779 quasi
2161 3708 2346 3763 eodem
2371 3715 2520 3761 utero
2552 3708 2708 3773 natis,
2732 3705 2908 3760 omnia
2931 3721 3050 3759 cum
3075 3706 3260 3760 fiducia
3287 3717 3340 3761 et
3363 3709 3565 3776 simpli-

1986 3802 2144 3856 citate
2188 3800 2528 3870 loquentem,
2563 3798 2681 3852 illos
2723 3808 2900 3852 autem
2949 3797 3158 3850 invidia:
3200 3801 3338 3853 malo
3377 3811 3564 3867 captos

1986 3895 2108 3950 odio
2151 3909 2271 3948 eum
2317 3900 2710 3962 persequentes.
2761 3892 2814 3945 4.
2865 3889 3098 3944 Videntes
3145 3891 3326 3952 enim,
3372 3892 3559 3961 inquit,

1986 3985 2207 4055 fratres,
2250 3985 2383 4055 quod
2405 3993 2545 4053 pater
2588 3997 2693 4052 pra:
2729 3982 2956 4035 omnibus
2992 3983 3113 4049 ﬁliis
3154 3983 3391 4052 diligebat
3428 4001 3560 4044 eum,

1986 4078 2194 4132 oderant
2214 4093 2348 4141 eum,
2372 4084 2416 4128 et
2443 4091 2544 4128 non
2566 4082 2797 4144 poterant
2824 4073 2960 4141 loqui
2984 4074 3030 4124 ei
3045 4073 3315 4142 quidquam
3334 4073 3560 4142 paciﬁce.

1990 4167 2122 4221 Vide
2148 4165 2414 4236 quomodo
2439 4163 2562 4216 odio
2602 4172 2992 4231 prosequuntur
3031 4177 3152 4214 eum
3191 4162 3278 4229 qui
3325 4161 3374 4214 in
3415 4162 3563 4215 nullo

1988 4258 2303 4313 offenderat.
2327 4255 2392 4309 Et
2413 4254 2565 4318 nihil,
2600 4255 2786 4322 inquit,
2827 4261 3053 4322 poterant
3081 4253 3216 4319 loqui
3249 4253 3294 4304 ei
3325 4253 3554 4322 paci/ise.

1987 4352 2123 4418 Quid
2162 4360 2276 4416 est,
2325 4347 2474 4401 Nihil
2513 4354 2742 4417 poterant
2785 4345 2920 4414 loqui
2961 4344 3004 4396 ei
3039 4343 3292 4411 paci/ioc?
3320 4343 3450 4410 Quia
3481 4345 3558 4394 af-

1988 4446 2154 4500 fectus
2180 4441 2549 4498 dominabatur
2573 4440 2650 4493 eis
2677 4445 2732 4490 et
2768 4436 3003 4506 quotidie
3029 4436 3320 4504 augebatur
3359 4436 3560 4498 odium,

1987 4552 2083 4591 ceu
2113 4535 2251 4602 capti
2279 4529 2559 4602 tyrannide
2589 4528 2746 4596 hujus
2775 4527 2933 4593 mali,
2962 4527 3015 4580 in
3042 4527 3163 4580 dolo
3191 4527 3560 4596 loquebantur,

1989 4635 2042 4681 et
2068 4625 2198 4679 nihil
2223 4623 2271 4678 ei
2312 4621 2528 4690 paciftce
2572 4620 2712 4689 loqui
2746 4627 3008 4688 poterant.
3068 4617 3198 4671 Vide
3227 4628 3402 4672 autem
3428 4634 3563 4688 quo-

1989 4719 2149 4774 modo
2177 4732 2389 4772 causam
2421 4715 2527 4769 odii
2559 4713 2912 4783 significavit,
2959 4712 3098 4780 quod
3139 4729 3329 4781 nempe
3367 4715 3434 4767 ah
3480 4714 3562 4766 in-

1989 4811 2126 4864 vidia
2153 4807 2428 4863 exordium
2474 4805 2734 4860 habuerit.
2794 4801 2861 4858 Ut
2899 4804 3128 4856 viderunt
3163 4805 3303 4856 enim
3330 4845 3343 4868 ,
3375 4804 3560 4871 inquit,

1990 4905 2200 4973 fratres,
2246 4898 2382 4970 quod
2420 4907 2561 4966 pater
2597 4911 2711 4949 eum
2741 4911 2846 4963 prta
2871 4895 3097 4948 omnibus
3143 4891 3269 4963 fil-ﬁs
3297 4895 3400 4946 suis
3448 4895 3566 4947 dili-

1989 5001 2146 5064 geret.
2200 4991 2367 5044 Amor
2397 4987 2562 5058 patris
2607 4985 2859 5040 invidiam
2899 4985 2944 5039 ei
2983 4985 3221 5054 peperit,
3267 4984 3359 5037 sed
3401 4985 3564 5053 patris

2052 5125 2132 5188 (α)
2157 5131 2336 5171 Sensus
2372 5119 2696 5188 _Chrysostomi
2720 5125 2842 5188 “est,
2889 5116 3148 5188 Josephum
3193 5129 3222 5164 a
3263 5115 3438 5188 .tacobo
3488 5129 3567 5188 pas

1989 5179 2070 5239 tre
2092 5179 2198 5248 plus
2220 5184 2411 5232 caeteris
2432 5179 2699 5248 adamatum
2719 5180 2884 5248 fuisse,
2909 5179 2971 5227 ob
3010 5190 3268 5248 supernam
3291 5179 3492 5248 gratiam
3517 5185 3568 5225 et

1988 5238 2160 5298 animm
2184 5248 2412 5294 virtutem
2436 5258 2447 5292 :
2475 5243 2562 5291 sed
2587 5255 2651 5290 ne
2676 5241 2767 5290 hoc
2809 5242 2962 5302 ipsum
2999 5241 3227 5302 majorem
3255 5245 3447 5298 pareret
3473 5238 3566 5302 fl‘a-_-

1989 5320 2117 5359 trum
2141 5307 2382 5363 invidiam,
2407 5303 2546 5352 aliam
2569 5304 2804 5364 adiectam
2828 5300 2977 5349 fuisse
3001 5300 3176 5348 amoris
3199 5313 3413 5364 causam,
3437 5300 3562 5364 quod

1989 5369 2220 5419 videlicet
2239 5368 2288 5414 iu
2322 5361 2578 5414 senectute
2601 5361 2686 5411 sua
2709 5363 2962 5425 genuisset
2999 5371 3136 5425 eum;
3179 5361 3314 5422 quasi
3329 5361 3568 5425 videlicet

1989 5433 2094 5480 haec
2113 5442 2256 5478 causa
2280 5429 2436 5475 minus
2478 5427 2535 5474 ad
2560 5421 2784 5490 ciendum
2830 5421 3032 5470 livorem
3077 5421 3247 5490 idonea
3295 5422 3564 5470 videretur.

1990 5493 2082 5541 Sed
2104 5490 2219 5539 illud
2244 5491 2419 5550 ipsum,
2443 5487 2569 5550 quod
2592 5485 2643 5535 in
2664 5490 2898 5550 senectute
2920 5497 3008 5532 sua
3028 5485 3445 5550 genuisset__eunt,_
3472 5495 3565 5528 nou

1989 5559 2127 5602 vacat
2149 5541 2426 5599 difﬁcultate
2452 5541 2466 5597 ἔ
2490 5561 2597 5596 nam
2643 5547 2816 5595 eodem
2851 5541 3137 5603 t‘ertitc,'aut
3172 5542 3354 5592 tantillo
3402 5541 3566 5602 elapso

1989 5622 2213 5675 tempore
2230 5613 2294 5675 ali
2313 5618 2419 5659 ortu
2446 5618 2794 5675 postremorum
2839 5607 2997 5675 Jacobi
3036 5605 3236 5675 filiorum
3259 5617 3379 5675 quos
3403 5616 3462 5675 ert
3492 5605 3565 5650 I.ia

1992 5683 2046 5725 et
2068 5664 2130 5723 e'x
2155 5669 2324 5721 ancilla
2365 5664 2596 5731 suscepit,
2621 5676 2761 5717 natus
2801 5674 2877 5714 est
2913 5667 3123 5731 Joseph;
3162 5664 3300 5731 itaut
3323 5677 3415 5731 non
3441 5664 3566 5711 hunc

1988 5733 2268 5800 specialiter
2294 5735 2342 5800 in
2363 5725 2621 5800 senectute
2643 5742 2730 5800 sua
2765 5725 3055 5800 suscepisse
3072 5727 3303 5777 dicendus
3326 5725 3561 5775 videatur.

1997 5789 2172 5850 verum
2189 5796 2294 5845 haec
2317 5793 2508 5856 longius
2529 5800 2661 5842 esset
2676 5789 2894 5853 pluribus
2914 5789 3173 5839 excutere.
