4038 6358
410 406 514 462 δελ-1

414 519 843 577 benevolentiam
871 514 1041 568 virtus
1068 510 1160 563 filii
1191 507 1291 561 sibi
1321 503 1642 561 conciliavit.
1671 500 1805 554 Cum
1839 499 1998 568 igitur

415 622 688 682 oporteret
710 612 827 663 illos
854 604 1044 660 imitari
1071 602 1305 662 fratrem,
1331 606 1384 652 et
1404 595 1640 650 annulari
1664 607 1839 645 mores
1864 592 2001 658 ejus,

417 680 476 758 ut
501 704 578 757 sic
608 712 660 755 et
686 700 786 769 ipsi
815 708 1015 767 patrem
1039 693 1139 748 sibi
1161 690 1530 747 conciliarent,
1565 701 1630 738 ne
1662 683 1763 736 hoc
1788 680 2005 750 quidem

422 794 524 848 illis
568 794 621 846 iu
666 799 899 843 mentem
938 786 1111 848 venit,
1156 782 1252 838 sed
1294 778 1563 835 connuuni
1608 776 1733 828 odio
1783 774 1945 826 lilium
1978 786 2006 823 a

427 894 577 955 patre
602 883 854 936 dilectum
880 875 1357 946 prosequebantur.
1393 871 1456 924 Et
1487 868 1561 922 illi
1589 867 1826 936 quidem,
1857 863 2006 932 quasi

430 952 612 1029 hostes
644 971 787 1036 facti,
813 971 956 1023 intus
987 969 1240 1022 latentem
1266 962 1522 1016 malitiam
1554 958 1847 1027 parientes,
1880 952 2011 1006 nihil

433 1064 652 1135 paciﬁca
696 1063 744 1116 ei
771 1103 785 1127 ,
832 1060 927 1113 sed
970 1075 1089 1111 cum
1121 1055 1247 1109 dolo
1292 1053 1644 1121 loquebantur
1674 1066 1687 1100 :
1718 1048 1803 1099 ille
1833 1053 2012 1097 autem

434 1155 759 1211 admirabilis
783 1152 1073 1206 fraternam
1101 1145 1521 1202 benevolentiam
1540 1157 1659 1194 cum
1678 1141 1754 1192 eis
1776 1140 2014 1200 servans,

438 1247 675 1315 nihilque
723 1243 1000 1311 suspicans
1024 1280 1038 1305 ,
1079 1247 1136 1291 ut
1165 1235 1413 1291 fratribus
1442 1233 1578 1287 bene
1609 1229 1810 1291 fidens,
1839 1226 2018 1281 omnia

437 1352 556 1407 qua:
585 1338 634 1389 in
662 1349 719 1388 se
740 1344 889 1387 erant
920 1330 1163 1384 faciebat.

507 1424 564 1477 2.
599 1424 691 1477 Ilie
717 1422 943 1476 morbus
998 1418 1065 1472 ab
1092 1416 1239 1471 initio
1265 1422 1320 1469 et
1340 1413 1468 1467 Cain
1497 1454 1511 1477 ,
1536 1422 1590 1466 ut
1620 1410 1835 1464 fratrem
1875 1408 2019 1460 occi—

443 1516 623 1579 deret,
654 1514 897 1568 armavit.
931 1510 995 1564 Et
1039 1510 1177 1565 sicut
1219 1507 1302 1561 isti
1349 1515 1564 1575 propter
1606 1501 2023 1557 benevolentiam

445 1606 637 1675 patris,
668 1618 825 1672 quam
853 1616 977 1671 erga
1007 1599 1169 1653 filium
1217 1596 1551 1659 declarabat,
1578 1593 1700 1645 odio
1730 1593 1875 1645 illum
1906 1606 2028 1659 pro-

446 1695 833 1765 sequebantur,
863 1702 917 1745 et
946 1692 1252 1758 impugnare
1299 1687 1672 1746 moliebantur,
1703 1692 1756 1737 et
1793 1681 2028 1751 quotidie

447 1786 612 1856 ipsius
639 1784 841 1839 cmdem
868 1780 1228 1850 parturiebant
1256 1796 1271 1833 :
1298 1778 1484 1833 eodem
1508 1792 1635 1829 sane
1662 1776 1819 1827 modo
1842 1785 1894 1825 et
1917 1774 2022 1834 ille,

449 1889 504 1931 ut
532 1877 662 1931 vidit
709 1876 883 1930 fratris
930 1875 1066 1927 dona
1121 1875 1230 1926 Deo
1273 1870 1437 1940 magis
1467 1880 1681 1936 accepta
1729 1868 1928 1929 fuisse,
1965 1864 2029 1917 ad

447 1986 569 2024 eum
596 1968 942 2022 occidendum
973 1974 1287 2034 provocatus
1322 1973 1404 2016 est
1428 2002 1442 2022 ,
1470 1970 1523 2015 et
1545 1960 1709 2027 inquit
1732 2000 1744 2019 ,
1781 1956 2032 2027 Egrerlia-

452 2076 568 2112 mur
595 2060 645 2111 in
662 2074 897 2125 cmupum
934 2054 1085 2122 (Gen.
1116 2056 1168 2108 4.
1203 2054 1282 2123 8).
1320 2052 1477 2107 Vides
1520 2050 1659 2104 hunc
1708 2051 1864 2101 etiam
1907 2047 2035 2100 nihil

453 2149 777 2217 su5picatutu
805 2188 818 2207 ,
866 2146 1153 2201 conlidisse
1193 2144 1375 2207 fratri,
1410 2152 1463 2196 et
1498 2142 1695 2197 cxiisse
1737 2155 1800 2193 ac
1845 2147 2037 2206 pra-ter

456 2241 616 2293 animi
647 2240 966 2292 sententiam
1019 2239 1067 2290 in
1122 2236 1379 2289 nefariam
1434 2234 1575 2286 illam
1618 2232 1856 2284 dextram
1905 2230 2036 2283 inci-

457 2332 637 2385 disse?
686 2332 773 2386 Sic
815 2346 941 2384 sane
984 2341 1037 2382 et
1079 2326 1405 2381 admirabilis
1431 2325 1625 2393 Joseph
1657 2324 2038 2376 neseiensma-

461 2439 567 2476 ium
601 2423 819 2475 fratrum
847 2437 1062 2475 suorum
1091 2433 1407 2473 consensum
1436 2458 1451 2482 ,
1487 2427 1749 2483 tamquam
1782 2431 1901 2465 enni
1930 2410 2040 2464 fra-

464 2514 631 2566 tribus
659 2528 779 2565 cum
811 2513 887 2565 eis
916 2510 1244 2580 loquebatur,
1268 2517 1322 2561 et
1352 2507 1609 2561 insomnia
1654 2505 1761 2571 ipsa
1801 2520 1917 2571 qua:
1942 2500 2042 2554 sibi

468 2606 603 2655 lletts
652 2603 979 2655 revelwerat
1004 2643 1017 2664 ,
1046 2596 1433 2669 prmsignando‘
1455 2596 1675 2665 gloriam
1713 2593 1809 2646 sibi
1839 2592 2041 2645 obven-

466 2706 635 2747 turam
663 2708 713 2747 et
737 2693 957 2746 fratrum
986 2694 1392 2758 subjectionem,
1423 2689 1473 2740 in
1513 2686 1741 2740 medium
1776 2700 2042 2754 propone-

468 2787 575 2839 bat.
604 2787 658 2839 5.
682 2783 807 2838 Cum
832 2784 972 2837 enim
994 2783 1308 2843 somniasset,
1330 2779 1598 2838 somnium,
1630 2776 1813 2846 inquit,
1842 2793 2037 2827 annun-

466 2876 605 2928 tiavit
630 2875 868 2946 fratribus
893 2875 1016 2937 suis,
1042 2871 1093 2925 6.
1119 2881 1163 2924 et
1183 2871 1310 2923 dixit
1330 2870 1401 2922 eis
1435 2884 1453 2922 :
1478 2868 1658 2920 Audite
1684 2867 1933 2919 somnium
1955 2867 2047 2916 lioc

466 2983 650 3019 meum.
675 2966 726 3017 7.
751 2964 999 3017 Putabam
1016 2980 1104 3015 nos
1130 2962 1416 3030 manipulos
1441 2961 1599 3029 ligare
1628 2958 1678 3010 in
1714 2958 1877 3010 medio
1905 2972 2045 3025 agro,

468 3067 515 3110 et
528 3056 743 3110 surrexit
769 3055 1057 3122 manipulus
1082 3070 1250 3117 meus,
1279 3063 1323 3104 et
1346 3061 1538 3104 erectus
1564 3060 1634 3103 est
1665 3065 1682 3103 :
1711 3048 2048 3101 circumstan-

471 3160 543 3201 tes
563 3157 729 3200 autent
748 3146 992 3214 manipuli
1014 3144 1158 3197 vestri
1174 3144 1509 3196 aduraverunt
1531 3142 1844 3209 manipulum
1869 3154 2050 3192 meum.

478 3239 527 3292 3.
580 3236 830 3291 Dixerunt
860 3246 1025 3289 autent
1067 3235 1111 3287 ei
1138 3237 1318 3304 fratres
1350 3248 1367 3285 :
1400 3231 1448 3284 Ν
1456 3249 1539 3283 um
1564 3247 1781 3300 regnans
1820 3228 2051 3297 regnabis

475 3345 624 3399 super
652 3344 762 3393 nos,
795 3338 881 3380 aut
907 3327 1171 3380 dominans
1200 3322 1534 3379 dominaberis
1580 3324 1736 3375 nostri
1758 3322 1783 3375 ?
1808 3321 1871 3373 Et
1896 3337 2057 3389 αρε)οο

474 3430 678 3474 suerunt
723 3420 889 3472 adhuc
930 3436 1042 3471 eum
1084 3419 1201 3472 odio
1256 3416 1484 3486 prosequi
1535 3424 1738 3483 propter
1776 3412 1969 3465 sonmia
2010 3421 2056 3463 et

485 3517 631 3567 verba
665 3531 776 3567 sua.
806 3514 1088 3582 l'ropterea
1120 3510 1265 3579 prius
1290 3523 1500 3579 quoque
1530 3508 1706 3560 docuit
1730 3506 1847 3559 illos
1877 3505 2055 3557 odium

476 3622 601 3676 erga
629 3622 747 3659 eum
788 3615 941 3658 antea
969 3604 1273 3657 exhibuisse
1294 3643 1308 3667 ,
1339 3608 1396 3653 ut
1435 3614 1501 3653 ne
1533 3606 1774 3667 putemus
1803 3612 1894 3650 eos
1936 3595 2059 3647 hinc

477 3698 767 3764 sumpsisse
807 3695 913 3748 odii
965 3695 1042 3747 sui
1094 3703 1275 3747 contra
1305 3705 1426 3745 eum
1474 3690 1770 3743 exordium.
1800 3688 2056 3758 Apposueo

478 3798 594 3842 runt
628 3789 767 3842 enim
805 3788 970 3840 adhuc
1005 3803 1117 3839 eum
1159 3785 1275 3838 odio
1316 3784 1547 3855 prosequi
1576 3798 1594 3835 .'
1619 3781 1720 3835 hoc
1746 3790 1861 3847 est,
1894 3780 2059 3833 multo

480 3880 647 3948 magis
674 3880 941 3948 augebant
978 3877 1156 3933 odimn
1190 3886 1242 3930 et
1267 3874 1570 3929 inimicitias
1594 3884 1776 3927 contra
1823 3889 1963 3926 eum.
1999 3874 2061 3925 lit

480 3972 600 4024 vide
653 3970 839 4023 miram
870 3970 1076 4021 illorum
1123 3967 1457 4039 emeitateur:
1484 3965 1581 4034 ipsi
1621 3966 1763 4018 enim
1795 3965 2058 4016 somniqu

480 4070 771 4131 exponunt.
800 4060 911 4114 Non
932 4061 1071 4113 enim
1099 4067 1181 4112 est
1208 4056 1514 4121 dicendum,
1548 4069 1640 4109 eos
1669 4064 1882 4123 propter
1910 4052 2064 4122 igno-

486 4152 707 4204 rantiam
738 4166 920 4203 eorum
949 4191 963 4214 ,
992 4165 1109 4217 quae
1141 4148 1312 4203 futura
1338 4157 1523 4212 erant,
1548 4146 1798 4199 invidiam
1833 4144 2061 4213 gessisse

483 4249 669 4294 centra
712 4256 856 4303 eum;
885 4240 977 4293 sed
1025 4247 1083 4293 ut
1140 4238 1309 4292 futura
1353 4253 1415 4293 ex
1463 4237 1683 4290 somniis
1721 4235 2058 4298 didicerunt,

483 4340 694 4383 auctum
744 4340 824 4384 est
872 4332 1048 4382 mlitnn
1081 4345 1284 4384 eorum.
1328 4330 1372 4383 υ
1413 4327 1677 4396 ingentem
1731 4326 2058 4379 amentiam!

482 4423 771 4490 Oportebat
815 4423 914 4476 hoc
950 4423 1182 4476 scientes
1214 4421 1465 4489 majorem
1507 4432 1626 4485 erga
1655 4417 1802 4470 illum
1834 4417 2064 4470 benevo-

488 4516 701 4569 lentiam
727 4515 997 4569 declarare
1018 4557 1030 4577 ,
1060 4529 1092 4569 e
1120 4514 1296 4568 medio
1324 4513 1509 4566 tollere
1532 4510 1637 4563 odii
1664 4524 1876 4563 causam
1903 4521 2063 4577 atque

485 4606 719 4677 effugere
748 4606 1048 4660 invidentia:
1075 4605 1316 4659 affectum
1346 4624 1359 4659 :
1389 4604 1718 4658 obtenebrati
1765 4610 1942 4655 mente
1962 4640 1978 4665 ,
2010 4610 2063 4653 et

487 4715 591 4751 non
637 4698 879 4751 videntes
923 4713 979 4750 se
1036 4708 1219 4749 contra
1262 4696 1576 4764 semetipsos
1620 4693 1795 4746 omnia
1852 4691 2061 4755 facere,

486 4791 652 4844 multo
678 4790 879 4857 majore
918 4788 1041 4842 odio
1070 4790 1122 4841 in
1149 4803 1268 4841 eum
1312 4796 1643 4839 exarserunt.
1667 4786 1841 4849 Quare
1861 4824 1873 4846 ,
1902 4797 1934 4834 ο
1961 4780 2061 4834 tui-

486 4882 589 4936 seri
630 4890 681 4935 et
722 4878 1016 4934 calamitosi
1044 4919 1060 4944 ,
1094 4887 1289 4931 tantam
1318 4875 1624 4931 declarastis
1646 4874 1893 4927 invidiam
1917 4914 1930 4937 ,
1957 4887 2060 4925 non

482 4974 776 5042 cogitantes
796 4978 851 5025 et
878 4970 1171 5025 fraternum
1203 4969 1504 5034 vinculum,
1535 4978 1589 5021 et
1613 4967 1938 5021 somniorum
1971 4980 2057 5018 re-

487 5066 800 5117 velationem
841 5060 1175 5115 manifestam
1212 5060 1305 5113 Dei
1334 5074 1457 5128 erga
1490 5059 1636 5112 illum
1660 5056 1935 5111 declarare
1966 5054 2049 5107 be-

482 5153 870 5207 nevolentiam?
894 5152 1067 5206 Nolite
1089 5152 1229 5205 enim
1256 5151 1567 5203 existimare
1593 5162 1710 5217 qua:
1739 5162 1768 5200 a
1798 5146 1908 5201 Deo
1928 5160 2066 5215 prte-

486 5249 689 5316 signata
720 5257 860 5308 sunt,
899 5261 1052 5314 posse
1077 5242 1334 5298 subverti.
1365 5241 1495 5295 Nam
1524 5242 1658 5294 sicut
1683 5238 1947 5293 somnium
1975 5239 2061 5291 di-

482 5336 777 5405 judicastis,
810 5337 879 5388 ita
902 5334 1001 5388 erit
1032 5352 1133 5385 non
1162 5342 1281 5403 post
1303 5334 1525 5385 multum
1555 5332 1824 5397 temporis,
1854 5331 2060 5383 etiamsi

487 5426 764 5481 innumera
818 5426 1122 5494 excogitare
1159 5424 1454 5477 volueritis.
1489 5423 1669 5476 Solers
1695 5422 1835 5474 enim
1879 5430 1932 5473 et
1972 5434 2062 5472 sa-

487 5516 640 5585 piens
662 5530 782 5570 cum
812 5518 881 5571 sit
905 5517 1141 5571 omnium
1191 5513 1441 5568 Dominus
1462 5553 1477 5577 ,
1512 5521 1567 5564 ut
1600 5525 1708 5563 sua:
1732 5510 1938 5563 virtutis
1972 5509 2063 5562 de-

487 5606 657 5660 claret
701 5609 1034 5676 potentiam.
1072 5620 1215 5675 smpe
1261 5604 1424 5657 multa
1488 5602 1746 5672 permittit
1794 5600 2059 5669 interponi

490 5698 867 5761 impedimenta
892 5741 905 5763 ,
939 5710 994 5752 ut
1018 5698 1083 5753 iis
1111 5712 1230 5766 qua
1264 5696 1361 5749 sibi
1390 5695 1589 5763 pridem
1618 5695 1725 5747 visa
1758 5701 1911 5746 erant
1934 5707 2057 5757 per-

489 5789 639 5844 fectis
666 5830 679 5855 ,
708 5804 967 5846 summam
995 5789 1205 5845 virtutis
1250 5804 1360 5844 sua:
1412 5788 1644 5843 declaret
1690 5786 2056 5842 eminentiam.

1088 393 1148 449 S.
1186 389 1462 449 JOANNIS
1489 381 1966 445 CIIRYSOSTOMI
2006 378 2321 438 ARCHIEP.
2362 369 2894 434 CONSTANTINOP.

2112 494 2306 547 Verum
2339 492 2407 544 ita
2436 507 2494 545 se
2521 488 2678 543 habet
2698 484 2892 541 invidia
2917 524 2932 550 ,
2968 479 3098 535 nihil
3126 491 3311 533 eorum
3333 474 3563 545 cogitare
3595 488 3721 541 po-

2113 598 2235 649 test,
2268 588 2359 640 sed
2390 588 2628 649 omnino,
2659 592 2715 636 ut
2736 583 2806 635 ita
2834 578 3031 641 dicam,
3059 573 3147 628 ubi
3180 569 3389 626 invidus
3417 577 3600 637 captus
3626 566 3723 618 ab

3589 355 3716 414 5?.8

2220 632 2235 656 ν

2116 684 2217 736 hoc
2261 680 2445 734 morbo
2477 676 2663 738 fuerit,
2695 682 2878 727 contra
2923 684 3074 725 suam
3118 666 3285 734 ipsius
3325 663 3544 716 salutem
3575 657 3726 711 facit

2117 775 2313 827 omnia.
2345 774 2405 825 lit
2431 771 2501 823 illi
2534 768 2744 836 quidem
2777 763 3082 819 narratione
3112 754 3499 812 smnniiodium
3532 765 3716 803 auxe-

2120 875 2287 927 runt;
2351 860 2678 916 admirabilis
2723 867 2897 910 autem
2946 850 3143 921 Joseph
3192 848 3282 902 ubi
3324 857 3379 901 ct
3430 844 3569 897 aliud
3618 858 3733 894 sn-

2120 958 2321 1011 mnium
2352 954 2499 1011 vidit,
2532 966 2635 1004 non
2669 949 2793 1018 ipsis
2823 946 3018 1007 solum,
3053 941 3146 995 sed
3177 950 3230 993 et
3255 937 3393 1008 patri
3419 944 3624 988 narrat.
3656 931 3729 983 9.

2126 1050 2283 1116 Quasi
2312 1048 2387 1100 sol
2415 1055 2459 1099 et
2490 1045 2610 1096 luna
2653 1052 2696 1093 et
2735 1039 2963 1091 undecim
2991 1033 3148 1087 stellae
3170 1029 3445 1084 adorabunt
3485 1042 3589 1077 me.
3628 1023 3724 1076 10.

2125 1144 2191 1197 Et
2238 1139 2509 1208 increpavit
2553 1152 2664 1188 eum
2716 1142 2856 1202 pater
2883 1145 3035 1191 suus,
3069 1135 3114 1179 et
3145 1124 3270 1177 dixit
3316 1123 3361 1173 ei
3392 1137 3409 1171 .'
3442 1117 3597 1183 Quod
3651 1124 3734 1166 est

2125 1233 2374 1286 somnium
2403 1230 2512 1290 hor,
2541 1225 2673 1295 quod
2699 1219 3004 1275 somniasti?
3040 1213 3301 1280 Numquid
3334 1222 3502 1265 euntes
3525 1208 3739 1260 ibimus

2128 1344 2216 1397 ego
2242 1336 2286 1377 et
2337 1333 2493 1376 mater
2520 1331 2605 1371 tua
2624 1360 2637 1379 ,
2667 1328 2710 1369 et
2739 1320 2918 1385 fratres
2963 1311 3032 1363 tui
3055 1353 3067 1374 ,
3104 1319 3156 1362 ut
3185 1308 3448 1361 adoremus
3473 1312 3517 1354 te
3565 1313 3741 1365 suprr

2069 1441 2084 1459 σ
2129 1417 2348 1473 terram?
2380 1418 2463 1470 ll.
2498 1412 2753 1467 Afmulati
2779 1418 2944 1461 autem
2969 1413 3082 1459 sunt
3111 1418 3219 1455 eum
3239 1397 3430 1466 fratres
3444 1396 3539 1459 sui,
3581 1401 3743 1461 pater

2130 1528 2243 1563 vero
2278 1506 2550 1561 observavit
2578 1504 2799 1555 verbum.
2825 1499 3012 1552 Sciens
3041 1504 3191 1563 pater
3232 1488 3373 1558 quod
3406 1487 3603 1540 fratres
3648 1483 3743 1536 in-

2136 1604 2380 1656 viderent
2420 1599 2504 1662 ei,
2534 1605 2756 1665 prepter
2788 1594 2889 1644 hoc
2935 1584 3223 1654 increpavit
3244 1594 3465 1651 puerum
3487 1617 3501 1641 ,
3534 1587 3597 1629 et
3630 1589 3742 1627 ex-

2135 1697 2308 1768 posuit
2337 1694 2496 1748 etiam
2525 1691 2637 1759 ipse
2667 1687 2963 1745 somnium,
2992 1695 3054 1733 ac
3083 1677 3391 1742 conjectans
3424 1687 3449 1723 a
3490 1670 3610 1722 Deo
3639 1681 3745 1718 re-

2139 1787 2454 1842 velationem
2506 1784 2552 1834 ei
2597 1779 2826 1839 factam,
2873 1768 3195 1826 observabat
3234 1764 3471 1817 verbum.
3518 1758 3746 1810 Verum

2138 1895 2242 1935 non
2275 1879 2343 1931 ita
2373 1874 2635 1929 faciebant
2656 1871 2862 1922 fratres.
2896 1863 3000 1918 Sed
3021 1858 3174 1931 quid?
3200 1856 3393 1910 lterum
3418 1852 3585 1906 multo
3616 1862 3750 1900 nm-

2138 1973 2218 2042 gis
2242 1968 2650 2023 :rmulabautnr.
2678 1960 2785 2014 Cur
2814 1956 2983 2011 insani
3027 1948 3241 2006 fuistis?
3268 1963 3363 2000 cur
3391 1943 3749 2012 stupidoitmt

2140 2078 2301 2133 opera
2348 2057 2582 2113 fecistis?
2607 2053 2722 2108 Non
2752 2049 3054 2119 cogitastis,
3084 2041 3376 2097 secundum
3402 2034 3749 2090 insomnium

2142 2171 2246 2208 non
2281 2163 2510 2209 temere,
2545 2159 2717 2213 neque
2740 2138 2956 2194 fortuito
2989 2137 3183 2188 factum
3211 2145 3331 2184 esse
3360 2145 3374 2181 :
3404 2126 3493 2180 sed
3520 2136 3581 2177 ut
3604 2137 3751 2175 eum

2142 2242 2433 2299 didiceritis
2462 2239 2679 2293 omnino
2732 2232 2904 2285 futura
2955 2242 3076 2280 esse
3120 2238 3238 2293 qua:
3281 2218 3526 2289 prmdicta
3561 2224 3699 2265 sunt
3731 2252 3749 2273 ,

2144 2336 2366 2392 cessetis
2399 2328 2641 2383 meditari
2686 2321 3032 2377 fratricidintn
3055 2359 3069 2381 ,
3101 2322 3281 2383 utpote
3312 2325 3421 2363 rem
3450 2306 3643 2359 molicn
3682 2318 3756 2355 es

2149 2424 2528 2497 impossibiiem
2552 2421 2574 2472 ’ἒ
2605 2418 2765 2487 Igitur
2793 2410 3074 2482 Oportebat
3104 2404 3314 2475 quidem
3343 2415 3460 2462 vos,
3488 2411 3610 2451 cum
3633 2410 3753 2447 co-

2146 2520 2404 2593 gitaretis,
2433 2528 2485 2571 et
2515 2517 2566 2568 in
2600 2523 2831 2566 mentem
2855 2501 3166 2572 acciperetis
3184 2497 3466 2552 fraternam
3496 2497 3757 2543 vestram

2148 2612 2579 2681 coujuuctionem
2607 2648 2621 2665 ,
2668 2604 2897 2656 futuram
2944 2595 3121 2649 fratris
3166 2590 3391 2661 gloriam
3426 2599 3516 2653 pro
3554 2590 3759 2633 vestra

2149 2707 2365 2759 ducere.
2396 2700 2657 2768 Quoniam
2705 2707 2884 2748 au'em
2915 2688 2978 2741 ad
3029 2690 3128 2738 hoc
3171 2696 3276 2736 non
3322 2673 3699 2745 respiciebatis
3738 2710 3755 2729 .

2150 2807 2484 2862 consequens
2533 2789 2630 2841 fuit
2654 2783 2778 2838 illud
2809 2780 3063 2849 cogitare,
3094 2789 3186 2827 vos
3223 2786 3327 2824 non
3356 2776 3539 2821 contra
3566 2778 3703 2815 eum
3738 2800 3756 2823 ,

2152 2885 2246 2940 sed
2268 2891 2451 2938 contra
2473 2879 2709 2933 omnium
2744 2874 3051 2930 Dominum,
3084 2865 3171 2935 qui
3202 2863 3303 2916 hoc
3333 2861 3381 2915 ei
3404 2859 3507 2928 jam
3531 2855 3763 2909 revela-

2154 2981 2265 3041 vit,
2315 2973 2513 3028 bellum
2544 2983 2749 3039 gerere.
2794 2963 2987 3016 Verum
3038 2959 3108 3011 illi
3149 2953 3404 3025 quidem,
3432 2949 3563 3002 sicut
3592 2944 3760 3007 dixi,

2156 3082 2329 3136 neque
2358 3073 2558 3117 natura:
2586 3058 2854 3112 vinculum
2890 3050 3124 3111 reveriti,
3160 3059 3332 3115 neque
3370 3044 3421 3094 in
3448 3046 3762 3092 tuentes-a-

2159 3161 2363 3230 pientes
2393 3162 2589 3227 quanta
2621 3152 2710 3205 ille
2736 3162 2963 3216 superna
3010 3137 3380 3197 benevolentia
3420 3131 3760 3188 muniretur,

2160 3253 2338 3305 odium
2363 3246 2598 3318 quotidie
2627 3248 2890 3295 uinxerunt
2917 3256 2927 3289 :
2952 3246 3005 3289 et
3027 3232 3230 3286 occulte
3257 3230 3393 3279 intra
3423 3220 3765 3286 SCIIlt‘llpS-US

2160 3358 2347 3411 rogum
2390 3336 2782 3395 accenderunt,
2828 3345 2999 3398 neque
3050 3338 3231 3394 patre,
3265 3333 3438 3386 neque
3482 3314 3584 3367 lilio
3631 3311 3763 3363 lalc

2160 3404 2430 3504 quidpiam
2471 3424 2894 3495 suspicantibus,
2928 3432 3098 3486 neque
3141 3408 3498 3482 eugitintibus
3548 3420 3640 3457 eos
3698 3404 3761 3453 in

2165 3537 2364 3582 tantam
2394 3522 2652 3577 insaniam
2680 3531 2799 3570 esse
2829 3519 3221 3582 preperatnros.
3260 3503 3382 3556 Ideo
3406 3499 3488 3552 ubi
3516 3493 3763 3564 profecti

2164 3626 2288 3673 sunt
2316 3617 2510 3669 fratres
2532 3612 2596 3665 ad
2621 3623 2811 3678 greges
2840 3624 2851 3657 :
2880 3605 2963 3657 l5.
2994 3600 3158 3662 Dixit,
3193 3598 3381 3664 inquit,
3408 3602 3542 3661 pater
3562 3586 3627 3637 ad
3645 3584 3770 3636 Jo-

2163 3711 2285 3777 seplt
2313 3724 2331 3761 :
2361 3706 2544 3759 Nonne
2574 3703 2752 3772 fratres
2778 3700 2851 3751 tui
2881 3704 3092 3767 pascunt
3117 3707 3228 3745 oves
3245 3691 3297 3741 in
3317 3683 3570 3756 Sychem?
3598 3679 3767 3740 Veni,

2165 3773 2356 3855 mittant
2384 3808 2430 3851 te
2456 3796 2522 3848 ad
2551 3810 2654 3847 eos.
2680 3791 2918 3860 Dixitque
2943 3788 2986 3840 ei
3014 3802 3033 3839 :
3064 3784 3189 3837 Erce
3209 3798 3324 3850 ego.
3360 3773 3546 3830 Vidisti
3577 3779 3767 3840 patris

2165 3909 2287 3963 erga
2339 3892 2475 3944 filios
2503 3889 2518 3919 ί
2551 3880 2935 3939 dilectionem?
2987 3876 3162 3930 vidisti
3210 3872 3299 3925 filii
3348 3862 3766 3923 obedientiam?

2170 3956 2307 4039 min
2332 3990 2507 4034 autem
2533 3980 2581 4031 ei
2617 3993 2630 4029 :
2657 3975 2741 4028 M.
2780 3971 2917 4025 Vade
2938 4012 2951 4031 ,
2983 3978 3026 4021 et
3054 3968 3196 4029 vide,
3228 3979 3349 4015 num
3370 3959 3481 4014 sani
3505 3956 3600 4009 sint
3631 3958 3765 4022 fra-

2165 4088 2263 4130 tres
2289 4075 2380 4137 tui,
2405 4082 2449 4125 et
2479 4087 2613 4134 oves,
2632 4077 2676 4121 et
2692 4065 2937 4120 annuntio
2965 4060 3108 4113 milii.

2237 4170 2289 4221 5.
2320 4165 2513 4233 Ioseph
2536 4163 2701 4233 ﬁgura
2721 4157 2924 4213 Christi.
2954 4184 3023 4194 ——
3051 4153 3173 4207 llaac
3200 4155 3375 4201 autem
3402 4143 3579 4198 omnia
3607 4140 3760 4193 facta

2167 4268 2292 4315 sunt
2316 4298 2329 4320 ,
2361 4232 2493 4309 utet
2517 4232 2733 4319 losephi
2773 4264 2894 4316 erga
2940 4245 3131 4298 fratres
3170 4242 3555 4293 tnoustraretur
3581 4232 3764 4284 bene-

2168 4348 2418 4410 volentia,
2442 4355 2495 4398 et
2513 4342 2724 4395 illorum
2747 4334 3083 4404 sanguinaria
3102 4345 3249 4384 mens
3272 4328 3422 4381 fieret
3445 4319 3759 4377 manifesta.

2169 4445 2385 4497 Factum
2414 4444 2497 4492 est
2522 4445 2699 4489 autem
2721 4442 2776 4485 et
2798 4432 2848 4483 in
2881 4430 3099 4496 figurant
3129 4416 3598 4481 fuwrortun,.utin
3632 4429 3764 4466 unt-

2169 4536 2262 4587 bra
2285 4532 2452 4586 multo
2480 4536 2636 4581 antea
2657 4522 2894 4578 veritatis
2928 4533 3012 4572 res
3042 4514 3490 4569 describerentur.
3518 4506 3589 4559 Et
3614 4505 3764 4557 sicut

2167 4627 2362 4694 Joseph
2387 4624 2449 4677 ad
2484 4622 2673 4675 fratres
2702 4617 2829 4671 abiit
2857 4614 3082 4668 invisum
3114 4624 3229 4672 eos,
3258 4616 3312 4658 et
3339 4605 3411 4657 illi
3440 4617 3615 4669 neque
3642 4600 3758 4651 fm-

2170 4717 2488 4771 ternitatem.
2520 4725 2691 4780 neque
2716 4707 2973 4761 adventus
2996 4714 3209 4754 oausam
3243 4694 3485 4755 reveriti,
3521 4695 3757 4759 primum

2168 4807 2381 4877 quidem
2410 4806 2474 4856 de
2512 4798 2803 4855 occidendo
2825 4795 2915 4848 illo
2934 4789 3299 4847 deliberabant
3324 4828 3338 4851 ,
3363 4794 3540 4854 postea
3572 4791 3758 4833 autem

2167 4902 2520 4957 vendiderunt
2569 4894 2807 4949 barbaris
2841 4908 2853 4942 :
2889 4891 2958 4943 ita
3001 4897 3054 4941 et
3084 4884 3341 4938 Dominus
3388 4886 3569 4931 noster
3600 4888 3757 4925 suam

2168 5007 2392 5048 servans
2431 4984 2875 5045 misericordiam,
2919 4977 3133 5033 advenit
3177 4973 3411 5027 invisens
3459 4966 3758 5019 humanum

2168 5100 2353 5155 genus,
2380 5088 2693 5147 etsuscepta
2712 5085 2905 5129 nostrzn
2936 5072 3117 5124 forma:
3146 5080 3324 5125 carne,
3359 5062 3606 5128 dignatus
3638 5055 3757 5109 ﬁeri

2172 5149 2336 5230 frater
2361 5182 2561 5234 noster,
2592 5171 2668 5221 sic
2710 5165 2945 5219 advenit.
2998 5161 3062 5213 Et
3087 5159 3279 5213 clamat
3306 5151 3500 5206 Paulus
3527 5149 3713 5201 dicens
3740 5163 3759 5200 :

2172 5268 2293 5322 Non
2337 5267 2467 5319 enim
2498 5262 2704 5333 angelos
2730 5257 3019 5323 assumpsit,
3039 5253 3125 5305 sed
3153 5265 3317 5303 semen
3340 5244 3557 5299 Abraha:
3582 5257 3601 5294 :
3620 5250 3762 5292 unde

2170 5360 2339 5413 debuit
2369 5373 2456 5427 per
2495 5330 2662 5407 omnia
2702 5347 2944 5421 fratribus
2990 5344 3167 5396 similis
3201 5338 3311 5408 ﬁeri
3353 5333 3536 5405 (Hebr.
3574 5331 3631 5383 2.
3665 5330 3762 5383 16.

2173 5454 2283 5520 l7).
2314 5422 2418 5503 sed
2448 5444 2639 5515 ingrati
2677 5439 2846 5495 Juda-i
2880 5437 3174 5490 animarum
3216 5438 3609 5497 corporumque
3641 5422 3762 5473 Me-

2171 5543 2344 5597 dicum
2375 5540 2649 5591 imiumera
2702 5528 2953 5585 miracula
2997 5522 3235 5594 quotidie
3281 5523 3579 5588 patrantem
3612 5518 3765 5563 nect—

2170 5635 2297 5689 dere
2323 5628 2495 5684 conati
2526 5635 2683 5691 sunt,
2713 5633 2767 5677 et
2808 5633 2969 5688 opere
2997 5614 3402 5682 compleverunt
3447 5606 3631 5658 animo
3657 5618 3761 5655 suo

2235 5794 2252 5824 ί
2286 5788 2423 5841 savii.
2451 5796 2502 5838 et
2520 5784 2710 5846 quidam
2731 5788 2856 5837 Mss,
2881 5789 2998 5838 erga
3017 5772 3195 5837 ﬁltunt;
3230 5774 3387 5819 minus
3410 5778 3565 5816 recte.
