4038 6358
202 373 314 428 527

197 486 358 542 αὐτοὶ
387 484 481 538 τὸν
515 485 728 556 πατέρα
773 483 1209 549 ἐπισπάσωνται,
1249 483 1409 537 τοῦτο
1439 482 1537 554 μὲν
1564 485 1683 539 οὑδέ
1712 486 1791 547 εἰς

198 571 414 624 ἔννοιαν
446 567 835 637 λαμϐάνουσι-ν,
868 567 1006 620 ἀλλά
1033 567 1211 621 κοινὸν
1245 569 1398 638 μῖσος
1420 568 1550 638 περί
1570 568 1659 621 τὸν
1689 569 1794 621 ὑπὸ

199 652 297 705 τοῦ
337 651 541 720 πατρὸς
588 649 947 719 ἀγαπώμενον
992 649 1388 702 ἐπεδείκνυντο.
1437 649 1546 701 Καὶ
1595 652 1793 703 ἐκεῖνοι

207 735 332 803 μὲν,
381 732 636 802 καθάπερ
685 731 1183 801 ἐκπολεμούμενοι,
1231 730 1372 784 οὕτω
1425 730 1794 784 λανθάνουσαν

203 815 410 868 ἔσωθεν
436 814 534 885 τὴν
562 815 828 886 πονηρίαν
856 815 1154 880 τίκτοντες,
1184 815 1334 867 οὐδὲν
1353 813 1622 884 εἰρηνικὸν
1648 813 1794 884 αὑτῷ

200 897 530 965 διελέγοντο,
559 896 692 949 ἀλλά
725 896 863 965 μετά
892 896 1046 949 δόλου
1067 897 1466 968 προσεφέροντο
1486 913 1501 926 '
1526 898 1553 949 6
1581 895 1637 947 δέ
1667 896 1795 948 θαυ-

207 981 406 1047 μάσιος
455 975 611 1041 οὗτος
668 979 766 1047 τὴν
822 978 1113 1050 ἀδελφικὴν
1154 976 1369 1031 εΰνοιαν
1408 977 1545 1048 πρὸς
1598 977 1794 1040 αὑτοὺς

205 1060 531 1124 ἀποσώζων,
558 1061 650 1114 καὶ
679 1060 833 1114 οὐδὲν
867 1061 1211 1132 ὑπιδόμενος,
1241 1061 1336 1114 ἅτε
1367 1059 1430 1130 δὴ
1452 1060 1528 1122 ὡς
1548 1058 1794 1127 ἀδελφοῖς

206 1144 448 1214 ἐθάρρει,
480 1145 576 1196 καὶ
604 1145 670 1196 τὰ
702 1143 823 1196 καθ’
854 1145 1046 1198 ἑαυτὸν
1076 1144 1292 1196 ἅπαντα
1321 1140 1615 1195 ἀνετίθετο.

279 1225 347 1294 β’.
374 1226 545 1278 Τοῦτο
567 1227 629 1278 τὸ
661 1225 834 1288 πάθος
870 1226 964 1279 καὶ
999 1226 1057 1291 ἐξ
1088 1225 1263 1297 ἀρχῆς
1304 1225 1395 1277 τὸν
1428 1224 1563 1278 Κάῐν
1600 1226 1678 1288 εἰς
1701 1222 1793 1277 τὸν

207 1310 351 1360 κατὰ
382 1307 476 1360 τοῦ
508 1309 739 1375 ἀδελφοῦ
775 1310 933 1378 φόνον
977 1310 1217 1380 ὁρμῆσαι
1251 1307 1654 1378 παρεσκεύασε.
1683 1307 1793 1360 Καὶ

208 1393 463 1460 καθάπερ
485 1387 624 1445 οὗτοι
645 1392 733 1444 διὰ
755 1391 852 1461 τὴν
873 1391 1086 1444 εὔνοιαν
1109 1390 1203 1444 τοῦ
1228 1390 1453 1460 πατρὸς,
1473 1390 1538 1460 ήν
1560 1390 1686 1460 περὶ
1703 1388 1794 1441 τὸν

207 1476 375 1526 παῖδα
399 1476 763 1538 ἐπεδείκνυτο,
797 1478 973 1543 μισεῖν
992 1475 1154 1528 αὑτὸν
1179 1471 1671 1542 παρεσκευάζοντο,
1700 1471 1795 1524 καὶ

207 1558 467 1628 πολεμεῖν
503 1557 840 1628 ἐπεχείρουν,
875 1558 968 1610 καὶ
997 1557 1118 1610 καθ’
1150 1557 1386 1625 ἑκάστην
1423 1556 1636 1626 ἡμέραν
1669 1552 1788 1606 ὢδιο

206 1658 298 1693 νον
328 1641 430 1697 τὴν
453 1641 577 1694 κατ’
604 1640 768 1694 αὑτοῦ
804 1641 1037 1710 σφαγήνο
1066 1639 1156 1692 τὸν
1189 1638 1350 1692 αὑτὸν
1370 1639 1434 1708 δὴ
1456 1639 1656 1708 τρόπον
1690 1639 1793 1690 κά-

207 1725 388 1785 κεῖνος
432 1721 767 1790 θεασάμενος
807 1721 885 1773 ’ὁτι
929 1721 995 1773 τά
1040 1720 1190 1791 παρὰ
1229 1719 1323 1772 τοῦ
1371 1719 1599 1790 ἀδελφοῦ
1649 1719 1795 1790 δῶρα

211 1806 416 1875 μᾶλλον
440 1805 604 1857 δεκτά
628 1804 870 1872 γέγονεν,
913 1805 993 1865 είς
1020 1803 1111 1855 τὸν
1144 1803 1283 1856 κατά
1323 1802 1418 1856 τοῦ
1447 1802 1673 1873 ἀδελφοῦ
1701 1803 1796 1871 φό-

207 1907 300 1943 νον
329 1888 557 1958 ἐκινήθη
578 1931 590 1948 ,
620 1888 715 1940 καί
761 1905 947 1956 φησιν,
990 1882 1350 1952 Ἐξέλθωμεν
1374 1885 1460 1950 εἰς
1479 1881 1546 1936 τὸ
1567 1881 1792 1941 πεδίον.

218 1972 389 2041 Ὁρᾷς
422 1971 516 2024 καὶ
554 1969 743 2023 τοῦτον
775 1970 936 2040 μηδὲν
968 1967 1336 2038 ὑφορώμενον,
1376 1969 1490 2020 ἀλλ’
1527 1963 1612 2022 οἶα
1641 1966 1793 2040 [585]

204 2055 276 2124 δὴ
304 2054 522 2124 ἀδελφῷ
561 2054 900 2122 πειθόμενον,
937 2051 1254 2115 κατεξιόντα
1283 2052 1378 2104 καὶ
1404 2051 1678 2122 πάρεργον
1706 2067 1796 2119 γι-

203 2133 439 2202 νόμενον
471 2133 570 2202 τῆς
617 2131 819 2202 μιαρᾶς
852 2131 1066 2199 ἐκείνης
1111 2128 1290 2192 δεξιᾶς
1313 2141 1376 2195 ﬂ;
1411 2128 1566 2182 Οὕτω
1598 2128 1662 2199 δὴ
1699 2131 1795 2184 καὶ

203 2217 234 2268 ὀ
267 2215 576 2285 θαυμάσιος
617 2213 836 2283 Ἰωσὴφ,
862 2211 962 2264 οὑκ
988 2210 1142 2274 εἰδὼς
1169 2210 1270 2282 τὴν
1300 2211 1476 2281 κακὴν
1503 2211 1610 2264 τῶν
1640 2211 1794 2264 ἀδελ-

207 2298 327 2366 φῶν
360 2296 634 2366 ὁμόνοιαν,
664 2295 739 2357 ὼς
770 2296 1018 2363 ἀδελφοῖς
1043 2294 1438 2368 προσεφέρετο,
1463 2294 1555 2347 καὶ
1581 2293 1652 2346 τὰ
1703 2295 1792 2346 ἐν-

208 2382 382 2430 ύπνια
403 2420 415 2434 .
453 2379 595 2446 ἆπερ
642 2377 791 2446 αὑτῷ
825 2379 852 2429 6
889 2376 1021 2438 Θεὸς
1053 2376 1401 2428 ἀπεκάλυπτε
1422 2414 1437 2437 ,
1466 2375 1793 2445 προμηνύων

207 2459 363 2529 αύτῷ
393 2459 490 2528 τὴν
525 2458 880 2528 περιφάνειαν
906 2460 961 2510 ἐν
1052 2457 1299 2524 γίνεσθαι
1329 2457 1542 2526 ἔμελλε,
1574 2457 1796 2510 καὶτῶν

207 2541 463 2609 ἀδελφῶν
505 2541 599 2594 τὴν
644 2541 920 2610 ὑποταγὴν
976 2543 1056 2602 εἰς
1099 2541 1261 2610 μέσον
1327 2540 1620 2610 προετίθει.
1681 2541 1797 2592 Ἐν-

205 2624 575 2688 υπνιασθεὶς
607 2623 736 2694 γὰρ,
788 2623 972 2692 φησιν,
1011 2623 1298 2676 ἐνύπνιον
1327 2623 1642 2692 ἀπήγγειλε
1673 2624 1797 2690 τοῖς

207 2705 720 2772 ἀδελφοῖςαὺτοῦ,
753 2704 852 2757 καὶ
872 2701 1044 2758 εἶπεν
1066 2705 1290 2770 αὐτοῖς’
1337 2706 1654 2760 Ἀκούσατέ
1677 2724 1796 2774 μου

205 2789 318 2841 τοῦ
352 2789 641 2841 ἐνυπνίου
666 2788 904 2841 τούτου.
928 2788 1123 2856 ’ῼμην
1144 2787 1306 2855 ἡμᾶς
1327 2787 1642 2856 δεσμεύειν
1660 2789 1796 2857 δρά-

207 2885 408 2938 πιατα
448 2869 520 2921 ἐν
548 2867 716 2937 μέσῳ
742 2869 823 2934 τῷ
857 2869 1062 2936 πεδίῳ,
1120 2869 1219 2923 καὶ
1262 2869 1490 2936 ἀνέστη
1542 2871 1607 2923 τὸ
1648 2871 1797 2940 ἐμὸν

206 2951 447 3020 δράγμα
470 2953 568 3004 καὶ
602 2952 944 3019 ἀνωρθώθη,
967 2953 1440 3021 περιστραφέντα
1471 2954 1539 3007 δὲ
1566 2955 1638 3009 τὰ
1661 2955 1799 3024 ὑμέ-

208 3051 360 3101 τερα
401 3035 710 3102 δράγματα
751 3035 1222 3102 προσεκύνησαν
1255 3035 1320 3088 τὸ
1371 3035 1518 3104 ἐμόν
1543 3037 1792 3106 δράγμα.

208 3113 409 3169 Εἶπαν
424 3116 490 3168 δὲ
504 3116 664 3181 αὐτῷ
684 3119 735 3169 οἱ
751 3116 1022 3185 ἀδελφοίο
1045 3116 1098 3170 Μ
1105 3116 1142 3182 ἡ
1153 3117 1500 3180 βασιλεύων
1509 3119 1798 3182 ,βασιλεύ-

206 3221 343 3269 σεις
357 3203 651 3272 ἑφ¹ἠμᾶς,
682 3203 720 3270 ἢ
753 3205 1041 3270 κυριεύων
1084 3205 1421 3271 κυριεύσεις
1451 3205 1655 3275 ἠμῶνς
1691 3203 1796 3260 Καὶ

207 3281 581 3347 προσέθεντο
605 3280 691 3330 ἔτι
708 3276 912 3346 μισεῖν
937 3280 1124 3332 αὐτόν
1148 3281 1355 3333 ἕνεκεν
1369 3279 1484 3334 τῶν
1499 3281 1798 3335 ἐνυπνίων

205 3362 400 3415 αὐτοῦ
424 3363 521 3414 καὶ
552 3360 666 3414 τῶν
683 3361 965 3430 ῥημάτων
983 3362 1190 3417 αὑτοῦ.
1222 3363 1322 3415 Διά
1351 3364 1507 3416 τοῦτο
1536 3365 1629 3416 καὶ
1660 3381 1796 3432 προ-

206 3445 372 3498 έλαϐε
397 3445 494 3496 καὶ
511 3444 787 3496 ἐδίδασκεν
811 3445 978 3514 ἡμᾶς,
1002 3445 1085 3497 ὅτι
1107 3445 1312 3498 ἀνωθεν
1330 3445 1392 3498 τὸ
1415 3449 1565 3516 μῖσος
1586 3445 1644 3498 τὸ
1661 3447 1797 3516 πρὸς

204 3528 376 3580 αὑτὸν
409 3527 808 3592 ἐπεδείκνυντο,
847 3528 932 3580 ἵνα
964 3527 1038 3597 μὴ
1072 3528 1381 3598 νομίσωμεν
1409 3528 1660 3583 ἐντεῦθεν
1699 3531 1798 3599 ἀρ-

205 3614 311 3684 χὴν
337 3613 536 3676 αὐτοὺς
561 3611 838 3682 εἰληφέναι
864 3611 958 3664 τοῦ
986 3614 1108 3665 κατ’
1133 3611 1295 3664 αὑτὸν
1321 3613 1582 3682 πολέμου.
1609 3617 1797 3681 Προσ-

205 3698 418 3751 ἐθεντο
447 3698 554 3767 γάρ
579 3697 667 3750 ἔτι
691 3694 896 3765 μισεῖν
909 3695 1118 3760 αὑτὸν,
1140 3696 1261 3748 ἀντὶ
1285 3695 1404 3760 τοῦ,
1431 3696 1616 3768 Πολλῷ
1637 3698 1797 3751 πλέον

203 3779 443 3850 ηΰξανον
474 3781 534 3832 τὸ
566 3783 722 3849 μῖσος
748 3781 841 3832 καὶ
857 3780 956 3849 τὴν
977 3778 1175 3850 ἔχθραν
1202 3779 1300 3850 τὴν
1323 3781 1442 3833 κατ’
1467 3780 1651 3835 αὑτοῦ.
1686 3782 1797 3834 Καὶ

204 3865 312 3933 ὅρα
366 3865 468 3932 τῆς
506 3863 811 3934 πηρώσεως
855 3863 954 3932 τὴν
1001 3863 1328 3934 ὑπερϐολήν·
1371 3863 1526 3916 αὐτοὶ
1573 3864 1632 3916 τὸ
1664 3863 1796 3935 ὄναρ

203 3947 601 4018 διακρίνουσιν.
633 3947 767 4000 Οὑδέ
815 3946 921 4016 γὰρ
949 3946 1091 4000 ἐστιν
1119 3948 1316 4010 εἰπεῖν,
1355 3946 1437 3998 ὅτι
1474 3946 1540 3998 δι’
1573 3946 1795 4013 ἄγνοιαν

203 4031 318 4082 τῶν
360 4031 662 4100 μελλόντων
701 4029 925 4082 ἔσεσθαι
973 4029 1230 4098 ἐφθόνουν
1261 4031 1380 4081 κατ’
1423 4029 1609 4083 αὑτοῦ·
1658 4030 1794 4083 ἀλλά

209 4114 479 4184 μαθόντες
524 4117 588 4168 ἐκ
621 4114 732 4167 τῶν
771 4114 1064 4184 ὀνειράτων
1091 4112 1162 4164 τὰ
1188 4113 1438 4182 ἐσόμενα,
1481 4113 1796 4184 προσθήκην

201 4198 301 4250 τοῦ
349 4197 538 4267 μίσους
571 4197 907 4268 εἰργάζοντο.
961 4197 1025 4246 Ὢ
1074 4196 1261 4258 ἀνοίας
1307 4195 1605 4266 ὑπερϐολή.
1657 4197 1784 4248 Δέον

202 4280 367 4332 τοῦτο
400 4283 626 4348 γνόντας
666 4281 865 4351 μᾶλλον
911 4279 1122 4332 εὔνοιαν
1156 4280 1284 4349 περ)⁵
1315 4279 1477 4332 αὑτὸν
1520 4278 1792 4343 ἐπιδείξα-

205 4364 356 4424 σθαι,
393 4365 486 4417 καὶ
534 4363 782 4416 ἐκποδὼν
833 4365 1056 4432 ποιῆσαι
1098 4361 1192 4413 τοῦ
1233 4362 1425 4430 μίσους
1455 4361 1554 4431 τὴν
1587 4362 1789 4426 αἰτίαν,

202 4448 300 4500 καὶ
331 4447 430 4516 τῆς
477 4445 774 4515 βασκανίας
817 4445 880 4496 τὸ
915 4444 1089 4506 πάθος
1128 4443 1389 4512 ἐξορίσαι,
1433 4443 1791 4506 σκοτωθέντες

201 4532 295 4582 τὸν
347 4529 627 4598 λογισμὸν,
677 4529 773 4580 καὶ
805 4529 866 4579 ού
915 4526 1249 4596 συνορῶντες
1293 4527 1376 4579 ὃτι
1423 4526 1546 4578 καθ’
1584 4527 1791 4579 ἑαυτῶν

202 4613 420 4665 ἅπαντα
439 4611 878 4678 διαπράττονται,
913 4610 1004 4661 ἐπὶ
1032 4609 1192 4660 πλέον
1220 4605 1446 4678 ηὔξανον
1466 4608 1527 4659 τὸ
1553 4610 1671 4660 κατ’
1694 4609 1790 4661 αύ-

199 4693 296 4747 τοῦ
330 4696 505 4763 μῖσος.
537 4693 691 4754 Τίνος
732 4692 938 4753 ἕνεκεν,
991 4685 1035 4744 ὦ
1065 4691 1237 4745 ἄθλιοι
1288 4691 1381 4743 καὶ
1419 4690 1785 4762 ταλαίπωροι,

199 4777 470 4847 τοσαύτην
486 4775 858 4828 ἐπιδείκνυσθε
872 4776 969 4845 τὴν
1002 4774 1319 4844 βασκανίαν,
1349 4776 1450 4828 οὐκ
1471 4775 1789 4842 ἀγνοοῦντες

200 4859 325 4912 οὔτε
356 4859 456 4928 τὴν
489 4858 782 4928 ἀδελφικὴν
815 4858 1016 4927 σχέσιν,
1053 4855 1176 4909 οὔτε
1206 4859 1287 4910 ὅτι
1323 4859 1356 4925 ή
1386 4856 1493 4909 τῶν
1519 4859 1787 4910 ἐνυπνίων

198 4941 544 5008 ἀποκάλυιμς
567 4958 697 5008 φανε
708 4941 804 5011 ράν
827 4939 1065 4992 δείκνυσι
1087 4939 1179 4991 τοῦ
1196 4939 1330 4991 Θεοῦ
1351 4939 1448 5009 τὴν
1479 4940 1604 5012 περὶ
1627 4940 1788 4993 αὑτὸν

198 5023 453 5085 εὖνοιαν;
498 5023 589 5092 Μὴ
624 5023 732 5092 γὰρ
764 5023 828 5086 δὴ
870 5021 1129 5091 νομίσητε
1174 5020 1356 5074 λοιπὸν
1392 5022 1460 5075 τά
1497 5023 1646 5093 παρά
1691 5022 1785 5074 τοῦ

196 5109 334 5162 Θεοῦ
375 5109 682 5179 μηνυθέντα
717 5107 866 5176 αὑτῷ
921 5107 1144 5158 δυνατὸν
1196 5103 1335 5160 εἶναι
1386 5109 1781 5180 ἀνατραπῆναι.

195 5193 470 5253 Καθάπερ
500 5192 608 5262 γὰρ
637 5191 730 5244 τοῦ
759 5191 967 5261 ὀνείρου
999 5191 1096 5260 τὴν
1124 5190 1394 5260 διάκρισιν
1432 5194 1780 5262 ἐποιήσασθε,

193 5275 372 5338 οὕτως
409 5275 566 5328 ἔσται
599 5277 713 5345 μετ’
741 5276 801 5326 οὑ
830 5273 987 5336 πολὺ,
1018 5272 1119 5326 κᾶν
1147 5274 1316 5344 μυρία
1344 5275 1626 5344 ἐπινοῆσαι
1659 5275 1781 5345 βου-

192 5353 422 5426 ληθῆτε.
459 5355 780 5425 Εὐμήχανος
806 5354 914 5424 γάρ
939 5352 1016 5406 ὢν
1043 5354 1140 5406 καὶ
1165 5352 1324 5420 σοφὸς
1345 5352 1375 5403 ὁ
1395 5352 1502 5404 τῶν
1525 5353 1781 5408 ἁπάντων

193 5440 499 5508 Δεσπότης,
533 5440 627 5491 καὶ
651 5438 750 5500 τῆς
785 5437 990 5501 οἰκείας
1015 5435 1297 5506 δυνάμεως
1322 5435 1533 5500 δεικνὺς
1558 5437 1655 5508 τὴν
1685 5456 1782 5490 πε-

197 5523 464 5593 ριουσίαν,
509 5521 726 5574 πολλὰ1⁵
777 5520 1034 5584 πολλάκις
1064 5520 1288 5590 ἀφίησιν
1337 5519 1395 5570 ἐν
1436 5518 1515 5588 τῷ
1575 5522 1779 5589 μεταξὺ

192 5604 501 5674 κωλύματα
527 5602 798 5671 γενέσθαι,
829 5603 892 5657 ἵν’
915 5601 1057 5656 οὕτω
1079 5601 1149 5654 τὰ
1183 5600 1349 5654 πάλαι
1379 5601 1526 5672 αὑτῴ
1554 5602 1779 5667 δόξαντα

259 5790 432 5838 ιὶίῑνο
452 5791 660 5852 oratoris
677 5791 896 5839 licentia.
921 5789 1091 5852 Ἔργον
1125 5791 1358 5852 εμὶηιᾼεει
1383 5786 1434 5838 id
1475 5789 1776 5852 qupdggen-

192 5854 316 5900 dum
333 5850 614 5914 suscipitur.
636 5853 869 5914 πάρεργον
889 5847 1007 5912 οριιε
1021 5847 1168 5914 ηιιοιί
1211 5850 1346 5900 aliud
1390 5847 1550 5914 ageiyti
1573 5847 1772 5914 offa—{1w

190 5908 574 5974 exsequemfwn,
598 5921 648 5960 el
677 5908 730 5961 u't
753 5908 1019 5974 [BI-minium
1034 5908 1209 5974 μὲν-αξιοι·
1240 5908 1655 5974 επδρεεῐὶιιὶοηειῖι.
1677 5911 1772 5959 Ita-

192 5987 293 6036 que
322 5973 486 6021 aedes
513 5974 680 6022 Abelis
718 5975 947 6081 πάρεργον
970 5973 1110 6021 Abeli
1139 5974 1246 6030 fuit,
1285 5973 1379 6020 ιιοη
1406 5977 1572 6021 autem
1603 5973 1766 6022 Caino.

255 6037 281 6076 ι
307 6037 348 6081 Ε
371 6036 518 6081 (Σοίει.
547 6036 755 6081 accessit.
773 6051 834 6081 πο
867 6035 941 6081 λά.
972 6036 1102 6081 quod
1127 6036 1345 6081 annoscil
1379 6037 1644 6081 interpres.
1677 6035 1764 6081 lin.

255 6037 281 6076 ι
307 6037 348 6086 Ε
371 6036 518 6085 Coisl.
547 6036 755 6083 accessit
773 6035 941 6092 πολλά,
972 6036 1102 6094 quod
1127 6036 1345 6097 agnoscit
1379 6037 1644 6096 interpres.
1677 6035 1764 6083 lin.

511 6122 788 6184 ΡΔΤιιοι.
831 6121 950 6184 Gn.
1000 6122 1156 6184 LIV.

1184 369 1249 424 IN
1290 369 1443 425 CAP.
1487 367 1726 425 XXXVII
1764 368 2010 425 GENES.
2047 367 2282 426 IIOMIL.
2321 365 2463 422 LXI.

3365 359 3472 418 528

1896 486 1977 548 εἰς
2018 483 2176 555 ἔργον
2209 480 2449 552 ἀγαγὼν,
2494 475 2753 550 μεγίστην
2783 475 3040 549 ἀποφήνῃ
3067 474 3167 546 τῆς
3196 474 3476 547 δυνάμεως

1894 567 2058 620 αὑτοῦ
2097 568 2196 637 τὴν
2238 563 2568 636 ὑπερϐολήν.
2615 559 2773 613 Ἀλλὰ
2812 557 3052 614 τοιοῦτον
3084 559 3119 626 ἡ
3169 557 3438 629 βασκανία
3452 571 3473 600 ι’

1894 651 2043 703 οὐδὲν
2088 649 2295 702 τούτων
2337 643 2649 715 λογίζεσθαι
2678 641 2919 704 δύναται,
2955 639 3069 694 ἀλλ’
3103 639 3268 705 ὅλως,
3299 641 3374 704 ὡς
3400 643 3478 695 εἰ-

1895 735 2038 797 πεῖν,
2067 731 2409 801 αἰχμάλωτος
2434 725 2673 796 γεγονὼς
2690 723 2832 801 κατά
2851 724 2950 794 τῆς
2968 722 3175 785 οἰκείας
3206 722 3480 795 σωτηρίας

1895 814 2108 868 ἅπαντα
2129 800 2548 883 διαπράττεται.
2590 807 2700 860 Καὶ¹
2731 800 2874 860 οὗτοι
2918 805 3016 876 μὲν
3045 803 3361 875 προσθήκην
3390 805 3480 874 μί-

1896 914 2022 961 σους
2040 894 2352 968 εἰργάζοντο
2369 891 2458 946 διὰ
2485 891 2584 962 τὴν
2605 889 2856 944 ἐνυπνίου
2885 888 3155 958 διήγησιν
3205 888 3232 938 ό
3263 886 3321 938 δὲ
3348 885 3482 938 θαυ-

1898 985 2091 1054 μάσιος
2141 981 2337 1051 Ἰωσὴφ
2367 979 2464 1032 καὶ
2492 979 2680 1049 ἕτερον
2722 978 2970 1029 ἐνύπνιον
3015 972 3350 1044 θεασάμενος
3380 973 3481 1028 οὑκ

1893 1069 2076 1130 αὑτοῖς
2111 1067 2291 1137 μόνον,
2326 1063 2463 1117 ἀλλά
2485 1063 2581 1116 καὶ
2612 1059 2692 1130 τῷ
2723 1059 2894 1130 πατρὶ
2931 1058 3224 1126 διηγεῖται,
3255 1055 3349 1109 καί
3373 1073 3479 1126 φη-

1896 1166 1998 1204 σιν·
2050 1153 2276 1216 Ὥσπερ
2324 1151 2358 1201 ό
2401 1146 2578 1214 ἥλιος
2609 1144 2710 1198 καί
2748 1143 2787 1210 ἠ
2835 1141 3071 1207 σελήνη
3127 1138 3227 1192 καὶ
3263 1138 3482 1193 ἕνδεκα

1893 1233 2143 1301 ἀστέρες
2173 1231 2594 1300 προσεκύνουν
2637 1243 2733 1296 με.
2771 1226 2882 1280 Καὶ
2920 1224 3282 1292 ἐπετίμησεν
3323 1219 3483 1286 αὐτῷ

1895 1319 1928 1370 ό
1955 1316 2150 1384 πατὴρ
2177 1311 2363 1368 αὑτοῦ
2385 1354 2398 1378 ,
2428 1310 2530 1364 καί
2576 1304 2749 1363 εἶπεν
2782 1306 2963 1371 αὐτῷ·
3005 1307 3066 1360 Τί
3099 1304 3162 1359 τό
3197 1305 3484 1359 ἐνύπνιον

1894 1400 2071 1453 τοῦτο
2105 1399 2136 1452 ὃ
2169 1394 2584 1461 ἐνυπνιάσθης
2601 1409 2620 1457 ;
2652 1388 2808 1460 Ἀρά
2837 1407 2903 1460 τε
2929 1389 3211 1454 ἐλθόντες
3234 1386 3483 1441 ἐλευσό-

1891 1492 2044 1555 μεθα
2086 1485 2199 1555 ἐγώ
2230 1500 2294 1538 τε
2333 1481 2483 1555 [586]
2523 1482 2619 1535 καὶ
2651 1477 2690 1548 ἠ
2717 1479 2917 1549 μήτηρ
2945 1493 3062 1532 σου
3092 1475 3193 1529 καὶ
3227 1479 3278 1529 οι
3309 1475 3486 1529 ἀδελ-

1895 1570 1998 1639 φοί
2022 1583 2138 1623 σου
2169 1566 2598 1637 προσκυνῆσαί
2628 1579 2729 1618 σοι
2755 1563 2858 1639 ἐπὶ,
2883 1561 2997 1628 τὴν
3026 1559 3192 1639 τῆνί
3245 1557 3485 1639 Ἐζήλω-

1894 1636 2017 1703 σαν
2053 1647 2120 1701 δὲ
2145 1636 2485 1714 οἰνάδελεροὶ
2510 1643 2720 1706 αὐτοῦ,
2769 1645 2801 1695 ό
2833 1637 2902 1693 δὲ
2935 1638 3128 1706 πατὴρ
3164 1636 3486 1706 διετήρησε

1895 1733 1961 1786 τὸ
1991 1733 2177 1801 ῥῆμα.
2209 1730 2382 1793 Εἰδὼς
2419 1729 2512 1783 τὸν
2555 1728 2874 1797 τικτόμενον
2907 1723 3057 1793 αὑτῷ
3088 1723 3280 1792 φθόνον
3337 1719 3485 1790 παρὰ

1893 1814 2001 1869 τῶν
2028 1813 2275 1884 ἀδελφῶν
2302 1814 2330 1865 6
2363 1813 2567 1884 πατὴρ,
2590 1811 2678 1864 διὰ
2702 1809 2857 1863 τοῦτο
2880 1807 3178 1877 ἐπετίμησε
3209 1803 3287 1874 τῷ
3313 1803 3482 1869 παιδὶ,

1895 1896 1989 1949 καὶ
2022 1896 2288 1967 διακρίνει
2322 1897 2417 1953 καὶ
2455 1893 2616 1957 αὑτὸς
2659 1894 2721 1945 τὸ
2759 1891 2913 1962 ὄναρ,
2964 1891 3060 1942 καὶ
3089 1887 3482 1957 στοχαζόμενος

1895 1979 2046 2051 παρά
2092 1979 2188 2032 τοῦ
2237 1979 2372 2040 Θεοῦ
2415 1978 2512 2048 τὴν
2544 1973 2885 2044 ἀποκάλυψιν
2924 1971 3072 2040 αὐτῷ
3114 1969 3481 2041 γεγενῆσθαι,

1893 2058 2130 2134 διετήρει
2155 2061 2220 2114 τὸ
2252 2062 2421 2133 ῥῆμα.
2463 2059 2602 2112 Ἀλλ’
2628 2060 2726 2128 οὑχ
2751 2059 2801 2110 οἱ
2834 2056 3052 2125 ἀδελφοὶ
3077 2054 3273 2117 οὕτως.
3321 2051 3484 2106 Ἀλλὰ

1895 2146 1985 2209 τίς
2020 2145 2188 2200 Πάλιν
2220 2143 2401 2213 πολλῷ
2431 2143 2592 2196 πλέον
2630 2140 2932 2211 ἐζήλωσαν.
2971 2139 3038 2192 Τί
3081 2140 3397 2210 μεμήνατε;
3428 2137 3484 2192 τί

1895 2229 2266 2299 ἐξεστηκότων
2291 2226 2595 2297 πράγματα
2623 2222 3020 2295 διαπράττεσθε
3042 2239 3056 2288 ;
3085 2221 3196 2290 Οὑχ
3220 2221 3381 2290 ὁρᾶτε
3399 2220 3484 2272 ὅτι

1899 2314 1932 2383 ἡ
1957 2312 2064 2366 τῶν
2097 2311 2366 2366 ἐνυπνίων
2389 2309 2715 2379 δευτέρωσις
2742 2307 2841 2377 οὐχ
2877 2305 3062 2366 ἁπλῶς
3089 2305 3209 2358 οὐδὲ
3243 2303 3365 2374 εἰκῆ
3394 2319 3486 2371 γε·

1895 2395 2139 2467 γένηται,
2171 2395 2288 2450 ἀλλ’
2319 2395 2406 2447 ἵνα
2440 2393 2703 2464 μαθόντες
2723 2392 2804 2444 ὄτι
2829 2391 3048 2452 πάντως
3074 2389 3222 2443 ἔσται
3251 2388 3318 2441 τά
3344 2405 3481 2458 προ-

1899 2479 2228 2550 μηνυθέντα,
2295 2478 2576 2550 παύσησθε
2618 2479 2715 2548 τῆς
2757 2476 2985 2546 φονικῆς
3030 2474 3206 2544 ὁρμῆς
3235 2512 3249 2536 ,
3297 2473 3484 2550 ἐννοή-

1897 2549 2091 2623 σαντες
2114 2563 2196 2614 ὅτι
2220 2549 2504 2624 ἀδυνάτοις
2527 2561 2890 2630 ἐπιχειρεῖτε;
2928 2557 3126 2627 Ἐχρῆν
3149 2556 3247 2625 μὲν
3268 2549 3361 2608 οὖν
3387 2554 3486 2626 τὴν

1897 2643 2190 2715 ἀδελφικὴν
2235 2644 2420 2714 σχέσιν
2455 2644 2548 2696 καὶ
2589 2642 2827 2695 διάνοιαν
2857 2637 3249 2700 ἀναλαϐόντας.
3282 2637 3376 2690 καὶ
3409 2639 3485 2690 οἰ-

1897 2729 2050 2780 κείαν
2073 2729 2280 2798 κρίνειν
2303 2727 2656 2798 εὐδοκίμησιν
2677 2726 2776 2796 τὴν
2804 2722 2897 2777 τοῦ
2920 2722 3153 2790 ἀδελφοῦ
3183 2721 3486 2791 μέλλουσαν

1897 2810 2116 2863 ἔσεσθαι
2154 2809 2535 2881 περιφάνειαν.
2586 2808 2804 2879 Ἐπειδὴ
2836 2807 2893 2858 δέ
2919 2805 3124 2874 ταύτης
3149 2805 3278 2875 ὑμῖν
3310 2804 3488 2868 οὐδεὶς

1896 2895 2086 2963 λόγος,
2138 2896 2241 2948 κᾶν
2285 2896 2461 2948 ἐκεῖνο
2493 2893 2810 2961 λογίσασθαι
2840 2887 2907 2962 ἦν
2945 2888 3258 2954 ἀκόλουθον,
3308 2890 3392 2941 ὅτι
3420 2886 3483 2940 οὗ

1897 2977 2034 3048 πρὸς
2066 2978 2228 3030 αὑτὸν
2257 2977 2384 3047 ὑμῖν
2409 2979 2437 3030 6
2479 2976 2735 3045 πόλεμος,
2767 2973 2904 3026 ἀλλὰ
2938 2973 3074 3044 πρὸς
3102 2971 3193 3024 τὸν
3227 2971 3483 3023 ἁπάντων

1896 3061 2175 3131 Δεσπότην
2203 3061 2294 3113 τὸν
2318 3060 2493 3113 ταῦτα
2536 3059 2684 3128 αὑτῷ
2721 3059 2822 3128 ήδη
2871 3055 3280 3125 ἐκκαλύψαντα.
3341 3053 3481 3106 Ἀλλ’

1895 3139 2040 3197 οὑτοι
2078 3145 2199 3215 μὲν,
2249 3144 2502 3215 καθάπερ
2531 3143 2700 3214 ἔφθην
2747 3139 2938 3204 εἰπὼν,
2994 3139 3114 3192 οὐδὲ
3167 3138 3266 3209 τὴν
3313 3137 3476 3206 φύσιν

1898 3227 2068 3296 αὐτὴν
2100 3225 2409 3297 αἰδούμενοι
2432 3268 2446 3291 ,
2479 3224 2604 3279 οὔτε
2638 3225 2738 3295 τὴν
2775 3222 2981 3278 ἀνωθεν
3029 3219 3317 3291 γινομένην
3355 3220 3484 3288 περὶ

1897 3309 2059 3363 αὑτὸν
2087 3307 2297 3364 εὔνοιαν
2320 3311 2378 3361 ἐν
2411 3308 2484 3380 νῷ
2513 3307 2789 3371 λαθόντες,
2821 3307 2882 3359 τὸ
2913 3308 3070 3376 μῖσος
3092 3304 3214 3356 καθ’
3240 3303 3479 3372 ἑκάστην

1895 3397 2111 3468 ἡμέραν
2144 3395 2438 3460 ἐπέτεινον,
2474 3398 2567 3450 καὶ
2598 3394 2967 3455 λανθανόντως
2999 3391 3097 3462 τὴν
3135 3391 3314 3462 πυρὰν
3347 3391 3478 3459 παρ’

1899 3484 2110 3545 ἑαυτοῖς
2149 3482 2386 3552 ἀνῆπτον
2421 3492 2470 3546 ο,
2522 3482 2674 3534 οὐδὲν
2722 3479 2844 3534 οὔτε
2909 3479 3002 3532 τοῦ
3051 3479 3289 3548 πατρὸς,
3355 3477 3478 3530 οὔτε

1894 3565 1989 3618 τοῦ
2022 3565 2144 3618 νέου
2191 3564 2430 3618 τοιοῦτόν
2481 3582 2534 3618 τι
2569 3563 3000 3627 ὑποπτεύοντος,
3057 3562 3165 3614 οὐδ’
3212 3562 3292 3614 ὅτι
3344 3561 3479 3630 πρὸς

1896 3647 2156 3709 τοσαύτην
2229 3647 2422 3718 μανίαν
2479 3647 2724 3701 ἐλαύνειν
2782 3645 3026 3716 ἔμελλον.
3089 3644 3179 3696 Διὸ
3232 3643 3326 3697 καὶ
3378 3659 3476 3694 πο-

1899 3733 2196 3805 ρευθέντων
2234 3734 2344 3786 τῶν
2381 3731 2626 3802 ἀδελφῶν
2683 3735 2762 3795 εἰς
2814 3731 2882 3785 τὰ
2929 3730 3190 3802 ποίμνια,
3221 3725 3406 3782 Εἶπεν
3443 3731 3478 3782 ό

1897 3821 2092 3892 πατὴρ
2113 3818 2192 3885 τῷ
2224 3819 2458 3888 Ἰωσήφο
2491 3822 2613 3886 Οὐχ
2639 3821 2692 3872 οί
2714 3818 2967 3887 ἀδελφοί
2989 3831 3104 3870 σου
3131 3817 3476 3885 ποιμαίνουο

1895 3920 2000 3958 σιν
2030 3906 2117 3970 εἰς
2156 3901 2356 3972 Συχέμ
2373 3918 2392 3966 ;
2444 3901 2624 3969 Δεῦρο
2645 3941 2661 3966 ,
2710 3901 3050 3956 ἀποστείλω
3079 3917 3153 3953 σε
3185 3899 3336 3968 πρὸς
3364 3900 3474 3951 αὐ-

1895 3987 2054 4052 τούς.
2099 3982 2245 4041 Εἵπε
2271 3985 2338 4038 δὲ
2365 3984 2547 4049 αὐτῷ,
2590 3984 2736 4038 Ἰδοὺ
2927 3979 3079 4046 Εἶδες
3107 3982 3312 4052 πατρὸς
3338 3981 3474 4052 πρὸς

1896 4070 2091 4131 παῖδας
2115 4068 2144 4108 ἀ
2191 4067 2606 4138 φιλοστοργίαν;
2638 4062 2774 4130 εἶδες
2805 4067 2993 4130 παιδὸς
3024 4065 3300 4135 ὑπακοήν;
3337 4060 3470 4116 Εἷπε

1893 4153 1951 4206 δὲ
1982 4152 2150 4223 αὐτῷ’
2181 4152 2500 4219 Πορευθείς
2533 4150 2622 4205 ἴδε
2652 4153 2704 4204 εὶ
2734 4150 3114 4218 ὑγιαίνουσιν
3143 4150 3197 4202 οἰ
3221 4146 3475 4216 ἀδελφοί

1893 4255 2030 4302 σου,
2068 4240 2167 4293 καὶ
2199 4238 2268 4293 τὰ
2305 4240 2589 4306 πρόϐατα,
2616 4239 2715 4292 καὶ
2754 4237 3114 4308 ἁνιίγγειλόν
3137 4253 3258 4306 μοι.

1966 4323 2033 4390 γ’.
2055 4321 2239 4375 Ταῦτα
2261 4321 2317 4374 δέ
2339 4322 2517 4376 πάντα
2544 4321 2772 4388 ἐγίνετο,
2796 4321 2882 4373 ἴνα
2906 4319 2998 4372 καὶ
3024 4319 3117 4372 τοῦ
3152 4317 3344 4390 Ἰωσὴφ
3363 4319 3474 4373 δει-

1893 4405 1992 4475 χθῇ
2026 4407 2058 4475 ή
2083 4406 2210 4476 περὶ
2234 4406 2359 4468 τοὺς
2387 4404 2648 4473 ἀδελφοὺς
2667 4402 2868 4464 εὔνοια,
2886 4402 3154 4456 κάκείνων
3174 4402 3471 4472 κατάδηλος

1892 4487 2115 4556 γένηται
2136 4489 2183 4558 ,ή
2211 4486 2405 4557 φονικὴ
2433 4486 2648 4556 γνώμη.
2687 4485 2924 4550 Ἐγίνετο
2949 4485 3006 4538 δὲ
3038 4484 3133 4552 ’καὶ
3164 4484 3328 4549 τύπος
3360 4486 3470 4537 τῶν

1891 4568 2110 4620 ἔσεσθαι
2134 4568 2457 4638 μελλόντων,
2484 4569 2577 4621 καὶ
2609 4571 2666 4621 ἐν
2686 4571 2752 4640 τῇ
2779 4569 2905 4638 σκιᾷ
2941 4566 3371 4638 προδιεγράφετο
3400 4568 3470 4620 τά

1890 4650 1989 4720 τῆς
2014 4651 2271 4721 ἀληθείας
2297 4652 2617 4722 πράγματα.
2659 4652 2769 4705 Καὶ
2807 4649 2996 4720 ὥσπερ
3032 4652 3060 4703 6
3099 4649 3294 4720 Ἰωσὴφ
3333 4649 3469 4719 πρὸς

1889 4735 2014 4796 τοὺς
2034 4733 2294 4802 ἀδελφοὺς
2316 4734 2480 4804 ἀπῄει
2518 4733 2947 4803 ἐπι-σκεψόμενος
2989 4733 3206 4797 αὐτοὺς,
3227 4734 3466 4786 κάκεῖνοι

1889 4817 1989 4870 οὑκ
2023 4817 2361 4880 αἰδεσθέντες
2384 4815 2506 4868 οὕτε
2527 4817 2625 4887 τὴν
2645 4816 2998 4885 ἀδελφότητα,
3015 4815 3139 4870 οὕτε
3165 4815 3262 4886 τὴν
3285 4815 3466 4868 αἰτίαν

1889 4901 1987 4968 τῆς
2030 4901 2352 4969 παρουσίας,
2398 4900 2664 4970 πρότερον
2711 4902 2807 4968 μέν
2857 4899 3064 4952 ἀνελεῖν
3099 4897 3463 4960 ἐϐουλεύοντο,

1887 4982 2075 5036 ἔπειτα
2101 4983 2158 5036 δὲ
2178 4984 2270 5035 καὶ
2292 4983 2630 5052 ἐπίπρασκον
2663 4985 2777 5043 τοῖς
2805 4982 3119 5053 βαρὸάροις·
3151 4981 3292 5034 οῦτω
3318 4981 3412 5032 καὶ
3433 4982 3463 5032 6

1887 5067 2159 5136 Δεσπότης
2199 5067 2227 5118 6
2268 5066 2535 5137 ἡμέτερος
2564 5064 2665 5134 τὴν
2699 5066 2904 5119 οἰκείαν
2935 5063 3338 5136 φιλανθρωπίαν
3375 5081 3464 5132 μι-

1890 5148 2174 5218 μούμενος,
2194 5147 2565 5218 παραγέγονεν
2591 5147 3016 5216 ἐπισκεψόμενος
3043 5146 3105 5199 τὸ
3127 5145 3235 5198 τῶν
3260 5145 3356 5199 ἀνθ
3367 5145 3464 5216 ρώ-

1886 5246 2002 5282 πων
2036 5230 2209 5297 γένος,
2244 5231 2336 5285 καὶ
2365 5233 2464 5300 τὴν
2488 5233 2724 5302 ὁμογενῆ
2763 5232 2896 5301 ήμῖν
2935 5230 3112 5301 σάρκα
3152 5227 3458 5292 ἀναλαϐὼν,

1885 5313 1978 5365 καὶ
2005 5312 2230 5382 ἀδελφὸς
2258 5312 2412 5383 ήμῶν
2454 5311 2708 5380 γενέσθαι
2737 5311 3073 5377 καταξιώσας
3104 5310 3246 5365 οὕτω
3278 5329 3457 5383 παρα-

1884 5396 2092 5463 γέγονε.
2144 5397 2253 5450 Καὶ
2300 5397 2397 5468 βοᾷ
2439 5396 2647 5460 Παῦλος
2689 5396 2880 5463 λέγων·
2931 5398 3012 5450 Οὐ
3051 5396 3159 5464 γὰρ
3190 5395 3458 5465 ἀγγέλων

1881 5479 2362 5547 ἐπιλαμϐάνεται,
2413 5479 2575 5534 ἀλλὰ
2613 5478 2958 5548 σπέρματος
3013 5478 3278 5546 Ἀϐραὰμ,
3318 5477 3457 5532 ὅθεν

1880 5559 2098 5630 ὤφειλε
2143 5562 2295 5616 κατά
2339 5562 2534 5615 πάντα
2580 5561 2704 5626 τοῖς
2752 5561 3036 5630 ἀδελφοῖς
3073 5560 3451 5630 ὁμοιωθῆναι.

1895 5643 2034 5695 Ἀλλ’
2075 5644 2124 5696 οἱ
2163 5644 2474 5716 ἀγνώμονες
2515 5644 2752 5697 Ἰουδαῖοι
2785 5644 2875 5696 τὸν
2922 5644 3028 5697 τῶν
3063 5645 3327 5714 σωμάτιον
3361 5645 3456 5696 καὶ

1879 5728 1970 5784 τὸν
1997 5729 2104 5784 τῶν
2135 5729 2320 5801 ψυχῶν
2352 5729 2551 5801 ἰατρὸν,
2583 5729 2670 5782 τὸν
2701 5729 2868 5800 μυρία
2899 5728 3151 5798 θαύματα
3183 5727 3301 5782 καθ’
3325 5729 3452 5782 ἐκάο

1877 5975 1906 6023 ἆ
1936 5917 1963 5992 ξ
1988 5914 2201 5973 Quatuor
2225 5927 2340 5964 mss.
2384 5915 2464 5962 καὶ
2503 5913 2802 5969 λανθάνοντες
2831 5915 2916 5972 τήν
2937 5915 3086 5978 πυρὰν
3124 5917 3226 5964 καθ’
3256 5913 3450 5975 ἑαυτοὺς

1908 5992 2100 6023 νππτον.

1908 5994 2100 6022 νππτον.

1934 5992 2100 6022 τπτον.

1934 6009 1961 6076 «ί
1987 6037 2134 6087 Ξατὶι.
2163 6042 2215 6086 et
2244 6035 2440 6090 quidam
2465 6049 2577 6086 mss.
2603 6035 2715 6096 πρὸς
2733 6035 2896 6086 παῖδα.

3042 6119 3117 6177 10
