4038 6358
552 325 663 405 £329
1271 326 1330 381 S.
1370 327 1656 384 JOANNIS
1690 326 2176 386 CHRYSOSTOMI
2215 325 2532 383 ARCIIIEP.
2573 324 3118 381 CONSTANTINOP.
3719 327 3856 383 530

559 455 693 511 στην
717 438 926 511 ἡμέραν
957 439 1321 511 ἐργαζόμενον
1347 440 1554 496 ἀνελεῖν
1581 445 1920 518 ἐπεχείρουν,
1952 445 2045 500 καὶ
2061 446 2138 503 είς

555 522 717 591 ἔργον
743 522 946 593 ῆγαγον
971 523 1068 593 τὴν
1093 524 1319 594 φονικὴν
1345 525 1525 580 αὐτῶν
1553 527 1800 599 γνώμην,
1831 532 1924 582 καὶ
1949 527 2142 581 ἐσταύ-

557 623 739 676 ρωσαν
763 607 853 657 τὸν
878 606 966 659 διά
993 607 1093 676 τὴν
1120 608 1393 678 ἡμετέραν
1418 612 1692 683 σωτηρίαν
1722 613 1818 684 τὴν
1837 613 1932 667 τοῦ
1956 612 2142 666 δούλου

558 692 773 759 μορφὴν
819 690 1108 743 ἀναλαϐεῖν
1150 692 1608 764 καταδεξάμενον.
1672 697 1810 750 Ἀλλ’
1857 691 2002 751 οῦτοι
2046 699 2143 768 μὲν

555 774 646 824 καὶ
679 774 1062 844 ἐπεχείρησαν,
1115 775 1210 828 καὶ
1265 777 1482 848 σταυρῷ
1528 779 1863 849 παραδόντες
1912 783 2138 836 ἀνεῖλον·

552 858 748 909 ἐκεῖνοι
783 857 838 910 δὲ
863 858 1253 912 ἐϐουλεύσαντο
1285 863 1406 929 μὲν,
1437 863 1538 916 οὐκ
1565 865 1772 933 ἧγαγον
1799 865 1856 917 δὲ
1877 867 1956 928 είς
1980 865 2142 936 ἔργον

551 940 619 992 τὰ
674 940 1050 1010 βουλευθέντα.
1104 943 1253 1014 [537]
1290 946 1437 998 Ἔδει
1481 946 1536 998 δὲ
1585 947 1674 1000 τὸν
1710 948 1880 1001 τύπον
1920 948 2141 1002 ἔλαττον

552 1023 695 1092 ἔχειν
739 1025 840 1094 τῆς
880 1025 1156 1096 ἀληθείας,
1204 1029 1325 1081 ἐπεὶ
1373 1031 1472 1082 οὐκ
1512 1029 1578 1083 ἀν
1629 1033 1712 1102 εἴη
1755 1033 1938 1085 ἐκεῖνα
1971 1033 2141 1095 τύπος

550 1106 660 1157 τῶν
693 1108 831 1176 μετά
852 1108 1023 1161 ταῦτα
1058 1110 1352 1179 ἐσομένων.
1388 1112 1488 1165 Διά
1509 1113 1668 1166 τοῦτο
1687 1115 1804 1168 ἐκεῖ
1829 1117 1928 1186 μὲν
1951 1115 2140 1186 ῶσπερ

550 1189 608 1240 ἐν
640 1191 766 1261 σκιᾷ
805 1193 1146 1262 προεγράφη.
1172 1194 1279 1246 Καὶ
1307 1197 1557 1265 ἐννόησον
1590 1198 1650 1250 τὸ
1683 1197 1881 1268 θαῦμα.
1913 1200 2026 1252 Οὐκ
2052 1200 2138 1252 ἀν-

553 1271 716 1335 εῖλον,
758 1273 892 1326 ἀλλά
928 1277 1266 1346 πεπράκασι,
1310 1281 1401 1331 καὶ
1445 1281 1535 1332 τὸν
1591 1280 1792 1351 χιτῶνα
1834 1281 1910 1352 τῷ
1943 1283 2136 1353 αἵματι

551 1353 644 1406 τοῦ
673 1356 858 1426 ἐρίφου
892 1357 1214 1427 μολύναντες
1244 1362 1448 1430 ἤγαγον
1481 1362 1558 1432 τῷ
1585 1368 1770 1436 πατρὶ,
1807 1370 1989 1418 πεῖσαι
2015 1366 2138 1435 βου-

551 1437 763 1508 λόμενοι
797 1443 876 1493 ὅτι
901 1443 1136 1515 ἀνῃρέθη
1170 1446 1197 1496 0
1232 1447 1377 1508 παῖς.
1425 1447 1586 1517 Ὁρᾷς
1615 1450 1697 1502 ὅτι
1729 1449 1944 1503 ᾶπαντα
1965 1451 2136 1505 ταῦτα

550 1523 776 1589 ἐγίνετο,
801 1525 885 1578 ἵνα
915 1527 1163 1600 καθάπερ
1186 1531 1242 1580 ἐν
1269 1529 1588 1599 σκιᾷ,οῦτως
1615 1533 1647 1602 ἡ
1678 1534 1838 1586 εἰκὼν
1862 1533 1997 1603 μόνη
2027 1534 2134 1586 τῶν

550 1607 888 1676 πραγμάτων
915 1608 1156 1678 γένηται.
1183 1612 1276 1663 καὶ
1298 1613 1328 1681 ἠ
1351 1612 1577 1683 ἀλήθεια
1599 1614 1964 1685 φυλάττηται;
1993 1617 2133 1670 Ἀλλ’

543 1690 642 1742 ἐπὶ
662 1692 758 1758 τὴν
787 1692 1108 1746 ἀκολουθίαν
1135 1693 1230 1746 τοῦ
1255 1693 1412 1764 λόγου
1431 1697 1493 1750 τὸ
1514 1697 1696 1751 λοιπὸν
1726 1699 2128 1772 ἐπανέλθωμεν.

562 1773 936 1828 Ἀπέστειλεν
978 1776 1187 1842 αὐτὸν,
1231 1780 1416 1848 φησὶν,
1457 1784 1490 1834 ὁ
1542 1781 1738 1849 πατὴρ
1774 1784 1983 1849 αὐτοῦ,
2034 1784 2132 1838 καὶ

547 1851 736 1923 ἦλθεν
781 1861 865 1923 εἱς
917 1860 1138 1928 Συχέμ.
1191 1862 1301 1915 Καὶ
1346 1859 1524 1932 εὗρεν
1580 1865 1767 1919 αὐτὸν
1821 1867 2130 1937 ἅνθρωπος

549 1939 945 2008 πλανώμενον
976 1943 1045 1994 ἐν
1084 1943 1164 2008 τῷ
1195 1946 1399 2010 πεδίῳ.
1447 1948 1745 2016 ’Πρώτησε
1768 1949 1838 2002 δὲ
1875 1953 2063 2005 αὐτὸν
2096 1957 2129 2008 ό

546 2023 878 2090 ἅνθρωπος,
934 2027 1140 2094 λέγων·
1186 2028 1246 2081 Τί
1282 2028 1504 2096 (utsic;
1555 2033 1616 2084 ὐ
1659 2032 1729 2086 δὲ
1786 2029 1934 2087 εἷπε·
1977 2031 2129 2102 Τοὺς

544 2106 849 2174 ἀδελφούς
888 2128 1008 2177 μου
1047 2107 1212 2178 ζητῶ.
1261 2114 1643 2182 Ἀνάγγειλόν
1691 2134 1814 2184 μοι,
1867 2117 1986 2171 ποῦ
2017 2121 2128 2184 ,βό-

545 2202 791 2246 σκουσι.
835 2192 1033 2245 Σκόπει
1073 2192 1190 2258 πῶς
1223 2189 1376 2259 οὗτος
1409 2197 1504 2267 μὲν
1534 2197 1674 2268 μετά
1703 2201 1936 2270 σπουδῆς
1964 2205 2129 2255 ποιεῖ’

544 2288 634 2322 ται
667 2273 774 2324 τῶν
804 2272 1049 2342 ἀδελφῶν
1075 2276 1175 2345 τὴν
1199 2278 1544 2349 ἐπιζήτησιν,
1580 2283 1673 2334 καὶ
1703 2283 2126 2356 περιεργάζεται

546 2357 641 2408 καὶ
676 2357 1143 2427 πολυπραγμονεῖ,
1189 2361 1282 2412 καὶ
1331 2361 1507 2414 πάντα
1549 2367 1695 2418 ποιεῖ
1749 2365 1890 2419 ὥστε
1932 2369 2129 2432 αὐτοὺς

549 2438 696 2494 ἰδεῖν.
729 2435 874 2493 Είπε
902 2441 969 2493 δὲ
985 2440 1166 2506 αὐτῷ,
1201 2445 1384 2514 φησὶν,
1411 2447 1674 2500 Ἤκουσα
1699 2447 1895 2502 αὐτῶν
1918 2451 2126 2520 λεγόν-

543 2538 681 2574 των·
709 2524 1100 2593 Πορευθῶμεν
1120 2530 1208 2591 είς
1235 2529 1512 2596 Δωθαείμ.
1549 2531 1658 2583 Καὶ
1683 2531 1977 2602 ἐπορεύθη
2014 2535 2128 2588 Ἰω-

542 2605 695 2673 σὴφ,
726 2607 822 2659 καὶ
842 2603 1020 2674 εὗρεν
1041 2610 1282 2674 αὐτούς.
1310 2611 1595 2677 Προεῖδον
1615 2612 1684 2665 δὲ
1702 2616 1888 2668 αὐτὸν
1905 2618 2128 2684 μακρό-

543 2689 649 2740 θεν
677 2687 791 2755 πρὸ
816 2689 921 2743 τοῦ
949 2690 1182 2759 ἐγγίσαι
1210 2693 1416 2757 αὑτὸν,
1443 2695 1540 2748 καὶ
1561 2696 1996 2766 ἑπονηρεύοντο
2018 2701 2124 2754 τοῦ

538 2769 889 2824 ἀποκτεῖναι
937 2775 1143 2828 αὐτόν.
1194 2776 1391 2830 Ἑννόει
1443 2795 1532 2847 μοι
1579 2780 1812 2834 ἐνταῦθα
1854 2783 1946 2835 τοῦ
1988 2783 2123 2836 Θεοῦ

539 2853 638 2924 τὴν
680 2855 991 2924 εὐμήχανον
1037 2858 1249 2927 σοφίαν,
1284 2860 1431 2924 ὅπως
1458 2854 1602 2914 οὗτοι
1636 2864 1732 2933 μὲν
1770 2866 1852 2927 εἰς
1883 2865 1974 2918 τὸν
2003 2870 2122 2920 κατ’

540 2936 707 2990 αὑτοῦ
755 2939 915 3007 φόνον
949 2935 1094 3010 εἶχον
1123 2943 1220 3011 τὴν
1249 2943 1446 3013 ὁρμήν·
1483 2947 1511 2998 0
1553 2945 1609 2998 δὲ
1638 2946 1704 3000 τὰ
1741 2949 1918 3002 πάντα
1954 2951 2124 3004 ποιῶν

540 3021 636 3072 καὶ
672 3023 1093 3090 μετασκευάζων
1131 3028 1404 3096 συγχωρεῖ
1432 3027 1500 3080 τὰ
1535 3029 1592 3080 ἐν
1624 3029 1774 3101 μέσῳ
1807 3032 1982 3085 πάντα
2011 3051 2122 3087 κω-

541 3102 758 3172 λύματα
784 3105 1058 3172 γενέσθαι,
1095 3108 1182 3160 ἵνα
1214 3109 1304 3160 τὸν
1336 3111 1533 3163 οἰκεῖον
1555 3111 1790 3183 ἀθλητὴν
1813 3115 2125 3188 λαμπρότε-

533 3203 637 3257 ⁸ρον
667 3186 973 3253 ἀποδείξας,
1010 3189 1235 3261 ὕστερον
1267 3193 1520 3263 ἐπαγάγῃ
1556 3195 1663 3248 τῶν
1698 3186 1988 3269 ὀνειράτων
2026 3201 2125 3273 τὴν

545 3269 788 3325 ἔκϐασιν.
820 3272 1122 3338 Προεῖδον,
1151 3276 1336 3343 φησιν,
1367 3277 1573 3338 αὐτὸν,
1602 3279 1699 3332 καὶ
1729 3269 2125 3351 ἐπονηρεύον-

543 3369 612 3406 το
646 3353 752 3407 τοῦ
785 3355 1130 3409 ἀποκτεῖναι
1165 3359 1371 3412 αὐτόν.
1403 3357 1548 3414 Εἷπε
1587 3363 1655 3415 δὲ
1689 3363 1945 3433 ἕκαστος
1977 3369 2124 3436 πρὸς

546 3437 653 3490 τὸν
680 3436 950 3508 ἀδελφὸν
971 3441 1180 3494 αὐτοῦ·
1226 3442 1371 3496 Ἰδοὺ
1401 3447 1434 3498 ό
1461 3446 1872 3517 ἑνυπνιαστὴς
1897 3452 2125 3520 ἐκεῖνος

543 3521 797 3591 ἔρχεται·
823 3522 942 3576 νῦν
972 3520 1087 3578 οὖν
1111 3525 1302 3583 δεῦτε.
1325 3530 1768 3600 ἀποκτείνωμεν
1793 3537 1998 3602 αὑτὸν,
2027 3538 2125 3592 καὶ

535 3608 810 3676 ῥίψωμεν
829 3610 1017 3662 αὐτὸν
1043 3614 1130 3677 εἰς
1161 3611 1270 3665 ἕνα
1300 3612 1417 3666 τῶν
1442 3614 1702 3681 λάκκων,
1725 3618 1822 3670 καὶ
1851 3619 2122 3690 ἐροῦμεν,

543 3692 762 3759 Θηρίον
803 3693 1073 3760 πονηρὸν
1117 3696 1454 3763 κατέφαγεν
1485 3697 1690 3764 αὑτὸν,
1726 3702 1821 3756 καὶ
1860 3705 2125 3774 ὀψόμεθα

542 3775 601 3828 τί
635 3775 806 3829 ἔσται
828 3778 899 3830 τὰ
920 3777 1175 3832 ἐνύπνια
1197 3780 1402 3835 αὑτοῦ.

613 3888 764 3954 Εἶδες
790 3893 869 3945 ὅτι
900 3897 1010 3947 τῶν
1037 3896 1300 3950 ἐνυπνίων
1322 3897 1420 3969 τὴν
1444 3899 1668 3956 ἔκϐασιν
1695 3905 2122 3974 προσδοκῶντες,

540 3974 748 4060 ἀνελεῖν
781 3977 944 4030 αὐτὸν
975 3979 1325 4050 ἐπεχείρουν;
1367 3982 1504 4034 Ἀλλ’
1531 3985 1617 4037 ἵνα
1646 3986 1890 4054 μάθωσιν
1917 3990 1999 4042 ὅτι
2029 3991 2126 4061 οὐχ

541 4059 653 4109 οἱιόν
679 4076 736 4110 τε
754 4059 820 4111 τά
841 4059 992 4129 παρά
1008 4061 1102 4113 τοῦ
1123 4062 1256 4115 Θεοῦ
1281 4066 1759 4136 προαγορευθέντα
1781 4071 1853 4141 μὴ
1873 4073 1950 4134 είς
1968 4059 2126 4142 ἔργον

543 4141 735 4203 ἐλθεῖν,
769 4143 864 4194 καὶ
910 4144 1252 4212 βουλεύονται
1298 4148 1390 4200 καὶ
1431 4151 1768 4221 ἐπιχειροῦσι
1807 4155 1899 4207 καὶ
1928 4141 2009 4208 τάί
2027 4157 2126 4226 τῆς

545 4224 753 4286 οἰκείας
779 4226 1043 4297 πονηρίας
1071 4228 1494 4284 ἐπιδείκνυνται·
1522 4235 1618 4286 καὶ
1653 4237 1682 4287 0
1713 4237 1876 4305 σοφὸς
1904 4240 1998 4292 καὶ
2036 4224 2127 4292 εύ-

551 4310 790 4378 μὴχανος
821 4311 952 4374 Θεὸς
979 4313 1178 4374 αὐτοὺς
1208 4313 1653 4380 ἐπιϐουλεύοντας
1679 4319 2126 4391 ὑπηρετήσασθαι

546 4395 642 4445 καὶ
668 4395 896 4457 ἄκοντας
929 4397 1342 4466 παρασκευάζει
1383 4399 1518 4468 πρὸς
1556 4400 1651 4472 τὴν
1681 4404 1990 4475 οἰκονομίαν
2020 4408 2127 4461 τῶν

549 4475 851 4561 μελλόντων
883 4477 1124 4533 ἔσεσθαι.
1172 4480 1388 4551 Ἐπειδὴ
1432 4483 1540 4553 γὰρ
1576 4485 1961 4559 συνεφώνησαν
1992 4492 2128 4561 πρὸς

543 4559 635 4648 τὸν
653 4562 788 4648 Δκατ’
815 4562 982 4648 αὐτοῦ
1011 4563 1191 4648 φόνον,
1219 4565 1313 4617 καὶ
1341 4568 1406 4636 τῇ
1436 4568 1628 4640 γνώμῃ
1657 4569 1756 4640 τὴν
1784 4574 1996 4644 σφαγὴν
2027 4559 2126 4648 ὴδη

545 4641 907 4706 ἐπεδείξαντο,
969 4645 1273 4712 Ἀκούσας,
1329 4651 1481 4719 φησὶ,
1559 4651 1808 4722 Ῥουϐὴν
1865 4641 2128 4720 ἐξείλετο

545 4725 732 4780 αὑτὸν
792 4727 862 4779 ἐκ
924 4725 1044 4779 τῶν
1097 4728 1311 4797 χειρῶν
1369 4732 1586 4797 αὐτῶν,
1645 4736 1742 4788 καὶ
1799 4733 1985 4792 εἶπεν·
2047 4745 2129 4796 Οὐ

545 4809 901 4879 πατάξωμεν
942 4810 1130 4864 αὐτὸν
1186 4817 1274 4879 εις
1301 4817 1534 4885 ψυχήν·
1571 4817 1657 4886 μὴ
1686 4819 1934 4889 ἐκχέητε
1963 4819 2126 4893 αἷμα·

543 4895 870 4963 ἐμϐάλλετε
915 4896 1103 4948 αὑτὸν
1139 4899 1226 4962 είς
1263 4897 1370 4951 τὸν
1402 4898 1635 4954 λάκκον
1675 4901 1894 4958 τοῦτον
1928 4907 2035 4960 τὸν
2063 4911 2132 4963 ἐν

544 4978 622 5045 τῇ
653 4977 868 5045 ἐρήμῳ,
900 4977 1068 5046 χεῖρα
1118 4979 1187 5031 δὲ
1223 4981 1309 5048 μὴ
1357 4982 1718 5052 ἐπενέγκητε
1757 4987 1935 5053 αὐτῷ·
1972 4989 2133 5058 ὅπως

543 5061 822 5128 ἐξέληται
845 5061 1034 5114 αὐτὸν
1062 5062 1133 5115 ἐκ
1167 5063 1285 5117 τῶν
1315 5066 1530 5133 χειρῶν
1549 5069 1769 5135 αὐτῶν,
1800 5073 1897 5126 καὶ
1929 5075 2132 5141 ἀποδῷ

545 5143 733 5199 αὐτὸν
787 5142 866 5208 τῷ
916 5145 1092 5212 πατρὶ
1129 5149 1337 5203 αὑτοῦ.
1377 5151 1518 5220 Ὅρα
1556 5154 1650 5206 καὶ
1691 5154 1880 5209 τοῦτον
1925 5157 2040 5222 πῶς
2071 5161 2130 5213 οὐ

546 5228 722 5297 τολμᾷ
762 5227 1012 5298 φανερῶς
1051 5227 1331 5294 ἐξελέσθαι
1381 5233 1472 5285 τὸν
1519 5235 1764 5304 ἀδελφὸν,
1817 5239 1954 5292 ἀλλά
1993 5241 2134 5306 τέως

545 5313 646 5382 τὴν
691 5312 920 5382 φονικὴν
971 5313 1152 5367 αὐτῶν
1205 5315 1385 5387 ὁρμὴν
1424 5319 1771 5389 ἀναχαιτίσαι
1815 5323 2135 5393 βουλόμενός

547 5412 700 5465 φησι,
737 5394 836 5463 Μὴ
863 5395 1111 5464 ἐκχέητε
1141 5394 1303 5466 alga,
1336 5401 1473 5454 ἀλλ’
1496 5403 1824 5472 ἐμϐάλλετε
1841 5408 2030 5461 αὑτὸν
2048 5412 2134 5474 είς

546 5477 656 5562 τὸν
683 5477 933 5562 λάκκον.
977 5481 1087 5533 Καὶ
1140 5481 1349 5548 διδάξαι
1393 5487 1544 5557 ἡμᾶς
1603 5487 1900 5562 βουλομένη
1941 5492 1974 5562 ἡ
2017 5491 2136 5544 θεία

549 5559 739 5632 Γραφὴ
800 5561 891 5613 τὸν
939 5565 1142 5616 σκοπὸν
1201 5566 1295 5619 τοῦ
1337 5568 1584 5641 Ῥουϐὴν,
1633 5559 1788 5641 φησι·
1836 5559 2020 5628 Ταῦτα
2079 5576 2135 5629 δὲ

549 5643 744 5706 ἐποίει,
769 5644 962 5711 Ὅπως
1003 5645 1282 5716 ἐξέληται
1320 5654 1530 5718 αὐτὸν,
1570 5655 1670 5708 καὶ
1709 5656 1912 5723 ἀποδῷ
1961 5660 2138 5726 πατρὶ

552 5730 760 5813 αὑτοῦ.
799 5733 918 5813 ΔΚαὶ
943 5733 1151 5788 τούτων
1202 5737 1375 5793 ταῦτα
1406 5741 1812 5813 βουλευομένων
1857 5746 2068 5800 οὐδέπω
2109 5749 2136 5800 0

562 5809 760 5908 Ἰωσὴφ
903 5822 1310 5908 παραγεγονὼς,
1347 5825 1481 5880 ἀλλά
1514 5809 1651 5898 μετά
1687 5829 1748 5882 τὸ
1782 5830 2138 5902 πληρωθῆναι

553 5899 759 5984 ταύτην
806 5899 986 5952 αὐτῶν
1024 5905 1124 5973 τὴν
1153 5905 1407 5974 διάλεξιν,
1443 5907 1643 5974 *Ηλθεκ
1687 5899 2136 5984 φησὶνξἿωσὴφ

556 5979 707 6047 πρὶς
764 5981 903 6048 τοὺς
956 5987 1259 6060 ἀδελφοὺς
1306 5995 1514 6052 αὐτοῦ.
1573 5979 1902 6069 [588]’Δέον
1959 5979 2137 6054 τοίνυν

2249 441 2488 504 ἐκείνους
2511 441 2877 512 προσδραμεῖν
2898 439 2974 511 τῷ
2997 440 3231 511 ἀδελφῷ,
3255 440 3348 494 καὶ
3371 439 3815 512 περιπτύξασθα-
3831 484 3848 506 τ

2247 526 2339 576 καὶ
2376 525 2566 595 μαθεῖν
2605 524 2673 577 τά
2709 523 2860 594 παρὰ
2897 523 2988 576 τοῦ
3032 524 3236 596 πατρὸς
3278 525 3458 586 αὐτοῖς
3495 523 3854 594 δηλωθέντα,

2244 609 2292 661 οἱ
2319 608 2374 660 δὲ
2421 608 2670 678 καθάπερ
2698 609 2838 671 τινὲς
2871 609 3051 678 ἄγριοι
3086 607 3250 676 θῆρες
3282 607 3464 676 ἀρνίον
3498 607 3858 675 θεασάμενοι

2243 691 2568 761 ἐπιπηδῶσι,
2603 692 2697 743 καὶ
2747 689 3095 752 Ἐξέδυσαν,
3135 690 3289 759 φησὶ,
3323 691 3429 741 τὸν
3463 689 3679 758 Ἰωσὴφ
3730 689 3859 741 τὼ·

2241 773 2461 842 χιτῶνα
2488 775 2595 826 τὸν
2613 775 2910 836 ποικίλον,
2941 773 3036 827 καὶ
3057 774 3347 839 λαϐόντες
3367 773 3550 827 αὑτὸν
3567 775 3859 841 ἔρριψαν

2239 860 2321 922 εὶς
2358 857 2462 909 τὸν
2485 856 2735 909 λάκκον.
2773 857 2834 908 '0
2855 856 2923 908 δὲ
2942 855 3171 921 λάκκος
3199 852 3277 925 ἦν
3300 856 3495 920 κενὸς,
3529 855 3695 924 ὕδωρ
3721 858 3854 907 οὐκ

2239 939 2417 1006 ἔχων.
2469 938 2735 1007 Καθάπερ
2785 937 3201 992 συνεϐούλευσεν
3261 940 3290 990 0
3348 938 3606 1009 Ῥουϐὴν,
3645 938 3856 1002 οὕτως

2240 1019 2518 1088 ἐποίησαν·
2566 1019 2659 1072 καὶ
2699 1018 2953 1089 ῥίψαντες
2995 1019 3177 1083 αὑτὸν,
3213 1017 3531 1072 Ἐκάθισαν
3567 1017 3680 1071 τοῦ
3721 1036 3855 1086 επι-

2239 1101 2362 1168 τεῖν
2395 1102 2596 1170 ἄρτον.
2629 1102 2691 1154 Ὢ
2732 1102 2832 1170 τῆς
2865 1101 3166 1172 ὠμότητος.
3205 1100 3250 1154 ῶ
3280 1101 3378 1171 τῆς
3404 1101 3852 1173 ἀπανθρωπίας.

2251 1184 2487 1246 Ἐκεῖνος
2523 1185 2620 1253 μὲν
2655 1184 2921 1253 τοσαύτην
2941 1184 3059 1236 όδδν
3084 1184 3320 1254 διήνυσε,
3351 1185 3443 1238 καὶ
3469 1185 3604 1254 μετά
3623 1187 3855 1239 τοσαύ-

2236 1283 2333 1335 της
2360 1268 2594 1336 σπουδῆς
2631 1267 2730 1338 τὴν
2768 1267 3088 1337 ἐπιζήτησιν
3123 1268 3300 1320 αὐτῶν
3333 1270 3638 1338 ἐποιήσατο.
3682 1269 3852 1322 ὥστε

2238 1351 2330 1401 καὶ
2363 1351 2488 1402 ἰδεῖν
2531 1351 2624 1403 καὶ
2662 1352 2989 1419 ἀπαγγεῖλαι
3021 1351 3097 1422 τῷ
3135 1351 3302 1421 πατρὶ
3347 1351 3416 1403 τά
3457 1353 3572 1403 κατ’
3596 1353 3849 1415 αὐτούς·

2235 1433 2430 1485 ἐκεῖνοι
2482 1432 2538 1484 δὲ
2594 1434 2842 1504 καθάπερ
2891 1433 3155 1504 βάρϐαροί
3205 1451 3347 1496 τινες
3391 1433 3481 1486 καὶ
3526 1435 3849 1504 ἀνήμερηι,

2235 1515 2422 1585 ἐπειδὴ
2457 1515 2948 1586 συνεϐουλεύθησαν
2977 1517 3081 1568 ὑπὸ
3111 1516 3201 1569 τοῦ
3244 1516 3469 1586 Ῥουϐὴν
3505 1518 3579 1588 μὴ
3604 1519 3850 1586 ἐκχὲειν

2233 1597 2324 1649 τοῦ
2356 1597 2583 1666 ἀδελφοῦ
2616 1599 2676 1651 τὸ
2707 1594 2866 1668 αἷμα,
2893 1599 2984 1650 τὸν
3007 1600 3092 1651 διὰ
3120 1598 3212 1652 τοῦ
3239 1599 3397 1670 λιμοῦ
3420 1600 3645 1653 θάνατον
3673 1601 3849 1669 αὐτῷ

2232 1680 2657 1745 κατεσκεύαζον.
2704 1682 2843 1735 Ἀλλ’
2867 1684 2894 1735 0
2924 1682 3303 1753 φιλάνθρωπος
3325 1683 3456 1745 Θεὸς
3481 1683 3696 1752 ταχέως
3733 1684 3849 1735 αύ-

2232 1764 2323 1816 τδν
2352 1765 2623 1836 ἐρρύσατο
2647 1766 2745 1835 τῆς
2766 1765 2875 1819 τῶν
2913 1766 3157 1836 ἀδελφῶν
3187 1768 3406 1836 μανίας.
3449 1768 3849 1831 Καθίσαντες

2232 1847 2363 1917 γὰρ,
2397 1850 2552 1919 φησὶ,
2583 1849 2795 1918 φαγεῖν
2815 1849 3017 1917 ἄρτον,
3048 1845 3214 1903 εἶδον
3241 1851 3591 1917 ὁδοιπόρους
3627 1850 3848 1917 Ἰσμα-

2229 1933 2444 1998 ηλίτας
2468 1931 2854 2001 ἐρχομένους,
2880 1932 2976 1985 καὶ
3006 1931 3104 1984 ἐπὶ
3130 1931 3554 2002 τὴνΑιγ-υπτον
3573 1931 3697 1998 τὴν
3728 1935 3842 1998 ὀρ-

2223 2014 2350 2083 μὴν
2369 2015 2642 2082 ἔχοντας.
2672 2013 2783 2067 Καὶ
2802 2011 2971 2067 εἶπεν
3004 2014 3241 2080 Ἰούδας·
3270 2016 3331 2070 Τί
3363 2015 3687 2083 χρήσιμον,
3715 2015 3844 2066 ἐὰν

2228 2097 2670 2166 ἀποκτείνωμεν
2683 2099 2787 2150 τὸν
2799 2096 3066 2165 ἀδελφὸν
3081 2099 3117 2164 ἠ
3117 2096 3266 2164 μῶν,
3291 2098 3390 2150 καὶ
3414 2099 3521 2166 κρύ
3531 2101 3754 2164 ψιωμεν
3773 2099 3844 2149 τὸ

2227 2176 2368 2250 αἷμα
2391 2181 2577 2234 αὺτοῦ
2598 2198 2616 2244 ;
2647 2182 2841 2243 Δεῦτε,
2859 2180 3210 2248 άποδώμεθα
3231 2180 3418 2232 αὐτὸν
3437 2180 3554 2246 τοῖς
3582 2182 3844 2248 Ἰσμαη-

2227 2265 2422 2329 λίταις
2461 2264 2716 2327 τούτοις·
2744 2265 2802 2316 al
2830 2262 2896 2314 δὲ
2922 2263 3113 2331 χεῖρες
3133 2263 3302 2330 ἡμῶν
3320 2262 3404 2331 μὴ
3425 2263 3713 2315 ἔστωσαν
3736 2263 3844 2315 ἐπ’

2226 2345 2433 2407 αὐτὸν,
2469 2344 2558 2397 ότι
2600 2349 2632 2398 ὁ
2654 2344 2918 2414 ἀδελφὸς
2943 2345 3221 2413 ἡμῶνκαὶ
3249 2345 3406 2413 σὰρξ
3423 2344 3586 2413 ἡμῶν
3617 2346 3838 2398 ἐστιν.

2303 2427 2518 2498 δ’.¹’ορα
2541 2428 2656 2491 πῶς
2682 2429 2774 2481 καὶ
2796 2429 3058 2500 πρότερον
3083 2431 3110 2480 0
3139 2429 3362 2498 Ῥουϐὴν
3393 2429 3629 2481 ἐλάττονι
3654 2430 3842 2498 κακῷ

2225 2510 2285 2562 τὸ
2318 2513 2503 2580 μεῖζον
2539 2511 2800 2564 ἐκώλυσε·
2831 2513 2926 2564 καὶ
2955 2511 3049 2564 νῦν
3079 2511 3238 2564 πάλιν
3261 2514 3288 2564 0
3315 2512 3513 2575 Ἰούδας
3535 2513 3842 2583 πραθῆναι

2227 2593 2583 2663 συμϐουλεύει
2631 2594 2722 2648 τὸν
2774 2593 3023 2662 ἀδελφὸν,
3068 2594 3210 2647 ὥστε
3261 2595 3360 2663 τῆς
3401 2595 3613 2664 σφαγῆς
3648 2597 3840 2647 (rb-.3»;

2225 2677 2551 2747 ἐξαρπάσαι.
2588 2677 2757 2731 Τοῦτο
2785 2678 2841 2730 δέ
2878 2678 2998 2732 ὅλον
3030 2679 3269 2745 ἐγένετο,
3309 2679 3394 2732 ἵνα
3429 2678 3693 2749 πληρωθῇ
3731 2680 3839 2732 καὶ

2225 2761 2466 2815 ἀκόντων
2505 2764 2685 2816 αὐτῶν
2718 2763 2786 2816 τὰ
2807 2762 2970 2833 παρά
3001 2763 3095 2815 τοῦ
3127 2763 3263 2816 Θεοῦ
3291 2763 3694 2834 προρρηθέντα,
3733 2767 3838 2816 καὶ

2226 2845 2621 2916 ὑπηρετοῦνται
2660 2850 2725 2918 τῇ
2766 2847 3069 2916 οἰκονομίᾳ.
3126 2846 3234 2900 Καὶ
3275 2846 3616 2914 δεξάμενοι,
3652 2849 3832 2914 φησὶ,

2225 2929 2340 2995 τὴν
2368 2929 2728 2998 συμϐουλὴν
2750 2931 2855 2984 τοῦ
2893 2929 3106 2992 Ἰούδα,
3131 2929 3601 2992 ἀναϐιϐάσαντες
3623 2930 3838 2981 αὐτὸν

2225 3011 2343 3065 ἀπὸ
2377 3012 2482 3066 τοῦ
2511 3012 2763 3077 λάκκου,
2793 3013 3088 3068 ἀπέδοντο
3119 3012 3306 3066 αὑτὸν
3335 3013 3456 3077 τοῖς
3498 3013 3838 3079 Ἰσμαηλί-

2223 3113 2353 3162 ταις
2382 3097 2575 3149 εἴκοσι
2599 3097 2864 3166 χρυσῶν.
2892 3099 2956 3148 Ὢ
2991 3095 3432 3165 συναλλάγματος
3464 3094 3831 3168 παρανόμου,

2223 3179 2268 3232 ὢ
2292 3179 2517 3249 κέρδους
2547 3181 2814 3251 ὀλεθρίου,
2841 3180 2886 3232 ὦ
2919 3181 3174 3252 πράσεως
3199 3179 3552 3246 ἀδικωτάτης.
3581 3177 3688 3228 Τὸν
3723 3177 3834 3240 τὰς

2224 3263 2396 3327 αὑτάς
2422 3265 2549 3334 ύμῖν
2577 3263 2773 3326 ὠδῖνας
2800 3263 3057 3326 λύσαντα,
3083 3263 3173 3314 τὸν
3193 3261 3335 3314 οὕτω
3357 3260 3432 3329 τῷ
3461 3261 3626 3330 πατρὶ
3654 3276 3835 3331 περι·

2224 3346 2326 3399 πόθ
2338 3362 2480 3418 ητον,
2505 3347 2596 3399 τὸν
2625 3348 2704 3410 είς
2727 3345 3014 3415 ἐπίσκεψιν
3043 3345 3317 3415 ὑμετέραν
3346 3342 3832 3412 παραγενόμενον,

2223 3435 2316 3487 τὸν
2359 3434 2418 3487 οὺ
2470 3433 2686 3505 μικρὸν,
2733 3435 2792 3487 οὐ
2838 3433 2980 3504 μέγα
3013 3433 3142 3486 ποτέ
3182 3433 3326 3501 ὑμᾶς
3354 3431 3691 3494 ἀδικήσαντα
3736 3448 3836 3482 ττι-

2226 3518 2494 3587 πράσκειν
2525 3519 2875 3587 ἐπιχειρεῖτε,
2919 3517 3012 3569 καὶ
3039 3515 3372 3586 πιπράσκειν
3401 3513 3700 3582 βαρϐάροις
3733 3514 3838 3565 ἀνι-

2227 3599 2464 3670 θρώποις
2488 3601 2583 3654 καὶ
2611 3603 2690 3663 εἰς
2719 3601 2818 3670 τὴν
2848 3599 3122 3667 Αἴγυπτον
3144 3596 3420 3660 κατιοῦσι;
3445 3595 3540 3658 Τίς
3567 3597 3601 3663 ἡ
3625 3596 3837 3647 τοσαύ-

2223 3699 2291 3752 τη
2326 3683 2520 3753 μανία;
2548 3683 2630 3746 τίς
2657 3683 2686 3735 0
2720 3682 2944 3751 φθόνος;
2975 3681 3056 3744 τίς
3087 3682 3120 3752 ἡ
3146 3679 3444 3749 βασκανίας
3476 3679 3536 3730 Εἰ
3579 3677 3682 3745 μὲν
3712 3677 3836 3748 γάρ

2224 3767 2292 3820 τά
2324 3767 2579 3838 ὀνείρατα
2621 3765 2918 3829 δεδοικότες
2947 3765 3103 3818 τοῦτο
3134 3767 3359 3827 ποιεῖτε,
3399 3764 3473 3825 ὡς
3507 3766 3834 3831 πεπεισμέ-

2225 3869 2307 3904 νοι
2336 3852 2417 3904 ὅτι
2446 3851 2511 3922 δὴ
2546 3851 2765 3915 πάντως
2787 3850 2961 3915 ἔσται,
2988 3849 3133 3911 τίνος
3164 3849 3348 3901 ἕνεκεν
3377 3847 3655 3910 ἀδυνάτοις
3693 3848 3835 3899 ὲπι-

2226 3938 2479 4007 χειρεῖτε,
2515 3937 2608 3989 καλ⁵
2637 3935 2726 3989 διὰ
2756 3935 2864 3988 τῶν
2887 3933 3015 4004 παρ’
3050 3933 3205 4001 ὑμῶν
3230 3932 3528 4002 γινομένων
3557 3932 3647 3983 τὸν
3677 3932 3833 4002 πρὸς

2224 4019 2314 4068 τὸν
2340 4017 2472 4068 Θεὸν
2503 4017 2736 4086 πόλεμον
2773 4015 3166 4080 ἐπιδείκνυσθε,
3201 4016 3292 4068 τὸν
3314 4015 3482 4068 ταῦτα
3511 4013 3658 4083 αύτῷ
3683 4031 3836 4084 πᾳ)-

2226 4101 2632 4172 αγορεύσαντας
2666 4103 2726 4153 Εἰ
2756 4101 2812 4155 δέ
2835 4101 2985 4154 οὺδέν
3019 4099 3238 4171 ἡγεῖσθε
3276 4100 3342 4153 τὰ
3369 4099 3642 4167 ὀνείρατα,
3671 4098 3830 4151 ἀλλά

2227 4187 2390 4257 λῆρον
2435 4186 2572 4238 αὐτὰ
2619 4183 2756 4238 εἶναι
2791 4185 3060 4255 νομίζετε,
3093 4183 3179 4236 διὰ
3208 4181 3260 4235 τί
3290 4181 3462 4235 ταῦτα
3490 4181 3834 4248 διαπράττεο

2229 4270 2342 4333 σθε,
2371 4269 2405 4322 ἃ
2428 4269 2649 4340 διηνεκῆ
2687 4271 2812 4339 ὑμῖν
2843 4268 2939 4339 τὴν
2974 4265 3165 4337 κηλῖδα
3193 4265 3528 4335 προξενήσει,
3566 4264 3662 4315 καὶ
3687 4265 3834 4316 πέν-

2227 4352 2317 4415 θος
2348 4351 2684 4405 ἀδιάλειπτον
2709 4352 3083 4423 ἀπεργάσεται
3110 4348 3190 4418 τῷ
3223 4346 3426 4418 πατρί;
3469 4345 3608 4398 Ἀλλ’
3641 4344 3689 4397 ὣ
3725 4349 3833 4415 τῆς

2228 4435 2530 4508 ὑπερϐολῆς
2573 4435 2669 4487 τοῦ
2719 4435 2944 4497 πάθους,
3014 4433 3210 4504 μᾶλλον
3257 4433 3313 4485 δέ
3367 4432 3464 4501 τῆς
3529 4431 3831 4500 μιαιφόνου

2227 4519 2470 4588 γνώμης.
2506 4520 2674 4571 Ὅταν
2697 4519 2803 4587 γάρ
2825 4535 2907 4580 τις
2928 4517 3067 4586 ἐκδῷ
3089 4515 3276 4568 ἑαυτὸν
3303 4514 3444 4566 κατά
3470 4531 3591 4565 τινα
3617 4514 3834 4566 ἄτοπον

2230 4603 2459 4674 πρᾶξιν,
2501 4601 2594 4654 καὶ
2628 4599 2954 4671 ὑποϐρύχιος
2996 4599 3220 4667 γένηται
3271 4595 3375 4649 ὑπὸ
3416 4596 3515 4665 τῆς
3572 4597 3682 4647 τῶν
3734 4596 3832 4648 λου

2229 4684 2440 4755 γισμῶν
2493 4684 2754 4747 ἀτοπίας,
2819 4684 2880 4735 ού
2927 4682 3021 4735 τὸν
3064 4681 3360 4751 ἀκοίμητον
3397 4678 3670 4748 λαμϐάνει
3716 4679 3833 4746 πρὸ

2231 4767 2522 4838 ὀφθαλμῶν
2573 4765 2870 4836 ὀφθαλμὸν,
2920 4766 2981 4818 οὺ
3015 4764 3112 4835 τὴν
3155 4763 3314 4832 φύσιν
3356 4762 3524 4833 αὐτὴν
3564 4762 3830 4824 αἰδεῖται,

2230 4854 2326 4920 οὐχ
2381 4850 2564 4920 ἕτερόν
2621 4867 2672 4901 τι
2728 4848 2836 4900 τῶν
2883 4847 3193 4917 δυναμένων
3251 4845 3414 4899 αὐτὸν
3462 4847 3543 4908 εἰς
3596 4847 3832 4912 συμπά-

2232 4934 2380 4987 θειαν
2415 4934 2668 5001 ἀγαγεῖν,
2704 4932 2840 5001 ὅπερ
2879 4933 2973 4984 καὶ
3004 4925 3148 4984 οὗτοι
3190 4928 3553 4981 πεπόνθασιν·
3596 4929 3697 4996 οὐχ
3745 4931 3832 4980 ὅτι

2233 5018 2454 5085 ἀδελφος
2480 5012 2547 5084 ἦν
2574 5027 2623 5076 ⁸,
2652 5015 2749 5084 οὐχ
2791 5015 2871 5066 ὃτι
2913 5015 3052 5076 νέος,
3095 5013 3193 5082 οὐχ
3225 5013 3308 5064 ὅτι
3337 5011 3704 5080 περιπόθητος
3747 5010 3833 5080 τῷ

2234 5102 2420 5171 πατρὶ,
2456 5100 2553 5168 οὺχ
2578 5099 2659 5151 ὅτι
2684 5099 2908 5167 ἄπειρος
2933 5097 3007 5148 ὣν
3032 5095 3126 5166 τῆς
3158 5098 3214 5150 ἐν
3241 5097 3363 5166 ξένῃ
3391 5095 3696 5162 διαγωγῆς,
3732 5093 3834 5146 καὶ

2232 5186 2332 5254 τῆς
2369 5187 2426 5236 ἐν
2470 5182 2726 5253 ἀλλοτρίᾳ.
2770 5180 3071 5251 διατριϐῆς,
3115 5179 3267 5250 [589]
3317 5177 3588 5247 τοσαύτην
3634 5177 3832 5246 μέλλει

2233 5269 2417 5340 χώραν
2457 5266 2775 5327 διαϐαίνειν,
2831 5265 2925 5318 καὶ
2975 5263 3270 5333 βαρϐάροις
3333 5263 3622 5314 συνοικεῖν·
3680 5261 3835 5314 ἀλλά

2234 5353 2412 5404 πάντα
2475 5349 2726 5419 σώφρονα
2769 5348 3028 5415 λογισμὸν
3061 5346 3436 5415 ἀπωσάμενοι,
3481 5344 3602 5405 ἐνὸς
3647 5344 3826 5412 μόνου

2234 5433 2496 5501 ἐγίνοντο,
2535 5433 2629 5484 τοῦ
2661 5431 2753 5485 τὸν
2788 5432 2986 5484 οἰκεῖον
3013 5430 3226 5496 φθόνον,
3261 5430 3337 5491 ὼς
3369 5427 3642 5496 ἐνόμιζον,
3685 5428 3835 5489 τέω;

2235 5520 2313 5581 εἰς
2343 5517 2502 5588 ἔργον
2531 5517 2775 5584 ἀγαγεῖν.
2809 5513 2918 5565 Καὶ
2949 5515 3145 5565 ἐκεῖνοι
3172 5512 3271 5582 μὲν
3295 5514 3360 5581 τῇ
3386 5511 3576 5580 γνώμῃ
3603 5509 3825 5577 ἀδελφιν

2236 5602 2412 5654 κτόνοι
2434 5600 2738 5669 γεγόνασιν·
2767 5599 2794 5650 0
2815 5597 2872 5649 δέ
2887 5595 3061 5649 ταῦτα
3082 5595 3269 5648 παθὼν
3293 5596 3382 5647 ὑπ’
3405 5594 3583 5646 αὐτῶν
3607 5593 3833 5646 ἅπαντα

2240 5686 2500 5754 γενναίως
2531 5684 2818 5752 ὑπέμενεν.

2324 5770 2388 5822 Ἡ
2443 5768 2551 5838 γάρ
2596 5766 2798 5821 ἀνωθεν
2838 5765 2958 5835 χεὶρ
2986 5759 3054 5834 ἦν
3081 5764 3242 5816 αὐτὴν
3285 5763 3318 5833 ὴ
3356 5759 3689 5832 φρουροῦσα,
3733 5762 3829 5812 καλ

2243 5854 2422 5906 πάντα
2471 5853 2536 5903 τά
2587 5849 2822 5920 δυσχερῆ
2877 5847 3034 5919 ῥᾴδια
3087 5847 3181 5901 καὶ
3219 5845 3418 5899 εὔκολα
3453 5843 3830 5915 ἐργαζομένη.

2308 5951 2333 5978 ³
2373 5948 2559 5998 Boisius
2597 5945 2872 5996 addendum
2916 5949 3091 5993 censet
3114 5943 3384 6004 ἐνενόησαν,
3427 5941 3505 5990 \‘el
3528 5938 3818 6002 ἐλογίσαντο

2242 6010 2322 6061 vel
2357 6011 2420 6065 εἰς
2454 6011 2628 6058 ἔννοιαν
2654 6010 2838 6069 ἔλαϐον,
2858 6007 2937 6056 vel
2963 6007 3058 6056 tale
3080 6004 3215 6066 quid.
