4038 6358
307 335 416 392 529

306 451 585 505 decretam
633 450 873 518 caedem;
905 466 967 506 ac
991 453 1374 512 crucifixerunt
1408 472 1531 513 eum
1574 459 1662 529 qui
1690 468 1911 528 propter

312 551 556 597 nostram
604 544 832 600 salutem
878 549 1021 603 servi
1060 548 1287 605 formam
1333 552 1609 623 suscipere
1663 552 1910 624 dignatus

304 644 409 689 est.
453 636 519 690 Et
557 636 643 692 isti
673 638 889 708 quidem
933 640 1327 711 apprehensum
1352 686 1367 711 ,
1398 653 1453 700 et
1475 645 1621 700 cruci
1650 646 1901 700 traditum

303 725 621 781 occiderunt
652 745 666 780 :
696 727 772 782 illi
819 737 1003 785 autem
1062 734 1443 790 consultabant
1502 735 1754 807 quidem,
1812 739 1908 794 sed

309 832 472 886 opere
494 819 633 887 quod
658 821 1011 878 consulebant
1040 839 1145 878 non
1194 826 1570 895 impleverunt.
1612 828 1908 897 Oportebat

308 917 495 966 autem
551 908 776 980 ﬁguram
834 913 1014 969 minus
1069 914 1310 984 habere,
1364 934 1523 988 quam
1580 920 1907 975 veritatem:

304 1000 432 1067 quia
475 1001 670 1072 alioqui
710 1017 817 1057 non
864 1002 1053 1059 fuisset
1103 1006 1268 1076 figura
1299 1023 1484 1063 eorum
1526 1025 1648 1080 qua:
1679 1011 1906 1081 posthac

307 1088 482 1142 futura
513 1099 689 1144 erant.
722 1091 1012 1163 Propterea
1052 1095 1158 1150 illic
1187 1096 1401 1166 quidem
1442 1099 1591 1169 quasi
1616 1100 1668 1154 in
1717 1100 1905 1155 umbra

304 1182 629 1251 praesignata
671 1193 814 1237 sunt.
880 1185 951 1239 Et
1014 1187 1379 1244 animadverte
1420 1205 1537 1244 rem
1584 1189 1903 1246 mirabilem.

302 1272 423 1325 Non
468 1273 809 1343 occiderunt,
857 1277 950 1330 sed
994 1279 1383 1344 vendiderunt,
1430 1290 1484 1335 et
1517 1291 1723 1337 vestem
1767 1282 1907 1338 lia-di

304 1368 570 1437 sanguine
602 1368 943 1437 inquinantes
970 1371 1231 1427 dederunt
1253 1375 1389 1442 patri
1416 1417 1430 1437 ,
1462 1375 1787 1443 persuadere
1813 1392 1909 1429 vo-

305 1459 481 1515 lentes
520 1463 753 1517 occisum
783 1463 947 1519 fuisse
975 1467 1139 1519 lilium
1181 1482 1360 1521 suum.
1388 1466 1552 1523 Vides
1579 1469 1756 1522 omnia
1789 1468 1906 1524 haec

307 1552 443 1609 facta
470 1569 611 1620 esse,
641 1565 697 1608 ut
725 1557 874 1625 quasi
904 1556 954 1609 in
985 1558 1169 1611 umbra
1194 1558 1370 1628 imago
1398 1559 1488 1613 illa
1515 1575 1690 1613 rerum
1722 1560 1891 1627 ﬁeret,

306 1652 366 1697 et
389 1646 587 1700 veritas
614 1648 1004 1703 custodiretur?
1034 1649 1141 1704 Sed
1167 1650 1233 1704 ad
1263 1652 1455 1706 seriem
1490 1652 1753 1706 sermonis
1777 1653 1901 1707 red-

303 1752 513 1793 eamus.
542 1737 610 1792 Et
646 1733 781 1794 misit
825 1758 939 1795 eum
962 1783 977 1807 ,
1008 1744 1212 1813 inquit,
1245 1755 1405 1815 pater,
1437 1754 1485 1799 et
1523 1748 1657 1799 venit
1702 1747 1755 1800 in
1794 1746 1902 1818 Sy-

304 1832 472 1885 chem.
509 1834 595 1888 16.
629 1831 696 1887 Et
723 1836 917 1888 invenit
943 1853 1058 1889 eum
1082 1836 1231 1892 ltomo
1265 1848 1514 1892 errantem
1540 1840 1594 1893 in
1618 1856 1761 1911 agro.
1790 1840 1903 1895 Ro-

303 1925 439 1992 gavit
468 1934 636 1979 autem
665 1943 779 1979 eum
805 1927 952 1980 homo
980 1928 1151 1983 dicens
1180 1944 1200 1983 :
1231 1929 1368 1996 Quid
1395 1931 1581 2001 quarris
1611 1932 1636 1985 ?
1686 1932 1772 1987 16.
1804 1931 1906 1987 Ille

303 2025 473 2069 autem
500 2016 630 2070 dixit
654 2034 674 2071 :
702 2017 911 2074 Fratres
937 2036 1072 2074 meos
1092 2037 1284 2086 qttwro.
1331 2022 1590 2076 Annuntia
1632 2024 1758 2077 mihi
1776 2066 1789 2089 ,
1820 2025 1905 2079 ubi

305 2116 522 2173 pascant
564 2123 699 2161 oves.
736 2107 1025 2165 Considera
1052 2112 1323 2181 quomodo
1364 2114 1448 2168 hic
1493 2130 1686 2184 magno
1728 2116 1903 2171 studio

303 2196 373 2250 de
430 2197 680 2255 fratribus
729 2202 840 2257 suis
871 2202 1125 2273 inquirit,
1157 2214 1211 2259 et
1236 2206 1448 2262 curiose
1495 2208 1816 2277 perlustrat,
1848 2220 1904 2265 et

302 2289 488 2341 omnia
516 2289 642 2345 facit
681 2301 738 2346 ut
778 2308 873 2347 eos
900 2294 1084 2350 videre
1110 2297 1294 2365 possit.
1329 2298 1417 2351 l7.
1459 2298 1601 2353 Dixit
1628 2311 1795 2355 autem
1819 2304 1897 2369 ei,

300 2380 500 2450 inquit,
523 2383 672 2438 homo
701 2401 721 2439 :
740 2385 926 2439 Audivi
951 2404 1037 2441 eos
1066 2389 1305 2455 dicentes,
1334 2389 1525 2446 Eamus
1551 2393 1603 2446 in
1638 2393 1898 2449 Dot/zaim.

302 2469 375 2522 Et
405 2472 491 2524 ivit
519 2471 735 2544 Joseph,
764 2486 813 2529 et
834 2477 1022 2530 invenit
1048 2494 1153 2533 eos.
1186 2479 1274 2534 18.
1294 2478 1451 2534 Prius
1479 2492 1646 2536 autent
1672 2484 1903 2539 viderunt

301 2579 422 2616 eum
443 2581 475 2616 a
504 2565 650 2637 longe
675 2576 941 2635 antequam
970 2572 1400 2642 appropinquaret
1420 2574 1488 2627 ad
1513 2592 1585 2639 se,
1617 2585 1664 2629 et
1686 2578 1904 2648 maligne

306 2654 624 2722 cogitabant,
652 2667 706 2709 ut
732 2660 1011 2713 occiderent
1052 2678 1183 2714 eum.
1212 2664 1503 2719 Considera
1534 2665 1653 2731 hic,
1685 2683 1898 2737 qumso,

303 2745 405 2799 Dei
434 2748 714 2815 providam
740 2752 1056 2820 sapientiam
1078 2793 1094 2819 ,
1125 2756 1393 2823 quomodo
1422 2756 1500 2810 illi
1522 2758 1738 2828 quidem
1769 2775 1902 2815 con-

304 2837 455 2891 citati
482 2848 633 2893 erant
662 2839 714 2893 in
735 2842 935 2897 caedem
959 2844 1077 2910 ejus
1105 2862 1119 2898 :
1150 2845 1263 2914 ipse
1287 2856 1466 2902 autem
1497 2851 1673 2903 omnia
1702 2849 1901 2907 faciens

304 2937 363 2983 et
395 2938 754 2985 transmutans
784 2935 1040 3002 permittit
1066 2935 1282 2990 interim
1307 2938 1484 2992 omnia
1518 2938 1899 3008 impedimenta

304 3021 493 3090 objici,
526 3032 584 3077 ut
603 3023 804 3080 athleta
831 3040 928 3081 suo
954 3028 1182 3082 clariore
1208 3027 1378 3094 facto,
1400 3040 1725 3099 postremum
1754 3048 1901 3088 som-

307 3115 522 3168 niorum
544 3115 773 3171 adducat
802 3129 1072 3173 eventum.
1109 3117 1265 3174 Prius
1296 3131 1462 3175 autem
1489 3123 1717 3191 viderunt
1748 3142 1858 3179 eum
1882 3166 1897 3191 ,

307 3205 501 3273 inquit,
533 3216 578 3259 et
604 3209 822 3279 maligne
848 3211 1132 3281 cogitabant
1158 3222 1213 3265 ut
1233 3213 1515 3268 occiderent
1541 3233 1673 3270 eum.
1698 3217 1783 3271 19.
1810 3219 1873 3273 Di
1883 3248 1902 3262 -

305 3299 448 3351 cebat
469 3310 637 3353 autem
667 3304 1010 3373 unusquisque
1048 3307 1117 3358 ad
1142 3311 1352 3378 fratrem
1381 3325 1528 3362 suum
1557 3324 1575 3363 :
1602 3308 1733 3365 Ecce
1760 3330 1898 3365 som-

308 3389 476 3442 niator
527 3391 616 3445 ille
664 3394 843 3447 venit:
868 3395 958 3449 ρο.
988 3412 1122 3448 nunc
1166 3398 1321 3467 igitur
1367 3400 1527 3453 venite
1552 3443 1566 3463 ,
1612 3403 1900 3458 occidamus

306 3500 440 3548 eum,
472 3495 519 3537 et
548 3488 874 3556 proﬁciamus
901 3506 1016 3542 eum
1054 3490 1108 3544 in
1134 3490 1302 3544 lacum
1331 3509 1485 3545 unum
1517 3510 1578 3547 ea:
1608 3495 1685 3548 Itis
1706 3537 1720 3559 ,
1749 3506 1795 3549 et
1820 3497 1901 3549 di-

305 3592 481 3628 uinus
502 3618 517 3641 ,
568 3578 715 3631 Mala
756 3578 912 3634 bestia
942 3581 1193 3635 devoravit
1240 3598 1354 3636 eum
1372 3625 1387 3651 ,
1411 3592 1457 3636 et
1480 3584 1755 3640 videbimus
1777 3587 1901 3657 quid

307 3678 459 3721 erunt
484 3670 682 3724 somnia
709 3672 845 3740 ejus.

384 3760 512 3827 Qua:
537 3774 652 3816 sunt
685 3781 716 3817 a
742 3764 850 3819 Deo
880 3766 1125 3836 praedicta
1153 3777 1399 3837 nequeunt
1428 3768 1682 3838 impediri.
1708 3800 1781 3810 -—
1804 3770 1898 3825 Vi-

305 3850 431 3905 disti
458 3894 472 3917 ,
506 3868 599 3907 eos
624 3855 954 3910 somniorum
985 3865 1235 3912 eventum
1262 3869 1631 3926 exspectantes
1652 3860 1900 3916 occidere

308 3959 431 3997 eum
463 3956 685 4000 conatos
713 3948 857 4002 esse?
886 3948 989 4003 Sed
1016 3959 1072 4002 ut
1096 3949 1335 4014 discant,
1370 3966 1477 4004 non
1503 3966 1622 4006 esse
1650 3952 1899 4021 possibile

306 4054 370 4090 ea
406 4054 527 4107 qua:
553 4055 583 4094 a
633 4040 743 4095 Deo
773 4052 897 4095 sunt
940 4042 1189 4111 praedicta
1216 4084 1230 4108 ,
1259 4058 1365 4097 non
1409 4058 1572 4112 opere
1600 4044 1855 4114 compleri
1880 4087 1895 4110 ,

307 4130 614 4184 consultant
637 4141 690 4185 et
718 4142 1003 4199 attentant,
1037 4142 1090 4188 et
1118 4150 1271 4188 suam
1293 4135 1567 4188 declarant
1598 4136 1850 4190 malitiam
1879 4155 1892 4191 :

306 4232 362 4274 at
385 4223 596 4291 sapiens
618 4235 670 4279 et
697 4240 855 4293 sagax
887 4226 1026 4280 Deus
1052 4226 1390 4280 insidiatores
1412 4228 1713 4283 ministrare
1735 4231 1896 4283 etiam

308 4314 504 4370 invitos
529 4319 672 4385 cogit
700 4318 1079 4386 dispensationi
1111 4317 1431 4372 futurorum.
1464 4319 1725 4385 Quoniam
1754 4321 1895 4375 enim

305 4409 747 4476 conspiraverant
777 4412 828 4463 in
876 4419 1103 4465 mortem
1138 4411 1287 4480 ejus,
1315 4420 1370 4466 et
1399 4411 1448 4464 in
1481 4413 1757 4480 proposito
1781 4412 1891 4481 jam

306 4500 620 4554 occiderant
648 4518 661 4554 :
689 4500 780 4553 2|.
839 4500 907 4555 Ut
955 4502 1185 4567 audivit,
1234 4501 1441 4570 inquit,
1476 4502 1650 4556 Ruben
1672 4543 1687 4567 ,
1714 4503 1898 4573 eripuit

307 4609 422 4645 eum
446 4609 511 4647 ea;
535 4593 765 4647 manibus
791 4611 984 4659 eorum,
1012 4606 1057 4649 et
1084 4597 1212 4649 dixit
1243 4594 1366 4650 :2'2.
1399 4594 1524 4649 Non
1551 4599 1896 4665 percutiamus

306 4703 421 4739 eum
448 4686 501 4739 in
527 4687 750 4740 animam
779 4704 797 4741 :
824 4704 923 4741 non
947 4687 1190 4755 effundite
1216 4688 1535 4758 sanguinem;
1556 4687 1760 4757 abjicite
1784 4707 1895 4744 eum

302 4780 359 4833 in
382 4780 550 4832 lacum
577 4781 723 4834 illum
761 4782 812 4834 in
839 4782 1110 4836 solitudine
1131 4822 1147 4847 ,
1180 4798 1385 4834 manum
1422 4793 1591 4836 autem
1620 4798 1722 4837 non
1768 4783 1894 4853 inji-

304 4872 401 4924 cite
450 4870 505 4924 in
544 4888 658 4925 eum
682 4888 700 4926 :
723 4882 777 4926 ut
819 4889 934 4925 eum
979 4873 1189 4942 eriperet
1229 4890 1291 4927 ea:
1335 4873 1566 4926 manibus
1603 4890 1778 4927 eorum
1801 4915 1816 4941 ,
1847 4884 1896 4927 et

302 4965 535 5018 redderet
572 4982 685 5019 eum
713 4966 846 5036 patri
874 4983 987 5020 suo.
1022 4965 1155 5021 Vide
1180 4975 1234 5020 et
1272 4968 1430 5021 istum
1453 5009 1468 5033 ,
1492 4967 1760 5036 quomodo
1787 4983 1892 5022 non

303 5056 464 5110 audet
494 5056 775 5112 manifeste
816 5059 1027 5128 eripere
1056 5057 1270 5111 fratrem
1293 5099 1308 5124 ,
1341 5058 1435 5114 sed
1461 5059 1570 5128 jam
1614 5059 1892 5114 occidendi

300 5158 555 5203 conatum
584 5159 639 5204 et
662 5150 914 5219 impetum
940 5150 1214 5204 refrenare
1236 5154 1442 5217 volens,
1471 5150 1599 5206 dicit
1625 5169 1639 5205 ε
1671 5150 1792 5205 Νοη
1819 5155 1893 5222 ef-

298 5240 855 5311 funditcsanguinem,
886 5242 974 5296 sed
1018 5242 1216 5313 abjicite
1240 5258 1352 5296 eum
1379 5243 1432 5295 in
1467 5244 1652 5297 lacum.
1689 5243 1893 5298 Docere

299 5334 448 5389 enim
480 5349 577 5389 nos
607 5349 792 5390 volens
815 5336 991 5389 divina
1035 5335 1307 5403 Scriptura
1335 5349 1552 5404 scopum
1581 5346 1636 5391 et
1659 5348 1893 5391 mentem

300 5427 515 5493 Ruben,
542 5428 704 5482 dicit.
724 5427 849 5483 llaec
877 5438 1054 5483 autem
1076 5427 1322 5493 faciebat,
1358 5425 1425 5481 Ut
1453 5428 1662 5498 eriperet
1689 5444 1820 5491 eum,
1844 5439 1893 5481 et

297 5521 529 5574 redderet
548 5530 682 5591 patro
705 5537 816 5574 suo.
841 5520 910 5574 Et
934 5536 1055 5575 cum
1082 5521 1156 5574 illi
1184 5522 1299 5574 haec
1324 5520 1725 5586 consultarent,
1760 5536 1892 5575 non-

299 5613 426 5667 .lum
472 5613 672 5683 Ioseph
724 5615 1051 5680 advenerat,
1095 5613 1188 5667 sed
1240 5623 1518 5682 postquam
1564 5613 1889 5682 coIIOquium

299 5707 405 5762 hoc
430 5708 800 5772 absolverunt,
833 5706 923 5761 25.
964 5705 1149 5773 Venit,
1174 5705 1360 5776 inquit,
1390 5703 1585 5775 Ioseph
1609 5704 1676 5757 ad
1706 5705 1890 5771 fratres

296 5815 439 5853 suos.
464 5798 595 5855 Cum
629 5800 786 5873 igitur
810 5800 1133 5871 oportuisset
1157 5798 1278 5855 illos
1304 5812 1587 5856 occurrere
1616 5796 1800 5865 fratri,
1830 5807 1886 5853 et

1328 342 1394 397 IN
1433 342 1585 399 CAP.
1631 345 1893 401 XXXVII.
1935 349 2178 406 GENES.
2222 353 2450 412 HOMIL.
2494 357 2629 414 LXI.

3499 381 3605 441 530

2018 465 2345 534 amplexari,
2370 478 2424 525 et
2466 474 2734 542 quomodo
2756 493 2814 533 se
2842 492 2991 549 pater
3030 484 3268 557 haberet,
3295 492 3561 563 inquirere
3586 541 3602 563 ,

2020 554 2094 608 illi
2118 572 2245 613 vero
2280 560 2427 630 quasi
2456 564 2578 619 tene
2618 565 2860 635 quaedam
2883 613 2898 639 ,
2926 574 3017 629 ubi
3060 554 3263 646 agnum
3284 554 3604 654 conspicata;

2017 643 2210 702 fuerint
2235 691 2248 712 ,
2277 652 2518 709 assiliunt
2545 697 2559 720 ,
2588 666 2642 713 et
2679 658 2945 717 Exuerunt
2969 706 2983 729 ,
3017 643 3216 739 inquit,
3242 643 3437 745 Josepli
3471 643 3605 735 veste

2014 739 2176 804 varia,
2206 739 2296 795 24.
2322 753 2367 796 et
2395 757 2651 815 acceptum
2677 767 2789 804 eum
2816 756 3133 827 projecerunt
3151 762 3202 815 in
3226 763 3412 820 lacum.
3435 766 3601 828 Lacus

2015 841 2182 886 autem
2209 847 2315 889 erat
2344 853 2550 904 vacuus,
2579 860 2761 913 aquam
2784 864 2884 901 non
2910 850 3118 907 habens.
3140 854 3598 921 Quemadmodum

2014 928 2357 984 consuluerat
2383 932 2572 989 Ruben
2598 976 2610 997 ,
2646 938 2717 991 ita
2756 937 3017 997 fecerunt.
3046 945 3327 1017 Etinjecto
3350 951 3462 1017 illo,
3498 953 3598 1009 Se-

2014 1016 2196 1072 derunt
2224 1021 2293 1074 ad
2319 1024 2679 1080 comedendum
2711 1047 2912 1100 panem.
2945 1034 2989 1089 Ο
3027 1016 3395 1096 crudelitatem
3417 1016 3489 1099 !ro
3517 1045 3602 1099 in-

2014 1105 2422 1169 humanitatem!
2456 1114 2549 1170 llle
2568 1118 2782 1187 quidem
2811 1130 3011 1178 tantum
3045 1127 3250 1183 itineris
3274 1131 3598 1197 confecerat,

2012 1208 2065 1253 et
2094 1208 2239 1254 tanto
2265 1204 2441 1259 studio
2468 1206 2535 1262 de
2559 1208 2635 1262 eis
2659 1209 2986 1280 inquisierat,
3011 1225 3066 1270 ut
3091 1218 3292 1274 videret
3322 1232 3377 1276 et
3400 1239 3600 1278 annun-

2013 1291 2169 1347 tiaret
2216 1297 2351 1364 patri
2399 1300 2669 1367 quomodo
2708 1319 2767 1357 se
2803 1305 3064 1362 haberent
3097 1325 3184 1364 res
3231 1311 3440 1368 illorum
3473 1332 3487 1368 :
3517 1315 3595 1371 illi

2013 1399 2139 1438 vero
2160 1388 2307 1455 quasi
2342 1388 2548 1445 barbari
2572 1403 2622 1447 et
2652 1393 2925 1452 inhumani
2950 1442 2964 1465 ,
2996 1402 3118 1470 quia
3150 1404 3496 1459 consuluerat
3518 1408 3596 1462 eis

2012 1475 2197 1532 Ruben
2228 1496 2292 1533 ne
2319 1482 2653 1539 effunderent
2677 1491 2988 1557 sanguinem
3047 1492 3188 1549 fame
3229 1497 3472 1554 occidere
3498 1515 3596 1553 vo-

2012 1569 2211 1623 lebant.
2241 1572 2344 1626 Sed
2378 1574 2639 1646 benignus
2687 1581 2825 1635 Deus
2869 1584 3045 1638 Statim
3093 1603 3212 1641 eum
3247 1589 3489 1646 liberavit
3524 1594 3592 1646 alt

2011 1660 2213 1715 insania
2268 1664 2508 1719 fratrum.
2548 1668 2638 1724 25.
2671 1668 2796 1725 Cum
2823 1675 2963 1727 enim
3002 1679 3341 1734 consedissent
3362 1683 3433 1735 ad
3458 1700 3601 1737 com-

2012 1753 2257 1808 edendum
2287 1774 2486 1826 panem,
2511 1760 2737 1815 viderunt
2762 1762 3053 1821 Ismaelitas
3080 1770 3291 1826 viatores
3313 1773 3581 1837 venientes,

2010 1856 2054 1898 et
2082 1845 2366 1918 Egyptum
2394 1868 2565 1906 versus
2608 1865 2799 1910 euntes.
2839 1858 2927 1913 ‘26.
2964 1860 3029 1914 Et
3061 1862 3189 1917 dixit
3217 1863 3385 1919 ludas
3411 1882 3431 1921 :
3460 1867 3597 1934 Quid

2010 1941 2211 2007 prodest
2240 1943 2283 1995 si
2308 1945 2639 2001 occiderimus
2666 1951 2873 2019 fratrem
2904 1964 3164 2023 nostrum,
3192 1968 3239 2011 et
3265 1962 3594 2015 occultaveri-

2007 2048 2119 2087 mus
2145 2035 2435 2104 sanguinem
2464 2038 2615 2109 ejus?
2635 2040 2723 2095 27.
2747 2042 2940 2112 Venite,
2968 2047 3239 2104 vendamus
3266 2067 3379 2105 eum
3401 2051 3595 2108 lsmae-

2008 2122 2109 2178 litis
2137 2126 2246 2180 istis
2269 2144 2287 2181 :
2311 2145 2491 2185 manus
2517 2142 2684 2187 autem
2728 2147 2914 2191 nostra:
2972 2156 3073 2194 non
3119 2141 3218 2196 sint
3256 2162 3410 2214 super
3444 2162 3557 2200 eum
3579 2188 3591 2210 ,

2007 2216 2123 2283 quia
2146 2221 2304 2288 frater
2330 2231 2498 2275 noster
2523 2233 2567 2276 et
2596 2240 2715 2279 caro
2742 2237 2915 2281 nostra
2943 2241 3037 2284 est.

2074 2308 2133 2362 4.
2174 2307 2305 2363 Vide
2337 2313 2603 2378 quomodo
2648 2326 2701 2369 et
2749 2319 2896 2387 prius
2947 2320 3133 2377 Ruben
3187 2324 3395 2381 minore
3438 2327 3580 2382 malo

2006 2399 2179 2468 majus
2226 2402 2518 2470 prohibuit,
2551 2415 2605 2460 et
2642 2423 2783 2463 nunc
2809 2426 3021 2481 quoque
3057 2413 3223 2469 Judas
3266 2419 3495 2473 consulit
3536 2429 3597 2474 ut

2004 2492 2263 2546 vendatur
2289 2493 2450 2550 frater
2473 2540 2486 2563 ,
2519 2513 2624 2568 quo
2650 2515 2771 2555 eum
2802 2502 2870 2555 ab
2902 2504 3116 2560 interitu
3158 2507 3368 2577 eripere
3409 2520 3593 2579 quoat.

2006 2574 2118 2629 lloc
2141 2588 2319 2632 autem
2347 2587 2515 2633 totum
2539 2584 2608 2636 ita
2640 2595 2846 2654 gestum
2875 2597 2955 2641 est
2980 2628 2993 2650 ,
3016 2598 3076 2643 ut
3104 2574 3262 2645 etiam
3292 2574 3469 2646 invitis
3492 2595 3597 2648 illis

2004 2682 2124 2737 qua:
2148 2684 2177 2723 a
2208 2670 2315 2725 Deo
2346 2673 2595 2741 przetlicta
2617 2675 3138 2748 fuerantevenirent,
3166 2692 3219 2737 et
3239 2683 3595 2753 dispensatio—

2006 2759 2057 2813 ni
2089 2759 2282 2814 divinte
2302 2763 2581 2819 servirent.
2620 2765 2681 2819 Et
2709 2769 2936 2837 probato,
2968 2771 3157 2840 inquit,
3185 2775 3396 2828 consilio
3412 2774 3590 2841 Judte,

2003 2849 2092 2905 28.
2115 2852 2392 2906 eduxerunt
2437 2872 2551 2908 eum
2578 2856 2639 2909 de
2663 2858 2875 2912 cisterna
2899 2902 2913 2924 ,
2946 2869 2991 2912 et
3021 2862 3348 2916 vendiderunt
3389 2863 3591 2920 lsmae-

2007 2942 2109 2996 litis
2156 2944 2335 3014 viginti
2386 2946 2573 3000 aureis.
2629 2947 2674 3002 Ο
2714 2949 2946 3018 iniquam
2997 2954 3446 3021 permutationem
3491 2957 3504 3009 !
3562 2971 3596 3008 ο

2004 3033 2320 3089 damnosum
2370 3035 2615 3091 lucrum!
2645 3053 2677 3092 o
2723 3038 3129 3108 injustissimam
3185 3043 3590 3101 venditionem!

2006 3122 2143 3178 Eum
2171 3125 2261 3194 qui
2289 3125 2439 3179 vobis
2481 3128 2740 3197 sanguine
2773 3130 3242 3198 conjunctissimus
3266 3143 3401 3197 erat,
3434 3150 3591 3205 quem

2005 3226 2157 3286 pater
2184 3220 2414 3273 maxime
2440 3219 2669 3285 amabat,
2693 3220 2781 3290 qui
2811 3221 2876 3274 ad
2908 3222 3183 3276 visendum
3212 3239 3308 3280 vos
3338 3237 3592 3290 venerat,

2005 3309 2091 3378 qui
2121 3326 2406 3379 numquam
2437 3327 2531 3366 vos
2556 3312 2641 3366 vel
2668 3313 2718 3366 in
2749 3329 2934 3382 parvo,
2955 3316 3037 3369 vel
3067 3315 3119 3369 in
3143 3332 3333 3387 magno
3357 3318 3594 3373 offende-

2005 3411 2107 3466 rat,
2135 3401 2369 3456 vendere
2389 3402 2595 3457 audetis
2618 3420 2631 3469 ;
2664 3413 2717 3457 et
2745 3405 2976 3460 vendere
3006 3406 3309 3462 hominibus
3326 3409 3587 3474 barbaris,

2005 3504 2057 3545 et
2087 3494 2139 3546 in
2165 3491 2452 3564 Aigyptum
2481 3494 2964 3550 descendentibus?
2998 3496 3127 3562 Qua:
3164 3507 3308 3553 tanta
3349 3500 3593 3554 insania?

2005 3599 2124 3653 qua:
2151 3584 2388 3637 invidia?
2418 3585 2536 3654 quis
2584 3586 2759 3639 livor?
2784 3586 2913 3640 Nam
2959 3588 3004 3641 si
3055 3588 3158 3642 hoc
3185 3599 3330 3643 metu
3355 3590 3595 3644 somnio-

2005 3690 2121 3727 rum
2152 3673 2326 3727 facitis
2349 3716 2364 3740 ,
2391 3686 2447 3727 ut
2476 3677 2714 3742 persuasi
2755 3677 2869 3730 ham
2897 3678 3114 3731 omnino
3143 3687 3400 3733 eventura
3422 3696 3542 3735 esse
3572 3698 3587 3735 :

2005 3780 2172 3836 quare
2217 3765 2561 3834 impossibilia
2597 3767 2894 3831 attentatis,
2929 3777 2983 3821 et
3009 3768 3162 3822 factis
3192 3770 3383 3823 vestris
3404 3781 3590 3824 contra

2009 3859 2170 3911 Deum
2204 3857 2397 3911 bellum
2425 3858 2715 3923 assumitis,
2742 3859 2832 3929 qui
2853 3859 2967 3913 haec
2984 3860 3033 3912 ei
3058 3859 3416 3928 praedixerat?
3440 3861 3591 3928 Quod

2004 3951 2048 4003 si
2084 3949 2231 4003 nihili
2257 3949 2428 4004 facitis
2449 3950 2676 4016 somnia,
2715 3950 2809 4005 sed
2839 3952 3153 4005 existimatis
3175 3967 3297 4007 esse
3316 3953 3585 4020 delirium,

2006 4056 2176 4111 quare
2226 4042 2339 4095 haec
2390 4042 2545 4111 agitis
2594 4057 2713 4111 qua:
2759 4052 3068 4112 perpetuam
3123 4042 3274 4098 vobis
3327 4046 3588 4100 maculam

2006 4135 2236 4198 inurant,
2266 4141 2320 4187 et
2340 4132 2539 4187 luctum
2562 4132 2949 4188 indesinentem
2984 4134 3119 4204 patri
3140 4135 3592 4192 vestroall‘eraut?

2006 4224 2112 4279 Sed
2141 4240 2174 4277 o
2196 4224 2568 4293 gravissimum
2595 4224 2865 4290 morbum,
2913 4226 3020 4279 imo
3048 4236 3281 4280 mentem
3306 4228 3590 4297 sanguina-

2004 4316 2178 4372 riam!
2205 4317 2335 4370 Cum
2363 4315 2505 4371 enim
2543 4317 2662 4386 quis
2691 4314 2951 4371 nefarium
2998 4332 3134 4387 opus
3182 4318 3509 4389 aggreditur,
3535 4329 3592 4374 et

2003 4408 2243 4463 obruitur
2268 4423 2297 4461 a
2318 4408 2726 4477 cogitationibus
2754 4408 2998 4463 absurdis
3021 4450 3036 4475 ,
3070 4409 3114 4463 is
3143 4424 3313 4479 neque
3345 4412 3593 4480 pr0ponit

2002 4509 2127 4555 ante
2168 4500 2355 4554 oculos
2396 4500 2609 4554 oculum
2651 4501 2801 4554 illum
2836 4501 2925 4571 qui
2967 4516 3071 4555 non
3118 4502 3381 4572 quiescit:
3416 4519 3591 4574 neque

2002 4602 2280 4647 reveretur
2329 4600 2572 4646 naturam
2614 4592 2781 4661 ipsam
2816 4632 2832 4658 ,
2888 4608 3060 4663 neque
3107 4594 3331 4649 attendit
3391 4595 3590 4665 aliquid

2001 4686 2143 4756 quod
2168 4685 2233 4740 ad
2257 4685 2774 4740 commiscrationem
2802 4700 2861 4741 se
2877 4688 3045 4756 possit
3067 4686 3351 4752 irducere;
3377 4687 3429 4741 id
3445 4688 3587 4757 quod

2003 4788 2055 4833 et
2081 4778 2186 4832 illis
2213 4779 2408 4832 evenit.
2440 4777 2553 4831 Non
2587 4778 2729 4831 enim
2757 4779 3057 4848 cogitabant
3085 4778 3227 4849 quod
3243 4778 3405 4834 frater
3421 4791 3582 4843 esset,

2002 4884 2175 4938 neque
2222 4868 2363 4938 quod
2410 4868 2744 4933 adolescens,
2796 4885 2969 4939 neque
3008 4869 3150 4939 quod
3194 4878 3303 4924 tan;
3344 4871 3587 4926 amabilis

2000 4962 2158 5032 patri,
2186 4976 2359 5031 neque
2384 4961 2525 5031 qttod
2554 4978 2841 5032 numquam
2875 4962 2926 5015 in
2969 4974 3108 5017 terra
3140 4962 3310 5016 aliena
3339 4962 3586 5027 vixisset,

2000 5064 2053 5109 et
2072 5052 2210 5123 apud
2241 5062 2491 5107 externos
2518 5069 2805 5123 numquam
2828 5063 2951 5107 ante
2972 5062 3340 5120 conversatus,
3364 5069 3505 5108 nunc
3533 5055 3584 5108 in

2003 5160 2141 5204 terra
2174 5157 2280 5202 tam
2326 5157 2531 5202 semota
2570 5147 2708 5201 inter
2751 5146 3003 5201 barbaros
3036 5146 3368 5201 habitaturus
3394 5157 3537 5201 esset
3568 5165 3582 5201 :

1999 5241 2094 5296 sed
2124 5240 2268 5295 omni
2296 5240 2514 5294 honesta
2545 5240 2864 5309 cogitatione
2889 5238 3092 5307 abjecta
3122 5253 3283 5292 unum
3307 5237 3589 5293 dumtaxat

1999 5334 2278 5399 curabant,
2306 5332 2575 5402 quomodo
2603 5332 2852 5385 invidiam
2881 5347 3052 5395 suam,
3084 5340 3141 5384 ut
3168 5330 3442 5399 putabant,
3462 5345 3583 5398 ope-

1999 5444 2059 5483 re
2084 5428 2381 5497 explerent.
2430 5427 2497 5481 Et
2518 5426 2592 5480 illi
2618 5426 2829 5494 quidem
2864 5433 3043 5479 mente
3071 5423 3355 5478 fratricida:
3384 5433 3537 5478 erant
3564 5439 3580 5479 :

1998 5524 2083 5593 qui
2115 5531 2289 5575 autem
2324 5521 2389 5573 ab
2417 5520 2495 5574 eis
2521 5533 2707 5589 passus
2728 5526 2826 5580 est,
2858 5518 3033 5572 omnia
3074 5518 3279 5571 fortiter
3301 5516 3437 5572 tulit.

2070 5613 2256 5667 Manus
2283 5610 2489 5665 Domini
2516 5610 2730 5663 custodit
2753 5607 2964 5678 Ioseph.
2986 5638 3059 5649 -——
3076 5608 3579 5665 Custodiebatenim

1999 5721 2121 5760 eum
2154 5719 2341 5759 manus
2386 5716 2639 5773 superna,
2673 5709 2726 5757 et
2775 5701 2950 5754 omnia
2997 5699 3231 5755 difficilia
3259 5698 3488 5755 faciebat
3529 5700 3582 5754 ei

2001 5798 2171 5855 facilia
2201 5805 2255 5854 et
2282 5795 2437 5853 levia.
2478 5792 2702 5862 Quando
2744 5792 2886 5850 enim
2931 5806 3158 5865 superna
3213 5792 3580 5848 benevolentia
