4038 6358
412 321 549 397 ,εδι

457 435 701 497 fruimur,
729 430 887 485 etiam
937 430 1075 484 inter
1102 428 1307 482 medios
1349 426 1627 489 barbaros,
1658 434 1713 480 et
1762 425 1815 478 in
1858 424 2030 478 aliena

454 527 673 595 regione
696 522 885 577 melius
902 528 955 575 ct
972 518 1305 576 commodius
1328 518 1526 573 versari
1551 530 1850 587 possumus,
1870 531 2029 586 quam

457 619 488 671 ii
518 618 604 687 qui
630 616 770 671 domi
800 614 1055 678 habitant,
1084 621 1139 669 et
1162 612 1353 683 quibus
1378 627 1584 667 summa
1612 625 1736 665 cura
1764 611 2036 665 ministra-

462 717 545 761 tur
580 727 591 761 :
622 708 757 761 sicut
779 705 878 760 etsi
909 705 959 759 in
984 704 1143 759 domo
1172 719 1469 767 versemur,
1490 711 1544 757 et
1562 702 1807 757 omnibus
1834 700 2038 755 deliciis

458 800 558 855 frui
588 798 886 862 videamur,
928 795 1167 851 destituti
1194 804 1371 850 autem
1393 795 1561 848 simus
1589 808 1820 862 superno
1852 796 2038 860 praesi-

456 890 565 961 dio,
597 888 847 943 omnibus
877 901 1061 942 sumus
1091 886 1415 941 miseriores.
1469 884 1711 955 Magnum
1769 883 1911 937 enim
1961 888 2044 936 est

459 980 667 1031 virtutis
696 978 880 1044 robur,
912 986 968 1031 et
1010 977 1227 1031 malitiae
1255 974 1539 1029 infirmitas
1566 990 1580 1027 :
1608 983 1663 1028 et
1691 973 1791 1027 hoc
1814 972 2043 1027 maxime

456 1068 688 1123 ostendit
716 1068 868 1121 nobis
897 1067 1140 1127 historia,
1172 1082 1329 1134 quam
1373 1065 1424 1118 in
1469 1064 1714 1119 manibus
1763 1062 2042 1116 habemus.

457 1160 553 1214 Dic
582 1161 725 1215 enim
758 1174 893 1229 quos
918 1160 1141 1213 miseros
1163 1169 1217 1213 et
1248 1157 1539 1211 innumeris
1581 1156 1829 1226 lacrymis
1858 1154 2046 1223 dignos

458 1266 579 1306 esse
601 1260 772 1320 putas,
805 1250 991 1304 illosne
1013 1250 1101 1319 qui
1127 1259 1271 1303 tanta
1294 1248 1430 1302 mala
1456 1248 1712 1309 fecerunt,
1738 1262 1806 1301 an
1828 1245 2046 1299 fratrem

460 1344 550 1413 qui
594 1343 645 1396 in
697 1350 1019 1411 potestatem
1052 1341 1395 1394 barbarorum
1438 1339 1690 1395 venerat?
1716 1337 2047 1392 Manifestum

463 1435 605 1505 quod
653 1435 795 1489 illos.
849 1434 1030 1504 Cogita
1087 1432 1249 1496 enim,
1277 1431 1522 1498 obsecro,
1552 1431 1639 1484 hic
1682 1428 2047 1484 admirabilem

464 1528 632 1589 illum,
661 1527 748 1596 qui
782 1534 926 1580 tanta
954 1525 1317 1579 ministrorum
1348 1538 1475 1577 cura
1499 1522 1772 1585 educatus,
1802 1530 1855 1576 et
1882 1522 1935 1574 in
1967 1522 2049 1576 ul-

467 1622 548 1675 nis
596 1620 829 1690 paternis
876 1634 1087 1687 semper
1134 1616 1343 1671 habitus
1383 1614 1502 1681 fuit,
1530 1613 1797 1684 quomodo
1825 1621 2048 1683 repente

464 1720 677 1764 co:u:tns
707 1720 787 1763 est
818 1708 956 1762 ferre
984 1722 1197 1777 gravem
1244 1706 1553 1761 servitutem
1580 1704 1718 1774 apud
1758 1704 1901 1758 viros
1928 1704 2051 1757 bar-

468 1802 644 1865 bat-os,
679 1817 783 1854 non
810 1802 1056 1855 meliores
1082 1800 1210 1869 ipsis
1238 1799 1437 1853 bestiis.
1467 1798 1571 1852 Sed
1599 1798 1835 1852 omnium
1866 1796 2047 1851 Domi-

468 1908 570 1947 nus
613 1903 727 1949 erat
750 1935 764 1962 ,
795 1894 881 1961 qui
912 1902 966 1947 et
990 1893 1109 1947 illos
1142 1892 1403 1945 humanos
1447 1889 1725 1955 reddebat,
1758 1899 1813 1945 et
1862 1890 1949 1943 isti
1998 1889 2050 1942 in

468 1987 1066 2065 omnibuspatientiam
1127 1984 1363 2040 indebat.
1421 1984 1649 2038 Etcum
1690 1983 2055 2038 vendidissent

471 2077 710 2141 fratrem,
743 2077 892 2147 quasi
926 2075 1273 2144 perfecissent
1320 2074 1649 2144 propositum
1698 2087 1848 2127 suum
1881 2071 2052 2125 affecti

469 2167 634 2229 fuere,
668 2167 759 2221 illo
801 2166 979 2221 ablato
1008 2165 1259 2219 videlicet
1287 2180 1317 2218 e
1344 2163 1541 2229 medio,
1589 2164 1676 2218 cui
1727 2162 2052 2217 invidebant.

473 2259 563 2314 9.9.
590 2259 837 2313 Reversus
862 2268 934 2311 est
958 2268 1144 2320 autem,
1173 2257 1369 2325 inquit,
1404 2255 1575 2309 Ruben
1605 2256 1671 2307 ad
1691 2258 1980 2319 cisternam,
2011 2263 2058 2305 et

475 2368 577 2405 non
604 2352 722 2404 vidit
751 2350 979 2420 Josepli;
1012 2359 1057 2403 et
1082 2351 1296 2419 disrupit
1318 2349 1603 2403 vestimenta
1626 2365 1738 2415 sua,
1769 2348 1855 2403 50.
1874 2358 1918 2401 et
1938 2348 2056 2401 red-

486 2442 543 2496 iit
571 2444 638 2495 ad
662 2451 840 2507 fratres
867 2458 1019 2495 suos.
1058 2448 1105 2489 et
1147 2439 1274 2493 dixit
1299 2454 1316 2491 :
1350 2439 1483 2492 Puer
1520 2456 1619 2493 non
1656 2448 1760 2503 est,
1804 2455 1896 2509 ego
1942 2455 2058 2493 vero

484 2549 585 2604 quo
600 2532 683 2585 ibo
700 2533 840 2586 ultra
856 2524 1158 2592 ?Quoniam
1178 2523 1317 2579 enim
1331 2542 1495 2597 supra
1508 2526 1689 2582 docuit
1729 2526 1903 2582 divina
1920 2527 2063 2583 Scri-

485 2632 657 2693 ptura,
687 2639 806 2677 eum
833 2631 1111 2691 propterea
1148 2622 1477 2678 consuluisse
1524 2639 1644 2678 eum
1689 2625 1739 2677 in
1772 2628 2061 2687 cisternam

479 2714 889 2784 eonjicicntlum,
920 2723 975 2768 ut
995 2730 1059 2769 ex
1083 2715 1433 2785 sanguinnriis
1464 2717 1707 2770 manibus
1732 2716 1877 2770 illum
1895 2718 2062 2785 eripe-

483 2812 569 2861 ret
592 2814 646 2859 et
676 2804 924 2860 redderet
952 2806 1085 2875 patri
1120 2822 1132 2857 :
1161 2822 1301 2861 nunc
1322 2848 1336 2871 ,
1369 2807 1569 2877 inquit,
1595 2806 1683 2860 ubi
1713 2806 1845 2861 vidit
1867 2821 1927 2861 se
1955 2806 2063 2860 voti

462 2884 785 2967 compotem
813 2912 917 2953 non
944 2897 1316 2962 esse,discidit
1338 2898 1650 2952 vestimenta
1675 2913 1791 2963 sua,
1814 2906 1870 2953 et
1892 2897 2060 2952 dixit:

483 2986 623 3042 Puer
647 3005 746 3042 non
772 2998 863 3051 est,
892 3004 983 3059 ego
1010 2998 1178 3041 autent
1202 3005 1300 3056 quo
1330 2988 1513 3041 vadam
1538 2989 1563 3042 ἰ)
1588 2989 1808 3054 Qualem
1851 2988 2069 3043 habebi-

484 3094 602 3134 mus
642 3079 1037 3145 defensionem,
1060 3088 1115 3134 ct
1155 3080 1385 3134 maxime
1419 3095 1517 3149 ego
1544 3079 1633 3147 qui
1665 3079 1817 3135 vobis
1834 3095 2068 3149 praeesse

491 3170 676 3225 videor
696 3171 717 3223 ?
737 3170 957 3225 Putabat
983 3171 1124 3225 enim
1155 3186 1277 3225 cum
1302 3171 1534 3227 occisum
1562 3170 1745 3226 fuisse.
1804 3172 1873 3225 At
1918 3180 2064 3241 post-

488 3278 647 3333 quam
696 3264 894 3316 l‘actum
922 3273 1004 3316 est
1029 3262 1169 3332 quod
1193 3263 1520 3332 quaerebant,
1552 3272 1607 3317 et
1634 3267 1685 3317 in
1715 3264 1939 3319 alienam
1963 3273 2073 3319 ter-

491 3371 603 3408 ram
638 3354 899 3407 miserunt
936 3368 1056 3408 eum
1095 3368 1250 3421 quem
1290 3353 1413 3409 odio
1444 3353 1729 3419 habebant,
1759 3368 1916 3425 atque
1939 3356 2071 3410 invi-

489 3443 630 3498 diam
663 3459 813 3498 suam
840 3444 1017 3513 aliquo
1065 3444 1224 3500 modo
1276 3446 1579 3515 mitigarunt
1605 3461 1623 3499 :
1654 3456 1832 3515 postea
1880 3461 2069 3515 magna

491 3537 746 3591 industria
773 3536 1073 3605 cogitarunt
1128 3545 1188 3591 ut
1229 3537 1540 3592 deluderent
1584 3547 1811 3609 patrem,
1834 3554 1901 3593 ne
1933 3538 2069 3592 mala

491 3645 583 3683 sua
613 3629 936 3698 conspiratio
974 3629 1048 3683 illi
1104 3630 1380 3683 manifesta
1425 3629 1598 3684 fieret.
1650 3632 1739 3685 31.
1792 3629 1860 3684 Et
1909 3631 2071 3684 occiso

497 3721 643 3774 luedo
663 3736 937 3790 caprarum
961 3760 977 3786 ,
1004 3721 1385 3790 inquinaverunt
1414 3732 1595 3774 vestem
1623 3723 1886 3792 sanguine,
1916 3722 2003 3777 ’52.
2028 3732 2072 3776 et

494 3816 764 3868 attulerunt
788 3825 968 3868 vestem
999 3815 1131 3883 patri
1157 3830 1248 3867 suo
1268 3854 1285 3879 ,
1312 3824 1358 3867 et
1385 3815 1619 3868 dixerunt
1641 3814 1931 3884 :Cognosce
1953 3831 2072 3868 num

495 3907 644 3960 vestis
670 3905 764 3973 ﬁlii
787 3905 859 3958 tui
878 3905 962 3970 sit,
992 3920 1162 3957 necne.
1193 3904 1327 3969 Quid
1355 3904 1599 3973 decipitis
1618 3906 1970 3972 vosmetipsos
1994 3945 2008 3971 ,
2041 3920 2073 3958 ο

500 3988 788 4049 insensati?
843 3994 974 4049 Nam
1026 3993 1151 4049 licet
1194 4003 1398 4064 patrem
1431 3994 1680 4063 decipere
1701 3996 1934 4064 possitis,
1967 4011 2071 4049 non

500 4096 676 4139 tamen
699 4084 927 4140 latcbitis
953 4087 1163 4139 oculum
1190 4085 1338 4138 illum
1365 4084 1453 4154 qui
1481 4086 1644 4153 sopiri
1677 4086 1895 4154 nequit,
1917 4102 2073 4155 quem

506 4177 735 4232 maxime
760 4177 994 4231 omnium
1015 4175 1303 4230 formidare
1328 4177 1626 4245 oportebat.
1677 4175 1782 4231 Sed
1805 4176 1871 4229 ita
1902 4192 1960 4231 se
1982 4175 2078 4231 ha-

503 4270 591 4325 bet
621 4269 850 4323 humana
879 4278 1097 4333 natura,
1128 4267 1236 4323 imo
1276 4268 1349 4321 ita
1380 4282 1439 4321 se
1470 4267 1629 4321 habet
1668 4267 1954 4322 multorum
1984 4284 2078 4322 ne-

502 4359 663 4426 quitia
686 4400 701 4418 ,
731 4366 789 4411 ut
815 4359 1099 4413 humanum
1127 4358 1371 4412 timorem
1395 4366 1449 4411 et
1483 4362 1757 4426 praesentis
1791 4357 1910 4412 vitae
1947 4358 2077 4411 infn-

504 4452 663 4502 miam
696 4457 896 4502 tantum
929 4448 1164 4503 maxime
1185 4456 1435 4512 caveant,
1465 4448 1515 4501 in
1546 4457 1724 4502 mente
1767 4456 1943 4502 autem
1972 4464 2076 4502 non

506 4547 721 4593 versent
743 4538 978 4591 terribile
1007 4537 1134 4591 illud
1166 4538 1394 4591 tribunal
1421 4579 1435 4603 ,
1464 4548 1516 4592 et
1545 4538 1931 4593 intolerabilem
1962 4554 2077 4606 pm-

510 4643 652 4693 nam,
684 4626 776 4681 sed
807 4626 907 4681 hoc
939 4642 1097 4680 unum
1122 4636 1328 4693 curent,
1351 4626 1614 4695 quomodo
1633 4628 1863 4697 effugere
1880 4629 2081 4697 p055illl

510 4720 794 4773 humanam
824 4718 1295 4787 reprehensionem
1328 4738 1340 4772 :
1369 4719 1420 4773 id
1446 4719 1586 4789 quod
1629 4728 1683 4773 et
1726 4721 1797 4773 illi
1838 4729 2077 4788 egerunt,

507 4810 631 4863 dum
664 4820 868 4879 patrem
912 4824 1067 4861 suum
1106 4808 1352 4878 decipere
1386 4810 1715 4864 molirentur.
1740 4809 1827 4865 55.
1870 4812 2081 4881 Agnovit

507 4905 655 4969 enim,
688 4902 878 4972 inquit,
907 4912 1085 4956 vestem
1113 4911 1272 4972 pater,
1295 4911 1339 4955 et
1360 4903 1486 4956 dixit
1517 4918 1534 4956 :
1575 4901 1730 4956 Vestis
1743 4903 1836 4970 ﬁlii
1857 4903 1953 4954 mei
1972 4913 2044 4955 est
2063 4918 2081 4955 :

508 4997 615 5065 fera
631 4994 763 5047 mala
794 4993 1043 5047 devoravit
1064 5009 1194 5057 eum,
1223 4992 1329 5061 fera
1351 4992 1521 5061 rapuit
1544 4992 1752 5063 Josepli.
1770 4994 1975 5048 Etenim
1992 5010 2082 5048 vc-

512 5102 567 5138 re
593 5085 742 5154 quasi
769 5085 818 5137 in
861 5085 1025 5137 malas
1052 5083 1247 5136 bestias
1271 5084 1559 5147 incidisset,
1591 5085 1765 5139 omnia
1795 5084 2084 5139 crudeliter

514 5191 702 5245 passus
728 5184 831 5231 est.
860 5176 947 5228 5i.
976 5174 1191 5228 Discidit
1216 5184 1379 5228 autem
1406 5177 1693 5229 vestimenta
1714 5193 1825 5241 sua,
1847 5188 1890 5230 et
1919 5179 2083 5245 posuit

514 5283 708 5319 snrcum
738 5282 888 5333 super
918 5264 1109 5318 lumbos
1140 5282 1257 5318 suos
1282 5307 1296 5330 ,
1327 5274 1370 5317 et
1392 5265 1519 5318 luxit
1544 5267 1705 5332 ﬁlium
1747 5283 1892 5318 suum
1913 5267 2083 5321 diebus

514 5356 703 5408 multis.
734 5355 953 5421 Quantis
980 5354 1171 5408 fuerint
1189 5355 1262 5408 illi
1293 5354 1432 5423 digni
1456 5354 1722 5425 lacrymis,
1746 5358 1833 5425 qui
1862 5372 1963 5410 non
1993 5372 2082 5410 so-

517 5446 621 5497 lum
665 5444 882 5498 fratrem
924 5445 1164 5498 barbaris
1191 5445 1569 5509 vendiderunt,
1600 5446 1692 5499 sed
1721 5455 1773 5499 et
1801 5456 2001 5515 patrem
2030 5449 2082 5501 in

518 5545 755 5587 extrema
801 5545 1072 5589 senectute
1100 5536 1151 5588 in
1178 5545 1381 5589 tantum
1416 5536 1611 5589 luctum
1630 5535 1966 5604 injecerunt?
1993 5539 2080 5591 55.

521 5624 817 5696 Congregnti
836 5638 1000 5683 autem
1028 5639 1142 5683 sunt
1173 5630 1266 5698 filii
1291 5631 1399 5699 ejus
1428 5639 1473 5683 et
1492 5630 1613 5699 ﬁlice
1643 5640 1693 5682 ut
1711 5630 2086 5684 consolarentur

1184 314 1244 369 S.
1273 313 1549 369 JOANNIS
1587 309 2057 370 CIIRYSOSTOMI
2095 310 2409 366 ARCHIEP.
2450 314 2975 369 (IONSTANTINOP.

3610 316 3725 369 532

2137 438 2271 485 cum,
2291 434 2334 478 et
2368 426 2548 489 noluit,
2581 426 2749 479 dicens
2776 440 2795 479 :
2826 423 3142 479 Descendunt
3162 426 3229 477 ad
3249 425 3411 490 ﬁlium
3439 442 3604 479 meum
3635 428 3724 479 lu—

2143 532 2262 585 gens
2284 516 2336 569 in
2361 517 2634 586 infernum.

2214 606 2268 660 5.
2309 606 2506 674 Opinor
2538 616 2593 660 et
2638 605 2740 660 hoc
2772 606 2875 661 illis
2912 606 3070 660 aliam
3112 605 3273 660 fuisse
3298 605 3525 675 plagam.
3559 606 3726 660 Vide-

2144 699 2275 754 bant
2297 700 2439 753 enim
2468 710 2671 767 patrem
2698 707 2898 753 tantum
2923 709 3134 768 tamque
3158 699 3450 753 ferventem
3477 714 3725 753 amorem

2146 789 2399 844 exhibere
2427 805 2550 859 erga
2570 804 2691 844 eum
2721 790 2811 859 qui
2838 805 2940 843 non
2978 790 3163 844 aderat
3186 832 3199 855 ,
3223 790 3329 844 imo
3354 798 3410 843 et
3437 792 3731 859 putabatur

2146 896 2176 935 a
2203 881 2383 935 bestiis
2429 880 2761 951 discerptus,
2793 890 2846 935 et
2881 881 3068 950 majori
3114 880 3455 936 tabescebant
3503 881 3727 934 invidia.

2149 971 2255 1025 Sed
2281 971 2353 1025 illi
2384 972 2596 1041 quidem
2618 987 2741 1042 erga
2769 971 2984 1026 fratrem
3006 982 3059 1026 et
3078 988 3199 1040 erga
3228 981 3429 1042 patrem
3454 972 3727 1036 crudeles,

2150 1062 2288 1116 nulla
2313 1062 2506 1117 fuerint
2529 1064 2679 1117 venia
2713 1064 2854 1132 digni
2884 1084 2897 1116 :
2930 1063 3227 1118 Madianitae
3281 1074 3456 1118 autem
3513 1074 3570 1116 et
3622 1063 3728 1131 ipsi

2125 1153 2343 1211 .divina:
2396 1155 2634 1207 serviunt
2667 1154 3065 1223 dispensationi,
3115 1165 3169 1207 et
3216 1155 3390 1209 denuo
3431 1153 3728 1221 Josephum

2154 1247 2386 1302 vendunt
2408 1247 2669 1317 Petephre
2695 1247 3047 1317 archimagiro
3071 1246 3147 1317 (a)
3176 1247 3488 1300 Pharaonis.
3532 1245 3731 1299 Vidisti

2152 1340 2418 1409 quomodo
2443 1342 2692 1410 paulatim
2722 1340 2995 1409 procedit,
3027 1349 3081 1394 et
3105 1353 3199 1408 per
3226 1340 3405 1393 omnia
3432 1354 3585 1393 suam
3614 1340 3728 1392 vir-

2154 1439 2320 1486 tutem
2347 1441 2398 1486 et
2422 1434 2727 1502 patientiam
2756 1432 3012 1497 declarat,
3044 1441 3101 1486 ut
3135 1432 3210 1486 sic
3230 1433 3377 1502 quasi
3399 1432 3597 1486 athleta
3622 1431 3733 1485 for-

2154 1523 2276 1577 titer
2305 1533 2547 1589 certans,
2574 1522 2913 1577 redimiretur
2954 1538 3152 1577 corona
3193 1524 3363 1592 regni,
3410 1533 3467 1577 et.
3506 1533 3734 1577 eventus

2156 1614 2486 1668 somniorum
2540 1614 2886 1683 implerentur
2918 1632 2931 1666 :
2962 1629 3065 1683 quo
3097 1614 3415 1668 docerentur
3435 1615 3468 1668 ii
3496 1614 3583 1682 qui
3606 1629 3730 1667 eum

2155 1704 2521 1771 vendiderant,
2549 1718 2607 1759 se
2637 1704 2767 1758 nihil
2790 1704 3056 1759 commodi
3098 1720 3161 1758 ex
3190 1719 3284 1757 sua
3310 1704 3506 1757 malitia
3545 1718 3733 1770 repor-

2158 1797 2341 1852 tasse?
2388 1797 2612 1851 Tantum
2652 1798 2792 1851 enim
2824 1798 2986 1851 robur
3020 1796 3182 1850 habet
3209 1796 3399 1863 virtus,
3427 1806 3484 1850 ut
3535 1797 3735 1850 clarior

2159 1886 2275 1941 ﬁeri
2302 1886 2470 1941 soleat
2498 1902 2616 1941 cum
2646 1888 2944 1941 infestatur.
2974 1886 3113 1940 Nihil
3144 1887 3284 1940 enim
3328 1902 3388 1941 ea
3416 1887 3690 1940 robustius
3713 1926 3731 1950 ,

2138 1970 2291 2033 'nihil
2317 1978 2540 2033 validius
2574 1996 2588 2031 :
2614 1993 2719 2033 non
2743 1978 2883 2048 quod
2914 1980 3024 2048 ipsa
3055 1979 3169 2031 sola
3199 1987 3403 2032 tantum
3430 1977 3625 2031 habeat
3655 1995 3736 2030 ro-

2159 2069 2279 2135 bur,
2304 2068 2397 2122 sed
2424 2068 2545 2138 quia
2578 2069 2622 2122 is
2646 2070 2735 2138 qui
2763 2084 2879 2122 eam
2910 2068 3175 2137 possidet,
3202 2078 3256 2121 et
3280 2082 3566 2137 supernum
3586 2068 3736 2120 anxio

2164 2160 2288 2213 lium
2319 2160 2477 2215 habet
2509 2177 2521 2212 :
2550 2175 2656 2230 quo
2685 2160 2931 2229 praesidio
2961 2170 3015 2214 et
3043 2175 3145 2229 ope
3167 2175 3285 2214 cum
3317 2160 3538 2225 fruatur,
3562 2161 3737 2213 Omni—

2162 2254 2261 2311 bus
2290 2263 2372 2309 est
2400 2256 2662 2321 potentior
2691 2262 2744 2307 et
2771 2253 3017 2316 invictus,
3051 2266 3113 2306 ac
3142 2253 3258 2320 capi
3286 2252 3485 2320 nequit,
3511 2267 3615 2304 nun
3649 2268 3736 2307 ειη-

2162 2345 2269 2400 lum
2285 2346 2556 2400 hominum
2578 2345 2799 2406 insidiis,
2824 2343 2916 2398 sed
2939 2353 2992 2397 et
3011 2344 3310 2397 damonum
3331 2342 3736 2419 riiachinationi-

2164 2436 2282 2491 bus.
2343 2436 2399 2491 ld
2451 2436 2680 2491 scientes
2700 2477 2715 2503 ,
2746 2450 2812 2489 ne
2837 2434 3096 2503 fugiamus
3128 2434 3269 2489 male
3295 2432 3455 2489 affici.
3480 2436 3573 2493 sed
3604 2439 3738 2491 male

2164 2542 2321 2597 agere
2352 2547 2364 2582 :
2399 2528 2499 2581 hoc
2526 2526 2668 2580 enim
2713 2535 2796 2580 est
2826 2541 2949 2580 vere
2980 2526 3117 2579 male
3146 2524 3307 2578 affici.
3336 2524 3467 2577 Nam
3499 2530 3586 2600 qui
3615 2545 3737 2598 pro-

2165 2619 2367 2673 ximum
2396 2616 2632 2694 afﬂigere
2660 2626 2845 2689 teatat,
2880 2618 2954 2678 illi
2973 2617 3185 2693 quidem
3211 2624 3431 2678 omnino
3473 2623 3604 2676 nihil
3641 2637 3736 2675 no-

2167 2726 2254 2771 cet
2286 2730 2299 2770 :
2331 2718 2454 2771 licet
2498 2718 2639 2772 enim
2696 2719 2763 2772 ad
2814 2733 3031 2788 parvum
3082 2726 3291 2788 tempus
3330 2728 3535 2781 noceat,
3559 2717 3613 2769 in
3643 2716 3740 2769 hoc

2170 2816 2373 2862 tantum
2414 2810 2614 2863 szeculo
2640 2808 2692 2864 id
2722 2809 2880 2874 facit;
2925 2810 3024 2863 sibi
3050 2819 3226 2863 autem
3273 2807 3587 2862 immortalia
3637 2816 3742 2859 tor-

2169 2910 2347 2955 menta
2401 2901 2680 2966 recondit,
2710 2910 2765 2955 et
2796 2916 2980 2970 poenas
3005 2900 3406 2955 intolerabiles:
3450 2912 3579 2967 quas
3637 2912 3740 2950 non

2170 2993 2327 3048 aliter
2368 2992 2601 3062 effugere
2650 3007 2952 3063 possumus,
2981 2993 3079 3047 nisi
3124 2991 3485 3062 paraverimus
3534 3004 3633 3044 nos
3677 2989 3741 3041 ad

2171 3084 2417 3139 ferendas
2436 3084 2750 3140 afflictiones
2770 3125 2783 3149 ,
2807 3093 2861 3139 et
2880 3083 3171 3139 secundum
3190 3082 3483 3137 doctrinam
3514 3080 3742 3142 Domini,

2172 3193 2455 3247 precemur
2486 3194 2581 3248 pro
2621 3179 2685 3232 iis
2725 3179 2813 3249 qui
2851 3178 3006 3232 nobis
3053 3176 3274 3246 injurias
3322 3174 3577 3229 inferunt.
3633 3172 3745 3226 Hoc

2171 3270 2313 3324 enim
2342 3269 2494 3323 nobis
2530 3284 2774 3338 magnam
2806 3269 3010 3338 parabit
3051 3268 3376 3335 mercedem,
3402 3277 3455 3322 et
3492 3264 3747 3320 concedet

2174 3360 2361 3431 dignos
2413 3360 2550 3414 effici
2600 3375 2766 3431 regno
2820 3361 3071 3415 caelorum
3103 3377 3116 3413 :
3145 3360 3283 3430 quod
3340 3359 3493 3413 nobis
3548 3359 3745 3411 utinam

2174 3451 2512 3516 concedatur,
2545 3452 2713 3522 gratia
2744 3461 2799 3507 et
2828 3452 3153 3521 benignitate
3180 3452 3387 3506 Domini
3414 3452 3578 3505 nostri
3622 3450 3746 3505 Jcsu

2174 3543 2391 3609 Christi,
2423 3544 2508 3597 cui
2552 3559 2672 3598 cum
2726 3544 2881 3598 Patre
2906 3556 2959 3598 et
2986 3554 3174 3599 sancto
3220 3544 3422 3614 Spiritu
3465 3543 3745 3612 sitgloria,

2176 3633 2476 3703 imperium,
2510 3635 2699 3701 honor,
2732 3650 2873 3690 nunc
2896 3644 2951 3691 et
2975 3650 3188 3707 semper
3209 3676 3224 3702 ,
3256 3644 3311 3691 et
3347 3636 3398 3690 in
3427 3641 3622 3691 saecula
3651 3648 3749 3688 δίει

2174 3726 2436 3781 culorum.
2467 3729 2658 3781 Amen.

2720 3840 2997 3895 HOMILIA
3039 3841 3197 3896 LXII.

2178 3948 2247 4003 Et
2277 3952 2398 4005 vidit
2424 3952 2590 4005 Judas
2615 3952 2829 4006 hominis
2855 3951 3131 4006 Chananwi
3172 3954 3361 4021 ﬁliam,
3394 3968 3505 4023 qua:
3545 3954 3753 4006 vocaba-

2248 4050 2330 4095 tur
2358 4042 2513 4109 Sava,
2547 4053 2591 4096 et
2620 4044 2763 4097 duxit
2798 4060 2909 4097 eam
2933 4086 2948 4109 ,
2971 4054 3016 4098 et
3042 4045 3295 4114 ingressus
3331 4054 3403 4099 est
3430 4046 3498 4098 ad
3523 4062 3634 4099 eam
3660 4061 3679 4098 :
3704 4054 3747 4097 et

2248 4134 2535 4203 concipiens
2582 4136 2773 4206 peperit
2805 4135 2988 4204 ﬁlium,
3018 4146 3065 4189 et
3096 4138 3288 4190 vocavit
3330 4153 3509 4190 nomen
3536 4138 3646 4205 ejus
3682 4136 3754 4189 Er

2253 4226 2405 4295 (Gen.
2439 4226 2528 4280 38.
2553 4227 2609 4280 2.
2634 4226 2710 4296 5).

2253 4362 2305 4415 1.
2346 4361 2485 4414 Satis
2508 4376 2675 4429 nuper
2699 4376 2765 4415 ex
2796 4359 3018 4414 historia
3039 4359 3238 4430 Joseph
3262 4360 3561 4424 didicimus,
3586 4376 3755 4429 quan-

2186 4463 2295 4509 tum
2319 4453 2497 4508 damni
2522 4462 2770 4511 nascatur
2790 4467 2854 4506 ex
2880 4452 3097 4515 invidia,
3125 4460 3179 4506 et
3207 4451 3473 4520 quomodo
3494 4453 3755 4520 pernicio-

2182 4559 2277 4599 sus
2306 4543 2395 4599 ille
2438 4543 2655 4598 morbus
2700 4543 2930 4598 animam
2959 4543 3188 4611 primum
3223 4550 3547 4610 corrumpat,
3574 4556 3605 4594 a
3654 4557 3755 4611 qua

2184 4635 2437 4690 nascitur.
2484 4634 2703 4689 Vidistis
2752 4633 3019 4703 quomodo
3065 4648 3160 4702 per
3208 4632 3347 4686 hanc
3387 4632 3755 4702 aegritudinem

2186 4726 2375 4781 fratres
2417 4724 2616 4794 Joseph
2660 4734 2714 4779 et
2755 4724 3087 4794 cognationis
3110 4724 3257 4778 obliti
3283 4732 3439 4787 sunt,
3471 4734 3529 4777 et
3556 4724 3754 4778 bestia-

2187 4833 2305 4871 rum
2323 4816 2689 4872 crudelitatem
2725 4830 2849 4885 crga
2889 4828 3011 4868 eum
3038 4814 3126 4883 qui
3154 4814 3205 4867 in
3232 4814 3378 4868 nullo
3405 4814 3551 4883 ipsos
3590 4814 3758 4868 offert-

2186 4908 2380 4973 derat,
2408 4916 2782 4968 exercucrunt,
2817 4905 3069 4960 malitiam
3116 4905 3334 4972 quidem
3384 4920 3534 4959 suam
3583 4907 3757 4973 potius

2186 5001 2520 5056 manifestam
2563 4998 2865 5061 reddentes,
2918 5012 3078 5067 quam
3125 4996 3272 5052 fratri
3322 5007 3596 5051 nocentes.
3655 4997 3755 5050 Ma-

2186 5093 2296 5147 litia
2341 5092 2481 5146 enim
2537 5104 2631 5144 sua
2683 5089 2838 5143 fratri
2891 5104 2990 5143 suo
3041 5103 3146 5142 non
3194 5096 3399 5142 tantum
3440 5098 3753 5145 nocuerunt.

2187 5192 2447 5252 quantum
2513 5181 2717 5250 seipsos
2786 5178 3072 5249 ignominia
3142 5177 3454 5232 affecerunt.
3506 5177 3641 5232 Nam
3690 5177 3753 5231 li-

2188 5285 2273 5329 cet
2343 5274 2580 5327 barbaris
2651 5288 2772 5326 cum
2851 5271 3232 5335 vendiderint,
3305 5281 3362 5326 et
3414 5270 3491 5324 illi
3552 5271 3753 5323 iterum

2188 5363 2522 5418 vendiderint
2595 5363 2949 5433 archimagiro
2998 5361 3334 5429 Pharaonis,
3415 5361 3756 5413 nihilominus

2189 5456 2310 5524 quia
2376 5454 2556 5507 habuit
2616 5469 2901 5520 supernum
2970 5453 3229 5506 auxilium
3265 5492 3280 5513 ,
3334 5467 3367 5506 a
3423 5468 3528 5519 quo
3598 5451 3759 5519 jura-

2192 5548 2349 5600 batur
2380 5589 2394 5612 ,
2451 5546 2624 5599 omnia
2693 5546 2792 5614 ipsi
2839 5545 2973 5598 levia
3018 5554 3074 5598 et
3126 5546 3299 5598 facilia
3342 5545 3452 5597 visa
3496 5555 3638 5598 sunt.
3696 5544 3755 5595 lit

2254 5684 2325 5745 (a)
2359 5682 2694 5745 Archimagiro,
2716 5681 2759 5728 id
2787 5689 2859 5731 est
2873 5715 2892 5741 ,
2912 5679 3119 5744 principi
3151 5692 3443 5743 cantorum;
3464 5680 3663 5740 Vulgata
3687 5689 3770 5728 ve-

2194 5741 2270 5807 ro,
2292 5741 2517 5808 magistro
2536 5741 2758 5793 militum.
