4038 6358
275 385 374 442 551

268 500 442 553 Ὅταν
466 498 575 570 γὰρ
603 501 702 571 τῆς
737 499 943 574 ἀνωθεν
976 499 1189 565 εὐνοίας
1232 502 1614 574 ἀπολαύωμεν,
1647 502 1751 557 κᾶν
1796 503 1854 555 ὲν

267 579 422 649 μέσῳ
450 578 743 650 βαρϐάρων
778 573 952 650 ὦμεν,
982 581 1086 635 κᾶν
1116 583 1204 634 ἐπ’
1237 573 1542 653 ἀλλοτρίας,
1569 583 1678 636 τῶν
1716 582 1854 634 οἴκοι

259 661 650 733 διατριϐόντων
716 663 812 716 καὶ
874 665 1052 735 πάσης
1108 665 1490 719 ἀπολαυόντων
1557 664 1854 736 θεραπείας

263 745 491 814 ἄμεινον
515 743 724 813 διάγειν
755 746 1052 816 δυνάμεθα·
1082 748 1272 818 ὥσπερ
1299 749 1403 802 κᾶν
1435 749 1528 802 ἐπὶ
1552 750 1650 818 τῆς
1673 748 1852 811 οἰκίας

261 828 653 899 διατρίϐωμεν,
680 831 784 885 κᾶν
814 833 994 903 πάσης
1014 834 1251 896 ἀνέσεως
1263 833 1554 886 ἀπολαύειν
1585 833 1851 902 δοκῶμεν,

262 911 464 982 ἔρημοι
499 913 558 966 δὲ
594 907 748 983 ῶμεν
778 916 878 986 τῆς
903 917 1108 970 ἀνωθεν
1131 917 1402 988 βοηθείας,
1434 918 1652 971 πάντων
1686 917 1853 986 ἐσμὲν

262 996 638 1067 ἐλεεινότεροι.
672 999 846 1070 Πολλὴ
869 1001 976 1072 γὰρ
1009 1002 1102 1055 καὶ
1131 1002 1228 1071 τῆς
1260 1002 1459 1072 ἀρετῆς
1489 1003 1521 1072 ἡ
1555 1001 1730 1070 ἰσχὺς,
1757 1001 1854 1053 καὶ

259 1083 363 1150 τῆς
397 1080 597 1144 κακίας
626 1083 660 1154 ή
691 1084 964 1138 ἀσθένεια·
996 1085 1271 1138 καὶτοῦτο
1304 1085 1540 1156 μάλιστα
1579 1084 1852 1139 δείκνυσιν

258 1167 398 1233 ἡμῖν
424 1164 564 1236 αὕτη
596 1167 628 1236 ή
658 1169 715 1219 ὲν
746 1169 932 1239 χερσὶν
969 1168 1201 1239 ἱστορία.
1236 1170 1401 1233 Τίνας
1427 1170 1552 1240 γὰρ,
1583 1169 1705 1222 είπέ
1735 1185 1848 1238 μοι,

260 1248 536 1312 ἐλεεινοὺς
579 1251 674 1302 καὶ
719 1252 930 1323 μυρίων
963 1251 1215 1324 δακρύων
1251 1253 1434 1317 ἀξίους
1461 1253 1688 1323 κρίνεις,
1723 1254 1851 1316 τοὺς

260 1332 504 1386 τοσαῦτα
527 1333 672 1388 κακά
703 1334 1114 1407 ἐργασαμένους
1147 1337 1236 1390 τὸν
1270 1337 1516 1406 ἀδελφὸν,
1550 1338 1583 1408 ἢ
1619 1338 1712 1390 τὸν
1745 1337 1852 1391 ὑπὸ

255 1417 330 1484 τῇ
373 1414 591 1486 δουλείᾳ,
643 1417 753 1470 τῶν
797 1419 1091 1490 βαρϐάρων
1147 1421 1543 1492 γεγενημένον;
1597 1420 1850 1490 Δηλονότι

257 1499 507 1563 τούτους.
554 1502 756 1556 Ἑννόει
783 1504 891 1575 γάρ
920 1522 1010 1576 μοι
1046 1504 1231 1559 λοιπὸν
1260 1505 1350 1559 τὸν
1376 1505 1679 1576 θαυμάσιον
1704 1506 1849 1558 ἐκεῖ-

256 1601 373 1646 νον,
404 1585 496 1638 τὸν
518 1587 658 1655 μετά
691 1589 960 1658 τοσαύτης
979 1588 1302 1661 δορυφορίας
1331 1590 1732 1662 ἀνατραφέντα,
1756 1591 1849 1643 καὶ

257 1666 369 1718 ὑπὸ
405 1670 524 1730 ταῖς
556 1670 825 1736 ἀγκάλαις
854 1673 976 1734 ταῖς
1003 1675 1294 1742 πατρικαῖς
1332 1673 1592 1743 διηνεκῶς
1626 1690 1851 1744 γεγενη-

258 1751 447 1820 μένον,
481 1751 677 1823 ἀθρόον
700 1755 1146 1825 ἀναγκαζόμενον
1184 1757 1427 1811 δουλείαν
1467 1757 1707 1828 χαλεπὴν
1748 1758 1850 1826 ὑφ-

259 1835 534 1899 ίστασθαι,
565 1837 658 1889 καὶ⁸
686 1837 928 1892 δουλείαν
959 1841 1110 1911 παρά
1141 1841 1436 1913 βαρϐάροις
1473 1843 1720 1914 ἀνδράσι,
1755 1843 1851 1895 καὶ

256 1916 469 1988 Θηρίων
497 1919 647 1973 οὐδὲν
675 1922 898 1991 ἄμεινον
917 1923 1300 1994 διακειμένοις.
1334 1925 1472 1979 Ἀλλ’
1499 1929 1526 1979 ό
1548 1926 1656 1978 τῶν
1678 1925 1851 1979 ἀπάν-

253 2019 370 2055 των
396 2003 670 2074 Δεσπότης
701 1999 769 2076 ἦν
795 2008 823 2058 ό
854 2008 949 2059 καὶ
974 2008 1215 2070 ἐκείνους
1255 2009 1499 2080 ἡμέρους
1545 2009 1849 2080 ἐργαζόμε-

255 2103 374 2148 νος,
415 2081 656 2156 κάκείνῳ
683 2087 886 2157 πολλὴν
921 2089 1100 2154 διδοὺς
1128 2092 1225 2162 τὴν
1253 2093 1552 2164 ὑπομονήν.
1579 2093 1688 2146 Καὶ
1717 2093 1851 2146 ἀπο-

252 2169 477 2238 δόμενοι
532 2169 622 2222 τὸν
671 2170 920 2240 ἀδελφὸν,
971 2172 1048 2235 ὡς
1101 2175 1180 2236 είς
1222 2175 1375 2239 τέλος
1417 2177 1717 2245 ἀγαγόντες
1757 2175 1848 2228 τὸν

253 2253 461 2305 οἰκεῖον
496 2252 720 2313 σκοπὸν,
750 2252 896 2306 οὕτω
913 2254 1100 2308 λοιπὸν
1126 2256 1408 2324 διέκειντο,
1435 2259 1678 2313 ἐκποδὼν
1699 2277 1852 2330 ποιη-

257 2339 496 2408 σάμενοι
515 2339 606 2390 τὸν
631 2339 724 2391 ὑπ’
749 2339 931 2391 αὐτῶν
954 2340 1336 2412 φθονούμενον.
1375 2344 1724 2414 Ἀνέστρεψε
1755 2345 1846 2410 δὲ,

247 2423 416 2492 φησι,
466 2421 870 2491 Ῥουϐὴνειέπὶ
891 2424 998 2478 τὸν
1020 2425 1272 2490 λάκκον,
1305 2428 1406 2480 καὶ
1451 2431 1565 2496 οὐχ
1594 2428 1705 2497 ὁρᾷ
1741 2430 1850 2484 τὸν

266 2506 509 2575 Ἰωσήφ
548 2506 648 2560 καὶ
685 2507 959 2576 διέρῤηξε
1004 2512 1078 2563 τὰ
1132 2511 1330 2578 ἱμάτια
1371 2513 1578 2576 αὐτοῦ,
1606 2513 1706 2566 καί
1744 2513 1848 2568 dr-

252 2589 520 2657 έστρεψε
547 2589 698 2657 πρὸς
720 2589 864 2656 τοὺς
885 2592 1186 2661 ἀδελφοὺς
1220 2595 1427 2658 αὐτοῦ,
1461 2595 1559 2647 καί
1585 2592 1736 2649 εἷπε·
1777 2596 1848 2651 Τὸ

254 2673 578 2742 παιδάριον
601 2677 712 2728 οὐκ
733 2675 924 2739 ἔστιν,
956 2674 1070 2744 ἐγὼ
1091 2674 1159 2728 δὲ
1188 2677 1306 2730 ποῦ
1331 2679 1697 2748 πορεύσομαι
1724 2678 1847 2742 ἒτι;

267 2759 493 2827 Ἐπειδὴ
529 2759 638 2828 γὰρ
663 2758 899 2823 ἐδίδαξεν
928 2758 1232 2832 ἀνωτέρωή
1266 2760 1384 2814 θεία
1418 2763 1630 2833 Γραφὴ,
1654 2763 1735 2815 ὅτι
1760 2762 1850 2816 διὰ

253 2841 420 2894 τοῦτο
454 2842 838 2895 συνεϐούλευσε
872 2843 1099 2914 Ῥουϐὴν
1119 2846 1198 2907 εἰς
1220 2845 1312 2897 τὸν
1338 2845 1538 2899 λάκκον
1559 2848 1650 2898 τὸν
1681 2847 1846 2900 αὐτοῦ

252 2925 491 2994 ἀδελφὸν
516 2925 874 2998 ἐμϐληθῆναι,
901 2925 1042 2981 ὥστε
1072 2927 1164 2980 καὶ
1196 2929 1305 2982 τῶν
1335 2931 1533 3002 χειρῶν
1564 2932 1726 2985 αὐτὸν
1756 2933 1840 2998 ἐξ-

253 3008 477 3062 ελέσθαι
510 3010 620 3062 τῶν
644 3010 901 3080 φονικῶν,
933 3014 1027 3066 καὶ
1063 3012 1354 3065 ἀποδοῦναι
1394 3013 1471 3084 τῷ
1508 3015 1694 3086 πατρί’
1729 3016 1844 3083 νῦν,

254 3095 448 3162 φησὶν,
485 3093 630 3158 ἰδὼν,
662 3096 744 3147 ὅτι
786 3096 1052 3168 διήμαρτε
1093 3096 1188 3149 τοῦ
1231 3099 1455 3166 σκοποῦ,
1488 3100 1741 3172 διέρρηξε
1777 3102 1848 3156 τά

256 3177 454 3246 ἱμάτια
493 3177 681 3240 αὑτοῦ,
721 3181 813 3233 καὶ
848 3176 990 3232 εἶπε·
1035 3180 1106 3234 Τὸ
1146 3181 1463 3249 παιδάριον
1500 3187 1610 3238 οὐκ
1651 3188 1844 3251 ἔστιν,

250 3260 371 3330 ἐγὼ
399 3260 468 3313 δὲ
507 3261 625 3315 ποῦ
651 3265 1019 3333 πορεύσομαι
1043 3263 1170 3329 ﬁn;
1208 3265 1395 3326 Ποίαν,
1428 3269 1612 3337 φησὶν,
1649 3269 1846 3340 ἕξομεν

250 3343 576 3410 ἀπολογίαν,
626 3345 722 3398 καὶ
768 3346 1006 3416 μάλιστα
1062 3349 1092 3400 ό
1133 3347 1306 3401 δοκῶν
1342 3349 1498 3418 ὑμῶν
1543 3355 1846 3423 πρωτεύειν

249 3429 402 3498 ὲγώ;
437 3429 686 3500 Ἐνόμιζε
711 3431 821 3502 γάρ
854 3431 1016 3485 αὐτὸν
1045 3432 1372 3504 ἀνῃρῆσθαι.
1409 3435 1546 3487 Ἀλλ’
1571 3437 1757 3508 ἐπειδὴ
1785 3439 1846 3491 τὸ

254 3514 696 3583 σπουδαζόμενον
727 3517 912 3579 αὐτοῖς
952 3515 1219 3585 ἐγεγόνει,
1256 3517 1348 3570 καὶ
1375 3517 1468 3571 τὸν
1517 3521 1844 3590 μισούμενον

249 3601 337 3660 εἰς
385 3597 487 3668 τὴν
526 3597 817 3666 ἀλλοτρίαν
855 3599 1171 3669 ἐξέπεμψαν
1210 3601 1333 3670 γῆν,
1383 3603 1478 3655 καὶ
1518 3603 1609 3656 τὸν
1651 3604 1843 3672 φθόνον

249 3685 348 3735 τὸν
378 3684 577 3734 οἰκεῖον
606 3681 778 3746 οὕτως
804 3682 1150 3754 ἠδυνήθησαν
1181 3687 1704 3758 παραμυθήσασθαι,
1730 3698 1842 3743 λοι-

250 3767 359 3820 πὸν
391 3767 572 3819 πᾶσαν
607 3767 856 3837 μηχανὴν
888 3767 1308 3833 ἐπιδείκνυνται,
1355 3769 1496 3824 ὥστε
1530 3776 1843 3845 παρακρού-

253 3850 458 3904 σασθαι
487 3850 578 3904 τὸν
607 3850 838 3921 πατέρα,
869 3853 959 3904 καὶ
989 3853 1062 3921 μὴ
1089 3853 1388 3924 κατάδηλον
1414 3856 1564 3926 αὐτῷ
1589 3858 1842 3924 γενέσθαι

249 3935 355 4007 τὴν
381 3935 559 4005 κακὴν
588 3936 931 4004 συμφωνίαν.
971 3935 1081 3990 Καὶ
1117 3937 1482 4006 σφάξαντες,
1514 3943 1698 4011 φησὶν,
1726 3944 1842 4012 ἔρι-

251 4037 376 4089 φον
400 4016 603 4088 αἰγῶν,
624 4020 722 4072 καὶ
739 4020 1120 4088 μολύναντες
1143 4021 1250 4074 τὸν
1269 4023 1489 4089 χιτῶνα
1513 4024 1593 4090 τῷ
1618 4027 1837 4096 αἵματι,

251 4103 624 4171 εἰσήνεγκαν
647 4103 726 4170 τῷ
751 4102 928 4170 πατρὶ
959 4101 1177 4169 αὐτῶν,
1207 4105 1303 4160 καί
1327 4103 1511 4162 εἷπον.
1531 4108 1840 4179 Ἐπίγνωθι

251 4191 305 4242 εί
347 4186 531 4256 χιτὼν
559 4185 668 4239 τοῦ
711 4186 846 4240 υἱοῦ
886 4187 1001 4240 σού
1035 4187 1226 4252 ἐστιν,
1272 4188 1311 4256 ἣ
1351 4188 1443 4242 οὔ.
1493 4189 1557 4242 Τί
1594 4193 1838 4247 ἀπατᾶτε

251 4271 505 4335 ὲαυτοὺέ,
541 4263 585 4322 ὦ
625 4269 878 4339 ἀνόητοι;
908 4269 1026 4323 Κᾶν
1057 4269 1164 4342 γὰρ
1193 4270 1285 4323 τὸν
1326 4273 1538 4344 πατέρα
1576 4275 1838 4348 δυνηθῆτε

254 4354 770 4425 παρακρούσασθαι,
815 4353 951 4407 ἀλλά
987 4355 1077 4408 τὸν
1119 4355 1417 4425 ἀκοίμητον
1456 4357 1734 4430 ὀφθαλμὸν
1777 4363 1837 4416 οὐ

251 4439 510 4510 λήσεσθε,
535 4437 593 4491 ὃν
625 4438 859 4506 μάλιστα
886 4437 1101 4490 πάντων
1124 4437 1418 4491 δεδοικέναι
1452 4441 1641 4511 ἐχρῆν.
1681 4444 1841 4498 Ἀλλά

249 4522 498 4576 τοιοῦτον
545 4523 576 4592 ὴ
625 4519 942 4589 ἀνθρωπίνη
989 4519 1169 4588 φύσις,
1205 4521 1405 4590 μᾶλλον
1445 4523 1501 4576 δὲ
1537 4525 1834 4600 τοιοίιτονή

255 4605 503 4679 ῥᾳθυμία
524 4604 632 4656 τῶν
655 4603 882 4656 πολλῶν·
915 4603 1006 4656 τὸν
1032 4603 1183 4673 παρά
1212 4604 1320 4656 τῶν
1347 4605 1649 4676 ἀνθρώπων
1676 4612 1838 4679 φόϐον

252 4689 352 4741 καὶ
380 4690 480 4759 τὴν
519 4687 724 4739 τούτων
767 4686 1029 4757 αἰσχύνην
1071 4685 1220 4758 [590]
1260 4687 1357 4758 τὴν
1398 4689 1535 4758 πρὸς
1565 4690 1626 4744 τὸ
1665 4695 1838 4764 παρὸν

257 4773 419 4841 μόνον
469 4770 596 4840 περὶ
634 4767 830 4821 πολλοῦ
880 4769 1210 4838 ποιούμενοι,
1252 4771 1310 4825 ού
1342 4771 1706 4841 λαμϐάνουσιν
1748 4778 1836 4830 ἐν·

251 4870 406 4908 νοιαν
435 4851 528 4904 τοῦ
559 4851 911 4922 δικαστηρίου
944 4852 1153 4904 ἐκείνου
1179 4852 1272 4906 τοῦ
1309 4856 1562 4926 φοϐεροῦ,
1604 4861 1698 4912 καὶ⁸
1735 4861 1836 4929 τῆς

254 4937 533 4997 κολάσεως
550 4935 650 5004 τῆς
671 4936 966 5006 ἀφορήτου,
987 4935 1099 4987 ἀλλ’
1113 4936 1229 4999 ἑνὸς
1253 4938 1412 5006 μόνου
1436 4939 1694 5008 γίνονται,
1719 4945 1838 5009 πῶς

251 5023 358 5092 τὴν
383 5019 538 5089 ποιρά
563 5019 672 5071 τῶν
703 5019 1006 5089 ἀνθρώπων
1043 5019 1247 5090 μέμψιν
1284 5021 1564 5092 διαφυγεῖν
1593 5025 1837 5098 δυνηθῶς

254 5121 365 5159 σιν·
395 5105 425 5156 ὃ
449 5103 512 5174 δὴ
539 5103 633 5156 καὶ
655 5098 798 5156 οὗτοι
819 5103 1140 5169 πεπόνθασι,
1166 5105 1257 5157 καὶ
1281 5107 1371 5160 τὸν
1394 5109 1602 5180 πατέρα
1623 5111 1838 5184 ἀπατᾷν

251 5186 646 5258 ἐπιχειροῦσιν.
701 5184 955 5254 Ἐπέγνω
1004 5186 1135 5256 γὰρ,
1186 5189 1338 5258 φησὶ,
1381 5191 1488 5244 τόν
1531 5193 1752 5262 χιτῶνα
1805 5200 1838 5250 ὁ

251 5270 477 5336 πατὴρ,
511 5269 608 5322 καὶ
643 5265 791 5322 εἶπε·
816 5268 1005 5323 Χιτὼν
1026 5271 1132 5323 τοῦ
1155 5273 1286 5325 υἱοῦ
1310 5276 1428 5341 μού
1455 5276 1606 5329 ἑστι·
1631 5279 1844 5346 θηρίον·

253 5351 531 5419 πονηρόν
570 5351 902 5420 κατέφαγεν
950 5353 1156 5418 αὑτὸν,
1191 5357 1400 5422 θηρίον
1451 5358 1685 5425 ἥρπασε
1731 5367 1844 5416 τὸν

265 5434 507 5503 Ἰωσήφ.
541 5435 651 5488 Καὶ
685 5434 792 5504 γὰρ
823 5434 1060 5505 ἀληθῶς,
1092 5436 1342 5510 καθάπερ
1369 5440 1575 5511 θηρίοις
1605 5461 1842 5514 περιπε-

254 5520 390 5584 σὼν,
422 5518 596 5581 οὕτως
625 5518 866 5588 ἀνηλεῶς
898 5520 1114 5574 ἅπαντα
1148 5523 1427 5593 ὑπέμεινε.
1458 5525 1738 5594 Διέρρηξε
1773 5530 1842 5584 δὲ

250 5605 330 5656 τὰ
385 5601 584 5669 ἱμάτια
631 5601 839 5665 αὐτοῦ,
880 5604 979 5656 καὶ
1027 5604 1270 5660 ἐπέθετο
1319 5607 1553 5662 σάκκον
1588 5611 1691 5664 ἐπὶ
1727 5615 1843 5685 τὴν

253 5685 462 5768 ὀσφὺν
494 5685 700 5748 αὑτοῦ,
729 5685 826 5738 καὶ
857 5685 1090 5768 ἐπένθει
1117 5689 1224 5743 τὸν
1247 5690 1382 5744 υἱὸν
1405 5693 1588 5746 αὐτοῦ
1612 5697 1841 5768 ἡμέρας

251 5767 517 5834 πολλοῖς.
542 5769 728 5820 Πόσων
756 5769 823 5822 ἂν
851 5765 958 5821 εἷεν
980 5763 1125 5824 οὗτοι
1156 5773 1403 5845 δακρύων
1442 5775 1600 5843 ἄξιοι,
1631 5763 1740 5855 οὐ
1759 5763 1841 5837 δτὶ

250 5849 346 5900 τὸν
369 5846 595 5916 ἀδελφὸν
621 5850 732 5912 τοῖς
761 5848 1056 5920 βαρϐάροις
1075 5854 1391 5926 πεπράκασι
1416 5857 1594 5926 μόνον,
1617 5860 1679 5914 ἀλ
1695 5846 1738 5917 λς
1759 5865 1839 5918 ὅτι

319 5993 342 6020 ⁸
368 5997 519 6047 Sari].
543 5994 724 6058 ubique
750 5996 912 6048 scribi!
947 5998 1168 6064 Ῥουϐείμ.

1249 386 1316 442 ΙΝ
1347 385 1502 443 CAP.
1541 387 1803 444 XXXVIII
1838 386 2084 444 GENES.
2127 387 2358 444 HOMIL.
2399 387 2562 446 LXII.

3418 394 3539 462 βεδε

1961 503 2054 555 καὶ
2075 503 2165 555 τὸν
2190 503 2403 573 πατέρα
2435 504 2492 555 ἐν
2521 502 2734 574 ἐσχάτῳ
2757 502 2827 575 γή
2839 520 2905 575 ρᾳ
2933 502 3117 557 λοιπὸν
3145 501 3274 558 ὄντα
3301 501 3542 576 τοσούτῳ

1959 585 2144 639 πένθει
2165 585 2520 657 περιέϐαλονς
2551 586 2954 656 Συνήχθησαν
2977 586 3063 652 δὲ,
3090 588 3274 658 φησὶν,
3302 588 3421 641 υἱοὶ
3439 590 3538 642 αὺ-

1956 668 2064 722 τοῦ
2108 669 2208 724 καὶ
2253 672 2312 724 αὶ
2355 669 2673 738 θυγατέρες
2727 670 3140 738 παρακαλέσαι
3187 669 3392 735 αὐτὸν,
3437 671 3535 725 καί

1958 753 2068 805 οὐκ
2107 751 2309 820 ἤθελε,
2362 752 2560 821 λέγων
2599 753 2711 805 ὅτι·
2761 752 3183 822 Καταϐἠσομαι
3230 751 3380 821 πρὸς
3430 753 3537 807 τὸν

1957 837 2093 890 υἱόν
2116 855 2236 905 μου
2267 836 2504 890 πενθῶν
2526 838 2614 904 είς
2635 836 2806 904 ᾅδου.

2028 925 2088 972 ε’.
2129 915 2294 990 Οἶμαι
2319 920 2414 973 καὶ
2444 919 2603 974 τοῦτο
2633 919 2848 991 πληγὴν
2876 920 3068 991 ἑτέραν
3106 920 3333 984 ἐκείνοις
3372 935 3536 990 γεγε-

1955 1001 2170 1072 νῆσθαι.
2210 1001 2428 1074 Ἐώρων
2456 1003 2563 1073 γὰρ
2603 1004 2684 1056 ὅτι
2727 1004 2822 1056 καὶ
2857 1003 2992 1074 πρὸς
3025 1003 3122 1056 τὸν
3165 1005 3238 1074 μὴ
3271 1003 3546 1075 παρόντα,

1959 1085 2160 1155 μᾶλλον
2211 1085 2269 1137 δὲ
2300 1087 2394 1138 καὶ
2431 1086 2786 1158 νομιζόμενον
2834 1087 2941 1140 ὑπὸ
2975 1087 3179 1157 θηρίων
3205 1087 3535 1158 ἀνῃρῆσθαι,

1954 1167 2126 1230 οὕτως
2160 1167 2474 1238 ἀκμάζοντα
2511 1170 2602 1222 τὸν
2634 1170 2795 1224 πόθον
2829 1170 3215 1230 ἐπιδείκνυται,
3248 1171 3342 1222 καὶ
3375 1170 3535 1222 πλέον

1957 1251 2061 1303 ὑπὸ
2086 1250 2178 1303 τοῦ
2204 1250 2397 1318 φθόνου
2422 1253 2802 1323 κατετήκοντο.
2833 1253 2970 1306 Ἀλλ’
2994 1246 3136 1306 οὗτοι
3164 1253 3258 1323 μὲν
3280 1253 3372 1304 καὶ
3400 1253 3541 1322 πρὸς

1953 1336 2044 1388 τὸν
2093 1334 2320 1405 ἀδελφόν
2366 1337 2461 1390 καὶ
2517 1336 2655 1407 πρὸς
2695 1339 2786 1390 τὸν
2824 1337 3033 1409 πατέρα
3073 1338 3215 1406 ὠμοὶ
3255 1337 3535 1404 γεγονότες

1953 1420 2208 1490 οὐδεμιᾶς
2248 1419 2313 1472 ἂν
2346 1413 2455 1472 εἷεν
2490 1419 2818 1490 συγγνώμης
2851 1421 3008 1484 ἄξιοι·
3040 1423 3088 1473 οἱ
3121 1420 3178 1472 δὲ
3209 1420 3535 1488 Μαδιηναῐοι

1953 1505 2049 1556 καὶ
2082 1504 2236 1557 αύτοί
2275 1503 2434 1555 πάλιν
2472 1504 2800 1574 ὑπηρετοῦσι
2837 1507 2900 1574 τῇ
2937 1503 3029 1556 τοῦ
3061 1503 3195 1557 Θεοῦ
3235 1502 3534 1573 οἰκονομίᾳ,

1952 1589 2047 1642 καὶ
2085 1587 2248 1640 πάλιν
2287 1587 2626 1640 ἀποδίδονται
2663 1587 2753 1639 τὸν
2805 1587 3000 1658 Ἰωσὴφ
3026 1587 3277 1658 Πετεφρῇ
3319 1586 3397 1657 τῷ
3438 1587 3538 1656 ἀρο

1951 1671 2258 1741 χιμαγείρῳ
2299 1671 2393 1723 τοῦ
2437 1669 2654 1741 Φαραώ.
2702 1667 2854 1736 Εἶδες
2887 1672 3004 1734 πῶς
3031 1671 3135 1741 ὁδῷ
3168 1672 3308 1724 κατά
3342 1672 3534 1740 μικρὸν

1953 1755 2188 1824 πρόεισι,
2229 1755 2323 1807 καὶ
2351 1753 2438 1807 διὰ
2468 1756 2686 1808 πάντων
2720 1754 2817 1824 τὴν
2852 1755 3057 1807 οἰκείαν
3084 1755 3283 1825 ἀρετὴν
3313 1754 3405 1807 καὶ
3436 1753 3534 1822 τὴν

1953 1837 2230 1908 ὑπομονὴν
2268 1837 2658 1902 ἐπιδείκνυται,
2714 1837 2779 1892 ἶν’
2819 1837 2962 1891 οὕτω
3004 1838 3253 1908 καθάπερ
3295 1836 3535 1908 ἀθλητὴς

1951 1919 2214 1987 γενναίως
2267 1921 2702 1991 ἀγωνισάμενος,
2743 1921 3077 1993 ἀναδήσηται
3114 1921 3215 1991 τῆς
3257 1908 3541 1990 βασιλείας

1950 2003 2042 2056 τὸν
2070 2003 2352 2072 στέφανον,
2378 2005 2472 2058 καὶ
2503 2004 2610 2058 τῶν
2636 2004 2928 2076 ὀνειράτων
2958 2007 2990 2074 ἡ
3019 2005 3242 2067 ἔκϐασις
3269 2006 3348 2068 είς
3376 2003 3538 2072 ἔργον

1951 2086 2263 2153 ἐξελθοῦσα,
2286 2087 2354 2140 δι’
2379 2087 2548 2158 αὐτῆς
2571 2089 2669 2158 τῆς
2693 2089 2888 2160 πείρας
2909 2088 3096 2161 διδάξῃ
3114 2088 3240 2151 τοὺς
3262 2085 3537 2158 πεπρακό-

1950 2189 2069 2236 τας,
2124 2171 2200 2234 ὡς
2239 2170 2390 2223 οὐδὲν
2440 2171 2623 2234 αὐτοῖς
2669 2170 2858 2239 ὄφελος
2902 2173 3090 2240 γέγονε
3126 2171 3226 2241 τῆς
3266 2169 3538 2238 τοσαύτης

1953 2253 2205 2324 μηχανῆς
2228 2269 2242 2317 ἓ
2275 2252 2553 2324 Τοσαύτην
2581 2253 2691 2324 γὰρ
2721 2255 2754 2322 ή
2783 2253 2951 2324 ἀρετὴ
2977 2253 3089 2324 ἕχει
3125 2254 3225 2324 τήν
3253 2253 3426 2322 ἰσχὺν,
3457 2251 3532 2315 ὡς

1951 2337 2046 2389 καὶ
2077 2336 2492 2409 πολεμουμένην
2515 2337 2685 2406 αὐτὴν
2716 2335 3028 2406 συμϐαίνειν
3059 2337 3151 2388 ἐπὶ
3185 2334 3344 2388 πλέον
3375 2351 3533 2405 περι-

1952 2420 2290 2490 φανεστέραν
2319 2419 2586 2487 γίνεσθαι.
2610 2420 2774 2474 οὐδὲν
2797 2420 2906 2489 γὰρ
2933 2419 3136 2490 ταύτης
3166 2418 3535 2492 ἰσχυρότερον.

1949 2504 2104 2557 οὐδὲν
2137 2503 2305 2572 αὐτῆς
2333 2503 2722 2574 δυνατώτερον·
2752 2504 2853 2556 οὐκ
2879 2502 3068 2574 ἐπειδὴ
3103 2501 3239 2572 αὑτὴ
3263 2501 3384 2554 καθ’
3414 2501 3533 2553 ἐαυ-

1948 2588 2047 2657 τὴν
2076 2586 2346 2656 τοσαύτην
2391 2586 2501 2656 ἔχει
2544 2585 2642 2656 τὴν
2676 2588 2849 2656 ἰσχὺν,
2884 2587 2996 2640 ἀλλ’
3031 2585 3222 2656 ἐπειδὴ
3263 2588 3291 2638 ὁ
3324 2585 3531 2653 ταύτην

1949 2672 2284 2742 κεκτημένος
2319 2672 2413 2723 καὶ
2457 2671 2555 2740 τῆς
2579 2671 2784 2725 ἀνωθεν
2826 2671 3087 2724 ἀπολαύει
3119 2671 3311 2739 ῥοπῆς·
3348 2670 3448 2739 τῆς
3474 2667 3534 2720 δὲ

1950 2757 2156 2812 ἄνωθεν
2190 2753 2477 2808 ἀπολαύων
2500 2755 2693 2824 ῥοπῆς,
2723 2756 2816 2807 καὶ
2847 2755 2947 2824 τῆς
2975 2754 3185 2807 ἐκεῖθεν
3213 2751 3532 2822 ἀξιούμενος

1951 2832 2288 2904 συμμαχίας,
2312 2832 2530 2886 πάντων
2559 2832 2624 2886 ἂν
2652 2832 2736 2901 εἴη
2770 2833 3156 2903 δυνατώτερος,
3191 2834 3285 2886 καὶ
3307 2831 3533 2903 ἀχείρω-

1947 2935 2058 2980 τος,
2092 2919 2185 2970 καὶ
2217 2916 2491 2978 ἀνάλωτος
2519 2915 2618 2968 οὐκ
2651 2914 2954 2986 ἀνθρώπων
2989 2916 3149 2986 μόνον
3191 2915 3528 2978 ἐπιϐουλαῖς,

1949 3000 2086 3054 ἀλλά
2115 3002 2210 3053 καὶ
2231 3004 2350 3064 ταῖς
2384 2999 2489 3052 τῶν
2517 2999 2785 3068 δαιμόνων
2817 3002 3103 3070 μηχαναῖς.
3131 3001 3308 3071 Ὅπερ
3331 2998 3531 3062 εἰδότες

1951 3082 2027 3154 μὴ
2095 3082 2386 3152 φεύγωμεν
2431 3081 2492 3134 τὸ
2543 3081 2730 3144 κακῶς
2777 3083 3027 3151 πάσχειν,
3065 3081 3201 3135 ἀλλά
3244 3080 3306 3134 τὸ
3343 3080 3529 3144 κακῶς

1948 3171 2140 3224 ποιεῖν·
2166 3168 2325 3222 τοῦτο
2349 3168 2457 3238 γάρ
2485 3169 2600 3220 ἐστι
2625 3168 2685 3219 τὸ
2715 3166 2899 3230 κακῶς
2917 3167 3168 3237 πάσχειν.
3204 3169 3264 3219 Ὁ
3297 3165 3406 3237 γὰρ
3438 3165 3530 3218 τὸν

1947 3251 2172 3322 πλησίον
2203 3250 2390 3314 κακῶς
2409 3249 2671 3304 διαθεῖναι
2702 3249 3018 3321 ἐπιχειρῶν,
3047 3252 3254 3302 ἐκεῖνον
3284 3250 3379 3318 μὲν
3407 3247 3530 3301 οὐδὲ

1945 3335 2081 3396 ὅλως
2103 3332 2460 3402 κατέϐλαψεν·
2485 3334 2535 3384 εἰ
2557 3331 2664 3404 γάρ
2693 3333 2943 3404 καὶπρὸς
2968 3333 3144 3401 ὀλίγον
3165 3329 3540 3399 κατέϐ).αψεν,.

1946 3419 2006 3470 ἐν
2037 3417 2114 3488 τῷ
2137 3416 2366 3488 παρόντι
2393 3415 2551 3468 αἰῶνι
2580 3416 2740 3469 τοῦτο
2777 3417 3095 3487 πεποίηκεν·
3133 3413 3311 3484 ἑαυτῷ
3340 3414 3400 3466 δὲ
3428 3411 3530 3476 τὰς

1945 3500 2246 3561 ἀθανάτους
2267 3499 2517 3558 κολάσεις
2538 3497 2878 3568 ταμιεύεται,
2900 3499 2996 3552 καὶ
3017 3499 3116 3561 τὰς
3138 3498 3408 3570 τιμωρίας
3427 3496 3529 3557 τὰς

1946 3584 2272 3653 ἀφορήτους,
2303 3581 2368 3644 ἃς
2389 3581 2489 3634 οὐκ
2520 3580 2586 3634 ἂν
2616 3581 2817 3651 ἑτέρως
2835 3581 3119 3650 διαφυγεῖν
3145 3579 3525 3651 δυνηθείημεν,

1945 3667 1994 3718 εἰ
2049 3666 2122 3736 μὴ
2170 3664 2693 3734 παρασκευάσαιμεν
2735 3665 2960 3727 ἑαυτοὺς
3009 3664 3256 3733 ἑτοίμους
3300 3663 3435 3733 πρὸς
3467 3661 3529 3715 τδ

1943 3747 2174 3818 πάσχειν
2191 3745 2395 3809 κακῶς,
2418 3748 2532 3808 καὶ,
2566 3746 2706 3800 κατά
2730 3747 2830 3817 τήν
2859 3747 3076 3816 διδαχὴν
3108 3746 3199 3800 τοῦ
3231 3746 3524 3806 Δεσπότου,

1943 3831 2231 3903 εὐχώμεθα
2263 3831 2402 3901 ὑπὲρ
2436 3831 2547 3884 τῶν
2586 3831 2755 3884 ταῦτα
2781 3833 2912 3900 ἡμῖν
2952 3831 3322 3886 διατιθέντων.
3357 3829 3528 3882 Τοῦτο

1942 3916 2048 3987 γάρ
2092 3917 2223 3986 ἡμῖν
2273 3914 2441 3967 πολὺν
2475 3915 2796 3985 προξενήσει
2836 3913 2927 3966 τὸν
2969 3913 3181 3984 μισθὸν,
3220 3915 3314 3968 καὶ
3350 3928 3528 3984 παρα-

1946 3997 2308 4065 σκευάσειτῆς
2334 3996 2443 4048 τῶν
2460 3997 2703 4069 οὐρανῶν
2728 3997 3000 4066 βασιλείας
3017 3997 3330 4068 ἀξιωθῆναι·
3351 3991 3417 4068 ἧς
3437 3998 3527 4065 γέ-

1941 4099 2083 4134 νοιτο
2111 4079 2258 4152 [591]
2280 4080 2488 4144 πάντας
2508 4082 2658 4150 ἡμᾶς
2684 4082 2979 4152 ἐπιτυχεῖν,
3009 4082 3192 4153 χάριτι
3213 4084 3308 4135 καὶ
3334 4081 3521 4151 φιλανσ

1942 4165 2156 4237 θρωπίᾳ
2190 4163 2282 4216 τοῦ
2315 4165 2519 4235 Κυρίου
2544 4164 2700 4235 ήμῶν
2734 4165 2906 4235 Ἰησοῦ
2929 4164 3188 4236 Χριστοῦ,
3223 4164 3339 4234 μεθ’
3365 4156 3427 4217 οὗ
3448 4164 3534 4235 τῷ

1942 4248 2128 4318 πατρὶ,
2170 4247 2287 4316 ἄμα
2321 4250 2398 4318 τῷ
2423 4249 2563 4319 ἁγίῳ
2597 4248 2894 4317 Πνεύματι,
2930 4248 3078 4312 δόξα,
3107 4248 3336 4317 κράτος,
3369 4247 3524 4319 τιμὴ,

1940 4333 2035 4387 νῦν
2066 4332 2162 4385 καὶ
2189 4332 2300 4397 ἀεὶ,
2319 4331 2413 4386 καὶ
2443 4335 2524 4396 εἰς
2548 4334 2672 4395 τοὺς
2702 4333 2902 4395 αἰῶνας
2929 4331 3038 4386 τῶν
3061 4330 3291 4386 αίώνων.
3330 4332 3527 4402 Ἀμήν..

2521 4426 2764 4481 ΟΜΙΛΙΛ
2795 4427 2916 4485 ΞΒ¹.

1939 4530 2048 4601 Καὶ
2067 4527 2234 4584 εἴδεν
2266 4531 2484 4601 Ἰούδας
2511 4531 2800 4599 θυγατέρα
2825 4530 3140 4598 ἀνθρώπου
3160 4529 3524 4601 Χαναναίου,

2075 4601 2266 4680 ὄνομα
2295 4600 2479 4680 qam,
2515 4601 2614 4680 καί
2650 4600 3112 4680 ἐλαϐενιαύτῂν,
3141 4601 3241 4654 καί
3274 4600 3524 4680 είσιῆλθε

2009 4670 2166 4738 πρὸς
2198 4671 2412 4737 αὐτὴν,
2447 4671 2546 4724 καὶ
2579 4671 2978 4749 συλλαϐοῦσα
3005 4672 3210 4725 ἔτεκεν
3234 4673 3389 4735 υἱὸν,
3419 4671 3528 4726 καὶ

2009 4739 2274 4794 ἐκάλεσε
2301 4740 2366 4794 τὸ
2395 4740 2580 4810 ὄνομα
2611 4743 2796 4794 αὐτου
2830 4743 2952 4809 Ἤρ.

2010 4838 2080 4884 α’.
2098 4831 2322 4894 ’ῐκανῶς
2342 4833 2490 4901 ήμᾶς
2521 4830 2711 4903 πρώην
2743 4834 2774 4903 ἡ
2799 4833 2939 4886 κατά
2958 4832 3049 4885 τὸν
3082 4832 3280 4904 Ἰωσὴφ
3309 4829 3519 4901 ἱστορία

1940 4915 2151 4984 ἐδίδαξε
2187 4915 2282 4969 τοῦ
2319 4917 2512 4985 φθόνου
2546 4916 2644 4986 τὴν
2671 4915 2868 4986 λύμην,
2899 4917 2992 4969 καὶ
3025 4917 3170 4978 ὅπως
3195 4916 3254 4968 τὸ
3279 4914 3520 4985 ὀλέθριον

1939 4999 2098 5053 τοῦτο
2144 4999 2315 5059 πάθος
2357 4997 2454 5069 τὴν
2503 4998 2793 5051 τίκτουσαν
2853 4999 2982 5053 αὐτὸ
3029 4999 3204 5068 ψυχὴν
3257 4997 3521 5070 πρότερον

1943 5081 2263 5150 διαφθείρει..
2305 5082 2414 5134 Καὶ
2449 5080 2617 5133 εἴδετε
2641 5082 2789 5144 ὅπως
2826 5081 2930 5134 ὑπὸ
2965 5082 3156 5134 τούτου
3189 5081 3281 5134 τοῦ
3314 5080 3521 5144 πάθους

1945 5166 2295 5235 συσχεθέντες
2323 5167 2371 5218 οἱ
2392 5164 2610 5234 ἀδελφοὶ
2629 5164 2724 5218 τοῦ
2757 5165 2950 5235 Ἰωσὴφ
2971 5165 3182 5235 καὶτῆς
3204 5163 3526 5232 συγγενείας.

1942 5248 2286 5314 ἐπελάθοντο,
2325 5249 2419 5302 καὶ
2469 5248 2672 5318 θηρίων
2715 5248 2920 5319 ἀγρίων
2965 5247 3219 5317 ὡμότητα
3254 5246 3389 5315 πρὸς
3429 5245 3528 5299 τὸν

1941 5333 2090 5385 οὐδὲν
2118 5331 2415 5403 ἠδικηκότα
2441 5331 2803 5398 ἐπεδείξαντο,
2832 5332 2928 5402 τὴν
2961 5331 3059 5400 μὲν
3090 5330 3297 5384 ἑαυτῶν
3321 5330 3518 5384 κακίαν

1942 5416 2164 5486 ἔκδηλον
2193 5416 2577 5486 πεποιηκότες,
2608 5416 2698 5470 τὸν
2729 5415 2786 5468 δὲ
2825 5413 3050 5484 ἀδελφὸν
3078 5414 3228 5468 οὐδὲν
3264 5413 3518 5466 τοσοῦτον

1941 5498 2415 5568 καταϐλάψαντες,
2453 5499 2576 5552 ὅσον
2610 5500 2834 5561 ἑαυτοὺς
2869 5496 3097 5568 αἰσχύνῃ
3143 5495 3514 5568 περιέϐαλλον.

1941 5580 2006 5634 Εἰ
2053 5581 2163 5653 γὰρ
2208 5583 2300 5634 καὶ
2343 5581 2638 5656 βαρϐάροις
2683 5579 2845 5634 αὐτὸν
2893 5581 3232 5650 πεπράκασι,
3277 5580 3517 5632 κάκεῖνοι

1943 5664 2104 5719 πάλιν
2151 5665 2408 5717 ἀπέδοντο
2450 5663 2530 5734 τῷ
2570 5663 2664 5716 τοῦ
2704 5661 2901 5734 Φαραὼ
2949 5661 3348 5733 ἀρχιμαγείρῳ,
3398 5661 3514 5714 ἀλλ’

1943 5749 2094 5817 ὅμως
2127 5747 2312 5818 ἐπειδὴ
2342 5742 2454 5816 εἶχε
2482 5747 2580 5816 τὴν
2612 5745 2817 5798 ἀνωθεν
2847 5744 2994 5814 αὐτῷ
3033 5745 3206 5816 ῥοπὴν
3231 5747 3288 5796 ὲν
3311 5744 3514 5797 ἅπασιν

1946 5830 2312 5900 ἐπαρκοῦσαν,
2346 5830 2523 5883 πάντα
2558 5827 2731 5895 κοῦφα
2761 5827 2854 5881 καὶ
2883 5828 3038 5898 ῥᾴδια
3065 5826 3212 5898 αὐτῷ
3241 5828 3510 5896 ἐφαίνετο,

1949 5916 2056 5967 Καὶ
2095 5913 2391 5984 ἐϐουλόμην
2425 5913 2522 5982 μὲν
2555 5913 2646 5965 καὶ
2677 5913 2909 5982 σήμερον
2938 5911 3036 5982 τῆς
3068 5911 3240 5982 αὐτῆς
3279 5911 3514 5982 ἱστορίας

1951 5999 2207 6069 ἅψασθαι,
2245 6000 2338 6052 καὶ
2369 5995 2618 6053 ἐντεῦθεν
2649 5997 2774 6068 ὑμῖν
2799 5992 2998 6065 ὑφᾶναι
3029 5993 3123 6067 τὴν
3145 5992 3509 6051 διδασκαλίαν·
