4038 6358
187 412 297 470 533

188 531 435 582 volebam
482 525 643 580 etiam
690 522 848 577 hodie
898 520 1144 578 eamdem
1198 516 1471 573 historiam
1530 520 1776 575 tractare,

187 617 421 685 indeque
495 614 646 668 vobis
710 621 996 667 contexere
1073 609 1329 664 doctrinae
1399 616 1702 658 sermonem
1761 617 1777 653 :

186 715 378 755 verum
428 700 479 753 in
535 697 710 752 medio
759 698 858 750 alia
904 695 1149 765 quzedam
1203 691 1435 746 narratio
1470 688 1766 757 intcrjacct,

186 809 349 863 quam
406 807 512 845 non
556 806 766 859 aequum
795 798 877 844 est
915 802 1014 842 nos
1046 786 1354 855 praeterire;
1393 781 1484 836 sed
1525 795 1658 848 opus
1691 784 1774 832 est

184 895 241 937 ut
284 894 543 953 quantum
593 881 841 950 possibile
878 890 960 934 est
998 886 1411 948 perscruti-mur,
1458 882 1517 927 ει·
1550 872 1626 926 sic
1670 872 1772 924 ite-

184 991 311 1028 rum
356 974 431 1029 ad
479 981 853 1043 argumentum
899 970 1117 1039 .Iosephi
1168 967 1469 1022 redeamus.
1519 964 1773 1030 Quaenam

185 1068 351 1135 igitur
375 1067 465 1120 illa
491 1082 610 1135 quae
632 1064 964 1119 interseritur
991 1060 1262 1117 narratio?
1290 1060 1377 1113 Illa
1407 1059 1473 1111 de
1500 1056 1653 1111 .Inda.
1676 1053 1775 1108 Hic

183 1159 331 1211 enim
354 1166 573 1226 accepta
594 1157 644 1210 in
666 1171 887 1210 uxorem
914 1154 1017 1208 filia
1042 1151 1346 1214 ﬂltattaitmi,
1375 1149 1508 1204 Sara
1538 1144 1772 1205 nomine,

183 1251 561 1320 susceptisque
599 1266 668 1303 ex
715 1249 804 1303 illa
848 1248 1015 1301 tribus
1048 1246 1191 1307 filiis,
1224 1244 1394 1306 duxit,
1443 1240 1632 1310 inquit,
1667 1236 1776 1308 pri-

186 1342 465 1410 mogenito
504 1356 603 1394 suo
634 1340 705 1394 Er
748 1354 969 1393 uxorem
1009 1338 1257 1390 Thamar.
1290 1334 1421 1403 Quia
1468 1341 1645 1386 autem
1685 1328 1774 1383 ille

183 1433 361 1484 .‘nalus
391 1438 503 1484 erat
528 1446 712 1485 coram
734 1430 975 1492 Domino,
1000 1426 1193 1481 occidit
1219 1440 1342 1480 eum
1363 1424 1520 1477 Deus.
1549 1421 1612 1474 Et
1637 1434 1773 1487 prae-

183 1523 330 1591 cepit
386 1524 598 1585 Aunan,
646 1531 701 1575 ut
740 1521 896 1574 ducta
942 1534 1107 1572 uxore
1154 1516 1331 1569 fratris
1374 1514 1477 1578 sui,
1519 1511 1772 1565 excitaret

185 1628 373 1666 semen
405 1611 551 1666 fratri
580 1627 695 1665 suo.
741 1612 794 1665 ld
822 1611 965 1664 enim
996 1610 1076 1663 lex
1104 1608 1280 1674 jussit,
1307 1621 1424 1675 qua:
1450 1603 1599 1667 dicit,
1629 1601 1768 1655 Illor-

186 1712 279 1753 tno
308 1703 473 1756 fratre
502 1703 616 1756 sine
644 1702 843 1766 liberis,
886 1701 1046 1755 frater
1068 1700 1225 1753 ducta
1253 1712 1418 1751 uxore
1446 1695 1643 1750 excitet
1682 1707 1773 1746 se-

184 1810 308 1846 men
350 1792 498 1847 fratri
553 1792 739 1865 (Deut.
790 1794 880 1846 25.
926 1792 1025 1860 5).
1074 1791 1268 1844 Verum
1318 1797 1373 1841 et
1421 1787 1591 1849 hunc,
1647 1784 1769 1853 quia

184 1886 361 1938 malus
383 1893 518 1947 erat,
547 1886 741 1939 occidit
770 1884 1041 1937 Dominus.
1067 1882 1176 1935 lloc
1202 1879 1391 1935 ludam
1421 1887 1621 1931 terrore
1649 1890 1781 1944 per--

181 1976 336 2039 rudit,
373 1976 642 2030 videntem
668 1977 802 2029 duos
831 1975 965 2028 filios
994 1982 1099 2027 tam
1129 1973 1236 2025 cito
1257 1970 1522 2024 interiisse
1548 1984 1561 2019 :
1590 1975 1645 2020 et
1678 1982 1773 2018 vo-

184 2070 299 2125 lens
333 2069 566 2123 Thamar
603 2069 887 2133 consolari,
923 2068 1160 2136 promisit
1213 2080 1270 2119 sc
1311 2063 1474 2116 alium
1512 2061 1676 2113 lilium
1721 2058 1768 2112 ei

183 2163 441 2216 daturum
475 2181 489 2216 :
520 2163 613 2216 sed
655 2178 759 2216 non
794 2161 1047 2231 implebat
1080 2158 1359 2225 promissa,
1391 2156 1594 2208 veritus
1623 2168 1689 2207 ne
1717 2161 1771 2204 et

184 2253 301 2314 ipse
338 2251 584 2307 eamdem
630 2268 841 2321 poenam
885 2251 1065 2315 ferret,
1096 2264 1253 2319 quam
1299 2247 1510 2302 fratres.
1551 2244 1770 2299 Talibus

184 2343 628 2409 promissionibus
654 2344 968 2412 pascebatur
990 2340 1239 2403 Thamar,
1285 2340 1443 2407 inque
1481 2338 1639 2391 detno
1678 2350 1771 2403 pa-

184 2435 280 2487 tris
308 2434 391 2487 sui
426 2435 667 2495 sedebat,
700 2444 1014 2504 exspectans
1042 2432 1255 2503 quando
1280 2430 1451 2485 soceri
1489 2429 1768 2498 promissio

184 2525 499 2593 impleretur
528 2542 539 2577 :
570 2533 624 2579 ct
649 2525 834 2579 videns
867 2524 1053 2579 Judam
1086 2540 1191 2576 non
1220 2522 1358 2577 velle
1397 2520 1618 2590 implere
1649 2532 1770 2587 pro-

184 2621 372 2682 missa,
403 2620 611 2675 interim
647 2631 917 2674 mansuete
948 2620 1083 2684 tulit,
1118 2634 1219 2671 non
1248 2616 1515 2672 sustinens
1541 2614 1767 2668 aliorum

182 2711 455 2781 conjugia,
503 2712 597 2766 sed
641 2711 879 2780 amplexa
922 2711 1254 2775 viduitatem,
1296 2716 1350 2762 et
1396 2717 1602 2775 tempus
1640 2719 1770 2758 con-

181 2819 375 2872 gruum
399 2814 714 2872 ριενροιθιιε
734 2820 747 2856 :
768 2802 1049 2857 festinabat
1066 2802 1209 2855 enim
1227 2810 1281 2855 ut
1300 2800 1436 2854 filios
1464 2803 1768 2868 procrearet

180 2912 244 2950 ex
275 2912 489 2951 socero.
523 2897 589 2950 Et
617 2897 737 2966 quia
767 2896 897 2950 vidit
939 2911 1151 2950 socrum
1186 2904 1468 2957 mortuam,
1497 2900 1551 2946 et
1576 2890 1764 2946 Judam

182 2989 369 3042 venire
416 2988 468 3040 in
513 2988 751 3041 'l‘hamna
786 2988 850 3041 ad
880 2986 1173 3042 tondendas
1211 2999 1357 3047 oves,
1402 2983 1562 3037 furari
1604 2980 1770 3036 voluit

182 3080 360 3132 MN'el'l
384 3079 745 3144 concubitum,
772 3086 828 3132 et
850 3094 912 3132 ex
944 3079 1034 3132 illo
1061 3078 1196 3131 filios
1226 3090 1524 3146 procreare,
1564 3088 1666 3127 non
1698 3073 1764 3126 li-

186 3169 422 3223 liidinem
454 3170 667 3238 explere
696 3171 1096 3239 concupiscens,
1128 3169 1266 3223 absit
1296 3169 1418 3233 hoc,
1466 3166 1559 3221 sed
1587 3181 1656 3219 ne
1687 3165 1768 3217 vi-

128 3278 133 3284 α
183 3258 405 3313 deretur
458 3275 579 3315 esse
628 3261 743 3315 sine
780 3260 1296 3330 nomine:alinquin
1347 3269 1400 3314 et
1442 3257 1770 3327 dispensatio

181 3362 297 3404 erat
336 3352 386 3404 id
417 3352 558 3421 quod
589 3352 763 3418 ﬁebat,
798 3353 935 3409 unde
961 3363 1016 3407 et
1054 3369 1215 3421 opere
1250 3352 1513 3420 completa
1554 3360 1677 3405 sunt
1702 3364 1763 3404 ea

182 3458 304 3509 quae
339 3444 423 3496 illa
452 3444 781 3499 deliberavit.
815 3446 897 3499 14.
933 3445 1184 3515 Depositis
1212 3444 1365 3508 enim,
1398 3442 1587 3510 inquit,
1618 3440 1770 3494 vesti-

183 3536 277 3588 bus
301 3536 559 3590 viduitatis
602 3553 726 3602 sure,
766 3547 812 3591 et
847 3538 1025 3591 induta
1064 3537 1314 3601 theristro,
1346 3545 1394 3589 et
1432 3544 1610 3588 ornata
1639 3533 1768 3587 sedit

184 3627 325 3692 apud
365 3639 536 3696 portas
567 3628 715 3699 (Cap.
750 3630 861 3699 58).
906 3629 1102 3684 Deinde
1141 3630 1289 3699 quasi
1339 3642 1598 3682 excusans
1647 3642 1763 3680 eam

185 3719 482 3786 Scriptura,
505 3720 636 3773 dixit
663 3738 676 3770 :
715 3720 845 3774 Vidit
862 3723 989 3775 enim
1015 3721 1148 3790 quod
1176 3729 1394 3775 creverat
1426 3719 1634 3783 Selom;
1660 3718 1768 3788 ipse

182 3820 353 3863 autem
398 3828 498 3865 non
540 3813 683 3866 daret
724 3814 887 3882 ipsam
937 3815 983 3867 ei
1030 3829 1255 3879 uxorem,
1298 3821 1353 3866 et
1382 3819 1658 3881 propterea
1698 3809 1765 3863 ad

182 3901 558 3969 deceptionem
590 3904 730 3956 illam
756 3904 1075 3972 properavit.
1104 3903 1265 3958 Judas
1295 3902 1436 3957 enim
1466 3917 1585 3956 cum
1610 3910 1764 3971 puta-

184 4002 265 4047 ret
285 4011 405 4047 eam
432 4009 550 4048 esse
573 4003 806 4049 scortum
842 3996 1132 4068 (velaverat
1158 3994 1299 4049 enim
1329 3993 1411 4047 illa
1444 3992 1653 4055 faciem,
1700 4006 1767 4045 ne

183 4084 609 4154 agnosceretur),
637 4086 722 4139 l6.
767 4086 979 4139 Divertit
1007 4088 1074 4139 ad
1099 4102 1229 4139 eam.
1260 4084 1366 4138 Illa
1403 4094 1569 4137 autem
1597 4083 1723 4136 dixit
1748 4097 1767 4135 :

185 4172 324 4236 Quid
362 4174 485 4225 milii
517 4173 700 4227 dabis?
728 4174 750 4226 Ι
762 4175 827 4228 lle
866 4186 1033 4228 autent
1073 4175 1323 4245 pollicitus
1365 4184 1436 4228 est
1463 4174 1664 4226 Ita'dum
1705 4189 1767 4227 ea:

182 4263 420 4332 gregibus
462 4281 515 4317 se
554 4266 840 4318 missurum.
890 4267 975 4320 l7.
1024 4267 1085 4318 At
1124 4264 1231 4319 lucc
1257 4265 1385 4319 dixit
1414 4280 1433 4318 .'
1466 4266 1526 4319 Si
1569 4264 1766 4318 dederis

180 4355 541 4421 arrhabonem,
594 4357 751 4410 donec
795 4359 986 4411 mittas.
1033 4358 1118 4412 l8.
1153 4356 1220 4409 Et
1262 4356 1397 4411 dedit
1438 4356 1683 4410 annulum
1719 4366 1768 4409 et

182 4448 463 4512 armillam,
494 4459 541 4500 et
585 4449 839 4512 baculum,
884 4461 930 4502 et
961 4450 1161 4502 intravit
1202 4449 1269 4502 ad
1312 4465 1443 4513 eam,
1484 4458 1528 4502 et
1558 4450 1768 4517 gravida

183 4540 321 4608 facta
352 4549 425 4593 est
454 4556 517 4593 ea:
542 4557 620 4595 eo.

254 4630 488 4684 Christus
539 4647 603 4685 ea:
654 4634 843 4686 semine
878 4632 1038 4685 Iuda.
1064 4662 1132 4671 —
1158 4633 1343 4687 Nullus
1383 4632 1496 4687 btec
1543 4633 1766 4686 audiens

179 4719 507 4774 condemnet
535 4721 767 4776 Thamar
793 4741 805 4775 :
836 4739 978 4788 nam,
1009 4730 1067 4776 ut
1095 4722 1226 4789 dixi,
1257 4724 1635 4793 dispensationi
1665 4725 1765 4776 mi—

182 4811 433 4863 nistravit
460 4828 473 4863 :
500 4822 776 4881 prOpterea
820 4828 993 4882 neque
1032 4813 1191 4866 ullam
1229 4814 1352 4868 inde
1387 4813 1763 4883 reprehensio-

182 4919 309 4957 nem
338 4915 591 4968 meretur,
623 4922 791 4973 neque
818 4904 979 4959 Judas
1008 4906 1319 4960 criminibus
1359 4905 1452 4960 fuit
1480 4906 1761 4961 obnoxius.

184 4995 401 5048 Etenim
438 4994 538 5050 hac
568 4997 647 5049 via
679 4996 993 5064 procedens,
1041 4996 1277 5051 invenies
1321 5013 1387 5052 ex
1428 4998 1606 5067 pueris
1642 4997 1764 5052 inde

181 5087 323 5139 ratis
342 5086 610 5140 Christum
630 5089 919 5143 secundum
950 5103 1160 5143 carnem
1186 5088 1380 5145 ducere
1408 5105 1592 5160 genus.
1617 5090 1766 5145 Prse-

181 5189 331 5231 tcrea
360 5178 469 5231 duo
514 5179 595 5232 isti
626 5180 715 5233 lilii
752 5197 845 5250 per
880 5198 999 5233 eum
1037 5181 1167 5247 nati,
1197 5180 1420 5236 duorum
1450 5183 1762 5251 populorum

114 5278 119 5285 ‘
181 5272 351 5338 ligura
383 5268 612 5332 fuerunt,
648 5281 694 5321 ct
722 5271 992 5334 praedictio
1032 5271 1270 5340 qna‘datn
1300 5272 1420 5325 vita:
1449 5281 1555 5325 tum
1584 5272 1765 5327 Judai-

116 5418 119 5419 ν
182 5376 282 5423 αν,
316 5371 428 5413 tum
471 5362 779 5430 spiritumis.
825 5363 927 5416 Sed
972 5378 1108 5415 nunc
1137 5362 1410 5417 videamus
1443 5372 1561 5432 post
1587 5380 1763 5418 reces-

111 5489 116 5523 ί
180 5466 299 5503 sum
321 5449 495 5515 Iudae,
526 5450 794 5520 quomodo
830 5467 990 5519 parvo
1018 5463 1202 5506 exacto
1228 5460 1483 5520 tempore,
1519 5462 1572 5507 et
1602 5469 1763 5523 opere

108 5542 113 5553 ³
183 5542 235 5593 in
269 5551 511 5610 apertum
538 5542 813 5612 producto,
843 5544 1005 5600 Judas
1034 5547 1375 5614 semetipsum
1416 5546 1760 5612 condemnat,

183 5632 333 5685 illam
371 5647 399 5685 a
424 5634 738 5689 criminibus
766 5635 1014 5691 liberans.
1059 5636 1187 5691 Nam
1221 5647 1496 5706 postquam
1525 5638 1764 5706 implevit

182 5722 420 5777 Thamar
444 5725 584 5794 quod
615 5727 800 5790 voluit,
835 5728 1022 5781 iterum
1048 5738 1249 5782 mutato
1285 5727 1464 5781 habitu
1494 5728 1614 5781 inde
1641 5730 1760 5797 qui-

181 5814 306 5872 dem
338 5816 577 5884 receSsit,
604 5828 658 5875 ct
684 5820 825 5874 venit
865 5820 916 5874 in
953 5820 1163 5876 domum
1196 5836 1363 5876 suam.
1394 5819 1555 5875 Judas
1583 5830 1760 5880 autem

1159 405 1222 460 IN
1260 406 1412 458 CAP.
1456 398 1741 456 XXXVIII.
1783 393 2022 448 CENES.
2064 390 2291 445 IIOMIL.
2336 388 2490 445 LXIII

3365 388 3462 441 55%

1888 503 2016 558 nihil
2046 519 2231 558 eormn
2255 504 2448 567 sciens,
2480 503 2882 571 promissronem
2908 502 3145 571 implevit
3170 510 3226 557 et
3253 502 3463 555 hmdum

1889 597 2053 657 misit,
2088 604 2144 649 ut
2169 594 2522 648 arrhabonem
2552 608 2706 647 suum
2738 593 2811 647 illi
2840 593 3019 647 datum
3046 593 3308 662 reciperet
3336 593 3467 646 :sed

1888 702 2147 757 nusquam
2203 686 2416 739 inventa
2460 684 2699 751 muliere,
2752 687 2909 740 rediit
2955 700 3107 755 puer,
3154 686 3462 755 significans
3497 732 3518 753 ι

1884 777 2035 833 Juda:
2073 792 2131 831 se
2160 791 2420 845 nusquam
2453 776 2692 831 invenire
2735 777 3009 830 mulierem
3051 776 3305 845 potuisse.
3334 777 3468 844 Qui-

1887 869 1985 923 bus
2024 869 2332 938 compertis,
2361 868 2526 922 Judas
2553 867 2706 934 dixit,
2747 868 2935 938 inquit,
2977 868 3053 923 Ne
3083 868 3218 923 forte
3255 869 3469 923 llall'lnC'

1887 977 2029 1023 mur,
2070 969 2125 1013 ut
2161 959 2321 1013 habiti
2369 959 2579 1028 ingrati.
2612 959 2794 1026 Neque
2840 960 2980 1013 enim
3010 959 3213 1014 sciebat
3243 959 3462 1012 factum.

1884 1051 2079 1106 Verum
2108 1052 2392 1122 praeteritis
2422 1052 2692 1105 mensibus
2723 1051 2911 1115 tribus,
2943 1059 2999 1105 et
3022 1052 3228 1104 sarcina
3261 1052 3463 1104 ventris

1886 1154 2091 1212 partum
2136 1144 2478 1213 przedicente,
2526 1153 2578 1197 ct
2629 1143 2777 1197 nullo
2819 1143 2926 1196 alio
2969 1143 3218 1196 furtivum
3263 1145 3465 1198 sciente

1881 1237 2220 1290 concubitum
2247 1253 2262 1292 :
2286 1237 2375 1290 24.
2407 1234 2792 1298 Annuntiatum,
2826 1236 3018 1305 inquit;
3037 1246 3109 1288 est
3122 1234 3303 1299 Juda',
3334 1237 3467 1303 quod

1880 1337 2078 1381 uterum
2113 1339 2299 1399 gereret
2346 1345 2409 1381 ea:
2457 1327 2728 1381 adulterio.
2792 1327 2865 1379 Et
2901 1337 2957 1379 ut
3000 1327 3195 1392 didicit,
3254 1327 3466 1379 Educite

1880 1436 2009 1480 eam,
2044 1420 2223 1489 inquit,
2253 1430 2297 1472 et
2329 1420 2666 1472 comburatur.
2713 1418 2895 1488 Magna
2931 1417 3242 1486 indignatio,
3282 1417 3462 1485 gravis

1881 1525 2057 1579 pinna,
2081 1511 2201 1580 quia
2229 1522 2283 1565 et
2310 1519 2587 1580 peccatum
2611 1509 2810 1579 grande
2848 1524 2968 1564 esse
2994 1509 3290 1563 videbatur.
3323 1508 3470 1575 Quid-

1880 1603 2036 1672 igitur
2084 1602 2362 1656 Thamar?
2412 1601 2686 1656 Productis
2735 1602 2798 1655 iis
2846 1616 2963 1669 quae
3007 1601 3058 1654 in
3107 1599 3461 1653 arrhabonem

1878 1693 2042 1747 Judas
2088 1694 2394 1763 reliquerat,
2445 1692 2765 1762 inquitz25.
2810 1692 2871 1745 Si
2913 1692 3022 1762 quis
3060 1702 3133 1745 est
3172 1693 3320 1761 cujus
3354 1692 3461 1744 lucc

1877 1796 2017 1851 sunt,
2042 1786 2104 1845 ab
2130 1787 2221 1840 illo
2249 1786 2431 1841 ventris
2458 1788 2710 1839 sarcinam
2740 1785 2930 1853 accepi.

1946 1880 2001 1933 2'.
2043 1879 2272 1934 Attende
2293 1879 2559 1948 quomodo
2593 1880 2754 1933 silens
2778 1877 2881 1931 fide
2909 1877 3098 1947 dignos
3122 1886 3283 1932 testes
3304 1876 3459 1931 afl‘ert

1875 1973 1969 2043 qui
1988 1973 2287 2042 loquantur,
2312 1981 2365 2025 et
2380 1971 2511 2026 satis
2532 1986 2648 2025 eam
2672 1971 2911 2023 criminis
2934 1970 3201 2023 innoxiam
3231 1969 3459 2022 deumn-

1875 2074 2064 2119 strent.
2097 2062 2228 2129 Quia
2265 2064 2415 2116 enim
2432 2062 2600 2115 tribus
2631 2062 2855 2116 testibus
2880 2062 3089 2131 egebat,
3131 2077 3248 2129 qua:
3286 2060 3454 2112 in-tali

1874 2172 2034 2210 causa
2075 2156 2399 2226 arguebatur
2428 2172 2441 2208 :
2477 2156 2673 2209 idcirco
2701 2163 2757 2209 et
2796 2153 2911 2208 haec
2949 2153 3098 2223 quasi
3129 2153 3273 2207 claro
3304 2154 3455 2206 testi-

1875 2250 2054 2302 monio
2072 2249 2217 2314 dato,
2244 2258 2353 2303 tres
2373 2247 2731 2302 arrhabonum
2755 2252 2959 2316 species
2982 2246 3159 2312 mittit,
3180 2246 3454 2309 annulum,

1872 2340 2153 2401 armillam,
2181 2347 2237 2393 et
2266 2339 2508 2393 baculum
2544 2356 2557 2391 :
2587 2348 2640 2391 ct
2669 2339 2810 2392 domi
2842 2337 3034 2392 sedens
3076 2346 3363 2406 taccnsque
3404 2337 3453 2389 in

1873 2449 2029 2487 causa
2070 2434 2213 2487 vicit.
2258 2433 2348 2488 26.
2386 2432 2554 2486 Judas
2601 2431 2742 2486 enim
2791 2448 2905 2484 cum
2951 2432 3249 2501 agnovisset,
3283 2430 3409 2482 dixit
3439 2444 3458 2481 :

1870 2524 2162 2593 Justiﬁcata
2186 2535 2259 2579 est
2284 2525 2446 2595 magis
2468 2541 2618 2593 quam
2640 2540 2750 2594 ego,
2778 2531 3041 2592 propterea
3062 2522 3196 2590 quod
3221 2537 3317 2573 non
3339 2521 3455 2571 dedi

1871 2633 1983 2669 eam
2010 2616 2118 2684 ﬁlio
2149 2630 2257 2669 meo
2285 2614 2479 2669 Selom.
2506 2614 2642 2681 Quid
2672 2622 2772 2677 est,
2801 2611 3092 2681 Iusti/irata
3118 2621 3189 2666 est
3216 2612 3325 2681 ipsa
3351 2628 3459 2662 nta-

1871 2706 1967 2777 gis,
1998 2722 2150 2776 quam
2178 2706 2307 2774 ego?
2346 2704 2437 2758 Illa
2465 2704 2700 2773 quidem,
2735 2706 2925 2773 inquit,
2976 2704 3186 2758 innoxia
3226 2714 3327 2767 est,
3356 2718 3455 2773 ego

1870 2808 2049 2850 autem
2092 2797 2356 2864 meipsum
2404 2796 2742 2860 condemno,
2789 2803 2844 2849 et
2878 2794 3021 2847 nullo
3048 2804 3300 2861 argncnte
3344 2810 3456 2847 mc-

1871 2889 2046 2956 ipsum
2081 2887 2283 2956 prodo;
2317 2888 2422 2939 imo
2457 2887 2667 2940 abunde
2693 2900 2780 2939 me
2816 2886 3160 2954 redarguunt,
3188 2901 3306 2953 qute
3333 2885 3453 2938 data

1868 2987 1992 3037 sunt
2021 2979 2095 3032 illi
2127 2979 2178 3032 in
2206 2977 2582 3032 arrhabonem.
2608 2977 2675 3030 Et
2698 2976 2886 3030 deinde
2914 2978 3105 3030 iterum
3136 2975 3458 3028 Thamarem

1869 3085 2150 3134 excusans,
2183 3070 2349 3124 dicit:
2382 3070 2515 3136 Quia
2543 3086 2645 3122 non
2688 3068 2804 3122 dedi
2830 3084 2940 3120 eam
2971 3068 3144 3121 Selom
3169 3067 3277 3136 ﬁlio
3320 3083 3450 3119 meo.

1872 3161 2030 3216 Forte
2064 3169 2241 3216 autem
2268 3160 2368 3215 hoc
2400 3158 2596 3214 factum
2640 3167 2723 3213 est
2750 3161 2819 3211 ob
2846 3158 2980 3211 hanc
3014 3174 3171 3227 quam
3215 3157 3453 3211 dicturus

1869 3268 1987 3307 sum
2028 3268 2265 3307 causam.
2312 3252 2445 3307 Nam
2487 3252 2610 3318 quia
2640 3250 2805 3305 .Iutlas
2855 3250 3072 3319 putabat
3111 3250 3250 3302 illius
3296 3263 3469 3303 causa

1872 3355 2110 3399 mortuos
2140 3343 2213 3397 Er
2242 3354 2296 3398 ct
2327 3345 2535 3407 Auuan,
2567 3342 2725 3413 idque
2757 3352 3001 3395 metuens
3031 3356 3148 3395 eam
3178 3355 3281 3393 non
3308 3340 3456 3394 dedit

1870 3437 2069 3503 Selom,
2102 3435 2346 3506 quamvis
2387 3436 2435 3489 ei
2464 3435 2815 3506 promisisset,
2844 3442 2903 3487 ut
2934 3432 3216 3486 manifeste
3252 3449 3314 3485 ae
3342 3433 3455 3485 evi-

1869 3529 2057 3584 denter
2092 3529 2254 3583 sciret
2293 3528 2459 3597 ipsam
2506 3544 2610 3582 non
2644 3527 2759 3581 istis
2787 3541 3000 3581 causam
3045 3527 3204 3579 fuisse
3244 3525 3449 3587 mortis,

1870 3621 1962 3675 sed
1994 3635 2086 3675 eos
2115 3628 2331 3691 propter
2368 3635 2517 3674 suam
2546 3620 2798 3673 malitiam
2829 3634 3014 3688 pcenas
3042 3618 3252 3672 dedisse
3281 3619 3454 3687 (Occi-

1869 3715 1943 3767 dit
1985 3731 2121 3779 eum,
2162 3714 2349 3784 inquit,
2379 3713 2515 3767 Deus
2547 3729 2564 3766 :
2591 3722 2646 3768 et
2671 3714 2859 3767 iterum
2883 3755 2897 3778 ,
2932 3713 3126 3766 Occidit
3158 3730 3269 3765 eum
3301 3712 3448 3780 (Gen.

1870 3805 1957 3860 '58.
2003 3804 2238 3875 7.10),
2295 3805 2462 3874 inquit
2495 3804 2655 3860 etiam
2706 3805 2773 3858 de
2826 3805 3129 3874 secundo),
3174 3813 3453 3873 prepterca

1870 3898 2084 3968 ignarus
2111 3898 2224 3966 ipse
2253 3914 2372 3951 cum
2400 3913 2533 3950 nuru
2556 3911 2647 3950 sua
2671 3913 2782 3950 rem
2809 3896 2987 3963 habet,
3016 3907 3063 3950 et
3095 3897 3237 3949 clare
3268 3896 3453 3947 didicit

1876 3990 2042 4058 ipsam
2075 4006 2179 4043 non
2211 3988 2261 4042 in
2294 4004 2452 4043 causa
2480 3989 2665 4055 fuisse,
2696 3988 2790 4042 sed
2820 3988 3029 4041 illorum
3076 3988 3327 4040 malitiam
3356 4003 3449 4039 eos

1869 4098 1988 4137 reos
2028 4097 2201 4152 pmna:
2244 4081 2433 4135 fecisse
2473 4098 2486 4133 :
2519 4089 2573 4134 ct
2607 4079 2885 4135 confessus
2928 4090 3206 4149 peccatum
3256 4093 3449 4139 suum,

1868 4176 2026 4227 etiam
2055 4173 2193 4226 illaut
2222 4187 2249 4226 a
2277 4172 2538 4242 supplicio
2576 4170 2839 4225 liberavit.
2873 4168 2993 4223 Non
3017 4169 3223 4239 adjecit,
3259 4168 3457 4237 inquit,

1867 4273 1921 4317 ut
1941 4272 2257 4334 cognosceret
2284 4279 2413 4327 eam,
2436 4261 2577 4332 quod
2601 4262 2855 4324 declarat,
2880 4275 3051 4329 neque
3076 4260 3300 4329 primum
3328 4274 3459 4311 οιιιη.

1868 4371 1930 4412 ea
1971 4373 2084 4411 rem
2117 4357 2418 4410 habiturum
2448 4355 2632 4420 fuisse,
2676 4355 2720 4409 si
2747 4353 3051 4424 agnovisset
3079 4368 3218 4407 cam.
3249 4352 3449 4405 Deinde

1870 4456 2149 4517 postquam
2179 4447 2459 4517 diligenter
2491 4446 2727 4500 narravit
2770 4446 2922 4500 nobis
2960 4445 3137 4499 divina
3180 4444 3449 4512 Scriptura

1867 4539 2237 4606 dreeptionem
2285 4554 2443 4608 quam
2490 4538 2686 4592 fecerat
2736 4537 3006 4601 Thamar,
3061 4544 3451 4603 consequenter

1867 4629 2023 4684 dOCl'l
2054 4646 2150 4683 nos
2179 4630 2268 4699 qui
2296 4630 2386 4682 filii
2415 4631 2463 4683 ei
2500 4630 2607 4682 sint
2644 4630 2771 4681 nati.
2795 4628 2884 4681 27.
2915 4626 3132 4680 Factum
3158 4636 3231 4680 est
3260 4636 3448 4686 autem,

1868 4716 2056 4788 inquit,
2084 4735 2199 4773 cum
2225 4728 2439 4788 pareret,
2459 4728 2598 4771 erant
2618 4717 2817 4789 gemelli
2842 4720 2892 4770 in
2916 4726 3081 4770 centre
3105 4718 3214 4785 ejus
3234 4714 3355 4767 :28.
3387 4714 3450 4765 fit

1866 4827 1979 4863 cum
2005 4820 2219 4879 pareret,
2242 4826 2373 4862 unus
2400 4810 2649 4878 protendit
2682 4825 2884 4861 manum
2913 4822 2931 4862 :
2960 4808 3323 4877 apprehensum
3352 4822 3449 4856 uu—

1869 4912 1965 4955 tem
2015 4900 2254 4955 obstetrix
2294 4901 2496 4953 coccino
2543 4900 2735 4969 ligavit,
2790 4900 3000 4952 dicens:
3034 4898 3131 4950 Hic
3172 4899 3450 4967 egredietur

1869 4994 2080 5062 primus.
2127 4992 2257 5046 Vide
2297 4993 2402 5057 hic,
2449 4992 2691 5054 obsecro,
2731 5001 3121 5045 sacramentmn
3168 4998 3223 5042 et
3252 4988 3447 5057 praedi-

1866 5088 2097 5142 ctionem
2138 5086 2454 5139 futurorum.
2486 5083 2617 5138 Nam
2660 5092 2936 5153 postquam
2979 5082 3159 5152 ligavit
3187 5080 3445 5134 obstetrix

1868 5193 2081 5232 manum
2135 5178 2373 5242 εοιείιιο,
2428 5177 2498 5229 ita
2547 5184 2605 5229 ut
2658 5175 2905 5245 cognosci
2953 5184 3129 5243 posset
3181 5173 3439 5236 exiturus,

1868 5281 1991 5326 tunc
2016 5271 2104 5325 29.
2148 5271 2376 5324 Retraxit
2411 5285 2635 5334 manum,
2666 5278 2715 5323 et
2758 5269 2877 5322 exiit
2905 5271 3063 5338 frater
3091 5268 3218 5337 ejus.
3247 5266 3441 5333 Cessit,

1868 5364 2052 5432 inquit,
2085 5362 2251 5427 fratri,
2296 5370 2352 5415 ut
2396 5361 2540 5428 prior
2564 5360 2928 5431 egrederetur,
2959 5369 3013 5413 et
3051 5359 3139 5428 qui
3182 5359 3442 5427 posterior

1868 5453 2164 5521 putabatur,
2211 5452 2354 5519 prior
2399 5450 2548 5517 exiit,
2593 5459 2648 5504 et
2694 5449 2779 5519 qui
2832 5451 2976 5518 prior
3021 5448 3443 5512 existimabatur,

1867 5544 2127 5611 posterior
2151 5556 2395 5612 egressus
2436 5552 2536 5597 est.
2575 5542 2635 5595 Et
2665 5543 2792 5594 dixit
2832 5540 3113 5594 obstetrix:
3149 5541 3316 5605 Quare
3360 5540 3442 5590 di-

1865 5636 1967 5689 visa
1988 5645 2060 5688 est
2083 5643 2286 5703 prOpter
2312 5644 2357 5688 te
2380 5633 2564 5704 sepes?
2591 5632 2655 5684 Et
2681 5633 2868 5685 vocavit
2892 5648 3069 5684 nomen
3091 5633 3197 5701 ejus
3221 5629 3437 5683 Phares.

1867 5727 2243 5781 Dissectionem
2274 5725 2416 5780 enim
2454 5732 2508 5778 et
2538 5724 2686 5794 quasi
2726 5723 3061 5792 partitionem
3104 5726 3206 5775 hoc
3240 5736 3435 5776 nomen

1864 5818 2145 5890 significat.
2193 5817 2280 5872 50.
2334 5815 2399 5871 Et
2428 5825 2537 5887 post
2586 5816 2715 5869 hunc
2757 5829 2981 5886 egressus
3012 5824 3081 5869 est
3110 5814 3269 5885 frater
3294 5813 3428 5879 ejus,
