4038 6358
538 355 643 412 535

538 474 626 542 qui
651 475 849 542 signant
894 473 948 526 in
982 488 1136 526 manu
1170 472 1372 527 dextera
1408 482 1691 544 acceperat,
1736 483 1784 527 et
1811 475 2004 530 vocavit
2038 490 2133 527 no-

544 582 659 618 men
688 567 797 635 ejus
825 563 984 628 Zara,
1017 565 1156 635 quod
1185 566 1566 635 interpretatur
1587 566 1776 622 Oriens
1799 564 1897 639 (a).

612 656 750 713 Zara
776 659 943 728 ﬁgura
966 657 1230 713 Ecclesiae.
1260 658 1368 712 Lex
1396 668 1599 730 peccata
1630 659 1957 714 demonstrat.
1980 689 2051 699 --
2071 658 2140 713 Et

542 750 682 820 quod
710 764 815 803 non
845 758 1046 805 temere
1078 759 1133 805 et
1160 750 1362 821 absque
1388 767 1546 806 causa
1578 750 1694 805 hate
1720 750 1855 804 facta
1884 751 2011 815 sint,
2044 749 2139 805 sed

542 846 710 911 tigura
750 843 1046 896 futurorum
1094 841 1315 909 fuerint,
1359 860 1444 897 res
1468 843 1601 898 ipsa:
1630 843 1925 898 declarant.
1956 842 2141 912 Neque

544 937 687 989 enim
733 934 1028 989 secundum
1074 944 1280 991 naturae
1335 936 1580 990 ordinem
1634 936 1738 990 hoc
1783 933 1983 990 factum
2035 942 2139 989 est.

545 1030 826 1097 Quomodo
848 1030 989 1084 enim
1021 1037 1138 1084 erat
1166 1029 1438 1099 possibile,
1471 1038 1527 1083 ut
1548 1039 1835 1099 postquam
1862 1042 2051 1083 manus
2078 1027 2144 1081 li-

548 1136 669 1192 gata
697 1120 793 1175 iuit
819 1123 1063 1188 coccino,
1092 1122 1205 1190 ipsa
1236 1122 1425 1177 iterum
1452 1121 1886 1188 contraheretur,
1912 1130 1968 1176 et
1992 1120 2145 1176 daret

548 1215 832 1283 posteriori
873 1215 1180 1279 transitum,
1209 1214 1311 1269 nisi
1345 1213 1523 1268 divina
1555 1213 1800 1283 quaedam
1834 1215 1999 1268 virtus
2028 1211 2146 1268 hinc

551 1306 700 1374 prius
726 1305 1112 1375 dispensasset,
1144 1315 1198 1359 et
1235 1305 1375 1360 sicut
1402 1306 1454 1359 in
1484 1306 1671 1359 umbra
1701 1304 1930 1374 quadam
1958 1304 2143 1374 praeﬁ-

551 1407 815 1467 gurasset,
847 1397 987 1467 quod
1014 1397 1191 1451 statim
1220 1396 1286 1450 ab
1317 1397 1465 1450 initio
1489 1396 1643 1463 Zara,
1675 1396 1815 1466 quod
1844 1404 1927 1450 est
1954 1395 2148 1450 Oriens

555 1491 666 1564 (hic
691 1490 833 1545 enim
868 1490 1033 1560 ﬁgura
1078 1498 1193 1544 erat
1235 1488 1537 1557 Ecclesiae),
1566 1497 1912 1559 prospectare
1940 1488 2102 1555 coepit
2130 1504 2144 1540 :

554 1598 662 1653 quo
686 1583 953 1653 paulisper
994 1581 1338 1651 procedente,
1372 1596 1433 1634 ac
1464 1596 1586 1636 mox
1637 1579 2036 1646 retrocedente,
2068 1579 2147 1633 le-

556 1676 692 1745 galis
726 1676 1028 1729 observatio
1082 1690 1181 1745 per
1216 1674 1417 1731 Phares
1456 1674 1749 1745 signiﬁcata
1795 1672 2141 1738 subintravit,

556 1784 676 1837 qua:
723 1779 1004 1838 postquam
1049 1767 1139 1821 dill
1188 1782 1410 1836 regnum
1453 1766 1731 1831 tenuisset,
1781 1780 1847 1819 eo
1887 1764 1976 1834 qui
2003 1764 2150 1835 prius

555 1868 817 1927 cesserat,
868 1858 1003 1913 Zara
1049 1858 1318 1925 videlicet,
1366 1872 1553 1913 rursus
1597 1857 1941 1927 procedente,
1990 1856 2153 1911 cessit

560 1951 815 2006 Ecclesia:
844 1951 1016 2005 omnis
1044 1950 1261 2005 Iudaica
1293 1949 1665 2005 consuetudo?
1695 1948 1801 2003 Sed
1846 1947 1984 2002 forte
2009 1961 2154 2001 nunc

560 2042 717 2096 fuerit
747 2042 1109 2096 necessarium
1163 2041 1301 2095 idem
1348 2042 1564 2095 brevius
1603 2048 1657 2095 et
1705 2039 1903 2094 clarius
1947 2038 2149 2092 dicere.

562 2134 816 2198 Fuerunt,
873 2134 1012 2188 sicut
1062 2132 1195 2186 Zara
1245 2133 1333 2202 qui
1386 2147 1601 2185 manum
1649 2131 1888 2202 protulit,
1940 2129 2053 2184 Noe
2101 2137 2156 2184 et

561 2225 854 2289 Abraham,
888 2224 995 2279 imo
1033 2236 1158 2279 ante
1188 2223 1300 2279 Noe
1330 2224 1463 2279 Abel
1504 2231 1561 2278 et
1586 2224 1793 2289 Enoch,
1822 2222 2015 2293 quibus
2041 2236 2157 2276 ma-

562 2333 725 2385 gnum
766 2316 1000 2371 studium
1035 2316 1134 2371 fuit
1183 2326 1241 2371 ut
1282 2318 1556 2385 placerent
1596 2316 1730 2372 Deo.
1762 2314 1962 2369 Deinde
2004 2323 2154 2384 post-

562 2426 720 2478 quam
753 2412 805 2464 in
836 2410 1035 2465 multos
1080 2411 1375 2481 propagati,
1416 2411 1580 2465 multa
1621 2418 1958 2479 peccatorum
1989 2423 2152 2464 onera

562 2503 918 2572 collegerunt,
948 2518 1083 2572 opus
1117 2512 1294 2557 autem
1320 2511 1436 2557 erat
1468 2512 1524 2557 ut
1550 2503 1633 2555 vel
1672 2516 1886 2570 parvam
1925 2500 2155 2572 aliquam

563 2594 981 2649 cunsolationem
1025 2594 1287 2650 haberent
1316 2612 1328 2647 :
1356 2595 1477 2649 data
1520 2603 1603 2649 est
1644 2594 1728 2648 lex
1755 2603 1813 2648 ut
1839 2592 2025 2647 umbra
2061 2592 2159 2647 ali-

564 2704 689 2757 qua,
742 2704 846 2742 non
893 2696 1112 2757 peccata
1160 2688 1371 2753 tollens,
1413 2686 1508 2741 sed
1550 2701 1614 2741 ea
1662 2684 2057 2750 demonstrans,
2104 2692 2159 2738 et

564 2780 841 2835 manifesta
870 2782 947 2835 eis
973 2780 1192 2845 faciens,
1227 2788 1284 2834 ut
1323 2788 1594 2848 tamquam
1624 2775 1921 2845 imperfecti
1949 2775 2042 2829 filii
2068 2774 2159 2843 qui

565 2873 702 2927 laete
732 2882 1041 2941 pascuntur,
1071 2870 1379 2925 adolescere
1413 2878 1653 2939 possent.
1684 2868 1883 2923 Verum
1915 2868 2037 2937 quia
2064 2882 2160 2921 ne-

564 2980 667 3038 que
694 2964 796 3022 hoc
823 2964 907 3021 his
939 2962 1154 3037 profuit,
1184 2962 1300 3033 sed,
1330 2962 1414 3021 vel
1444 2962 1559 3037 lege
1580 2969 1920 3027 peccatorum
1950 2960 2160 3029 magni-

566 3062 804 3116 tudinem
857 3069 1208 3124 monstrante,
1259 3059 1360 3128 ipsi
1415 3060 1609 3113 iterum
1660 3057 1848 3112 iisdem
1904 3048 2161 3126 inquinati

565 3164 711 3219 sunt,
748 3153 1039 3207 adveniens
1071 3152 1368 3205 communis
1399 3150 1651 3203 Dominus
1677 3158 1879 3215 noster,
1908 3147 2161 3217 spiritua-

573 3250 679 3301 Iem
717 3247 856 3299 hanc
895 3254 949 3299 et
980 3244 1260 3298 virtutibus
1288 3243 1489 3297 claram
1531 3243 1688 3294 vitam
1722 3240 1958 3293 humano
1978 3236 2161 3309 generi

569 3338 791 3409 largitus
817 3347 919 3403 est,
952 3337 1106 3405 cujus
1136 3336 1357 3405 liguram
1394 3334 1528 3388 Zara
1559 3333 1831 3403 implebat.
1866 3331 1933 3386 Et
1962 3331 2163 3385 idcirco

570 3432 892 3501 evangelista
918 3429 1079 3483 etiam
1119 3426 1363 3481 meminit
1386 3425 1640 3491 Thamar,
1670 3433 1726 3478 et
1754 3437 1939 3477 eorum
1970 3422 2061 3491 qui
2097 3436 2163 3474 ex

571 3524 658 3578 illa
687 3524 796 3577 nati
840 3532 983 3587 sunt,
1016 3530 1070 3577 et
1094 3520 1261 3575 dicit:
1290 3519 1456 3572 Iudas
1493 3527 1660 3571 autem
1684 3515 1857 3587 genuit
1889 3512 2087 3567 Phares
2115 3521 2161 3565 et

570 3614 759 3671 Zaram
786 3615 849 3668 de
876 3614 1102 3667 Thamar
1120 3611 1333 3683 (Matth.
1368 3612 1418 3665 1.
1448 3609 1524 3681 5).

644 3709 698 3763 '5.
737 3706 815 3761 Ne
842 3707 999 3776 igitur
1024 3716 1223 3760 temere
1250 3712 1632 3774 praetereamus
1662 3715 1724 3756 ea
1747 3714 1865 3769 qua:
1886 3698 1941 3753 in
1962 3696 2165 3752 divinis

570 3800 861 3869 Scripturis
884 3809 1008 3853 sunt
1038 3798 1267 3868 prodita,
1298 3810 1472 3865 neque
1497 3810 1562 3849 ea
1588 3809 1707 3864 qua:
1734 3792 1985 3846 dicuntur
2008 3803 2038 3841 a
2073 3803 2167 3842 su-

573 3894 790 3963 perficie
812 3893 1101 3947 salutemus
1125 3908 1140 3957 ;
1168 3891 1263 3946 sed
1288 3890 1513 3960 ingressi
1536 3888 1600 3941 ad
1625 3888 1795 3956 ipsum
1820 3881 2163 3955 profundum,

573 4001 695 4040 cum
725 3985 938 4039 divitias
967 4000 1088 4054 qua:
1115 3985 1186 4038 ibi
1217 3984 1383 4037 latent
1406 3980 1774 4044 didicerimus,
1806 3977 2169 4047 gloriticemus

574 4078 859 4132 Dominum
889 4086 1151 4141 nostrum,
1178 4076 1267 4145 qui
1294 4090 1415 4130 cum
1444 4082 1586 4127 tanta
1615 4072 1873 4141 sapientia
1894 4068 2172 4137 dispensat

574 4170 773 4224 omnia.
791 4168 925 4224 Nam
948 4170 992 4223 si
1024 4168 1349 4223 uoluerimus
1372 4176 1605 4221 mentem
1620 4176 1674 4219 et
1694 4179 1911 4219 causam
1927 4166 2166 4218 omnium

575 4279 695 4332 qua:
727 4262 859 4316 facta
904 4271 1031 4315 sunt
1075 4260 1378 4330 exquirere,
1428 4273 1535 4312 non
1573 4258 1747 4312 solum
1789 4256 1927 4310 hanc
1967 4255 2169 4310 conde.

577 4355 898 4423 ltttlttbimlts,
919 4355 1060 4425 quod
1090 4370 1209 4409 cum
1238 4368 1429 4408 socero
1456 4368 1555 4407 suo
1589 4350 1956 4416 concubuerit,
1989 4349 2083 4404 sed
2114 4358 2171 4403 et

578 4450 849 4502 Abraham
897 4448 1374 4519 reprehendemus,
1412 4457 1470 4501 ut
1498 4445 1826 4517 puericidam
1870 4445 2051 4497 animo
2092 4441 2173 4496 fa-

580 4554 746 4608 ctum,
779 4553 832 4597 et
872 4543 1130 4598 Phineem
1157 4552 1215 4597 ut
1245 4542 1444 4613 gemini
1488 4539 1647 4594 simul
1689 4537 1961 4593 homicidii
1994 4550 2167 4590 reum.

580 4636 673 4691 Sin
705 4646 880 4691 autem
914 4638 1329 4707 uniuscujusque
1355 4649 1573 4689 causam
1601 4633 1885 4702 diligenter
1912 4628 2168 4685 didiceri-

579 4745 720 4794 mus,
765 4740 819 4784 et
849 4730 968 4784 illos
995 4745 1024 4782 a
1054 4731 1277 4783 crimine
1315 4727 1682 4789 liberabimus,
1708 4736 1763 4779 et
1804 4738 1901 4779 nos
1948 4722 2168 4777 multam

579 4825 703 4879 inde
742 4823 1022 4879 utilitatem
1073 4824 1444 4893 percipiemus.
1486 4823 1749 4875 Caeterum
1800 4833 1900 4873 nos
1934 4833 2053 4886 quae
2104 4816 2170 4870 ad

577 4916 859 4971 historiam
883 4918 1021 4970 hanc
1044 4916 1292 4981 attinent,
1321 4930 1419 4985 pro
1447 4915 1582 4968 virili
1613 4922 1793 4968 nostra
1825 4910 2174 4980 pertractavi-

579 5024 698 5062 mus
724 5008 931 5063 caritati
963 5017 1172 5063 vestrae.

654 5098 935 5153 Historiam
957 5098 1170 5170 Iosephi
1200 5116 1410 5153 narrare
1443 5100 1637 5171 pergit;
1664 5099 1828 5169 ipsum
1854 5098 2021 5168 gratia
2046 5113 2167 5149 con-

581 5194 722 5248 tinuo
748 5194 985 5264 adjutum
1015 5196 1248 5248 ostendit.
1274 5223 1345 5233 —
1368 5193 1520 5259 Quod
1548 5194 1590 5247 si
1635 5208 1740 5246 non
1776 5191 2088 5260 fatigamini,
2118 5200 2173 5245 et

498 5293 525 5331 ὀ
582 5288 881 5354 volueritis,
914 5289 1073 5343 etiam
1100 5287 1377 5357 sequentia
1424 5287 1767 5355 attingemus,
1798 5294 1851 5338 et
1878 5286 2071 5338 iterum
2104 5282 2170 5336 ad

581 5380 943 5433 narrationem
971 5378 1299 5434 admirabilis
1322 5376 1539 5445 Joscphi
1579 5377 1875 5439 veniemus,
1910 5385 1966 5428 ut
2008 5374 2179 5428 disca-

580 5483 649 5527 tts
679 5488 741 5527 ex
776 5473 841 5527 iis
866 5490 984 5543 qua:
1015 5472 1175 5527 hodie
1211 5472 1350 5526 dicta
1396 5482 1541 5535 sunt,
1586 5486 1705 5539 quae
1744 5485 2038 5539 generosus
2084 5468 2173 5523 ille

582 5565 799 5627 athleta,
834 5575 955 5635 post
978 5565 1201 5620 somnia
1234 5566 1321 5619 illa
1354 5579 1577 5635 regnum
1608 5573 1661 5619 et
1694 5564 2045 5633 principatum
2069 5563 2176 5617 fra-

586 5667 723 5712 trum
753 5660 852 5714 sibi
887 5660 1273 5730 promittentia,
1306 5659 1639 5726 sustinuerit,
1671 5669 1724 5713 et
1750 5658 2018 5728 quomodo
2046 5674 2168 5714 cer-

649 5833 724 5897 (a)
751 5837 854 5887 Vov
878 5840 1113 5891 ttebraica
1139 5848 1213 5891 cst
1233 5845 1350 5907 mi,
1373 5841 1460 5891 sed
1487 5839 1767 5904 fequeutius
1804 5846 1965 5899 mm.

1285 356 1340 411 S.
1380 355 1659 414 JOANNIS
1694 355 2171 414 CHRYSOSTOMI
2218 356 2533 413 ARCHIEP.
2555 355 3086 416 CONSTANTINOP.

3722 362 3826 415 555

2249 472 2534 527 taminibus
2561 474 2853 528 certamina
2876 515 2891 531 .
2932 474 3316 530 tentationibus
3354 476 3675 530 tentationes
3720 489 3836 528 sue-

2246 564 2533 628 ccsserint;
2564 565 2629 617 ita
2660 574 2715 617 ut
2746 564 3205 619 increbrescerent
3232 564 3503 635 naufragia
3524 608 3538 631 ,
3573 581 3672 619 nec
3709 566 3839 619 sub-

2250 666 2581 726 mergeretur
2621 657 2946 726 gubernator
2972 675 2985 710 :
3010 667 3064 711 et
3109 673 3231 711 cum
3278 655 3504 712 validior
3544 658 3843 727 insurgeret

2251 757 2558 816 tempestas,
2578 749 2728 817 quasi
2755 748 2819 803 ad
2850 750 3206 819 gubernacula
3234 749 3448 816 sedens,
3478 751 3656 804 navim
3689 766 3841 818 rege.-

2249 849 2348 895 ret.
2376 839 2418 893 E
2449 855 2506 895 re
2530 850 2704 893 autem
2736 841 3069 897 fueritverba
3091 843 3201 911 ipsa
3228 842 3410 896 audire
3429 883 3444 909 ,
3475 853 3531 895 ut
3555 842 3844 913 diligemur

2250 930 2428 983 omnia
2458 931 2664 985 discere
2690 932 2975 1001 possimus.
3007 934 3061 987 1.
3086 931 3278 1004 Ioseph
3304 942 3472 987 autem
3499 932 3747 984 deductus
3777 942 3845 984 est

2250 1024 2303 1076 in
2330 1022 2638 1095 rEgyptum,
2680 1034 2727 1079 et
2763 1027 2881 1079 emit
2921 1043 3036 1079 eum
3062 1028 3430 1099 archimagirus
3465 1026 3760 1081 Pharaonis
3788 1027 3848 1076 de

2252 1132 2407 1168 manu
2439 1114 2815 1170 lsmaelitarum
2847 1114 3031 1187 (Caput
3061 1118 3178 1188 59).
3225 1118 3426 1174 Deinde
3463 1129 3745 1187 postquam
3777 1116 3844 1169 illi

2252 1208 2490 1262 moribus
2527 1209 2758 1272 barbari,
2786 1209 2873 1278 qui
2904 1226 2931 1261 a
2958 1210 3208 1265 fratribus
3231 1226 3350 1264 eum
3388 1218 3649 1271 emerant,
3682 1207 3848 1278 IEgy-

2256 1304 2366 1371 ptio
2393 1302 2752 1373 archimagiro
2795 1303 3110 1369 Pharaonis,
3141 1305 3511 1367 vendiderunt,
3539 1305 3721 1358 varios
3750 1303 3845 1356 do-

2255 1393 2428 1446 minos
2456 1394 2677 1448 sortitus
2697 1403 2779 1447 est
2810 1394 2920 1459 ille,
2954 1396 3043 1464 qui
3074 1395 3212 1449 inter
3235 1396 3385 1448 ulttas
3407 1397 3570 1464 patris
3594 1394 3847 1447 educatus

2257 1485 2429 1539 fuerat
2451 1503 2463 1539 :
2490 1496 2544 1539 ut
2572 1501 2637 1540 ne
2657 1485 2980 1540 admiremur
2996 1487 3262 1556 quomodo
3279 1487 3455 1542 tulerit
3473 1501 3685 1556 gravem
3710 1486 3847 1537 illaut

2254 1580 2561 1635 servitutem
2580 1579 2890 1634 adolescens
2908 1622 2921 1646 ,
2939 1588 2993 1633 et
3008 1580 3224 1634 omnino
3245 1580 3390 1634 dune
3408 1577 3712 1647 hujusmodi
3732 1577 3850 1629 vine

2256 1671 2585 1741 inexpertus,
2618 1670 2868 1741 domique
2886 1686 3074 1741 magna
3094 1671 3257 1740 patris
3273 1670 3639 1726 benevolentia
3656 1670 3851 1723 enutri-

2260 1772 2345 1817 tus
2365 1780 2377 1815 :
2400 1762 2633 1817 subdidit
2649 1763 2923 1831 Scriptura
2941 1762 3124 1817 dicens
3142 1782 3153 1817 :
3171 1764 3225 1816 2.
3253 1762 3315 1815 Et
3340 1774 3447 1817 erat
3468 1762 3722 1816 Dominus
3739 1778 3846 1814 cunt

2256 1854 2471 1926 Ioseph,
2486 1866 2530 1908 et
2542 1864 2647 1909 erat
2668 1856 2742 1909 vir
2760 1872 3026 1923 assequeris
3058 1852 3155 1926 (a).
3178 1855 3312 1922 Quid
3330 1863 3434 1919 est,
3456 1854 3583 1908 Erat
3606 1854 3850 1907 Dominus

2260 1964 2374 2001 cum
2388 1946 2581 2016 Ioseph
2598 1947 2999 2002 ?Comitabatur
3016 1962 3160 2010 eum,
3183 1946 3369 2015 inquit,
3394 1946 3569 1999 divina
3587 1945 3779 2015 gratia,
3803 1954 3851 1996 et

2258 2039 2513 2095 reddebat
2529 2040 2578 2094 ei
2599 2038 2767 2093 facilia
2786 2039 2963 2094 omnia
2981 2054 3099 2109 qua:
3112 2040 3289 2109 gravia
3309 2048 3477 2091 erant.
3503 2038 3624 2091 [hoc
3641 2036 3851 2104 dispen-

2258 2133 2411 2188 sabat
2452 2148 2637 2187 omnes
2654 2133 2769 2203 ejus
2786 2148 2893 2197 res,
2914 2132 3027 2186 haec
3041 2132 3430 2186 mansuetiores
3449 2131 3498 2185 ei
3514 2130 3748 2184 reddidit
3763 2146 3851 2183 ne-

2262 2226 2572 2295 gotiatores,
2597 2235 2650 2280 et
2672 2223 2905 2280 vendere
2921 2224 3277 2294 archimagiro
3297 2223 3491 2293 coegit,
3522 2232 3581 2277 ut
3602 2223 3849 2292 paulatim

2264 2316 2363 2372 hac
2390 2318 2471 2370 via
2502 2316 2819 2387 procedens,
2844 2327 2898 2371 et
2924 2332 3018 2385 per
3049 2318 3369 2371 teutationes
3390 2316 3508 2369 illas
3527 2315 3752 2378 vadens,
3784 2315 3843 2367 ad

2263 2412 2466 2481 regium
2498 2410 2690 2465 solium
2730 2410 3019 2465 ascendere
3051 2410 3267 2463 valeret.
3304 2408 3498 2462 Verum
3532 2417 3608 2473 tu,
3637 2406 3848 2467 dilecte,

2262 2502 2487 2556 audiens
2515 2516 2638 2557 eum
2680 2501 2997 2556 sustinuisse
3038 2500 3347 2554 servitutem
3391 2498 3531 2569 apud
3560 2498 3851 2568 negotiatoc

2269 2610 2375 2659 res,
2424 2593 2620 2649 deinde
2672 2593 2960 2647 servivisse
3002 2591 3144 2661 apud
3197 2591 3631 2660 arehimagirum,
3685 2589 3851 2659 cogita

2262 2686 2531 2757 quomodo
2560 2702 2665 2741 non
2698 2686 2940 2740 turbatus
2978 2686 3065 2751 sit,
3115 2699 3286 2753 neque
3323 2683 3655 2754 cogitaverit,
3687 2696 3851 2751 neque

2264 2777 2588 2834 hzesitaverit
2628 2792 2812 2833 secum
2852 2776 3075 2831 dicens:
3104 2776 3235 2843 Qua:
3273 2775 3603 2829 somniorum
3646 2774 3850 2827 illorum

2263 2870 2529 2940 deceptio,
2586 2885 2704 2940 qua:
2753 2878 2953 2923 tantam
2998 2869 3217 2939 gloriam
3272 2867 3666 2937 pollicebatur?
3723 2867 3853 2927 Ecce

2264 2962 2407 3018 enim
2439 2971 2560 3033 post
2587 2962 2793 3017 somnia
2830 2962 2916 3019 illa
2942 2962 3191 3031 servitus,
3226 2975 3277 3021 et
3304 2968 3534 3021 servitus
3555 2968 3758 3036 gravis.
3793 2981 3848 3019 ac

2264 3053 2470 3114 domini
2522 3058 2788 3114 vatiizab
2834 3058 2934 3113 hoc
2976 3069 3187 3111 transeo
3232 3057 3297 3110 ad
3338 3058 3517 3121 illum;
3564 3058 3632 3111 ab
3677 3058 3767 3110 illo
3793 3056 3852 3110 ad

2267 3152 2431 3206 alium
2475 3160 2577 3205 :et
2617 3165 2782 3220 cogor
2834 3149 3183 3205 barbarorum
3238 3163 3551 3203 assuescere
3605 3148 3852 3201 moribus.

2266 3244 2535 3315 Nttmquid
2563 3244 2803 3299 derelicti
2835 3242 3058 3297 sumus?
3082 3241 3337 3310 numqurd
3360 3240 3651 3309 contempti
3680 3253 3854 3292 sumus

2268 3354 2296 3391 a
2330 3352 2563 3408 superno
2586 3337 2881 3407 prmsidio?
2910 3335 3051 3389 Nihil
3078 3335 3183 3389 tale
3213 3338 3293 3387 vel
3321 3334 3456 3387 dixit
3483 3333 3566 3386 vel
3595 3332 3852 3400 cegitavit,

2268 3430 2361 3484 sed
2387 3430 2503 3484 tulit
2529 3429 2707 3482 omnia
2731 3436 3007 3482 mansuete
3029 3436 3085 3481 et
3110 3424 3339 3479 fortiter.
3369 3422 3496 3476 Erat
3523 3424 3668 3477 enim
3689 3420 3855 3474 Domi-

2269 3538 2365 3575 nus
2392 3537 2507 3574 cum
2527 3517 2741 3590 Ioseph,
2773 3528 2820 3573 et
2846 3529 2950 3572 erat
2979 3518 3055 3570 vir
3080 3532 3368 3585 assequens.
3402 3515 3537 3583 Quid
3566 3523 3671 3578 est,
3717 3515 3855 3566 Asse-

2270 3616 2468 3685 quens?
2492 3614 2681 3669 Omnia
2707 3615 2755 3667 ei
2786 3627 3041 3682 prospere
3080 3609 3461 3673 succedebant,
3502 3608 3699 3677 ubique
3728 3620 3851 3673 prs:-

2270 3708 2497 3763 eedebat
2533 3721 2653 3761 eum
2698 3719 2931 3774 superna
2977 3701 3327 3773 providentia,
3373 3709 3429 3754 et
3471 3699 3542 3752 ita
3584 3696 3852 3751 manifesta

2272 3808 2387 3856 erat
2414 3800 2605 3871 gratia,
2638 3814 2757 3868 qua:
2780 3797 3003 3852 ﬂorebat
3024 3812 3185 3865 super
3211 3811 3355 3859 cuiu,
3383 3802 3438 3845 ut
3460 3793 3623 3846 etiam
3647 3790 3854 3844 domino

2272 3894 2389 3963 ejus
2435 3891 2790 3961 archimagiro
2820 3888 3160 3945 manifestum
3210 3888 3312 3941 hoc
3355 3887 3525 3940 fieret.
3574 3884 3632 3939 '5.
3664 3882 3853 3939 Scietat

2273 3986 2425 4052 enim,
2452 3984 2637 4054 inquit,
2662 3983 2893 4036 dominus
2916 3983 3043 4051 ejus,
3067 3980 3203 4049 quod
3233 3978 3480 4031 Dominus
3501 3987 3627 4029 esset
3652 3992 3762 4028 cum
3780 3990 3851 4037 eo,

2272 4089 2317 4133 et
2346 4078 2516 4131 omnia
2544 4092 2870 4148 quacumque
2904 4074 3137 4147 faciebat,
3182 4071 3433 4125 Dominus
3462 4086 3707 4139 prospera
3747 4068 3853 4121 red-

2273 4173 2419 4226 debat
2464 4174 2516 4225 in
2550 4172 2782 4225 manibus
2823 4172 2957 4240 ejus.
3001 4170 3055 4222 4.
3096 4166 3295 4220 Invenit
3324 4175 3495 4217 autem
3520 4162 3716 4231 Ioseph
3745 4177 3852 4230 gra-

2273 4266 2395 4317 tiam
2422 4280 2592 4318 coram
2623 4263 2826 4315 domino
2842 4278 2954 4326 suo,
2984 4270 3031 4313 et
3056 4258 3313 4312 constituit
3344 4273 3457 4309 eum
3482 4271 3636 4323 super
3664 4254 3856 4305 domum

2273 4372 2439 4420 snam,
2484 4363 2531 4407 et
2576 4354 2749 4407 omnia
2787 4366 3113 4422 quiscumque
3156 4349 3389 4410 habebat,
3431 4347 3567 4399 dedit
3598 4346 3652 4398 in
3692 4358 3855 4396 manus

2272 4447 2489 4517 Ioseph.
2522 4446 2713 4500 Vidisti
2747 4453 3002 4515 quantum
3033 4443 3102 4496 sit
3136 4455 3367 4510 superna
3397 4454 3554 4492 manu
3585 4434 3855 4505 adjuvari?

2276 4539 2415 4593 Ecce
2440 4538 2583 4593 enim
2616 4546 2670 4591 et
2689 4536 2868 4603 juveni
2895 4545 2948 4588 et
2975 4532 3254 4603 peregrino
3278 4540 3332 4585 et
3360 4528 3573 4597 captivo
3607 4537 3855 4591 servoque

2274 4647 2303 4685 a
2333 4631 2549 4685 domino
2570 4637 2676 4685 tota
2699 4629 2886 4683 domus
2910 4626 3144 4680 creditur
3173 4642 3185 4677 :
3218 4623 3285 4676 Et
3311 4622 3611 4690 omniaquae
3635 4619 3851 4677 habebat,

2276 4726 2413 4779 dedit
2440 4725 2492 4777 in
2518 4739 2696 4776 manus
2727 4722 2855 4791 ejus.
2882 4719 3096 4785 Quare?
3121 4716 3254 4784 Quia
3294 4730 3418 4768 cum
3449 4728 3686 4781 superno
3716 4710 3853 4762 ausi-

2277 4819 2348 4871 lio
2368 4826 2418 4871 et
2449 4830 2575 4869 suos
2600 4812 2778 4866 attulit
2804 4825 3001 4865 mores.
3028 4808 3213 4863 Gratus
3236 4807 3378 4862 enim
3401 4806 3445 4858 ei
3469 4812 3578 4857 erat
3599 4819 3618 4868 ;
3644 4801 3745 4855 hoc
3763 4808 3854 4859 est,

2277 4924 2397 4961 cum
2430 4920 2617 4975 magna
2637 4904 2805 4973 gratia
2835 4901 3060 4956 faciebat
3080 4898 3279 4953 omnia.
3310 4895 3511 4950 Deinde
3533 4894 3719 4947 volens
3746 4906 3854 4944 eum

2279 5000 2537 5067 benignus
2582 4997 2722 5049 Deus
2752 4994 2803 5047 in
2833 4993 3023 5063 majori
3062 4991 3347 5045 securitate
3384 4987 3731 5046 constituere,
3760 4997 3855 5033 non

2279 5089 2521 5144 liberavit
2559 5102 2588 5139 a
2640 5089 2917 5150 servitute,
2953 5097 3125 5152 neque
3155 5082 3455 5135 libertatem
3494 5079 3543 5132 ei
3573 5076 3739 5129 dedit.
3773 5073 3855 5126 llic

2279 5183 2421 5237 enim
2468 5195 2582 5233 mos
2629 5189 2709 5232 est
2739 5180 2868 5239 Deo,
2895 5186 2953 5230 ut
2993 5191 3099 5229 non
3151 5174 3341 5228 liberet
3379 5187 3407 5222 a
3450 5168 3698 5238 periculis
3728 5166 3857 5218 virus

2279 5274 2473 5327 virtute
2502 5272 2705 5333 claros,
2739 5284 2912 5337 neque
2950 5285 2980 5321 e
3011 5264 3394 5321 teutationibus
3425 5261 3624 5314 eximat
3651 5276 3665 5315 :
3697 5256 3784 5310 sed
3814 5256 3856 5307 iu

2280 5366 2408 5435 ipsis
2437 5362 2819 5418 tentationibus
2860 5369 3062 5414 tantum
3105 5372 3258 5412 suum
3302 5353 3550 5409 ostendat
3590 5350 3856 5409 auxilium,

2281 5466 2340 5510 ut
2368 5456 2681 5510 tentationes
2712 5454 2839 5522 ipsa:
2879 5452 2957 5505 eis
2989 5451 3115 5504 flaitt
3144 5448 3358 5503 occasio
3390 5443 3710 5499 festivitatis.
3741 5439 3859 5493 Pro—

2282 5558 2399 5618 pter
2429 5546 2531 5600 ltoc
2560 5556 2614 5600 et
2648 5546 2832 5599 beatus
2865 5543 3027 5596 David
3059 5541 3271 5594 dicebat
3301 5558 3314 5591 :
3348 5538 3415 5590 1η
3441 5534 3767 5589 tribulatione
3794 5528 3859 5579 di-

2282 5641 2454 5696 latasti
2497 5656 2572 5692 me
2615 5637 2781 5709 (Psat.
2814 5636 2867 5689 4.
2909 5633 2989 5704 ‘2).
3040 5632 3156 5687 Non
3208 5629 3629 5690 tribulationem,
3683 5620 3856 5691 inquit.

2348 5775 2421 5835 (a)
2450 5774 2680 5821 ttubraiee
2698 5748 2871 5825 rrer
2931 5772 3061 5826 ιεπκ,
3090 5765 3162 5815 ι’ἰν
3185 5775 3411 5835 prospere
3434 5773 3597 5826 agens,
3614 5770 3711 5823 quo
3729 5755 3859 5806 etiam

2288 5834 2435 5895 sensu
2461 5845 2617 5893 locum
2641 5841 2850 5904 explicat
2868 5844 3231 5902 (zmasostomus
3254 5834 3390 5885 intra.
