4038 6358
372 343 482 404 535

365 457 630 527 ἐξῆλθεν
656 456 690 510 ὁ
726 453 989 523 ἀδελφὸς
1015 452 1201 507 αὑτοῦ
1233 455 1266 508 ὀ
1296 451 1364 505 τὸ
1401 449 1653 519 σημεῖον
1693 449 1794 502 ἐπὶ
1831 446 1940 514 τῆς

368 539 566 608 χειρὸς
617 537 731 603 τῆς
782 535 985 602 δεξιᾶς
1033 535 1382 606 δεξάμενος,
1429 535 1528 588 καί
1573 532 1829 586 ἐκάλεσε
1875 531 1943 584 τὸ

367 625 557 691 ὄνομα
587 620 772 675 αὐτοῦ
810 619 992 688 Ζαρᾶ,
1017 619 1046 674 ὃ
1069 619 1428 692 ἑρμηνεύεται
1455 617 1708 688 ἀνατολή.

431 784 543 836 Καὶ
574 783 654 836 ὃτι
692 783 789 853 ούχ
821 782 1006 847 ἀπλῶς
1043 782 1215 838 ταῦτα
1253 783 1563 854 γεγένηται,
1606 780 1744 836 ἀλλά
1772 777 1937 842 τύπος

355 860 427 937 ἦν
453 867 561 919 τῶν
591 867 894 936 μελλόντων
919 866 1156 928 ἔσεσθαι,
1185 868 1324 921 αύτά
1345 868 1494 938 δηλοῖ
1521 867 1588 920 τὰ
1617 867 1935 936 πράγματα.

358 950 496 1001 Ούδέ
536 951 645 1018 γὰρ
677 949 1064 1017 κατάηφύσεως
1109 949 1429 1004 ἀκολουθίαν
1474 947 1541 1021 ἦν
1587 949 1647 1003 16
1696 948 1935 1016 γεγονός.

359 1031 486 1094 Πῶς
516 1030 626 1102 γάρ
660 1027 730 1102 ἦν
761 1031 1005 1092 δυνατὸν,
1044 1033 1182 1101 μετὰ
1207 1035 1267 1086 τὸ
1294 1033 1509 1102 δεθῆναι
1542 1033 1642 1102 τὴν
1671 1035 1830 1102 χεῖρα
1859 1029 1940 1100 τῷ

356 1113 619 1183 κοκκίνῳ,
656 1113 818 1166 πάλιν
849 1114 1198 1185 συσταλῆναι,
1241 1116 1333 1170 καὶ
1365 1116 1547 1170 δοῦναι
1585 1115 1814 1186 πάροδον
1858 1111 1938 1182 τῷ

358 1195 502 1264 μετὰ
552 1195 755 1258 ταῦτα,
798 1198 848 1250 εί
885 1196 960 1267 μὴ
1010 1197 1132 1251 θεία
1178 1215 1261 1261 τις
1307 1194 1374 1270 ἦν
1424 1199 1651 1268 δύναμις
1696 1199 1729 1267 ή
1766 1194 1939 1250 ταῦτα

355 1279 843 1348 προοικονομοῦσα,
877 1281 971 1332 καὶ
1000 1279 1248 1351 καθάπερ
1276 1281 1334 1334 ἐν
1366 1283 1494 1352 σκιᾷ
1517 1297 1622 1334 τινι
1655 1277 1938 1350 προδιετυ-

354 1361 547 1422 ποῦτο,
575 1362 656 1414 ὅτι
689 1361 748 1425 ἐξ
776 1363 952 1433 ἀρχῆς
985 1362 1080 1416 καὶ
1109 1365 1173 1415 ἐκ
1211 1363 1512 1434 προοιμίων
1548 1365 1575 1416 6
1603 1363 1773 1432 Ζαρά,
1803 1362 1938 1432 ὅπερ

353 1443 507 1496 ἐστὶν
534 1443 764 1515 ἀνατολὴ
789 1456 812 1484 ι
846 1436 1022 1512 (οὗτος
1054 1445 1163 1515 γάρ
1190 1447 1218 1496 6
1242 1445 1408 1508 τύπος
1437 1445 1534 1515 τῆς
1565 1443 1933 1513 Ἐκκλησίας),

352 1526 562 1595 ῆρξατο
607 1527 962 1596 προκύπτειν,
996 1529 1091 1581 καὶ
1131 1528 1325 1601 μικρὸν
1374 1527 1727 1598 προελθόντος
1770 1524 1935 1579 αὐτοῦ

351 1610 450 1662 καὶ
505 1610 982 1680 ὑποχωρήσαντος,
1025 1613 1059 1682 ή
1107 1611 1304 1682 νομικὴ
1340 1612 1718 1681 παρατήρησις
1761 1612 1794 1680 ή
1849 1608 1937 1663 διά

347 1691 448 1743 τοῦ
479 1693 653 1760 Φαρές
701 1693 1011 1764 μηνυομένη
1052 1693 1359 1763 ἐπεισῆλθε.
1395 1695 1490 1747 καὶ
1534 1694 1710 1764 χρόνῳ
1758 1690 1938 1762 πολλῷ

349 1775 650 1842 κρατοῦσα,
675 1775 836 1829 πάλιν
861 1775 953 1828 τοῦ
991 1777 1253 1848 πρότερον
1283 1776 1431 1848 [594]
1458 1776 1932 1847 ὑποχωρήσαντοςν

349 1857 448 1910 τοῦ
487 1859 638 1927 Ζαρά
679 1858 842 1926 λέγω,
873 1859 1248 1928 προελθόντος,
1275 1858 1638 1933 παρεχώρησε
1680 1857 1840 1910 πάλιν
1865 1859 1934 1926 τῇ

349 1938 652 2010 Ἐκκλησία
672 1941 820 1993 πᾶσα
841 1942 874 2010 ἡ
906 1940 1169 2012 Ἰουδαῐκὴ
1191 1940 1435 1994 πολιτεία
1453 1957 1470 2006 ;
1499 1939 1658 1993 Ἀλλά
1677 1940 1818 2009 τάχα
1837 1938 1938 1994 νῦν

347 2023 649 2088 ἀναγκαῖον
681 2023 1088 2094 συντομώτερον
1118 2024 1280 2077 πάλιν
1317 2025 1450 2078 αὐτὸ
1483 2024 1576 2076 καὶ
1603 2023 1936 2094 σαφέστερον

347 2106 546 2159 εἰπεῖν.
573 2102 866 2176 Ἤρξαντο,
918 2107 1175 2178 καθάπερ
1216 2109 1244 2160 6
1284 2107 1436 2177 Ζαρᾶ
1468 2107 1566 2176 τὴν
1599 2109 1756 2176 χεῖρα
1796 2122 1935 2176 προ-

347 2187 665 2258 εξήνεγκεν,
689 2193 716 2242 6
741 2188 864 2241 Νῶε
898 2189 992 2241 καὶ
1019 2191 1046 2242 6
1078 2189 1348 2261 Ἀϐραὰμ,
1393 2189 1592 2259 μᾶλλον
1619 2189 1675 2242 δέ
1707 2189 1812 2260 πρὸ
1837 2189 1935 2242 τοῦ

345 2272 473 2323 Νεῖλε
503 2275 531 2324 6
560 2272 724 2325 Ἅϐελ
757 2275 850 2326 καὶ
878 2273 907 2324 6
948 2271 1116 2341 Ἑνὼχ
1159 2274 1258 2341 τῆς
1295 2273 1430 2342 πρὸς
1466 2273 1558 2324 16v
1591 2272 1720 2325 Θεὸν
1753 2273 1936 2344 εὐαρε-

348 2355 593 2423 στήσεως
665 2355 832 2408 πολὺν
886 2355 1156 2408 ποιεῖσθαι
1210 2353 1388 2423 λόγον.
1443 2349 1575 2406 Εἶτα
1625 2355 1809 2425 ἐπειδὴ
1855 2356 1934 2417 εἰς

347 2439 556 2506 πλῆθος
597 2439 918 2501 ἐκταθέντες
948 2437 1117 2490 πολλά
1148 2438 1342 2510 φορτία
1369 2437 1782 2507 ἁμαρτημάτων
1815 2454 1934 2488 συν-

344 2521 619 2586 ελέξαντο,
667 2522 772 2574 ἔδει
802 2521 858 2575 δὲ
908 2523 1110 2592 μικρᾶς
1159 2539 1304 2585 τινος
1346 2521 1541 2583 αὐτοὺς
1587 2519 1934 2589 παραμυθίας

344 2604 661 2669 ἀπολαύειν,
687 2604 762 2669 ὡς
786 2606 915 2659 σκιά
939 2621 1023 2667 τις
1057 2606 1085 2656 ὁ
1108 2603 1270 2674 νόμος
1310 2603 1486 2673 ἐδόθη,
1513 2603 1611 2673 οὐχ
1637 2604 1717 2656 ὅτι
1759 2604 1936 2674 ἀμαρ-

343 2687 562 2756 τήματα
589 2687 852 2758 ἀναιρῶν,
881 2687 1016 2740 ἀλλά
1049 2687 1222 2739 ταῦτα
1246 2687 1566 2749 ἀποδεικνὺς
1599 2687 1691 2740 καὶ
1725 2685 1935 2756 φανερά

346 2770 530 2832 αὐτοῖς
582 2770 966 2840 ἐργαζόμενος,
999 2771 1085 2822 ἵνα
1139 2769 1388 2841 καθάπερ
1419 2770 1489 2822 τά
1535 2770 1696 2839 ἀτελῆ
1749 2769 1936 2822 παιδία

344 2854 578 2922 γάλακτι
610 2854 919 2924 τρεφόμενα
957 2856 1035 2916 είς
1079 2855 1264 2924 ἀκμὴν
1312 2855 1527 2925 ἡλικίας
1559 2853 1732 2906 ἐλθεῖν
1770 2853 1933 2922 δυνη-

346 2936 534 2992 θῶσιν.
571 2937 709 2989 Ἀλλ’
742 2936 930 3007 ἐπειδὴ
961 2937 1082 2989 οὐδὲ
1129 2936 1301 3000 οὕτως
1337 2937 1620 2990 ἀπώναντό
1648 2954 1733 3001 τι,
1775 2935 1930 3002 ἀλλά,

345 3022 522 3076 καίτοι
560 3021 1000 3084 ύποδεικνύοντος
1033 3020 1128 3074 τοῦ
1173 3022 1338 3090 νόμου
1377 3021 1485 3074 τῶν
1517 3021 1931 3091 ἁμαρτημάτων

345 3107 410 3159 τὸ
454 3105 703 3174 μέγεθος,
733 3099 877 3158 οὗτοι
927 3104 1091 3156 πάλιν
1131 3104 1340 3166 τούτοις
1371 3103 1720 3174 ἀνεφύροντο,
1758 3120 1932 3172 παρα-

347 3189 637 3257 γενόμενος
670 3190 696 3240 6
730 3187 904 3250 κοινὸς
944 3187 1220 3256 Δεσπότης
1251 3187 1349 3256 τὴν
1383 3185 1756 3256 πνευματικὴν
1796 3185 1929 3238 ταύ-

342 3287 443 3341 την
475 3272 568 3323 καὶ
617 3271 870 3342 ἐνάρετον
905 3270 1178 3323 πολιτείαν
1211 3269 1289 3339 τῷ
1329 3269 1435 3322 τῶν
1468 3268 1770 3340 ἀνθρώπων
1800 3271 1928 3338 ἐχα-

348 3353 538 3421 ρίσατο
575 3353 741 3419 γένει,
769 3349 837 3425 ἦς
870 3353 1039 3406 τύπον
1081 3354 1108 3403 6
1139 3354 1292 3423 Ζαρᾶ
1339 3351 1598 3422 ἐπλήρου.
1628 3353 1726 3405 Διά
1771 3352 1928 3405 τοῦτο

346 3437 440 3488 καὶ
479 3438 507 3488 6
552 3437 942 3508 εύαγγελιστὴς
979 3437 1251 3507 μέμνηται
1295 3436 1390 3488 καὶ
1435 3438 1536 3505 τῆς
1586 3435 1784 3504 Θάμαρ
1834 3437 1928 3488 καὶ

345 3518 454 3569 τῶν
501 3520 558 3586 ἐξ
608 3522 775 3590 αὐτῆς
828 3520 1152 3590 τεχθέντων,
1206 3519 1300 3571 καί
1353 3534 1550 3589 φησιν’
1595 3519 1815 3584 Ἰούδας
1860 3517 1929 3570 δὲ

345 3602 637 3672 ἐγέννησε
665 3605 770 3657 τὸν
799 3603 990 3672 Φαρὲς
1016 3603 1112 3656 καὶ
1144 3601 1252 3656 τὸν
1280 3600 1438 3670 Ζαρᾶ
1467 3603 1536 3655 ἐκ
1567 3599 1676 3670 τῆς
1707 3599 1926 3670 Θάμαρ.

418 3764 487 3832 γ’.
505 3764 597 3835 Μὴ
613 3765 789 3819 τοίνυν
811 3765 997 3830 ἁπλῶς
1018 3765 1344 3838 παρατρέχω
1352 3783 1448 3836 μεν
1465 3767 1531 3818 τὰ
1546 3767 1603 3818 ἐν
1618 3768 1738 3838 ταῖς
1756 3767 1929 3832 θείαις

345 3847 586 3917 Γραφαῖς
635 3849 861 3919 κείμενα
881 3889 894 3913 ,
939 3849 1074 3920 μηδέ
1099 3829 1441 3917 ’ἐξεπιπολῆς
1467 3852 1580 3911 τοῖς
1612 3829 1925 3918 λεγομένοις

348 3931 722 4002 προσέχωμεν,
750 3932 864 3985 ἀλλ’
890 3935 970 3996 είς
996 3933 1056 3984 16
1087 3931 1248 4002 βάθος
1273 3932 1496 3993 ἑαυτοὺς
1525 3931 1803 3994 καθέντες,
1835 3933 1928 3985 καλ¹

344 4015 436 4066 τὸν
466 4016 886 4085 ἐναποκείμενον
912 4015 1142 4068 πλοῦτον
1165 4014 1590 4084 καταμαθόντες,
1614 4013 1925 4084 δοξάζωμεν

345 4101 436 4152 τὶν
485 4100 747 4170 ήμέτερον
775 4100 1072 4170 Δεσπότην,
1114 4099 1204 4151 τὸν
1244 4097 1381 4168 μετά
1428 4097 1690 4167 τοσαύτης
1736 4099 1928 4166 σοφίας

346 4187 560 4239 ᾶπαντα
589 4184 994 4253 οἰκονομοῦντα.
1025 4183 1086 4235 El
1117 4183 1225 4252 γάρ
1259 4181 1334 4252 μὴ
1360 4182 1449 4234 τὸν
1477 4181 1676 4234 σκοπὸν
1707 4181 1801 4234 καὶ
1828 4181 1927 4251 τὴν

346 4268 526 4328 αἰτίαν
577 4267 806 4320 ἑκάστου
857 4265 966 4320 τὼν
1027 4266 1328 4334 γινομένων
1376 4265 1650 4330 ἐξετάζειν
1719 4263 1927 4334 βουλοί-

350 4349 509 4418 μεθα,
541 4350 601 4402 06
635 4350 794 4419 μόνον
833 4349 1036 4419 ταύτης
1066 4349 1535 4417 κατηγορήσομεν,
1567 4347 1642 4410 ὼς
1679 4346 1758 4417 τῷ
1794 4364 1922 4400 πεν-

346 4433 490 4505 θερῷ
539 4435 706 4504 αὐτῆς
742 4433 1014 4503 μιγείσης,
1043 4431 1176 4484 ἀλλά
1206 4432 1300 4483 καὶ
1338 4432 1428 4484 τὸν
1465 4429 1712 4502 Ἀϐραάμ
1751 4431 1928 4484 αίτια-

348 4517 575 4586 σόμεθα,
606 4517 680 4581 ὼς
719 4517 1064 4569 παιδοκτόνον
1088 4519 1154 4586 τῇ
1184 4513 1376 4586 γνώμῃ
1401 4515 1785 4584 γεγενημένον,
1832 4515 1926 4567 καὶ

346 4600 438 4651 τὸν
464 4601 669 4664 Φινεὲς,
708 4600 782 4663 ('0;
825 4601 942 4653 κατ’
988 4599 1148 4652 αὑτὸν
1175 4598 1266 4651 δύο
1297 4599 1490 4666 φόνους
1526 4596 1919 4669 ἐργασάμενον.

360 4683 484 4736 Ἐἀν
511 4683 568 4736 δέ
601 4685 832 4737 ἑκάστου
865 4684 966 4752 τὴν
997 4683 1176 4736 αἰτίαν
1210 4681 1450 4754 ἀκριϐῶς
1497 4681 1924 4750 καταμάθωμεν,

347 4769 633 4830 κάκείνους
668 4767 925 4838 μέμψεως
971 4765 1372 4836 ἀπαλλάξομεν,
1408 4764 1502 4817 καὶ
1531 4764 1685 4817 αὐτοὶ
1725 4763 1925 4832 πολλὴν

345 4851 555 4904 ἐκεῖθεν
596 4851 696 4921 τὴν
728 4851 994 4920 ὠφέλειαν
1055 4846 1478 4919 καρπωσόμεθα.
1519 4845 1682 4899 Ἀλλά
1722 4846 1791 4898 τά
1826 4845 1924 4915 μὲν

348 4935 486 4986 κατά
513 4934 610 5004 τὴν
653 4933 888 5005 ἱστορίαν
921 4931 1143 5002 ταύτην,
1174 4932 1249 4994 ὡς
1279 4933 1407 5002 ήμῖν
1451 4926 1563 4984 οἷόν
1592 4947 1652 4983 τε
1680 4925 1768 5000 ἦν,
1795 4929 1924 4996 διεξ-

348 5017 684 5088 εληλύθαμεν
709 5019 801 5069 ἐπὶ
837 5019 934 5087 τῆς
965 5015 1232 5086 ὑμετέρας
1257 5015 1500 5086 ἀγάπης.

419 5191 484 5244 Εἰ
512 5189 567 5242 δὲ
603 5189 677 5260 μὴ
715 5189 1050 5256 ἀπεκάμετε,
1085 5184 1180 5238 καὶ
1221 5180 1494 5252 βούλεσθε,
1537 5180 1631 5233 καὶ
1661 5177 1770 5231 τῶν
1798 5176 1923 5246 ἑξῆς

347 5271 693 5341 ἐφαψόμεθα,
721 5271 814 5323 καὶ
845 5269 1005 5323 πάλιν
1034 5267 1128 5320 ἐπὶ
1157 5265 1256 5336 τὴν
1298 5263 1439 5318 κατά
1481 5263 1570 5316 16v
1614 5261 1924 5329 θαυμαστὸν

361 5357 560 5426 Ἰωσὴφ
606 5355 854 5425 διήγησιν
885 5351 1108 5422 ἥξομεν,
1156 5349 1243 5402 ἵνα
1294 5346 1649 5426 μάθητεᾼκαὶ
1701 5346 1766 5397 ἐκ
1815 5342 1924 5395 τῶν

349 5423 590 5510 σήμερον
637 5423 960 5508 λεγομένων,
1006 5436 1107 5487 ὅσα
1145 5435 1174 5486 6
1213 5432 1456 5500 γενναῖος
1488 5423 1639 5491 οὗτος
1689 5426 1925 5510 ἀθλητὴς

353 5507 506 5592 μετά
535 5520 606 5574 τά
651 5520 904 5590 ὀνείρατα
951 5521 1162 5580 ἐκεῖνα,
1214 5515 1281 5569 τὰ
1328 5514 1426 5584 τὴν
1461 5511 1735 5582 βασιλείαν
1779 5507 1928 5592 αὐτῷ

353 5591 632 5676 ίιηνύοντα
677 5603 774 5657 καὶ
827 5602 925 5672 τὴν
971 5601 1114 5656 κατὰ
1161 5599 1267 5652 τῶν
1305 5595 1551 5664 ἀδελφῶν
1590 5591 1785 5676 ἀρχὴν,
1825 5591 1928 5676 6::-

351 5673 557 5758 ἔμεινε,
587 5687 683 5741 καὶ
718 5687 864 5748 ὅπως
911 5685 1018 5738 ἀπὸ
1043 5684 1269 5753 ἀγώνων
1312 5679 1517 5749 ἀγῶνες
1552 5677 1712 5731 αὑτὸν
1756 5673 1925 5729 διεδέ-

353 5790 536 5842 χοντο,
578 5772 675 5827 καὶ
719 5771 1044 5841 πειρασμοῖς
1087 5765 1388 5838 πειρασμοὶ
1431 5762 1782 5831 συνήπτοντο,
1830 5759 1928 5811 καὶ

355 5855 633 5925 ἐπάλληλα
671 5849 743 5926 ἦν
769 5853 842 5907 τὰ
860 5851 1116 5920 ναυάγια.
1142 5849 1237 5904 καὶ
1261 5850 1291 5902 6
1328 5845 1663 5916 κυϐερνήτης
1698 5842 1760 5895 ού
1797 5857 1924 5893 κατ-

355 5939 690 6005 εποντίςετο,
731 5937 827 5993 καὶ
883 5934 1231 6008 σφοδροτέρου
1285 5932 1376 5986 τοῦ
1439 5927 1700 6000 χειμῶνος
1756 5927 1929 5982 ἐπαν-.

1313 339 1380 392 ΙΝ
1422 337 1575 392 CAP.
1615 334 1879 391 XXXVIII
1920 334 2168 390 GENES.
2203 333 2440 391 HOMIL.
2480 334 2638 392 LXII.

3519 335 3625 395 556

2053 449 2374 518 ισταμένου,
2426 447 2676 519 καθάπερ
2732 447 2826 498 ἐπὶ
2881 445 2991 500 τῶν
3033 444 3231 502 οἰάκων
3284 447 3625 520 καθήμενος,

2045 531 2187 584 οὕτω
2229 533 2328 602 τὴν
2382 531 2508 586 ναῦν
2555 532 2752 586 ἴθυνεν.
2786 529 2969 594 ’Ἄξιον
3011 531 3068 584 δέ
3101 531 3332 586 ἀκοῦσαι
3379 534 3473 585 καὶ
3526 535 3626 587 αύ-

2045 614 2152 666 τῶν
2197 615 2305 666 τῶν
2354 615 2636 684 ῥημάτων,
2675 613 2761 667 ἵνα
2798 615 2976 666 πάντα
3014 613 3151 684 μετὰ
3190 613 3475 684 ἀκριϐείας
3523 632 3625 684 μα-

2046 695 2158 749 θεῖν
2207 697 2544 768 δυνηθῶμεν,
2593 697 2807 766 Ἰωσὴφ
2857 696 2956 761 δὲ,
3004 697 3172 767 φησὶ,
3234 698 3500 766 κατήχθη
3539 701 3626 764 εἱς

2043 779 2378 846 Αἴγυπτον,
2419 779 2516 834 καὶ
2561 779 2859 846 ἐκτήσατο
2907 780 3092 832 αὐτὸν
3132 783 3163 833 ό
3209 779 3625 849 ἀρχιμάγειρος

2044 861 2252 928 Φαραὼ
2279 862 2347 914 ἐκ
2375 862 2573 930 χειρὸς
2617 861 3020 930 Ἰσμαηλιτῶν.
3054 858 3188 915 Εἶτα
3217 864 3402 931 ἐπειδὴ
3431 865 3523 916 καὶ
3571 866 3621 916 οί

2043 946 2192 1010 παρά
2217 943 2324 995 τῶν
2353 943 2596 1012 ἀδελφῶν
2625 945 2786 996 αὑτὸν
2813 944 3154 1014 ὠνησάμενοι
3189 944 3452 1016 βάρϐαροί
3478 963 3622 1010 τινες

2042 1042 2134 1078 και
2161 1025 2436 1079 ἀλλόκοτοι
2465 1023 2606 1097 ἦσαν
2629 1027 2690 1079 τὸ
2708 1023 2858 1098 ἦθος,
2887 1028 2982 1081 καὶ
2999 1027 3158 1080 πάλιν
3174 1029 3328 1080 αύτοὶ
3350 1027 3428 1096 τῷ
3452 1029 3621 1096 Αίγυ-

2041 1109 2183 1180 πτίῳ
2213 1109 2291 1179 τῷ
2339 1111 2721 1181 ἀρχιμαγείρῳ
2761 1109 2854 1163 τοῦ
2889 1110 3087 1182 Φαραὼ
3128 1112 3290 1164 αὑτὸν
3338 1110 3618 1173 ἀπέδοντο,

2041 1191 2134 1242 καὶ
2160 1191 2447 1260 διαφόρους
2475 1193 2670 1262 ήμειϐε
2710 1193 2976 1255 δεσπότας
3018 1195 3044 1246 6
3090 1195 3150 1246 ἐν
3191 1196 3311 1257 ταῖς
3356 1194 3622 1262 ἀγκάλαις

2039 1272 2132 1324 τοῦ
2189 1273 2392 1344 πατρὸς
2438 1274 2803 1344 ἀνατραφείς”
2845 1275 2931 1328 ἵνα
2963 1275 3036 1345 μὴ
3087 1275 3423 1346 ξενιξώμεοα
3467 1273 3619 1346 Ιῧθδ]

2041 1354 2156 1419 πῶς
2190 1355 2388 1426 ῆνεγκε
2407 1357 2504 1427 τὴν
2528 1357 2807 1427 μοχθηράν
2837 1357 3052 1427 ἐκείνην
3083 1358 3328 1410 δουλείαν
3359 1357 3480 1421 νέος
3523 1356 3619 1422 ὢν,

2038 1438 2133 1490 καὶ
2179 1439 2362 1508 πάσης
2399 1441 2654 1510 τοιαύτης
2699 1440 3117 1511 σκληραγωγίας
3150 1443 3375 1510 ἄπειρος
3396 1481 3410 1504 ,
3438 1443 3531 1494 καὶ
3562 1443 3620 1495 ἐν

2036 1521 2184 1592 οίκίᾳ
2217 1522 2353 1592 μετά
2379 1523 2584 1593 πολλῆς
2617 1522 2716 1592 τῆς
2764 1523 3037 1594 πατρικῆς
3079 1524 3458 1595 φιλοστοργίας
3485 1526 3617 1576 ἀνα·-

2035 1605 2286 1674 τραφεὶς,
2332 1605 2612 1674 ἐπήγαγεν
2653 1607 2685 1677 ή
2731 1605 2918 1677 Γραφὴ
2959 1606 3221 1674 λέγουσα·
3254 1609 3361 1661 Καὶ
3396 1605 3475 1678 ἦν
3501 1607 3620 1661 K6-

2030 1702 2162 1754 ριος
2188 1688 2340 1754 μετὰ
2390 1687 2635 1756 Ἰωσὴφ,
2690 1688 2788 1740 καὶ
2832 1684 2912 1758 ἦν
2981 1689 3137 1756 ἀνὴρ
3180 1689 3615 1758 ἐπιτυγχάνων.

2036 1768 2102 1820 Τί
2132 1771 2266 1833 ἐστι,
2314 1771 2424 1824 Καὶ
2449 1767 2529 1840 ἦν
2561 1773 2778 1838 Κύριος
2799 1771 2950 1840 μετὰ
3001 1774 3260 1842 Ἰωσήφξ
3316 1773 3618 1844 Συμπαρῆν

2038 1852 2211 1923 αύτῷ,
2240 1855 2426 1924 φησὶν,
2458 1857 2490 1926 ή
2525 1855 2729 1908 ἀνωθεν
2753 1857 2933 1930 χάρις,
2969 1858 3064 1911 καὶ
3090 1858 3231 1928 αὑτὴ
3254 1858 3401 1928 αὐτῷ
3441 1860 3617 1912 πάντα

2033 1938 2103 1990 τά
2131 1939 2368 2011 δυσχερῆ
2417 1939 2794 2012 ἐξευμάριζεν.
2831 1941 2980 2012 Αὕτη
3009 1944 3184 1997 πάντα
3208 1943 3276 1997 τὰ
3301 1944 3420 1997 κατ’
3455 1943 3620 1997 αὑτὸν

2032 2019 2299 2092 ᾠκονόμει
2318 2039 2331 2052 ⁸
2361 2021 2497 2093 αῦτη
2531 2025 2624 2077 καὶ
2652 2027 2778 2089 τοὺς
2809 2026 3082 2097 ἐμπόρους
3112 2019 3354 2090 ἐκείνους
3400 2030 3620 2098 ἡμερω-

2031 2104 2222 2174 τέρους
2270 2106 2418 2177 αύτῷ
2453 2107 2754 2178 κατέστησε
2777 2151 2792 2173 ,
2828 2111 2920 2163 καὶ
2954 2111 3243 2164 ἀποδόσθαι
3273 2110 3350 2181 τῷ
3377 2113 3616 2184 ἀρχιμά-

2032 2188 2202 2258 γείρῳ
2237 2190 2672 2260 κατηνάγκασεν,
2711 2192 2798 2246 ἵνα
2828 2194 2933 2265 ὀδῷ
2965 2195 3272 2265 προϐαίνων
3301 2195 3442 2248 οὕτω
3476 2197 3617 2251 κατά

2035 2272 2228 2341 μικρὸν
2250 2312 2265 2334 ,
2297 2274 2392 2325 καὶ
2431 2273 2518 2327 διά
2555 2274 2664 2327 τῶν
2714 2277 3038 2347 πειρασμῶν
3066 2277 3269 2330 τούτων
3299 2278 3494 2332 ὁδεύων
3523 2281 3618 2333 ἐπί⁸

2031 2354 2121 2405 τὸν
2149 2356 2245 2425 τῆς
2273 2355 2550 2425 βασιλείας
2584 2356 2769 2428 θρόνον
2803 2359 3044 2412 ἀνελθεῖν
3073 2360 3296 2431 δυνηθῇ.
3330 2361 3489 2416 Ἀλλά
3523 2363 3614 2424 σὺ,

2030 2437 2322 2506 ἀγαπητέ,
2386 2439 2600 2492 ἀκούων
2645 2441 2726 2493 ὅτι
2775 2442 3033 2511 ὑπέμεινε
3082 2443 3179 2514 τὴν
3225 2445 3473 2498 δουλείαν
3515 2446 3614 2515 τὴν

2031 2518 2183 2590 παρὰ
2219 2521 2334 2582 τοῖς
2383 2521 2647 2591 ἐμπόροις
2670 2563 2686 2587 ,
2729 2519 2847 2575 εἶτα
2893 2523 3162 2590 διεδέξατο
3193 2528 3227 2596 ή
3266 2526 3477 2580 δουλεία
3519 2528 3616 2581 τοῦ

2031 2601 2433 2674 άρχιμαγείρου
2454 2645 2469 2670 ,
2505 2605 2725 2673 λογίζου
2747 2645 2763 2670 ,
2811 2607 2930 2670 πῶς
2963 2608 3064 2661 οὐκ
3097 2611 3455 2681 ἐταράττετο,
3496 2611 3616 2665 ούδέ

2029 2683 2354 2752 διελογίζετο
2383 2687 2506 2739 καθ’
2538 2689 2728 2741 ἐαυτὸν
2764 2691 2860 2743 καὶ
2893 2691 3088 2762 ἠπόρει
3115 2694 3206 2745 καὶ
3240 2693 3392 2762 ἔλεγε
3411 2711 3425 2726 ·
3453 2695 3548 2758 Τίς
3578 2695 3612 2766 ἡ

2027 2768 2136 2820 τῶν
2169 2769 2464 2839 ὀνειράτων
2493 2772 2716 2824 ἐκείνων
2741 2774 2922 2844 ἀπάτη
2954 2777 2986 2844 ἡ
3015 2775 3284 2846 τοσαύτην
3317 2777 3414 2847 τὴν
3455 2795 3614 2848 περι-

2029 2853 2257 2920 φάνειάν
2285 2871 2371 2923 μοι
2416 2854 2730 2923 μηνύουσας
2775 2857 2902 2909 Ἰδοὺ
2933 2859 3041 2927 γάρ
3075 2859 3211 2926 μετά
3259 2861 3328 2912 τά
3360 2861 3612 2928 ὀνείρατα

2030 2937 2213 2988 ἐκεῖνα
2254 2936 2499 3002 δουλεία,
2533 2939 2625 2990 καὶ
2667 2939 2878 2992 δουλεία
2918 2941 3164 3012 χαλεπὴ,
3206 2943 3301 2996 καὶ
3343 2944 3610 3008 δεσπότας

2027 3020 2242 3090 ἀμείϐω
2265 3061 2279 3085 ,
2310 3020 2419 3074 ἀπὸ
2454 3021 2646 3075 τούτου
2689 3023 2826 3092 πρὸς
2868 3025 3097 3085 ἐκεῖνον,
3135 3026 3228 3077 καὶ
3275 3025 3370 3079 ἀπ’
3405 3028 3612 3080 ἐκείνου

2028 3103 2165 3174 πρὸς
2210 3103 2434 3167 τοῦτον,
2478 3106 2573 3157 καὶ
2643 3105 3024 3176 ἀναγκάζομαι
3075 3105 3253 3160 ἔθεσιν
3298 3109 3612 3174 ἀλλοκότοις

2029 3186 2546 3256 συναναμίγνυσθαι.
2590 3182 2738 3258 τΛρα
2789 3188 2863 3259 μὴ
2916 3189 3452 3262 ἐγκατελείφθημεν;
3502 3189 3614 3262 ἆρα

2030 3212 2546 3256 ουναναμιγνυσυαι.
2620 3212 2738 3258 Λρα.
2789 3212 2863 3259 μη
2916 3212 3452 3262 εγκατεΛειφυημεν;
3502 3213 3534 3246 α
3577 3213 3612 3248 α

2030 3269 2104 3339 μὴ
2150 3269 2526 3340 παρώφθημεν
2584 3271 2732 3341 παρὰ
2773 3271 2872 3337 τῆς
2924 3271 3130 3325 ἄνωθεν
3181 3275 3391 3343 ροπῆς;
3447 3212 3612 3331 Ούδςν

2025 3350 2264 3405 τοιοῦτον
2291 3354 2391 3406 ούκ
2421 3349 2595 3418 εἷπεν,
2626 3355 2725 3406 οὐκ
2752 3355 3055 3425 ἐνενόησεν,
3091 3355 3208 3408 ἀλλ’
3233 3359 3397 3428 ἔφερε
3428 3359 3610 3414 πάντα

2026 3436 2216 3506 πράως
2267 3436 2362 3490 κα)⁵
2408 3438 2687 3504 γενναίως.
2732 3434 2845 3491 Ἦν
2885 3439 2991 3509 γὰρ
3043 3441 3269 3508 Κύριος.
3292 3442 3446 3510 μετὰ
3489 3445 3612 3497 Ἰω-

2025 3517 2157 3585 σὴφ
2183 3559 2196 3580 ,
2231 3518 2329 3571 καί
2358 3514 2436 3588 ἦν
2466 3519 2624 3589 ἀνὴρ
2662 3520 3078 3590 ἐπιτυγχάνων
3142 3522 3208 3574 Τί
3246 3525 3414 3588 ἐστιν,
3453 3526 3610 3578 Ἐπι-

2025 3601 2358 3670 τυγχάνων.
2406 3604 2590 3656 Πάντα
2628 3603 2777 3673 αύτῷ
2811 3605 3138 3670 κατευώδου,
3177 3609 3450 3676 πανταχοῦ
3479 3625 3612 3676 προ-

2024 3683 2277 3737 ωδοποίει
2300 3685 2447 3756 αύτῷ
2489 3689 2522 3755 ή
2554 3685 2760 3740 ἀνωθεν
2787 3689 2979 3757 χάρις,
3013 3689 3108 3742 καὶ
3142 3689 3282 3742 οὕτω
3307 3693 3517 3762 φανερά
3542 3689 3610 3764 ἦν

2023 3767 2056 3836 ή
2096 3767 2402 3820 ἐπανθοῦσα
2429 3769 2575 3838 αύτῷ
2607 3770 2800 3839 χάρις,
2832 3771 2906 3834 ὡς
2947 3772 3042 3823 καὶ
3070 3770 3148 3841 τῷ
3175 3773 3410 3845 δεσπότῃ
3443 3775 3608 3828 αὐτοῦ

2024 3848 2102 3918 τῷ
2153 3850 2529 3922 ἀρχιμαγείρῳ
2569 3851 2869 3921 κατάδηλον
2914 3852 3072 3904 τοῦτο
3127 3854 3400 3920 γενέσθαι.
3441 3857 3610 3928 ’ᾙὸει

2024 3931 2156 4000 γὰρ,
2210 3934 2393 4003 φησὶν,
2441 3938 2474 3988 ό
2522 3936 2719 4001 κύριος
2748 3935 2956 4000 αὑτοῦ,
2993 3936 3081 3989 ὅτι
3116 3939 3333 4004 Κύριος
3373 3936 3453 4005 ἦν
3479 3941 3608 4006 μετ’

2025 4013 2231 4078 αὑτοῦ,
2263 4015 2361 4068 καὶ
2394 4015 2588 4069 πάντα
2621 4016 2737 4070 ὅσα
2766 4017 2843 4070 ἂν
2867 4017 3009 4086 ποιῇ
3029 4059 3044 4081 ν
3079 4020 3289 4087 Κύριος
3315 4022 3518 4074 εὐοδοῐ
3538 4024 3609 4075 ἐν

2025 4097 2154 4163 ταῖς
2186 4099 2397 4166 χερσὶν
2428 4099 2636 4154 αὑτοῦ.
2674 4097 2830 4168 Εὗρε
2872 4101 2941 4154 δὲ
2987 4103 3208 4171 Ἰωσὴεει
3233 4103 3411 4172 χάριν
3433 4107 3606 4159 ἐναν-

2024 4183 2155 4234 τίον
2185 4182 2291 4236 τοῦ
2337 4185 2548 4251 κυρίου
2593 4185 2816 4248 αὐτοῦ,
2864 4185 2963 4238 καὶ
3012 4185 3388 4254 κατέστησεν
3419 4192 3606 4244 αὑτέν

2023 4262 2121 4316 ἐπὶ
2153 4269 2260 4319 τοῦ
2299 4266 2469 4320 οἴκου
2515 4267 2740 4329 αὑτοῦ,
2781 4267 2878 4320 καὶ
2922 4267 3118 4322 πάντα
3155 4271 3272 4322 ὅσα
3316 4268 3394 4340 ἦν
3445 4272 3606 4338 αὺτῴ

2023 4348 2207 4400 ἔδωκε
2233 4347 2329 4402 διὰ
2355 4347 2554 4416 χειρὸς
2585 4348 2818 4417 Ἰωσήφ.
2851 4345 3004 4414 Εἶδες
3026 4352 3150 4404 ὅσον
3194 4353 3340 4406 ἐστὶν
3368 4355 3472 4405 61:6
3503 4353 3604 4423 τῆς

2025 4428 2231 4482 ἀνωθεν
2280 4430 2590 4499 βοηθεῖσθαι
2622 4429 2838 4496 δεξιᾶς;
2878 4432 3009 4484 Ἰδοὺ
3059 4433 3168 4504 γὰρ
3219 4435 3311 4487 καὶ
3351 4435 3468 4498 νέος
3508 4437 3603 4492 καὶ

2026 4513 2175 4581 ξένος
2223 4514 2318 4566 καὶ
2354 4515 2698 4584 αἰχμάλωτος
2729 4515 2824 4568 καὶ
2856 4515 3060 4578 δοῦλος,
3097 4534 3188 4570 και
3220 4520 3400 4570 πᾶσαν
3425 4520 3604 4594 ἐγχει-

2028 4597 2234 4668 ρίζεται
2267 4597 2416 4667 παρά
2444 4597 2536 4650 τοῦ
2568 4599 2827 4651 δεσπότου
2875 4600 2973 4670 τὴν
3012 4601 3212 4655 οἰκίαν.
3261 4602 3374 4655 Καὶ
3407 4602 3604 4658 πάντα

2024 4679 2122 4731 διὰ
2157 4678 2351 4748 χειρὸς
2395 4681 2582 4734 αὑτοῦ
2624 4680 2865 4744 δέδωκε,
2914 4683 3066 4752 φησί.
3115 4684 3214 4736 Διά
3255 4685 3340 4749 τί;
3385 4685 3604 4758 Ἐπειδὴ

2029 4761 2188 4832 μετὰ·
2211 4762 2308 4831 τῆς
2354 4761 2558 4816 ἀνωθεν
2609 4765 2899 4836 συνεργίας
2929 4769 3022 4819 καὶ
3051 4767 3142 4820 τὸν
3173 4769 3370 4820 οἰκεῖον
3403 4769 3604 4838 τρόπον

2025 4847 2360 4916 εἰσήνεγκεν.
2395 4846 2720 4914 Εὺηρέστει
2752 4849 2860 4920 γάρ
2889 4849 3048 4914 αὐτῷ
3068 4889 3081 4909 .
3115 4850 3298 4919 φησὶν,
3334 4852 3452 4903 ἀντὶ
3479 4849 3602 4916 τοῦ,

2027 4929 2178 4982 Μετά
2208 4929 2407 4999 πολλῆς
2433 4930 2644 4994 εὐνοίας
2671 4931 2888 4986 ἅπαντα
2911 4933 3282 5003 διεπράττετο.
3320 4930 3451 4985 Εἶτα
3477 4933 3602 5003 βους

2023 5012 2246 5083 λόμενος
2283 5013 2444 5066 αὑτὸν
2476 5016 2504 5067 6
2532 5014 2911 5084 φιλάνθρωπος
2936 5016 3068 5078 Θεὸς
3095 5017 3153 5068 ἐν
3183 5016 3385 5069 πλείονι
3423 5034 3597 5071 κατα-

2027 5099 2222 5168 στῆσαι
2252 5097 2402 5168 ἀδείᾳ
2421 5139 2436 5161 ,
2483 5099 2582 5150 οὐκ
2623 5098 2900 5168 ἀπήλλαξε
2931 5101 3028 5166 τῆς
3065 5100 3307 5162 δουλείας
3327 5141 3340 5163 ,
3387 5100 3508 5153 οὐδὲ
3538 5102 3597 5153 ἐν

2024 5179 2303 5251 ἐλευθερίᾳ
2334 5179 2748 5250 παρεσκεύασεν
2775 5177 2935 5234 εἶναι.
2974 5181 3143 5234 Τοῦτο
3172 5185 3279 5250 γὰρ
3303 5181 3450 5252 αύτῷ
3475 5181 3597 5244 ἔθος

2024 5263 2131 5325 ἀεὶ,
2184 5263 2310 5326 τοὺς
2359 5263 2647 5334 ἐναρέτους
2696 5263 2896 5335 ἀνδρας
2939 5265 3038 5318 οὐκ
3081 5264 3444 5317 ἀπαλλάττειν
3487 5264 3597 5317 τῶν

2025 5346 2303 5411 κινδύνων,
2343 5346 2462 5400 ούδέ
2511 5346 2828 5418 ἐλευθεροῦν
2858 5348 2965 5400 τῶν
2999 5347 3338 5418 πειρασμῶν,
3384 5347 3499 5399 ἀλλ’
3537 5348 3596 5399 ἐν

2023 5431 2206 5493 αὐτοῖς
2248 5435 2360 5494 τοῖς
2389 5433 2716 5502 πειρασμοῖς
2747 5431 3014 5500 τοσαύτην
3057 5430 3460 5484 ἐπιδείκνυσθαι
3494 5429 3594 5501 τὴν

2021 5514 2227 5566 οἰκείαν
2257 5512 2458 5583 ῥοπὴν,
2486 5513 2562 5577 ὡς
2593 5515 2788 5577 αὐτοὺς
2815 5517 2941 5578 τοὺς
2974 5515 3312 5585 πειρασμοὺς
3337 5513 3595 5566 ὑπόθεσιν

2021 5597 2203 5659 αὐτοῖς
2236 5598 2428 5667 ἐορτῆς
2467 5597 2730 5665 γίνεσθαι.
2784 5598 2883 5650 Διά
2923 5595 3080 5649 τοῦτο
3115 5598 3210 5651 καὶ
3253 5599 3282 5651 6
3323 5596 3592 5667 μακάριος

2021 5678 2184 5733 Δαυῒδ
2229 5679 2434 5747 ἔλεγεν·
2487 5680 2584 5732 Ἐν
2607 5679 2810 5746 θλίψει
2834 5679 3178 5746 ἐπλάτυνάς
3206 5696 3304 5749 με.
3334 5681 3467 5749 Οὐχὶ
3494 5678 3594 5751 τὴν

2024 5761 2201 5830 θλίψιν
2238 5761 2523 5832 ἀπήλασας
2544 5801 2562 5827 ,
2591 5762 2775 5831 φησὶν,
2804 5760 2926 5815 οὐδὲ
2951 5761 3156 5833 ταύτης
3195 5762 3508 5827 ἀπαλλάξας
3533 5763 3594 5816 ἐν

2022 5845 2203 5900 ἀνέσει
2235 5862 2300 5913 με
2327 5842 2465 5898 εῖναι
2487 5844 2811 5914 πεποίηκας,
2837 5845 2954 5898 ἀλλ’
2977 5845 3114 5916 ὅπερ
3139 5846 3254 5899 ἐστὶ
3279 5844 3592 5917 θαυμαστὸν

2021 5930 2115 5986 καὶ
2150 5928 2449 6000 παράδοξον
2468 5967 2481 5994 ,
2513 5929 2568 5981 ἐν
2606 5927 2755 5999 μέσῳ
2778 5929 2888 5983 τῶν
2915 5929 3148 5999 θλίψεων
3170 5924 3501 6001 τυγχάνοντα
3521 5925 3590 5980 ’ἐν
