4038 6358
213 361 326 418 557

212 476 513 540 abstulisti,
538 490 709 545 neque
726 475 871 530 abea
902 473 1183 530 liberatum
1212 475 1264 528 in
1291 474 1675 544 tranquillitate
1700 488 1820 529 esse

219 568 441 624 voluisti
466 586 479 622 :
504 568 598 623 sed
631 567 681 621 id
713 566 853 637 quod
884 576 968 622 est
1002 567 1340 632 miraculum,
1368 575 1425 621 et
1448 582 1705 636 perquam
1733 583 1821 620 ra-

216 679 365 728 rum,
398 660 451 715 in
484 660 661 715 medio
700 660 1058 716 tribulationis
1096 659 1469 727 constitutum,
1499 661 1702 730 absque
1730 677 1823 729 pa-

214 769 351 808 vore
375 767 497 807 esse
526 767 613 806 me
645 750 816 805 fecisti
846 770 859 805 :
893 752 1019 807 illud
1048 765 1178 807 sane
1204 761 1259 807 et
1295 752 1381 806 hic
1402 752 1526 808 fecit
1560 752 1822 822 benignus

217 845 503 898 Dominus.
545 844 598 899 5.
638 841 903 896 Benedisrit
942 844 1074 897 enim
1109 844 1314 897 domum
1339 843 1580 915 zEgyptii
1619 855 1825 915 propter

213 934 440 1004 Jeseph.
476 935 539 988 Et
561 933 744 987 didicit
768 944 949 1003 postea
980 933 1257 1001 barbarus,
1292 952 1412 989 eum
1442 936 1527 1005 qui
1556 947 1609 989 ut
1636 951 1824 991 servus

215 1026 540 1088 habebatur,
579 1027 688 1080 Deo
712 1027 1050 1095 peculiariter
1088 1036 1294 1097 gratum
1325 1042 1465 1093 esse,
1500 1027 1565 1080 Et
1592 1027 1822 1099 permisit

219 1117 402 1170 omnia
426 1133 539 1187 qua:
565 1115 776 1170 habebat
807 1137 860 1169 in
886 1120 1117 1170 manibus
1142 1118 1370 1190 Joseph;
1399 1120 1450 1173 6.
1483 1128 1530 1172 et
1563 1136 1663 1173 non
1691 1121 1820 1173 scie-

216 1210 306 1262 bat
344 1209 644 1279 quidquam,
694 1220 879 1279 prater
908 1226 1090 1281 panem
1130 1228 1279 1281 quem
1320 1211 1628 1266 comedebat.
1660 1212 1821 1279 Quasi

218 1302 504 1357 dominum
548 1304 710 1357 totius
740 1302 933 1357 domus
976 1303 1272 1358 constituit.
1308 1303 1391 1358 En
1428 1319 1615 1359 servus
1649 1312 1705 1359 et
1735 1319 1826 1357 ca-

221 1395 401 1463 ptivus
426 1395 526 1449 sub
553 1410 711 1448 manu
740 1409 834 1449 sua
862 1394 1024 1449 habet
1050 1396 1227 1450 omnia
1254 1412 1374 1466 quae
1412 1406 1565 1452 erant
1596 1394 1823 1451 domini.

218 1488 397 1542 Tanta
423 1504 511 1543 res
536 1498 621 1543 est
647 1488 817 1542 virtus
847 1506 859 1539 :
884 1503 1005 1542 nam
1036 1489 1359 1559 ubicumque
1388 1488 1476 1543 illa
1497 1490 1822 1559 apparuerit,

220 1580 481 1635 omnibus
502 1580 807 1635 dominatur
827 1590 882 1636 et
908 1581 1180 1650 przevalet.
1212 1582 1423 1636 Etenim
1452 1584 1593 1637 sicut
1619 1583 1826 1637 oriente

223 1676 340 1730 sole
372 1675 606 1729 tenebrzc
631 1674 1008 1741 discutiuntur,
1044 1676 1113 1729 ita
1154 1682 1210 1729 et
1239 1690 1380 1731 nunc
1405 1684 1697 1746 apparente
1722 1677 1826 1729 vir-

223 1778 340 1821 tute
370 1784 400 1822 e
427 1766 605 1822 medio
637 1766 839 1820 tollitur
861 1767 1038 1821 omnis
1069 1768 1290 1821 malitia.

294 1860 352 1914 4.
391 1858 535 1912 Victa
561 1876 592 1912 a
616 1857 843 1929 Josepho
882 1876 1011 1913 uxor
1040 1859 1383 1929 Putipharis;
1426 1860 1561 1915 Deus
1599 1862 1739 1915 solus
1760 1862 1827 1914 ti-

221 1954 443 2005 mendus
470 1950 752 2007 ean—Sed
785 1954 919 2005 mala
940 1953 1107 2007 bestia
1129 1954 1393 2016 diabolus,
1423 1964 1478 2007 ut
1497 1954 1730 2025 primum
1754 1957 1831 2011 ri-

219 2043 300 2095 dit
327 2042 534 2111 justum
568 2052 775 2112 gratum
810 2057 948 2108 esse,
983 2051 1037 2097 et
1082 2058 1177 2113 per
1204 2059 1265 2099 ea
1295 2060 1413 2113 qua:
1444 2054 1695 2114 putantur
1709 2060 1830 2101 esse

221 2134 451 2188 adversa
484 2134 764 2189 clariorem
808 2134 945 2202 ﬁeri,
988 2133 1169 2190 fremit
1195 2135 1445 2191 dentibus
1487 2145 1541 2192 et
1584 2136 1828 2193 insanit:

226 2244 404 2299 neque
431 2227 616 2283 videre
660 2237 833 2297 potest
852 2227 1051 2297 justum
1076 2228 1311 2298 quotidie
1348 2231 1514 2297 magis
1558 2245 1620 2284 ac
1662 2232 1831 2300 magis

224 2321 548 2385 clarescere,
578 2319 672 2375 sed
703 2319 1023 2390 profundum
1048 2320 1355 2375 barathrum
1379 2322 1578 2384 elfodit,
1611 2332 1663 2377 et
1686 2339 1830 2393 prm-

225 2411 468 2481 cipitium
517 2421 696 2479 parat,
749 2427 855 2481 quo
906 2413 1052 2467 illum
1103 2413 1357 2479 maximo,
1410 2422 1466 2468 ut
1517 2414 1827 2481 arbitratur,

224 2501 425 2554 damno
451 2500 677 2565 alliciat;
710 2510 763 2555 et
803 2510 1175 2572 tempestatem
1229 2505 1460 2567 excitat,
1504 2520 1621 2575 quae
1664 2505 1832 2576 possit

226 2594 519 2647 violentum
566 2594 665 2665 ipsi
711 2595 1042 2665 naufragium
1074 2612 1265 2665 parere
1304 2614 1318 2651 :
1360 2598 1453 2652 sed
1497 2598 1681 2653 didicit
1722 2614 1828 2654 non

228 2698 350 2755 post
383 2688 600 2758 longum
632 2697 860 2759 tempus,
892 2704 952 2744 se
980 2701 1164 2745 contra
1205 2692 1478 2746 stimulum
1526 2693 1828 2761 calcitrarc,

227 2789 279 2831 et
306 2788 493 2833 contra
534 2794 690 2833 suum
716 2789 875 2847 caput
904 2782 1115 2850 operari
1144 2783 1343 2837 omnia.
1388 2782 1453 2836 Et
1479 2794 1586 2838 erat
1613 2784 1828 2854 Joseph,

225 2872 418 2940 tuquit,
453 2872 660 2941 pulcher
689 2873 870 2941 specie,
898 2883 943 2926 et
975 2876 1227 2943 formosus
1252 2886 1477 2942 aspectu.
1511 2876 1687 2944 Quare
1727 2892 1831 2932 n0-

230 2965 310 3018 bis
340 2966 583 3032 corporis
616 2965 1063 3033 pulchritudinem
1087 2968 1304 3021 narrat?
1325 2967 1393 3023 Ut
1414 2968 1683 3024 discamus
1707 2984 1829 3024 eum

230 3075 335 3112 non
368 3059 541 3113 solum
567 3060 739 3112 anima
774 3060 1051 3129 pulchrum
1075 3059 1259 3127 fuisse,
1290 3061 1382 3117 sed
1421 3071 1474 3117 et
1494 3077 1737 3133 corpore.
1774 3063 1831 3118 ln

231 3151 347 3217 ipso
378 3150 522 3203 enim
551 3150 684 3205 flore
712 3152 886 3205 relatis
909 3161 1023 3207 erat
1046 3170 1059 3205 :
1085 3152 1297 3223 juvenis
1339 3165 1473 3220 erat,
1509 3164 1562 3209 et
1610 3156 1833 3210 Pulcher

228 3242 416 3307 specie,
450 3250 495 3293 et
516 3241 768 3310 formosus
792 3244 943 3313 facie.
969 3244 1093 3298 Hmc
1122 3256 1298 3299 autem
1330 3248 1475 3316 prius
1504 3250 1738 3303 narravit
1762 3249 1832 3304 de

228 3348 296 3383 ro
322 3333 622 3401 Scriptura,
670 3344 729 3388 ut
772 3335 961 3390 doceat
992 3353 1089 3391 nos
1124 3337 1429 3409 IEgyptiam
1475 3341 1831 3397 adolescentis

230 3424 627 3492 pulchritudine
651 3438 858 3496 captant
886 3428 949 3482 ad
981 3430 1218 3485 illicitum
1238 3447 1358 3485 eum
1388 3434 1727 3488 concubitum
1750 3434 1828 3488 in-

227 3517 447 3571 citasse.
480 3518 531 3573 7.
562 3518 627 3571 Et
649 3520 837 3587 factum
865 3532 936 3574 est
960 3533 1070 3593 post
1100 3524 1224 3577 lucc.
1249 3525 1383 3591 Qttid
1412 3535 1511 3589 est,
1536 3525 1660 3581 Post
1686 3528 1833 3581 hac?

232 3608 524 3678 l’oaqnam
557 3610 607 3664 ei
637 3612 939 3666 concredita
973 3623 1209 3682 potestas
1248 3617 1410 3670 totius
1438 3616 1650 3679 domus.
1684 3630 1830 3687 post-

230 3717 396 3766 quam
430 3711 634 3756 tantum
663 3704 918 3759 honorem
941 3720 969 3759 a
994 3705 1210 3761 domino
1230 3722 1327 3762 suo
1347 3720 1705 3778 consequutus
1727 3720 1829 3777 est,

230 3791 419 3862 lnjecit
466 3810 596 3846 uxor
634 3795 825 3848 domini
865 3797 944 3849 sui
990 3799 1161 3852 oculos
1204 3816 1321 3853 suos
1358 3801 1410 3854 in
1452 3799 1666 3872 Ioseph.
1699 3803 1832 3857 Vide

232 3886 696 3953 intemperantiam
746 3888 954 3943 lascivae
1010 3892 1270 3947 mulieris.
1305 3893 1417 3947 Non
1456 3894 1617 3948 subiit
1657 3894 1729 3949 illi
1780 3896 1830 3949 in

232 3988 468 4033 mentem
498 3995 557 4035 se
589 3980 769 4036 haberi
800 3982 1090 4050 dominam,
1122 4001 1227 4039 nou
1256 3987 1500 4056 cogitavit
1542 3987 1689 4041 illum
1712 4004 1834 4043 esse

234 4086 471 4134 servmn,
501 4071 597 4126 sed
623 4089 653 4126 a
685 4074 1013 4131 formositate
1036 4087 1210 4145 capta,
1231 4087 1284 4133 et
1304 4079 1565 4134 diabolico
1588 4080 1833 4134 incendio

234 4173 509 4233 Suscepto,
540 4165 591 4218 in
631 4166 876 4234 juvenem
908 4180 1091 4238 postea
1130 4170 1334 4226 insilire
1375 4182 1579 4227 tentat:
1612 4174 1835 4227 malam-

233 4272 339 4325 que
363 4257 505 4310 illam
534 4260 908 4327 cogitationem
938 4262 989 4315 in
1023 4274 1199 4318 mente
1226 4280 1466 4332 servans,
1501 4274 1709 4337 tempus
1746 4270 1832 4321 iu-

234 4350 485 4417 quirebat
511 4358 567 4405 et
594 4352 957 4418 solitudinem,
982 4371 1100 4425 qua:
1142 4368 1357 4425 possent
1383 4360 1430 4413 ei
1460 4362 1735 4429 co0perari
1767 4362 1832 4417 ad

234 4441 476 4495 illicitum
520 4457 673 4496 suum
721 4456 990 4500 conatum.
1052 4447 1235 4502 Verum
1280 4450 1369 4503 ille
1411 4452 1570 4505 noluit
1600 4469 1619 4506 .'
1660 4470 1835 4523 neque

235 4538 435 4606 paruit,
464 4554 638 4608 neque
662 4541 822 4595 verba
849 4541 989 4596 illius
1017 4545 1275 4614 suscepit.
1305 4544 1517 4601 Sciebat
1541 4548 1682 4601 enim
1712 4549 1835 4604 hinc

233 4630 335 4683 sibi
362 4645 607 4701 magnam
639 4634 927 4701 perniciem
956 4638 1132 4692 enasci
1160 4656 1173 4692 :
1201 4646 1256 4693 et
1281 4654 1383 4693 non
1407 4640 1575 4694 solum
1600 4656 1685 4695 res
1709 4658 1834 4696 suas

233 4723 535 4791 Spectabat,
584 4724 676 4778 sed
726 4741 941 4794 operam
971 4728 1130 4782 dabat
1182 4739 1238 4783 ut
1282 4739 1336 4785 et
1377 4731 1543 4797 illam,
1576 4744 1831 4801 quantum

236 4816 495 4883 possibile
525 4826 661 4881 erat,
692 4818 761 4871 ab
792 4819 993 4874 insania
1020 4819 1120 4874 hac
1150 4821 1420 4888 liberaret,
1452 4831 1506 4876 et
1548 4824 1615 4877 ab
1648 4824 1831 4879 illicita

236 4912 339 4964 ista
371 4914 799 4980 concupiscentia
834 4931 847 4965 ;
879 4924 1037 4984 atque
1079 4916 1359 4969 consilium
1389 4917 1436 4970 ci
1480 4917 1653 4983 all'ert,
1690 4919 1831 4987 quod

234 5015 263 5053 s
306 4999 538 5056 [ficit-hat
569 5003 616 5056 ei
640 5012 695 5056 ut
723 5004 1037 5073 pudelieret,
1062 5014 1117 5059 et
1143 5006 1266 5074 quid
1295 5008 1393 5061 sibi
1423 5020 1566 5063 esset
1597 5009 1837 5077 profutu-

238 5107 359 5145 rum
396 5106 762 5160 eognOs'Cerel.
792 5098 843 5151 8.
884 5095 1028 5148 Dixit
1067 5098 1220 5164 enim,
1257 5097 1445 5167 inquit,
1477 5101 1835 5155 uxoridomiui

236 5187 317 5237 sui
351 5186 584 5253 (domina
629 5203 657 5241 a
702 5204 856 5243 servo
897 5188 1176 5243 consilium
1204 5190 1427 5259 accepit)
1454 5209 1466 5245 :
1497 5191 1557 5246 Si
1599 5192 1833 5247 dominus

240 5291 385 5327 meus
405 5288 610 5345 propter
635 5296 711 5332 me
733 5280 860 5333 nihil
886 5282 976 5334 scit
1002 5279 1055 5333 iu
1081 5280 1229 5333 domo
1250 5297 1362 5342 sua,
1395 5282 1483 5334 sed
1505 5284 1673 5337 omnia
1697 5300 1835 5355 qua:-

239 5383 454 5432 cumque
479 5368 646 5434 habet,
673 5370 807 5423 dedit
833 5373 885 5424 in
909 5388 1088 5425 manus
1115 5388 1271 5425 meas.
1294 5370 1338 5425 Ο
1363 5383 1569 5442 gratum
1598 5377 1694 5429 viri
1721 5378 1837 5428 ani-

240 5460 425 5513 mum!
459 5460 588 5516 Vide
628 5463 894 5532 quomodo
932 5476 1209 5520 enumerat
1240 5467 1495 5522 henelicia
1522 5469 1744 5531 domini,
1777 5479 1835 5524 ut

240 5550 434 5604 doceat
459 5561 715 5621 quantum
745 5554 831 5608 illa
855 5570 913 5610 se
935 5556 1192 5626 ingratam
1214 5573 1338 5628 erga
1360 5560 1636 5630 conjugem
1654 5570 1833 5617 osten-

242 5644 354 5695 dat.
384 5642 438 5697 Si
466 5646 608 5698 enim
636 5659 755 5714 ego,
790 5646 991 5716 inquit,
1014 5651 1103 5718 qui
1140 5648 1365 5705 famulus
1392 5665 1509 5704 sum
1533 5693 1547 5717 ,
1579 5654 1667 5723 qui
1709 5670 1830 5723 per-

240 5734 482 5799 egrinus,
513 5736 603 5805 qui
628 5738 889 5806 captivus,
915 5748 1059 5793 tanta
1086 5740 1230 5795 fruor
1249 5740 1386 5810 apud
1414 5758 1535 5797 eum
1565 5744 1829 5808 libertate.

242 5836 297 5877 ut
329 5824 509 5881 omnia
546 5840 642 5883 sua
680 5826 782 5885 sub
819 5844 980 5886 mauu
1011 5847 1126 5888 mea
1158 5833 1433 5889 tradiderit
1465 5850 1479 5889 τ
1511 5843 1564 5889 et
1589 5834 1719 5891 nihil
1748 5848 1829 5893 est

1208 358 1277 415 ΙΝ
1313 360 1468 417 CAP.
1508 359 1758 417 XXXIX.
1802 359 2049 416 GENES.
2093 362 2322 419 llOlilL.
2365 364 2525 420 LXII.

3421 362 3522 418 558

1928 475 2069 543 quod
2102 478 2311 547 excepit
2338 476 2407 533 de
2434 493 2593 532 manu
2631 493 2772 545 mea,
2815 486 3011 546 praeter
3049 486 3101 531 te
3143 494 3155 530 :
3185 484 3242 532 et
3277 478 3526 531 omnibus

1928 568 2047 621 aliis
2073 583 2173 638 ego
2200 584 2451 638 praesum,
2482 571 2582 623 soli
2613 580 2789 624 autem
2827 569 2919 623 tibi
2944 569 3218 636 subjicior,
3243 584 3407 639 esque
3434 586 3524 623 ex-

1931 668 2009 712 tra
2042 675 2214 714 meam
2245 670 2584 730 potestatem.
2638 659 2841 715 Deinde
2873 668 2931 714 ut
2968 660 3180 715 letalem
3222 660 3271 714 ei
3315 661 3523 729 plagam

1929 752 2103 819 daret,
2148 762 2203 807 et
2254 754 2304 807 in
2352 763 2585 807 mentem
2628 764 2906 807 revocaret
2934 753 3027 807 viri
3074 752 3519 812 benevolentiam,

1933 844 2385 915 persuaderetque
2409 846 2458 900 ei
2492 862 2557 899 ne
2589 854 2692 899 tam
2718 845 2917 914 ingrata
2936 853 3216 911 esseterga
3242 844 3523 910 conjuge":

1931 952 2106 1000 suum,
2137 938 2305 1005 inquit
2329 954 2341 989 :
2370 938 2432 990 Et
2462 945 2514 989 tu
2540 947 2819 1005 propterea
2840 947 2986 990 extra
3013 945 3327 1004 potestatem
3352 949 3525 989 meam

1930 1044 1988 1081 es
2016 1068 2032 1093 ,
2063 1044 2128 1081 eo
2154 1028 2202 1080 9.
2237 1027 2386 1095 Quod
2410 1037 2463 1080 tu
2490 1044 2621 1081 uxor
2650 1029 2759 1098 ejus
2788 1027 2873 1080 sis.
2909 1026 3038 1080 Cum
3072 1027 3228 1096 igitur
3254 1041 3384 1079 uxor
3411 1028 3526 1093 ejus

1931 1120 2025 1183 sis,
2059 1120 2324 1183 Quomodo
2364 1120 2550 1190 faciam
2598 1120 2691 1172 hoc
2740 1118 2927 1171 malum
2974 1117 3194 1184 verbum,
3227 1130 3271 1170 et
3315 1117 3527 1186 peccubo

1930 1202 2292 1265 coram'Deo?
2318 1211 2577 1277 Quoniam
2600 1211 2741 1264 enim
2775 1210 2863 1264 illa
2890 1210 3231 1264 solitudinem
3262 1209 3524 1262 observa-

1932 1306 2042 1369 bat,
2074 1314 2129 1359 et
2156 1315 2366 1374 tempus
2396 1304 2739 1374 exspectabat
2771 1318 2878 1373 quo
2916 1302 3078 1355 latere
3124 1310 3304 1369 pos.~et
3328 1300 3522 1363 virum,

1932 1407 1986 1452 et
2013 1412 2201 1453 omnes
2229 1398 2318 1467 qui
2363 1398 2414 1451 in
2461 1398 2620 1451 domo
2659 1405 2833 1463 erant,
2865 1395 2994 1449 dicit
3023 1411 3034 1446 :
3064 1392 3326 1459 Quomodo
3354 1406 3533 1461 potero

1932 1496 2100 1561 facere
2129 1492 2320 1544 malum
2363 1491 2479 1557 hoc,
2508 1499 2555 1543 et
2587 1490 2799 1558 peccabo
2823 1503 2994 1541 coram
3024 1484 3176 1538 Deo?
3204 1483 3340 1551 Quid
3384 1484 3526 1537 enim

1936 1586 2127 1655 putas?
2162 1585 2377 1638 Etiamsi
2431 1584 2715 1638 fecerimus
2767 1591 2825 1635 ut
2874 1596 2961 1635 res
2998 1580 3133 1634 clam
3165 1579 3233 1633 sit
3259 1576 3526 1638 omnibus,

1932 1679 2147 1734 oculum
2174 1688 2350 1734 tamen
2375 1678 2545 1743 illum,
2575 1677 2662 1747 qui
2682 1674 2971 1730 dormitare
2997 1673 3197 1743 nequit,
3228 1671 3393 1724 latere
3421 1685 3528 1723 nou

1935 1772 2229 1842 poterimus
2260 1788 2273 1823 :
2308 1770 2455 1824 ilhun
2487 1769 2662 1822 solum
2705 1768 2893 1821 timere
2932 1772 3165 1836 oportet,
3215 1774 3269 1816 et
3301 1771 3528 1816 tremere

1932 1882 1996 1919 ac
2022 1879 2235 1935 pavere,
2268 1872 2327 1916 ut
2351 1878 2418 1916 ne
2446 1862 2498 1915 in
2524 1869 2816 1929 conspectu
2859 1857 2974 1926 ejus
3003 1855 3125 1909 mali
3152 1853 3421 1924 quidpiam
3450 1851 3527 1903 fa-

1934 1959 2164 2013 ciamus.
2193 1956 2255 2010 Et
2281 1964 2339 2010 ut
2358 1955 2627 2009 discamus
2645 1953 2773 2022 justi
2796 1949 3146 2006 excellentem
3169 1948 3443 2010 virtutem,
3476 1954 3529 1997 et

1936 2068 2057 2107 eum
2088 2066 2192 2105 non
2229 2050 2398 2105 semel
2439 2062 2611 2117 neque
2656 2047 2757 2111 bis,
2802 2045 2897 2098 sed
2937 2053 2992 2098 et
3033 2042 3229 2112 saepius
3257 2049 3527 2095 certamen

1935 2144 2037 2198 hoc
2058 2142 2394 2202 sustinuisse,
2424 2152 2478 2196 et
2500 2139 2825 2209 colloquium
2856 2137 2957 2191 hoc
2989 2136 3193 2196 tulisse,
3223 2131 3530 2186 consulere-

1936 2253 2040 2306 que
2070 2252 2172 2289 non
2196 2234 2517 2294 cessavisse.
2547 2231 2722 2287 subdit
2751 2230 3022 2299 Scriptura
3049 2246 3061 2283 :
3092 2228 3178 2283 ll).
3210 2225 3335 2279 Cum
3367 2233 3530 2276 autem

1937 2327 2218 2396 loqueretur
2241 2327 2305 2379 de
2320 2327 2403 2379 die
2421 2327 2473 2378 in
2494 2326 2645 2390 diem,
2674 2334 2719 2376 et
2746 2338 2845 2375 non
2869 2320 3089 2374 obediret
3116 2319 3160 2371 ei
3187 2333 3206 2371 :
3228 2317 3315 2370 ubi
3345 2315 3531 2368 obSer-

1936 2421 2080 2475 vavit
2102 2422 2153 2473 in
2186 2420 2347 2472 domo
2380 2418 2662 2471 facientem
2687 2412 2908 2483 aliquid,
2938 2411 3129 2465 assiliit
3175 2410 3228 2462 in
3253 2411 3527 2475 juvenem,

1937 2514 2075 2565 sicut
2128 2511 2239 2565 fera
2282 2510 2531 2563 dentibus
2576 2506 2847 2568 frendens,
2889 2514 2943 2558 et
2984 2500 3332 2572 apprehensis
3366 2497 3529 2550 vesti-

1938 2606 2131 2660 mentis
2180 2605 2521 2658 teuuiteum.
2554 2601 2670 2655 Non
2725 2598 3039 2667 simpliciter
3092 2596 3194 2649 hoc
3243 2600 3528 2662 praeterea-

1938 2713 2077 2764 mus,
2127 2696 2221 2752 scd
2265 2697 2560 2766 cogitemus
2605 2702 2860 2763 quantum
2903 2701 3174 2744 certamen
3223 2682 3531 2739 sustinuerit

1931 2796 2109 2864 justus
2140 2792 2247 2846 ille.
2294 2790 2409 2844 Non
2452 2788 2592 2842 enim
2620 2795 2735 2841 erat
2775 2794 2882 2837 tam
2930 2780 3267 2845 admirabile,
3310 2785 3368 2831 ut
3401 2775 3529 2830 mihi

1935 2888 2168 2953 videtur,
2198 2886 2249 2939 in
2282 2886 2495 2937 fornace
2543 2878 2829 2950 Babylonis
2875 2874 3075 2931 versari
3120 2883 3229 2927 tres
3258 2886 3449 2940 pueros
3478 2877 3533 2922 et

1938 2981 2131 3034 illa‘sos
2165 2991 2495 3047 permanere,
2541 2972 2779 3041 nihilque
2806 2969 2872 3023 ab
2899 2970 3017 3038 igne
3040 2965 3145 3035 ῃιιί
3175 2964 3337 3035 (Duu.
3360 2960 3438 3031 '5),
3474 2970 3531 3012 ut

1936 3072 2248 3127 admirabile
2278 3069 2379 3122 hoc
2407 3077 2458 3121 et
2504 3082 2707 3125 rarmn,
2749 3077 2939 3129 nempe
2978 3056 3345 3113 admirandum
3383 3054 3529 3105 illtnn

1932 3165 2181 3234 juvenem
2211 3159 2430 3215 relim-ri
2462 3154 2789 3211 vestimentis
2815 3169 2843 3205 a
2869 3151 3095 3205 scelesta
3125 3148 3210 3201 illa
3234 3156 3285 3199 et
3314 3145 3528 3207 lasciva,

1939 3274 2037 3312 nec
2065 3267 2241 3310 tamen
2272 3255 2345 3307 illi
2378 3253 2590 3313 cedere,
2633 3248 2729 3304 sed
2757 3255 2810 3301 et
2838 3246 3077 3299 VCSIihus
3104 3241 3302 3296 relictis
3332 3237 3383 3291 in
3415 3252 3526 3290 ma-

1939 3350 2096 3405 nibus
2124 3349 2266 3402 illius
2298 3346 2522 3400 resilire.
2554 3341 2863 3398 Sicuteuim
2894 3349 2999 3393 tres
3032 3336 3177 3407 pueri
3215 3334 3285 3388 illi
3317 3342 3527 3401 propter

1938 3457 2087 3495 suam
2120 3440 2368 3492 virtutem
2396 3451 2627 3505 superno
2654 3432 2774 3487 freti
2800 3431 3015 3494 auxilio,
3047 3432 3165 3498 igne
3201 3422 3525 3496 pru'stauiio-

1939 3549 2026 3590 res
2060 3533 2157 3588 visi
2186 3540 2310 3586 sunt
2340 3550 2353 3585 :
2388 3531 2455 3584 ita
2485 3539 2540 3585 et
2570 3528 2677 3591 ille,
2702 3527 2823 3596 quia
2854 3524 2994 3594 quod
3036 3522 3087 3575 iu
3124 3536 3182 3575 se
3204 3527 3317 3573 erat
3345 3516 3532 3570 affere-

1939 3627 2048 3689 hat,
2081 3634 2135 3680 et
2163 3622 2506 3679 continentia:
2543 3619 2836 3674 certamina
2864 3631 2983 3669 cum
3021 3628 3209 3682 magna
3247 3608 3533 3665 exhibebat

1937 3716 2258 3781 constantia,
2306 3726 2499 3783 magno
2528 3722 2867 3781 Stiperanue
2897 3704 3143 3776 przusidio
3174 3700 3529 3755 muniebatur.

1938 3810 2121 3880 Neque
2146 3808 2289 3863 enim
2340 3805 2619 3875 potuisset,
2667 3802 2887 3856 dextera
2934 3797 3028 3852 Dei
3075 3810 3179 3849 nou
3210 3800 3532 3861 cooperante

1938 3902 2008 3965 ei,
2036 3907 2241 3954 tantum
2265 3908 2533 3952 certamen
2557 3902 2785 3958 certare,
2821 3898 2877 3946 et
2905 3904 2935 3943 a
2958 3888 3159 3943 retibus
3188 3885 3328 3938 illius
3357 3882 3532 3937 libidi-

1939 4008 2084 4047 nosa:
2112 3991 2351 4045 mulieris
2390 3987 2662 4056 aufttgere.
2695 3985 2762 4038 Et
2796 3981 2987 4037 licebat
3018 3989 3200 4049 postea
3230 3976 3409 4031 videre
3433 3975 3530 4026 ad-

1940 4086 2237 4140 mirabilem
2263 4085 2432 4147 illum,
2462 4082 2662 4137 nudum
2681 4079 2895 4150 quidem
2918 4077 3150 4133 vestibus
3179 4076 3344 4136 exire,
3376 4072 3531 4125 indu-

1940 4188 2049 4233 tum
2080 4188 2255 4232 autem
2300 4175 2644 4232 continentia:
2675 4172 3023 4235 vestimentis,
3069 4180 3123 4225 et
3162 4168 3313 4239 quasi
3350 4167 3417 4220 ab
3448 4166 3529 4217 in-

1937 4269 2128 4325 cendio
2170 4278 2225 4324 et
2269 4269 2485 4322 fornace
2514 4266 2737 4321 illaesum
2777 4263 3052 4333 effugere:
3101 4277 3163 4314 ac
3211 4276 3315 4312 non
3359 4258 3531 4311 solum

1939 4380 2045 4417 non
2080 4362 2349 4429 adustum,
2377 4360 2470 4416 sed
2502 4370 2556 4415 et
2585 4359 2753 4414 multo
2778 4356 3111 4427 fulgidiorem
3156 4363 3211 4409 et
3249 4352 3529 4406 clariorem

1939 4457 2156 4511 factum.

2010 4550 2063 4603 5.
2094 4549 2199 4603 Sed
2229 4547 2347 4604 vide
2375 4555 2496 4617 post
2523 4554 2721 4601 tantam
2748 4544 3046 4605 victoriam,
3081 4549 3302 4610 postque
3331 4546 3529 4591 tantam

1939 4641 2323 4704 fortitudinem,
2369 4640 2522 4709 cujus
2564 4653 2724 4692 causa
2767 4636 2921 4690 illum
2952 4633 3230 4703 oportebat
3263 4630 3527 4692 coronari,

1938 4744 1994 4789 et
2038 4734 2192 4803 cujus
2239 4748 2397 4788 causa
2453 4730 2736 4802 oportebat
2792 4730 2940 4783 illum
2990 4725 3288 4797 praedicari,
3339 4723 3530 4776 iterant

1939 4829 2089 4897 quasi
2114 4844 2265 4882 reum
2286 4838 2338 4881 et
2364 4827 2652 4881 obnoxium
2681 4825 2961 4878 innumera
2990 4822 3339 4875 sustinentem
3368 4815 3529 4870 mala.

1938 4921 2069 4975 Nam
2096 4918 2341 4990 Egyptia
2365 4918 2453 4972 illa
2485 4934 2590 4971 non
2620 4916 2795 4971 ferens
2817 4915 3072 4985 pudorem
3095 4924 3145 4967 et
3162 4909 3527 4981 opprobrium,

1940 5014 1991 5067 in
2022 5029 2142 5083 qua:
2178 5012 2409 5080 seipsam
2448 5010 2705 5079 iniecerat
2736 5006 3083 5077 impossibilia
3108 5011 3396 5066 attentans,
3424 5002 3533 5070 pri-

1938 5121 2084 5159 mum
2112 5103 2325 5174 quidem
2353 5102 2665 5156 convocavit
2689 5115 2782 5157 eos
2805 5100 2891 5170 qui
2920 5098 2974 5153 in
3003 5098 3163 5151 domo
3185 5102 3356 5160 erant,
3381 5109 3531 5148 accu-

1938 5210 2065 5248 sans
2103 5194 2494 5248 adolescentem
2540 5210 2551 5246 :
2601 5192 3016 5260 testilicaturque
3045 5188 3191 5242 illum
3220 5185 3419 5240 dixisse
3465 5200 3529 5239 ea

1937 5303 2055 5357 qme
2085 5287 2152 5341 ab
2177 5288 2286 5356 ipsa
2309 5301 2502 5357 magno
2529 5286 2706 5340 furore
2734 5284 3001 5354 proposita
3028 5283 3255 5345 fuerant,
3280 5289 3436 5349 atque
3458 5279 3528 5332 ita

1938 5394 2127 5433 omnes
2167 5378 2415 5448 decipere
2454 5385 2638 5431 tentat.
2687 5377 2783 5433 Hic
2807 5376 2950 5431 enim
2996 5390 3112 5429 mos
3158 5382 3243 5428 est
3289 5372 3524 5432 malitiae,

1938 5485 2150 5541 semper
2192 5480 2376 5525 contra
2423 5472 2675 5525 virtutem
2725 5477 2942 5539 pugnat,
2985 5480 3040 5523 et
3082 5467 3129 5522 ei
3174 5480 3267 5519 sua
3312 5474 3526 5535 peccata

1938 5562 2242 5617 adscribere
2272 5564 2503 5632 satagit;
2538 5562 2589 5616 id
2614 5562 2755 5631 quod
2795 5572 2845 5616 et
2887 5560 3003 5615 haec
3037 5557 3282 5621 faciebat,
3341 5554 3526 5609 adole-

1941 5664 2181 5709 scentem
2207 5655 2354 5724 quasi
2381 5656 2823 5722 intemperantem
2852 5652 3140 5707 criminans
3168 5658 3224 5705 et
3268 5662 3327 5703 se
3351 5647 3523 5702 conti-

1940 5756 2134 5800 nentne
2164 5747 2308 5801 larva
2350 5755 2552 5816 tegens,
2585 5744 2875 5815 dicensque
2902 5751 3121 5813 propter
3151 5741 3252 5794 hoc
3278 5748 3333 5794 et
3377 5738 3529 5793 illum

1940 5848 2115 5894 vestes
2142 5838 2439 5910 reliquisse,
2468 5848 2523 5893 et
2549 5854 2606 5894 se
2631 5836 2911 5893 retinuisse
2936 5834 3075 5891 illas.
3108 5832 3372 5904 Benignus
3390 5841 3520 5881 vero
