4038 6358
517 321 622 375 539

522 436 663 490 Deus
693 435 806 489 ha:c
834 436 945 490 fieri
976 435 1248 503 permittit,
1275 445 1331 489 ut
1363 451 1455 503 per
1476 436 1650 488 omnia
1679 433 1928 488 famulum
1945 449 2097 487 suum

520 528 799 581 elariOrem
836 527 1053 580 efliciat.
1081 525 1212 580 Nam
1246 526 1357 579 haec
1381 526 1556 579 omnia
1587 526 1814 580 venienti
1837 527 1953 578 viro
1980 541 2100 579 cum

520 633 709 685 magna
742 618 934 670 malitia
967 618 1130 681 dixit,
1182 626 1237 670 et
1261 617 1653 670 adolescentem
1683 619 1947 670 accusavit
1974 655 1988 676 ,
2016 616 2100 667 di-

520 722 648 760 ceus
683 725 696 762 :
729 709 812 761 Π.
848 706 1062 760 Intravit
1085 708 1152 760 ad
1180 725 1258 762 me
1288 725 1410 777 puer
1439 706 1702 768 Ilebrwus,
1732 723 1878 776 quem
1913 706 2102 760 duxisti

521 797 587 848 ad
608 813 718 861 nos,
750 806 805 849 ut
833 799 1064 850 ittuderet
1089 799 1231 851 ntihi.
1255 798 1298 852 0
1325 799 1514 853 misera
1546 807 1601 852 et
1620 797 1955 851 calamitosa!
1984 797 2100 850 Non
2120 829 2135 850 ι

523 890 634 954 ipse
666 890 972 952 introduxit,
1007 901 1064 944 ut
1105 891 1350 944 illuderet
1377 889 1467 944 tibi
1503 908 1516 943 :
1549 889 1642 943 sed
1667 890 1908 945 diabolus
1941 899 1989 943 te
2020 888 2120 942 ina!

521 979 690 1043 duxit,
720 990 775 1034 ut
799 998 902 1034 non
930 982 1102 1036 solum
1140 982 1377 1036 adultera
1423 984 1596 1046 fieres,
1628 981 1720 1035 sed
1747 991 1800 1034 et
1831 992 1905 1043 ut,
1939 995 2104 1049 quatt-

524 1081 633 1124 tutn
666 1074 716 1126 in
747 1082 798 1128 te
839 1075 952 1138 fuit,
990 1074 1329 1128 homicidium
1361 1085 1613 1143 patrares.
1651 1075 1714 1127 Et
1741 1074 1971 1126 ostendit
2010 1087 2105 1140 po-

522 1175 635 1219 stea
663 1165 726 1218 ad
753 1167 1239 1236 comprobationem
1268 1184 1448 1221 eorum
1481 1184 1598 1237 qure
1624 1167 1763 1220 dicta
1794 1175 1948 1219 erant
1972 1165 2098 1219 ado-

525 1253 776 1308 lescentis
798 1267 991 1310 vestes.

599 1344 695 1399 Dei
721 1347 1030 1414 providentia
1049 1365 1167 1418 erga
1194 1347 1495 1417 Josephunt.
1518 1378 1586 1388 —-
1607 1346 1918 1413 Considera,
1943 1344 2101 1399 obse-

524 1451 638 1500 cro,
696 1437 780 1490 hic
825 1439 1120 1492 communis
1167 1444 1402 1493 omnium
1458 1439 1665 1492 Domini
1715 1437 2099 1491 clementiam:

527 1529 665 1580 sicut
693 1529 832 1582 enim
867 1546 894 1581 a
924 1532 1173 1585 fratribus
1217 1533 1360 1585 illum
1405 1531 1618 1600 eripuit,
1660 1530 1954 1584 volentibus
1982 1545 2102 1582 cum

528 1619 824 1675 interficere
862 1639 875 1674 :
925 1630 979 1676 et
1019 1622 1195 1676 effecit
1232 1624 1455 1692 primum
1486 1622 1698 1692 quidem
1731 1631 1786 1676 ut
1812 1621 2105 1676 secundum

527 1712 805 1766 consilium
828 1713 1010 1768 Ruben
1039 1715 1087 1767 in
1111 1715 1392 1769 cisternam
1421 1716 1812 1780 immitteretur,
1843 1723 1896 1769 et
1922 1723 2104 1782 postea

530 1803 716 1856 iterum
747 1804 1036 1859 secundum
1059 1807 1336 1860 consilium
1366 1805 1514 1859 Iuda:
1538 1805 1948 1874 negotiatoribus
1977 1819 2106 1856 ven-

527 1894 761 1961 deretur,
795 1905 851 1949 ut
875 1897 1204 1951 somniorum
1228 1912 1448 1952 eventus
1473 1897 1881 1966 complerentur,
1915 1894 2103 1949 iidem-

528 2003 630 2054 que
678 1987 911 2042 facerent
943 1989 1108 2058 justo,
1159 2006 1261 2044 non
1309 1992 1498 2044 frustra
1548 2005 1719 2060 neque
1758 2001 1955 2043 temere
1993 1988 2107 2042 hzec

527 2081 840 2150 praesignata
872 2081 1034 2137 fuisse
1071 2101 1084 2136 :
1116 2083 1184 2137 ita
1211 2093 1264 2138 et
1305 2101 1444 2139 nunc
1480 2100 1709 2152 superna
1759 2098 1948 2137 manus
1988 2090 2107 2136 erat

527 2187 644 2239 qua:
675 2172 955 2228 barbarum
989 2175 1234 2244 detinuit,
1265 2187 1450 2231 etnon
1486 2178 1721 2247 permisit
1755 2187 1811 2230 ut
1838 2177 2016 2230 statim
2040 2175 2105 2230 ad

529 2263 728 2318 cedem
752 2265 878 2335 justi
907 2267 1200 2321 festinaret.
1237 2269 1370 2335 Quid
1419 2271 1558 2323 enim
1606 2269 1958 2338 prohibuisset
1983 2284 2107 2322 eum

530 2357 631 2413 hoc
659 2358 851 2424 facere,
897 2376 1018 2415 cum
1067 2362 1383 2429 intelligeret
1426 2363 1572 2416 illum
1604 2364 1797 2417 violare
1842 2378 1993 2416 suum
2023 2362 2105 2415 le-

529 2459 673 2503 ctum
701 2451 1029 2506 tentavisse?
1074 2453 1268 2506 Verum
1315 2454 1564 2521 providus
1598 2455 1734 2508 Deus
1762 2453 1881 2507 ideo
1908 2463 2103 2506 tantam

529 2541 730 2594 curavit
773 2543 839 2596 ab
895 2543 984 2596 illo
1023 2543 1258 2597 exhiberi
1302 2544 1660 2606 clementiam,
1706 2553 1762 2597 ιιι
1801 2545 2023 2611 injectus
2054 2544 2104 2596 in

527 2638 815 2689 carcerem,
846 2627 1006 2680 etiam
1038 2628 1144 2680 illic
1173 2643 1322 2681 suam
1348 2628 1640 2683 declararet
1662 2629 1928 2694 virtutem,
1956 2640 2009 2685 et
2031 2629 2108 2681 sic

528 2714 593 2765 ad
625 2716 968 2784 principatum
997 2718 1140 2787 regni
1174 2721 1489 2787 perveniret.
1521 2720 1605 2774 l9.
1632 2721 1930 2776 Succensnit
1951 2724 2102 2789 enim,

529 2805 716 2873 inquit,
749 2807 979 2860 dominus
1005 2812 1132 2878 ejus,
1174 2811 1262 2865 20.
1310 2820 1356 2864 et
1393 2812 1525 2864 misit
1555 2829 1666 2865 eum
1712 2814 1763 2866 in
1803 2813 2106 2879 custodiam,

528 2895 613 2948 ubi
637 2898 786 2950 vincti
813 2899 942 2968 regis
987 2900 1355 2954 detinebantur.
1401 2901 1504 2955 Sed
1551 2902 1596 2956 si
1624 2902 1838 2972 quidem
1867 2919 1969 2957 non
1993 2921 2107 2957 eri--

527 2986 706 3053 debat,
736 3003 836 3042 non
864 2991 1140 3057 oportebat
1169 3007 1289 3045 eum
1323 2993 1372 3044 in
1394 3007 1662 3047 carcerem
1693 2994 1994 3062 conjicere:
2024 2996 2105 3048 sin

528 3079 777 3134 credebat
797 3096 979 3135 verum
999 3097 1117 3136 esse
1145 3082 1284 3153 quod
1306 3082 1551 3155 Egyptia
1585 3083 1828 3150 ﬁnxerat,
1857 3095 1982 3138 tunc
2009 3102 2105 3139 ue-

527 3186 631 3240 que
664 3185 878 3225 carcere
917 3172 1108 3241 dignus
1135 3181 1269 3239 erat,
1312 3175 1404 3228 sed
1445 3175 1601 3242 plecti
1624 3175 1796 3242 capite
1833 3183 1887 3228 et
1924 3184 2106 3230 extre-

529 3277 670 3315 tnam
717 3276 928 3332 poenam
976 3263 1082 3332 pali
1136 3263 1378 3318 debebat.
1438 3264 1634 3318 Verum
1691 3266 1903 3334 quando
1953 3282 2107 3320 suum

527 3352 779 3406 auxilium
811 3353 995 3408 dextra
1026 3369 1254 3423 superna
1284 3355 1534 3416 ostendit.
1564 3358 1739 3410 omnia
1781 3357 1916 3411 levia
1948 3369 2001 3411 et
2025 3357 2102 3412 fa-

528 3443 648 3497 cilia
680 3443 840 3509 liunt;
873 3454 925 3498 et
949 3444 1151 3499 feroces
1179 3449 1561 3502 mansuetiores
1583 3463 1638 3502 se
1662 3457 1929 3517 prmstant.
1957 3449 2107 3503 Tunc

530 3545 707 3590 autem
752 3551 1037 3605 supernum
1083 3538 1381 3606 prmsidium
1424 3539 1646 3594 ubertim
1687 3541 1839 3594 nobis
1886 3543 2104 3606 assistit,

527 3626 740 3694 quando
784 3628 1000 3680 multam
1032 3637 1085 3682 et
1112 3644 1209 3682 nos
1249 3630 1637 3685 ostenderimus
1663 3633 1930 3688 virtutem.
1974 3635 2104 3689 Nam

528 3715 615 3771 hic
642 3717 888 3786 quoniam
933 3720 1152 3774 multum
1183 3721 1423 3786 certavit,
1468 3733 1742 3792 propterea
1786 3725 1946 3778 etiam
1991 3741 2106 3780 ma-

527 3824 655 3876 gnas
685 3809 1055 3865 retribttti0ncs
1083 3797 1442 3882 consequitur.
1477 3814 1540 3866 Et
1572 3824 1688 3882 post
1718 3823 1915 3868 tantam
1950 3816 2102 3871 forti-

530 3899 760 3952 tudinem
788 3901 1065 3955 abducitur
1107 3901 1158 3955 in
1189 3918 1480 3967 carcerem,
1517 3913 1570 3957 et
1605 3904 1824 3958 silenter
1860 3905 1958 3960 fert
1987 3922 2104 3960 om-

529 3989 634 4041 nia.
667 3989 825 4044 Scitis
846 3992 985 4045 enim
1015 4002 1209 4061 quanta
1253 3993 1286 4047 ii
1322 3993 1410 4062 qtti
1455 4010 1556 4047 non
1601 4005 1723 4048 sunt
1769 3996 1865 4050 sibi
1906 3998 2104 4051 conscii

532 4079 782 4143 malitiae,
835 4081 1047 4150 quando
1095 4085 1230 4137 sicut
1275 4084 1349 4136 rei
1403 4085 1840 4149 condemnautur,
1892 4095 2106 4140 utantur

531 4188 673 4240 Szttlte
723 4173 932 4239 fiducia,
982 4174 1296 4244 dicendique
1339 4176 1579 4231 libertate
1630 4177 1866 4232 instructi
1907 4179 2103 4248 ingenti

530 4262 707 4314 animo
751 4261 1022 4332 insurgant
1065 4274 1248 4319 contra
1294 4281 1385 4320 eos
1435 4267 1523 4336 qui
1571 4268 1864 4322 insontibus
1902 4274 2104 4324 crimen

530 4351 809 4405 intentant.
854 4354 1050 4408 Vermn
1096 4356 1185 4410 ille
1235 4372 1340 4410 non
1379 4358 1499 4411 sic:
1543 4359 1634 4412 sed
1677 4359 1816 4422 silet,
1846 4369 1899 4413 et
1926 4362 2099 4414 omnia

531 4453 803 4497 mansuete
845 4443 966 4511 fert,
998 4455 1050 4499 et
1080 4461 1264 4516 magna
1291 4462 1410 4501 cum
1443 4448 1690 4516 patientia
1724 4449 1811 4502 Dei
1833 4459 2104 4518 exspectat

530 4535 844 4589 subsidium.
869 4536 1002 4591 Vide
1029 4540 1167 4590 enim
1199 4540 1465 4608 quomodo
1494 4549 1549 4594 et
1590 4541 1641 4592 in
1668 4555 1880 4596 carcere
1909 4543 2104 4608 princi-

531 4637 712 4694 patum
740 4641 952 4681 omnem
977 4630 1197 4698 accipiat
1221 4646 1248 4682 a
1275 4631 1494 4685 custode
1519 4634 1768 4696 carceris,
1801 4632 1956 4700 idque
1986 4650 2100 4687 tne-

531 4717 634 4768 rito
666 4733 679 4768 :
707 4715 795 4769 2|.
837 4715 966 4770 Erat
990 4720 1129 4772 enim
1160 4718 1407 4774 Dominus
1432 4738 1546 4774 cum
1590 4721 1798 4789 Ioseph,
1840 4723 2023 4791 inquit,
2056 4733 2104 4778 et

531 4806 816 4872 e/fnndebat
841 4809 886 4862 ei
918 4824 1062 4863 suam
1084 4811 1494 4867 misericordiam.
1551 4813 1683 4879 Quid
1707 4822 1805 4875 est,
1849 4812 2101 4879 E/funde-

529 4901 613 4951 bat
638 4899 680 4951 ei
705 4915 851 4951 suam
877 4900 1266 4953 misericordiam
1285 4901 1311 4954 7
1335 4901 1412 4954 Ad
1445 4903 1835 4957 miserationem
1867 4903 2102 4958 inﬂecte-

531 4989 620 5042 bat
648 4989 953 5060 prtefectum
990 4993 1240 5057 carceris,
1275 5004 1328 5046 et
1365 4995 1497 5048 mire
1537 5010 1658 5064 erga
1691 4995 1836 5049 illum
1868 4996 2100 5051 benevo-

531 5079 748 5135 lentiam
775 5095 924 5134 suam
953 5081 1207 5136 declarari
1237 5083 1454 5136 curabat
1496 5103 1508 5136 :
1555 5084 1703 5137 Dedit
1741 5087 1880 5139 enim
1912 5088 1956 5139 ei
1983 5104 2101 5157 gra-

529 5172 650 5223 tiam
669 5187 837 5224 coram
855 5173 964 5226 illo.
987 5171 1125 5227 Vere
1151 5173 1280 5226 nihil
1308 5173 1512 5227 beatius
1535 5189 1598 5226 eo
1619 5175 1704 5243 qui
1743 5175 1837 5227 Dei
1867 5175 2101 5230 benevo-

532 5262 690 5314 lentia
714 5261 922 5316 fruitur.
948 5261 1040 5318 2‘2.
1075 5262 1222 5317 Dedit
1257 5263 1420 5328 enim,
1466 5264 1651 5331 inquit,
1699 5265 1962 5334 prasfectus
1983 5284 2100 5319 car-

529 5355 654 5406 ceris
676 5371 922 5408 carcerem
941 5356 994 5408 in
1017 5372 1220 5408 manum
1240 5354 1451 5424 Ioseph.
1474 5354 1606 5409 Vide
1625 5356 1892 5425 quomodo
1919 5367 2099 5414 custos

530 5447 759 5500 carceris
798 5447 994 5517 aliquid
1042 5447 1260 5503 honoris
1298 5448 1350 5503 ei
1389 5447 1580 5515 defert,
1627 5450 2098 5520 auctoritatemque

531 5536 581 5589 ei
602 5539 874 5607 permittit,
901 5548 1061 5610 atque
1096 5555 1282 5595 omnes
1311 5539 1400 5610 qui
1449 5541 1502 5594 in
1549 5555 1760 5595 carcere
1785 5549 1955 5607 erant,
1980 5557 2099 5597 esse

529 5628 678 5699 jubet
720 5631 820 5687 sub
866 5641 1124 5700 potestate
1160 5632 1294 5702 ejus.
1339 5632 1426 5688 25.
1474 5630 1543 5686 Et
1566 5633 1808 5685 nesciebat
1834 5635 2098 5701 prwfectus

532 5722 745 5778 carceris
767 5724 960 5794 aliquid
983 5740 1004 5780 :
1030 5725 1199 5780 omnia
1223 5724 1355 5779 enim
1375 5736 1516 5780 erant
1541 5726 1594 5779 in
1619 5741 1770 5778 manu
1793 5735 2008 5794 Josepn,
2038 5741 2094 5778 eo

1224 319 1276 371 S.
1317 317 1592 372 JOAN‘NIS
1629 315 2100 374 CHRYSOSTOMI
2139 313 2454 370 ARCIIIEP.
2493 315 3026 375 CONSTANTINOP.

3685 322 3797 377 510

2211 431 2348 501 quod
2377 431 2622 486 Dominus
2651 442 2756 486 erat
2779 450 2892 486 cum
2913 450 2991 496 eo,
3023 443 3070 487 et
3097 436 3268 488 omnia
3289 452 3404 506 qua»:
3423 439 3532 506 ipse
3553 441 3798 505 faciebat,

2212 521 2456 583 Dominus
2483 539 2778 591 prosperare
2795 525 3006 593 faciebat
3029 524 3084 578 in
3106 527 3337 580 manibus
3356 529 3483 597 ejus.
3513 528 3644 581 Vidn
3659 545 3799 599 quo-

2211 612 2370 665 modo
2410 613 2760 666 comitabatur
2791 630 2910 668 eum
2952 627 3207 683 perpetuo
3249 633 3476 686 superna
3519 621 3713 688 gratia,
3743 631 3800 674 ct

2209 703 2382 756 Omnia
2411 718 2527 770 qua:
2551 701 2793 767 faciebat,
2821 715 2972 758 erant
3003 706 3152 774 plena
3175 709 3360 775 gratia.

2281 793 2494 847 Moralis
2520 795 2766 864 epilogus.
2786 794 2879 848 Dei
2901 799 3064 865 gratia
3088 799 3230 866 efficit
3258 808 3313 851 ut
3337 801 3504 852 omnia
3525 799 3649 854 bene
3671 818 3800 853 suc-

2211 886 2486 939 cedant.—
2509 885 2619 938 Hoc
2651 885 2806 954 igitur
2831 895 2886 938 et
2914 904 3010 939 nos
3051 889 3376 953 Studeamus,
3415 901 3472 944 ut
3512 891 3797 944 nobiscum

2209 989 2418 1042 semper
2445 975 2730 1030 habeamus
2761 978 3058 1041 Dominum,
3087 989 3141 1033 et
3171 989 3226 1032 ut
3253 996 3370 1048 qua:
3392 996 3421 1034 ι
3454 982 3606 1036 nobis
3634 983 3799 1045 fiunt,

2209 1067 2396 1120 abillo
2435 1079 2829 1135 prosperantur.
2873 1068 3005 1122 Nam
3033 1071 3120 1138 qui
3167 1070 3306 1125 illius
3343 1073 3596 1124 auxilium
3637 1088 3798 1126 asse-

2209 1159 2407 1224 quitur,
2457 1160 2615 1212 etiam
2667 1161 2718 1214 itt
2763 1161 2951 1214 mediis
2996 1162 3146 1215 malis
3187 1163 3450 1239 exsistens
3478 1165 3696 1228 ridebit,
3728 1181 3796 1220 ac

2210 1249 2358 1302 nihili
2388 1250 2591 1318 putabit
2615 1253 2815 1313 omnia,
2850 1252 3071 1307 Domino
3091 1255 3325 1308 omnium
3358 1255 3582 1310 faciente
3598 1268 3654 1311 et
3683 1260 3798 1311 dis-

2212 1349 2444 1410 ponente
2472 1351 2682 1400 euncta,
2713 1351 2769 1394 ut
2800 1356 3051 1410 prOSpcre
3089 1344 3376 1398 succedant
3395 1347 3590 1411 omnia,
3631 1358 3797 1416 atque

2210 1431 2374 1483 ardua
2419 1431 2588 1485 facilia
2637 1432 2910 1487 reddente.
2956 1436 3239 1500 Quomodo
3282 1447 3460 1490 autem
3499 1442 3797 1506 poterimus

2212 1523 2486 1578 uobiscum
2537 1524 2735 1579 habere
2785 1526 3097 1593 Dominum,
3146 1528 3214 1581 ita
3263 1536 3320 1582 ut
3371 1528 3486 1596 ipso
3529 1529 3796 1599 dirigeute

2211 1627 2467 1682 prospere
2497 1631 2715 1683 agamus
2744 1617 2794 1667 in
2827 1618 3110 1670 omnibus?
3138 1617 3192 1672 Si
3221 1619 3382 1673 sobrii
3410 1621 3794 1690 vigilantesque

2214 1703 2488 1771 fuerimus,
2518 1715 2572 1759 et
2602 1706 2791 1760 imitati
2822 1706 3078 1763 fuerimus
3109 1709 3318 1778 juvenis
3357 1711 3495 1764 illius
3522 1714 3793 1766 omnium.-

2213 1795 2336 1849 tiam
2366 1805 2420 1850 et
2447 1797 2578 1850 alias
2602 1799 2844 1863 virtutes,
2873 1801 3213 1870 animumque
3250 1819 3592 1876 generosum,
3618 1821 3678 1858 ac
3711 1807 3789 1858 vi-

2209 1889 2446 1944 derimus
2473 1891 2550 1947 sic
2578 1893 2753 1945 omnia
2804 1893 2915 1946 fieri
2945 1893 3224 1963 diligenter
3262 1906 3526 1964 oportere,
3558 1907 3615 1950 ut
3642 1913 3792 1951 num-

2209 1996 2366 2049 quam
2394 1997 2423 2034 a
2454 1981 2674 2035 Domino
2693 1985 3144 2049 condemnemur;
3173 1986 3266 2039 sed
3291 1986 3520 2040 sciamus
3541 1989 3791 2056 possibile

2213 2086 2313 2124 nou
2342 2087 2481 2137 esse,
2514 2082 2569 2126 ut
2597 2074 2886 2128 occultetur
2914 2074 3110 2144 aliquid
3151 2077 3217 2130 ab
3245 2079 3399 2130 oculo
3431 2079 3521 2132 illo
3547 2081 3636 2148 qui
3661 2079 3786 2133 dor-

2210 2162 2399 2215 tnitare
2427 2162 2630 2230 nequit,
2657 2178 2840 2217 verum
2872 2179 3090 2220 necesse
3114 2166 3329 2220 omnino
3355 2181 3494 2232 esse,
3526 2178 3582 2220 ut
3626 2169 3669 2221 is
3704 2168 3792 2235 qui

2212 2261 2411 2320 peccat,
2449 2255 2717 2322 suppliciis
2751 2254 3014 2310 obnoxius
3040 2256 3149 2310 fiat.
3179 2256 3359 2327 Neque
3387 2258 3604 2327 majoris
3631 2261 3786 2312 facia-

2210 2360 2328 2398 mus
2368 2345 2611 2399 timorem
2667 2346 2960 2414 hominum,
3009 2365 3166 2417 quam
3215 2351 3628 2420 indignationem
3677 2353 3785 2412 Dei.

2211 2433 2303 2487 sed
2333 2451 2597 2489 memores
2625 2436 2793 2491 simus
2819 2453 3030 2507 semper
3051 2439 3334 2493 verborum
3373 2440 3570 2508 Ioseph
3606 2442 3787 2495 dicen-

2213 2527 2278 2578 tis
2310 2544 2322 2579 :
2355 2526 2618 2591 Quomodo
2657 2529 2841 2596 faciam
2869 2531 3069 2583 verbum
3115 2531 3208 2583 hoc
3244 2533 3453 2594 malum,
3486 2546 3532 2586 et
3579 2538 3788 2602 peccabo

2213 2637 2381 2674 corum
2414 2620 2564 2674 Deo?
2594 2621 2756 2691 Igitur
2784 2621 2996 2691 quando
3038 2639 3136 2678 nos
3179 2624 3350 2692 aliqua
3384 2627 3631 2693 cogitatio
3668 2641 3790 2694 per-

2215 2714 2410 2778 turbat,
2439 2714 2539 2767 boc
2566 2715 2616 2767 in
2643 2724 2820 2769 mente
2858 2730 3130 2769 versemus
3155 2717 3393 2782 verbum,
3427 2726 3480 2770 et
3505 2719 3689 2770 statim
3717 2717 3793 2771 ef-

2215 2808 2373 2875 fugiet
2399 2807 2568 2860 omnis
2610 2807 2786 2861 illicita
2817 2808 3259 2878 concupiscentia.
3296 2808 3475 2878 Itaque
3519 2810 3633 2864 sive
3674 2812 3793 2878 quis

2212 2911 2491 2965 corporum
2533 2898 2957 2967 concupiscentia
2999 2899 3256 2968 capiatur,
3294 2901 3403 2954 sive
3449 2903 3790 2969 pecuniarum

2211 3001 2414 3054 amore,
2443 2987 2555 3042 sive
2600 2989 2700 3042 alia
2741 2989 2967 3058 quadam
3010 2989 3236 3044 absurda
3281 2991 3570 3058 voluptate.
3611 2993 3789 3046 statim

2214 3076 2314 3132 hoc
2339 3078 2554 3149 cogitet,
2588 3080 2733 3134 illum
2772 3096 2961 3151 nempe
2987 3096 3106 3136 esse
3133 3083 3223 3152 qui
3265 3099 3361 3137 nos
3390 3084 3731 3149 condemnet,
3761 3102 3789 3139 a

2211 3187 2313 3241 quo
2341 3185 2445 3224 non
2474 3180 2556 3225 est
2575 3171 2824 3240 possibile
2844 3173 3111 3226 occultare
3136 3174 3293 3227 etiam
3314 3189 3374 3228 ea
3397 3190 3516 3242 quae
3533 3176 3584 3228 in
3613 3185 3790 3229 mente

2213 3272 2391 3316 nostra
2423 3271 2700 3316 versantur
2732 3282 2744 3316 :
2774 3273 2826 3317 et
2851 3264 3068 3317 omnino
3089 3263 3400 3334 effugiemus
3421 3267 3580 3319 etiam
3605 3266 3790 3319 diabo-

2213 3354 2338 3408 licas
2368 3354 2801 3416 machinationes,
2835 3371 3130 3428 magnoque
3156 3357 3419 3427 adjutorio
3443 3372 3679 3426 superno
3703 3360 3787 3427 ju-

2212 3446 2480 3511 vabimur;
2509 3462 2614 3516 quo
2635 3447 2784 3501 nobis
2807 3447 2905 3500 frui
2935 3449 3204 3517 contingat
3233 3450 3478 3502 omnibus
3507 3455 3673 3518 gratia
3735 3460 3786 3501 et

2213 3538 2532 3608 benignitate
2557 3538 2764 3593 Domini
2790 3540 2954 3594 nostri
2981 3539 3332 3606 JesuChristi,
3363 3540 3446 3593 cui
3487 3556 3606 3593 cum
3633 3540 3786 3595 Patre

2211 3642 2262 3684 et
2292 3643 2473 3686 sancto
2493 3633 2686 3701 Spiritu
2714 3633 2781 3686 sit
2810 3633 2995 3702 gloria,
3029 3635 3329 3702 imperium,
3357 3635 3544 3699 honor,
3572 3649 3712 3686 nunc
3736 3642 3786 3687 et

2212 3739 2440 3794 semper,
2469 3727 2593 3778 etin
2621 3725 2809 3779 smcula
2839 3726 3170 3779 sa'culorum.
3206 3729 3393 3780 Amen.

2762 3855 3032 3908 HOHILIA
3066 3854 3247 3909 LXIII.

2210 3963 2279 4018 Et
2309 3966 2552 4019 nesciebat
2590 3965 2785 4034 aliquid
2826 3969 3090 4035 prwfectus
3116 3966 3327 4019 carceris
3355 3976 3557 4036 prapter
3589 3969 3780 4038 Ioseph

2811 4058 3218 4126 (6612.59.25).

2282 4171 2332 4224 ι.
2365 4169 2637 4240 Reliquias
2670 4186 2854 4224 eorum
2885 4185 3004 4239 quae
3031 4185 3060 4223 a
3105 4169 3259 4224 nobis
3299 4171 3410 4222 beri
3452 4169 3590 4224 dicta
3617 4180 3778 4236 sunt,

2210 4263 2450 4314 volumus
2495 4260 2653 4315 hodie
2698 4260 2918 4314 reddere
2960 4261 3164 4315 caritati
3220 4273 3411 4316 vestra:
3440 4302 3453 4323 ,
3487 4270 3540 4315 et
3590 4262 3779 4315 iterum

2208 4353 2468 4421 attingere
2499 4351 2771 4406 historiam
2794 4352 3033 4422 Iosephi.
3064 4354 3220 4408 Scitis
3241 4355 3380 4407 enim
3405 4355 3655 4408 hesterno
3674 4370 3779 4408 ser-

2210 4460 2367 4496 tnone
2412 4444 2662 4512 prolixius
2703 4453 2924 4498 extenso
2948 4486 2962 4511 ,
2996 4459 3093 4498 nos
3136 4459 3242 4498 non
3289 4444 3524 4513 potuisse
3561 4445 3778 4499 ulterius

2208 4536 2473 4604 progredi,
2506 4534 2598 4589 sed
2623 4535 2854 4589 sermoni
2880 4533 3032 4588 ﬁnem
3055 4535 3630 4608 imposuisse,quando
3659 4552 3776 4604 pro-

2208 4637 2325 4696 pter
2355 4627 2615 4696 Afgyptia:
2641 4627 2956 4680 calumniam
2982 4629 3048 4679 ab
3068 4627 3415 4696 archimagiro
3439 4627 3490 4679 in
3513 4641 3776 4681 carcerem

2209 4729 2288 4770 est
2311 4718 2599 4785 eonjectus.
2624 4717 2745 4771 ldeo
2767 4716 2920 4770 hodie
2948 4731 3124 4784 operae
3154 4717 3378 4784 pretium
3410 4718 3560 4770 fuerit
3588 4717 3777 4770 docere

2207 4819 2434 4862 vestram
2462 4808 2755 4870 caritatem,
2783 4822 2900 4875 quae
2929 4807 2979 4859 in
3010 4822 3222 4860 carcere
3243 4807 3288 4860 ei
3318 4806 3627 4860 acciderint.
3651 4807 3774 4859 Nam

2209 4907 2483 4966 postquam
2507 4898 2556 4950 in
2584 4911 2849 4950 carcerem
2876 4905 2961 4950 est
2984 4896 3274 4964 conjectus,
3303 4906 3358 4950 et
3387 4898 3611 4949 traditus
3642 4912 3774 4964 pra:-

2209 4990 2343 5042 fecto
2371 4989 2617 5050 carceris,
2641 4989 2796 5042 etiam
2826 4987 2931 5042 illic
2962 4998 3159 5041 tantum
3188 4988 3279 5040 Dei
3311 4989 3601 5040 subsidium
3633 5003 3775 5041 asse-

2206 5088 2402 5149 quutus
2427 5088 2510 5132 est
2532 5119 2546 5141 ,
2581 5088 2635 5130 ut
2666 5079 2824 5130 totius
2851 5078 3077 5132 carceris
3116 5079 3440 5147 principatus
3472 5094 3501 5130 a
3531 5078 3774 5145 prmferlo

2206 5175 2436 5228 Carceris
2461 5173 2559 5242 ipsi
2585 5171 2980 5226 concederetur.
3013 5171 3078 5224 Et
3106 5171 3348 5224 nesciebat
3376 5171 3568 5239 aliquid
3600 5175 3772 5240 prwfe-

2205 5275 2313 5316 ctus
2336 5264 2548 5315 carceris
2579 5273 2779 5332 propter
2805 5262 3014 5330 Ioseph.
3044 5260 3234 5314 Vidisti
3271 5259 3538 5329 quomodo
3567 5262 3617 5312 in
3651 5260 3772 5327 ipsis

2206 5355 2458 5407 aerumnis
2482 5368 2698 5407 verSanS
2719 5396 2732 5419 ,
2765 5353 3134 5406 adversitatem
3165 5367 3230 5404 ne
3273 5351 3500 5403 senserit
3523 5350 3731 5418 quidem
3758 5389 3769 5412 ς

2205 5447 2296 5500 sed
2347 5446 2564 5513 provida
2603 5445 2859 5513 sapientia
2896 5444 2987 5496 Dei
3029 5442 3205 5496 omnia
3247 5455 3434 5509 aspera
3477 5440 3693 5494 verterit
3722 5439 3768 5490 iu

2199 5537 2449 5606 jucunda.
2480 5537 2546 5590 Et
2584 5537 2719 5589 sicut
2759 5536 2879 5588 licet
2904 5533 3022 5602 quis
3063 5531 3398 5600 margaritam
3431 5529 3542 5582 luto
3565 5530 3764 5583 obruat.

2205 5629 2544 5682 nihilominus
2585 5628 2808 5681 nativam
2857 5627 3050 5680 retinet
3094 5622 3537 5694 pulchritudinem
3571 5663 3584 5674 .
3619 5623 3692 5674 sic
3722 5631 3771 5672 et

2206 5722 2390 5786 virtus,
2421 5734 2749 5790 quocumque
2774 5734 2888 5774 eam
2909 5717 3218 5787 projeceris,
3247 5730 3391 5770 suam
3422 5714 3528 5768 vim
3556 5712 3766 5776 exserit,
