4038 6358
213 367 325 423 559

212 484 316 538 καὶ
363 483 627 554 ἠνείχετο,
675 483 762 537 ἵνα
813 482 900 536 διὰ
943 481 1161 536 πάντων
1207 483 1297 536 τὸν
1337 483 1532 537 ἐαυτοῦ
1579 483 1797 553 οἰκέτην

212 566 607 638 λαμπρότερον
656 567 934 637 ἀποφήνῃ.
989 567 1175 618 Ταῦτα
1203 567 1312 638 γὰρ
1349 567 1563 620 ἅπαντα
1594 565 1800 619 ἐλθόντι

209 649 297 719 τῷ
328 648 485 718 ἀνδρὶ
514 647 653 718 μετά
682 648 883 718 πολλῆς
919 649 1019 719 τῆς
1072 651 1409 719 κακουργίας
1439 649 1668 703 εἰποῦσα
1709 648 1803 702 καὶ

213 735 651 805 κατηγορήσασα
686 734 778 786 τοῦ
806 735 1088 788 νεανίσκου
1111 735 1295 804 ἔλεγεν
1319 751 1332 764 ·
1357 735 1622 803 Εἰσῆλθε
1650 735 1799 802 πρός

207 837 291 889 με
322 823 356 873 ὀ
384 818 527 885 παῖς
566 822 599 872 ὁ
639 817 940 886 Ἑϐραῖος,
975 819 1047 872 ὃν
1072 820 1392 890 εἰσήγαγες
1418 821 1571 889 πρὸς
1604 821 1796 888 ἡμᾶς.

208 901 502 967 ἐμπαῖξαί
535 919 659 969 μοι.
716 901 898 954 Ἀθλία
945 902 1041 956 καὶ
1079 903 1416 974 ταλαίπωρε.
1468 905 1583 957 Οὐκ
1638 904 1801 967 αὑτὸς

210 987 513 1056 εἰσήγαγεν
541 985 682 1038 ὥστε
712 985 977 1055 ἐμπαῖξαί
1007 1004 1108 1051 σοι,
1128 987 1240 1041 ἀλλ’
1271 990 1299 1041 6
1321 989 1566 1051 διάϐολός
1589 1006 1648 1041 σε
1679 990 1801 1041 είσ-

211 1071 429 1139 ήγαγεν
449 1112 462 1130 ,
491 1068 634 1121 ὥστε
685 1069 759 1139 μὴ
809 1069 965 1140 μόνον
995 1071 1276 1140 μοιχαλίδα
1308 1072 1558 1140 γενέσθαι
1585 1113 1599 1136 ,
1641 1072 1798 1135 ἀλλὰ,

208 1153 273 1206 τὸ
299 1149 436 1222 ἧκον
472 1153 550 1214 είς
595 1152 678 1211 σέ.
723 1155 817 1206 καὶ
855 1153 1013 1221 φόνον
1064 1155 1420 1225 ἐργάσασθαι.
1449 1156 1555 1210 Καὶ
1587 1156 1800 1209 ἐδείκνυ

210 1235 404 1289 λοιπὸν
459 1238 538 1298 εἰς
564 1236 838 1301 ἀπόδειξιν
862 1235 973 1289 τῶν
1005 1237 1136 1307 παρ’
1182 1238 1350 1308 αὐτῆς
1396 1238 1703 1309 λεγομένων
1734 1240 1803 1292 τά

213 1321 415 1389 ἱμάτια
437 1319 532 1371 τοῦ
558 1319 863 1371 νεανίσκου.

295 1414 499 1466 Ἐννόει
528 1431 618 1483 μοι
648 1413 883 1468 ἐνταῦθα
907 1413 1001 1468 τοῦ
1041 1415 1221 1468 κοινοῦ
1250 1416 1468 1470 πάντων
1497 1417 1801 1489 ἀνθρώπων

211 1500 491 1552 Δεσπότου
516 1502 616 1570 τὴν
646 1499 1074 1570 φιλανθρωπίαν.
1107 1502 1318 1574 ’Ὠσπερ
1351 1502 1460 1573 γάρ
1499 1501 1604 1554 τῶν
1642 1503 1799 1556 ἀδελ-

211 1582 332 1650 φῶν
379 1583 542 1634 αὑτὸν
572 1582 807 1647 ἐξείλετο
859 1583 1202 1654 βουλομένων
1247 1586 1411 1638 αὑτὸν
1441 1587 1670 1649 ἀνελεῖν,
1709 1588 1801 1640 καὶ

216 1667 607 1736 παρεσκεύασε
640 1667 904 1738 πρότερον
935 1669 1032 1738 μὲν
1063 1670 1204 1723 κατά
1230 1672 1328 1742 τὴν
1362 1672 1671 1742 συμϐουλὴν
1705 1672 1798 1724 τοῦ

222 1750 452 1821 Ῥουϐὴν
481 1753 561 1812 εἰς
588 1750 680 1804 τὸν
713 1751 916 1804 λάκκον
947 1751 1306 1824 ἐμϐληθῆναι,
1337 1757 1428 1806 καὶ
1461 1756 1598 1824 μετά
1627 1755 1800 1808 ταῦτα

209 1833 378 1885 πάλιν
408 1833 547 1885 κατά
579 1833 678 1903 τὴν
710 1834 1020 1905 συμϐουλὴν
1046 1835 1140 1888 τοῦ
1192 1836 1360 1890 Ἰούδα
1390 1841 1503 1901 τοῖς
1538 1839 1800 1910 ἐμπόροις

207 1917 604 1987 διαπραθῆναι,
635 1918 723 1970 ἴνα
755 1917 863 1970 τῶν
885 1917 1181 1988 ὀνειράτων
1213 1921 1246 1988 ἡ
1278 1919 1503 1983 ἔκϐασις
1530 1923 1610 1982 είς
1639 1923 1799 1992 ἔργον

207 2001 443 2053 ἐλθοῦσα
477 2001 640 2072 πείσῃ
671 2002 762 2054 τὸν
797 2001 1026 2065 δίκαιον,
1069 2002 1146 2066 ὡς
1179 2004 1239 2055 οὑ
1289 2005 1467 2074 μάτην
1523 2005 1642 2057 οὐδὲ
1676 2007 1796 2077 εἰκῆ

209 2085 396 2136 ἐκεῖνα
424 2084 572 2154 αὑτῷ
609 2085 987 2154 προεμηνύετο
1013 2101 1026 2113 ·
1075 2085 1218 2138 οὕτω
1245 2088 1340 2139 καὶ
1374 2088 1468 2139 νῦν
1519 2090 1552 2157 ἡ
1594 2089 1798 2141 ἄνωθεν

212 2169 342 2239 χεὶρ
369 2165 436 2239 ἦν
469 2170 500 2238 ἡ
538 2169 629 2220 τὸν
661 2168 939 2239 βάρϐαρον
978 2170 1184 2222 ἐκεῖνον
1215 2171 1523 2240 κατέχουσα
1543 2212 1556 2230 ,
1587 2173 1681 2224 καὶ
1725 2173 1798 2242 μὴ

204 2253 623 2322 συγχωρήσασα
666 2252 870 2313 εὐθέως
919 2253 1011 2303 ἐπὶ
1044 2255 1143 2321 τὴν
1175 2255 1390 2323 σφαγὴν
1432 2256 1670 2324 ὁρμῆσαι
1704 2255 1797 2306 τοῦ

205 2337 515 2389 νεανίσκου.
545 2336 609 2388 Τί
639 2337 748 2407 γὰρ
781 2332 848 2405 ἦν
870 2336 930 2389 τὸ
959 2337 1189 2397 κωλύον,
1219 2338 1459 2406 μαθόντα
1483 2338 1559 2400 ὡς
1591 2339 1670 2399 εἰς
1703 2338 1800 2390 αὑ-

206 2419 310 2490 τὴν
335 2418 436 2488 τὴν
464 2417 624 2488 εὐνὴν
649 2418 907 2488 ἀδικῆσαι
948 2419 1110 2472 αὑτὸν
1138 2420 1460 2490 ἐπεχείρησε
1479 2461 1492 2484 ,
1529 2419 1602 2490 μὴ
1640 2419 1798 2473 τοῦτο

208 2502 496 2570 ποιῆσαις.
540 2501 678 2553 Ἀλλ’
730 2505 757 2554 6
804 2502 1113 2572 εὐμήχανος
1164 2502 1290 2565 Θεὸς
1341 2503 1610 2574 τοσαύτην
1657 2521 1798 2574 παρ-

208 2585 513 2637 εσκεύασεν
543 2585 704 2637 αὑτὸν
733 2584 1103 2650 ἐπιδείξασθαι
1127 2583 1224 2655 τὴν
1254 2587 1562 2656 πραΰτητα,
1585 2588 1670 2640 ἵνα
1694 2589 1794 2656 ἐμ-

208 2667 433 2737 ϐληθεὶς
463 2667 539 2737 τῷ
572 2668 952 2738 δεσμωτηρίῳ,
983 2669 1077 2722 καί
1111 2668 1274 2720 πάλιν
1303 2672 1418 2721 ἐκεῖ
1442 2669 1540 2738 τὴν
1589 2671 1796 2723 οἰκείαν

208 2749 625 2820 ἐπιδειξάμενος
656 2751 879 2821 ἀρετὴν,
905 2751 1078 2814 οὕτως
1108 2752 1200 2804 ἐπὶ
1236 2751 1334 2822 τὴν
1369 2752 1542 2823 ἀρχὴν
1571 2754 1669 2822 τῆς
1702 2753 1797 2822 βα-

209 2834 420 2895 σιλείας
457 2833 855 2904 παραγένηται.
898 2835 1202 2903 Ἐθινμώθη
1235 2838 1363 2904 γὰρ,
1404 2837 1590 2905 φησὶν,
1627 2841 1659 2890 d
1691 2838 1796 2889 κύ-

204 2935 336 2982 ριος
377 2917 584 2975 αὐτοῦ.
618 2917 717 2970 καὶ
752 2916 1038 2970 ἐνέϐαλεν
1069 2919 1254 2970 αὑτὸν
1281 2920 1368 2984 είς
1399 2919 1463 2970 τὸ
1495 2920 1792 2988 ὀχύρωμα,

206 3001 366 3054 ὅπου
400 3003 453 3052 οἱ
493 2998 798 3068 δεσμῶται
836 3000 940 3053 τοῦ
970 3000 1279 3066 βασιλέως
1326 3001 1693 3070 κατέχονται.
1733 3003 1795 3056 Εἰ

210 3087 311 3153 μὲν
338 3083 449 3155 γὰρ
483 3083 558 3155 μὴ
588 3083 896 3148 ἐπίστευσε,
925 3084 1025 3136 οὑκ
1060 3085 1227 3154 ἐχρῆν
1255 3085 1418 3138 αὑτὸν
1447 3085 1702 3155 ἐμϐαλεῖν
1737 3087 1795 3137 ἐν

206 3167 285 3236 τῷ
311 3166 700 3237 δεσμωτηρίῳ·
737 3169 786 3219 εἰ
815 3167 870 3219 δὲ
899 3167 1190 3219 ἐπίστευσε
1218 3167 1380 3220 πάλιν
1421 3168 1619 3238 ἀληθὲς
1656 3164 1794 3220 εἶναι

205 3250 270 3302 τὸ
293 3250 448 3320 παρὰ
477 3250 575 3320 τῆς
604 3250 908 3318 Αἰγυπτίας
935 3249 1249 3318 λεγόμενον,
1273 3251 1394 3302 οὑδέ
1424 3249 1566 3303 οὓτω
1589 3251 1797 3320 δεσμω-

205 3333 404 3404 τηρίου
427 3333 578 3398 ἄξιος
606 3327 694 3404 ἦν,
730 3334 866 3386 ἀλλά
899 3333 1283 3404 ἀποτμηθῆναι
1318 3335 1412 3386 καὶ
1433 3335 1589 3405 δίκην
1612 3334 1793 3386 δοῦναι

204 3418 306 3486 τὴν
348 3416 602 3487 ἐσχάτην.
644 3417 782 3469 Ἀλλ’
818 3418 946 3470 ὃταν
977 3418 1010 3487 ἡ
1044 3416 1250 3469 ἄνωθεν
1281 3416 1432 3482 δεξιά
1469 3417 1565 3488 τὴν
1595 3418 1794 3485 ἑαυτῆς

205 3500 470 3570 πρόνοιαν
496 3499 896 3564 ἐπιδείκνυται,
934 3502 1110 3554 πάντα
1142 3499 1339 3552 εὔκολα
1380 3501 1474 3552 καὶ
1512 3501 1673 3571 ρᾲδια
1707 3502 1794 3568 γί-

205 3600 384 3644 νεται,
409 3585 504 3637 καὶ
527 3585 575 3635 οί
603 3581 784 3652 ἄγριοι
806 3583 1148 3654 ἡμερώτεροι
1170 3583 1541 3636 καθίστανται,
1577 3585 1709 3636 Τότε
1737 3584 1794 3635 δέ

206 3669 362 3738 καὶὴ
390 3668 596 3722 ἀνωθεν
641 3667 781 3736 ῥοπὴ
824 3668 961 3736 μετά
1000 3666 1276 3734 δαψιλείας
1323 3668 1453 3736 ἡμῖν
1493 3666 1791 3736 παραγίνε-

205 3770 318 3811 ται,
341 3752 468 3804 ὅταν
490 3750 689 3821 πολλὴν
713 3751 806 3803 καὶ
834 3751 993 3821 μείς
1016 3751 1115 3821 τὴν
1147 3750 1345 3821 ἀρετὴν
1376 3749 1790 3818 ἐπιδειξώμεθα.

219 3834 444 3904 Ἐπειδὴ
467 3832 576 3905 γὰρ
604 3833 854 3903 μεγάλως
883 3827 1034 3895 οὗτος
1053 3834 1381 3901 ἠγωνίσατο,
1401 3833 1488 3884 διὰ
1515 3830 1672 3884 τοῦτο
1705 3834 1794 3884 καὶ

211 3918 468 3987 μεγάλων
494 3917 757 3969 ἀπολαύει
795 3916 902 3969 τῶν
935 3915 1199 3987 ἀμοιϐῶν.
1233 3917 1341 3967 Καὶ
1380 3915 1516 3985 μετά
1546 3914 1644 3985 τὴν
1679 3933 1794 3966 τοσ-

206 4000 386 4070 αύτην
433 3999 686 4070 ἀνδρείαν
728 3999 972 4068 ἀπήγετο
1024 4001 1104 4061 εἰς
1145 4000 1206 4050 τδ
1250 3998 1652 4068 δεσμωτήριον,
1699 3998 1793 4050 καὶ

208 4086 342 4153 σιγῇ
369 4084 547 4136 πάντα
583 4081 874 4152 ὑπέμενεν.
907 4083 1048 4135 Ἰστε
1078 4081 1188 4152 γὰρ
1226 4083 1373 4144 ὅπως
1402 4084 1448 4133 οί
1483 4081 1647 4150 μηδὲν
1669 4083 1792 4134 ἐαυ-

205 4169 323 4229 τοῖς
352 4165 649 4228 συνειδότες
680 4165 936 4237 πονηρὸν,
966 4165 1185 4219 ἐπειδὰν
1214 4164 1289 4227 ώς
1311 4162 1601 4217 ὑπεύθυνοι
1623 4182 1793 4218 κατα-

105 4271 112 4276 λ
205 4248 563 4311 δικάζωνται,
601 4248 743 4321 πόσῃ
779 4249 1076 4319 κέχρηνται
1112 4246 1371 4309 πολλάκις
1404 4249 1471 4317 τῇ
1509 4249 1793 4318 παρρησίᾳ

205 4333 303 4384 καὶ
330 4334 398 4401 τῇ
429 4331 883 4402 ὲλευθεροστομίᾳ
906 4372 921 4393 ,
958 4331 1470 4399 κατεξανιστάμενοι
1517 4333 1609 4384 καὶ
1639 4331 1789 4403 [599]

209 4414 747 4484 μεγαλοφρονοῦντες
778 4414 918 4467 κατὰ
950 4414 1056 4466 τῶν
1087 4415 1184 4482 τὴν
1227 4413 1382 4482 δίκην
1420 4414 1602 4476 αὐτοῖς
1637 4415 1793 4466 ἀνευ-

206 4498 392 4560 θύνοις
429 4495 577 4550 οὖσιν
605 4499 936 4567 ἐπαγόντων.
970 4497 1107 4550 Ἀλλ’
1135 4490 1289 4560 οὗτος
1318 4498 1414 4566 οὐχ
1444 4497 1636 4561 οὕτως,
1658 4497 1791 4552 ἀλλὰ

207 4583 306 4634 καὶ
353 4583 482 4652 σιγᾷ
508 4621 522 4646 ,
563 4583 656 4634 καὶ
705 4583 882 4635 πάντα
923 4582 1112 4651 πράως
1152 4580 1383 4649 δέχεται,
1428 4580 1520 4632 καὶ
1563 4581 1790 4650 ἀνέμενε

209 4666 352 4736 μετὰ
376 4667 576 4736 πολλῆς
605 4666 705 4736 τῆς
726 4667 1002 4736 ὑπομονῆς
1028 4665 1128 4734 τὴν
1154 4665 1248 4716 τοῦ
1273 4663 1409 4715 Θεοῦ
1443 4664 1634 4734 ῥοπήν.
1651 4666 1792 4736 Ὅρα

206 4751 320 4819 γὰρ
356 4749 474 4812 πῶς
509 4751 603 4801 καὶ
631 4750 688 4801 ἐν
709 4747 787 4818 τῷ
816 4747 1173 4817 δεσμωτηρίῳ
1209 4745 1283 4799 ῶν
1309 4746 1472 4798 πάλιν
1500 4746 1598 4816 τὴν
1617 4748 1790 4818 ἀρχὴν

207 4835 431 4886 ἃπασαν
478 4832 638 4895 αὐτὸς
679 4831 891 4901 ἐδέχετο
923 4831 1073 4901 παρὰ
1101 4829 1194 4882 τοῦ
1237 4831 1642 4900 δεσμοφύλακος
1662 4847 1676 4861 ·
1709 4834 1788 4884 εἰσ

206 4915 418 4977 κότως·
450 4910 574 4966 Ἶιν
604 4915 733 4984 γὰρ,
779 4915 945 4983 φησὶ,
977 4914 1195 4980 Κύριος
1215 4913 1361 4981 μετὰ
1403 4913 1624 4982 Ἰωσὴφ
1646 4955 1660 4974 ,
1691 4913 1791 4967 καί

204 4999 497 5067 κατέχεεν
520 5000 706 5052 αὑτοῦ
740 4997 931 5061 ἔλεος.
953 4997 1016 5048 Τί
1041 4997 1156 5047 ἐστι
1183 4996 1264 5060 τὸ,
1281 4997 1578 5066 Κατέχεεν
1602 4997 1790 5050 αὑτοῦ

211 5083 385 5146 ἔλεος
400 5098 420 5145 ;
444 5082 584 5152 Πρὸς
613 5077 792 5134 οἶκτον
822 5079 1107 5149 ἐπέκαμψε
1130 5078 1220 5131 τὸν
1253 5078 1786 5149 ἀρχιδεσμοφύλακα,

204 5166 304 5218 καὶ
344 5164 543 5235 πολλὴν
571 5165 698 5234 περὶ
725 5163 884 5217 αὑτὸν
921 5162 1018 5233 τὴν
1047 5160 1259 5213 εὔνοιαν
1287 5161 1656 5229 ἐπιδείξασθαι
1684 5180 1789 5216 πα-

210 5248 569 5318 ρεσκεύασεν·
604 5247 823 5300 Ἔδωκε
853 5247 964 5316 γὰρ
989 5245 1148 5310 αὐτῷ
1181 5244 1358 5313 χάριν
1381 5246 1658 5301 ἐναντίον
1685 5250 1789 5301 αὑ-

204 5331 337 5386 τοῦ.
397 5330 623 5402 Αληθῶς
651 5331 803 5382 οὐδὲν
839 5330 1302 5400 μακαριστότερον
1330 5328 1422 5381 τοῦ
1451 5331 1550 5400 τῆς
1585 5331 1790 5384 ἄνωθεν

208 5414 425 5476 εὐνοίας
476 5412 858 5476 ἀπολαύοντος.
893 5413 1116 5466 Ἔδωκε
1148 5413 1257 5482 γὰρ
1282 5454 1296 5477 ,
1331 5413 1524 5481 φησὶν,
1558 5417 1585 5465 6
1627 5415 1792 5482 ἀρχι-

205 5496 606 5566 δεσμοερύλαξ
634 5497 702 5550 τὸ
732 5495 1138 5574 δεσμωτήριον
1180 5495 1278 5548 διὰ
1311 5495 1507 5562 χειρὸς
1548 5497 1627 5562 τῷ
1673 5499 1791 5552 Ἰωη

203 5581 361 5649 σὴφ.
392 5582 531 5652 Ὅρα
575 5581 693 5644 πῶς
724 5581 1075 5646 ὑπεξίσταται
1103 5581 1132 5630 6
1167 5578 1531 5649 δεσμοφύλαξ,
1562 5581 1655 5633 καὶ
1681 5599 1789 5634 πα-

214 5668 472 5734 ραχωρεῖ,
524 5667 616 5718 καὶ
665 5663 816 5734 αὐτῷ
868 5664 964 5733 τὴν
1008 5662 1290 5715 αὑθεντίαν
1341 5662 1659 5732 ἐπιτρέπει,
1697 5668 1790 5718 καὶ

210 5748 423 5810 mima;
453 5750 579 5811 τοὺς
619 5749 676 5800 ἐν
709 5747 784 5817 τῷ
821 5745 1174 5817 δεσμωτηρίῳ
1200 5745 1304 5798 ὑπὸ
1331 5743 1426 5815 τὴν
1459 5745 1668 5799 ἐκείνου
1701 5748 1788 5812 ἐξ-

206 5832 400 5884 ουσίαν
428 5828 564 5884 εἷναι
591 5831 862 5884 ἐκέλευσε.
896 5830 1006 5882 Καὶ
1039 5831 1149 5881 οὐκ
1173 5825 1250 5898 ἦν
1285 5831 1317 5881 ὁ
1342 5828 1786 5898 ἀρχιδεσμοφύ-

210 5916 331 5981 λαξ
363 5914 673 5987 γινώσκων
710 5912 914 5968 οὐδέν·
960 5913 1154 5968 πάντα
1195 5915 1305 5980 γὰρ
1339 5907 1419 5980 ἦν
1460 5912 1558 5966 διὰ
1589 5914 1788 5983 χειρὸς

1185 364 1253 420 1N
1291 363 1441 420 CAP.
1477 361 1696 415 XXXIX
1733 359 1977 416 GENES.
2021 361 2256 417 HOMIL.’
2299 362 2478 416 LXIII;

3383 369 3488 422 ΜΟ

1922 478 2166 548 Ἰωσὴφ,
2193 480 2290 534 διὰ
2315 480 2382 534 τὸ
2415 481 2522 534 τὸν
2553 483 2770 550 Κύριον
2795 485 2921 552 μετ’
2956 484 3143 538 αὐτοῦ
3177 481 3352 547 εἶναι.
3390 490 3488 542 καὶ

1904 561 2021 616 ὅσα
2048 565 2229 629 αὐτὸς
2263 565 2451 617 ἐποίει
2471 604 2484 625 ,
2520 567 2738 632 Κύριος
2768 566 2996 620 εὐώδου
3025 569 3093 620 ἐν
3122 568 3251 634 ταῖς
3279 571 3492 638 χερσὶν

1903 646 2110 700 αὐτοῦ.
2148 647 2346 700 Σκόπει
2382 646 2498 711 πῶς
2536 650 2830 719 συμπαρῆν
2856 650 3004 720 αὑτῷ
3043 651 3307 720 διηνεκῶς
3339 653 3373 724 ἡ
3400 656 3492 724 χά-

1906 745 1990 799 ρις
2032 730 2065 800 ἡ
2104 729 2332 795 ἀνωθεν,
2368 731 2461 784 καὶ
2492 731 2672 786 πάντα
2705 733 2849 804 ειπερ
2889 733 3125 804 ἔπραττε
3155 735 3381 805 χάριτος
3419 733 3490 808 ἦν

1904 814 2334 886 πεπληρωμένα.

1975 899 2146 952 Τοῦτο
2186 899 2362 954 τοίνυν
2413 899 2504 952 καὶ
2552 900 2713 971 ἡμεῖς
2761 899 3177 970 σπουδάσωμεν,
3233 900 3321 954 ἵνα
3369 903 3488 972 μεθ’

1904 982 2113 1034 ἑαυτῶν
2137 982 2347 1052 ἔχωμεν
2367 983 2454 1035 ἀεὶ
2483 983 2574 1034 τὸν
2596 983 2820 1053 Κύριον,
2850 983 2944 1034 καὶ
2967 983 3054 1036 ἶνα
3078 982 3148 1036 τά
3173 986 3303 1055 παρ’
3328 986 3487 1056 ἡμῶν

1903 1065 2165 1134 γινόμενα
2215 1066 2306 1118 ὑπ’
2354 1065 2566 1119 ἐκείνου
2605 1065 2992 1119 κατευοδῶται.
3045 1065 3104 1119 '0
3143 1067 3252 1138 γὰρ
3283 1070 3488 1140 ταύτης
3578 1119 3587 1130 ,

1902 1147 2152 1210 ἀξιωθεὶς
2177 1151 2275 1216 τῆς
2311 1149 2506 1218 ῥοπῆς,
2543 1148 2644 1202 κᾶν
2682 1149 2866 1219 μέσοις
2890 1153 3000 1213 τοῖς
3035 1150 3226 1214 δεινοῖς
3257 1150 3332 1205 ὢν
3355 1170 3486 1223 τυγ..

1903 1230 2062 1301 χάνῃ,
2097 1232 2527 1299 καταγελάσεται
2560 1231 2800 1295 πάντων,
2842 1233 2936 1286 καὶ
2978 1233 3131 1286 οὐδὲν
3176 1234 3315 1287 αύτά
3343 1238 3486 1307 ἡγή-

1905 1332 2077 1380 σεται,
2118 1315 2209 1368 τοῦ
2235 1317 2505 1369 Δεσπότου
2542 1317 2652 1369 τῶν
2681 1316 2835 1382 ὅλων,
2866 1317 2960 1369 τοῦ
2993 1317 3172 1370 πάντα
3203 1319 3483 1383 ποιοῦντος

1902 1398 1997 1450 καὶ
2041 1401 2571 1467 μετασκευάςοντος,
2618 1400 3032 1463 κατευοδοῦντος
3075 1401 3224 1470 αύτῷ
3272 1403 3486 1456 ἅπαντα

1903 1482 1995 1535 καὶ
2021 1483 2089 1534 τὰ
2115 1483 2350 1553 δυσχερῆ
2385 1485 2542 1555 ῥᾴδια
2586 1483 3036 1554 ἀπεργαζομένου
3055 1496 3102 1536 ει.
3158 1484 3282 1548 Πῶς
3309 1485 3366 1538 δὲ
3397 1485 3486 1538 δυ-

1901 1564 2180 1635 νησόμεθα
2210 1566 2330 1635 μεθ’
2358 1567 2568 1619 ἑαυτῶν
2593 1567 2734 1636 ἔχειν
2762 1566 2852 1620 τὸν
2883 1565 3107 1638 Κύριον,
3146 1569 3240 1620 καὶ
3272 1569 3362 1621 ὑπ’
3388 1570 3486 1620 αὑ-

1900 1647 1994 1700 τοῦ
2023 1643 2459 1702 ’κατευοδοῦσθαι
2491 1651 2549 1702 ἐν
2585 1650 2820 1714 ἆπασιν;
2869 1650 2994 1702 Ἐάν
3033 1651 3294 1720 νήφοντες
3333 1646 3485 1722 ὦμεν

1901 1732 1994 1784 καὶ
2022 1733 2412 1804 ἐγρηγορότες,
2444 1735 2538 1787 καὶ
2572 1736 2942 1804 μιμησώμεθα
2986 1734 3081 1788 τοῦ
3127 1736 3251 1788 νέου
3291 1737 3482 1790 τούτου

1899 1816 1998 1885 τὴν
2020 1817 2393 1887 σωφροσύνην,
2420 1820 2516 1870 καὶ
2550 1816 2648 1886 τὴν
2673 1817 2837 1886 ἀλλην
2879 1818 3100 1889 ἀρετὴν,
3137 1819 3231 1872 καὶ
3261 1819 3321 1873 τὸ
3349 1822 3482 1893 φρό-

1901 1916 2048 1968 νημα
2085 1899 2144 1952 τὸ
2174 1903 2448 1967 γενναῖον,
2489 1900 2580 1952 καὶ
2618 1899 2817 1969 ἴδωμεν
2860 1899 2943 1951 ὅτι
3003 1900 3146 1954 οὕτω
3185 1903 3290 1972 χρὴ
3343 1905 3483 1973 μετὰ

1900 1982 2187 2052 ἀκριϐείας
2218 1984 2432 2037 ἅπαντα
2468 1985 2917 2054 διαπράττεσθαι,
2958 1985 3032 2048 ώς
3063 1987 3334 2058 μηδέποτε
3376 1989 3482 2042 ὑπὸ

1898 2067 1992 2119 τοῦ
2037 2069 2308 2120 Δεσπότου
2353 2069 2842 2138 καταγνωσθῆναι,
2882 2068 2997 2121 ἀλλ’
3029 2072 3110 2122 ὃτι
3144 2072 3242 2140 οὐχ
3271 2067 3382 2125 οἷόν
3419 2073 3480 2126 τέ

1899 2166 2019 2202 τινα
2044 2149 2224 2203 λαθεῖν
2249 2151 2456 2204 ἐκεῖνον
2489 2152 2581 2204 τὸν
2612 2153 2912 2222 ἀκοίμητον
2943 2153 3222 2222 ὀφθαλμὸν
3254 2154 3475 2218 εἰδέναι,

1899 2232 2012 2284 ἀλλ’
2047 2233 2258 2306 ἀνάγκη
2301 2235 2519 2298 πάντως
2550 2235 2640 2287 τὸν
2668 2236 2986 2305 ἁμαρτόντα
3033 2239 3154 2299 ταῖς
3182 2239 3480 2307 τιμωρίαις

1900 2315 2199 2370 ὑπεύθυνον
2218 2317 2486 2386 γενέσθαι.
2514 2318 2624 2371 Καὶ
2651 2317 2724 2388 μὴ
2753 2321 3147 2389 προτιμότερον
3174 2320 3479 2391 ἡγώμεθαδ

1898 2399 1988 2450 τὸν
2007 2399 2112 2452 τῶν
2131 2398 2431 2470 ἀνθρώπων
2451 2401 2612 2470 φόϐον
2639 2403 2741 2470 τῆς
2763 2402 2854 2454 τοῦ
2877 2402 3010 2454 Θεοῦ
3037 2405 3477 2475 ἀγανακτήσεως,

1900 2481 2039 2533 ἀλλὰ
2089 2483 2516 2553 μνημονεύωμεν
2555 2484 2642 2536 διὰ
2681 2485 2880 2548 παντὸς
2925 2485 3036 2538 τῶν
3082 2488 3343 2557 ῥημάτων
3384 2488 3483 2541 τοῦ

1912 2566 2107 2636 Ἰωσὴφ
2143 2565 2418 2634 λέγοντος·
2458 2567 2590 2632 Πῶς
2623 2569 2856 2632 ποιήσω
2896 2569 2962 2621 τὸ
2989 2568 3158 2638 ῥῆμα
3195 2571 3258 2623 τὸ
3294 2585 3480 2640 πονη-

1889 2648 2006 2717 ρὸν
2032 2649 2207 2703 τοῦτο
2224 2688 2238 2712 ,
2271 2649 2371 2702 καὶ
2403 2650 2819 2719 ἁμαρτήσομαι
2845 2653 3124 2704 ἐναντίον
3149 2653 3257 2706 τοῦ
3287 2654 3434 2708 Θεοῦ
3459 2671 3480 2714 :

1899 2733 2068 2785 Ὅταν
2096 2751 2180 2796 τις
2203 2729 2296 2786 οὖν
2328 2733 2584 2803 λογισμὸς
2605 2735 2752 2802 ἡμᾶς
2777 2734 3132 2807 διαταράττῃ,
3151 2737 3310 2790 τοῦτο
3334 2740 3391 2790 ἐν
3411 2741 3476 2810 τῇ

1896 2816 2104 2887 διανοίᾳ
2134 2817 2455 2886 στρέφωμεν
2492 2817 2553 2869 τὸ
2583 2820 2649 2888 ρῆ
2661 2836 2735 2887 μα
2755 2857 2769 2881 ,
2803 2820 2898 2870 καὶ
2935 2821 3279 2891 παραχρῆμα
3304 2838 3479 2890 φυγασ-

1897 2899 2109 2953 δεύεται
2153 2902 2302 2952 πᾶσα
2333 2901 2532 2962 ἄτοπος
2579 2901 2865 2971 ἐπιθυμία.
2917 2901 3042 2954 Εἴτε
3086 2899 3177 2956 οὖν
3209 2905 3477 2973 σωμάτων

1897 2982 2166 3053 ἐπιθυμία
2194 3000 2277 3045 τις
2307 2982 2420 3050 ἁλῷ
2446 3022 2461 3046 ,
2497 2983 2606 3035 εἴτε
2635 2984 2938 3054 χρημάτων
2975 2985 3138 3054 ἔρωτι
3158 3023 3173 3048 ,
3205 2988 3312 3038 εἴτε
3343 2987 3478 3060 ἄλλῃ

1879 3066 2002 3119 ,τινὶ
2033 3067 2219 3135 ἀτόπῳ
2245 3067 2427 3136 ἡδονῇ,
2455 3065 2661 3129 εὐθέως
2691 3065 2848 3119 τοῦτο
2875 3067 3194 3135 λογιζέσθω,
3223 3070 3304 3122 ὅτι
3335 3072 3478 3123 ἐκεῖ·

1897 3165 1984 3210 νος
2015 3150 2146 3218 ήμῖν
2185 3151 2330 3200 ἐστιν
2359 3151 2386 3200 6
2416 3149 2669 3212 δικάζων,
2703 3149 2761 3202 ὃν
2789 3150 2886 3220 οὑχ
2924 3146 3034 3204 οἷόν
3062 3168 3122 3204 τε
3149 3152 3330 3205 λαθεῖν
3356 3153 3478 3207 οὑδὲ

1895 3234 1963 3286 τὰ
1995 3235 2050 3284 ἐν
2080 3235 2143 3302 τῇ
2184 3233 2390 3302 διανοίᾳ
2435 3232 2830 3303 βουλευόμενα·
2870 3235 2964 3287 καί¹
3011 3237 3228 3299 πάντως
3256 3236 3480 3304 διαφευ-

1873 3315 2099 3384 -ξόμεθα
2139 3317 2231 3368 καὶ
2259 3315 2358 3378 τὰς
2391 3316 2485 3368 τοῦ
2513 3316 2762 3371 διαϐόλου
2803 3319 3052 3390 μηχανὰς
3070 3359 3084 3382 ,
3123 3322 3217 3372 καὶ
3242 3320 3449 3373 ἀπολαύ
3467 3351 3478 3361 -

1897 3415 2062 3466 σομεν
2106 3398 2305 3467 πολλῆς
2348 3399 2448 3468 τῆς
2493 3401 2699 3453 ἀνωθεν
2749 3403 3106 3472 συμμαχίαςο
3157 3399 3224 3474 ἧς
3267 3403 3478 3471 γένοιτο

1873 3483 2102 3544 πάντας
2133 3484 2278 3551 ἡμᾶς
2307 3484 2608 3553 ἐπιτυχεῖν,
2635 3486 2819 3556 χάριτι
2851 3488 2944 3538 καὶ
2967 3485 3355 3558 φιλανθρωπίᾳ
3379 3487 3474 3540 τοῦ

1895 3566 2100 3634 Κυρίου
2128 3566 2283 3635 ἡμῶν
2323 3567 2496 3635 Ἰησοῦ
2544 3566 2803 3636 Χριστοῦ,
2833 3566 2984 3638 [600]
3029 3569 3147 3638 μεθ’
3178 3565 3239 3623 οῦ
3265 3571 3343 3640 τῷ
3373 3573 3478 3623 Πα-

1893 3649 2003 3718 τρὶ,
2031 3648 2147 3718 ἅμα
2171 3649 2249 3718 τῷ
2277 3649 2416 3720 ἀγίῳ
2447 3649 2746 3720 Πνεῦματι,
2770 3651 2918 3716 δόξα,
2955 3653 3178 3722 κράτος.
3202 3652 3357 3723 τιμὴ,
3379 3653 3474 3706 νῦν

1894 3732 1987 3785 καὶ
2013 3733 2121 3798 ἀεὶ,
2150 3733 2244 3785 καὶ
2267 3732 2348 3796 εἰς
2380 3735 2506 3796 τοὺς
2532 3734 2735 3796 αἰῶνας
2765 3733 2875 3786 τῶν
2901 3734 3133 3791 αίώνων.
3175 3736 3365 3807 Ἀμήν.

1892 3947 2001 4000 Kal
2036 3950 2148 4001 οὐκ
2183 3948 2263 4018 ἦν
2295 3865 2842 4073 γινώσέἲέτὶλὲἓδξὶ
2938 3949 3473 4020 ἀρχιδεσμοφύλαε

2527 4038 2588 4072 ια
2660 4035 2856 4073 comm.

2527 4038 2588 4072 ιιι
2627 4035 2856 4089 ιωσηςρ.

1883 4177 1886 4179 _
1964 4115 2032 4169 α’.
2063 4115 2143 4169 Τὰ
2161 4115 2389 4185 λείψανα
2405 4113 2510 4169 τῶν
2529 4113 2656 4185 χθὲς
2683 4118 2814 4187 ήμῖν
2837 4117 3142 4187 εἰρημένων
3168 4117 3472 4190 βουλόμεθα

1895 4199 2136 4269 σήμερον
2166 4199 2458 4254 ἀποδοῦναι
2475 4203 2540 4270 τῇ
2578 4200 2819 4270 ὑμετέρᾳ.
2840 4200 3048 4272 ἀγάπῃ,
3081 4201 3174 4253 καὶ
3202 4202 3302 4271 τῆς
3330 4203 3474 4255 κατὰ

1893 4281 1984 4335 τὸν
2033 4282 2231 4352 Ἰωσὴφ
2272 4284 2434 4335 πάλιν
2470 4283 2711 4351 ἱστορίας
2751 4282 3010 4351 ἅψασθαι.
3053 4285 3196 4335 Ἷστε
3242 4284 3350 4354 γάρ
3385 4285 3472 4338 ὅτι

1893 4365 2018 4436 χθὲς
2037 4367 2117 4427 εἰς
2142 4366 2316 4434 μῆκος
2333 4369 2466 4436 ἡμῖν
2489 4366 2810 4429 ἐκταθέντος
2835 4366 2928 4419 τοῦ
2953 4367 3112 4434 λόγου
3133 4367 3232 4419 οὐκ
3251 4367 3474 4438 ἰσχύσαι

1897 4465 1996 4518 μεν
2030 4448 2340 4518 περαιτέρω
2392 4449 2698 4520 προελθεῖν,
2735 4449 2873 4504 ἀλλά
2899 4454 3092 4520 μέχρις
3123 4451 3331 4503 ἐκείνου
3379 4451 3474 4505 τὸν

1892 4529 2050 4598 λόγον
2079 4532 2410 4601 ἐστήσαμεν,
2443 4531 2603 4602 ἡνίκα
2631 4531 2720 4585 διὰ
2741 4531 2838 4604 τὴν
2863 4533 2960 4602 τῆς
2976 4534 3277 4601 Αἰγυπτίας
3312 4549 3471 4587 συκο-

1894 4615 2121 4684 φαντίαν
2155 4617 2260 4668 ὑπὸ
2305 4617 2399 4668 τοῦ
2435 4618 2836 4687 ἀρχιμαγείρου
2879 4620 2959 4681 εἰς
3006 4618 3066 4670 τὸ
3099 4617 3474 4690 δεσμωτήριον

1893 4697 2174 4768 ἐνεϐλήθη.
2208 4699 2299 4751 Διὸ
2328 4701 2566 4770 σήμερον
2601 4701 2896 4768 ἀναγκαῖον
2924 4700 3130 4764 διδάξαι
3156 4702 3251 4771 τὴν
3274 4702 3470 4771 ὑμετέ-

1896 4797 1991 4850 ραν
2021 4781 2241 4849 ἀγάπην
2271 4782 2339 4834 τὰ
2358 4783 2499 4835 κατά
2533 4783 2592 4834 τὸ
2613 4783 2983 4853 δεσμωτήριον
3008 4783 3155 4852 αύτῷ
3189 4784 3470 4855 συμϐεϐη-

1895 4864 2048 4916 κότα.
2069 4863 2290 4934 Ἐπειδὴ
2310 4865 2417 4935 γάρ
2443 4865 2707 4936 ἐνεϐλήθη
2730 4867 2808 4928 εἰς
2825 4867 2883 4918 τὸ
2899 4866 3178 4936 ὀχύρωμα,
3205 4869 3297 4920 καὶ
3326 4883 3469 4937 παρ-

1892 4946 2046 5015 εδόθη
2093 4944 2172 5015 τῷ
2219 4947 2742 5017 ἀρχιδεσμοφύλακι,
2780 4950 2938 5000 κάκεῖ
2977 4950 3211 5018 τοσαύτη
3243 4949 3472 5016 γέγονεν

1897 5031 1977 5091 εἰς
2007 5030 2218 5100 αὑτὸνὴ
2243 5030 2397 5102 παρὰ
2411 5032 2504 5084 τοῦ
2535 5031 2670 5083 Θεοῦ
2701 5031 2863 5102 ῥοπὴ,
2889 5033 2962 5095 ώς
2981 5034 3159 5084 πᾶσαν
3185 5031 3281 5100 τὴν
3293 5031 3470 5103 ἀρχὴν

1889 5114 1983 5166 τοῦ
2010 5114 2386 5184 δεσμωτηρίου
2409 5114 2568 5167 αὑτὸν
2590 5113 3019 5184 ἐμπιστευθῆναι
3035 5113 3186 5184 παρά
3200 5114 3291 5167 τοῦ
3311 5116 3467 5185 ἀρχι-

1889 5197 2316 5266 δεσμοφύλακος.
2349 5198 2458 5250 Καὶ
2476 5200 2587 5251 οὐκ
2616 5194 2696 5267 ἦν
2721 5197 3050 5266 γινώσκων,
3072 5197 3254 5268 φησὶν,
3285 5196 3472 5250 οὐδὲν

1891 5281 2484 5350 άάρχιδεσμοφύλαξ
2528 5280 2624 5334 διὰ
2665 5281 2907 5349 Ἰωσήφ.
2949 5276 3097 5343 Εἶδες
3129 5281 3244 5342 πῶς
3271 5283 3330 5333 ἐν
3367 5281 3464 5332 αὑ-

1891 5367 2008 5426 ταῖς
2032 5367 2151 5428 ταῖς
2173 5363 2383 5433 θλίψεσι
2417 5365 2705 5434 γενόμενος
2730 5364 2983 5433 οὐδεμίαν
3015 5363 3265 5433 αἴσθησιν
3295 5362 3464 5433 ἐλάμο

1892 5446 2019 5498 ϐανε
2046 5447 2152 5499 τῶν
2173 5447 2451 5518 λυπηρῶν,
2479 5447 2592 5499 ἀλλ’
2613 5450 2646 5517 ἡ
2677 5449 2982 5517 εὐμήχανος
3009 5446 3102 5500 τοῦ
3137 5446 3272 5498 Θεοῦ
3301 5445 3468 5514 σοφία-

1891 5531 2066 5582 πάντα
2091 5529 2382 5600 μετέϐαλλε
2403 5530 2472 5583 τὰ
2487 5530 2726 5600 λυπηρά.
2748 5531 2858 5582 Καὶ
2873 5530 3123 5598 καθάπερ
3135 5529 3227 5582 τὸν
3246 5545 3316 5598 μα
3325 5545 3462 5599 ργα-

1893 5613 2048 5683 ρίτην
2062 5613 2163 5666 κᾶν
2189 5615 2246 5665 ἐν
2265 5613 2509 5683 βορϐόρῳ
2535 5631 2619 5677 τις
2643 5612 2999 5682 καταχώσειε,
3021 5612 3080 5668 τὸ
3108 5615 3304 5665 οἰκεῖον
3328 5612 3462 5665 κάλα

1890 5696 1977 5759 λος
2010 5695 2378 5750 ἐπιδείκνυται
2400 5713 2412 5726 ’
2434 5696 2576 5750 οὕτω
2592 5697 2683 5749 καὶ
2703 5695 2943 5766 ἡάρετὴ,
2970 5696 3102 5750 ὅπου
3129 5696 3174 5749 δ’
3197 5696 3264 5750 ἂν
3292 5704 3461 5777 αὐτὴν

1957 5865 1981 5924 ξ’
2005 5863 2220 5919 Quatuor
2243 5877 2354 5911 mss.
2383 5865 2802 5924 κατεργαζομένου.

1959 5922 1986 5960 δ
2012 5925 2110 5995 ng
2137 5939 2246 5975 mss.
2272 5927 2334 5987 μή
2359 5922 2582 5988 πρότερον
2599 5922 2818 5988 ἡγώμεθα
