4038 6358
615 359 711 413 Ml

615 475 876 546 ἐμϐάλῃς,
910 471 1008 541 τὴν
1052 471 1259 523 οἰκείαν
1293 471 1522 542 δύναμιν
1567 470 1957 533 ἐπιδείκνυται,
1989 470 2093 524 κᾶν
2126 472 2184 522 ἐν

610 555 844 626 δουλείᾳ.
876 555 979 606 κᾶν
1017 556 1074 605 ἐν
1102 555 1479 625 δεσμωτηρίῳ,
1523 555 1624 608 κᾶν
1659 557 1716 607 ἐν
1751 553 1949 621 θλίψει,
1990 552 2093 605 κάν
2129 554 2186 605 ἐν

615 642 816 694 ἀνέσει.
865 637 1016 690 Ἐπεὶ
1049 632 1142 689 οὖν
1177 638 1270 689 καὶ
1305 639 1362 688 ἐν
1399 637 1476 707 τῷ
1510 635 1866 707 δεσμωτηρίῳ
1895 634 2187 705 ἐμϐληθεὶς

612 720 722 776 εἷλε
751 721 840 772 τὸν
883 718 1426 788 ἀρχιδεσμοφύλακα,
1462 722 1555 773 καὶ
1602 721 1820 772 πάντων
1853 719 1962 771 τῶν
1998 718 2186 770 αὐτόθι

610 806 708 876 τὴν
726 804 972 869 ἐξουσίαν
991 802 1208 866 ἐδέξατο
1229 804 1354 874 παρ’
1370 804 1555 864 αὐτοῦ,
1574 803 1771 872 ἴδωμεν
1791 799 2024 854 ἐνταῦθα
2041 801 2186 864 ὅπως

610 890 710 958 τῆς
741 885 1052 957 προσούσης
1085 885 1231 955 αὐτῷ
1261 887 1483 956 χάριτος
1516 883 1846 937 ὲκκαλύπτει
1878 883 1976 953 τὴν
2011 883 2182 952 ἰσχύν.

622 970 894 1039 Ἐγένετο
927 970 1058 1039 γὰρ,
1090 970 1242 1036 φησὶ,
1270 969 1421 1037 μετὰ
1441 970 1511 1022 τὰ
1533 969 1771 1036 ῥήματα
1788 967 1990 1020 ταῦτα.
2016 969 2182 1031 Ποῖα;

611 1055 792 1122 "Amp
823 1053 1121 1121 διηγήσατο
1154 1052 1290 1120 μετὰ
1323 1052 1382 1104 τὸ
1426 1051 1918 1120 συκοφαντηθῆναι,
1950 1051 2086 1120 μετά
2125 1051 2185 1103 τὸ

616 1136 1075 1206 καταδικασθῆναι
1095 1135 1156 1187 τὸ
1189 1135 1559 1206 δεσμωτήριον
1587 1136 1784 1188 οἰκεῖν·
1815 1135 1909 1188 καὶ
1937 1136 1995 1188 οὐ
2027 1135 2185 1189 τοῦτο

612 1221 794 1290 μόνον,
837 1219 973 1273 ἀλλά
999 1219 1093 1271 καὶ
1132 1219 1268 1288 μετὰ
1307 1219 1365 1270 τὸ
1393 1218 1658 1288 γνωρίσαι
1688 1219 1839 1288 ἡμῖν,
1865 1218 1946 1271 δτι
1982 1217 2190 1287 Κύριος

608 1301 676 1373 ἣν
707 1303 824 1373 μετ’
854 1300 1038 1362 αὐτοῦ,
1071 1303 1162 1353 καὶ
1205 1302 1286 1353 ὅτι
1319 1302 1346 1352 ὀ
1377 1299 1854 1371 άρχιδεσμοφύλαξ
1884 1301 1974 1356 διὰ
2004 1302 2184 1371 χειρὸς

609 1385 776 1440 αὐτοῦ
825 1385 1001 1436 πάντα
1045 1383 1111 1437 τά
1159 1384 1343 1436 αὐτόθι
1401 1383 1701 1454 ἐπέτρεψεν
1759 1385 2179 1455 οἰκονομεῖσθαι.

622 1469 882 1539 Ἐγένετο
909 1465 1021 1523 οὖν
1040 1469 1188 1536 μετὰ
1210 1467 1280 1520 τὰ
1297 1468 1536 1535 ῥήματα
1561 1469 1762 1530 ταῦτα,
1798 1470 1935 1538 μετὰ
1963 1470 2024 1522 τὸ
2053 1470 2182 1539 βλη-

610 1553 768 1624 θῆναι
820 1552 981 1606 αὐτὸν
1031 1552 1087 1601 ἐν
1135 1549 1210 1620 τῷ
1259 1551 1635 1620 δεσμωτηρίῳ,
1691 1551 2030 1620 ἁμαρτόντα
2077 1553 2185 1604 τὸν

607 1635 1024 1705 ἀρχιοινοχόον
1046 1634 1140 1686 καί
1163 1633 1731 1702 τὸνάρχισιτοποιόν
1747 1633 2184 1700 καταδικασθῆ-

609 1737 705 1774 ναι
735 1719 853 1772 ὑπὸ
875 1717 980 1770 τοῦ
1004 1716 1312 1781 ,βασιλέως
1331 1719 1394 1768 τὸ
1420 1715 1826 1782 δεσμωτήριον
1847 1718 2034 1770 οἰκεῖν
2053 1735 2065 1748 ⁸
2086 1717 2184 1770 καί

609 1801 935 1868 δεξάμενος
954 1799 1175 1862 αὐτοὺς
1196 1803 1227 1853 ό
1250 1799 1783 1868 ἀρχιδεσμοφύλαξ
1799 1801 2184 1866 συνέστησεν

609 1883 829 1946 αὐτοὺς
867 1881 948 1945 τῷ
992 1882 1226 1950 Ἰωσήφ.
1268 1883 1403 1934 Οὐδέ
1451 1885 1560 1951 γὰρ
1591 1881 1666 1944 ώς
1714 1883 1964 1954 δεσμώτῃ
1998 1883 2182 1935 λοιπὸν

609 1967 756 2036 αὐτῷ
781 1965 1066 2035 ἐκέχρητο,
1106 1965 1216 2019 ἀλλ’
1239 1965 1312 2026 ὡς
1343 1968 1584 2038 κοινωνῷ
1608 1971 1706 2039 τῆς
1725 1967 2024 2039 φροντίδος,
2050 1967 2183 2037 μάλ-

608 2050 697 2102 λον
725 2048 780 2101 δὲ
816 2049 908 2100 καὶ
935 2048 1009 2109 ὼς
1033 2047 1202 2118 ἱκανῷ
1235 2049 1608 2118 ἐπικουφίζειν
1627 2053 1724 2112 τάς
1759 2050 2043 2120 συμφοράς
2072 2052 2183 2110 τοῖς

607 2131 793 2184 αὐτόθι
827 2130 1262 2200 καθειργμένοις.
1293 2131 1404 2184 Καὶ
1451 2135 1724 2200 παρέστη
1763 2131 1987 2197 αὐτοῖς,
2029 2131 2176 2200 φησί.

611 2215 674 2267 Ἰ’ί
707 2216 823 2265 ἐστι
863 2212 943 2273 τὸ,
983 2211 1258 2279 Παρέστη
1288 2213 1530 2280 αὐτοῖς
1580 2217 1728 2269 ’Λντὶ
1761 2215 1876 2277 τοῦ,
1929 2231 2180 2285 παρεμυ-

610 2299 775 2361 θεῖτο,
811 2297 1036 2367 ἐνεύρου
1068 2297 1246 2349 αὐτῶν
1274 2298 1364 2350 τὸν
1391 2299 1672 2370 λογισμὸν.
1701 2301 1970 2370 διήγειρεν
2002 2298 2180 2352 αὐτῶν

609 2382 707 2450 τὴν
749 2379 1006 2441 διάνοιαν,
1063 2380 1123 2430 οὐ
1175 2379 1470 2451 συνεχώρει
1518 2383 1894 2452 καταποθῆναι
1942 2382 2048 2434 ὐπὸ
2083 2383 2181 2450 τῆς

610 2464 712 2516 ἁθυ
722 2464 869 2532 μίας.
903 2459 1097 2516 ἿΙσιιν
1127 2461 1194 2513 δὲ
1219 2463 1446 2532 ἡμέρας
1466 2467 1700 2530 πολλὰς
1725 2467 1794 2518 ἐν
1813 2465 1882 2532 τῇ
1913 2465 2179 2534 φυλακῇ,

610 2547 709 2600 καὶ
756 2543 922 2600 εἶδον
961 2547 1278 2613 ἀμφότεροι
1311 2548 1600 2600 ἐνύπνιον
1631 2549 1701 2600 ἐν
1720 2546 1828 2615 μιᾷ
1852 2549 2021 2601 νυκτί
2057 2548 2090 2601 ὅ
2119 2566 2182 2601 τε

607 2629 1019 2697 ἀρχιοινοχόος
1033 2629 1129 2680 καὶ
1150 2632 1181 2681 ό
1197 2630 1665 2696 άρχισιτοποιός.
1685 2631 1823 2683 Ἀλλ’
1843 2633 1870 2684 ὀ
1885 2630 2182 2700 θαυμάσιος

605 2707 761 2775 οὗτος
787 2711 944 2781 ἔργον
971 2711 1288 2781 ποιούμενος
1310 2713 1406 2783 τὴν
1436 2713 1641 2766 τούτων
1664 2714 2028 2786 παράκλησιν,
2059 2714 2180 2767 ἰδὼν

607 2795 802 2856 αὐτοὺς
825 2793 928 2846 ὐπὸ
956 2795 1053 2862 τῆς
1077 2793 1253 2862 ὅψεως
1285 2795 1392 2846 τῶν
1414 2795 1709 2867 ὀνειράτων
1738 2797 2182 2868 τεταραγμένους

607 2877 701 2930 καὶ
735 2877 1176 2946 συγκεχυμένους
1213 2876 1310 2947 τὴν
1357 2877 1616 2944 διάνοιαν,
1670 2879 1836 2948 φησί’
1877 2880 1936 2932 Τί
1969 2880 2058 2932 ὅτι
2111 2879 2182 2933 τὰ

603 2962 894 3025 πρόσωπα
911 2957 1076 3026 ὑμῶν
1097 2962 1425 3027 σκυθρωπὰ
1446 2960 1736 3030 σήμερονς
1760 2963 1998 3015 Ἐδείκνυ
2025 2962 2178 3035 [601]

605 3045 714 3110 γάρ
744 3044 776 3111 ὴ
807 3041 898 3093 τοῦ
925 3041 1216 3112 προσώπου
1248 3044 1586 3107 κατάστασις
1611 3044 1708 3115 τὴν
1740 3044 1886 3098 ἔνδον
1906 3047 2177 3116 ταραχήν.

605 3126 704 3177 Διά
734 3124 892 3178 τοῦτο
921 3126 1014 3176 καὶ
1046 3124 1206 3191 σοφός
1240 3142 1324 3188 τις
1354 3125 1506 3193 ἔλεγε
1527 3141 1540 3155 ·
1574 3125 1835 3194 Καρδίας
1863 3130 2181 3196 εὐφραινο-

599 3208 791 3275 μένης
813 3205 1021 3258 θάλλει
1047 3207 1391 3273 πρόσωπονο
1407 3208 1476 3260 ἐν
1496 3208 1563 3261 δὲ
1578 3211 1799 3275 λύπαις
1813 3210 2004 3276 οὔσης
2033 3226 2184 3264 σκυ-

607 3288 908 3355 θρωπάζει.
956 3290 1107 3341 Ἑπεὶ
1139 3285 1231 3341 οὖν
1260 3287 1396 3341 εἶδεν
1429 3291 1624 3354 αὐτοὺς
1657 3293 1714 3343 ἐν
1752 3293 2024 3363 κατηφείᾳ
2052 3309 2182 3361 τυγ-

607 3374 868 3441 χάνοντας
911 3371 998 3423 διὰ
1033 3372 1132 3441 τὴν
1181 3371 1288 3424 τῶν
1333 3374 1624 3439 ὀνειράτων
1664 3374 1806 3442 ὄψιν,
1853 3375 2184 3429 ἐπυνθάνετο

605 3453 705 3524 τὴν
732 3454 910 3507 αἰτίαν
950 3453 1139 3522 μαθεῖν
1186 3454 1527 3524 βουλόμενος.
1564 3457 1708 3526 Ὅρα
1731 3456 1849 3520 πῶς
1891 3457 1984 3510 καὶ
2013 3459 2070 3509 ἐν
2099 3458 2184 3510 δε-

607 3541 904 3610 σμωτηρίῳ
933 3541 1213 3608 τυγχάνων
1230 3541 1327 3612 τὴν
1355 3543 1560 3596 οἰκείαν
1589 3543 1788 3615 ἀρετὴν
1811 3544 2179 3608 ἐπεδείκνυτο,

606 3625 699 3676 καὶ
725 3624 822 3686 τὰς
849 3623 1084 3693 ἀθυμίας
1110 3623 1318 3695 ἑτέροις
1351 3625 1722 3693 ἐπικουφίζειν
1756 3626 2080 3691 ἐσπούδαζε.
2115 3627 2180 3680 Τί

604 3701 697 3759 οὖν
733 3709 962 3771 ἐκεῖνοι;
1013 3707 1334 3760 Ἐνύπνιον
1357 3708 1618 3777 εἴδομεν,
1646 3709 1744 3761 καί
1777 3713 1808 3762 ὀ
1836 3712 2182 3777 συγ-κρίνων

603 3792 714 3842 οὐκ
742 3791 913 3842 ἐστιν
944 3791 1110 3858 αὐτό.
1150 3789 1408 3857 Ἠγνόουν
1436 3790 1529 3843 τοῦ
1557 3791 1692 3862 πρὸς
1720 3793 1918 3854 αὐτοὺς
1941 3793 2181 3862 διαλεγο-

607 3871 768 3940 μένου
806 3873 905 3942 τὴν
945 3873 1167 3941 σοφίαν·
1200 3873 1273 3935 ὼς
1302 3874 1382 3924 ἐνὶ
1412 3873 1521 3926 τῶν
1547 3875 1756 3928 πολλῶν
1782 3875 1929 3946 αὐτῷ
1968 3879 2182 3948 προσεῖ-

603 3973 718 4024 χον,
752 3954 840 4007 διά
873 3953 1030 4007 τοῦτο
1061 3955 1184 4006 οὐδὲ
1228 3957 1289 4006 τὸ
1319 3955 1568 4008 ἐνύπνιον
1616 3956 1890 4025 λέγουσιν,
1931 3958 2046 4012 ἀλλ’
2095 3961 2178 4012 ὅτι

607 4037 767 4104 μόνον
810 4033 970 4101 εἶδον,
1018 4037 1112 4091 καί
1154 4054 1351 4106 φασιν·
1387 4039 1577 4102 Οὐδείς
1612 4041 1761 4094 ἐστιν
1799 4044 1828 4094 ὀ
1876 4043 2178 4114 συγκρίνων

606 4121 756 4174 αὐτό.
801 4122 940 4173 Ἀλλ’
979 4123 1008 4174 ὀ
1057 4121 1358 4190 θαυμάσιος
1402 4123 1543 4193 ἀνήρ
1587 4142 1719 4195 φησι
1771 4126 1907 4196 πρὸς
1945 4128 2175 4191 αὐτούς’

613 4205 753 4270 Οὐχὶ
786 4205 884 4258 διὰ
911 4205 1017 4258 τοῦ
1047 4206 1194 4257 Θεοῦ
1226 4207 1261 4271 ἡ
1288 4205 1655 4274 διασάφησις
1679 4208 1877 4261 αὐτῶν
1903 4210 2178 4274 £50an-

607 4286 915 4353 ηγήσασθε
942 4283 1054 4342 οὖν
1067 4305 1188 4355 μοι.
1211 4288 1300 4359 Μὴ
1322 4289 1431 4360 γάρ
1446 4289 1656 4342 οἴκοθεν
1684 4292 2094 4362 ἐπαγγέλλομαί
2123 4312 2177 4347 τι

605 4369 731 4435 ὐμῖν
755 4371 930 4438 ἐρεῖν;
964 4370 1094 4431 Θεός
1127 4371 1273 4422 ἐστιν
1300 4374 1328 4423 ὀ
1355 4372 1776 4427 ἀποκαλύπτων.
1801 4375 2177 4444 Διηγήσασθε

603 4447 846 4517 οὖνμοι.
877 4453 1018 4520 Ὅρα
1052 4451 1262 4504 σύνεσιν
1293 4455 1386 4505 καὶ
1415 4456 1913 4527 ταπεινοφροσύνης
1941 4459 2175 4530 ὑπερϐο-

604 4534 719 4605 λήν.
765 4536 877 4587 Πύκ
916 4531 1087 4599 εἶπεν,
1119 4537 1202 4588 ὅτι
1235 4536 1377 4604 Ἐγὼ
1400 4539 1528 4608 ὑμῖν
1564 4540 1847 4610 διακρίνω,
1905 4541 2014 4608 ἐγὼ
2048 4544 2176 4613 ὑμῖν

601 4619 743 4686 λέγω
785 4619 892 4671 τῶν
921 4618 1214 4688 ὀνειράτων
1246 4619 1344 4690 τὴν
1381 4620 1625 4686 ἔκϐασιν,
1675 4623 1916 4690 ἀλλάτί;
1964 4627 2174 4694 Διηγή-

601 4707 796 4756 σασθε
839 4697 954 4755 οὖν
981 4718 1101 4769 μοι.
1144 4701 1274 4765 Θεὸς
1312 4703 1418 4774 γάρ
1454 4707 1570 4757 ἐστι
1609 4707 1767 4776 μόνος
1794 4711 1822 4760 ὁ
1859 4709 1925 4760 τά
1953 4708 2175 4761 τοιαῦτα

602 4784 1024 4838 ἀποκαλύπτων.
1053 4783 1159 4836 Kal
1186 4784 1516 4851 διηγήσατο
1549 4791 1581 4842 ὀ
1607 4790 2037 4858 ἀρχιοινοχόος.
2066 4790 2175 4844 Kal

599 4868 870 4932 ἀκούσας
908 4869 940 4918 ό
984 4865 1203 4934 Ἰωσήφ
1226 4883 1376 4934 φησι
1399 4883 1413 4898 ⁹
1440 4871 1617 4925 Τοῦτο
1646 4874 1682 4938 ὴ
1719 4872 2034 4940 σύγκρισις
2065 4877 2175 4926 αὐ-

599 4951 730 5004 τοῦ.
763 4953 826 5001 Οἱ
873 4948 1029 5015 τρεῖς
1072 4950 1392 5018 πυθμένες,
1425 4951 1583 5020 τρεῖς
1613 4955 1822 5024 ἡμέραι
1864 4957 2022 5008 εἰσιν
2043 4973 2055 4986 ·
2086 4956 2172 5010 ἔτι

597 5028 755 5096 τρεῖς
782 5027 1014 5096 ἡμέραι,
1037 5029 1132 5080 καὶ
1155 5029 1574 5097 μνησθήσεται
1596 5033 1803 5100 Φαραὼ
1824 5033 1931 5100 τῆς
1953 5035 2174 5102 ἀρχιοι-

597 5114 840 5181 νοχοΐιις
869 5126 1004 5173 σου.
1037 5112 1132 5164 καί
1167 5113 1655 5179 ἀποκαταστήσει
1683 5133 1776 5179 σε,
1823 5118 1920 5170 καὶ
1960 5116 2173 5183 δώσεις

597 5197 664 5249 τὸ
693 5195 979 5262 ποτήριον
1005 5195 1215 5263 Φαραὼ
1235 5199 1323 5261 εὶς
1354 5197 1468 5263 τὴν
1488 5198 1656 5266 χεῖρα
1676 5199 1860 5253 αὐτοῦ
1887 5201 2035 5254 κατὰ
2058 5202 2172 5267 τὴν

594 5276 795 5345 ἀρχὴν
840 5292 957 5330 σου
1002 5277 1118 5343 τὴν
1156 5277 1473 5345 προτέραν,
1525 5283 1605 5346 ὡς
1655 5277 1817 5349 ἦσθα
1861 5284 2167 5351 οἰνοχοῶν.

609 5359 796 5413 Ἀλλά
823 5360 1240 5427 ἀναμνήσθητι
1251 5379 1371 5428 μου
1395 5362 1490 5415 διὰ
1512 5363 1792 5428 σεαυτοῦ,
1817 5363 1961 5417 ὅταν
1979 5361 2048 5419 εὖ
2073 5382 2170 5418 σοι

601 5443 860 5511 γένηται,
885 5443 980 5495 καί
1010 5443 1288 5511 ποιήσεις
1302 5444 1394 5496 ἐπ’
1421 5445 1526 5514 ἐμὲ
1544 5446 1736 5509 ἕλεος,
1753 5447 1850 5501 καὶ
1866 5447 2168 5516 μνήσθητι

603 5525 729 5592 τερί
767 5524 914 5593 ἐμοῦ
956 5525 1107 5592 πρὸς
1145 5526 1377 5594 Φαραὼ,
1418 5527 1516 5580 καί
1559 5528 1796 5593 ἐξάξεις
1836 5546 1913 5597 με
1948 5530 2017 5582 ἐκ
2062 5531 2167 5584 τοῦ

603 5606 977 5674 ὀχυρώματος
1014 5609 1250 5670 τούτου,
1301 5609 1390 5661 ὅτι
1419 5609 1616 5679 κλοπῇ
1657 5611 1930 5678 ἐκλάπην
1959 5613 2027 5665 ἐκ
2056 5612 2170 5682 τῆς

607 5689 910 5755 Ἐϐραίων,
936 5691 1034 5742 καὶ
1052 5687 1167 5744 ὧδε
1193 5695 1304 5746 οὐκ
1331 5693 1589 5762 ἐποίησα
1609 5695 1808 5756 οὐδὲν,
1834 5696 1933 5748 καί
1962 5696 2165 5750 ἐνέϐα-

603 5771 710 5826 λόν
734 5789 810 5839 με
843 5775 929 5837 εἰς
961 5773 1066 5824 τὸν
1094 5775 1324 5828 λάκκον
1348 5777 1582 5832 τοῦτον.
1619 5778 1833 5848 Ἐπειδὴ
1855 5783 2164 5849 προεμήνυ-

598 5868 689 5902 σεν
731 5852 878 5921 αὐτῷ
924 5855 992 5906 τὰ
1029 5854 1288 5923 μέλλοντα
1337 5857 1484 5928 αὐτῴ
1513 5861 1721 5930 χρηστά
1761 5861 2156 5931 συμϐήσεσθαι,

599 5933 689 5985 καὶ
717 5933 815 6002 τὴν
839 5935 1179 6008 καταλλαγὴν
1219 5938 1309 5992 τοῦ
1345 5939 1629 6009 βασιλέως,
1661 5944 1815 6013 φησὶ,
1843 5941 2159 6010 Μνήσθητι

1320 361 1376 413 S.
1414 356 1700 414 JOANNIS
1737 353 2219 412 CHRYSOSTOMI
2261 357 2580 414 ARCIIIEP.
2620 359 3176 418 CONSTANTINOP.

3764 367 3856 421 εἰίέ

2289 489 2405 539 μοι·
2431 472 2528 525 διὰ
2549 475 2832 536 σεαυτοῦ,
2854 476 2980 530 ὅταν
3007 476 3287 549 άπολάϐῃς
3306 494 3396 528 σου
3423 481 3521 547 τὴν
3537 479 3850 549 εὐημερίαν·

2293 555 2514 624 μνήμην
2549 556 2772 626 ποίησαι
2807 557 2901 610 τοῦ
2940 575 3023 610 σοι
3053 559 3228 613 ταῦτα
3251 561 3722 630 προμηνύσαντος,
3765 566 3850 616 καὶ

2288 639 2537 706 ποιήσεις
2571 638 2658 690 ἐπ’
2694 640 2792 708 ἐμὲ
2815 640 2982 704 ἕλεος.

2359 718 2424 788 β’.
2448 720 2620 774 Τοῦτο
2643 721 2876 787 ἀκούων,
2906 725 3178 794 ἀγαπητέ,
3202 728 3275 795 μὴ
3303 727 3667 797 μικροψυχίαν
3698 745 3857 781 κατα-

2285 801 2427 870 γνῷς
2451 802 2544 854 τοῦ
2567 803 2800 866 δικαίου,
2827 804 2959 858 ἀλλά
2985 807 3154 877 ταύτῃ
3183 808 3416 876 μάλιστα
3439 809 3766 879 ἐκπλάγηθι,
3788 812 3857 862 ὅτι

2286 883 2550 937 τοσούτων
2585 885 2860 956 δυσχερῶν
2908 888 3106 950 ὀντων,
3140 891 3237 959 τὴν
3277 891 3466 943 αὐτόθι
3496 892 3712 960 οἴκησιν
3745 909 3858 960 γεν-

2287 966 2450 1030 ναίως
2478 967 2572 1020 καὶ
2605 968 2940 1040 εὐχαρίστως
2985 971 3196 1040 ἔφερεν.
3227 973 3289 1024 Εἰ
3331 972 3441 1044 γάρ
3475 974 3567 1024 καὶ
3605 974 3857 1038 πολλάκις

2284 1049 2384 1118 τὴν
2431 1049 2582 1120 παρά
2613 1050 2709 1102 τοῦ
2756 1052 3293 1122 ἀρχιδεσμοφύλακος
3327 1055 3575 1118 ἐξουσίαν
3627 1056 3855 1125 εἰλήφει,

2285 1133 2382 1186 ἀλλ
2398 1135 2568 1202 ’ὅμως
2585 1133 2877 1202 ἐϐαρύνετο
2891 1136 2951 1187 τὸ
2971 1137 3448 1203 κατακεκλεῖσθαι,
3466 1140 3560 1191 καὶ
3593 1140 3734 1209 μετὰ
3762 1140 3857 1191 τῶν

2286 1215 2624 1286 αὐχμώντων
2650 1217 2744 1270 καὶ
2773 1217 3069 1286 ῥυπῶντων
3100 1215 3259 1274 εἶναι.
3281 1221 3427 1290 ’Ὀρα
3453 1223 3564 1291 γὰρ
3589 1221 3758 1273 αὐτοῦ
3776 1224 3858 1274 καὶ

2286 1301 2350 1351 ἐκ
2371 1299 2559 1352 τούτου
2588 1299 2685 1370 τὴν
2706 1299 2992 1368 φιλόσοφον
3008 1301 3238 1373 γνώμην
3259 1320 3272 1333 ·
3291 1304 3436 1365 ὅπως
3457 1303 3599 1373 μετὰ
3615 1305 3858 1372 ἀνδρείας

2286 1381 2481 1452 ἔφερεν
2508 1381 2746 1444 ἅπαντα,
2781 1381 2869 1434 διά
2899 1383 3116 1438 πάντων
3143 1385 3343 1455 πολλὴν
3373 1385 3471 1455 τὴν
3503 1403 3859 1456 ταπεινοφρο-

2287 1463 2452 1534 σύνην
2477 1465 2940 1533 ἐπιδεικνύμενος.
2973 1467 3082 1519 Kal
3105 1467 3380 1533 ποιήσεις
3409 1469 3500 1520 ἐπ’
3523 1469 3630 1536 ἐμὲ
3660 1469 3856 1532 ἕλεος.

2283 1547 2381 1599 καὶ
2402 1547 2732 1616 μνησθήσῃ
2755 1549 2887 1615 περὶ
2914 1549 3060 1617 ἐμοῦ
3085 1550 3234 1617 πρὸς
3251 1551 3481 1618 Φαραὼ,
3507 1551 3606 1604 καὶ
3626 1550 3857 1615 ἐξάξεις

2280 1645 2356 1697 με
2373 1630 2440 1681 ἐκ
2468 1630 2573 1683 τοῦ
2599 1632 2978 1701 ὀχυρώματος
3001 1633 3234 1686 τούτου.
3264 1634 3465 1688 Ἐννόει
3492 1653 3582 1703 μοι
3604 1635 3854 1698 ἐνταῦθα,

2285 1711 2401 1774 πῶς
2428 1712 2576 1764 οὐδὲν
2605 1713 2751 1782 λέγει
2781 1715 2921 1767 κατά
2935 1715 3032 1784 τῆς
3064 1717 3265 1787 μιαρᾶς
3290 1717 3506 1787 ἐκείνης
3533 1717 3852 1786 μοιχαλίδος,

2282 1790 2401 1842 οὐδέ
2450 1793 2690 1846 αἰτιᾶται
2724 1793 2814 1845 τὸν
2851 1795 3137 1863 δεσπότην,
3175 1793 3295 1846 οὐδέ
3333 1795 3431 1864 τὴν
3468 1794 3577 1846 τῶν
3616 1795 3854 1864 ἀδελφῶν

2285 1888 2349 1922 πε
2361 1872 2412 1942 pl
2441 1873 2601 1925 αὐτὸν
2621 1875 3015 1944 ἀπανθρωπίαν
3039 1877 3326 1946 διηγεῖται,
3352 1877 3486 1928 ἀλλὰ
3510 1878 3854 1946 συγκαλύψας

2283 1956 2482 2018 πάντα,
2510 1956 2670 2026 φησί·
2689 1955 2974 2028 Μνήσθητί
3001 1975 3126 2028 μου,
3150 1960 3244 2012 καὶ
3263 1959 3488 2027 ποίησον
3516 1960 3852 2031 ἐξενεχθῆναί

2287 2054 2353 2106 με
2385 2039 2448 2089 ἐκ
2472 2037 2564 2090 τοῦ
2590 2039 2944 2110 ὀχυρώματος
2964 2042 3151 2095 τούτου
3167 2060 3182 2073 ·
3206 2043 3333 2094 Ὅτι
3362 2042 3564 2110 κλοπῇ
3583 2043 3854 2109 ἐκλάπην

2281 2119 2349 2170 ἐκ
2375 2119 2484 2187 γῆς
2513 2120 2816 2188 Ἐϐραίων,
2840 2125 2936 2176 καὶ
2958 2118 3074 2177 ὧδε
3089 2127 3201 2178 οὐκ
3223 2125 3484 2190 ἐποίησα
3503 2125 3707 2187 οὐδὲν,
3726 2127 3851 2179 ἀλλ’

2281 2201 2571 2256 ἐνέϐαλόν
2603 2222 2679 2272 με
2719 2208 2805 2271 εὶς
2855 2207 2960 2260 τὸν
2992 2206 3226 2260 λάκκον
3268 2208 3504 2262 τοῦτον.
3543 2208 3635 2280 Μὴ
3673 2210 3850 2270 ἁπλῶς

2280 2285 2440 2338 τοῦτο
2490 2287 2964 2358 παραδράμωμεν,
3009 2290 3124 2342 ἀλλ’
3163 2292 3507 2361 ἐννοήσωμεν
3561 2293 3660 2359 τῆς
3706 2292 3850 2364 [60-]

2281 2366 2456 2438 ψυχῆς
2487 2369 2652 2422 αὐτοῦ
2681 2371 2778 2441 τὴν
2809 2372 3154 2441 φιλοσοφίαν,
3184 2375 3276 2426 καὶ
3299 2375 3447 2437 ὅπως
3486 2375 3678 2445 καιρὸν
3699 2377 3851 2446 εὐρη-

2282 2450 2393 2514 κὼς
2425 2453 2693 2517 τοιοῦτον,
2722 2456 2816 2507 καὶ
2845 2454 2999 2518 εἰδὼς
3037 2457 3117 2508 ὅτι
3150 2455 3439 2528 δυνήσεται
3468 2457 3684 2510 ἅπαντα
3713 2459 3742 2510 ὁ
3761 2461 3849 2530 ἁρ-

2281 2535 2573 2604 χιοινοχόος
2605 2538 2662 2588 ἐν
2693 2537 2962 2608 εὐημερίᾳ
2992 2538 3230 2606 γεγονὼς
3257 2541 3520 2611 γνωρίσαι
3549 2541 3628 2611 τῷ
3651 2541 3851 2610 βασιλεί

2282 2616 2349 2670 τά
2394 2619 2512 2669 κατ’
2555 2619 2741 2681 αὐτὸν,
2774 2621 2835 2672 οὐ
2878 2621 2974 2692 τὴν
3017 2623 3319 2690 Αἰγυπτίαν
3364 2623 3639 2676 διαϐάλλει
3677 2626 3850 2694 (πάλιν

2282 2701 2390 2771 γάρ
2429 2701 2499 2753 τά
2527 2703 2664 2754 αὐτά
2690 2703 2843 2773 ἐρῶ),
2875 2705 2935 2756 οὐ
2974 2704 3064 2758 τὸν
3111 2705 3376 2776 δεσπότην
3404 2707 3524 2774 ἄγει
3555 2710 3635 2768 εἰς
3673 2711 3846 2777 μέσον,

2281 2783 2400 2835 οὐδέ
2437 2785 2564 2848 τοὺς
2602 2785 2894 2853 ἀδελφούς·
2926 2787 2987 2838 οὐ
3029 2786 3176 2855 λέγει
3222 2787 3320 2858 τὴν
3349 2789 3546 2853 αἰτίαν,
3594 2790 3662 2842 δι’
3704 2793 3769 2862 ῆν
3799 2792 3848 2843 τὸ

2282 2866 2653 2938 δεσμωτήριον
2681 2870 2850 2921 οἰκεῖν
2875 2869 3259 2941 κατεδικάσθη,
3281 2873 3403 2924 οὐδέ
3433 2872 3730 2937 σπουδάζει
3753 2875 3848 2927 δεῖ-

2284 2950 2368 3015 ξαι
2399 2952 2494 3020 τὴν
2527 2953 2872 3023 παρανομίαν
2897 2952 2996 3023 τὴν
3026 2956 3104 3016 είς
3123 2955 3284 3008 αὐτὸν
3307 2959 3685 3026 γεγενημένην
3707 2976 3720 2988 ·
3745 2958 3847 3010 ἀλλ’

2284 3032 2400 3095 ἐνὸς
2424 3034 2585 3103 μόνου
2619 3034 2849 3102 γίνεται,
2881 3036 2940 3087 οὐ
2962 3036 3055 3088 τοῦ
3089 3039 3309 3090 ἐκείνων
3325 3039 3520 3108 δηλαδὴ
3549 3041 3849 3112 κατηγορῆο

2285 3133 2398 3180 σαι,
2427 3116 2567 3170 ἀλλά
2593 3118 2684 3170 τοῦ
2716 3119 2855 3191 ὑπὲρ
2887 3119 3085 3172 ἐαυτοῦ
3122 3121 3280 3192 μόνον
3303 3124 3497 3178 εἰπεῖν.
3527 3125 3638 3176 Καὶ
3670 3125 3740 3178 τὰ
3763 3125 3848 3194 μὲν

2282 3200 2434 3270 παρά
2462 3201 2569 3252 τῶν
2613 3201 2856 3270 ἀδελφῶν
2909 3205 3266 3258 συνεσκίασεν
3307 3207 3499 3267 εἰπὼν,
3545 3207 3847 3274 Ἐκλάπην

2282 3283 2351 3335 ἐκ
2386 3281 2498 3352 γῆς
2523 3285 2816 3352 Ἐϐραίων·
2834 3300 2901 3338 τα
2931 3287 2987 3340 δὲ
3009 3288 3158 3360 παρὰ
3175 3289 3275 3358 τῆς
3304 3290 3611 3358 Αἰγυπτίας
3640 3292 3847 3360 ἐκείνης

2285 3367 2382 3436 τῆς
2419 3367 2718 3420 ἀκολάστου
2752 3369 2873 3421 οὐδὲ
2908 3371 2990 3433 εἰς
3025 3372 3188 3442 μέσον
3219 3372 3362 3440 ἄγει,
3410 3372 3528 3424 οὐδέ
3558 3373 3659 3442 τὴν
3710 3376 3848 3443 παρὰ

2280 3450 2374 3501 τοῦ
2410 3449 2667 3502 δεσπότου
2695 3451 2878 3504 ἄδικον
2916 3455 3035 3506 κατ’
3063 3454 3228 3507 αὐτοῦ
3255 3455 3649 3522 ἀγανάκτησιν.
3701 3456 3847 3509 Ἀλλὰ

2281 3532 2334 3584 τί
2374 3549 2568 3602 φησιν;
2597 3527 2735 3586 ’Ὧδε
2759 3537 2870 3588 οὐκ
2893 3537 3153 3604 ἐποίησα
3176 3537 3377 3602 οὐδὲν,
3410 3539 3546 3591 ἀλλ’
3568 3539 3847 3592 ἐνέϐαλόν

2275 3631 2352 3682 με
2387 3618 2475 3681 εἰς
2517 3615 2621 3668 τὸν
2662 3615 2892 3670 λάκκον
2920 3619 3152 3673 τοῦτον.
3183 3621 3369 3674 Ταῦτα
3402 3621 3694 3684 ἀκούοντες
3735 3641 3846 3675 παι-

2279 3698 2584 3770 δευώμεθα,
2625 3700 2846 3753 ἐπειδάν
2880 3719 2988 3756 τισι
3019 3705 3285 3768 τοιούτοις
3321 3705 3735 3775 περιπέσωμεν,
3778 3705 3844 3774 μὴ

2279 3781 2523 3844 ἐκείνους
2557 3784 2880 3849 σπουδάζειν
2912 3787 3259 3858 περιϐάλλειν
3291 3789 3603 3859 λοιδορίαις,
3634 3791 3728 3841 καὶ
3756 3793 3844 3857 τὴν

2279 3865 2530 3934 γλῶσσαν
2556 3867 2757 3937 άκονᾷν
2782 3869 2922 3921 κατὰ
2945 3870 3046 3938 τῆς
3071 3871 3272 3940 ἐτέρων
3295 3873 3632 3941 κατηγορίας
3649 3884 3696 3932 ι,
3717 3872 3842 3925 ἀλλα

2283 3950 2445 4018 μόνον
2481 3951 2673 4022 πράως
2697 3951 2790 4003 καὶ
2809 3953 3034 4022 ἡμέρως
3057 3954 3284 4017 ἑαυτοὺς
3302 3954 3630 4018 ἀνευθύνους
3652 3955 3843 4008 δεικνύ-

2279 4049 2390 4093 ναι,
2426 4033 2520 4084 καὶ
2547 4034 2833 4102 μιμεῖσθαι
2864 4035 2954 4087 τὸν
2985 4034 3288 4104 θαυμάσιον
3309 4036 3519 4099 τοῦτον,
3543 4039 3626 4090 ὅτι
3655 4038 3769 4089 οὐδὲ
3791 4040 3842 4090 ἐν

2282 4117 2534 4186 συμφορᾷ
2564 4115 2640 4168 ὢν
2675 4117 3001 4184 κατεδέξατο
3029 4119 3134 4172 κᾶν
3163 4120 3324 4190 μέχρι
3347 4121 3611 4191 ῥημάτων
3635 4122 3838 4191 ἐκπομ-

2291 4197 2494 4252 πεῦσαι
2525 4199 2626 4268 τῆς
2657 4201 2962 4268 Αἰγυπτίας
2994 4201 3093 4270 τὴν
3123 4202 3436 4270 ἀσέλγειαν.
3468 4206 3613 4257 Ἴστε
3642 4204 3749 4276 γάρ
3768 4207 3840 4256 ὅτι

2279 4281 2462 4334 πολλοὶ
2509 4282 2768 4346 πολλάκις
2819 4284 2914 4336 καὶ
2959 4285 3253 4338 ὑπεύθυνοι
3304 4285 3458 4349 ὀντες
3506 4287 3836 4358 ἐγκλήμασι,

2279 4364 2445 4435 πολλῇ
2469 4368 2534 4436 τῇ
2552 4365 2906 4437 ἀναισχυντίᾳ
2927 4368 3262 4438 κεχρημένοι
3279 4370 3347 4422 τὰ
3367 4369 3577 4422 ἑαυτῶν
3600 4371 3706 4440 πλη
3714 4387 3838 4440 μμε-

2278 4444 2498 4517 λήματα
2540 4448 2748 4518 ὲτέροις
2793 4450 3116 4518 περιάπτειν
3156 4451 3559 4522 ἐπιχειροῦσιν·
3595 4447 3746 4514 οὗτος
3789 4452 3836 4502 δὲ

2278 4531 2370 4583 τοῦ
2439 4531 2589 4601 ἡλίου
2648 4533 2942 4601 φανότερος
2986 4535 3012 4573 ι)
3053 4535 3355 4603 τυγχάνων,
3415 4536 3508 4588 καὶ
3557 4536 3836 4605 δυνάμενος

2277 4613 2494 4668 ἅπαντα
2527 4614 2666 4685 μετὰ
2702 4615 2958 4684 ἀληθείας
2993 4618 3188 4681 εἰπεῖν,
3230 4619 3492 4690 κάκείνης
3521 4621 3622 4690 τὴν
3658 4621 3836 4690 μανίαν

2276 4696 2574 4767 κατάδηλον
2610 4698 2854 4765 ποιῆσαι,
2889 4698 2982 4752 καὶ
3015 4700 3205 4752 ἐαυτὸν
3225 4702 3691 4772 περιφανέστερον
3717 4703 3837 4755 ἀπο-

2275 4777 2464 4843 δεῖξαι,
2497 4779 2648 4832 οὐδὲν
2677 4779 2900 4834 ἐκείνων
2938 4783 3018 4845 εἰς
3052 4783 3214 4851 μέσον
3253 4784 3398 4852 ἄγει.
3435 4785 3570 4836 Οὐδέ
3609 4785 3716 4854 γάρ
3748 4785 3836 4852 τὴν

2274 4863 2426 4934 παρά
2455 4864 2563 4916 τῶν
2593 4864 2893 4935 ἀνθρώπων
2919 4867 3151 4938 ἐθηρᾶτο
3178 4867 3355 4933 δόξαν,
3389 4868 3503 4920 ἀλλ’
3531 4871 3751 4939 ἠρκεῖτο
3778 4871 3832 4938 τῇ

2273 4947 2478 5001 ἄνωθεν
2499 4947 2700 5018 εὐνοίᾳ,
2721 4949 2814 5002 καὶ
2829 4949 2920 5001 τὸν
2936 4950 3232 5020 ἀκοίμητον
3249 4954 3456 5004 ἐκεῖνον
3472 4953 3634 5020 μόνον
3650 4951 3834 5020 ὀφθαλο

2277 5029 2376 5099 μὸν
2425 5029 2677 5083 ἐϐούλετο
2728 5032 3022 5100 ἐπαινέτην
3067 5033 3212 5102 ἐχειν
3243 5034 3350 5086 τῶν
3392 5035 3714 5104 γινομένων.
3755 5033 3834 5087 Δ.δ

2273 5114 2364 5165 καὶ
2395 5113 2654 5179 σιγῶντος
2683 5115 2871 5175 αὐτοῦ,
2895 5116 2989 5167 καὶ
3018 5116 3196 5168 πάντα
3217 5116 3482 5187 κρύπτειν
3512 5117 3836 5186 ἐπιχειροῦν-

2270 5212 2381 5259 τος,
2403 5197 2430 5246 ὁ
2460 5194 2837 5266 φιλάνθρωπος
2864 5197 3141 5267 Δεσπότης
3168 5200 3248 5260 εἰς
3269 5198 3538 5268 τοσαύτην
3566 5200 3729 5252 αὐτὸν
3745 5215 3832 5250 πε-

2273 5280 2557 5349 ριφάνειαν
2590 5280 2818 5349 ἤγαγεν,
2853 5280 2942 5332 ὅτε
2967 5280 3144 5344 καλῶς
3176 5277 3282 5334 εἶδε
3311 5282 3400 5334 τὸν
3431 5282 3675 5353 ἀθλητὴν
3703 5284 3835 5342 ἀγω-

2271 5362 2578 5430 νισάμενον.
2609 5363 2760 5425 Τέως
2788 5363 2842 5415 δὲ
2873 5363 3132 5434 μάθωμεν
3154 5366 3249 5418 καὶ
3277 5367 3343 5418 ἐκ
3369 5364 3476 5416 τῶν
3502 5369 3644 5433 μετά
3678 5365 3834 5419 ταῦτα

2270 5445 2572 5514 γινομένων
2597 5445 2695 5516 τὴν
2731 5445 3006 5516 ὑπομονὴν
3040 5446 3136 5498 τοῦ
3164 5447 3376 5517 ἀνδρὸς,
3409 5448 3501 5500 καὶ
3538 5452 3688 5511 ὅπως
3712 5449 3834 5519 πρὸς

2269 5527 2367 5596 τὴν
2403 5527 2657 5598 μέλλησιν
2684 5529 2783 5580 οὐκ
2803 5529 3184 5598 ἐδυσχέρανεν,
3224 5531 3344 5583 οὐδὲ
3364 5531 3830 5602 ἀπεδυσπέτησεν·

2268 5610 2402 5662 ἀλλά
2443 5610 2583 5680 μετά
2605 5610 2804 5678 πολλῆς
2831 5612 2930 5682 τῆς
2962 5613 3272 5682 προθυμίας
3296 5613 3508 5666 ἅπαντα
3532 5615 3716 5684 φέρων
3744 5614 3834 5683 ηὐ-

2267 5695 2512 5763 χαρίστει
2549 5694 2625 5763 τῷ
2669 5694 2840 5746 ταῦτα
2881 5697 3252 5766 συγχωροῦντι
3283 5697 3530 5764 γίνεσθαι
3573 5699 3830 5766 Δεσπότῃ.

2268 5775 2450 5828 Ταῦτα
2481 5775 2719 5838 ἀκούσας
2746 5777 2774 5828 ὀ
2795 5779 3218 5846 άρχισιτοποιὸς,
3260 5780 3356 5831 καὶ
3390 5781 3622 5850 νομίσας
3659 5780 3750 5835 καὶ
3775 5778 3830 5830 τὸ

2316 5886 2341 5954 ῗ
2365 5883 2567 5954 (ἐοίεέἱη-
2594 5890 2902 5954 καεηγερίοιςο

2317 5947 2343 5986 b
2369 5945 2569 5998 Coislin.
2595 5957 2648 6000 el.
2668 5945 2818 6004 Sill'il.
2848 5945 2898 6005 ἱιι
2922 5969 3077 6021 marg.
3099 5959 3434 6025 φανερώτερος.
