4038 6358
300 386 408 439 541

300 499 463 552 etiam
481 495 534 551 in
553 494 824 553 servitute.
840 492 997 547 etiam
1017 490 1066 544 in
1085 503 1315 551 carcere,
1334 490 1492 541 etiam
1506 488 1556 540 in
1573 484 1879 547 afﬂictione,

304 593 466 640 etiam
495 588 550 641 in
584 586 951 655 prosperitate.
977 582 1236 650 Quoniam
1266 581 1421 648 igitur
1447 588 1501 633 et
1539 579 1591 631 in
1617 592 1883 631 carcerem

299 681 573 747 conjectus
602 679 701 731 sibi
728 676 1031 731 conciliavit
1053 672 1357 743 praefectum
1383 670 1631 735 carceris,
1654 678 1708 723 et
1730 682 1889 736 super

300 784 493 824 omnes
517 770 605 839 qui
633 770 700 823 ibi
731 776 883 822 erant
911 775 1219 835 potestatem
1246 764 1311 816 ab
1336 778 1401 816 eo
1426 761 1633 830 accepit
1662 778 1675 813 :
1700 759 1884 813 videa-

300 876 427 915 mus
452 872 505 915 et
534 862 618 914 hic
643 858 909 928 quomodo
936 858 1038 909 vim
1068 856 1250 925 gratia:
1279 853 1377 906 sibi
1406 865 1674 906 concessa:
1716 847 1886 901 mani-

299 951 531 1005 festarit.
562 953 613 1005 i.
642 950 856 1003 Factum
899 958 971 1002 est
1016 948 1178 1010 enim,
1209 945 1410 1013 inquit,
1440 952 1552 1013 post
1597 939 1742 994 verba
1782 939 1887 990 htec

306 1041 464 1113 (Cap.
490 1043 602 1113 40).
628 1040 846 1107 Qualia?
878 1040 1009 1105 Qua:
1038 1038 1268 1092 narravit
1297 1045 1415 1104 post
1452 1034 1647 1086 factam
1687 1030 1889 1084 calum-

301 1135 475 1197 niam,
494 1144 771 1202 postquam
788 1130 1170 1183 condemnatus
1191 1135 1272 1181 est
1298 1125 1363 1178 ad
1389 1138 1655 1178 carcerem
1682 1138 1693 1173 :
1714 1129 1767 1174 et
1784 1134 1886 1172 non

306 1228 414 1280 hoc
448 1225 617 1280 solum
641 1266 656 1289 ,
689 1224 780 1278 sed
812 1233 864 1277 et
893 1232 1167 1291 postquam
1210 1218 1557 1287 significatum
1608 1221 1690 1267 est
1736 1211 1888 1263 nobis

309 1319 594 1373 Dominum
624 1331 743 1369 cum
772 1315 862 1368 illo
888 1313 1073 1377 fuisse,
1103 1321 1155 1366 et
1182 1309 1487 1381 pra:fectum
1510 1304 1741 1361 carceris
1770 1318 1888 1356 om-

305 1411 400 1463 nia
428 1422 548 1478 qute
577 1407 646 1460 ibi
674 1414 825 1460 erant.
852 1405 949 1473 ipsi
977 1403 1325 1464 commisisse,
1350 1408 1409 1452 ut
1437 1412 1529 1466 per
1548 1396 1690 1449 illum
1717 1394 1887 1447 admi-

307 1501 683 1554 nistrarentur.
713 1496 926 1549 Factum
953 1504 1044 1555 est,
1077 1494 1264 1562 inquit,
1291 1500 1399 1561 post
1426 1490 1570 1541 verba
1599 1487 1725 1549 htec,
1749 1494 1891 1553 post-

307 1606 470 1659 quam
486 1589 709 1658 injectus
725 1588 874 1642 estin
895 1601 1183 1647 carcerem,
1203 1600 1317 1637 cum
1336 1588 1614 1651 peccassent
1631 1579 1891 1649 prtefectus

309 1685 667 1753 pincernarum
687 1690 733 1734 et
760 1682 1027 1750 prwfectus
1054 1678 1315 1748 pistorum,
1347 1675 1403 1727 2.
1428 1682 1483 1727 et
1500 1673 1552 1727 ’5.
1578 1670 1892 1724 condemnati

307 1783 428 1826 sunt
454 1790 486 1825 a
523 1789 671 1842 rege,
706 1781 761 1824 ut
801 1773 853 1823 in
896 1786 1146 1823 carcerem
1171 1768 1502 1828 mitterentur,
1525 1765 1577 1818 4.
1607 1779 1728 1832 quos
1759 1775 1890 1828 prte-

310 1870 471 1935 fectus
514 1868 726 1916 carceris
762 1861 983 1931 Josepho
1028 1858 1410 1913 commendavit.
1444 1855 1623 1924 Neque
1666 1853 1809 1907 cnim
1839 1858 1895 1904 ut

318 1957 501 2009 vincto
531 1970 655 2009 usus
681 1965 760 2008 est
790 1954 897 2016 illo,
930 1952 1020 2007 sed
1052 1962 1109 2005 ut
1129 1966 1374 2005 curarum
1407 1948 1682 2016 participe,
1710 1945 1817 1998 imo
1840 1952 1896 1997 ut

312 2060 383 2099 eo
407 2047 496 2115 qui
526 2046 592 2098 ibi
616 2045 949 2099 detentorum
973 2043 1213 2096 miserias
1241 2040 1398 2094 solari
1422 2047 1618 2109 posset.
1649 2037 1715 2089 Et
1738 2036 1895 2088 adsti-

315 2139 378 2189 tit
402 2138 473 2190 eis
495 2178 510 2202 ,
539 2136 727 2204 inquit.
752 2134 887 2201 Quid
913 2144 996 2188 est
1015 2174 1028 2198 ,
1061 2134 1260 2186 Adstitit
1289 2132 1404 2185 eis?
1428 2132 1539 2184 Hoc
1572 2138 1672 2193 est,
1701 2142 1894 2183 consa-

317 2227 455 2280 latus
474 2234 556 2280 cst
574 2267 588 2291 ,
613 2226 885 2280 roboravit
905 2240 1089 2279 eorum
1115 2232 1339 2287 mentes,
1373 2223 1541 2277 erexit
1568 2235 1750 2274 eorum
1778 2218 1893 2271 ani-

316 2333 436 2371 mos
460 2359 473 2383 ,
502 2326 555 2370 et
590 2333 694 2371 non
740 2317 978 2385 permisit
1014 2315 1285 2369 absorberi
1329 2329 1439 2381 prae
1475 2314 1702 2366 tristitia.
1737 2310 1896 2363 Erant

313 2418 486 2461 autem
525 2409 698 2461 diebus
742 2407 912 2461 multis
938 2408 990 2460 in
1018 2422 1214 2459 carcere
1234 2446 1248 2469 ,
1274 2406 1326 2461 5.
1355 2413 1401 2457 et
1429 2404 1656 2456 viderunt
1697 2412 1899 2469 uterque

315 2498 623 2551 insomnium
650 2499 702 2551 in
728 2508 869 2551 nocte
888 2514 1008 2563 una,
1034 2496 1299 2565 prazfcctus
1325 2496 1673 2564 pincernarum
1702 2501 1747 2544 et
1767 2507 1899 2562 prte-

316 2595 478 2658 fectus
525 2591 789 2659 pistorum.
819 2588 925 2643 Sed
956 2588 1138 2642 beatus
1179 2588 1269 2640 ille
1291 2627 1306 2651 ,
1339 2586 1421 2640 cui
1451 2599 1593 2639 cura:
1621 2593 1736 2638 erat
1762 2597 1892 2653 quc-

318 2682 480 2735 modo
510 2682 874 2735 consolaretur
899 2682 1014 2734 illos
1039 2722 1054 2746 ,
1086 2689 1143 2733 ut
1173 2679 1300 2733 vidit
1330 2694 1422 2732 eos
1444 2679 1512 2731 ob
1534 2678 1789 2730 visionem
1820 2675 1900 2728 in-

318 2775 649 2827 somniorum
683 2774 901 2837 turbari,
935 2782 989 2827 ct
1014 2782 1191 2826 mente
1220 2771 1494 2836 confundi,
1522 2770 1649 2823 dicit
1677 2788 1691 2824 :
1719 2770 1770 2822 7.
1799 2766 1899 2821 Cur

319 2866 476 2934 facies
502 2875 677 2918 vestra:
703 2865 851 2919 hodie
888 2874 990 2916 tam
1015 2863 1261 2916 obnubilte
1302 2870 1347 2915 et
1386 2872 1573 2913 maestae
1591 2866 1616 2917 ?
1638 2858 1899 2912 Ostende-

322 2957 447 3011 Ιιειηι
463 2957 603 3010 enim
626 2956 786 3011 facies
803 2970 985 3011 eorum
1005 2956 1145 3008 intus
1160 2956 1407 3008 latentem
1424 2952 1896 3023 perturbationem.

321 3047 613 3115 Pmpterca
650 3056 706 3101 et
745 3047 956 3115 sapiens
984 3046 1196 3115 quidam
1226 3045 1436 3099 dicebat
1463 3065 1478 3096 :
1511 3042 1673 3096 Corde
1704 3042 1901 3094 lwtante

321 3140 469 3207 floret
496 3137 669 3205 facies,
700 3137 754 3190 in
782 3138 983 3190 tristitia
1006 3146 1175 3188 autem
1203 3136 1497 3197 exsistente,
1521 3144 1691 3186 niteret
1720 3130 1897 3202 (Prov.

325 3229 413 3283 i5.
450 3228 559 3298 15).
590 3227 749 3295 Igitur
776 3228 896 3296 quia
922 3227 1052 3281 vidit
1090 3240 1183 3280 eos
1212 3225 1418 3279 tristitia
1448 3224 1664 3277 affectos
1692 3230 1905 3290 propter

326 3318 710 3373 insomniorum
736 3318 993 3371 visionem
1014 3358 1027 3380 ,
1056 3331 1269 3370 causam
1297 3315 1503 3369 discere
1532 3312 1716 3367 volens
1744 3327 1902 3382 roga-

324 3408 563 3463 vit.Vide
589 3408 855 3478 quomodo
879 3418 934 3464 et
954 3409 1007 3462 in
1032 3424 1243 3464 carcere
1266 3409 1527 3462 exsistens
1552 3421 1699 3460 suam
1726 3415 1906 3459 osten-

325 3502 406 3556 dit
453 3501 696 3553 virtutem
723 3541 739 3567 ,
771 3508 825 3554 et
868 3500 1089 3553 aliorum
1131 3514 1389 3553 maerores
1420 3497 1649 3551 allevare
1685 3495 1902 3549 studuit.

328 3592 465 3660 Quid
498 3593 654 3661 igitur
694 3592 808 3646 illi?
835 3593 886 3647 8.
923 3592 1187 3647 Somnium
1225 3591 1469 3655 vidimus,
1501 3599 1545 3643 et
1574 3606 1674 3642 non
1704 3598 1774 3642 est
1819 3589 1905 3659 qui

330 3686 571 3753 conjectet
608 3685 759 3738 illud.
795 3684 1111 3754 Ignorabant
1138 3684 1447 3753 sapientiam
1493 3682 1608 3752 ejus
1652 3697 1775 3736 cum
1802 3696 1908 3750 quo

333 3775 702 3846 loquebantur,
726 3774 816 3829 sed
840 3775 1108 3843 vulgarem
1128 3775 1358 3843 aliquem
1380 3788 1499 3827 esse
1514 3771 1907 3838 existimabant,

331 3875 386 3920 et
414 3876 692 3935 propterea
722 3866 987 3919 somnium
1008 3866 1058 3919 ei
1083 3880 1185 3919 non
1219 3875 1467 3930 narrant,
1501 3864 1591 3917 sed
1622 3872 1820 3917 tantum
1852 3878 1910 3917 se

333 3958 532 4013 vidisse
572 3956 788 4021 dicunt,
817 3967 871 4011 et
912 3956 1150 4011 addunt:
1179 3957 1366 4011 Nullus
1408 3966 1489 4010 est
1517 3957 1605 4025 qui
1649 3956 1913 4024 conjectet

338 4046 489 4099 illud.
517 4044 716 4100 Verum
745 4047 1070 4102 admirabilis
1112 4047 1199 4101 ille
1232 4047 1314 4100 vir
1352 4048 1479 4101 dicit
1521 4048 1598 4100 eis
1626 4065 1639 4101 :
1670 4045 1855 4099 Nonne
1881 4063 1912 4099 a

340 4134 446 4189 Deo
484 4138 822 4207 manifestatio
859 4139 966 4208 ejus
991 4138 1099 4192 est?
1124 4137 1349 4192 Narrate
1373 4140 1526 4210 igitur
1548 4140 1690 4191 mihi.
1718 4139 1855 4193 Num
1884 4154 1911 4191 a

340 4241 426 4279 me
468 4225 585 4294 ipso
629 4228 877 4296 promitto
916 4229 1066 4282 vobis
1106 4228 1302 4298 aliquid
1335 4246 1417 4282 me
1444 4230 1745 4283 dicturum?
1777 4231 1914 4283 Deus

339 4328 420 4371 cst
439 4318 763 4387 quirevelat.
791 4317 1012 4373 Narrate
1031 4320 1182 4389 igitur
1200 4321 1342 4373 mihi.
1370 4320 1497 4375 Vide
1520 4320 1914 4390 intelligentiam

341 4421 393 4485 et
423 4410 732 4463 humilitatis
754 4411 1141 4465 excellentiam.
1172 4411 1284 4464 Non
1313 4411 1484 4476 dixit,
1517 4412 1624 4480 Ego
1650 4412 1799 4465 vobis
1831 4411 1915 4464 tli-

340 4502 537 4571 judico,
566 4517 663 4571 ego
692 4503 841 4556 vobis
864 4504 981 4557 dico
1003 4505 1326 4557 somniorum
1352 4511 1617 4567 eventum;
1644 4502 1735 4555 sed
1757 4502 1918 4572 quid?

348 4592 569 4646 Narrate
608 4595 761 4662 igitur
782 4594 923 4646 mihi.
959 4596 1095 4649 Deus
1124 4596 1265 4648 enim
1293 4604 1373 4648 est
1402 4594 1545 4647 solus
1575 4593 1663 4663 qui
1691 4595 1809 4647 talia
1836 4608 1920 4646 re-

344 4684 505 4737 vclat.
538 4683 591 4738 9.
623 4682 687 4736 Et
728 4686 948 4737 narravit
994 4685 1253 4754 prtefectus
1296 4685 1669 4752 pincernarum.
1716 4684 1801 4736 η.
1852 4682 1919 4735 Ut

346 4784 513 4827 autem
543 4776 731 4828 audivit
748 4775 959 4845 Joseph,
984 4778 1142 4843 inquit
1163 4792 1179 4829 :
1197 4775 1323 4829 Hazc
1339 4786 1410 4829 est
1428 4775 1769 4840 interpretatio
1791 4775 1917 4843 ejus.

349 4869 439 4921 15.
466 4865 585 4920 Tres
615 4868 935 4936 propagines,
968 4878 1066 4920 tres
1091 4877 1207 4921 sunt
1227 4868 1330 4920 dies
1354 4882 1373 4920 :
1392 4866 1558 4919 adhuc
1588 4875 1686 4918 tres
1711 4864 1815 4916 dies
1832 4905 1846 4925 ,
1876 4875 1921 4915 et

346 4955 693 5009 recordubitur
736 4956 939 5009 Pharao
968 4966 1065 5009 tua:
1107 4958 1457 5025 pincernarum
1498 4959 1848 5026 prtefecturte.‘
1881 4964 1923 5006 et

351 5049 467 5100 hinc
492 5050 716 5101 restituet
742 5058 815 5112 te,
846 5058 891 5103 et
920 5050 1061 5102 dabis
1087 5048 1322 5117 poculum
1351 5047 1616 5101 Pharaoni
1642 5047 1695 5099 in
1720 5063 1924 5098 manuni

350 5141 461 5210 ejus
497 5141 650 5210 juxta
677 5141 943 5208 pristinum
987 5140 1200 5209 ofﬁcium
1227 5150 1365 5191 tuum
1382 5180 1397 5204 ,
1420 5147 1474 5191 ut
1499 5139 1691 5191 solebas
1711 5178 1724 5202 ,
1757 5138 1926 5190 uinum

347 5233 639 5301 infundens.
666 5230 862 5286 H.8ed
882 5233 1143 5285 recordare
1167 5231 1264 5283 mei
1282 5246 1368 5299 per
1383 5230 1711 5298 temetipsum,
1728 5228 1927 5296 quando

350 5320 439 5373 tibi
466 5321 588 5373 bene
612 5322 723 5385 erit,
739 5331 784 5374 et
805 5322 956 5389 facies
984 5322 1105 5375 mihi
1126 5320 1536 5385 misericordiam,
1559 5329 1603 5373 et
1623 5335 1812 5372 memor
1833 5319 1930 5371 eris

354 5411 454 5466 mei
481 5413 619 5482 apud
660 5411 1017 5478 Pharaonem,
1043 5423 1089 5467 et
1130 5413 1310 5467 educes
1353 5429 1431 5465 me
1465 5429 1527 5466 ea:
1568 5427 1765 5465 carcere
1792 5412 1884 5464 hoc
1904 5429 1921 5461 :

356 5503 445 5558 15.
475 5504 594 5573 quia
620 5505 797 5575 furtim
835 5507 1076 5559 abductus
1104 5522 1212 5559 sum
1240 5521 1303 5558 ea:
1340 5515 1469 5558 terra
1496 5502 1823 5556 Hebraeorum
1841 5543 1854 5564 ,
1887 5512 1933 5554 et

357 5594 440 5648 hic
479 5595 577 5665 feci
618 5596 747 5649 nihil
770 5636 786 5661 ,
817 5607 863 5649 et
892 5598 1199 5650 immiserunt
1224 5613 1304 5650 nte
1329 5597 1381 5650 in
1409 5596 1540 5648 hunc
1582 5593 1771 5647 lacum.
1801 5594 1934 5659 Quia

359 5685 681 5752 prmdixerat
720 5686 769 5742 ei
801 5686 937 5741 bona
958 5697 1213 5743 eventura
1232 5727 1250 5754 ,
1279 5695 1330 5741 et
1376 5684 1824 5740 reconciliandum
1854 5700 1936 5737 re-

357 5798 517 5855 gem,
561 5786 729 5841 dicit:
759 5784 957 5841 Memor
997 5797 1099 5841 esto
1150 5785 1245 5841 mei
1297 5801 1385 5855 per
1427 5784 1639 5854 teipsum
1664 5820 1682 5849 ,
1725 5782 1933 5850 quando

1337 377 1401 429 IN
1437 375 1588 429 CAP.
1631 374 1742 427 XL.
1784 369 2029 425 GENES.
2071 366 2289 421 IIOMIL.
2339 366 2516 420 LXIII.

3464 368 3568 422 Si!

1995 481 2297 539 felicitatem
2338 491 2477 533 tuam
2504 480 2813 542 oblinueris,
2842 487 3163 534 mentionem
3190 478 3429 535 faciendo
3453 484 3571 552 ejus

1990 572 2078 640 qui
2106 570 2219 624 haec
2247 571 2336 624 tibi
2367 570 2630 639 prmdixit,
2653 580 2706 624 et
2725 570 2886 624 facies
2911 570 3038 623 mihi
3061 572 3495 627 misericordiam.

2060 660 2115 714 2.
2142 660 2407 714 Fortitudo
2446 662 2602 713 animi
2629 660 2840 731 Josephi
2866 673 3076 727 quanta;
3105 676 3292 729 quanta
3316 672 3425 733 ejus
3450 682 3570 735 erga

1993 752 2281 820 proximum
2309 753 2512 805 caritas.
2537 781 2609 790 —
2633 752 2758 805 Ilaec
2787 752 3012 806 audiens
3033 793 3050 819 ,
3083 753 3274 806 dilecte
3297 793 3314 821 ,
3339 772 3406 809 ne
3442 771 3570 808 con-

1991 844 2211 900 demncs
2236 845 2721 914 pusillammitatem
2743 846 2872 915 justi
2899 865 2912 901 :
2935 847 3029 901 sed
3056 847 3154 902 hac
3179 850 3381 902 ratione
3409 852 3570 918 potis-

1988 936 2180 988 simum
2203 936 2536 1004 obstupesce,
2559 937 2699 1007 quod
2730 953 2848 990 eum
2881 946 2985 991 tam
3018 939 3178 991 multa
3206 950 3383 993 eSsent
3405 942 3570 993 moli--

1991 1034 2092 1091 sta,
2127 1035 2229 1078 tam
2258 1024 2466 1079 fortiter
2496 1036 2550 1081 et
2589 1042 2740 1096 sequo
2768 1030 2946 1082 animo
2978 1028 3095 1081 tulit
3125 1029 3267 1082 illam
3302 1030 3567 1084 inhabita-

1996 1120 2215 1173 tionem.
2244 1119 2372 1172 Nam
2403 1120 2525 1174 licet
2554 1137 2796 1190 magnam
2825 1137 2853 1174 a
2884 1123 3105 1177 custode
3145 1126 3374 1178 carceris
3415 1137 3566 1193 pote-

1993 1221 2180 1263 statem
2204 1213 2514 1279 accepisset,
2538 1222 2767 1266 attamen
2789 1214 3169 1281 gravabatnrin
3191 1224 3334 1267 tanto
3358 1216 3571 1284 pzndm-e

1994 1314 2115 1353 cum
2144 1300 2371 1353 sordidis
2392 1311 2444 1355 ct
2472 1303 2723 1370 Squalidis
2750 1302 2972 1372 agendo.
3005 1302 3136 1356 Nam
3162 1304 3279 1357 vide
3308 1306 3422 1373 ejus
3449 1306 3566 1373 phi-

1997 1390 2322 1457 losophicam
2352 1402 2617 1457 mentem,
2647 1396 2913 1461 quomodo
2938 1394 3144 1447 fortiter
3172 1394 3350 1448 tulerit
3368 1399 3568 1462 omnia,

1995 1479 2049 1532 in
2077 1481 2319 1535 omnibus
2356 1499 2599 1553 magnam
2644 1486 2923 1540 declarans
2965 1490 3159 1543 animae
3198 1491 3568 1547 humilitatem.

1995 1570 2060 1623 Et
2084 1574 2238 1639 [acies
2261 1614 2275 1635 ,
2306 1575 2495 1641 inquit,
2528 1578 2580 1629 in
2604 1594 2680 1630 me
2706 1582 3119 1646 misericordiam,
3153 1595 3198 1637 et
3232 1589 3572 1640 recordaberis

1996 1664 2091 1714 mei
2119 1664 2258 1730 apud
2304 1663 2660 1732 Pharaonem,
2690 1679 2737 1721 et
2781 1670 2961 1725 educes
3001 1689 3083 1727 me
3124 1690 3186 1728 ea:
3223 1692 3420 1729 carcere
3453 1678 3567 1732 hoc.

1997 1754 2224 1808 Attende
2248 1798 2263 1821 ,
2295 1757 2517 1811 obsecro
2546 1800 2560 1822 ,
2595 1759 2681 1813 hic
2723 1762 2989 1830 quomodo
3026 1765 3153 1818 nihil
3202 1767 3342 1821 dicat
3385 1780 3569 1823 contra

1998 1845 2274 1897 scelestam
2322 1848 2460 1901 illam
2492 1850 2786 1905 adulteram
2808 1893 2823 1916 ,
2849 1870 3018 1923 neque
3044 1868 3227 1926 arguat
3252 1859 3521 1914 dominum
3553 1902 3570 1923 ,

1999 1950 2170 2004 neque
2200 1948 2376 1990 narret
2402 1938 2620 1993 fratrum
2648 1942 2698 1995 in
2729 1957 2787 1997 se
2818 1944 3274 2011 inhumanitatem,
3304 1950 3395 2003 sed
3422 1955 3574 2005 tectis

1998 2029 2244 2082 omnibus
2264 2071 2279 2095 ,
2308 2031 2431 2084 dicit
2465 2050 2476 2083 :
2511 2034 2807 2089 liceordare
2839 2038 2940 2091 mei
2974 2080 2989 2103 ,
3023 2049 3077 2092 et
3107 2040 3186 2094 fac
3215 2043 3365 2097 educi
3396 2059 3480 2098 me
3507 2061 3571 2100 ex

1998 2137 2212 2177 carcere
2237 2125 2336 2178 hoc
2364 2144 2378 2179 :
2412 2126 2542 2190 Quia
2570 2130 2741 2196 furtim
2771 2131 3014 2184 abductus
3039 2150 3149 2185 sum
3181 2138 3243 2187 de
3283 2145 3413 2188 terra
3464 2137 3572 2190 lle-

2000 2215 2247 2269 brazorum
2269 2259 2285 2283 ,
2314 2227 2362 2271 et
2387 2218 2466 2271 hic
2509 2221 2637 2273 nihil
2664 2223 2793 2291 feci,
2824 2233 2871 2275 et
2894 2225 3203 2279 immiserunt
3230 2244 3306 2279 me
3332 2228 3381 2280 in
3410 2229 3575 2282 lacum

2000 2309 2151 2360 hunc.
2182 2307 2257 2361 Ne
2288 2309 2643 2377 perfunctorie
2672 2313 2770 2366 hoc
2798 2324 3198 2383 praetereamus,
3221 2318 3313 2370 scd
3337 2321 3578 2373 conside-

2000 2413 2178 2451 remns
2217 2415 2374 2468 qnam
2413 2402 2778 2472 pltilOsOphica
2820 2415 2998 2459 mente
3025 2408 3276 2476 praeditus
3302 2409 3492 2474 fuerit,
3525 2422 3578 2465 et

2000 2492 2265 2561 quomodo
2305 2494 2515 2548 inventa
2560 2498 2953 2564 Opportunitate
3000 2501 3285 2568 temporis,
3314 2511 3367 2556 et
3404 2505 3577 2556 sciens

2001 2584 2308 2650 praefectum
2340 2585 2711 2654 pinccrnarnm
2742 2589 2791 2640 in
2819 2588 3024 2643 felicem
3054 2601 3246 2644 statum
3276 2592 3578 2648 restitutum

2004 2687 2159 2739 posse
2212 2689 2371 2727 omne
2423 2678 2688 2745 negotium
2738 2691 2893 2732 suum
2938 2680 3048 2748 regi
3105 2680 3440 2749 signiﬁcare.
3472 2700 3577 2736 non

2002 2762 2305 2833 [Egyptian]
2335 2767 2681 2834 reprehendit
2707 2767 2922 2835 (iterum
2956 2769 3097 2822 enim
3129 2771 3315 2825 cadem
3360 2773 3577 2841 dicam),

2003 2870 2109 2907 non
2127 2856 2399 2910 dominum
2424 2856 2573 2909 affert
2599 2858 2651 2910 in
2677 2858 2930 2922 medium,
2953 2876 3057 2913 non
3088 2862 3295 2925 fratres;
3327 2877 3428 2915 non
3456 2865 3582 2916 dicit

2004 2962 2216 3001 causam
2261 2960 2472 3017 propter
2498 2965 2652 3018 quam
2683 2952 3066 3006 condemnatus
3094 2955 3163 3006 sit
3193 2956 3243 3007 in
3277 2970 3542 3009 carcerem
3564 2995 3579 3018 ,

2006 3051 2176 3106 neque
2217 3040 2392 3093 scelus
2432 3039 2482 3092 in
2512 3056 2570 3094 se
2612 3043 2955 3096 commissum
2994 3058 3211 3098 narrare
3250 3045 3458 3098 studet:
3488 3045 3580 3098 sed

2008 3128 2109 3183 hoc
2135 3146 2296 3183 unum
2336 3142 2514 3196 curat,
2547 3148 2649 3186 non
2677 3142 2732 3187 ut
2756 3134 2876 3187 illos
2900 3135 3218 3189 condemnet
3238 3176 3253 3200 ,
3280 3136 3373 3191 sed
3401 3145 3459 3189 ut
3489 3154 3584 3205 pro

2007 3236 2065 3276 se
2095 3224 2209 3277 solo
2238 3224 2396 3279 dicat.
2428 3226 2492 3279 Et
2520 3226 2742 3279 fratrum
2769 3227 2981 3295 quidem
3009 3243 3220 3282 causam
3261 3229 3538 3283 occultavit
3565 3269 3583 3294 ,

2008 3316 2190 3371 dicens
2217 3336 2229 3371 :
2253 3316 2415 3371 Furta
2435 3319 2675 3372 abductus
2695 3336 2806 3373 sum
2830 3337 2895 3373 ea:
2919 3330 3050 3374 terra
3079 3320 3404 3375 Hebra’orum
3429 3338 3447 3375 :
3468 3339 3587 3391 qua;

2008 3421 2186 3466 autem
2210 3411 2457 3483 Aﬁgyptia
2491 3414 2572 3465 illa
2607 3414 2799 3467 fecerat
2824 3455 2837 3477 ,
2867 3429 2969 3465 non
3008 3413 3207 3483 profert
3235 3414 3285 3466 in
3311 3415 3540 3468 medium
3569 3457 3584 3479 ,

2011 3520 2181 3573 neque
2224 3504 2470 3573 injustam
2516 3505 2717 3558 domini
2762 3506 2841 3558 sui
2894 3521 3013 3574 erga
3048 3521 3104 3559 se
3150 3506 3585 3575 indignationem.

2011 3596 2117 3652 Sed
2157 3598 2279 3666 quid
2320 3598 2479 3651 dicit?
2505 3597 2602 3650 llic
2639 3598 2735 3669 feci
2777 3598 2935 3660 nihil,
2970 3607 3016 3649 et
3059 3598 3371 3650 immiserunt
3413 3613 3491 3649 me
3534 3597 3590 3647 in

2012 3705 2261 3742 carcerem
2308 3689 2458 3742 lianc.
2492 3689 2615 3742 Ha-c
2657 3688 2930 3742 audientes
2979 3687 3277 3750 discamus,
3304 3688 3348 3740 si
3387 3686 3435 3739 in
3467 3688 3593 3741 talia

2013 3780 2353 3836 inciderimus
2377 3822 2392 3845 ,
2423 3789 2481 3834 ut
2506 3794 2788 3834 caveamus
2827 3794 2893 3832 ne
2919 3777 3172 3831 conviciis
3201 3778 3318 3831 illos
3341 3819 3356 3840 ,
3379 3779 3466 3845 qui
3496 3790 3591 3828 11118

2014 3882 2306 3939 vexarunt,
2336 3874 2660 3928 incessamus
2684 3912 2698 3935 ,
2728 3880 2781 3924 et
2823 3871 2887 3923 ad
2916 3869 3307 3924 accusationem
3336 3870 3352 3899 ί
3376 3869 3590 3923 illorum

2017 3966 2249 4036 linguam
2272 3981 2521 4019 acuamus
2551 3982 2561 4015 :
2592 3963 2684 4018 sed
2709 3962 2881 4018 solum
2908 3963 3332 4015 demonstremus
3363 3961 3414 4013 in
3446 3976 3596 4011 man-

2017 4057 2299 4113 suetudine
2340 4065 2394 4110 et
2419 4055 2636 4110 lenitate
2663 4068 2760 4107 nos
2786 4054 3029 4106 innoxios
3067 4066 3187 4105 esse
3209 4090 3223 4112 ,
3248 4059 3301 4103 et
3326 4050 3593 4103 imitemur

2019 4150 2169 4203 illum
2194 4145 2579 4209 admirabilem,
2612 4144 2700 4214 qui
2731 4159 2898 4212 neque
2930 4145 2978 4195 in
3005 4143 3306 4195 calamitate
3332 4142 3593 4194 assistens

2020 4242 2183 4294 voluit
2216 4240 2300 4293 vel
2346 4238 2522 4292 verbis
2566 4237 2903 4305 petulantiam
2934 4244 2987 4289 et
3018 4233 3289 4287 libidinem
3331 4232 3597 4302 AZgyptia:

2020 4334 2310 4405 divulgare.
2359 4332 2516 4387 Scitis
2553 4332 2695 4385 enim
2740 4330 2934 4382 multos
2964 4327 3275 4381 criminibus
3309 4327 3468 4380 etiam
3498 4326 3597 4377 ob-

2023 4430 2243 4493 noxios,
2266 4441 2450 4496 magna
2480 4424 2802 4494 impudentia
2840 4422 2889 4475 in
2917 4422 3051 4475 alios
3080 4436 3173 4489 sua
3202 4420 3393 4473 delicta
3422 4428 3596 4473 trans-

2024 4522 2164 4577 ferre
2187 4521 2365 4573 conari
2398 4535 2412 4573 ε
2440 4518 2523 4570 hic
2547 4525 2724 4569 autem
2753 4515 2866 4568 sole
2894 4513 3089 4566 clarior
3114 4512 3398 4573 exsistens,
3428 4518 3482 4565 et
3506 4510 3599 4579 qui

2025 4622 2226 4682 paterat
2260 4609 2435 4663 omnia
2462 4624 2582 4661 cum
2615 4607 2838 4660 veritate
2863 4605 3060 4667 dicere,
3092 4614 3143 4657 et
3171 4603 3311 4656 illius
3342 4603 3600 4656 insaniam

2025 4703 2358 4759 manifestam
2388 4701 2581 4763 facere,
2612 4710 2665 4753 et
2691 4699 3037 4765 semetipsum
3066 4695 3349 4750 clariorem
3374 4694 3599 4747 deumn-

2026 4807 2196 4851 strare
2219 4837 2234 4859 ,
2264 4795 2390 4849 nihil
2432 4794 2640 4847 illorum
2692 4793 2743 4845 in
2779 4790 3013 4844 medium
3040 4788 3212 4841 affert.
3239 4786 3422 4855 Neque
3459 4786 3602 4839 enim

2030 4890 2312 4943 humanam
2338 4885 2628 4940 venabatur
2652 4883 2893 4951 gloriam,
2922 4881 3015 4935 sed
3045 4878 3337 4932 sufficiebat
3360 4878 3407 4931 ei
3440 4877 3604 4931 bene-

2026 4982 2255 5037 volentia
2284 4995 2530 5048 superna,
2559 4984 2614 5031 et
2635 4975 2848 5028 oculum
2873 4974 3019 5026 illum
3048 4971 3221 5025 solum
3241 4968 3327 5038 qui
3352 4983 3455 5021 non
3482 4967 3608 5020 dor-

2030 5076 2126 5129 mit
2147 5073 2342 5127 habere
2365 5069 2576 5125 volebat
2598 5066 2927 5120 laudatorem
2945 5063 3203 5115 factorum
3223 5073 3458 5111 suorum.
3482 5056 3606 5111 Ideo

2030 5166 2218 5219 silente
2242 5176 2308 5216 eo
2331 5203 2346 5227 ,
2373 5170 2427 5215 et
2451 5160 2628 5213 omnia
2656 5157 2908 5225 obtegere
2936 5153 3204 5212 moliente,
3235 5149 3470 5203 clemens
3503 5148 3608 5199 llo-

2034 5261 2206 5314 minus
2237 5257 2287 5310 in
2316 5264 2512 5309 tantam
2550 5267 2671 5305 eum
2696 5250 2917 5319 gloriam
2950 5244 3208 5314 perduxit,
3241 5240 3452 5310 quando
3480 5240 3609 5294 viJit

2033 5352 2286 5405 athletam
2333 5361 2488 5401 suum
2527 5352 2668 5397 recte
2697 5351 2949 5395 certasse.
2979 5337 3093 5390 .Iatn
3124 5344 3300 5388 autem
3340 5333 3608 5386 discamus

2035 5455 2088 5499 et
2127 5458 2191 5497 ex
2240 5440 2303 5494 iis
2345 5454 2462 5507 quae
2509 5444 2688 5505 postea
2735 5441 3028 5501 sequuntur
3066 5427 3162 5480 viri
3195 5423 3535 5495 patientiam,
3560 5431 3612 5476 et

2036 5533 2302 5607 quomodo
2332 5547 2436 5586 non
2466 5528 2722 5599 gravatim
2757 5526 2854 5580 fert
2878 5523 3187 5577 dilationem
3210 5560 3225 5585 ,
3260 5532 3429 5586 neque
3458 5531 3486 5568 a
3516 5530 3611 5569 sua

2038 5627 2309 5681 alacritate
2351 5618 2706 5684 excidit;sed
2756 5630 2907 5685 teque
2956 5612 3135 5667 animo
3168 5608 3346 5665 omnia
3392 5607 3529 5671 fert,
3559 5613 3613 5658 et

2108 5785 2126 5818 ι
2160 5780 2319 5840 misl.,
2344 5774 2705 5832 detractionem-
