4038 6358
536 417 643 473 ὄὸδ

536 543 778 603 prninpte
812 531 1009 600 gratias
1040 528 1147 598 agit
1168 528 1392 582 Domino
1420 542 1520 581 suo
1544 567 1557 590 ,
1584 526 1673 595 qui
1702 524 1815 578 lucc
1845 525 1957 580 fieri
1992 543 2115 595 pcr-

534 625 791 679 Initlebat.
824 622 913 674 llis
940 620 1151 683 auditis,
1171 620 1415 689 princeps
1442 618 1695 687 pistorum
1729 628 1874 669 ratus
1894 627 1945 670 et
1966 633 2117 671 suum

534 716 631 768 sibi
663 714 921 765 soumium
963 712 1085 763 boui
1127 710 1323 779 aliquid
1369 709 1711 777 praesignarc,
1742 718 1918 761 narrat
1946 710 1993 760 ei
2034 726 2119 761 so-

536 804 665 857 mnii
698 802 975 855 visionem.
1001 801 1151 868 Quod
1180 809 1235 853 ut
1260 799 1425 853 audiit
1449 799 1668 867 Joscph,
1699 809 1915 867 accepta
1958 801 2117 853 etiam

532 912 594 949 ex
624 910 849 962 superna
880 894 1205 948 revelatione
1234 893 1350 961 ejus
1383 892 1841 961 interpretatione,
1877 891 2117 959 praedicit

533 990 603 1042 illi
650 991 917 1041 interitqu
966 989 1365 1054 imminentem,
1395 996 1449 1039 et
1478 985 1606 1038 dicit
1637 1003 1649 1038 :
1679 984 1763 1039 19.
1795 984 1974 1037 Adhuc
2018 993 2116 1035 tres

531 1080 635 1132 dies
660 1120 673 1139 ,
706 1090 751 1131 ct
779 1082 972 1149 auferet
1004 1078 1210 1131 Pharao
1253 1090 1403 1146 caput
1435 1088 1572 1129 tuum
1600 1092 1632 1127 a
1662 1084 1707 1127 te
1730 1117 1742 1141 ,
1774 1085 1818 1127 et
1847 1076 2115 1143 suspendet

531 1183 576 1223 te
616 1174 665 1224 in
696 1173 832 1240 ligno
857 1190 873 1235 ;
902 1184 945 1224 et
974 1174 1232 1225 cnmcdcnt
1258 1173 1479 1224 volucres
1504 1171 1612 1224 εωιὶ
1642 1187 1816 1223 carnes
1844 1180 1955 1222 tuas
1983 1187 2013 1221 a
2046 1180 2111 1223 te.

530 1262 754 1331 Propter
780 1263 880 1315 hoc
906 1263 1050 1330 prius
1070 1262 1331 1325 dicebam,
1356 1262 1545 1329 inquit,
1574 1275 1675 1313 non
1696 1276 1723 1312 a
1741 1260 1946 1328 mcipso
1964 1260 2111 1312 vobis

531 1356 759 1423 praedico
783 1397 796 1420 ,
827 1355 917 1407 sed
949 1370 1295 1423 qmecunique
1332 1354 1468 1407 Deus
1514 1353 1835 1406 revelaverit
1860 1369 1871 1403 :
1900 1361 1956 1404 ut
1999 1353 2111 1405 sive

530 1449 726 1502 bonum
772 1448 1010 1517 aliquid,
1042 1447 1152 1501 sive
1200 1448 1396 1500 malum
1451 1446 1733 1515 praesignet
1785 1444 2109 1499 somniorum

534 1541 702 1605 visio,
734 1556 835 1592 non
865 1539 992 1592 mihi
1025 1538 1356 1591 adscribatis.
1390 1537 1503 1591 Non
1534 1536 1674 1590 enim
1714 1552 1741 1587 a
1781 1550 1866 1588 me
1896 1534 2007 1587 lucc
2035 1535 2112 1585 Io-

530 1646 684 1697 quor,
708 1630 800 1682 sed
828 1630 915 1682 illa
944 1630 1093 1682 vobis
1118 1629 1349 1693 declare,
1374 1641 1718 1698 quaecumque
1739 1641 1964 1695 superna
1992 1640 2111 1694 gra-

531 1726 599 1777 tia
641 1724 767 1776 mihi
796 1722 1165 1777 manifestarit.
1190 1722 1451 1775 Ctulerum
1492 1736 1612 1774 cum
1640 1719 1888 1773 adessent
1927 1719 2106 1771 statuti

527 1814 663 1878 dies,
694 1830 854 1881 opere
885 1814 1095 1882 impleta
1127 1824 1248 1865 sunt
1274 1829 1391 1882 qua:
1412 1812 1607 1879 Jowph
1635 1810 1843 1864 dixerat
1869 1819 1953 1862 :ct
1974 1811 2109 1863 sicut

528 1906 640 1974 ipse
672 1907 1046 1973 interpretatus
1091 1916 1205 1959 erat
1233 1947 1245 1967 ,
1281 1907 1347 1957 ita
1389 1904 1607 1970 conligit
1658 1903 1867 1969 utrique
1891 1942 1904 1964 ,
1936 1911 1987 1954 et
2020 1901 2105 1952 ille

526 1997 739 2066 quidem
787 1997 851 2049 ad
900 1998 1175 2066 pristinam
1228 1997 1383 2049 rediit
1430 1996 1766 2057 felicitatem,
1802 1993 1887 2046 hic
1930 2001 2104 2046 autem

526 2106 736 2157 pmnam
778 2090 891 2144 luit.
940 2090 1030 2143 25.
1078 2089 1243 2142 Porro
1288 2092 1552 2158 prarfectus
1602 2087 1987 2155 pincernarum,
2019 2085 2105 2151 qui

527 2190 726 2232 tantam
766 2180 1185 2233 consolationem
1230 2188 1537 2246 acceperat,
1569 2194 1667 2229 non
1708 2185 1778 2229 est
1816 2176 2107 2229 recordatus

525 2271 717 2337 Joseph
743 2312 757 2331 ,
781 2271 869 2323 sed
899 2272 1077 2322 oblitus
1100 2279 1169 2322 est
1202 2271 1329 2339 ejus.
1360 2268 1483 2320 \‘ide
1508 2269 1696 2320 iterum
1716 2266 1913 2335 justum
1940 2266 1990 2318 in
2018 2282 2108 2333 pa-

527 2362 701 2414 la-stra
733 2362 902 2430 aliqua
933 2369 1223 2413 certantem
1252 2400 1266 2425 ,
1296 2368 1349 2411 et
1378 2374 1485 2411 sua:
1530 2360 1737 2411 virtutis
1766 2356 2107 2411 exhibentem

525 2453 837 2521 spccimina,
869 2470 973 2505 non
1008 2452 1322 2520 perturbari,
1356 2464 1525 2519 neque
1565 2449 1908 2513 commoveri,
1936 2462 2108 2516 neque

525 2560 664 2612 aegre
687 2544 843 2596 ferre.
871 2543 1002 2596 Nam
1029 2544 1073 2595 si
1100 2544 1216 2611 quis
1243 2557 1307 2594 ex
1340 2540 1645 2609 vulgaribus
1673 2539 1878 2603 fuisset,
1900 2543 1970 2591 ita
1998 2536 2106 2591 fur-

527 2638 684 2689 tassis
710 2636 846 2689 intra
875 2652 932 2689 se
957 2636 1207 2689 dixisset:
1233 2634 1369 2700 Quid
1406 2633 1507 2687 hoc
1535 2634 1653 2687 rei?
1683 2636 1960 2701 prterectus
1986 2631 2103 2700 piti-

525 2743 805 2781 ccrnarum
828 2769 843 2793 ,
876 2743 995 2780 mox
1032 2736 1088 2778 ut
1125 2727 1497 2794 interpretatus
1534 2739 1651 2777 sum
1693 2726 1739 2777 ei
1778 2724 2105 2777 somniorum

525 2818 781 2870 visionem
803 2858 815 2877 ,
849 2817 1126 2885 pristinam
1172 2816 1477 2869 felicitatem
1527 2816 1731 2882 accepit
1762 2832 1773 2867 :
1804 2822 1857 2867 et
1889 2830 1993 2867 non
2024 2824 2105 2867 est

524 2924 730 2961 memor
759 2907 872 2975 ejus
902 2908 987 2975 qui
1016 2908 1113 2958 sibi
1147 2906 1407 2974 prtedixit.
1441 2905 1531 2957 Ille
1560 2905 1773 2973 quidem
1801 2905 1953 2957 solita
1990 2905 2105 2957 l'eli-

523 2999 682 3051 citate
727 2996 954 3058 fruitur.
996 3012 1093 3064 ego
1125 3007 1299 3049 autem
1326 3035 1342 3061 ,
1382 2995 1469 3064 qui
1517 2996 1642 3048 nihil
1688 2994 1809 3048 mali
1858 3002 2107 3063 operatus

523 3104 660 3148 sum,
696 3087 780 3143 hic
800 3088 1089 3141 concludor
1112 3102 1231 3141 cum
1256 3087 1556 3148 homicidis,
1585 3102 1703 3138 cum
1730 3084 1949 3150 furibus,
1982 3101 2103 3139 cum

525 3179 838 3240 latronibus,
868 3194 986 3231 cum
1019 3178 1080 3229 iis
1110 3176 1197 3245 qni
1228 3179 1499 3229 innumera
1538 3177 1673 3229 mala
1697 3177 2101 3229 commiserunt.

523 3268 659 3323 Nihil
685 3269 872 3321 horum
896 3270 974 3321 vel
1001 3268 1153 3330 dixit,
1184 3268 1262 3320 vel
1290 3266 1541 3334 cogitavit
1564 3283 1575 3316 :
1596 3264 1796 3317 sciebat
1820 3265 1961 3317 enim
1987 3280 2107 3317 am-

526 3361 690 3429 pliora
714 3360 813 3414 sibi
840 3362 1005 3411 stadia
1040 3358 1231 3426 parari,
1265 3367 1320 3410 ut
1351 3358 1581 3426 legitime
1603 3356 1857 3410 certando
1887 3358 2101 3410 clariori

524 3451 862 3504 redimiretur
890 3466 1103 3503 corona.

594 3544 647 3596 5.
688 3542 977 3595 Considera
1005 3543 1145 3596 enim
1174 3540 1439 3610 quomodo
1469 3549 1588 3609 post
1624 3538 2008 3591 restitutionem
2039 3538 2102 3589 il-

520 3634 625 3687 iins
648 3634 752 3687 duo
778 3636 899 3686 anni
930 3634 1298 3701 praeterierint.
1323 3631 1611 3701 Oportebat
1639 3630 1782 3683 enim
1804 3630 2101 3698 exspectari

521 3737 730 3794 tempus
754 3736 1131 3794 Opportunum,
1169 3734 1223 3777 ut
1254 3724 1440 3792 majori
1466 3738 1590 3776 cum
1620 3722 1788 3792 gloria
1816 3722 1939 3777 inde
1967 3720 2102 3775 edu-

514 3827 748 3871 ceretur.
776 3817 829 3871 Si
861 3819 1003 3870 enim
1034 3815 1322 3885 praal‘ectus
1350 3815 1718 3883 pincernarum
1747 3822 1871 3867 ante
1896 3813 2101 3866 somnia

519 3911 809 3964 Pharaonis
837 3910 1144 3964 recordatus
1170 3952 1182 3973 ,
1216 3924 1337 3962 eum
1364 3908 1600 3961 subsidio
1638 3922 1735 3962 suo
1784 3908 2099 3971 liberasset,

519 4001 757 4056 fortassis
787 4016 893 4055 non
935 4011 1043 4054 tam
1087 4002 1360 4069 perspicua
1403 4000 1589 4053 fuisset
1614 3999 1733 4053 aliis
1760 3998 1877 4067 ejus
1909 3999 2096 4051 virtus.

517 4092 669 4145 Nunc
697 4103 873 4145 autem
901 4092 1072 4145 solcrs
1097 4103 1149 4144 et
1171 4091 1381 4158 sapiens
1411 4091 1547 4143 Deus
1573 4089 1769 4155 sciens,
1802 4091 1937 4143 sicut
1965 4091 2101 4158 opti-

518 4202 634 4238 mus
658 4185 842 4238 artifex
870 4226 883 4245 ,
910 4194 1107 4254 quanto
1149 4193 1389 4251 tempore
1437 4184 1487 4235 in
1532 4183 1653 4252 igne
1693 4181 1883 4237 debeat
1908 4197 2096 4235 aurum

516 4277 721 4340 teneri,
754 4287 806 4330 et
834 4277 1024 4330 iterum
1068 4277 1188 4329 inde
1215 4275 1435 4340 reduci,
1469 4274 1727 4344 permittit
1771 4274 1837 4327 ad
1891 4284 2099 4343 tempus

516 4371 742 4423 duorum
766 4384 1023 4421 annorum
1051 4368 1360 4437 pra-fectum
1390 4368 1762 4436 pincernarutn
1794 4367 1935 4420 illius
1963 4367 2099 4420 obli-

516 4460 644 4514 visci
671 4501 684 4522 ,
718 4471 773 4512 ttt
798 4468 851 4512 et
875 4470 1079 4528 tempus
1107 4460 1439 4513 somniorum
1471 4458 1764 4512 Pharaonis
1788 4460 1966 4513 veniat
1993 4500 2008 4525 ,
2041 4468 2096 4513 et

513 4553 868 4622 compellente
894 4551 1207 4605 necessitate
1230 4554 1361 4619 ipsa,
1390 4550 1565 4620 justus
1593 4551 1679 4605 ille
1708 4552 1758 4604 in
1793 4559 1903 4604 toto
1932 4566 2097 4620 regno

514 4645 809 4699 Pharaonis
856 4656 1012 4698 notus
1044 4645 1151 4697 fiat.
1186 4647 1234 4697 1.
1268 4642 1407 4697 Nam
1438 4652 1548 4713 post
1585 4646 1710 4697 duos
1746 4660 1905 4697 annos
1934 4645 2054 4697 vidit
2078 4686 2094 4711 ,

515 4737 687 4805 inquit
706 4777 722 4801 ,
750 4736 944 4789 somnia
974 4733 1199 4788 Pharao.
1229 4733 1281 4789 8.
1317 4734 1379 4787 Et
1408 4740 1597 4805 factum
1625 4745 1696 4787 est
1719 4751 1883 4800 mane,
1908 4744 1952 4787 et
1983 4745 2095 4787 tur-

511 4826 627 4879 bata
650 4837 721 4879 est
748 4827 917 4878 anima
946 4826 1072 4897 ejus.
1106 4824 1173 4879 Et
1200 4827 1351 4889 misit,
1376 4837 1420 4877 et
1443 4828 1631 4879 vocavit
1654 4842 1823 4879 omnes
1846 4827 2099 4895 conjecto-

514 4935 592 4971 res
642 4916 859 4986 Egypti
885 4958 897 4977 ,
929 4924 973 4969 et
1010 4933 1180 4969 omnes
1217 4916 1461 4985 sapientes
1495 4933 1634 4982 suos,
1673 4926 1720 4970 et
1773 4919 1993 4970 narravit
2026 4919 2097 4971 eis

517 5007 721 5060 Pharao
742 5008 1012 5071 somnium,
1032 5015 1074 5059 et
1100 5024 1197 5059 non
1220 5017 1323 5059 erat
1344 5008 1651 5060 annuntians
1676 5008 1803 5060 illud
1838 5006 2097 5061 Pharaoni

514 5098 713 5168 (Caput
743 5096 869 5169 41).
905 5098 1034 5151 Vide
1080 5099 1423 5165 multiplicem
1478 5098 1571 5151 Dei
1624 5098 2091 5167 dispensationem.

514 5192 666 5247 Prius
712 5192 968 5260 permittit
1011 5206 1197 5243 omnes
1228 5192 1315 5257 qui
1348 5190 1416 5243 ibi
1464 5190 1793 5244 habebantur
1830 5191 2094 5258 sapientes

514 5286 739 5348 tentari,
779 5295 835 5336 ut
873 5284 1234 5336 demonstrata
1284 5297 1467 5336 eorum
1518 5282 1811 5351 ignorantia
1836 5323 1849 5345 ,
1881 5282 2092 5335 tandem

513 5375 599 5427 hic
626 5376 867 5439 vinctus,
895 5375 1168 5442 captivus,
1204 5388 1390 5427 servus
1412 5414 1429 5439 ,
1462 5374 1717 5427 Hebraeus
1757 5374 1811 5427 in
1857 5373 2091 5428 medium

512 5465 771 5519 adductus
792 5476 914 5518 nota
940 5464 1138 5518 faceret
1161 5479 1222 5517 ea
1241 5479 1357 5533 quae
1383 5464 1564 5517 multis
1591 5464 1764 5530 ignota
1790 5472 1958 5527 erant,
1985 5479 2093 5532 quo

514 5556 762 5609 omnibus
791 5554 1219 5609 manifestaretur
1246 5570 1473 5623 superna
1513 5564 1680 5625 gratia
1722 5555 1773 5609 iu
1811 5554 1905 5609 illo
1932 5556 2095 5609 reful-

515 5659 665 5710 gens.
688 5645 819 5699 Cum
844 5646 1001 5714 igitur
1026 5660 1211 5700 omnes
1239 5647 1506 5714 sapientes
1535 5654 1825 5708 venissent,
1843 5654 1897 5699 et
1922 5661 2093 5715 neque

516 5735 692 5789 dicere
718 5736 911 5804 aliquid
942 5777 956 5802 ,
990 5752 1161 5805 neque
1188 5752 1247 5790 os
1276 5738 1483 5805 aperire
1522 5746 1739 5806 possent
1764 5756 1775 5788 :
1801 5747 1924 5789 tunc
1952 5738 2093 5804 prino

519 5840 646 5892 ceps
674 5828 1041 5893 pinccrnaruni
1073 5829 1379 5883 recordatus
1415 5822 1680 5885 recensuit
1712 5829 1973 5884 Pharaoni
2022 5843 2085 5884 ea

1282 411 1338 465 S.
1370 409 1648 464 JOANNIS
1686 409 2162 467 CIIRYSOSTOMI
2202 414 2515 470 ARCIIIHP.
2556 417 3087 478 CONSTANTINOP.

3696 423 3809 480 ὕψι

2226 545 2343 599 qua:
2374 530 2474 585 sibi
2511 533 2563 586 in
2590 548 2804 589 carcere
2827 540 3197 607 contigerant,
3231 546 3285 591 et
3310 538 3475 608 inquit
3500 538 3583 593 :9.
3624 534 3811 594 Porca-

2227 633 2331 674 tum
2361 639 2523 676 meum
2550 626 2841 681 reminiscor
2868 630 3034 682 hodie.
3068 628 3135 684 Et
3161 641 3343 685 narrat
3367 634 3547 687 statim
3580 649 3811 702 quomo-

2222 711 2293 765 do
2323 712 2372 765 in
2400 729 2671 769 carcerem
2701 716 2971 787 conjectus
2997 722 3067 773 sit
3102 722 3214 789 ipse
3240 730 3295 776 et
3323 723 3607 792 pra-femus
3638 726 3811 793 pisto-

2221 821 2357 868 rum,
2385 817 2437 861 et
2463 808 2690 862 viderint
2715 813 2941 876 somnia,
2968 822 3021 866 et
3050 815 3539 882 interpretationem
3565 831 3754 870 eorum
3783 835 3812 869 τι

2220 894 2415 966 Joseph
2445 902 2777 969 acceperint,
2803 911 2855 955 et
2880 905 3145 970 quomodo
3170 906 3461 959 secundum
3489 905 3630 960 illius
3670 922 3808 975 pra:-

2220 988 2506 1043 dictionem
2538 990 2665 1057 ipsis
2692 994 2968 1046 evenerint
2993 997 3190 1048 omnia.
3216 997 3302 1049 14.
3336 995 3461 1049 "ac
3479 1013 3593 1049 cum
3622 999 3809 1051 audis-

2218 1089 2288 1131 set
2318 1097 2406 1132 rea:
2428 1121 2442 1141 ,
2466 1082 2599 1133 misit
2624 1082 2691 1133 ad
2720 1081 2933 1151 Joseph,
2967 1094 3014 1137 et
3039 1086 3211 1139 eduxit
3250 1104 3361 1139 eum
3398 1104 3461 1141 ea:
3489 1104 3693 1141 carcere
3716 1130 3735 1155 ,
3767 1099 3813 1141 et

2218 1172 2537 1224 tetenderunt
2574 1190 2721 1238 eum,
2745 1185 2789 1227 et
2829 1186 3141 1228 mutaverunt
3190 1179 3534 1231 vestimentum
3580 1180 3689 1250 ejus
3717 1194 3813 1245 ,νει

2218 1263 2419 1314 intravit
2467 1263 2537 1315 ad
2568 1261 2909 1317 Pharaonem.
2933 1264 3067 1320 Vide
3104 1269 3279 1319 statim
3307 1268 3372 1320 ab
3399 1268 3551 1321 initio
3577 1279 3814 1337 quantus

2217 1368 2357 1407 nunc
2387 1354 2577 1408 honor.
2603 1356 2886 1425 Postquam
2913 1358 3051 1411 enim
3086 1370 3339 1426 purgatus
3372 1369 3456 1412 est
3483 1375 3577 1428 per
3598 1364 3812 1428 patien-

2215 1447 2363 1511 tiam,
2380 1448 2517 1500 sicut
2536 1464 2722 1501 aurum
2745 1450 2965 1501 rutilans
2979 1450 3104 1502 exiit
3124 1451 3188 1503 de
3208 1460 3497 1513 carcere,et
3519 1450 3710 1503 ductus
3726 1463 3813 1504 est

2219 1537 2284 1589 ad
2314 1537 2665 1592 Pharaonem.
2702 1538 2891 1593 Vidisti
2927 1548 3182 1609 quantum
3208 1542 3276 1593 sit
3303 1555 3332 1593 a
3362 1556 3594 1609 superna
3633 1541 3808 1611 gratia

2214 1629 2487 1698 adjuvari?
2510 1630 2639 1685 Vide
2658 1647 2795 1684 nunc
2812 1642 3005 1699 quanta
3020 1631 3317 1700 dispensata
3340 1633 3464 1695 sint,
3487 1641 3543 1685 ut
3560 1648 3646 1686 res
3660 1632 3809 1687 Jose-

2215 1721 2301 1787 phi
2320 1724 2731 1790 complerentur.
2753 1724 2881 1777 Nam
2903 1733 3175 1793 postquam
3197 1739 3459 1778 summum
3478 1725 3608 1779 illud
3632 1738 3807 1779 certa~

2214 1826 2335 1865 men
2354 1823 2688 1881 certaSSct,et
2701 1815 2940 1868 scelesta:
2953 1814 3357 1883 illiusEgyptia:
3372 1814 3587 1883 pedicas
3599 1814 3808 1885 effugis-

2212 1915 2311 1967 set,
2330 1914 2382 1958 ct
2400 1905 2449 1957 in
2467 1920 2735 1959 carcerem
2749 1906 3504 1975 conjectusesset,permisitut
3519 1906 3806 1975 prmfectus

2213 1994 2584 2061 pineernarum
2612 2006 2666 2049 et
2688 1996 2964 2065 prtefectus
2982 1997 3237 2064 pistorum
3250 1996 3541 2049 Pharaonis
3563 1997 3803 2065 periihnl

2214 2094 2419 2154 tempus
2446 2086 2497 2139 in
2534 2102 2801 2141 carcerem
2839 2088 2985 2140 illum
3012 2086 3354 2156 injicerentur
3376 2127 3391 2149 ,
3419 2096 3473 2141 et
3504 2104 3600 2156 per
3637 2089 3803 2140 inter-

2210 2179 2561 2246 pretationem
2596 2180 2923 2233 somniorum
2952 2180 3219 2233 discerent
3247 2180 3344 2233 viri
3367 2180 3709 2248 sapitnitiam.
3742 2188 3800 2232 ut

2210 2285 2392 2322 eorum
2411 2271 2544 2325 alter
2568 2285 2705 2324 nunc
2732 2271 3043 2339 tempestive
3065 2270 3202 2324 illius
3226 2271 3547 2324 mentionem
3574 2271 3796 2335 faciens,

2210 2375 2331 2413 eum
2368 2363 2417 2413 in
2461 2362 2691 2414 medium
2732 2360 3011 2430 proferret.
3047 2363 3132 2416 15.
3167 2360 3307 2414 Dixit
3347 2372 3515 2413 autem
3540 2404 3553 2425 ,
3587 2362 3796 2428 inquit.

2210 2449 2417 2503 Pharao
2445 2451 2513 2502 ad
2535 2450 2728 2521 Joseph
2751 2471 2768 2505 :
2792 2453 3059 2507 Somnium
3080 2452 3199 2514 vidi,
3222 2464 3267 2505 et
3296 2469 3396 2504 non
3423 2462 3493 2505 est
3523 2453 3609 2522 qui
3642 2453 3803 2503 inter-

2212 2551 2432 2601 pretetur
2478 2541 2608 2594 illud
2631 2558 2649 2594 :
2684 2559 2772 2612 ego
2809 2554 2974 2596 autem
3011 2544 3181 2595 audivi
3220 2543 3283 2594 de
3327 2554 3372 2595 te
3407 2544 3626 2595 dicentes
3662 2542 3795 2610 quod

2208 2646 2322 2684 cum
2349 2631 2569 2685 audieris
2597 2635 2809 2697 somnia,
2843 2635 2957 2701 ipsa
2981 2635 3337 2703 interpreteris.
3374 2634 3505 2687 Vide
3526 2633 3794 2703 quomodo

2210 2720 2460 2775 confusus
2493 2723 2698 2777 Pharao
2728 2738 2831 2777 non
2863 2725 2990 2779 dicit
3015 2727 3314 2788 manifeste,
3340 2726 3541 2779 nullum
3569 2740 3788 2777 suorum

2210 2814 2527 2880 sapientium
2569 2816 2807 2884 potuisse
2860 2817 3151 2886 dijudicare
3192 2818 3394 2871 somnia
3430 2834 3443 2869 :
3476 2818 3569 2870 sed
3617 2818 3793 2885 quid?

2211 2902 2475 2956 Somnium
2504 2905 2625 2971 vidi,
2646 2916 2691 2959 et
2717 2923 2816 2959 non
2843 2917 2914 2960 est
2950 2909 3034 2974 qui
3058 2909 3409 2977 interpretetur
3435 2908 3586 2961 illud.
3614 2906 3793 2960 Audivi

2209 3006 2375 3047 autem
2402 2995 2463 3048 de
2485 3007 2532 3049 te
2561 2999 2777 3052 dicentes
2801 3040 2817 3065 ,
2842 3000 2975 3069 quod
3000 3001 3040 3053 si
3068 3001 3287 3054 audieris
3308 3001 3501 3053 somnia
3525 3043 3538 3064 ,
3572 3002 3686 3069 ipsa
3712 3001 3790 3052 in-

2211 3089 2513 3156 terpreteris.
2535 3088 2823 3145 Considera
2850 3132 2863 3154 ,
2896 3092 3141 3157 obsecro,
3173 3091 3260 3145 hic
3291 3106 3534 3160 magnam
3563 3091 3793 3160 pruden-

2211 3177 2337 3233 tiam
2359 3189 2413 3232 et
2444 3180 2694 3249 pietatem
2723 3180 2939 3249 Joseph,
2966 3182 3233 3251 quomodo
3260 3182 3522 3236 Pharaoni
3565 3198 3789 3251 respon-

2207 3272 2348 3325 deat.
2379 3271 2457 3325 Nc
2500 3273 2818 3340 suspiceris,
2854 3272 3059 3341 inquit,
3091 3290 3176 3328 me
3202 3274 3399 3342 aliquid
3426 3290 3455 3327 τι
3494 3290 3581 3327 me
3624 3276 3787 3327 dictu-

2208 3378 2325 3415 rum
2350 3404 2364 3427 ,
2394 3364 2475 3416 vel
2501 3362 2795 3417 secundum
2824 3363 3103 3416 humanam
3134 3366 3445 3433 sapientiam
3478 3364 3791 3432 dijudicatu-

2206 3470 2345 3509 rum.
2372 3453 2967 3527 Nequeenimpossibile
2980 3452 3434 3519 estsinesuperna
3467 3457 3790 3511 revelatione

2208 3548 2387 3599 talimn
2420 3547 2663 3600 notitiam
2705 3546 2918 3599 habere.
2963 3546 3110 3600 Scias
3149 3547 3308 3613 igitur
3338 3588 3347 3609 ,
3374 3547 3489 3600 sine
3535 3546 3643 3600 Deo
3686 3563 3787 3601 nou

2207 3651 2363 3705 posse
2386 3652 2470 3689 me
2497 3636 2819 3705 respondere
2851 3636 2965 3689 tibi.
2992 3636 3079 3690 16.
3112 3637 3237 3690 Sine
3263 3636 3369 3690 Deo
3394 3681 3407 3701 ,
3442 3639 3613 3707 inquit
3638 3681 3652 3703 ,
3690 3657 3788 3693 non

2205 3727 2585 3795 respondebitur
2624 3726 2845 3780 salutare
2874 3726 3157 3780 Pharaoni.
3187 3729 3463 3797 Cognosce
3509 3730 3788 3784 universo.

2205 3832 2324 3871 rum
2362 3818 2641 3870 Dominum
2666 3832 2783 3871 esse
2817 3818 2904 3887 qui
2935 3818 3137 3871 revelat
3163 3860 3176 3881 ,
3208 3827 3263 3871 et
3292 3834 3357 3871 ne
3386 3819 3453 3872 ab
3483 3819 3786 3873 hominibus

2204 3925 2403 3978 qua-re,
2432 3924 2549 3977 qua:
2572 3910 2734 3962 solius
2767 3910 2858 3963 Dei
2887 3919 2967 3963 est
2991 3910 3355 3963 manifestare.

2274 4001 2456 4054 Divina
2486 4003 2707 4071 potentia
2745 4018 2831 4071 per
2868 4000 3148 4071 Josephum
3191 4003 3529 4070 manifestata.
3549 4033 3621 4042 —
3652 4002 3781 4056 Vide

2203 4092 2471 4162 quomodo
2508 4108 2763 4162 responso
2790 4109 2885 4147 suo
2910 4095 3064 4148 docet
3095 4094 3445 4161 Pharaonem,
3495 4111 3655 4165 quam
3685 4097 3783 4148 sint

2206 4185 2399 4239 intlrmi
2429 4196 2483 4239 et
2524 4186 2737 4241 inutiles
2768 4187 3031 4255 sapientes
3061 4188 3196 4257 ejus,
3245 4200 3297 4242 et
3339 4199 3535 4259 quanta
3580 4191 3648 4241 sit
3691 4206 3781 4255 po-

2205 4279 2365 4332 tentia
2400 4278 2507 4332 Dei.
2538 4277 2697 4347 lgitur
2721 4279 2971 4349 quoniam
2998 4278 3289 4348 cognovisti
3316 4294 3378 4333 ex
3403 4294 3508 4344 me,
3535 4294 3706 4347 neque
3720 4293 3781 4331 ex

2204 4369 2428 4423 htunana
2458 4369 2734 4436 sapientia,
2788 4386 2959 4438 neque
2995 4385 3060 4422 ex
3091 4370 3320 4439 propriis
3352 4369 3644 4422 rationibus
3675 4367 3781 4420 lucc

2201 4474 2287 4513 me
2309 4459 2469 4528 loqui,
2497 4459 2582 4512 die
2602 4476 2718 4528 quin
2740 4476 2770 4514 a
2795 4460 2903 4515 Deo
2926 4460 3015 4513 tibi
3048 4471 3169 4513 sunt
3196 4459 3549 4513 manifestata.
3580 4459 3782 4512 Pharao

2203 4549 2289 4603 ubi
2318 4549 2429 4603 hare
2464 4549 2646 4615 audiit,
2690 4558 2871 4605 narrat
2898 4551 3123 4615 somnia,
3150 4560 3203 4603 et
3230 4552 3457 4619 primum
3502 4560 3557 4603 et
3598 4564 3780 4603 secun-

2202 4639 2349 4705 dum,
2373 4650 2426 4693 et
2449 4642 2615 4709 inquit
2638 4659 2650 4693 :
2676 4641 2764 4695 ‘24.
2794 4640 2917 4695 Dixi
2948 4642 3330 4710 conjectoribus,
3363 4654 3408 4695 et
3437 4658 3539 4695 non
3568 4652 3673 4695 erat
3701 4643 3779 4710 qui

2202 4730 2524 4782 annuntiaret
2548 4731 2689 4783 mihi.
2714 4731 2827 4784 Non
2858 4731 3070 4796 audisti,
3106 4732 3290 4801 inquit,
3324 4748 3353 4785 a
3384 4748 3491 4799 me,
3526 4749 3632 4786 non
3664 4748 3779 4788 eSse

2202 4818 2446 4873 humana:
2474 4821 2743 4889 sapientia:
2767 4822 2886 4874 talia
2906 4822 3242 4892 significare?
3262 4823 3338 4877 Ne
3360 4824 3518 4893 igitur
3540 4824 3647 4879 iliis
3668 4838 3779 4878 Suc-

2200 4926 2451 4964 censcas:
2484 4925 2770 4980 numquam
2814 4913 2959 4965 enim
3003 4922 3251 4981 poterunt
3280 4914 3401 4967 talia
3433 4914 3778 4983 comprehen-

2201 5002 2346 5067 dere,
2378 5018 2494 5071 qure
2524 5019 2751 5072 superna
2782 5014 2938 5074 egent
2965 5006 3304 5061 revelatione.
3333 5007 3422 5060 25.
3448 5007 3512 5059 Et
3541 5007 3670 5060 dixit
3692 5006 3785 5060 Ja-

2200 5095 2342 5162 seph,
2377 5095 2577 5163 inquit:
2614 5096 2881 5149 Somnium
2931 5095 3219 5151 Pharaonis
3261 5115 3416 5151 unum
3447 5108 3536 5152 est.
3579 5100 3668 5154 '52.
3718 5100 3778 5154 (ἐι

2200 5197 2365 5237 autem
2392 5186 2565 5237 credas
2596 5187 2727 5254 quod
2766 5203 2934 5239 verum
2972 5190 3084 5252 erit,
3130 5189 3264 5258 quod
3286 5207 3319 5241 a
3349 5188 3456 5243 Deo
3495 5190 3583 5243 tibi
3611 5192 3781 5259 prasi-

2199 5285 2407 5344 gnatum
2436 5286 2527 5337 est,
2556 5286 2601 5328 et
2626 5277 2760 5345 quod
2782 5278 3074 5331 accelerabit
3102 5277 3240 5332 Deus
3268 5280 3405 5332 istud
3432 5280 3618 5349 facere,
3644 5299 3778 5351 repe-

2200 5368 2343 5418 titum
2371 5376 2441 5419 est
2466 5368 2702 5420 secundo.
2732 5368 2996 5436 Repetitio
3018 5374 3180 5434 enim,
3215 5371 3402 5440 inquit,
3445 5373 3777 5425 conﬁrmatio

2200 5468 2282 5513 est
2308 5461 2561 5524 visorum,
2595 5471 2649 5515 et
2677 5462 2943 5530 copiosior
2974 5463 3213 5531 probatio
3252 5464 3392 5533 quod
3420 5467 3640 5518 omnino
3672 5468 3775 5519 inec

2200 5551 2371 5605 futura
2404 5553 2528 5610 sint.
2558 5553 2622 5605 Et
2660 5566 2935 5623 postquam
2973 5555 3213 5608 distinxit
3260 5571 3539 5609 numerum
3578 5568 3774 5626 Septem

2199 5643 2358 5696 boum
2380 5653 2433 5697 ct
2462 5652 2663 5712 septem
2696 5645 2983 5713 spicarum,
3014 5660 3076 5699 ac
3114 5645 3247 5699 dixit
3274 5660 3519 5715 magnam
3552 5646 3772 5699 futuram

2199 5734 2593 5801 abundantiam,
2627 5746 2679 5790 et
2710 5747 2887 5804 postea
2914 5752 3131 5805 gravem
3160 5750 3502 5809 sequuturam
3545 5756 3665 5793 esse
3707 5741 3773 5790 ia-

2201 5840 2360 5889 mem,
2381 5826 2571 5881 deinde
2597 5830 2851 5895 optimum
2878 5829 3157 5884 consilium
3186 5828 3357 5896 affert,
3381 5840 3433 5883 et
3456 5830 3615 5888 dicit:
3637 5832 3767 5885 Con-
