4038 6358
254 370 362 427 ΐίιῑὸ

253 478 430 537 αὐτοῦ
458 470 595 548 δναρ
623 472 863 548 χρηστόν
895 468 1138 548 τιξαὺτῷ
1176 464 1543 548 προμηνύειν,
1562 464 1842 548 διηγεῖται

253 558 415 629 αὐτῷ
435 557 536 628 τὴν
559 542 899 624 τοῦόνείρου
924 546 1067 618 ὄψιν.
1112 547 1251 600 Ἀλλ’
1279 545 1520 629 ἀκούσας
1550 544 1580 596 6
1622 542 1845 629 Ἰωσὴφ,

254 645 359 697 καὶ
384 622 466 694 ’ἐκ
493 622 604 707 *τῆς
637 622 845 692 ἀνωθεν
884 630 1281 701 ἀποκαλύψεως
1325 628 1422 683 καὶ
1457 628 1557 699 τὴν
1590 622 1782 679 τούτου
1817 635 1844 665 ο

256 726 559 801 σύγκρισιν
594 719 913 789 δεξάμενος,
942 713 1257 801 προμηνύει
1290 710 1440 781 αὐτῷ
1461 710 1552 763 τὸν
1585 708 1846 799 μέλλοντα

262 789 436 862 αὐτόν
474 802 887 875 καταλήψεσθαι
910 799 1153 870 ὄλεθρον,
1184 796 1459 866 καίφησιν
1480 809 1493 823 ·
1527 794 1657 846 Ἔτι
1690 789 1848 875 τρεῖς

258 892 502 962 ἡμέραι,
530 888 628 942 καὶ
644 872 861 957 ἀφελεῖ
880 882 1091 952 Φαραὼ
1108 882 1136 920 b
1166 880 1282 948 τὴν
1300 876 1578 962 κεφαάήν
1589 890 1706 928 σου
1729 872 1847 962 ἀπό

259 955 409 1039 0:06,
439 972 542 1027 καὶ
563 955 851 1041 κρεμάσει
871 984 946 1021 σε
982 964 1082 1019 ἐπὶ
1122 963 1335 1029 ξύλου,
1378 960 1478 1014 καὶ
1499 957 1747 1041 φάγεται
1778 955 1850 1041 τά

480 1038 880 1123 τοῦοῦρανοῦ
909 1049 1017 1116 τὰς
1045 1045 1276 1116 σάρκας
1297 1058 1414 1098 σου
1445 1042 1566 1097 ἀπὸ
1583 1039 1725 1097 σοῦ.
1753 1038 1851 1093 Διά

260 1121 429 1194 τοῦτο
463 1121 754 1209 προλαϐὼν
782 1129 957 1195 εἷπον,
990 1130 1176 1201 φησὶν,
1206 1130 1291 1181 ὅτι
1325 1127 1426 1180 οὐκ
1463 1127 1560 1180 ἀπ’
1611 1121 1851 1195 ἐμαυτοῦ

261 1222 450 1276 ταῦτα
476 1208 607 1291 ὑμῖν
634 1217 961 1289 προμηνύω,
1001 1214 1117 1267 ἀλλ’
1145 1212 1289 1282 άπερ
1320 1210 1387 1265 ἂν
1413 1211 1441 1263 ὁ
1474 1208 1605 1272 Θεὸς
1642 1209 1853 1291 ἀποκάε-

265 1308 436 1377 λύψῃ,
466 1289 555 1358 ἵνα
588 1303 690 1357 κᾶν
715 1301 950 1373 χρηστόν
975 1316 1030 1352 τι
1065 1295 1337 1367 ὑποφαίνῃ
1369 1293 1478 1347 τῶν
1504 1290 1802 1377 ὀνειράτων
1819 1289 1853 1359 ἡ

261 1372 419 1460 δψιςῖ
454 1389 555 1443 κᾶν
584 1388 644 1440 16
688 1372 952 1444 ἐναντίον,
996 1382 1072 1454 μὴ
1107 1381 1230 1451 ἐμοὶ
1273 1377 1594 1460 λογίσησθε.
1623 1375 1699 1428 Οὐ
1742 1372 1854 1460 γάρ

269 1459 487 1528 οῖκοθεν
519 1471 692 1526 ταῦτα
719 1470 1053 1540 φθέγγομαι,
1081 1464 1194 1523 ἀλλ’
1216 1464 1403 1517 ἐκεῖνα
1429 1463 1559 1532 ὑμῖν
1581 1459 1851 1526 διασαφῶ,

272 1562 421 1632 ᾇπερ
438 1561 506 1613 ἂν
521 1562 555 1629 ἡ
577 1556 784 1613 ἄνωθεν
808 1554 969 1625 χάρις
985 1549 1263 1620 κατάδηλα
1279 1548 1515 1632 ποιήσῃ.Δ
1529 1543 1690 1632 Ἀλλ-ἁ
1704 1542 1854 1632 [605]

271 1647 376 1714 τῆς
390 1627 740 1715 ’προθεσμίας
773 1637 1098 1706 ἐπιστάσης,
1129 1637 1210 1698 είς
1239 1634 1400 1705 ἔργον
1428 1629 1576 1715 ἐξῄει
1609 1628 1678 1715 τὰ
1707 1627 1857 1700 παρά

272 1712 371 1780 τοῦ
417 1712 621 1795 Ἰωσὴφ
663 1722 956 1796 εἰρημένα,
1001 1718 1095 1772 καὶ
1132 1715 1275 1771 καθά
1322 1713 1485 1776 αὐτὸς
1519 1712 1855 1782 συνέκρινεν,

266 1812 418 1865 οὓτω
446 1794 669 1879 γέγονεν
697 1794 1050 1879 ἀμφοτέροις,
1079 1804 1174 1857 καὶ
1192 1801 1254 1864 ὃς
1293 1800 1392 1871 μὲν
1426 1801 1505 1861 εἰς
1532 1797 1631 1867 τὴν
1664 1794 1859 1879 710016-

274 1904 382 1965 ραν
414 1874 718 1961 ἐπανῆλθεν
740 1874 1071 1960 εὐημερίαν,
1104 1886 1165 1949 6;
1196 1885 1252 1937 δὲ
1283 1895 1306 1923 α
1332 1883 1431 1953 τὴν
1453 1879 1724 1952 τιμωρίαν
1745 1878 1859 1931 ἐδέ-

273 1977 429 2042 ξατο.
478 1974 644 2029 Ἀλλ’
681 1976 715 2027 ὁ
742 1971 1179 2043 ἀρχιοινοχόος,
1207 1971 1239 2022 6
1262 1966 1525 2021 τοσαῦτα
1550 1965 1860 2043 παρακλη-

273 2041 425 2125 θεὶς,
449 2061 560 2113 οὐκ
576 2041 878 2126 ἐμνήσθη,
904 2041 1059 2123 φησὶ,
1084 2052 1191 2106 τοῦ
1225 2048 1462 2117 Ἰωσὴφ,
1487 2047 1628 2100 ’ἀλλ’
1651 2041 1861 2097 ἐπελά-

276 2145 416 2198 θετο
433 2141 645 2195 αὐτοῦ.
683 2142 825 2211 ’Όρα
857 2137 1018 2191 πάλιν
1044 2136 1136 2188 τὸν
1165 2134 1372 2211 δίκαιον
1400 2129 1651 2198 καθάπερ
1677 2128 1734 2211 ἐν
1758 2143 1860 2211 γυ-

275 2222 489 2295 μνασίᾳ
528 2221 637 2274 τινὶ
669 2206 768 2275 καὶ
808 2216 1120 2288 παλαίστρᾳ
1149 2210 1575 2295 ἀγωνιζόμενον,
1621 2208 1715 2260 καὶ
1760 2206 1861 2295 τῆς

277 2289 489 2369 οίκείας
518 2306 725 2382 ἀρετῆς,
748 2300 1021 2368 ἀπόδειξιν
1050 2297 1445 2382 παρεχόμενον,
1478 2294 1571 2346 καὶ
1605 2289 1861 2369 οὐδεμίαν

278 2390 529 2461 ταραχὴν
561 2375 923 2459 ὑπομένοντα,
989 2383 1110 2438 οὐδὲ
1157 2379 1552 2451 θορυϐούμενον
1599 2376 1693 2461 καὶ
1709 2375 1860 2461 ῌδυσ-

278 2458 705 2544 ανασχετοῦντα.
742 2466 875 2524 Είπε
904 2467 1009 2544 γὰρ
1035 2466 1100 2520 ἂν
1134 2465 1290 2527 ἄλλος
1324 2463 1459 2533 πρὸς
1489 2459 1680 2514 ἑαυτὸν
1708 2458 1860 2544 τους,

278 2486 705 2544 ανασχετουντα.
742 2484 875 2524 Ειπε
904 2484 975 2537 γα
1035 2484 1100 2520 αν
1134 2484 1290 2527 almo;
1324 2484 1459 2533 προς
1489 2484 1680 2514 εαυτυν
1710 2484 1860 2519 ιοως,

275 2563 332 2614 εί
362 2560 471 2612 τῶν
499 2557 708 2615 πολλῶν
736 2573 821 2618 τις
845 2550 914 2625 ἦν
934 2569 948 2584 ·
978 2484 1044 2605 gi
1070 2549 1261 2613 10610;
1293 2549 1322 2599 6
1349 2547 1446 2617 μὲν
1472 2542 1861 2615 ἀρχιοινοχόος,

279 2643 430 2697 καθά
457 2641 750 2710 συνέκρινα
781 2622 931 2706 αὐτῷ
957 2634 1053 2688 τοῦ
1082 2631 1293 2703 ὀνείρου
1316 2630 1416 2699 τὴν
1449 2627 1592 2696 ὄψιν,
1623 2622 1864 2710 ἀπέλαϐε

282 2727 430 2797 μετά
458 2705 727 2793 τοσαύτης
759 2705 1061 2790 ταχύτητος
1098 2715 1194 2787 τὴν
1224 2710 1503 2797 προτέραν
1541 2705 1864 2797 εὐημερίαν,

282 2790 381 2863 καὶ
402 2807 523 2860 οὐδὲ
553 2790 774 2876 μνήμην
801 2802 1097 2873 ἐποιήσατο
1113 2795 1249 2869 ἐμοῦ
1277 2795 1371 2848 τοῦ
1392 2790 1863 2876 προμηνύσαντεςΪ

296 2891 441 2944 Ἀλλ’
473 2871 680 2951 ἐκεῖνος
708 2871 808 2957 μέν
836 2871 985 2939 ἐστιν
1015 2886 1074 2937 ἐν
1102 2881 1283 2936 ἀνέσει
1304 2876 1547 2947 τοσαύτῃ
1565 2890 1578 2903 ·
1621 2871 1731 2942 ἐγὼ
1753 2872 1811 2925 δὲ
1838 2872 1868 2925 6

285 2974 461 3046 μηδὲν
476 2972 712 3043 χαλεπὸν
733 2969 1132 3041 ἐργασάμενος,
1153 2961 1388 3019 ἐνταῦθα
1400 2958 1867 3026 κατακέκλεισμαι

283 3041 430 3129 μετά
471 3041 832 3127 ἀνδροφόνων,
874 3051 1013 3123 μετά
1039 3047 1437 3121 τυμϐωρύχων,
1474 3043 1611 3129 μετά
1630 3041 1866 3129 λῃστῶν,

286 3125 435 3213 μετά
466 3125 583 3193 τῶν
617 3125 786 3209 μυρία
819 3133 1212 3209 ἐργασαμένων
1244 3130 1412 3184 κακά.
1460 3125 1868 3213 Οὐδὲν-τούτων

282 3204 391 3277 ὖύκ
415 3217 588 3285 εἶπεν,
614 3204 713 3274 οὐκ
736 3204 1019 3288 ἐνενόησεν
1043 3232 1056 3244 ·
1086 3204 1204 3286 ᾔδει
1224 3213 1333 3286 γὰρ
1359 3213 1442 3265 ὅτι
1476 3211 1568 3264 καὶ
1598 3209 1666 3263 τὰ
1686 3208 1866 3277 σκάμ-

290 3325 443 3379 ματα
465 3305 612 3374 αὐτῷ
632 3304 946 3375 μακρότερα
970 3299 1201 3369 ἐγίνετο,
1227 3298 1316 3351 ἵνα
1336 3295 1581 3365 νομίμως
1607 3290 1872 3361 ἀγωνισά-

290 3402 457 3464 μενος
484 3388 735 3460 λαμπρὸν
763 3386 1102 3455 ἀναδήσηται
1130 3384 1222 3435 τὸν
1250 3381 1532 3448 στέφανονι

363 3489 413 3551 γ’
420 3525 434 3539 .
450 3480 647 3533 Σκόπει
660 3477 768 3550 γάρ
784 3494 895 3548 μοι,
914 3475 1052 3546 μετά
1063 3472 1162 3545 τὴν
1178 3471 1621 3526 ἀποκατάστασιν
1636 3467 1871 3529 ἐκείνου,

289 3567 450 3636 φησὶ,
472 3564 566 3618 δύο
588 3563 685 3633 ἐτη
718 3560 994 3631 παρῆλθον
1008 3556 1254 3629 ἡμερῶνι
1289 3555 1438 3607 Ἔδει
1457 3552 1564 3624 γὰρ
1580 3552 1870 3622 ἀναμεῖναι

288 3634 385 3703 θεὸν
427 3647 617 3719 καιρὸν
658 3645 749 3698 τὸν
798 3643 1123 3713 ἐπιτήδειον,
1156 3640 1295 3693 ὥστε
1334 3638 1473 3707 μετά
1508 3634 1871 3706 περιφανείας

295 3732 448 3803 αὐτῷ
483 3716 739 3799 γενέσθαι
772 3729 869 3799 τὴν
899 3726 1108 3779 ἐκεῖθεν
1142 3724 1338 3790 ἔξοδον.
1382 3723 1445 3774 Et
1488 3720 1587 3791 μὲν
1621 3719 1729 3790 γὰρ

291 3816 404 3868 τῶν
420 3794 715 3886 όνειράτων
732 3794 839 3865 τοῦ-
853 3808 1053 3881 Φαραὼ
1069 3805 1439 3878 ὑπομνησθεὶς
1459 3806 1486 3856 ό
1509 3794 1874 3874 ἀρχιοινοχόος

290 3900 382 3953 διὰ
418 3901 517 3963 τῆς
542 3884 757 3960 οἰκείας
803 3894 1141 3968 προστασίας
1191 3889 1354 3944 αὐτὸν
1384 3887 1730 3958 ἠλευθέρωσε
1776 3884 1873 3937 τοῦ

292 3981 696 4054 δεσμωτηρίου,
722 3967 856 4042 ἴσως
898 3976 1021 4032 οὐδέ
1067 3974 1372 4044 κατάδηλος
1429 3971 1653 4054 ἔμελλεν
1707 3967 1871 4054 αὐτοῦ

291 4049 547 4135 γίνεσθαι
556 4049 687 4128 ’τοῖς
714 4062 928 4125 πολλοῖς
950 4063 984 4132 ή
1011 4060 1203 4133 ἀρετή.
1229 4057 1366 4111 Νυνὶ
1385 4055 1442 4109 δὲ
1468 4053 1621 4117 εἰδὼς
1646 4054 1673 4105 ὁ
1700 4049 1869 4123 εὐμή-

297 4167 459 4223 χανος
484 4149 579 4203 καὶ
597 4147 760 4217 σοφὸς
775 4144 1076 4214 Δεσπότης,
1094 4142 1347 4210 καθάπερ
1380 4138 1626 4223 τεχνίτης
1643 4137 1876 4223 Δᾶριστος

292 4218 418 4288 δσον
446 4234 715 4303 προσήκει
753 4229 943 4301 χρόνον
972 4227 1033 4280 16
1064 4224 1285 4297 χρυσίον
1314 4222 1570 4295 ὁμιλῆσαι
1599 4218 1676 4290 τῷ
1719 4219 1874 4303 πυρὶ,

295 4319 395 4373 καὶ
428 4301 561 4370 πότε
594 4314 726 4368 αὐτὸ
754 4312 863 4384 χρὴ
889 4311 1099 4365 ἐκεῖθεν
1136 4308 1448 4371 ἀνελέσθαι,
1488 4304 1762 4375 συγχωρεῖ
1786 4301 1877 4354 τὸν

295 4403 491 4474 χρόνον
517 4401 626 4453 τῶν
662 4399 755 4453 δύο
786 4397 925 4450 ἐτῶν
957 4395 1128 4467 λήθην
1155 4390 1475 4462 ἐγγενέσθαι
1504 4389 1582 4459 τῷ
1600 4390 1879 4474 ἀρχιοινο·

477 4487 565 4539 ἵνα
609 4485 698 4538 καὶ
737 4484 765 4534 6
805 4479 997 4551 καιρὸς
1044 4476 1152 4532 τῶν
1195 4475 1489 4546 ὀνειράτων
1529 4472 1623 4525 τοῦ
1677 4468 1877 4541 Φαραὼ

300 4553 504 4640 φθάσῃ,
539 4567 636 4620 καὶ
669 4565 767 4634 τῆς
796 4565 1043 4631 ἀνάγκης
1077 4560 1246 4630 αὐτῆς
1277 4554 1704 4623 συνελαυνούσης
1727 4553 1875 4624 πάσῃ

296 4656 365 4723 τῇ
404 4638 651 4721 βασιλείᾳ
678 4648 772 4701 τοῦ
809 4643 1007 4718 Φαραὼ
1036 4642 1309 4714 γνώριμος
1333 4640 1557 4709 γένηται
1591 4640 1618 4691 6
1648 4638 1872 4696 δίκαιος.

299 4737 462 4792 Μετὰ
482 4735 597 4803 γὰρ
621 4732 695 4785 τὰ
713 4732 824 4785 δύο
844 4730 948 4797 ἐτη
969 4723 1112 4791 εἶδε,
1148 4726 1302 4796 φησὶ,
1334 4724 1406 4777 τὰ
1426 4723 1700 4790 ὀνείρατα
1721 4724 1752 4774 ό
1769 4724 1880 4773 Φα-

476 4819 587 4871 Καὶ
614 4817 851 4885 ἐγένετο
870 4814 1040 4881 πρωῒ,
1064 4812 1164 4866 καὶ
1183 4810 1477 4879 ἐταράχθη
1502 4809 1541 4875 ἡ
1562 4806 1734 4890 ψυχὴ
1768 4808 1876 4859 αὐ-

298 4889 430 4967 τοῦ,
454 4901 552 4955 καὶ
573 4892 944 4962 ἀποστείλας
969 4895 1223 4949 ἐκάλεσε
1246 4893 1477 4958 πάντας
1504 4890 1645 4956 τοὺς
1663 4889 1879 4959 ἐξηγη-

300 4986 411 5064 τάς
447 4984 562 5052 τῆς
593 4984 920 5053 Αἰγύπτου,
958 4980 1056 5034 καὶ
1082 4978 1314 5044 πάντας
1342 4977 1483 5042 τοὺς
1512 4974 1748 5043 σοφοὺς
1771 4975 1879 5035 αὺ-

298 5059 438 5137 τῆς,
477 5068 575 5122 καὶ
608 5066 939 5137 διηγήσαῐο
969 5062 1174 5127 αὐτοῖς
1204 5061 1413 5128 Φαραὼ
1454 5060 1521 5114 16
1568 5059 1876 5120 ἐνύπνιον,

300 5152 402 5207 καὶ
434 5152 545 5205 οὐκ
575 5146 654 5219 ἦν
686 5153 718 5203 ὀ
748 5147 1147 5217 ἀπαγγέλλων
1181 5143 1332 5197 αὐτὸ
1361 5142 1442 5207 τῷ
1469 5141 1696 5209 Φαραώ.
1737 5140 1879 5210 Ὅρα

298 5235 401 5306 τὴν
429 5233 629 5304 πολλὴν
656 5231 750 5285 τοῦ
775 5230 911 5284 Θεοῦ
942 5228 1273 5298 οἰκονομίαν.
1304 5226 1574 5297 Πρότερον
1609 5224 1880 5293 συγχωρεῖ

299 5305 524 5375 πάντων
553 5315 661 5368 τῶν
688 5312 877 5368 αὐτόθι
900 5310 1271 5382 νομιζομένων
1298 5308 1476 5378 σοφῶν
1509 5310 1700 5377 πεῖραν
1719 5305 1880 5358 αὐτὸν

298 5401 511 5466 λαϐεῖν,
534 5400 624 5453 ἴνα
654 5399 782 5452 ὅταν
807 5396 993 5467 δειχθῇ
1021 5398 1054 5466 ἡ
1084 5395 1307 5448 ἐκείνων
1337 5394 1549 5461 ἄγνοια,
1580 5390 1701 5442 τότε
1724 5382 1879 5452 οὗτος

297 5486 329 5537 6
361 5481 672 5553 δεσμώτης,
705 5483 733 5533 6
768 5480 1136 5551 αἰχμάλωτος,
1163 5478 1191 5528 6
1222 5475 1428 5537 δοῦλος,
1448 5475 1489 5527 ’ὁ
1526 5472 1773 5544 Ἐϐραῖος
1800 5472 1880 5534 είς

303 5566 474 5637 μέσον
495 5564 704 5635 ἀχθεὶς,
749 5562 843 5617 καὶ
875 5561 945 5615 τά
970 5562 1097 5625 τοὺς
1121 5558 1349 5621 πολλοὺς
1377 5555 1708 5610 λανθάνοντα
1736 5554 1849 5625 γνώ
1866 5583 1882 5595 -

300 5667 443 5721 ριμα
473 5646 845 5715 καταστήσας,
877 5646 1141 5717 πρόδηλον
1174 5644 1345 5698 ἅπασι
1372 5640 1760 5714 κατασκευάσῃ
1786 5656 1881 5709 γε-

371 5802 397 5830 ι
422 5798 573 5849 Savil.
603 5804 657 5848 ει
677 5800 900 5861 quinque
922 5797 1145 5861 mss._1ﬁv
1165 5796 1270 5861 περὶ
1292 5794 1483 5861 τούτου.

364 5862 395 5901 ἱ»
420 5862 571 5911 Savil.
594 5869 647 5909 et
667 5858 892 5909 dilomSS.
925 5859 1006 5905 καὶ
1028 5858 1213 5918 ἀφαιρεῖ
1233 5858 1430 5918 Φαραώ.

364 5926 390 5955 ο
414 5924 506 5971 Καὶ
530 5923 579 5978 ὂς
602 5924 683 5985 μὲν
708 5923 771 5985 είς
805 5921 948 5977 τήν...
975 5919 1025 5973 ὃς
1047 5911 1115 5967 δί.
1148 5911 1268 5985 Nota
1290 5911 1358 5985 _6¢
1377 5911 1749 5985 bisnrepetiturp
1766 5915 1887 5985 arti:

302 5987 402 6034 culi
433 5975 713 6044 vice.'duod
742 5975 869 6030 [οι-ιε
902 5993 965 6028 ne
1006 5981 1163 6029 semel
1184 5981 1385 6041 quidem
1413 5975 1783 6038 alias‘reperire
1804 5980 1886 6026 est

307 6046 436 6108 apud
456 6044 874 6106 Chrysoslomum.

611 6130 884 6188 PATBOL.
913 6126 1035 6188 Gn.
1058 6125 1217 6188 LIV.

1230 342 1302 410 ΙΝ
1334 338 1491 420 CAP.
1529 342 1623 406 XL
1657 349 1907 417 GENES.
1942 349 2178 417 ιιοωι..
2212 346 2393 406 ωιιιι.

3419 345 3527 402 ειι

1954 461 2140 516 νέσθαι
2169 460 2197 500 ἀ
2232 461 2332 533 τὴν
2365 459 2573 515 ἀνωθεν
2614 458 2766 529 αὑτῷ
2806 455 3146 511 ἐπανθοῦσαν
3173 455 3357 527 χάριν.
3396 457 3527 511 Ὅτε

1947 540 2041 599 οῦν
2088 544 2326 607 ἅπαντες
2362 544 2413 596 οί
2470 542 2626 611 σοφοὶ
2666 540 3104 612 παραγενόμενοι
3152 539 3308 592 οὐδὲν
3352 538 3528 593 εἰπεῖν

1947 626 2315 697 ἠδυνήθησαν,
2362 625 2484 679 οὐδὲ
2514 626 2698 694 διᾶραι
2744 624 2806 677 τὸ
2847 623 3023 693 στόμα
3054 621 3302 692 ἴσχυσαν,
3346 622 3467 675 τότε
3498 624 3530 675 ό

1947 709 2315 783 ἀρχιοινοχόος
2360 712 2439 772 είς
2493 709 2718 780 μνήμην
2760 705 2936 760 ἐλθὼν
2995 706 3402 776 ὑπομιμνήσκει
3438 705 3533 759 τὸν

1949 794 2150 866 Φαραὼ
2178 794 2287 848 τῶν
2314 793 2395 856 είς
2427 793 2591 844 αὐτὸν
2624 789 3069 862 συμϐεϐηκότων,
3093 789 3186 843 καί
3209 806 3371 859 φησι.
3412 790 3532 857 Τὴν

1951 878 2245 948 ἁμαρτίαν
2262 895 2383 947 μου
2410 873 2843 945 ἀναμιμνήσκω
2869 873 3156 941 σήμερον.
3186 875 3295 927 Καὶ
3330 873 3533 944 διηγεῖ-

1951 980 2043 1016 ται
2074 961 2274 1015 αὐτίκα
2292 963 2462 1023 ὅπως,
2490 960 2656 1030 ἡνίκα
2684 959 2764 1022 είς
2781 958 2840 1012 16
2863 956 3239 1028 δεσμωτηρίον
3265 956 3528 1028 ἐνεϐλήθη

1954 1044 2117 1108 αὐτὸς
2155 1044 2252 1098 καὶ
2282 1045 2311 1097 6
2350 1042 2774 1116 ἀρχισιτοποιὸς,
2824 1040 2921 1094 καὶ
2958 1040 3248 1093 ἐθεάσαντο
3285 1039 3355 1094 τὰ
3395 1040 3534 1093 ὀνεί-

1953 1144 2118 1197 ρατα,
2152 1126 2248 1181 καὶ
2272 1125 2373 1198 τὴν
2408 1126 2697 1196 σύγκρισιν
2723 1122 2973 1187 ἐδέξαντο
2998 1122 3149 1194 παρά
3184 1122 3279 1176 τοῦ
3308 1123 3530 1195 Ἰωσὴφ,

1954 1213 2038 1265 ὅτι
2062 1211 2204 1265 κατά
2226 1210 2323 1281 τὴν
2354 1210 2565 1264 ἐκείνου
2588 1207 2743 1280 [604]
2778 1207 3171 1279 προαγόρευσιν
3199 1208 3412 1261 ἅπαντα
3435 1209 3533 1260 αὐ-

1956 1297 2070 1359 τοῖς
2100 1297 2181 1359 είς
2209 1294 2371 1365 ἔργον
2402 1293 2613 1363 ἐξῆλθε.
2649 1292 2840 1349 Ταῦτα
2865 1292 3135 1357 ἀκούσας
3162 1290 3531 1356 όβασιλεὺς,

1951 1379 2372 1450 μετεπέμψατο
2397 1378 2505 1431 τὸν
2538 1374 2771 1443 Ἰωσὴφ,
2805 1374 2903 1428 καὶ
2942 1373 3234 1444 ἐξήγαγεν
3259 1373 3446 1450 αὐτὸν
3464 1375 3533 1426 ἐκ

1956 1444 2064 1517 τοῦ
2091 1444 2490 1530 όχὺρώματος,
2521 1458 2619 1512 και
2643 1458 2952 1525 ἐξύρησαν
2974 1458 3181 1520 αὐτὸν,
3217 1458 3313 1510 καὶ
3340 1444 3536 1525 ἤλλα-

1959 1544 2073 1609 ξαν
2100 1543 2216 1611 τὴν
2233 1541 2474 1610 στολὴν
2496 1540 2703 1606 αὐτοῦ,
2735 1540 2833 1594 καὶ
2860 1540 3106 1608 εἰσῆλθε
3132 1540 3282 1607 πρὸς
3304 1539 3531 1609 Φαραώ.

1961 1627 2106 1701 ῨΟρα
2132 1626 2337 1691 εὐθέως
2368 1625 2464 1678 καὶ
2490 1626 2554 1677 ἐκ
2587 1625 2894 1696 προοιμίων
2924 1623 3111 1676 λοιπὸν
3139 1624 3278 1693 πόση
3304 1625 3336 1693 ή
3376 1624 3532 1692 τιμή.

1971 1710 2192 1779 Ἐπειδὴ
2232 1709 2568 1780 ἐκαθαρίσθη
2610 1708 2792 1771 καλῶς
2830 1708 2917 1761 διὰ
2960 1708 3060 1782 τῆς
3099 1707 3397 1777 ὑπομονῆς,
3442 1706 3536 1758 καὶ

1960 1794 2213 1865 καθάπερ
2236 1793 2458 1863 χρυσίον
2487 1791 2915 1863 φαιδρυνόμενον
2946 1788 3091 1860 ἐξῄει
3120 1792 3192 1865 ἐκ
3209 1788 3304 1842 τοῦ
3326 1789 3537 1865 δεσμω-

1959 1859 2301 1948 τηρίουίκ-αὶ
2325 1859 2651 1946 ήγετοἽπρὺς
2681 1859 2901 1944 Φαίραώι
2948 1870 3102 1936 Εἶδες
3135 1863 3299 1926 πόσον
3330 1874 3446 1924 ἐστὶ
3475 1859 3536 1923 16

1962 1961 2067 2014 ὑπὸ
2088 1960 2187 2031 τῆς
2205 1960 2413 2015 ἄνωθεν
2439 1958 2751 2028 βοηθεῖσθαι
2781 1957 2954 2026 ροτὴς
2977 1973 2991 2021 ;
3020 1958 3161 2028 Ὅρα
3186 1957 3325 2008 πόσα
3338 1956 3538 2025 ᾠκονο·

1965 2044 2132 2115 μήθη,
2167 2045 2252 2097 ἵνα
2291 2043 2359 2096 τὰ
2395 2041 2539 2095 κατὰ
2586 2042 2677 2094 τὸν
2728 2040 2925 2110 Ἰωσὴφ
2976 2040 3056 2102 εἰς
3119 2038 3277 2110 ἔργον
3324 2038 3533 2108 ἐξέλθῃ.

1973 2127 2193 2198 Ἐπειδὴ
2222 2126 2331 2198 γὰρ
2360 2126 2452 2179 τὸν
2488 2125 2743 2195 μέγιστον
2782 2125 2990 2176 ἐκεῖνον
3027 2119 3189 2176 ἆθλον
3234 2122 3539 2191 ἠγωνίσατο

1960 2212 2063 2281 τῆς
2092 2211 2299 2281 μιαρᾶς
2332 2208 2547 2277 ἐκείνης
2580 2207 2886 2275 Αἰγυπτίας
2911 2208 2982 2259 τὰ
3020 2206 3212 2259 δίκτυα
3237 2204 3537 2281 διαφυγων,

1963 2274 2057 2349 καὶ
2089 2274 2170 2356 εἰς
2196 2274 2256 2344 16
2297 2274 2670 2361 δεσμωτήριον
2714 2289 3002 2361 ἐνεϐλήθη,
3049 2288 3403 2359 συνεχωρήθη
3449 2274 3539 2339 16v

1962 2376 2330 2448 ἀρχιοινοχόον
2362 2374 2459 2427 καὶ
2484 2375 2577 2426 16v
2620 2372 3026 2445 ἀρχισιτοποιὺν
3070 2370 3165 2424 τοῦ
3195 2370 3395 2441 Φαραὼ
3420 2370 3541 2423 κατ’

1962 2462 2170 2513 ἐκεῖνον
2190 2460 2280 2511 τὸν
2305 2457 2494 2529 καιρρν
2512 2458 2629 2509 ἐκεῖ
2659 2456 3023 2527 ἐμϐληθῆναι,
3054 2456 3147 2508 καὶ
3168 2453 3259 2507 διὰ
3284 2455 3385 2524 τῆς
3412 2469 3544 2521 συγι

1963 2545 2195 2617 κρίσεως
2234 2542 2344 2595 τῶν
2383 2541 2677 2611 ὀνειράτων
2716 2540 2905 2611 μαθεῖν
2964 2538 3060 2591 τοῦ
3085 2538 3277 2609 ἀνδρὸς
3315 2538 3415 2608 τὴν
3459 2554 3546 2590 σοι·

1965 2628 2116 2697 φίαν,
2155 2625 2241 2678 ἵνα
2276 2625 2373 2678 νῦν
2408 2626 2465 2679 ἐν
2497 2622 2673 2693 καιρῷ
2715 2623 2937 2693 μνήμην
2971 2619 3136 2674 αὐτοῦ
3181 2621 3545 2691 ποιησάμενος

1962 2714 2046 2775 εἰς
2073 2711 2235 2782 μέσον
2261 2707 2423 2782 αὐτον
2454 2708 2659 2777 ἀγάγῃ.
2692 2708 2735 2757 Ε
2741 2701 2840 2758 ῒπε
2864 2704 2951 2768 δὲ,
2986 2704 3141 2773 φησὶ,
3167 2704 3375 2771 Φαραὼ
3395 2703 3547 2769 πρὸς

1964 2776 2084 2849 τὸν
2105 2792 2345 2861 Ἰωσήςν
2387 2776 2709 2844 Ἕνύπνιον
2729 2789 2977 2855 ἑώρακα,
3009 2786 3107 2840 καὶ
3140 2790 3173 2841 ό
3204 2787 3547 2855 συγκρίνων

1964 2879 2079 2933 οὐκ
2106 2877 2280 2931 ἐστιν
2306 2873 2456 2926 αὐτό
2473 2887 2486 2900 '
2524 2870 2638 2940 ἐγὼ
2665 2869 2733 2923 δὲ
2757 2870 2991 2937 ἀκήκοα
3020 2869 3155 2938 περὶ
3187 2870 3304 2923 σοῦ
3336 2869 3541 2938 λεγόν-

1966 2974 2106 3025 των,
2153 2955 2506 3014 ἀκούσαντά
2546 2971 2623 3009 σε
2659 2955 2934 3021 ἐνύπνια,
2984 2954 3336 3024 συγκρίνειν
3370 2950 3543 3005 αὑτά.

1973 3047 2114 3117 Ὅρα
2146 3045 2261 3107 πῶς
2293 3040 2682 3113 αἰσχυνόμενος
2713 3041 2742 3092 ὁ
2774 3036 2974 3109 Φαραὼ
3004 3037 3065 3090 οὐ
3093 3036 3242 3104 λέγει
3271 3034 3543 3107 φανερῶς,

1967 3129 2051 3182 ὅτι
2082 3127 2271 3190 Οὐδεὶς
2298 3125 2407 3178 τῶν
2437 3122 2568 3196 παρ’
2603 3123 2727 3193 ἐμοὶ
2754 3120 2933 3191 σοφῶν
2964 3120 3151 3190 ἴσχυσε
3181 3119 3453 3191 διακρῖναι
3478 3117 3549 3169 τά

1967 3212 2222 3282 ὀνείρατα
2243 3228 2256 3241 ο
2292 3207 2427 3263 ἀλλά
2448 3207 2532 3273 τίς
2571 3204 2895 3259 Ἐνύπνιον
2930 3203 3182 3282 ἑώρακα,
3208 3201 3306 3282 καὶ
3336 3204 3369 3255 ό
3399 3215 3558 3282 συγ-τ

1968 3279 2190 3360 κρίνων
2220 3291 2333 3344 οὐκ
2373 3287 2547 3341 ἐστιν
2577 3286 2727 3339 αὐτό
2741 3300 2756 3317 ο
2783 3283 3017 3352 ἀκήκοα
3048 3280 3117 3334 δὲ
3144 3281 3278 3347 περὶ
3319 3279 3437 3333 σοῦ
3457 3281 3552 3360 λε-

1970 3356 2220 3441 γόντων,
2249 3361 2598 3421 ἀκούσαντά
2612 3377 2688 3415 σε
2710 3363 2988 3425 ἐνύπνια,
3010 3360 3361 3430 συγκρίνειν
3373 3356 3546 3412 αὐτά.

1971 3438 2173 3502 Σκόπει
2203 3463 2289 3518 μοι
2324 3445 2418 3499 καὶ
2447 3441 2679 3497 ἐνταῦθα
2708 3440 2802 3494 τοῦ
2846 3441 3045 3511 Ἰωσὴφ
3080 3440 3180 3510 τὴν
3210 3438 3422 3492 σύνεσιν
3456 3438 3551 3491 καὶ

1971 3527 2071 3596 τὴν
2096 3516 2299 3595 πολλὴν
2326 3521 2634 3582 εὐλάϐειαν,
2661 3519 2810 3578 ὅπως
2835 3518 3192 3587 ἀποκρίνεται
3227 3516 3304 3587 τῷ
3328 3518 3547 3588 Φαραιὶ..

1974 3595 2067 3674 Μὴ
2102 3600 2473 3671 ὑποπτεύσῃς,
2507 3597 2697 3670 φησὶν,
2730 3598 2832 3666 ἐμέ
2860 3614 2913 3648 τι
2948 3595 3159 3649 οἴκοθεν
3195 3595 3549 3665 φθέγγεσθαι,

1972 3683 2007 3753 ἢ
2040 3681 2147 3735 ἀπὸ
2173 3678 2521 3751 ἀνθρωπίνης
2538 3674 2730 3745 σοφίας
2754 3674 2927 3727 ταῦτα
2956 3674 3269 3753 διακρίνειν.
3290 3676 3423 3728 υύδὲ
3443 3676 3551 3745 γὰρ

1972 3752 2084 3814 οἶόν
2113 3777 2173 3813 τε
2206 3758 2333 3812 ἄνευ
2379 3756 2477 3826 τῆς
2511 3754 2718 3808 ἄνωθεν
2758 3752 3158 3823 ἀποκαλύψεως
3203 3754 3304 3824 τὴν
3348 3755 3550 3822 γνῶσιν

1972 3839 2178 3893 τούτων
2206 3835 2553 3891 καταλαϐεῖν.
2584 3832 2724 3886 Ἴσθι
2763 3833 2963 3895 τοίνυν,
2990 3833 3073 3885 ὅτι
3113 3832 3243 3886 ἄνευ
3274 3832 3369 3885 τοῦ
3413 3832 3547 3886 Θεοῦ

1974 3920 2072 3988 οὐχ
2091 3912 2201 3971 οἷόν
2228 3916 2287 3968 τέ
2311 3931 2378 3984 με
2400 3910 2762 3982 ἀποκριθῆναί
2781 3928 2883 3966 σοι.
2907 3912 3089 3965 Ἀνευ
3111 3911 3239 3982 γὰρ,
3267 3910 3423 3982 φησὶ,
3445 3910 3551 3964 τοῦ

1978 3996 2126 4052 Θεοῦ
2150 3997 2261 4050 οὐκ
2286 3992 2751 4060 ἀποκριθήσεται
2775 3991 2841 4043 τὸ
2862 3990 3158 4059 σωτήριον
3194 3990 3302 4045 τοῦ
3324 3989 3549 4059 Φαραώ.

1974 4074 2178 4130 Μαθὼν
2206 4072 2384 4126 τοίνυν
2425 4070 2501 4133 ὼς
2534 4071 2563 4121 6
2598 4069 2708 4122 τῶν
2752 4069 3009 4122 ἁπάντων
3036 4068 3313 4140 Δεσπότης
3343 4070 3489 4122 ἐστὶν
3524 4072 3553 4122 6

1976 4156 2151 4209 ταῦτα
2165 4151 2590 4213 ἀποκαλύπτων,
2611 4150 2684 4221 μὴ
2703 4167 2779 4202 πα
2787 4148 2855 4221 ρά
2872 4149 2969 4203 ἀνθ
2981 4148 3176 4221 ρώπων
3191 4147 3343 4219 ζήτει
3357 4148 3551 4213 ταῦτα,

1974 4234 2013 4289 ἃ.
2045 4233 2228 4304 μόνου,
2262 4230 2416 4303 φησὶ,
2446 4228 2541 4282 106
2568 4228 2703 4281 Θεοῦ
2737 4230 2885 4281 ἐστιν
2914 4230 2994 4291 είς
3029 4228 3265 4299 φανερὸν
3295 4228 3467 4296 ἄγειν.

2051 4314 2193 4383 Ὅρα
2215 4311 2331 4374 πῶς
2353 4307 2443 4361 διὰ
2462 4309 2562 4379 τῆς
2593 4308 2939 4379 ἀποκρίσεως
2964 4306 3209 4362 παιδεύει
3237 4307 3329 4360 τὸν
3357 4304 3555 4377 Φαραὼ

1977 4392 2175 4447 εἰδέναι
2203 4392 2298 4443 καὶ
2319 4387 2428 4441 τῶν
2454 4389 2583 4459 παρ’
2609 4387 2776 4441 αὐτοῦ
2814 4386 2993 4455 σοφῶν
3015 4386 3115 4457 τὴν
3136 4386 3444 4451 ἀσθένειαν,
3462 4386 3557 4438 καὶ

1976 4472 2071 4527 τοῦ
2092 4470 2362 4525 Δεσπότου
2377 4468 2476 4537 τὴν
2490 4467 2739 4538 δύναμιν.
2776 4466 2929 4519 Ἐπεὶ
2946 4461 3038 4520 οὖν
3054 4467 3225 4541 ἔγνως
3242 4467 3370 4537 παρ’
3396 4464 3554 4537 ἐμοῦ,

1977 4555 2060 4607 ὅτι
2106 4552 2206 4605 οὐκ
2244 4549 2352 4601 ἀπὸ
2387 4548 2581 4617 σοφίας
2609 4546 2963 4617 ἀνθρωπίνης
2995 4546 3172 4600 ταῦτα
3223 4547 3554 4616 φθέγγομαι,

1977 4630 2101 4685 οὐδὲ
2136 4628 2197 4694 ἐξ
2228 4626 2446 4681 οἰκείων
2480 4625 2783 4695 λογισμῶν,
2829 4625 2956 4693 λέγε
2993 4624 3063 4677 τὰ
3106 4624 3256 4695 παρά
3292 4624 3386 4677 τοῦ
3420 4622 3555 4677 Θεοῦ

1981 4729 2063 4764 σοι
2093 4707 2416 4780 μηνυθέντα.
2447 4704 2632 4758 Ταῦτα
2663 4704 2901 4767 ἀκούσας
2927 4706 2955 4758 6
2973 4702 3174 4775 Φαραὼ
3197 4703 3462 4773 διηγεῖται
3490 4702 3558 4754 τὰ

1980 4790 2238 4850 ἐνύπνια,
2265 4788 2358 4840 καὶ
2389 4786 2449 4837 16
2482 4783 2700 4855 πρῶτον
2721 4785 2817 4836 καὶ
2843 4783 2904 4835 τὸ
2929 4782 3203 4854 δεύτερον,
3229 4782 3323 4835 καί
3358 4798 3523 4851 φησιν
3541 4795 3555 4808 ⁶

1979 4866 2138 4924 Εἷπα
2156 4866 2279 4932 τοῖς
2295 4861 2634 4934 ἐξηγηταῖς,
2649 4862 2747 4915 καὶ
2763 4865 2875 4917 οὐκ
2891 4858 2970 4933 ἦν
2981 4864 3012 4916 ὁ
3030 4862 3428 4932 ἀπαγγέλλων
3433 4878 3557 4930 μοι.

1981 4950 2095 5003 Οὐκ
2132 4949 2395 5019 ἤκουσας,
2436 4944 2590 5013 φησὶ,
2625 4942 2719 4996 καὶ
2767 4943 2895 5014 παρ’
2925 4942 3083 5012 ἐμοῦ,
3116 4944 3197 4996 ὅτι
3224 4944 3327 4994 οὐκ
3359 4942 3559 4995 ἔστιτὸ

1981 5030 2153 5085 ταῦτα
2182 5024 2468 5098 γνωρίζειν
2496 5025 2597 5095 τῆς
2626 5023 2975 5096 ἀνθρωπίνης
3006 5024 3225 5094 σοφίας;
3258 5024 3350 5093 Μὴ
3381 5023 3559 5077 τοίνυν

1981 5110 2209 5170 ἐκείνοις
2263 5104 2667 5173 καταμέμφου⁶
2715 5102 2838 5156 οὐδὲ
2890 5103 3001 5173 γὰρ
3048 5102 3113 5154 ἂν
3148 5101 3374 5171 ἴσχυσάν
3428 5118 3559 5154 ποτε

1980 5190 2151 5245 ταῦτα
2172 5185 2517 5248 καταλαϐεῖν,
2547 5183 2583 5237 ἃ
2605 5183 2703 5253 τῆς
2722 5183 2929 5237 ἀνωθεν
2944 5183 3117 5235 δεῖται
3141 5179 3557 5250 ἀποκαλύψεως.

1982 5270 2090 5325 Καὶ
2118 5265 2269 5328 εἷπε,
2312 5264 2499 5335 φησὶν,
2550 5264 2762 5331 Ἰωσήφ
2782 5278 2796 5292 ο
2835 5262 2906 5315 Τὸ
2936 5263 3226 5315 ἐνύπνιον
3255 5259 3464 5328 Φαραὼ
3491 5259 3562 5313 ἓν

1981 5351 2133 5403 ἐστι.
2160 5348 2281 5401 Ἵνα
2305 5344 2373 5397 δὲ
2394 5344 2729 5409 πιστεύσῃς
2758 5342 2791 5393 ὅ
2800 5358 2849 5393 τι
2876 5341 3099 5408 ἀληθὲς
3114 5340 3287 5394 ἔσται
3309 5340 3376 5392 τὸ
3398 5340 3561 5405 παρὰ

1982 5428 2088 5482 τοῦ
2108 5426 2254 5480 Θεοῦ
2277 5438 2376 5477 σοι
2388 5421 2680 5491 μηνυθὲν,
2702 5420 2986 5488 δεύτερον
2999 5419 3302 5488 ἀνηνέχθη
3327 5418 3393 5472 16
3411 5419 3563 5471 αὑτό

1981 5523 2058 5561 σε
2087 5505 2437 5565 θεάσασθαι,
2457 5501 2557 5554 καί
2584 5501 2674 5554 ὅτι
2693 5498 2992 5568 ταχυνεῖὀ
3020 5500 3164 5564 Θεὸς
3180 5498 3286 5552 τοῦ
3309 5495 3563 5565 ποιῆσαι

1988 5585 2157 5639 αὐτό.
2198 5584 2262 5635 Ἥ
2295 5580 2641 5650 δευτέρωσις,
2670 5578 2825 5649 φησὶ,
2859 5576 3147 5647 βεϐαίωσίς
3183 5579 3303 5629 ἐστι
3328 5577 3435 5631 τῶν
3459 5592 3562 5644 φα-

1985 5665 2206 5728 νέντων,
2247 5661 2342 5716 καὶ
2381 5658 2724 5730 πληροφορία
2756 5658 2841 5709 ὅτι
2876 5657 3095 5719 πάντως
3118 5654 3291 5709 ταῦτα
3332 5657 3563 5727 γενήσε-

1993 5761 2095 5800 ται.
2121 5744 2233 5797 Καὶ
2263 5741 2447 5812 ἐπειδὴ
2475 5741 2711 5810 διέκρινε
2741 5737 2831 5790 τὸν
2865 5735 3097 5807 ἀριθμὸν
3122 5735 3229 5790 τῶν
3252 5738 3395 5791 ἐπτά
3423 5737 3564 5808 βοῶν

1990 5826 2085 5879 καὶ
2096 5822 2204 5876 τῶν
2226 5823 2366 5877 ἐπτά
2389 5819 2541 5892 [605]
2564 5816 2829 5887 σταχύων.
2847 5816 3014 5869 είπὼν
3036 5817 3290 5887 εὐθηνίαν
3316 5819 3562 5889 μεγάλην

1992 5902 2232 5967 ἔσεσθαι,
2266 5901 2360 5954 καὶ
2389 5897 2594 5970 ταύτην
2619 5896 2776 5969 λιμὸν
2805 5896 3142 5960 διαδέξεσθαι
3168 5896 3425 5967 χαλεπὸν,
3449 5897 3559 5952 λοιο

2068 6030 2100 6103 fl
2124 6032 2348 6094 Quinque
2371 6044 2489 6081 mss.
2506 6028 2848 6093 παρασκευάσῃ
2870 6029 3098 6090 γενέσῠαι.

3292 6096 3361 6156 11
