4038 6358
473 374 579 430 545

470 487 573 543 πὺν
606 484 701 540 καὶ
748 479 1054 553 συμϐουλὴν
1085 479 1293 549 εἰσάγει
1330 479 1581 549 ἀρίστην,
1611 477 1703 531 καί
1733 492 1895 547 φησι·
1928 477 2049 531 Κα-

467 572 742 641 τάστησον
772 566 940 636 ἄνδρα
973 564 1067 617 ἐπὶ
1095 563 1196 633 τῆς
1226 562 1526 631 Αἰγύπτου,
1553 561 1611 625 ὃς
1633 561 1923 631 δυνήσεται
1945 559 2053 613 τῶν

469 652 610 709 ἐπτά
655 648 793 703 ἐτῶν
820 648 919 719 τῆς
956 645 1215 717 εὐθηνίας
1260 644 1331 698 τά
1377 647 1695 715 γεννήματα
1730 641 2053 710 συναγαγὼν

467 737 641 798 οὑτως
668 734 1044 801 οἰκονομῆσαι,
1091 730 1166 793 ὼς
1204 726 1501 798 δυνηθῆναι
1529 729 1585 780 ἐν
1621 726 1700 797 τῷ
1740 724 1919 795 καιρῷ
1959 722 2051 777 τοῦ

467 817 628 889 λιμοῦ
665 814 1022 887 παραμυθίαν
1062 811 1339 881 εὑρέσθαι,
1380 810 1475 865 καὶ
1505 809 1580 881 μὴ
1616 808 1856 878 παντελῆ
1894 806 2051 875 γενέ-

471 903 596 957 σθαι
632 901 723 954 τὸν
764 898 1097 968 ἀφανισμόν.
1134 898 1353 963 Ἤρεσε
1382 895 1568 948 ταῦτα
1596 894 1678 959 τῷ
1715 891 1926 961 Φαραὼ
1955 891 2056 945 καί

471 987 623 1042 πᾶσι
643 985 771 1051 τοῖς
798 983 1016 1037 παισίν
1043 981 1251 1035 αὑτοῦ.
1274 981 1384 1034 Καὶ
1412 978 1598 1032 λοιπὸν
1621 978 1886 1049 ὑπηρετεῖ
1907 978 1935 1030 6
1957 977 2057 1029 Φα-

473 1072 588 1144 ραὼ
616 1074 683 1142 τῇ
710 1068 933 1123 ἐκϐάσει
972 1066 1080 1119 τῶν
1106 1067 1400 1137 ὀνειράτων
1432 1064 1525 1117 τοῦ
1543 1063 1764 1131 Ἰωσὴφ,
1798 1054 1873 1116 ὧν
1903 1059 2059 1114 ἐθεά-

472 1172 602 1209 σατο
633 1155 795 1227 ἡνίκα
821 1152 972 1223 παρὰ
998 1151 1075 1221 τῷ
1102 1151 1271 1221 πατρὶ
1298 1149 1476 1220 διῆγε.
1524 1147 1629 1201 Καὶ
1659 1147 1821 1211 αὐτὸς
1860 1146 1956 1218 μέν
1989 1144 2057 1199 τὰ

471 1241 729 1312 ὀνείρατα
761 1238 855 1292 τοῦ
883 1236 1085 1309 Φαραὼ
1107 1236 1374 1305 διέκρινεν
1392 1251 1405 1264 ·
1432 1235 1460 1286 ὁ
1492 1232 1548 1287 δέ
1568 1230 1770 1303 Φαραὼ
1798 1233 1877 1294 εἰς
1909 1229 2058 1292 τέλος

469 1323 573 1398 ἦγε
606 1325 719 1378 τῶν
750 1323 1042 1394 ὀνειράτων
1083 1325 1183 1393 τὴν
1230 1319 1451 1373 ἑκϐασιν
1501 1318 1730 1388 ἀγνοῶν.
1794 1314 2059 1378 Ἀκούσας

470 1411 582 1483 γὰρ
601 1408 794 1473 ταῦτα,
825 1408 1011 1478 φησὶν,
1044 1401 1193 1460 Εῒπε
1208 1404 1333 1469 τοῖς
1362 1402 1576 1457 παισὶν
1600 1401 1787 1456 αὑτοῦ
1802 1417 1818 1432 ο
1842 1399 1938 1467 Μὴ
1960 1401 2060 1483 εὐς

469 1481 742 1564 ρήσομεν
756 1493 1068 1562 ἄνθρωπον
1085 1489 1379 1555 τοιοῦτον,
1412 1486 1480 1555 ὃς
1498 1489 1625 1556 ἔχει
1647 1485 1885 1555 πνεῦμα
1910 1481 2060 1539 Θεοῦ

472 1584 542 1635 ἐν
567 1578 758 1643 ἐαυτῷ
780 1594 797 1642 ;

545 1688 607 1740 δ’.
628 1683 779 1749 Εἶδες
805 1682 924 1747 πῶς
944 1681 1086 1751 ἐγνω
1103 1681 1197 1734 καὶ
1212 1679 1376 1743 αὐτὸς
1392 1680 1473 1732 ὅτι
1504 1680 1569 1732 ἐκ
1580 1677 1683 1748 τῆς
1705 1676 1912 1731 ἄνωθεν
1930 1676 2066 1731 άπο-

475 1770 760 1840 καλύψεως
787 1765 936 1837 αὑτῷ
964 1764 1141 1819 ταῦτα
1185 1762 1465 1834 κατάδηλα
1501 1762 1729 1831 γέγονε;
1764 1761 1900 1815 Τίνα
1931 1760 2062 1832 γὰρ,

476 1856 663 1925 φησὶν,
704 1853 1033 1923 εὑρήσομεν,
1064 1847 1125 1912 ὃς
1155 1845 1413 1916 τοιαύτης
1452 1845 1683 1915 ἠξίωται
1711 1844 1955 1915 χάριτος,
1990 1843 2067 1906 ῶς

475 1936 694 2008 πνεῦμα
718 1934 853 1989 Θεοῦ
881 1934 1026 2003 ἐχειν
1052 1934 1110 1986 ἐν
1144 1930 1323 2002 ἐαυτῷ
1349 1947 1363 1994 ;
1392 1929 1503 1984 Καὶ
1538 1926 1670 1982 εἷπε
1690 1928 1772 1994 τῷ
1816 1925 2029 1995 Ἰωσήφ
2047 1942 2061 1958 ο

488 2021 728 2089 Ἐπειδὴ
754 2017 948 2083 ἔδειξέ
970 2033 1068 2071 σοι
1092 2019 1124 2069 ὀ
1147 2015 1290 2080 Θεὸς
1313 2014 1511 2067 πάντα
1533 2012 1741 2080 ταῦτα,
1763 2013 1875 2067 οὐκ
1896 2012 2068 2066 ἐστιν

477 2107 786 2173 ἄνθρωπος
825 2098 1261 2171 φρονιμώτερος
1298 2112 1436 2151 σου.

547 2209 747 2263 Σκόπει
785 2204 1020 2260 ἐνταῦθα
1057 2202 1202 2267 πῶς,
1242 2203 1373 2255 ὅταν
1405 2199 1660 2270 βούληται
1701 2200 1730 2252 ό
1760 2198 2067 2269 εὐμήχανος

477 2295 609 2357 Θεὸς
639 2295 719 2355 εἰς
748 2290 908 2361 ἔργον
956 2289 1185 2355 ἀγαγεῖν
1214 2284 1282 2338 τὰ
1326 2282 1476 2354 αὐτῷ
1502 2283 1750 2348 δόξαντα,
1774 2281 1925 2335 οὐδὲν
1958 2279 2067 2332 τῶν

478 2382 537 2433 ἐν
564 2378 642 2448 τῷ
674 2377 823 2448 μέσῳ
855 2372 1259 2443 συμϐαινόντων
1282 2369 1509 2439 κώλυμα
1541 2367 1792 2436 γενέσθαι
1820 2365 2064 2419 δύναται.

492 2468 622 2521 ’ἰδοῦ
662 2465 793 2535 γὰρ.
827 2462 920 2515 καὶ
971 2458 1153 2529 σφαγὴ
1194 2457 1416 2528 σχεδὸν,
1450 2456 1526 2521 ὡς
1577 2456 1773 2518 εἰπεῖν,
1824 2454 1929 2506 ὑπὸ
1959 2452 2069 2505 τῶν

482 2548 731 2619 ἀδελφῶν
777 2547 1001 2615 γέγονε,
1057 2544 1152 2595 καὶ
1188 2542 1426 2613 πρᾶσις,
1468 2540 1560 2592 καὶ
1588 2537 1892 2609 κατηγορία
1941 2536 2071 2608 περὶ

480 2634 645 2689 αὐτὸν
678 2632 907 2701 ἔσχατον
936 2627 1217 2695 ἐπάγουσα
1256 2623 1522 2685 κίνδυνον,
1564 2622 1660 2676 καὶ
1696 2622 2071 2692 δεσμωτήριον

481 2719 576 2771 ἐπὶ
602 2714 856 2770 τοσοῦτον
885 2712 1097 2782 χρόνον,
1124 2708 1220 2761 καὶ
1249 2706 1390 2777 μετά
1420 2705 1592 2759 ταῦτα
1620 2706 1833 2758 ἅπαντα
1860 2707 1940 2767 εἰς
1972 2706 2071 2758 αὐ·-

481 2804 574 2857 τδν
624 2797 915 2869 ἀνηνέχθη,
946 2794 1132 2864 σχεδὸν
1173 2794 1369 2857 είπεῖν,
1410 2790 1501 2843 τὸν
1533 2790 1721 2862 θρόνον
1741 2791 1833 2843 τὸν
1866 2789 2075 2859 βασιλι-

484 2892 601 2946 κόν.
655 2884 894 2952 Ἐπειδὴ
922 2881 1113 2947 ἐδειξέ
1137 2898 1236 2935 σοι
1267 2883 1299 2934 ό
1336 2874 1480 2945 Θεὸς
1504 2877 1701 2931 πάντα
1727 2877 1933 2943 ταῦτα,
1964 2878 2075 2930 οὐκ

486 2978 659 3029 ἐστιν
680 2970 990 3038 ἅνθρωπος
1021 2964 1456 3036 φρονιμώτερός
1478 2976 1595 3015 σου
1626 2962 1723 3015 καί
1760 2958 2076 3015 συνετώτε-

481 3076 609 3128 ρος.
654 3054 735 3109 Σὺ
761 3049 875 3108 οὖν
897 3051 1014 3120 ἔσῃ
1040 3050 1136 3102 ὲπί
1163 3048 1243 3114 τῷ
1264 3050 1406 3114 οτκῳ
1426 3064 1566 3117 μου,
1594 3045 1694 3099 καί
1714 3046 1810 3099 ἐπὶ
1834 3043 1914 3109 τῷ
1939 3044 2078 3128 στό-

483 3127 627 3211 ματί
678 3153 795 3191 σου
848 3135 1247 3190 ἐπακούσεται
1293 3131 1412 3196 πᾶς
1467 3133 1499 3184 ό
1550 3129 1719 3197 λαὸς,
1757 3129 1925 3197 πλὴν
1974 3127 2079 3183 τὸν

490 3226 709 3292 θρόνον
747 3219 1015 3287 ὑπερέξω
1051 3233 1167 3270 σου
1209 3215 1342 3284 ἐγώ.
1382 3216 1523 3285 ’Ὀρα
1559 3212 1676 3276 πῶς
1708 3213 1903 3283 ἀθρόον
1931 3214 1959 3264 6
1990 3213 2079 3265 δε-

494 3307 718 3378 σμώτης
744 3302 997 3374 βασιλεὺς
1014 3300 1338 3354 καθίσταται
1354 3299 1535 3370 πάσης
1556 3300 1654 3370 τῆς
1675 3298 1972 3367 Αἰγύπτου,
1986 3298 2080 3350 καί⁸

492 3397 522 3449 6
567 3394 672 3447 ὑπὸ
712 3391 807 3444 τοῦ
860 3390 1262 3461 άρχιμαγείρου
1312 3390 1393 3451 εἰς
1437 3388 1499 3440 τὸ
1544 3388 1919 3459 δεσμωτήριον
1970 3388 2081 3439 εἰσ-

494 3477 702 3549 αχθεὶς,
723 3475 825 3528 ὑπὸ
842 3474 934 3526 τοῦ
956 3472 1221 3543 βασιλέως
1247 3474 1325 3534 εἰς
1341 3470 1509 3535 αὐτὴν
1526 3471 1785 3539 ἀνάγεται
1816 3471 1913 3541 τὴν
1937 3471 2079 3523 ἀνω-

494 3564 644 3617 τάτω
668 3560 833 3629 τιμήν
866 3560 890 3589 ⁸
912 3573 924 3585 ·
956 3556 1050 3609 καί
1073 3557 1101 3607 ό
1137 3555 1429 3625 γενόμενος
1454 3553 1614 3607 αὑτοῦ
1642 3554 1907 3625 δεσπότης
1936 3550 2082 3618 ἐξαί-

496 3664 634 3716 φνης
668 3643 834 3715 ἐώρα,
869 3642 927 3696 ὃν
967 3639 1043 3703 ὡς
1085 3638 1271 3709 μοιχὸν
1307 3639 1387 3700 εἰς
1414 3637 1475 3690 τὸ
1503 3637 1873 3709 δεσμωτήριον
1916 3637 2081 3708 ἐμϐε-

496 3731 711 3801 ϐλήκει,
739 3728 839 3798 τὴν
870 3724 1043 3796 ἀρχὴν
1074 3722 1255 3792 πάσης
1278 3721 1554 3790 Αἰγύπτου
1586 3721 1896 3792 δεξάμενον.
1930 3717 2083 3784 Εἶδες

496 3820 663 3873 πόσον
696 3816 813 3870 ἐστὶ
851 3813 913 3867 τὸ
952 3812 1141 3883 φέρειν
1172 3810 1509 3881 εὐχαρίστως
1542 3812 1669 3873 τοὺς
1703 3809 2079 3880 πειρασμούς;

496 3903 598 3958 Διά
624 3901 783 3956 τοῦτο
809 3899 905 3953 καὶ
944 3895 1153 3959 Παῦλος
1183 3895 1395 3963 ἔλεγεν·
1440 3896 1502 3950 Ἠ
1528 3895 1735 3963 θλίψις
1766 3895 2084 3963 ὑπομονὴν

497 3982 935 4052 κατεργάζεται,
958 3981 997 4047 η
1020 3979 1088 4032 δὲ
1109 3977 1386 4047 ὑπομονὴ
1413 3977 1686 4047 δοκιμὴν,
1716 3978 1754 4045 ἡ
1774 3978 1841 4031 δὲ
1866 3978 2081 4047 δοκιμὴ

497 4067 738 4129 ἐλπίδα,
774 4067 813 4133 ἡ
849 4063 918 4117 δὲ
943 4062 1121 4128 ἐλπὶς
1170 4065 1242 4115 οὐ
1278 4063 1685 4130 καταισχύνει.
1727 4063 1868 4131 Ὅρα
1894 4058 1986 4115 οῦν
2019 4062 2081 4101 b'

497 4152 598 4214 τὰς
628 4149 836 4219 θλίψεις
885 4147 1002 4217 μεθ’
1036 4144 1316 4216 ὑπομονῆς
1346 4146 1607 4215 ῆνεγκεν·
1644 4147 1677 4215 ἡ
1712 4146 1957 4216 ὑπομονὴ
1994 4146 2081 4199 δό-

500 4251 662 4304 κιμον
689 4231 850 4286 αὑτὸν
872 4230 1244 4300 ἀπειργάσατο
1260 4244 1272 4256 ·
1295 4227 1516 4295 δόκιμος
1538 4227 1827 4297 γενόμενος
1850 4227 2085 4292 ἐλπίζων

500 4316 730 4370 διετέλει
750 4332 763 4344 ο
798 4316 831 4385 ὴ
865 4312 1021 4375 ἐλπὶς
1052 4312 1113 4364 οὐ
1147 4310 1504 4381 κατῄσχυνεν.
1539 4304 1687 4364 Εἷπε
1710 4310 1777 4362 δὲ
1805 4312 1954 4379 πρὸς
1979 4312 2086 4364 αὐ-

500 4408 629 4459 τόνο
671 4401 819 4456 Ἰδοὺ
851 4400 1173 4469 καθίστημι
1207 4415 1281 4452 σε
1312 4399 1579 4467 σήμερον
1614 4398 1711 4451 ἐπὶ
1743 4397 1948 4452 πᾶσαν
1967 4400 2087 4469 γῆν

500 4488 824 4558 Αἰγύπτου.
848 4483 956 4538 Καὶ
979 4484 1398 4551 περιελόμενος
1413 4480 1620 4549 Φαραὼ
1638 4482 1747 4535 τὸν
1764 4481 2087 4537 δακτύλιον

502 4572 620 4627 ἀπὸ
652 4570 763 4637 τῆς
787 4568 986 4638 χειρὸς
1011 4566 1218 4629 αὐτοῦ,
1248 4565 1596 4635 περιέθηκεν
1621 4567 1805 4619 αὑτὸν
1850 4566 1948 4619 ἐπὶ
1975 4567 2089 4635 τὴν

503 4656 671 4726 χεῖρα
706 4653 951 4721 Ἰωσὴφ,
982 4651 1077 4705 καί
1107 4649 1399 4704 ἐνέδυσεν
1443 4650 1629 4703 αὐτὸν
1675 4650 1911 4718 στολὴν
1928 4652 2089 4715 ,βυσ-

502 4740 707 4807 σίνην,
759 4735 858 4789 καὶ
892 4734 1202 4802 περιέθηκε
1245 4732 1455 4787 κλοιὸν
1486 4732 1759 4802 χρυσοῦν
1800 4734 1933 4801 περὶ
1984 4734 2091 4789 τὸν

501 4822 810 4892 τράχηλον
849 4818 1057 4881 αὐτοῦ,
1110 4817 1207 4871 καὶ
1255 4817 1605 4871 ἐνεϐίϐασεν
1654 4818 1841 4871 αὑτὸν
1885 4817 1985 4871 ἐπί
2022 4818 2090 4872 τὸ

504 4908 660 4978 ἅρμα
691 4906 756 4958 τὸ
791 4903 1076 4971 δεύτερον
1120 4902 1327 4966 αὐτοῦ,
1363 4902 1462 4955 καὶ
1496 4902 1797 4971 ἐκήρυξεν
1826 4903 2090 4973 ἐμπροσ-

504 4995 611 5046 θεν
631 4988 817 5044 αὑτοῦ
843 4985 1064 5056 κῆρυξ,
1095 4984 1196 5039 καὶ
1220 4985 1596 5055 κατέστησεν
1616 4986 1804 5041 αὐτὸν
1827 4988 1919 5056 ἐφ’
1943 4987 2093 5056 ὅλης

503 5074 616 5143 τῆς
640 5073 965 5142 Αἰγύπτου.
1022 5068 1239 5141 Ἐπειδὴ
1266 5068 1375 5141 γὰρ
1406 5070 1498 5124 τὸν
1526 5069 1659 5125 Θεὸν
1686 5066 1799 5142 εἶχε
1830 5070 1947 5141 μεθ’
1969 5072 2095 5125 ἐαυ-

503 5159 622 5220 τοῦ,
648 5151 805 5220 οῦτος
832 5153 980 5226 αὑτῷ
1013 5153 1188 5208 ταῦτα
1218 5155 1397 5208 πάντα
1437 5156 1863 5227 προηυτρέπισε,
1895 5156 1991 5209 καὶ
2014 5158 2096 5219 εἰς

504 5243 604 5312 τὴν
655 5240 1014 5313 περιφάνειαν
1059 5238 1222 5292 αὐτὸν
1265 5237 1470 5309 ταύτην
1516 5239 1810 5310 ἀνήγαγεν.
1843 5236 1992 5295 Εἷπε
2028 5240 2097 5294 δὲ

507 5324 736 5394 Φαραώ·
761 5326 933 5377 Ἄνευ
970 5321 1087 5376 σοῦ
1112 5320 1315 5387 οὐδεὶς
1352 5319 1539 5390 ἐξάρῃ
1570 5321 1684 5390 τὴν
1716 5321 1886 5391 χεῖρα
1907 5322 2097 5378 αὑτοῦ

506 5408 605 5461 ἐπὶ
634 5407 801 5475 πάσῃ
831 5405 983 5478 [606]
1004 5405 1081 5475 γῇ
1112 5406 1435 5474 Αἰγύπτου.
1467 5405 1577 5459 Καὶ
1601 5405 1858 5461 ἐκάλεσε
1890 5408 2098 5476 Φαραὼ

510 5500 575 5552 τὸ
611 5499 799 5567 ὄνομα
841 5497 1076 5565 Ἰωσὴφ,
1124 5496 1609 5565 ΨομθομςοανήΓ
1650 5496 1738 5550 διά
1786 5498 1884 5568 τῆς
1922 5517 2095 5569 προσ-

513 5583 741 5652 ηγορίας
769 5581 862 5634 τοῦ
885 5581 1148 5651 ὀνόματος
1167 5580 1389 5652 διηνεκῆ
1417 5579 1514 5651 τὴν
1539 5581 1755 5652 μνήμην
1779 5580 2097 5652 βουλόμενος

513 5664 871 5725 ἐναποθὲσθαι
905 5664 1004 5733 τῆς
1044 5664 1456 5735 ἐνυπαρχούσης
1490 5663 1637 5733 αὑτῷ
1674 5664 1883 5731 σοφίας.
1929 5665 2096 5719 Τοῦτο

512 5747 620 5817 γὰρ
647 5748 960 5817 ἑρμηνεύει,
992 5746 1115 5800 Τῶν
1138 5748 1418 5815 κρυπτῶν
1444 5749 1719 5819 γνώστης
1736 5766 1747 5781 '
1776 5752 1962 5823 ἐπειδὴ
1988 5752 2095 5821 γάρ

574 5882 603 5954 ς
622 5880 719 5954 Αἰξί
740 5883 828 5954 τήχ
847 5884 1076 5954 ἀνωτάτω
1098 5885 1262 5954 ιίιρχῇνΣ

572 5940 602 5984 b
627 5941 758 6004 Ὅρα
776 5942 872 5991 οὑν.
914 5945 1028 5994 nam
1050 5940 1231 5997 οηιίίίἱι
1248 5947 1390 5997 Cois].

1147 363 1202 419 S.
1244 358 1530 419 JOANNIS
1568 356 2058 416 CHRYSOSTOMI
2102 356 2421 417 ARCHIEP.
2468 352 3015 420 CONSTAN'I'INOP.

2162 478 2231 533 τά
2279 481 2447 534 πᾶσιν
2498 481 2749 549 ἄγνωστα
2802 480 2882 542 εἰς
2933 472 3164 550 φανερὸν
3215 480 3408 551 ῆγαγε,
3458 484 3747 554 σημαίνων

2156 562 2315 615 τοῦτο
2334 564 2464 617 αὐτὸ
2483 565 2512 616 6
2531 565 2731 634 Φαραὼ
2753 565 2850 635 τὴν
2871 563 3246 635 προσηγορίαν
3266 566 3414 636 αὐτῷ
3444 568 3742 639 ἐπιτίθησι.

2157 646 2268 699 Καὶ
2301 646 2812 716 ἐπιδαψιλευόμενος
2837 650 2902 717 τῇ
2937 651 3093 718 τιμῇ,
3125 647 3340 700 δίδωσιν
3363 649 3513 720 αὐτῷ
3534 652 3630 705 καί
3649 653 3746 723 τὴν

2158 727 2436 801 θυγατέρα
2465 728 2716 799 Πετεφρῆ
2748 732 2826 792 εἰς
2861 733 3115 798 γυναῖκα.
3153 726 3286 784 Εἶτα
3313 734 3499 804 ἐπειδὴ
3528 734 3749 804 ὁμώνυ-

2162 828 2262 882 μος
2304 808 2373 883 ῆν
2415 807 2567 876 οὗτος
2608 812 2687 882 τῷ
2730 813 3008 885 γενομένῳ
3050 814 3215 867 αὑτοῦ
3249 815 3483 890 δεσπότῃ
3509 859 3524 882 ,
3570 820 3746 887 φησὶ,

2166 895 2275 949 Τοῦ
2307 896 2502 964 ίερέως
2544 897 2995 963 Ἡλιουπόλεως.
3023 897 3132 950 Καὶ
3155 898 3242 952 ἵνα
3271 899 3534 971 μάθωμεν
3560 900 3750 956 λοιπὸν

2159 980 2275 1033 οἵαν
2302 982 2450 1048 ἄγων
2500 982 2593 1053 τὴν
2623 981 2840 1051 ἡλικίαν
2865 983 2893 1034 6
2933 981 3237 1051 θαυμάσιος
3276 978 3432 1047 οὗτος
3472 987 3749 1055 τοσαύτης

2160 1062 2378 1131 ὴξιοῦτο
2404 1064 2502 1133 τῆς
2533 1064 2769 1136 ἀμοιϐῆς
2817 1066 2909 1117 καὶ
2950 1064 3237 1128 τοσούτους
3272 1067 3585 1131 ἐπεδείξατο
3620 1070 3749 1132 τούς

2160 1146 2378 1212 ἄθλους,
2404 1148 2567 1217 φησίν
2586 1166 2605 1183 π
2646 1146 2859 1216 Ἰωσὴφ
2893 1146 2960 1199 δὲ
2982 1143 3060 1217 ἦν
3088 1147 3407 1216 τριάκοντα
3444 1150 3616 1217 ἐτῶν,
3650 1152 3752 1205 ὅτε

2161 1230 2307 1299 ἔστη
2337 1232 2615 1285 ἐναντίον
2648 1232 2879 1301 Φαραώ.
2925 1232 3017 1304 Μὴ
3048 1230 3236 1295 άπλῶς
3285 1234 3597 1305 νομίσωμεν
3639 1236 3752 1288 τῶν

2163 1316 2300 1369 ἐτῶν
2349 1316 2438 1370 τὸν
2472 1317 2662 1388 χρόνον
2703 1315 2984 1384 ἐγκεῖσθαι
3007 1356 3021 1381 ,
3072 1316 3187 1370 ἀλλ’
3220 1317 3307 1370 ἵνα
3338 1317 3632 1388 μάθωμεν,
3667 1318 3749 1370 ὅτι

2162 1398 2263 1452 οὐκ
2313 1399 2458 1454 ἐστιν
2501 1400 2672 1454 οὐδενί
2720 1399 3008 1471 ἀμελοῦντι
3055 1400 3154 1469 τῆς
3204 1401 3403 1470 ἀρετῆς
3442 1402 3749 1469 ἀπολογία,

2162 1484 2283 1538 οὑδὲ
2317 1485 2494 1550 ἔξεστί
2530 1502 2638 1538 τινι
2686 1484 3053 1556 προϐαλέσθαι
3086 1484 3335 1555 νεότητα,
3372 1486 3499 1538 ἔνθα
3547 1487 3753 1556 ἀρετὴν

2164 1568 2538 1634 ἐπιδείξασθαι
2575 1569 2672 1623 δεῖ.
2717 1569 2847 1622 Ἰδοὺ
2880 1567 2990 1639 γὰρ
3018 1560 3175 1632 οὗτος
3207 1569 3268 1621 οὐ
3305 1568 3466 1638 μόνον
3496 1568 3614 1633 νέος
3657 1564 3749 1639 ἦν,

2164 1651 2298 1707 ἀλλὰ
2329 1652 2423 1705 καὶ
2452 1651 2616 1715 καλὸς
2642 1651 2721 1723 τῷ
2747 1652 2875 1705 είδει
2898 1691 2912 1714 ,
2945 1653 3037 1705 καὶ
3065 1652 3268 1722 ὡραῖος
3305 1655 3370 1722 τῇ
3408 1650 3554 1719 ὄψει.
3590 1651 3752 1704 Ἐστι

2165 1736 2273 1807 γὰρ
2309 1736 2402 1790 καὶ
2438 1736 2556 1789 νέον
2607 1735 2736 1790 ὅντα
2786 1737 2862 1807 μὴ
2886 1736 3186 1805 κεκτῆσθαι
3229 1735 3327 1805 τὴν
3372 1736 3467 1787 τοῦ
3498 1734 3753 1803 σώματος

2166 1820 2486 1891 εὐμορφίαν.
2516 1814 2683 1883 Οὗτος
2711 1821 2767 1873 δέ
2806 1820 2943 1890 μετά
2969 1820 3069 1890 τῆς
3094 1820 3346 1889 νεότητος
3379 1820 3472 1872 καὶ
3495 1820 3659 1881 καλὸς
3685 1816 3753 1888 ἦν

2164 1904 2242 1974 τῷ
2290 1904 2439 1969 εἴδει,
2475 1904 2566 1960 καὶ
2614 1903 2815 1975 ὡραῖος
2848 1906 2920 1975 τῇ
2969 1904 3108 1973 ὄψει,
3142 1904 3234 1956 καί
3280 1903 3466 1973 σχεδὸν
3497 1907 3555 1956 ἐν
3604 1904 3756 1973 αὐτῷ

2166 1988 2264 2057 τῆς
2295 1986 2515 2057 ἡλικίας
2534 1987 2612 2057 τῷ
2637 1986 2787 2039 ἄνθει
2809 1987 3111 2056 τυγχάνων,
3142 1985 3325 2049 δοῦλος
3357 1987 3451 2038 καὶ
3470 1986 3754 2055 αἰχμάλω-

2166 2087 2255 2132 τος
2310 2071 2542 2139 ἐγένετο.
2583 2070 2871 2123 Δεκαεπτά
2901 2069 3037 2121 ἐτῶν
3080 2069 3190 2139 γάρ
3244 2064 3333 2139 ἦν,
3370 2070 3555 2138 φησὶν,
3594 2069 3756 2140 ήνίκα

2169 2153 2415 2225 κατήχθη
2434 2154 2514 2217 είς
2543 2152 2841 2222 Αἴγυπτον.
2873 2148 3005 2206 Εἶτα
3040 2153 3097 2205 ἐν
3140 2153 3281 2223 αὐτῇ
3317 2155 3382 2223 τῇ
3410 2151 3628 2223 καμίνῳ
3655 2154 3758 2223 τῆς

2169 2239 2420 2309 νεότητος
2470 2239 2821 2309 γεγενημένῳ
2877 2236 3175 2290 ἐπιτίθεται
3228 2239 3261 2306 ἡ
3312 2236 3608 2299 ἀκόλαστος
3662 2238 3758 2287 Αἰ-

2168 2321 2720 2392 γυπτία,ὴδέσποινα
2754 2319 2919 2374 αὐτοῦ
2949 2320 3313 2390 γεγενημένη,
3348 2319 3440 2371 καὶ
3467 2319 3587 2371 οὐδὲ
3612 2316 3760 2371 οὕτω

2170 2406 2517 2475 περιεγένετο
2537 2406 2636 2475 τῆς
2656 2405 2907 2476 ἀνδρείας
2928 2404 3019 2457 τοῦ
3046 2404 3256 2458 δικαίου
3278 2419 3293 2433 ο
3324 2396 3443 2455 εἶτα
3464 2401 3523 2455 τὸ
3548 2402 3761 2472 δεσμω-

2168 2490 2379 2559 τήριον,
2412 2489 2506 2541 καὶ
2541 2491 2573 2558 ή
2603 2489 2693 2541 ἐπὶ
2725 2487 2977 2541 τοσοῦτον
3004 2488 3193 2559 χρόνον
3226 2488 3342 2539 ἐκεῖ
3370 2486 3719 2557 ταλαιπωρία
3742 2500 3758 2515 ⁸

2171 2572 2265 2625 καὶ
2301 2572 2464 2643 ἔμενε
2516 2572 2767 2642 καθάπερ
2825 2571 3060 2641 ἀδάμας,
3090 2570 3150 2623 οὐ
3179 2571 3337 2641 μόνον
3379 2572 3441 2623 οὐ
3476 2570 3763 2639 γινόμενος

2172 2656 2580 2727 ἀσθενέστερος,
2604 2656 2739 2709 ἀλλά
2759 2656 2851 2710 καί
2876 2656 3097 2708 πλείονα
3132 2655 3284 2726 ἰσχὺν
3302 2655 3761 2726 προσλαμϐάνων.

2173 2735 2301 2809 Εἶχε
2345 2742 2455 2809 γάρ
2498 2740 2795 2811 νευροῦσαν
2826 2738 2989 2794 αὐτὸν
3037 2740 3136 2810 τὴν
3170 2738 3377 2793 ἄνωθεν
3427 2739 3611 2807 χάριν.
3649 2738 3764 2789 Καὶ

2174 2823 2362 2893 ἐπειδὴ
2387 2823 2674 2895 προλαϐὼν
2701 2824 2767 2877 τά
2803 2825 2931 2895 παρ’
2956 2821 3150 2876 ἐαυτοῦ
3196 2823 3374 2876 πάντα
3418 2820 3761 2884 ἐπεδείξατο,

2174 2905 2261 2960 διὰ
2287 2906 2445 2959 τοῦτο
2469 2907 2577 2961 ἀπὸ
2599 2906 2691 2959 τοῦ
2724 2907 3095 2978 δεσμωτηρίου
3128 2905 3221 2959 ἐπὶ
3240 2904 3338 2977 τὴν
3368 2905 3543 2977 ἀρχὴν
3584 2904 3764 2973 πάσης

2177 2989 2425 3044 ἐκαλεῖτο
2457 2992 2557 3061 τῆς
2582 2990 2883 3059 Αἰγύπτου.

2246 3080 2308 3130 ε’.
2328 3074 2513 3127 Ταῦτα
2538 3074 2826 3138 ἀκούοντες
2850 3074 3120 3144 μηδέποτε
3148 3075 3205 3127 ἐν
3228 3074 3348 3135 ταῖς
3379 3072 3620 3140 θλίψεσιν
3658 3072 3764 3124 άπ-

2177 3157 2551 3230 αγορεύωμεν,
2578 3158 2711 3229 μηδέ
2732 3161 2842 3219 τοῖς
2876 3158 3095 3219 οἰκείοις
3128 3156 3405 3227 λογισμοῖς
3433 3156 3767 3209 κατακολου-

2180 3242 2399 3306 θοῦντες
2426 3242 2912 3313 δυσανασχετῶμεν
2933 3259 2948 3274 ο
2972 3241 3107 3296 ἀλλὰ
3136 3241 3337 3313 πολλὴν
3362 3241 3460 3311 τὴν
3486 3240 3767 3309 ὑπομονὴν

2180 3327 2613 3397 ἐπιδεικνύμενοι
2647 3330 2712 3397 τῇ
2746 3326 2921 3379 ἐλπίδι
2946 3325 3296 3398 τρεφὼμεθα,
3322 3324 3523 3386 εἰδότες
3551 3322 3642 3376 τοῦ
3672 3327 3770 3374 Δε-

2183 3412 2383 3464 σπότου
2431 3411 2590 3482 ήμῶν
2639 3411 2700 3463 τὸ
2739 3412 3069 3481 εὐμήχανον,
3128 3408 3222 3463 καὶ
3256 3410 3337 3462 ὅτι
3387 3409 3448 3461 οὑ
3494 3408 3767 3479 περιορῶν

2179 3496 2328 3564 ἡμᾶς
2353 3493 2752 3565 καταλιμπάνει
2774 3496 2969 3562 πεῖραν
2995 3493 3178 3547 λαϐεῖν
3203 3493 3310 3547 τῶν
3330 3492 3609 3563 λυπηρῶν,
3631 3490 3767 3542 ἀλλὰ

2184 3578 2505 3649 βουλόμενος
2534 3580 2680 3650 ἡμᾶς
2734 3579 3180 3647 ἀγωνισαμένους
3213 3577 3463 3649 λαμπρὸν
3493 3576 3769 3644 ἀναδήσα-

2184 3662 2308 3717 σθα“ι
2329 3662 2419 3715 τὸν
2445 3663 2728 3733 στέφανον.
2749 3663 2904 3715 Οῦτω
2922 3662 3120 3725 πάντες
3141 3663 3187 3714 οἰ
3213 3662 3355 3729 ἆγιοι
3380 3661 3765 3730 εὐδοκίμησαν.

2182 3745 2281 3799 Διά
2307 3744 2466 3799 τοῦτο
2500 3748 2593 3799 καὶ
2621 3746 2669 3798 οἱ
2696 3745 2982 3798 ἀπόστολοι
3004 3745 3187 3812 ἔλεγον
3204 3761 3217 3775 ⁸
3250 3746 3351 3797 Διὰ
3378 3742 3622 3797 πολλῶν
3642 3743 3768 3795 θλί-

2181 3833 2348 3899 ψεων
2380 3828 2474 3882 δεῖ
2500 3828 2658 3897 ἡμᾶς
2692 3828 2991 3882 εἰσελθεῖν
3035 3830 3122 3893 εἰς
3152 3827 3266 3896 τὴν
3292 3827 3620 3891 βασιλείαν
3661 3824 3765 3876 τοῦ

2186 3912 2355 3966 Θεοῦ.
2381 3912 2491 3965 Καὶ
2520 3913 2679 3976 αὐτὸς
2709 3913 2736 3964 6
2765 3910 2996 3982 Χριστὸς
3025 3910 3176 3979 ἔλεγε
3205 3913 3318 3973 τοῖς
3344 3910 3639 3981 μαθηταῖςσ
3674 3909 3768 3959 Ἐν

2182 3995 2262 4061 τῷ
2279 3997 2484 4064 κόσμῳ
2505 3996 2715 4062 θλίψιν
2738 3995 2922 4059 ἕξετε.
2941 3994 3032 4065 Μὴ
3053 3996 3230 4047 τοίνυν
3260 3994 3616 4063 ἀσχάλλωμεν
3633 3991 3769 4063 πρὸς

2182 4080 2281 4142 τὰς
2315 4079 2543 4148 θλίψεις,
2575 4078 2688 4131 ἀλλ’
2718 4079 3004 4149 ἀκούωμεν
3038 4078 3251 4133 Παύλου
3284 4079 3555 4145 λέγοντος,
3582 4076 3670 4128 ὅτι
3705 4076 3769 4127 οι

2183 4165 2466 4229 θέλοντες
2492 4163 2597 4231 ζῇν
2622 4164 2885 4230 εὐσεϐῶς
2905 4166 2975 4219 ἐν
2999 4164 3233 4233 Χριστῷ
3278 4162 3493 4231 Ἰησοῦ,
3520 4158 3769 4229 διωχθή-

2183 4263 2417 4302 σονται.
2448 4249 2558 4301 Καὶ
2617 4249 2689 4318 μὴ
2735 4246 3091 4320 ξενιζὼμεθα,
3138 4248 3271 4319 μηδὲ
3308 4246 3765 4317 δυσχεραίνωμεν,

2184 4332 2322 4386 ἀλλὰ
2362 4332 2499 4403 μετά
2534 4332 2715 4403 πάσης
2750 4333 3001 4404 ἀνδρείας
3029 4334 3123 4386 καὶ
3150 4330 3428 4402 ὑπομονῆς
3471 4329 3537 4382 τά
3570 4326 3769 4394 ἐπαγό-

2189 4434 2324 4487 μενα
2356 4417 2630 4487 φέρωμεν,
2659 4416 2732 4486 μὴ
2763 4416 2898 4487 πρὸς
2920 4417 3016 4487 τὰς
3043 4416 3247 4486 θλίψεις
3271 4413 3603 4485 ἀφορῶντες,
3638 4410 3767 4464 ἀλλὰ

2186 4500 2325 4571 πρὸς
2345 4500 2405 4552 τὸ
2439 4499 2627 4567 κέρδος
2644 4500 2704 4551 τὸ
2727 4502 2859 4571 ἡμῖν
2881 4499 3127 4552 ἐντεῦθεν
3156 4497 3548 4566 συλλεγόμενον
3565 4512 3582 4527 ·
3610 4498 3770 4565 ἐμπο-

2194 4583 2283 4654 ρία
2312 4584 2421 4653 γάρ
2442 4585 2588 4635 ἐστιν
2619 4582 2755 4653 αῦτη
2800 4584 3166 4654 πνευματική.
3202 4582 3311 4633 Καὶ
3350 4580 3604 4648 καθάπερ
3632 4580 3681 4631 οἰ
3704 4577 3769 4630 τὰ

2190 4667 2447 4738 χρήματα
2467 4664 2744 4733 συλλέγειν
2777 4664 3110 4735 βουλόμενοι,
3133 4664 3227 4718 καὶ
3244 4664 3340 4735 τὴν
3359 4663 3627 4733 ἐμπορίαν
3644 4659 3770 4713 ταύ-

2188 4766 2289 4819 την
2316 4748 2415 4820 τὴν
2446 4748 2702 4818 βιωτικὴν
2732 4750 3028 4819 μετιόντες,
3052 4750 3151 4801 οὐκ
3174 4748 3239 4802 ἂν
3269 4749 3470 4817 ἑτέρως
3497 4746 3771 4817 δυνηθεῖεν

2190 4833 2421 4904 αὐξῆσαι
2438 4834 2536 4902 τὴν
2557 4835 2762 4885 οἰκείαν
2778 4834 3117 4903 περιουσίαν,
3144 4834 3190 4884 εἰ
3218 4833 3291 4903 μὴ
3314 4832 3540 4895 πολλοὺς
3598 4830 3773 4884 κινδύ-

2190 4935 2314 4981 νους
2330 4917 2651 4987 ὑπομένοιεν
2679 4917 2820 4970 κατὰ
2840 4917 2942 4987 γῆν
2958 4918 3050 4971 καὶ
3070 4917 3211 4970 κατά
3228 4915 3499 4970 θάλασσαν
3531 4917 3648 4984 (καὶ
3670 4916 3771 4986 γὰρ

2191 5000 2404 5074 λῃστῶν
2423 5000 2664 5070 ἐφόδους,
2680 5001 2773 5053 καὶ
2797 5001 3069 5072 πειρατῶν
3095 4999 3386 5063 ἐπιϐουλάς
3409 5001 3620 5069 ἀνάγκη
3646 4999 3774 5051 ὑπο-

2194 5083 2429 5155 στῆναι),
2454 5081 2601 5154 [607]
2620 5084 2714 5137 καὶ
2728 5084 2878 5155 ὅμως
2896 5086 3069 5139 πάντα
3093 5084 3230 5156 μετὰ
3251 5083 3452 5153 πολλῆς
3471 5084 3569 5153 τῆς
3583 5082 3774 5153 προθυ-

2198 5168 2327 5238 μίας
2358 5166 2751 5236 καταδέχεσθαι
2774 5167 3148 5237 ἐτοιμάζονται
3167 5208 3183 5233 ,
3216 5169 3283 5238 τῇ
3311 5166 3608 5237 προσδοκίᾳ
3632 5176 3653 5204 ε
3682 5164 3772 5219 τοῦ

2194 5250 2419 5322 κέρδους
2440 5250 2695 5321 οὐδεμίαν
2715 5249 2823 5305 τῶν
2837 5250 3094 5322 λυπηρῶν
3115 5249 3365 5321 αἴσθησιν
3382 5249 3769 5317 λαμϐάνοντες·

2196 5333 2287 5387 τὸν
2314 5333 2478 5387 αὑτὸν
2499 5332 2563 5404 δὴ
2578 5334 2777 5405 τρόπον
2799 5336 2891 5388 καὶ
2919 5337 3065 5405 ἡμᾶς
3085 5333 3401 5397 ἐννοοῦντας
3418 5335 3509 5386 τὸν
3526 5332 3773 5386 ἐντεῦθεν

2203 5418 2327 5488 ἡμῖν
2352 5417 2741 5488 συλλεγόμενον
2774 5417 3002 5472 πλοῦτον
3036 5419 3130 5472 καὶ
3155 5419 3253 5490 τὴν
3275 5420 3654 5489 πνευματικὴν
3677 5421 3773 5486 ἐμ-

2197 5499 2416 5571 πορίαν,
2469 5504 2733 5572 προσήκει
2789 5502 2999 5574 χαίρειν
3045 5504 3141 5556 καὶ
3178 5502 3528 5571 ἀγάλλεσθαι,
3564 5502 3657 5554 καὶ
3702 5504 3771 5569 μη

2200 5587 2420 5637 σκοπεῖν
2452 5584 2518 5637 τὰ
2551 5585 2874 5655 βλεπόμενα,
2901 5586 3035 5640 άλλά
3058 5588 3125 5640 τά
3151 5587 3224 5658 μὴ
3246 5586 3574 5656 βλεπόμενα,
3607 5585 3750 5637 καθά

2200 5684 2304 5737 περ
2356 5670 2384 5718 ό
2430 5667 2639 5731 Παῦλος
2680 5672 2938 5722 παοαινεῖ
2989 5671 3194 5737 λέγων·
3236 5670 3332 5736 Μὴ
3380 5670 3774 5721 σκοπούντων

2197 5748 2366 5818 ἡμῶν
2404 5751 2474 5804 τὰ
2493 5750 2862 5821 βλεπόμενα.
2923 5752 3095 5805 Τοῦτο
3140 5753 3248 5823 γὰρ
3306 5752 3506 5815 πίστις,
3536 5752 3668 5804 ὅταν
3704 5750 3773 5820 μὴ

2264 5893 2285 5956 ξ
2312 5888 2537 5956 Ουὶηᾳυο
2561 5903 2675 5939 mss.
2697 5892 3042 5956 _xa_ta8é7.ovtm
3084 5898 3141 5955 τῇ
3169 5893 3453 5956 προσδοκίᾳ.
3477 5893 3605 5941 Infra
3628 5895 3772 5942 iidem

2195 5952 2305 6014 ἡμῖν
2327 5950 2640 6011 συναγόμενον
2659 5950 2982 6015 πλοῦτον,’καὶ
3003 5956 3086 6011 τήν
3105 5950 3427 6016 πνευματικὴν
3446 5956 3684 6017 εὐπορίαν.
