4038 6358
306 444 412 501 545

302 558 469 613 stitue
487 553 659 609 virum
687 567 850 626 super
863 552 1174 626 )Egyptum,
1196 552 1283 622 qui
1310 553 1479 623 possit
1502 552 1755 622 colligere
1778 552 1904 607 red-

302 649 572 705 undantes
595 648 800 704 fruetus
832 659 1038 718 septem
1078 660 1361 711 annorum,
1383 660 1447 701 ae
1464 646 1543 702 sic
1560 646 1892 716 dispelsare,

302 736 560 813 utpossit
587 742 641 796 in
670 736 915 809 tempore
951 739 1105 793 famis
1134 737 1385 794 solatium
1410 736 1661 803 inveniri,
1706 745 1761 792 et
1788 752 1893 792 non

299 834 396 888 ﬁat
420 830 729 887 omnimoda
772 829 1131 900 consumptio.
1165 831 1254 885 57.
1289 827 1597 883 Placuerunt
1623 830 1730 883 haec
1752 826 1896 882 Phan

297 927 448 979 raoni
470 934 516 978 et
542 924 771 979 omnibus
790 923 946 978 servis
965 924 1092 993 ejus.
1137 922 1391 992 Tuncque
1415 921 1734 976 ministravit
1757 920 1896 975 Pha-

298 1033 397 1071 rao
425 1017 593 1072 exitui
636 1016 964 1071 somniorum
1007 1013 1224 1084 Joseph,
1272 1029 1392 1084 qua:
1432 1013 1638 1069 viderat
1679 1013 1890 1085 quando

298 1111 443 1180 apud
474 1119 683 1181 patrem
707 1109 918 1180 agebat.
950 1109 1019 1163 Et
1041 1109 1156 1179 ipse
1178 1108 1397 1179 quidem
1421 1108 1627 1163 somnia
1654 1108 1887 1164 Pharao-

298 1202 386 1257 nis
412 1201 769 1271 dijudicabat:
798 1200 1007 1256 Pharao
1046 1209 1225 1255 autem
1266 1201 1598 1256 somniorum
1640 1212 1892 1256 eventum

297 1296 555 1366 ignorans
583 1294 649 1350 ad
677 1295 837 1350 finem
864 1293 1111 1350 ducebat.
1143 1293 1279 1349 Nam
1302 1301 1359 1348 ut
1382 1294 1500 1349 haec
1530 1294 1750 1360 audivit,
1798 1294 1888 1350 58.

296 1386 449 1442 Dixit
472 1387 627 1442 seruis
658 1386 762 1440 suis
783 1401 802 1439 :
835 1384 975 1439 Num
1000 1384 1308 1439 inveniemus
1331 1384 1583 1440 hominem
1605 1384 1780 1453 tatem,
1801 1384 1890 1453 qui

295 1480 453 1536 habet
464 1476 697 1550 spiritum
722 1477 821 1533 Dei
847 1479 901 1532 in
926 1477 1228 1547 semetipso?

368 1576 423 1630 4.
467 1574 656 1628 Vidisti
705 1571 973 1642 quomodo
1012 1571 1262 1640 cognovit
1301 1577 1356 1626 et
1394 1569 1531 1641 ipse,
1562 1585 1628 1625 ex
1657 1584 1887 1640 superna

292 1666 626 1723 revelatione
665 1664 778 1719 haec
826 1664 876 1719 ei
916 1661 1257 1719 manifestata
1292 1661 1495 1719 fuisse?
1524 1664 1695 1730 Quem
1718 1664 1883 1728 enim,

294 1759 491 1827 inquit,
540 1755 892 1821 inveniemus,
924 1755 1015 1824 qui
1042 1762 1244 1810 tantam
1281 1763 1640 1823 consequutus
1666 1756 1735 1810 sit
1759 1770 1883 1825 gra-

291 1852 447 1916 tiam,
480 1858 536 1904 ut
577 1847 822 1919 spiritum
866 1847 957 1903 Dei
984 1847 1037 1902 in
1060 1861 1119 1902 se
1148 1845 1377 1903 habeat?
1403 1847 1493 1902 59.
1524 1846 1593 1900 Et
1621 1848 1773 1914 dixit,
1800 1847 1882 1902 in-

290 1943 431 2013 quit,
459 1942 526 1995 ad
548 1940 741 2011 Ioseph
762 1955 780 1992 :
806 1937 939 2004 Quia
968 1939 1262 1993 monstrauit
1288 1938 1377 1993 tibi
1403 1937 1540 1993 Deus
1556 1939 1727 1992 omnia
1752 1938 1879 2004 haec,

290 2052 397 2089 non
417 2042 488 2088 est
512 2035 661 2088 homo
682 2032 976 2103 prudentior
998 2047 1150 2102 quam
1170 2039 1243 2086 tu.

368 2124 517 2178 Nihil
545 2123 753 2193 impedit
790 2122 1041 2176 decretum
1072 2120 1192 2175 Dei.
1226 2120 1484 2189 Quantum
1511 2122 1578 2175 sit
1610 2124 1742 2193 ferre
1767 2138 1883 2176 cum

289 2217 573 2288 gratiarum
593 2215 789 2268 actione
809 2214 1123 2267 tentationes.
1140 2243 1213 2252 —
1231 2212 1462 2268 Attende
1482 2212 1568 2269 hic
1590 2213 1878 2284 quomodo,

288 2308 739 2379 quandocumque
758 2307 985 2361 voluerit
1001 2306 1250 2374 providus
1271 2306 1410 2362 Deus
1430 2321 1593 2376 opere
1612 2307 1882 2376 complere

288 2417 413 2471 qua:
439 2401 540 2455 sibi
571 2401 681 2454 visa
708 2399 925 2465 fuerint,
960 2399 1087 2454 nihil
1117 2414 1304 2455 eorum
1331 2415 1450 2470 quae
1496 2400 1549 2455 in
1589 2401 1766 2456 medio
1786 2401 1882 2456 ob-

287 2505 438 2550 stare
458 2495 723 2561 videntur,
750 2493 1008 2563 impedire
1030 2494 1216 2563 possit.
1246 2493 1385 2549 Ecce
1406 2494 1550 2549 enim
1573 2511 1603 2547 a
1633 2494 1879 2551 fratribus

288 2603 462 2658 prope
489 2587 699 2642 occisus
730 2587 919 2650 fuerat,
960 2594 1147 2656 postea
1177 2594 1357 2641 autem
1384 2585 1653 2652 venditus,
1697 2601 1880 2642 acces-

286 2690 435 2736 serat
460 2682 585 2735 item
605 2679 867 2735 calumnia
889 2679 942 2732 in
960 2689 1255 2734 extremum
1276 2679 1571 2750 periculum
1584 2679 1876 2750 adducens,

287 2781 346 2827 et
371 2772 426 2826 in
453 2786 668 2826 carcere
698 2778 846 2824 tanto
872 2780 1112 2839 tempore
1137 2769 1327 2834 fuerat,
1350 2778 1404 2825 et
1423 2779 1546 2840 post
1564 2770 1679 2826 haec
1699 2772 1879 2828 omnia

287 2862 358 2917 ad
386 2863 579 2934 ipsum,
611 2877 777 2932 prope
804 2861 1056 2925 dixerim,
1104 2861 1246 2931 regis
1288 2862 1481 2918 solium
1517 2872 1734 2920 evectus
1770 2868 1874 2921 e'st.

291 2954 549 3021 Quoniam
573 2953 787 3008 ostendit
834 2952 922 3006 tibi
964 2951 1103 3007 Deus
1132 2953 1240 3007 [nec
1268 2955 1458 3020 omnia,
1491 2971 1592 3009 non
1619 2966 1692 3011 est
1730 2957 1878 3013 homo

288 3046 587 3117 prudentior
628 3055 674 3099 et
718 3044 1077 3116 intelligentior
1098 3055 1165 3100 te.
1188 3046 1278 3102 40.
1316 3045 1394 3100 Tu
1418 3048 1573 3118 igitur
1599 3049 1698 3104 eris
1726 3066 1880 3122 super

289 3142 501 3194 domum
525 3156 707 3207 meam,
735 3149 781 3193 et
807 3140 860 3193 in
886 3155 972 3193 ore
997 3150 1082 3194 tuo
1108 3140 1301 3195 obediet
1328 3143 1491 3197 omnis
1522 3144 1738 3213 papulas
1755 3159 1877 3199 :ve-

288 3243 573 3288 rumtamen
601 3233 783 3287 throno
809 3250 899 3304 ego
921 3244 968 3287 te
994 3234 1308 3288 antecellam.
1335 3234 1468 3289 Vide
1498 3237 1765 3306 quomodo
1789 3253 1879 3295 ca-

288 3326 467 3394 ptivus
491 3334 713 3392 repente
737 3325 1081 3380 constituitur
1117 3342 1213 3381 rex
1243 3328 1404 3381 totius
1441 3327 1676 3401 Egypti,
1706 3340 1760 3386 et
1787 3333 1875 3403 qui

288 3419 359 3474 ab
384 3418 738 3488 archimagiro
767 3418 818 3472 in
853 3433 1130 3474 carcerem
1171 3420 1443 3490 conjectus
1473 3421 1661 3488 fuerat,
1689 3438 1719 3478 a
1750 3439 1878 3495 rege

291 3510 345 3563 in
391 3524 659 3567 summum
687 3509 896 3563 locum‘
928 3512 1189 3566 exaltatus
1216 3522 1331 3567 est:
1362 3528 1424 3568 ae
1450 3515 1537 3583 qui
1568 3515 1737 3570 fuerat
1761 3517 1877 3585 ejus

288 3603 556 3666 dominus,
587 3612 809 3670 repente
856 3602 987 3656 vidit
1023 3618 1181 3673 quem
1212 3613 1267 3657 ut
1293 3604 1591 3660 adulterum
1618 3608 1667 3660 in
1690 3622 1875 3662 carce-

290 3709 406 3747 rem
428 3693 667 3759 miserat,
694 3693 856 3748 totius
886 3692 1101 3765 Egypti
1130 3695 1430 3764 suscepisse
1451 3698 1756 3766 imperium.
1790 3700 1879 3753 Vi-

290 3783 414 3838 disti
440 3783 794 3853 quantum-sit
822 3782 969 3839 ferre
997 3800 1117 3840 cum
1140 3786 1427 3856 gratiarum
1465 3788 1673 3843 actione
1700 3798 1875 3845 tenta-

290 3876 498 3929 tiones?
524 3875 812 3946 Propterea
858 3876 1052 3931 Paulus
1078 3876 1310 3945 dicebat,
1340 3878 1551 3948 Aﬁlictio
1585 3880 1877 3949 patientiam

290 3979 551 4037 operatur,
605 3968 847 4036 patientia
896 3969 1260 4038 probationem,
1309 3969 1538 4039 probatio
1567 3988 1727 4041 spent,
1763 3989 1877 4042 spes

289 4076 391 4112 non
443 4060 703 4130 pudefncit
775 4059 951 4132 (Rom.
985 4060 1038 4114 5.
1070 4060 1191 4117 5-5
1218 4060 1258 4132 ).
1295 4060 1429 4116 Vide
1473 4062 1630 4131 igitur
1668 4082 1680 4115 :
1737 4062 1872 4117 afﬂi-

287 4154 497 4207 ctiones
524 4153 783 4221 patienter
813 4154 957 4219 tulit;
991 4154 1242 4223 patientia
1270 4154 1551 4223 probatum
1573 4170 1696 4210 eum
1718 4155 1872 4221 fecit;

290 4246 544 4315 probatus
575 4246 741 4301 factus
769 4247 821 4300 in
850 4261 1040 4316 magna
1069 4261 1165 4316 spe
1191 4246 1410 4316 agebat;
1440 4262 1565 4317 spes
1586 4263 1688 4302 non
1716 4249 1878 4316 pude-

290 4340 434 4393 fecit.
466 4341 555 4393 M.
588 4338 730 4393 Dixit
755 4350 924 4393 autem
943 4338 1012 4392 ad
1041 4355 1152 4392 eum
1173 4355 1191 4391 :
1220 4338 1350 4393 Ecce
1375 4343 1624 4394 constituo
1654 4352 1700 4395 te
1729 4341 1879 4395 hodie

288 4448 444 4500 super
470 4447 669 4483 omnem
716 4442 902 4484 terram
931 4428 1169 4500 Egypti.
1211 4430 1301 4484 42.
1348 4429 1415 4483 Et
1457 4430 1667 4485 Pharao
1708 4432 1876 4486 ablato

288 4524 482 4578 annulo
503 4524 567 4577 de
592 4541 746 4577 manu
785 4541 897 4591 sua,
927 4525 1091 4593 posuit
1127 4539 1239 4577 eum
1268 4525 1320 4577 in
1351 4541 1503 4577 manu
1536 4524 1747 4597 Joseph,
1793 4528 1875 4580 in-

290 4616 497 4684 duitqne
520 4631 631 4667 eum
655 4625 787 4669 veste
828 4616 1049 4685 byssina,
1095 4624 1141 4667 et
1178 4614 1508 4668 circumdedit
1548 4618 1733 4670 collum
1770 4619 1879 4688 ejus

291 4718 466 4779 torque
491 4724 663 4771 aureo,
692 4708 782 4761 45.
812 4718 859 4761 et
890 4708 1006 4779 fecit
1047 4723 1158 4761 eum
1183 4708 1454 4762 ascendere
1492 4726 1642 4780 super
1671 4728 1877 4765 currum

288 4815 439 4855 suum
481 4800 774 4852 secundum.
822 4796 891 4851 Et
940 4798 1275 4870 promulgavit
1318 4815 1490 4853 coram
1528 4817 1584 4854 eo
1613 4817 1797 4869 prazco,
1831 4812 1878 4856 et

289 4892 545 4946 constituit
568 4908 680 4946 eum
698 4908 850 4962 super
876 4900 1032 4945 totam
1058 4889 1366 4963 Egyptum.
1393 4891 1528 4947 Nam
1560 4893 1700 4949 Deus
1719 4909 1876 4965 quem

289 4984 525 5040 habebat
551 4998 757 5049 secum,
786 4994 939 5037 antea
967 4984 1015 5038 ei
1039 4984 1216 5037 omnia
1245 4984 1382 5039 bene
1405 4984 1764 5055 disposuerat,
1791 4996 1877 5041 at-

290 5091 395 5145 que
421 5090 545 5130 eum
588 5075 639 5129 in
684 5083 889 5129 tantum
913 5073 1096 5145 gloriae
1124 5075 1336 5129 culmen
1386 5078 1580 5132 evexit.
1611 5077 1699 5133 M.
1734 5076 1879 5133 Dixit

289 5179 461 5222 autem
488 5165 732 5221 Pharao:
757 5166 953 5237 Absque
977 5175 1024 5220 te
1042 5165 1213 5220 nullus
1232 5166 1413 5222 levabit
1435 5185 1642 5224 manum
1664 5187 1810 5225 suam
1826 5173 1880 5226 in

290 5260 432 5313 omni
458 5269 590 5313 terra
615 5257 849 5330 Egypti.
880 5259 969 5314 45.
996 5255 1065 5311 Et
1097 5259 1289 5313 uocauit
1333 5258 1540 5314 Pharao
1575 5278 1757 5316 nomen
1781 5263 1880 5317 Jo-

290 5354 440 5415 seph.
476 5351 998 5422 Psomthomphanech
1019 5366 1038 5405 :
1064 5351 1425 5421 appellatione
1450 5353 1638 5409 volens
1662 5356 1878 5425 sapien-

290 5448 422 5498 tiam
442 5443 560 5511 ejus
591 5450 842 5512 perpetna
870 5443 1125 5498 memoria
1156 5450 1402 5498 testatam
1426 5459 1568 5499 esse.
1602 5445 1712 5502 Iloe
1737 5448 1881 5502 enim

293 5533 580 5604 significat,
625 5532 949 5588 Occultorum
977 5534 1209 5606 cognitor
1226 5575 1240 5590 .
1273 5550 1338 5591 eo
1366 5536 1506 5606 quod
1527 5553 1589 5592 ea
1619 5553 1739 5609 quae
1765 5554 1881 5595 om-

295 5626 453 5678 nibus
479 5624 689 5679 occulta
733 5634 885 5679 erant
920 5626 1360 5694 manifestaverit,
1391 5628 1511 5683 ideo
1537 5644 1602 5685 ex
1633 5645 1690 5686 re
1728 5641 1880 5702 gesta

292 5715 706 5786 appellationem
729 5716 777 5770 ei
801 5716 1022 5786 imponit
1064 5717 1128 5775 Et
1147 5729 1204 5775 ut
1218 5720 1578 5778 accumularct
1598 5720 1877 5793 honorem,

361 5897 378 5928 ι
418 5894 521 5957 alii,
548 5895 614 5946 ad
636 5908 870 5947 summam
887 5900 1175 5960 potestatem.

1266 466 1267 471 π
1339 437 1407 494 ιΝ
1443 435 1593 495 CAP.
1636 437 1769 493 XLI.
1813 438 2056 496 GENES.
2096 440 2326 499 HOMIL.
2366 444 2546 503 LXIII.

3488 460 3591 516 546

2014 555 2105 610 dat
2132 558 2181 613 ei
2208 558 2371 614 filiam
2412 561 2691 632 Petephrae
2734 564 2789 620 in
2829 582 3073 624 uxorem.
3102 570 3304 629 Deinde
3340 575 3461 646 quia
3491 578 3593 635 iste

2002 646 2242 719 ejusdem
2284 653 2516 709 nominis
2543 665 2661 710 erat
2687 672 2808 713 cum
2838 674 2904 714 eo
2930 660 3019 731 qui
3047 662 3294 721 dominus
3335 666 3453 738 ejus
3481 669 3591 726 fue-

2000 748 2105 805 rat,
2128 740 2277 808 dicit,
2311 743 2602 801 Sacerdotis
2637 746 2978 817 Heliopoleos.
3024 753 3089 809 Et
3129 764 3187 809 ut
3226 757 3497 817 discamus
3536 765 3588 823 in

1999 847 2103 902 qua
2128 841 2285 889 aetate
2314 834 2472 892 fuerit
2498 838 2828 896 admirabilis
2856 840 2966 909 ille,
2991 859 3079 912 qui
3107 855 3309 902 tantam
3333 864 3587 922 assequul

2000 933 2085 980 tus
2127 936 2210 980 est
2248 928 2568 996 mercedem,
2602 941 2855 1004 tantaque
2882 938 3170 991 certamina
3198 939 3459 1010 exhibuit,
3509 946 3588 1000 inc

1997 1018 2143 1086 quit:
2168 1019 2257 1075 46.
2286 1019 2481 1092 Ioseph
2512 1033 2680 1079 autem
2707 1036 2814 1080 erat
2841 1028 3048 1099 triginta
3074 1048 3343 1097 annorum,
3385 1039 3589 1104 quando

1995 1111 2131 1165 stetit
2155 1128 2326 1167 coram
2357 1113 2645 1172 Pharaone.
2675 1119 2752 1175 Ne
2775 1128 2977 1177 temere
2998 1134 3243 1193 putemus
3263 1130 3589 1200 assignatum
3614 1179 3618 1196 ι

1994 1214 2116 1257 esse
2141 1219 2422 1260 numerum
2452 1222 2734 1274 annorum,
2767 1211 2864 1267 sed
2899 1223 2957 1267 ut
2992 1214 3261 1271 discamus
3299 1221 3586 1291 negligentt

1994 1291 2243 1349 virtutem
2264 1296 2463 1351 nullam
2492 1312 2612 1354 esse
2632 1302 3029 1358 excusationem
3052 1322 3066 1360 :
3092 1321 3264 1377 neque
3291 1311 3431 1363 enim
3462 1312 3586 1368 licet

1993 1384 2153 1451 alicui
2176 1386 2410 1457 objicere
2432 1389 2793 1458 juventutem,
2835 1394 2921 1449 ubi
2952 1394 3118 1452 virtus
3152 1401 3447 1455 exercenda
3477 1412 3581 1458 est.

1992 1477 2135 1535 Ecce
2176 1480 2264 1536 ille
2289 1497 2393 1537 non
2422 1482 2594 1538 solum
2630 1484 2841 1554 juvenis
2869 1498 3013 1555 erat,
3052 1489 3145 1543 sed
3176 1492 3334 1545 etiam
3365 1494 3587 1562 pulcher

1992 1571 2195 1641 specie,
2224 1582 2278 1627 et
2307 1573 2574 1630 formosus
2615 1576 2768 1633 facie.
2811 1578 3085 1650 Conlingit
3125 1581 3265 1635 enim
3295 1583 3583 1654 aliquando

1986 1658 2239 1729 juvenem
2267 1677 2406 1731 esse,
2435 1672 2492 1721 et
2518 1666 2662 1720 nulla
2692 1669 2932 1738 corporis
2959 1669 3357 1739 pulchritudine
3382 1675 3583 1744 praidi-

1991 1760 2122 1806 tum.
2150 1751 2249 1808 Hie
2284 1763 2463 1809 autem
2493 1764 2549 1810 et
2569 1756 2779 1825 juvenis
2804 1768 2859 1813 et
2886 1760 3107 1828 pulcher
3129 1771 3245 1829 erat
3269 1764 3468 1830 specie,
3497 1763 3580 1817 fa-

1990 1843 2178 1913 cieque
2216 1845 2465 1913 decorus,
2493 1862 2555 1902 ac
2580 1849 2732 1918 quasi
2760 1849 2813 1904 in
2845 1851 2961 1919 ipso
2986 1851 3277 1921 juventutis
3304 1853 3437 1909 flore
3462 1872 3581 1911 ser-

1988 1950 2085 1990 vus
2110 1945 2166 1991 et
2193 1937 2434 2006 captivus
2464 1938 2636 1995 factus
2661 1950 2761 1994 est.
2792 1941 2985 1996 Decem
3012 1944 3154 1997 enim
3176 1954 3228 1999 et
3250 1957 3451 2014 septem
3479 1946 3581 2001 ha-

1987 2024 2147 2082 bebat
2170 2042 2359 2092 annos,
2391 2029 2602 2099 quando
2626 2029 2887 2087 deductus
2912 2041 2995 2088 est
3020 2034 3072 2087 in
3101 2033 3391 2106 ngyptum
3422 2036 3574 2109 (Gen.

1986 2118 2075 2174 57.
2110 2120 2186 2191 1).
2216 2120 2419 2176 Deinde
2444 2122 2495 2176 in
2524 2123 2636 2192 ipsa
2667 2124 3195 2195 fornacejuventutis
3222 2130 3450 2198 positum
3472 2132 3580 2186 sol~

1986 2209 2208 2268 licitavit
2234 2215 2594 2285 intemperans
2620 2215 2869 2288 Egyptia
2899 2219 3115 2274 domina
3143 2202 3483 2293 ejus,‘ncque
3499 2226 3577 2280 sic

1985 2306 2258 2374 superavit
2293 2306 2422 2376 justi
2453 2306 2551 2361 viri
2583 2306 2973 2376 fortitudinem;
3002 2312 3232 2383 denique
3275 2313 3330 2367 in
3358 2330 3577 2371 carcere

1985 2406 2134 2453 tanto
2161 2408 2401 2469 tempore
2430 2415 2763 2456 aerumnosos
2804 2402 2898 2458 fui!
2921 2421 2932 2456 :
2958 2413 3013 2458 ct
3040 2406 3235 2460 mansit
3264 2408 3413 2476 quasi
3452 2408 3578 2462 ada-

1984 2507 2130 2559 mas;
2163 2509 2268 2548 non
2298 2494 2470 2549 solum
2498 2510 2604 2549 non
2638 2496 2805 2551 factus
2833 2497 3116 2566 infirmior,
3148 2499 3243 2554 sed
3273 2509 3326 2554 et
3348 2500 3465 2570 plus
3489 2515 3577 2554 ro-

1982 2582 2130 2639 boris
2175 2601 2475 2641 assumens.
2510 2587 2707 2642 Habuit
2735 2589 2879 2643 enim
2926 2590 3266 2645 roborantem
3297 2606 3356 2645 se
3385 2607 3575 2663 super-

1983 2692 2105 2731 nam
2132 2678 2379 2748 gratiam.
2406 2678 2669 2747 Quoniam
2700 2680 2850 2750 prius
2886 2681 3030 2750 quod
3059 2697 3212 2737 suum
3257 2694 3373 2738 erat
3405 2694 3575 2738 totum

1982 2770 2251 2836 attulerat,
2283 2781 2565 2841 propterea
2588 2786 2620 2827 e
2655 2786 2873 2828 carcere
2900 2773 2968 2827 ad
3011 2774 3367 2843 principatum
3415 2776 3577 2830 totius

1981 2862 2201 2936 Egypti
2226 2864 2513 2920 accersitus
2542 2872 2643 2920 est.

2052 2956 2108 3012 5.
2148 2954 2374 3011 Fortiter
2401 2956 2622 3027 ferenda:
2659 2967 2777 3011 sunt
2802 2957 3111 3029 aﬂlictiones.
3139 2956 3312 3012 Oculis
3352 2961 3471 3027 fidei
3492 2978 3573 3017 res

1981 3046 2269 3117 spirituales
2292 3046 2661 3116 conspicienda:
2684 3056 2820 3113 sunt,
2849 3057 2895 3101 et
2921 3047 3066 3102 verba
3088 3046 3185 3100 Dei
3216 3049 3427 3117 firmiter
3464 3066 3571 3104 cre-

1982 3130 2223 3185 dendum.
2244 3160 2316 3171 —
2343 3130 2470 3186 Hice
2498 3130 2774 3186 audientes
2824 3132 2876 3185 in
2915 3132 3290 3187 afﬂictionibus
3334 3135 3569 3189 animum

1983 3239 2271 3295 numquam
2315 3223 2762 3295 dcspondeamus,
2813 3240 2988 3295 neque
3038 3225 3250 3296 propria
3294 3227 3572 3282 ratiocinia

1982 3326 2268 3389 sequentes
2314 3331 2456 3387 aegre
2510 3316 2903 3371 feramuszsed
2955 3332 3202 3386 magnam
3258 3318 3570 3387 patientiam

1982 3409 2294 3466 exhibentes
2324 3424 2418 3480 spe
2439 3411 2577 3465 bona
2604 3408 2901 3476 foveantur,
2927 3411 3158 3466 scientes
3178 3410 3448 3465 solertiam
3480 3412 3573 3465 Do-

1981 3500 2113 3555 mini
2139 3501 2305 3554 nostri
2334 3517 2347 3553 :
2377 3500 2465 3570 qui
2494 3500 2675 3554 sinens
2707 3515 2805 3555 nos
2834 3515 3020 3570 aspera
3052 3502 3305 3570 experiri,
3338 3517 3442 3558 non
3474 3501 3571 3555 de—

1983 3592 2113 3647 serit
2137 3606 2254 3656 nos,
2287 3591 2379 3646 sed
2403 3590 2514 3645 vult
2538 3599 2597 3645 ut
2622 3600 2891 3646 certantes
2930 3591 3144 3646 clariori
3187 3607 3383 3646 corona
3427 3591 3571 3647 redi-

1982 3685 2229 3737 miamur.
2263 3684 2334 3737 Ita
2365 3698 2554 3737 omnes
2582 3683 2752 3737 sancti
2781 3665 2988 3752 probati
3014 3692 3157 3738 sunt.
3196 3685 3484 3753 Propterea
3516 3694 3573 3738 et

1980 3776 2206 3845 apostoli
2232 3774 2479 3829 dicebant
2502 3794 2514 3830 :
2540 3775 2646 3829 Per
2669 3776 2855 3828 multas
2881 3775 3169 3846 aﬂlictiones
3190 3786 3385 3841 oportet
3406 3793 3497 3831 nos
3518 3778 3573 3831 in

1980 3885 2192 3939 regnum
2222 3867 2315 3921 Dei
2343 3868 2531 3922 intrare
2552 3869 2687 3938 (Act.
2720 3870 2806 3922 14.
2834 3868 2945 3938 22).
2979 3868 3044 3922 Ει
3067 3869 3180 3937 ipse
3206 3867 3448 3923 Christus
3486 3868 3574 3923 di-

1981 3961 2137 4016 ccbat
2161 3958 2436 4029 discipulis
2461 3959 2607 4014 suis:
2638 3958 2705 4013 In
2747 3960 2936 4013 mundo
2974 3960 3288 4030 aﬂlictionem
3330 3960 3573 4015 habebitis

1983 4056 2162 4130 (Joan.
2193 4056 2281 4112 16.
2310 4058 2426 4126 33).
2457 4056 2539 4111 Ne
2556 4057 2714 4127 igitur
2740 4072 3061 4113 maereamus
3093 4059 3145 4112 in
3171 4059 3571 4123 afflictionibus,

1980 4150 2075 4205 sed
2100 4148 2376 4205 audiamus
2397 4149 2617 4205 Paulum
2638 4149 2923 4217 dicentem,
2973 4150 3073 4217 Qui
3114 4151 3287 4205 volunt
3313 4153 3393 4223 pie
3413 4153 3574 4207 cicere

1980 4243 2034 4296 in
2059 4242 2262 4297 Christo
2302 4241 2449 4309 Jesu,
2473 4244 2898 4313 persequutionem
2939 4246 3192 4315 patientur
3222 4244 3315 4317 (2.
3347 4245 3481 4299 Tim.
3514 4246 3571 4301 1’5.

1982 4335 2093 4402 12).
2129 4335 2197 4389 Ει
2222 4350 2288 4389 ne
2317 4333 2663 4399 admiremur,
2696 4352 2868 4407 neque
2888 4354 3029 4408 aegre
3056 4337 3311 4406 feramus,
3335 4340 3430 4395 sed
3452 4355 3573 4394 om-

1982 4428 2068 4481 nia
2098 4442 2218 4481 cum
2252 4427 2560 4482 fortitudine
2599 4436 2655 4483 et
2697 4430 2951 4497 patientia
2985 4430 3297 4498 toleremus,
3352 4446 3457 4484 non
3502 4430 3570 4485 ad

1983 4518 2299 4574 afﬂictiones
2348 4520 2719 4589 respicientes,
2761 4521 2854 4575 sed
2899 4521 2965 4576 ad
3011 4522 3216 4577 lucrum
3266 4523 3407 4593 quod
3447 4524 3571 4579 inde

1983 4625 2368 4680 congregamns
2412 4628 2424 4663 :
2468 4612 2761 4681 spiritualis
2806 4614 2947 4666 enim
2998 4614 3239 4683 quoniam
3286 4616 3571 4685 negotiatio

1984 4710 2087 4757 est.
2118 4701 2186 4756 Et
2212 4702 2350 4756 sicut
2378 4702 2466 4772 qui
2493 4705 2746 4771 pecunias
2775 4705 3025 4774 colligere
3056 4706 3258 4770 volunt,
3286 4717 3445 4775 atque
3473 4706 3571 4760 lm-

1979 4792 2069 4863 jus
2088 4793 2269 4849 surculi
2297 4794 2707 4863 negotiationem
2731 4804 3002 4860 exercent,
3032 4813 3136 4851 non
3163 4798 3319 4852 aliter
3351 4806 3573 4866 possmt

1959 4879 2179 4953 'augere
2204 4898 2326 4938 suas
2354 4898 2503 4953 opes,
2540 4885 2639 4941 nisi
2670 4886 2833 4940 multa
2861 4887 3094 4956 pericula
3138 4898 3275 4944 terra
3329 4890 3570 4959 marique

1986 4976 2335 5032 sustinuerint
2362 4978 2612 5046 (necesse
2638 4989 2719 5033 est
2746 4979 2887 5033 enim
2921 4989 2977 5033 ut
3006 4978 3179 5034 ferant
3221 4980 3485 5035 latronum
3515 4988 3571 5036 et

1988 5068 2276 5139 piratarum
2304 5068 2581 5137 insidias);
2614 5078 2847 5124 attamen
2875 5071 3050 5125 omnia
3080 5086 3268 5141 magna
3300 5071 3569 5126 alacritate

1987 5159 2301 5227 suscipiunt,
2331 5168 2387 5213 et
2412 5159 2482 5212 ob
2514 5161 2968 5230 exspectationem
3009 5162 3159 5223 lucri.
3211 5178 3567 5217 :rrumnarnm

1987 5266 2203 5307 sensum
2232 5251 2433 5305 nullum
2459 5252 2682 5306 habent:
2710 5252 2896 5307 eodem
2926 5253 3083 5307 modo
3110 5263 3163 5307 et
3190 5268 3307 5316 nos,
3329 5254 3571 5323 cogitan-

1988 5348 2070 5395 tes
2113 5339 2324 5394 divitias
2364 5348 2418 5394 et
2470 5340 2772 5409 spirituales
2822 5356 3025 5395 merces
3055 5342 3095 5404 ⁸,
3128 5357 3257 5409 quas
3289 5342 3442 5396 nobis
3484 5342 3571 5396 hic

1987 5431 2240 5501 colligere
2282 5430 2423 5495 licet,
2467 5440 2678 5501 Oportet
2724 5431 2956 5501 gaudere
2985 5442 3040 5486 et
3065 5433 3354 5500 exsultare,
3385 5442 3572 5489 etnon

1988 5523 2336 5594 contemplari
2359 5540 2479 5594 qua:
2502 5524 2765 5587 videntur,
2790 5522 2885 5578 sed
2907 5540 3025 5594 qua:
3047 5539 3149 5578 non
3172 5524 3439 5589 videntur,
3461 5525 3574 5579 sic-

1988 5623 2131 5669 utet
2171 5615 2367 5668 Paulus
2395 5613 2669 5679 admonet,
2717 5613 2933 5667 dicens:
2967 5611 3091 5665 Non
3139 5613 3572 5667 considerantibus

1990 5704 2134 5759 nobis
2157 5721 2216 5759 ea
2240 5720 2353 5775 quae
2382 5704 2611 5758 videntur
2636 5704 2713 5772 (2.
2744 5702 2861 5757 Cor.
2886 5704 2937 5757 4.
2973 5704 3084 5775 18).
3118 5703 3262 5757 Fidei
3294 5704 3433 5758 enim
3461 5714 3568 5769 est.

2054 5846 2069 5871 ι
2108 5846 2246 5903 Juxta
2269 5840 2497 5903 quinque
2524 5845 2629 5887 Mss.
2668 5836 2932 5899 legendum
2978 5847 3069 5895 est,
3096 5836 3393 5901 spiritualem
3420 5842 3568 5891 abun-

1993 5901 2223 5965 dantiam,
2252 5901 2356 5965 pro,
2381 5901 2651 5965 spirituales
2674 5913 2871 5950 merces.
