4038 6358
462 428 565 482 547

461 557 570 597 non
614 538 979 613 corporalibus
1017 540 1185 594 oculis
1219 547 1504 595 contentos
1546 553 1688 606 esse,
1733 538 1829 593 sed
1873 538 2042 593 oculis

462 633 656 688 mentis
685 631 956 700 imaginari
984 646 1046 685 ea
1074 645 1193 700 qua:
1226 644 1334 685 non
1359 630 1627 685 videntur.
1668 629 1800 685 Nam
1828 630 1916 683 illa
1939 628 2043 683 fide

465 726 701 795 .liguiora
743 723 1007 778 credenda
1040 732 1184 789 sunt,
1216 737 1375 792 quam
1421 737 1483 777 ea
1525 735 1646 791 quae
1675 720 2043 789 corporalibus

457 818 629 872 oculis
659 816 932 871 videntur.
963 813 1052 869 Sic
1098 813 1397 883 patriarcha
1425 823 1608 884 gratus
1633 812 1729 866 fuit
1757 812 1888 877 Deo,
1918 811 2042 881 quia

458 908 683 965 credidit
711 907 1049 977 promissioni
1079 909 1216 977 ejus,
1245 915 1300 962 et
1336 906 1581 975 superior
1618 914 1804 959 natura
1851 903 2039 970 factus,

459 1000 812 1067 humanisque
855 999 1177 1064 rationibus;
1221 997 1342 1053 ideo
1371 997 1681 1068 Reputatum
1705 1006 1782 1051 est
1809 996 1853 1050 ei
1880 996 1933 1049 in
1948 995 2042 1065 ju-

455 1093 647 1146 stitiam
674 1091 850 1163 (Rom.
874 1092 929 1147 4.
958 1092 1037 1161 '5).
1059 1090 1371 1156 Considera,
1390 1089 1652 1159 justitiam
1677 1103 1798 1143 esse
1821 1086 2042 1143 credere

458 1186 522 1239 iis
541 1200 661 1255 quae
688 1200 716 1238 a
748 1184 862 1239 Deo
878 1184 1147 1239 dicuntur.
1171 1182 1396 1250 Quando
1420 1184 1561 1238 enim
1583 1182 1672 1239 ille
1698 1181 1898 1253 aliquid
1920 1196 2044 1252 pro-

456 1278 686 1344 miserit,
716 1293 785 1332 ne
810 1276 940 1332 mibi
965 1275 1258 1332 secundum
1286 1276 1571 1333 humanam
1601 1276 2039 1347 consequentiam

456 1386 548 1429 res
576 1370 840 1443 expende,
873 1370 968 1427 sed
998 1370 1243 1441 superior
1266 1369 1568 1440 huiusmodi
1607 1370 1902 1425 rationibus
1936 1369 2038 1431 sis.

456 1477 520 1517 ac
544 1461 752 1517 confide
780 1463 1033 1532 potentia:
1059 1462 1175 1531 ejus
1205 1461 1293 1532 qui
1323 1462 1591 1530 promisit.
1631 1461 1705 1517 lta
1750 1462 2039 1531 unusquis-

457 1571 562 1626 que
586 1556 850 1625 jnstorum
881 1558 1137 1626 probatus
1159 1554 1275 1620 fuit,
1299 1555 1369 1609 ita
1392 1563 1445 1610 et
1464 1554 1794 1609 admirabilis
1829 1554 1918 1609 ille
1943 1553 2037 1610 Jo-

456 1649 611 1717 seph,
651 1662 772 1702 cum
815 1655 939 1718 post
982 1647 1067 1702 illa
1112 1647 1320 1701 somnia
1360 1654 1505 1701 tanta
1537 1645 1814 1716 interjecta
1842 1644 2041 1701 fuerint

457 1738 859 1807 impedimenta,
894 1753 1001 1793 non
1034 1739 1276 1794 turbatus
1302 1745 1385 1793 cst
1410 1738 1614 1804 animo,
1656 1753 1764 1793 non
1801 1752 2039 1794 commo-

457 1838 541 1884 tus
569 1838 670 1895 est,
695 1828 789 1884 scd
818 1828 1036 1884 robusta
1064 1838 1242 1885 mente
1268 1828 1477 1885 fortiter
1498 1829 1617 1885 tulit
1639 1831 1839 1897 omnia,
1862 1830 2038 1885 sciens

454 1935 561 1974 non
591 1935 710 1975 esse
737 1922 988 1991 possibile
1009 1937 1069 1978 ea
1094 1938 1212 1993 quae
1239 1922 1384 1978 Deus
1404 1922 1640 1978 decrevit
1661 1938 1769 1978 non
1795 1924 2034 1980 evenire.

453 2012 577 2067 Ideo
606 2020 728 2082 post
757 2014 1087 2078 servitutem,
1137 2022 1261 2085 post
1289 2027 1583 2082 carcerem,
1614 2024 1919 2085 tantamque
1944 2030 2036 2069 ca-

452 2107 730 2173 lumniam,
775 2108 1128 2177 principatum
1166 2106 1401 2177 suscepit
1426 2109 1589 2163 totius
1626 2106 1865 2178 Egypti.
1911 2107 2037 2163 llzec

452 2202 611 2271 igitur
647 2201 827 2255 omnia
853 2202 1169 2271 cogitantes,
1202 2200 1411 2256 fortiter
1436 2200 1793 2271 suscipiamus
1819 2216 1880 2255 ea
1910 2216 2029 2272 quae

451 2293 771 2361 inferuntur,
810 2296 1116 2365 gratiasque
1140 2308 1359 2365 agamus
1383 2308 1483 2365 pro
1507 2295 1759 2350 omnibus
1785 2294 2032 2350 clementi

450 2385 586 2452 Deo,
614 2396 667 2440 et
698 2386 814 2457 ejus
833 2396 1213 2457 exspectemus
1254 2387 1700 2458 opitulationem:
1732 2404 1851 2460 qua:
1881 2389 2035 2444 nobis

450 2477 698 2531 omnibus
725 2477 1067 2543 concedatur,
1099 2479 1267 2549 gratia
1295 2486 1350 2535 et
1375 2479 1661 2536 clementia
1693 2479 1901 2536 Domini
1938 2497 2034 2537 no-

449 2568 545 2622 stri
572 2567 699 2623 Jesu
734 2568 958 2637 Christi,
1000 2571 1085 2625 cui
1113 2585 1235 2626 cum
1265 2570 1421 2627 Patre
1449 2579 1504 2627 et
1531 2580 1717 2629 sancto
1741 2572 1940 2643 Spiritu
1966 2575 2036 2629 sit

446 2658 631 2729 gloria,
677 2658 982 2730 imperium,
1025 2670 1082 2716 et
1128 2661 1321 2730 honor,
1353 2675 1494 2717 nunc
1534 2671 1589 2719 et
1627 2677 1863 2735 semper,
1892 2673 1950 2721 et
1977 2664 2032 2721 in

448 2748 639 2805 smcula
657 2749 998 2805 smculorum.
1028 2751 1221 2807 Amen.

991 2883 1271 2940 HOMILIA
1310 2885 1495 2940 LXIV.

449 2990 615 3045 Exirit
656 3004 825 3047 autem
862 2991 1053 3065 Ioseph
1094 3011 1126 3047 a
1172 2994 1296 3065 facie
1325 2995 1642 3064 Pharaonis,
1673 3009 1720 3054 et
1750 3004 2034 3074 peragravit

515 3100 713 3135 ontuem
746 3092 935 3136 terram
971 3082 1230 3155 ngypti;
1257 3093 1307 3140 et
1349 3089 1465 3158 fecit
1502 3097 1635 3143 terra
1663 3092 1810 3146 annis
1843 3104 2032 3163 septem

517 3175 788 3244 fertilitatis
814 3172 1099 3245 manipulos
1123 3188 1143 3242 ,°
1164 3184 1213 3229 et
1239 3180 1556 3249 congregavit
1582 3183 1886 3249 frumentum
1904 3185 2033 3240 sicut

512 3284 722 3321 arenam
746 3267 901 3321 maris
938 3269 957 3337 (
980 3266 1111 3323 Gen.
1138 3269 1230 3325 41.
1253 3269 1416 3325 46-49
1434 3271 1474 3341 ).

514 3380 568 3437 1.
600 3380 768 3435 Vultis
780 3390 842 3434 ut
862 3388 916 3435 et
938 3379 1097 3435 hodie
1119 3381 1390 3436 historiam
1407 3381 1621 3453 Josephi
1644 3392 1950 3455 tractemus,
1978 3399 2034 3445 et

445 3470 720 3525 videamus
759 3470 1029 3541 quomodo
1073 3471 1154 3526 vir
1181 3470 1272 3527 ille
1300 3514 1314 3536 ,
1341 3484 1589 3543 suscepto
1631 3477 1793 3533 totius
1820 3477 2033 3551 Egypti

444 3562 774 3634 principatu,
829 3578 925 3632 per
970 3564 1204 3617 innatam
1250 3563 1350 3618 sibi
1396 3566 1795 3636 intelligentiam
1846 3586 2034 3628 omnes

443 3657 747 3713 consolatus
796 3656 998 3711 fuerit?
1027 3657 1117 3711 46.
1149 3656 1321 3711 Exivit
1359 3658 1501 3713 enim
1528 3701 1544 3727 ,
1575 3660 1784 3731 inquit,
1824 3680 1857 3717 a
1901 3664 2033 3735 facie

442 3748 728 3805 Pharaonis
751 3790 765 3815 ,
815 3755 867 3804 ct
890 3748 1117 3804 transivit
1159 3764 1249 3819 per
1288 3766 1485 3805 onmem
1536 3760 1719 3806 terram
1772 3752 1993 3825 Egypti
2014 3775 2034 3823 ;

441 3842 528 3896 Π.
560 3851 604 3898 et
632 3842 747 3914 fecit
792 3851 925 3894 terra
970 3841 1117 3895 annis
1157 3849 1344 3912 septem
1385 3842 1659 3912 fertilitatis
1705 3846 2033 3916 manipulos;

442 3932 531 3989 49.
560 3944 607 3987 et
632 3933 948 4004 congregavit
975 3933 1281 4002 frumentum
1302 3933 1431 3988 sicut
1467 3949 1675 3989 arenam
1705 3937 1881 3992 maris.
1904 3935 2035 3994 Sus—

442 4033 592 4093 cepta
621 4024 767 4095 prius
795 4040 824 4077 a
856 4038 983 4095 rege
1014 4032 1275 4094 potestate
1315 4026 1496 4093 omni,
1534 4027 1786 4099 collegit,
1816 4029 2027 4101 inquit,

442 4114 640 4185 fruges.
666 4123 721 4171 et
750 4116 801 4169 in
829 4115 1128 4171 civitatibus
1149 4116 1405 4186 reposuit,
1428 4118 1714 4187 providens
1732 4119 1839 4189 jam
1863 4122 2033 4177 multo

445 4217 596 4261 antea
622 4247 638 4274 ,
670 4222 790 4276 qua:
819 4206 1008 4262 futurae
1046 4208 1284 4277 penuriae
1325 4222 1638 4266 succurrere
1665 4222 1906 4280 possent.
1943 4213 2033 4268 Vi-

446 4300 564 4355 dis1i
591 4300 775 4370 quales
802 4300 1180 4356 retributiones
1206 4299 1529 4356 fortitudinis
1555 4310 1611 4357 et
1638 4303 1905 4371 patientiae
1930 4346 1947 4372 ,
1978 4314 2033 4361 et

447 4392 672 4446 aliarum
700 4392 955 4446 virtutum
983 4394 1143 4447 etiam
1183 4391 1271 4447 hic
1312 4392 1580 4464 acceperit
1600 4393 1774 4463 justus
1800 4436 1814 4459 ,
1842 4408 1964 4451 cum
2002 4412 2032 4451 a

445 4483 671 4538 vinculis
690 4482 756 4538 ad
778 4486 919 4554 regia
947 4483 1137 4554 palatia
1167 4484 1441 4540 ascendit?
1462 4484 1550 4541 50.
1578 4483 1704 4539 Nati
1723 4495 1841 4540 sunt
1861 4496 2028 4541 autem

444 4578 539 4645 illi,
564 4576 750 4647 inquit,
772 4576 873 4631 duo
893 4576 1008 4646 ﬁlii,
1032 4577 1322 4648 priusquam
1342 4577 1629 4633 advenirent
1645 4578 1767 4631 anni
1788 4579 2033 4649 penuria}:

444 4672 534 4727 51.
561 4679 607 4725 et
634 4670 823 4725 vocavit
848 4686 1029 4724 nomen
1048 4670 1228 4739 prioris
1250 4670 1304 4723 Μ
1309 4687 1487 4725 anasse
1509 4686 1528 4726 :
1547 4672 1785 4739 quoniam
1810 4673 2033 4727 oblivisci

448 4778 528 4817 me
552 4762 668 4833 fecit
691 4761 830 4817 Deus
857 4763 1079 4816 omnium
1106 4761 1335 4816 laborum
1365 4779 1606 4828 meorum,
1641 4773 1688 4817 et
1726 4780 1897 4819 eorum
1922 4781 2034 4836 qua:

440 4866 558 4912 sunt
588 4856 745 4928 patris
769 4856 887 4910 mei.
917 4854 1146 4910 Attende
1173 4855 1256 4910 hic
1297 4856 1396 4910 viri
1427 4855 1742 4927 religionem
1770 4865 1825 4912 et
1862 4858 2031 4928 pieta-

443 4958 571 5014 tem,
603 4948 871 5018 quomodo
901 4962 997 5017 per
1018 4947 1107 5001 filii
1135 4947 1545 5018 appellationem
1568 4949 1882 5003 memoriam
1912 4964 2033 5004 om-

443 5040 587 5093 nium
610 5039 900 5093 servaverit
922 5040 994 5107 (a)
1016 5079 1029 5102 ,
1063 5047 1118 5092 ut
1148 5046 1398 5109 perpetuo
1424 5040 1620 5109 gratias
1639 5048 1839 5110 ageret,
1862 5050 1916 5095 et
1942 5044 2034 5111 qui

444 5146 511 5184 ex
545 5144 605 5185 se
630 5137 782 5184 natus
804 5138 939 5197 erat,
969 5144 1063 5199 per
1084 5144 1235 5184 suam
1258 5130 1670 5200 appellationem
1692 5133 1831 5186 scire
1854 5142 2035 5202 posset

441 5222 733 5277 certamina
758 5264 772 5289 ,
804 5228 860 5277 et
900 5221 1211 5291 patientiam
1235 5262 1249 5286 ,
1297 5236 1416 5291 quae
1446 5222 1618 5291 justus
1656 5223 1931 5292 perferens
1978 5226 2031 5280 in

444 5322 646 5367 tantam
695 5312 1032 5383 pervenisset
1073 5312 1317 5382 gloriam.
1367 5311 1499 5379 Quia
1540 5313 1760 5367 oblivisci
1793 5330 1873 5367 me
1917 5315 2034 5384 fecit

443 5404 582 5459 Deus
599 5406 822 5459 omnium
841 5404 1069 5459 laborum
1091 5421 1333 5473 meorum,
1363 5414 1407 5459 et
1427 5406 1647 5460 omnium
1669 5422 1780 5474 qua:
1806 5417 1923 5462 sunt
1943 5423 2035 5479 pa-

508 5584 581 5656 (a)
612 5591 710 5656 uno
725 5584 1019 5656 oblivionem
1044 5582 1255 5656 omnium
1273 5581 1489 5656 induxit,‘
1502 5581 1664 5656 idque_
1673 5582 2029 5656 significabatur

447 5644 644 5714 nomine
664 5654 921 5714 manasset
932 5654 986 5696 ut
1010 5644 1166 5714 modo
1187 5644 1585 5714 dixitusocriptura
1611 5658 1622 5693 :
1650 5644 1863 5714 Manasse
1890 5646 2031 5714 enim

446 5708 683 5757 ttebraiee
704 5712 870 5762 nunc
894 5707 947 5757 ﬁt
968 5720 1034 5757 ex
1056 5711 1170 5759 me:
1191 5748 1205 5767 ,
1245 5704 1473 5755 oblivisci.
1490 5712 1665 5755 Verum
1681 5718 1786 5755 mos
1801 5707 2029 5766 obtinuit,

446 5783 501 5824 ut
522 5788 631 5839 cum
653 5778 765 5839 quis
776 5780 1003 5839 aerumnis
1026 5782 1078 5825 et
1093 5777 1230 5839 malis
1249 5777 1473 5827 omnibus
1496 5784 1697 5839 ereptus
1712 5775 1819 5839 fuit,
1845 5776 2029 5826 dicatur

447 5833 936 5897 maloruniobhvisci;
962 5838 1008 5887 id
1033 5846 1125 5896 est,
1146 5833 1193 5888 in
1237 5852 1403 5891 eorum
1419 5833 1614 5890 sensum
1627 5851 1722 5889 non
1745 5838 1868 5887 ultra
1896 5840 2005 5888 ven‘

448 5908 524 5957 re,
550 5899 643 5946 etsi
667 5896 855 5947 illorum
876 5896 1175 5949 recordetur.

1168 422 1226 479 S.
1265 424 1544 481 JOANNIS
1579 420 2055 481 CHRYSOSTOMI
2093 418 2411 483 ARCHIEP.
2452 424 2987 490 CONSTANUNOP.
3034 408 3035 411 Ἴ

3631 445 3729 501 548

2151 540 2243 593 tris
2283 543 2400 597 mei.
2432 542 2569 611 Quid
2610 555 2694 600 est
2718 587 2733 611 ,
2769 546 3007 603 Omnium
3037 548 3271 605 laborum,
3310 555 3575 609 meorum?
3602 556 3731 613 llinc

2146 631 2483 690 subindicare
2519 637 2647 691 mihi
2675 638 2884 695 videtur
2906 642 3130 709 primam
3159 651 3214 697 et
3240 645 3530 699 secundam
3560 650 3730 702 servi-

2148 731 2332 789 tutem,
2359 734 2413 780 et
2442 726 2708 784 miseriam
2741 745 2898 800 quam
2926 732 2979 787 in
3005 747 3220 788 carcere
3249 734 3385 789 tulit.
3416 735 3483 790 Et
3509 740 3732 793 omnium

2149 830 2261 880 qua:
2295 825 2413 870 sunt
2438 819 2599 887 patris
2624 820 2722 874 mei
2743 837 2762 874 :
2786 824 3207 892 segregatiouem
3235 826 3501 896 significat
3520 869 3535 894 ,
3573 844 3731 899 quam

2144 907 2398 961 sustinuit
2445 911 2699 980 abreptus
2717 911 2785 967 ab
2812 913 2951 969 ulnis
2982 917 3261 984 palemis,
3294 917 3416 987 quia
3449 918 3733 977 immatura

2147 1006 2429 1064 tetate,tam
2448 1000 2735 1056 liberaliter
2749 1003 3018 1068 educatus.
3033 1006 3326 1062 libertatem
3343 1023 3462 1063 cum
3479 1012 3736 1067 sen'itute

2143 1092 2501 1147 coimmulavit.
2523 1093 2610 1149 52.
2630 1093 2696 1147 Et
2716 1110 2891 1148 nomen
2911 1097 3113 1151 secundi
3134 1100 3324 1153 vocavit
3339 1099 3601 1171 Epltraint,
3615 1106 3735 1173 quia

2143 1198 2360 1238 crescere
2384 1185 2499 1256 fecit
2525 1202 2603 1240 me
2621 1184 2759 1240 Deus
2794 1187 2848 1241 in
2873 1196 3004 1241 terra
3024 1188 3321 1244 humilitatis
3352 1207 3494 1246 mete.
3529 1193 3659 1249 Vide
3682 1208 3735 1249 et

2144 1273 2305 1344 hujus
2332 1291 2529 1331 nomen
2570 1277 2861 1347 gratiarum
2904 1278 3114 1336 actione
3141 1282 3375 1350 plenum.
3413 1283 3530 1341 Non
3560 1286 3733 1340 solum

2141 1366 2310 1432 enim,
2340 1365 2678 1422 adversitatis
2714 1368 2915 1423 oblitus
2941 1383 3059 1423 sum
3080 1409 3097 1435 ,
3123 1370 3219 1425 sed
3239 1380 3292 1426 et
3317 1381 3506 1428 auctus
3531 1391 3647 1428 sum
3681 1378 3731 1430 in

2142 1462 2285 1511 terra
2306 1497 2322 1521 ,
2356 1457 2406 1511 in
2433 1472 2537 1527 qua
2575 1464 2778 1513 tantam
2806 1459 3029 1513 sustinui
3058 1460 3478 1518 humiliationem
3501 1506 3517 1531 ,
3546 1477 3733 1535 utpote

2144 1547 2199 1604 in
2239 1550 2496 1604 extremis
2534 1549 2792 1619 periculis
2832 1551 2995 1606 etiam
3038 1550 3108 1608 de
3148 1553 3254 1607 vita
3295 1555 3501 1610 anxius.
3534 1556 3728 1611 Vermn

2139 1654 2281 1695 nunc
2321 1641 2504 1696 auditu
2550 1641 2707 1712 digna
2752 1652 2877 1698 sunt
2903 1657 3022 1713 quae
3064 1653 3377 1715 sequuntur.
3419 1646 3551 1701 Nam
3600 1660 3727 1717 post

2139 1733 2462 1790 fertiliuem
2484 1743 2690 1805 septem
2710 1750 2993 1803 annorum,
3018 1745 3280 1792 venerunt
3296 1746 3349 1792 et
3367 1747 3571 1808 septem
3600 1743 3730 1798 anni

2138 1826 2376 1897 penuria:
2417 1836 2470 1883 et
2507 1827 2677 1893 famis,
2709 1826 3002 1883 secundum
3045 1827 3439 1898 praedictionem
3484 1829 3729 1901 Josepbi.

2138 1919 2339 1975 Rerum
2368 1921 2510 1975 enim
2537 1928 2763 1975 eventus
2785 1934 3097 1976 concessam
3120 1920 3236 1976 viro
3264 1922 3577 1992 sapientiam
3605 1939 3731 1979 om-

2146 2010 2303 2065 nibus
2327 2009 2653 2081 detegebat,
2695 2011 2853 2082 idque
2892 2010 3196 2077 efficiebat,
3233 2020 3292 2067 ut
3316 2027 3501 2068 omnes
3528 2016 3578 2071 ei
3605 2029 3731 2071 sese

2135 2102 2525 2159 submitterent.
2569 2103 2783 2157 Etcum
2831 2102 2999 2157 fames
3043 2102 3217 2158 valida
3244 2102 3376 2158 facta
3407 2114 3588 2172 esset,
3618 2108 3731 2176 pri-

2137 2210 2280 2249 mum
2308 2208 2404 2249 eos
2429 2193 2706 2265 penuriam
2731 2194 2931 2249 sentire
2958 2209 3062 2249 non
3096 2195 3353 2264 permisit.
3384 2196 3473 2250 54.
3503 2196 3567 2250 lu
3588 2199 3731 2251 omui

2133 2286 2277 2343 enim
2308 2295 2442 2340 terra
2460 2283 2826 2357 Egyptiorum
2845 2295 2986 2339 erant
3004 2302 3180 2356 panes.
3206 2285 3311 2341 Sed
3330 2302 3451 2340 cum
3483 2288 3729 2343 moles“:

2140 2377 2296 2433 famis
2319 2377 2669 2432 invalesceret
2688 2413 2704 2444 ,
2735 2376 2985 2433 clamavit
3012 2377 3239 2447 pOpulus
3275 2375 3341 2430 ad
3370 2376 3726 2445 Pharaonem,

2134 2484 2324 2539 magna
2355 2482 2574 2539 pressus
2608 2467 2896 2539 indigentia
2936 2484 2951 2523 :
2990 2482 3024 2523 a
3062 2466 3201 2523 fame
3240 2467 3381 2523 enim
3414 2470 3623 2536 coacti,
3656 2473 3727 2526 ad
3807 2462 3814 2470 ’

2134 2576 2314 2632 regem
2353 2567 2723 2615 cucurrerunt.
2764 2558 2932 2615 Porro
2952 2556 3073 2614 vide
3098 2558 3256 2629 hujus
3276 2558 3725 2616 benevolentiam.

2133 2652 2222 2707 55.
2260 2651 2401 2706 Dixit
2427 2660 2597 2706 autem
2634 2649 2845 2705 Pharao
2887 2649 3191 2721 Egyptiis:
3220 2648 3302 2705 Ite
3334 2650 3404 2703 ad
3425 2649 3616 2721 Joseplt
3635 2669 3655 2715 ;
3678 2665 3728 2708 et

2131 2743 2379 2817 quidquid
2404 2743 2588 2798 dixerit
2616 2743 2774 2810 vobis,
2802 2743 2954 2813 facile
2975 2758 2994 2798 :
3018 2742 3172 2814 quasi
3200 2743 3403 2798 diceret
3433 2762 3447 2798 :
3473 2743 3608 2811 Quid
3637 2761 3726 2799 mc

2129 2834 2443 2907 suspicitis'l
2470 2835 2584 2891 Non
2629 2834 2822 2891 videtis
2846 2850 2933 2890 me
2976 2835 3121 2905 regis
3164 2834 3401 2890 habitum
3448 2834 3727 2891 dumtaxat

2130 2934 2380 2998 gestare,
2409 2926 2666 2996 illumque
2719 2926 2872 2981 nobis
2916 2925 3165 2981 omnibus
3209 2926 3397 2983 salutis
3445 2936 3725 2983 auctorem

2130 3018 2369 3075 factum?
2394 3016 2472 3074 Ne
2491 3016 2651 3089 igitur
2674 3017 2766 3072 illo
2791 3016 2978 3073 relicto
3003 3016 3068 3072 ad
3091 3031 3176 3073 me
3200 3017 3444 3084 curratis,
3466 3018 3561 3073 sed
3580 3019 3727 3074 abite

2130 3113 2196 3167 ad
2226 3113 2397 3179 illum,
2429 3110 2497 3165 Et
2527 3126 2851 3182 quacumque
2871 3110 3053 3165 dixerit
3078 3110 3215 3165 vobis
3233 3151 3249 3177 ,
3275 3111 3444 3182 facite.
3467 3112 3556 3167 56.
3585 3114 3725 3182 Ape-

2128 3206 2232 3260 ruit
2251 3213 2416 3259 autent
2438 3203 2632 3275 Joseplt
2653 3204 2849 3269 horrea,
2878 3211 2925 3258 et
2947 3203 3170 3259 vendidit
3195 3202 3476 3275 Egyptiis.
3500 3204 3568 3259 Et
3592 3220 3726 3275 quo-

2132 3296 2275 3352 niam
2302 3308 2488 3352 omnes
2508 3292 2854 3350 consumebat
2881 3292 3038 3349 famis
3066 3295 3375 3362 necessitas,
3395 3296 3484 3352 57.
3510 3294 3722 3361 Omnes,

2132 3386 2342 3458 inquit,
2369 3385 2639 3453 provincia:
2673 3385 2935 3441 veniebant
2974 3384 3028 3439 in
3055 3384 3373 3457 1Egyptum.
3405 3394 3459 3439 ut
3496 3399 3721 3442 emerent

2134 3478 2441 3550 frumentum
2459 3494 2479 3532 :
2509 3477 2789 3532 inualuerat
2813 3476 2980 3545 enim,
3008 3476 3208 3547 inquit,
3244 3480 3402 3548 fames
3430 3494 3579 3547 super
3606 3494 3723 3531 om-

2133 3586 2249 3624 rtem
2272 3578 2477 3625 terram.
2508 3568 2641 3624 Vide
2663 3609 2678 3635 ,
2703 3568 2956 3634 obsecro,
2983 3568 3250 3638 quomodo
3280 3568 3529 3638 paulatim
3555 3585 3690 3625 even

2136 3668 2244 3715 tum
2273 3662 2514 3731 accipere
2543 3658 2799 3730 incipiant
2821 3658 3027 3715 somnia
3047 3658 3266 3730 .loseph.
3289 3658 3419 3713 Nam
3442 3659 3527 3715 ubi
3553 3659 3724 3714 fames

2135 3750 2394 3815 invaluit,
2425 3758 2482 3805 et
2508 3748 2790 3819 occupavit
2815 3757 3013 3804 terram
3036 3747 3322 3817 Chanaan,
3355 3749 3406 3803 in
3431 3765 3534 3819 qua
3562 3748 3719 3803 babi-

2136 3844 2280 3900 tabat
2305 3843 2470 3899 Jacnb
2511 3842 2669 3912 hujus
2696 3850 2845 3913 pater
2867 3882 2882 3909 ,
2926 3841 3015 3912 qui
3047 3841 3100 3897 1.
3131 3840 3410 3911 Postquam
3455 3842 3633 3894 didicit
3666 3846 3721 3893 in

2135 3934 2367 4007 zEgypto
2389 3934 2695 4005 frumentum
2712 3933 3024 3999 venumdari,
3045 3933 3195 4002 dixit,
3224 3933 3414 4004 inquit,
3436 3934 3555 4002 filiis
3575 3935 3679 3988 suis
3703 3949 3722 3988 :

2137 4028 2307 4097 Quare
2333 4043 2507 4099 segnes
2536 4026 2692 4082 estis?
2714 4025 2767 4080 2.
2799 4025 2931 4081 Ecce
2953 4026 3121 4080 audivi
3147 4026 3284 4097 quod
3310 4029 3617 4095 frumentum
3652 4027 3718 4078 sit

2132 4120 2185 4173 in
2206 4118 2460 4190 zEgypto.
2499 4116 2833 4184 Descendite,
2860 4128 2913 4171 ut
2938 4118 3237 4189 comparetis
3275 4116 3418 4171 nobis
3458 4132 3619 4186 pauca
3648 4118 3721 4169 ci-

2134 4212 2297 4278 baria,
2326 4222 2380 4265 ut
2403 4210 2627 4264 vivamus
2647 4250 2663 4274 ,
2690 4219 2737 4263 et
2766 4226 2866 4263 non
2891 4210 3166 4263 moriamur
3197 4207 3359 4280 (Cap.
3389 4208 3460 4263 42
3479 4207 3520 4279 ).
3548 4206 3683 4276 Quid
3700 4251 3718 4273 ,

2132 4301 2341 4372 inquit,
2383 4300 2469 4356 hic
2496 4299 2725 4357 sedetis?
2748 4299 2904 4355 Abite
2939 4299 2991 4355 in
3018 4297 3304 4369 Egyptum
3328 4340 3346 4367 ,
3376 4306 3432 4354 et
3468 4299 3720 4356 alimenta

2132 4394 2287 4450 nobis
2310 4392 2512 4449 afferte.
2546 4392 2671 4448 llaec
2698 4402 2875 4446 autem
2893 4392 3071 4446 omnia
3101 4391 3235 4445 facta
3264 4399 3408 4458 sunt,
3440 4400 3496 4446 ut
3526 4390 3721 4448 fratres

2134 4485 2334 4556 Joseph
2360 4484 2552 4540 visioni
2578 4483 2692 4552 ejus
2721 4482 2900 4538 omnia
2932 4483 3330 4537 ministrarent:
3359 4491 3414 4537 et
3444 4482 3710 4552 interpre-

2134 4580 2389 4635 tationem
2418 4576 2610 4632 somnii
2641 4591 2796 4645 qnam
2821 4574 2921 4644 ipsi
2948 4574 3393 4643 conjectaverant,
3419 4588 3541 4627 cum
3568 4575 3712 4628 audin

2133 4679 2251 4727 rent
2279 4668 2478 4739 Joseph
2508 4668 2774 4723 somnium
2815 4674 3153 4729 narrantem,
3183 4664 3485 4735 implerent.
3510 4666 3563 4720 5.
3610 4663 3716 4718 De-

2133 4763 2432 4818 scenderunt
2452 4760 2615 4824 enim.
2645 4757 2835 4828 inquit,
2862 4758 3033 4811 decem
3060 4760 3263 4828 fratres,
3292 4756 3345 4811 4.
3374 4766 3423 4809 et
3449 4755 3717 4828 Benjamin

2133 4868 2236 4907 non
2254 4859 2568 4921 acceperunt,
2592 4850 2680 4922 qui
2703 4857 2818 4905 erat
2841 4847 3003 4903 frater
3018 4844 3214 4916 .loseph
3234 4860 3299 4900 ex
3320 4846 3505 4900 eadem
3528 4854 3716 4901 matre.

2133 4943 2344 5000 Dicebat
2369 4945 2501 4999 enim
2528 4951 2668 5013 pater
2696 4942 2841 5011 ejus:
2870 4938 2954 4992 Ne
2987 4940 3116 5011 forte
3154 4937 3348 4990 accidat
3373 4937 3418 4991 ei
3453 4937 3668 5009 languor
3700 4954 3720 4990 :

2135 5054 2358 5110 parcens
2385 5052 2571 5109 puero,
2604 5051 2667 5091 eo
2692 5033 2832 5104 quod
2860 5040 3016 5088 astate
3042 5031 3322 5085 immatura
3359 5038 3495 5084 erat.
3527 5028 3581 5083 6.
3622 5026 3717 5082 Ve-

2135 5141 2316 5187 nerunt
2343 5139 2509 5183 autent
2527 5169 2542 5194 ,
2572 5137 2621 5182 et
2647 5125 2841 5196 Joseplt
2874 5126 3001 5178 sicut
3031 5121 3308 5191 principem
3340 5115 3564 5192 Egypti
3586 5119 3717 5173 ado-

2134 5230 2369 5278 raverunt
2392 5237 2544 5291 super
2565 5220 2746 5290 faciem
2770 5231 2914 5272 suam
2939 5217 2990 5269 in
3022 5224 3175 5267 terra.
3205 5213 3273 5267 Et
3298 5228 3437 5267 nunc
3463 5212 3714 5283 ignoran-

2136 5322 2218 5370 tes
2255 5310 2468 5382 quidem
2516 5310 2630 5365 haec
2657 5309 2836 5364 omnia
2882 5305 3100 5361 faciunt.
3145 5303 3278 5358 Nam
3326 5304 3447 5372 quia
3494 5302 3717 5357 multum

2138 5402 2392 5472 temporis
2418 5401 2810 5463 intercesserat,
2830 5394 3021 5451 faciem
3043 5394 3220 5449 fratris
3241 5409 3345 5448 non
3365 5402 3714 5464 agnoverunt.

2136 5493 2435 5550 Verisimile
2463 5492 2604 5547 enim
2629 5497 2731 5557 est,
2759 5488 3007 5559 juvenem
3035 5486 3186 5553 olim,
3213 5500 3355 5540 nunc
3382 5485 3717 5539 immutatum

2137 5588 2307 5643 forma
2348 5585 2531 5641 fuisse.
2571 5583 2737 5654 quue
2774 5590 2944 5637 totum
2982 5580 3177 5651 opinor
3217 5578 3411 5633 divinae
3438 5576 3719 5647 dispensa-

2140 5680 2301 5737 tionis
2325 5678 2507 5745 fuisse,
2540 5678 2611 5733 ita
2640 5684 2697 5731 ut
2722 5690 2825 5731 non
2856 5673 3124 5745 potuerint
3146 5671 3227 5727 vel
3250 5685 3316 5726 ex
3340 5683 3607 5733 sermone,
3635 5668 3718 5722 vel

2138 5790 2203 5830 ex
2231 5782 2447 5844 aspectu
2474 5771 2688 5827 fratrem
2709 5781 3016 5839 agnoscere.
3042 5764 3195 5821 Unde
3221 5764 3361 5819 enim
3388 5776 3636 5832 umquam
3667 5760 3721 5814 in

2138 5864 2276 5921 banc
2294 5865 2598 5936 opinionem
2616 5860 2920 5920 venissent?
2943 5858 3151 5916 Etenim
3175 5857 3430 5929 putabant
3444 5871 3564 5914 cum
3584 5852 3723 5925 apud
