4038 6358
446 350 551 409 549

441 465 683 522 τοιοῦτον
729 468 849 522 οὑδέ
903 471 987 532 εἰς
1032 467 1277 523 διάνοιαν
1339 470 1526 523 λαϐεῖν
1577 467 1896 539 δυνηθέντες
1925 465 2024 518 οὑκ

439 551 812 621 ἐπεγίνωσκον
858 552 951 604 τὸν
985 551 1207 623 Ἰωσήφ.
1240 553 1412 616 Αὐτὸς
1441 553 1499 606 δέ
1523 551 1866 622 παραχρῆμα
1897 550 2025 602 θεα-

443 635 679 706 σάμενος
737 635 934 698 αὐτοὺς
973 635 1210 703 ἐπέγνω,
1245 637 1340 689 καὶ
1382 634 1666 690 λανθάνειν
1697 632 2023 696 ἐσπούδαζε,

439 719 534 773 καὶ
585 719 662 782 ὡς
713 718 1015 790 ἀλλοτρίοις
1055 721 1238 784 αὐτοῖς
1290 721 1700 792 προσφέρεσθαι
1749 718 2021 772 ἐϐούλετο.

451 801 871 871 Ἠλλοτριοῦτο
892 804 1020 874 γὰρ,
1057 804 1246 874 φησὶν,
1270 804 1373 859 ἀπ’
1403 803 1622 868 αὐτῶν,
1670 803 1768 858 καί
1801 803 2024 870 ἐλάλη-

434 904 550 942 σεν
573 888 778 955 αὐτοῖς
808 889 1068 959 σκληρά·
1094 890 1191 944 καί
1212 886 1360 944 εἷπε·
1389 891 1580 945 Πόθεν
1600 889 1821 958 ἣκατε;
1849 891 2023 961 Προσ-

435 973 670 1026 ποιεῖται
699 972 940 1044 παντελῆ
955 972 1200 1042 ἄγνοιαν,
1224 975 1310 1028 ἵνα
1339 975 1516 1029 πάντα
1549 972 1688 1045 μετά
1736 972 2023 1044 ἀκριϐείας

434 1057 568 1126 παρ’
597 1055 775 1110 αὑτῶν
798 1057 988 1128 μαθεῖν
1016 1058 1238 1131 δυνηθῇ.
1270 1058 1564 1129 Ἐπεθύμει
1589 1057 1699 1131 γάρ
1731 1058 2022 1129 γνῶναιτὰ

433 1142 578 1197 κατά
608 1142 700 1196 τὸν
730 1142 943 1215 πατέρα
975 1145 1071 1197 καὶ
1091 1145 1159 1197 τά
1186 1144 1326 1197 κατά
1350 1144 1442 1196 τὸν
1467 1143 1712 1213 ἀδελφόν.

505 1225 571 1296 β’.
597 1227 707 1280 Καὶ
730 1228 867 1290 τέως
897 1229 997 1298 μὲν
1030 1228 1356 1283 πυνθάνεται
1389 1230 1453 1281 ἐκ
1484 1229 1643 1292 ποίας
1677 1227 1860 1300 χώρας
1891 1246 2022 1298 τυγ-

433 1311 690 1382 χάνουσι,
731 1311 825 1365 καί
861 1329 1025 1381 φασιν
1061 1313 1125 1366 ἐκ
1155 1313 1253 1383 τῆς
1283 1312 1498 1367 Χαναὰν
1537 1313 1711 1366 ἐλθεῖν
1748 1315 2018 1385 ἀγοράσαι

434 1393 724 1467 βρώματα.
768 1398 832 1450 Ἦ
862 1398 957 1450 τοὺ
993 1396 1172 1468 λιμοῦ,
1212 1398 1398 1466 φασὶν,
1434 1397 1647 1469 ἀνάγκη
1681 1397 1782 1467 τῆς
1819 1398 2020 1452 ὁδοιπο-

433 1481 559 1550 ρίας
579 1482 726 1550 ἡμᾶς
752 1480 958 1551 ταύτης
978 1480 1306 1551 ἀνασχέσθαι
1326 1480 1617 1552 πεποίηκε,
1637 1481 1730 1535 καὶ
1753 1480 1840 1534 διά
1861 1481 2018 1535 τοῦτο

430 1564 819 1628 καταλιπόντες
851 1565 918 1619 τά
955 1567 1128 1618 οἰκεῖα
1156 1563 1387 1619 ἐνταῦθα
1407 1566 1880 1637 παραγεγόναμεν.
1907 1567 2015 1621 Καὶ

429 1647 726 1718 ἐμνήσθη.
762 1649 947 1718 φησὶν,
995 1647 1215 1717 Ἰωσὴφ
1243 1647 1363 1702 τῶν
1381 1649 1708 1714 ἐνυπνίων,
1740 1642 1827 1702 ὧν
1856 1647 2018 1703 εἶδεν

429 1731 632 1797 αὐτός.
672 1731 767 1794 Εἰς
801 1731 1007 1783 ἔννοιαν
1040 1731 1210 1784 ἐλθὼν
1232 1731 1341 1784 τῶν
1369 1733 1683 1802 ὀνειράτων,
1717 1734 1810 1786 καὶ
1839 1731 2015 1804 εὑρὼν

428 1814 530 1885 τὴν
574 1813 796 1868 ἔκϐασιν
838 1816 921 1878 εἰς
968 1815 1128 1886 ἔργον
1182 1815 1524 1886 ἐληλυθυῖαν,
1573 1816 1822 1870 ἐϐούλετο
1878 1817 2014 1887 μετά

427 1899 716 1970 ἀκριϐείας
739 1899 955 1953 ἅπαντα
990 1898 1200 1970 μαθεῖν.
1231 1899 1322 1953 Διὸ
1367 1902 1461 1953 καὶ
1507 1900 1648 1970 μετὰ
1681 1901 1886 1972 πολλῆς
1915 1902 2012 1955 αὑ-

425 1987 540 2047 τοῖς
573 1985 671 2053 τῆς
699 1984 1059 2055 σφοδρότητος
1091 1983 1294 2048 εὑθέως
1318 1985 1693 2055 ἀποκρίνεται,
1729 1986 1824 2038 καί
1855 1998 2006 2056 φησι·

426 2065 818 2121 Κατάσποποί
873 2068 1033 2132 ἐστε,
1073 2067 1174 2122 καὶ
1227 2064 1598 2136 κατανοῆσαι
1624 2069 1696 2122 τὰ
1731 2070 1870 2138 ἴχνη
1902 2068 2013 2137 τῆς

423 2149 540 2220 γῆς
561 2150 764 2218 ῆκιιτε.
791 2152 902 2222 Οὑχ
940 2152 1101 2220 ὑγιεῖ,
1148 2154 1302 2222 φησὶ,
1348 2153 1542 2224 γνώμῃ
1578 2153 2009 2224 παραγεγόνατε.

437 2233 680 2288 Ἐοίκατε
723 2234 889 2307 τέχνῃ
923 2236 1028 2288 τινὶ
1064 2236 1158 2289 καὶ
1185 2237 1490 2308 κακουργίᾳ
1526 2237 1623 2309 τὴν
1655 2237 1886 2291 ἐνταῦθα
1906 2239 2010 2305 ἄφ-

427 2316 530 2384 ιξιν
560 2318 934 2390 πεποιηκέναι.
968 2320 1031 2372 Οἰ
1067 2319 1122 2372 δὲ
1157 2320 1438 2387 ἐναγώνιοι
1476 2320 1790 2392 γενόμενοι,
1825 2323 2007 2390 φασίν·

428 2404 596 2472 Οὐχὶ,
638 2405 823 2471 κύριε.
857 2404 968 2455 Καὶ
997 2404 1134 2474 ὅπερ
1168 2404 1359 2474 μαθεῖν
1375 2406 1706 2471 ἐσπούδαζεν
1728 2408 1756 2459 ὁ
1787 2407 2008 2478 Ἰωσὴφ,

423 2485 582 2540 τοῦτο
614 2486 822 2539 οἴκοθεν
850 2486 1010 2540 αὑτὸν
1045 2487 1373 2556 διδάσκουσι,
1395 2490 1488 2543 καί
1516 2493 1780 2559 φασιν·οἱ
1800 2491 2012 2557 παῖδές

423 2583 542 2624 σου
592 2569 859 2638 ἤλθομεν
887 2570 1173 2638 πρίασθαι
1199 2572 1507 2641 βρώματα.
1543 2573 1775 2640 Πάντες
1818 2575 2010 2644 ἐσμὲν

421 2654 539 2708 ὐίοὶ
560 2653 698 2720 ἐνὸς
720 2655 1360 2723 ἀνθρώπου,είρηνικοί
1389 2657 1596 2725 ἐσμεν,
1624 2659 1734 2711 οὐκ
1765 2659 1926 2712 εἰσιν
1956 2663 2008 2712 οί

420 2736 632 2803 παῖδές
681 2751 798 2791 σου
836 2738 1230 2792 κατάσκοποι.
1268 2740 1390 2792 Ἔτι
1425 2743 1554 2811 περὶ
1590 2741 1797 2794 ἑαυτῶν
1849 2743 2008 2812 μόνον

420 2821 870 2892 ἀπολογούμενοι,
898 2824 993 2875 καὶ
1015 2823 1120 2876 ὑπὸ
1134 2824 1229 2876 τοῦ
1252 2823 1417 2892 φόϐου
1439 2826 1893 2890 κατασεισθέντες
1909 2827 2008 2898 τὴν

417 2906 675 2968 διάνοιαν,
704 2906 914 2960 οὑδέπιυ
941 2907 1011 2960 τά
1039 2906 1118 2978 τῷ
1157 2909 1356 2980 Ἰωσὴφ
1390 2911 1806 2982 σπουδαζόμενα
1854 2915 2007 2983 εἰρή-

417 3007 568 3043 κασι.
605 2989 696 3042 Διὸ
718 2989 954 3058 ἐπέμενε
985 2991 1179 3060 λέγων·
1219 2994 1386 3063 Οὐχί,
1432 2995 1594 3049 ἀλλὰ
1623 2996 1695 3050 τὰ
1721 2997 1861 3066 ἴχνη
1897 2997 2008 3066 τῆς

415 3073 532 3143 τῆς
553 3073 768 3143 ἤλθετε
803 3073 976 3129 ἰδεῖν.
1010 3077 1310 3148 Περιττῶς,
1337 3079 1492 3148 φησὶ,
1520 3079 1670 3152 [610]
1698 3081 1875 3135 ταῧτά
1914 3100 2005 3152 μοι

416 3157 625 3226 λέγετε·
656 3158 752 3213 καὶ
785 3159 896 3231 γὰρ
925 3160 1058 3214 αὐτὸ
1082 3161 1144 3212 τὸ
1175 3161 1362 3231 σχῆμα
1378 3161 1479 3232 τῆς
1512 3165 1819 3237 παρουσίας
1850 3166 2006 3236 ὑμῶν

415 3240 710 3304 δείκνυσιν,
744 3242 825 3295 ὅτι
847 3243 1154 3314 κακουργίᾳ
1182 3245 1288 3297 τινὶ
1319 3244 1594 3317 χρώμενοι
1623 3249 1859 3302 ἐνταῦθα
1895 3268 2003 3304 πα-

420 3325 771 3396 ραγεγόνατε.
805 3327 869 3378 Οἱ
891 3326 947 3378 δὲ
975 3327 1079 3380 ὑπὸ
1101 3328 1197 3399 τῆς
1221 3328 1469 3399 ἀνάγκης
1495 3331 1667 3402 αὑτῆς
1688 3332 2004 3388 συνελαυνό-

420 3425 592 3478 μενοι,
643 3409 737 3462 καὶ
784 3407 1096 3480 βουλόμενοι
1123 3412 1204 3466 εἰς
1231 3407 1411 3466 οἶκτον
1462 3415 1622 3470 αὑτὸν
1665 3416 1998 3487 ἐπικάμψαι,

416 3491 572 3560 φασί·
605 3491 840 3545 Δώδεκα
864 3492 1116 3562 ἐσμενιοί
1150 3494 1362 3562 παῖδές
1377 3511 1494 3551 σου
1517 3498 1790 3568 ἀδελφοί.
1821 3502 1884 3552 Ὢ
1905 3502 2002 3572 τῆς

413 3575 523 3628 τῶν
554 3577 816 3647 ῥημάτων
861 3577 1105 3650 ἀπάτηςί
1144 3581 1256 3632 Καὶ
1293 3581 1384 3633 τὸν
1421 3584 1535 3645 τοῖς
1567 3584 1830 3656 ἐμπόροις
1873 3585 2003 3657 παρ’

414 3657 596 3711 αὐτῶν
629 3658 1000 3731 διαπραθέντα
1039 3661 1117 3732 τῷ
1159 3662 1379 3734 ἀριθμῴ
1409 3665 1674 3737 συνῆψαν·
1709 3669 1802 3722 καὶ
1829 3670 1890 3721 οὐ
1913 3669 2003 3721 λέ-

413 3757 588 3810 γουσι,
610 3741 828 3797 Δώδεκα
845 3740 1008 3815 ἦμεν,
1041 3745 1196 3809 ἀλλά,
1221 3746 1455 3801 Δώδεκα
1496 3749 1684 3818 ἐσμεν
1725 3752 1996 3822 ἀδελφοί·

413 3825 513 3879 καί
533 3826 663 3880 ἰδοὺ
694 3831 726 3881 ὀ
758 3827 1043 3897 νεώτερος
1049 3831 1198 3898 μετὰ
1225 3830 1331 3884 τοῦ
1363 3835 1588 3899 πατρὸς
1614 3834 1802 3902 ἡμῶν.
1830 3836 2000 3890 Τοῦτο

411 3910 522 3981 γάρ
539 3906 604 3981 ἦν
640 3913 705 3964 αὑ
718 3911 788 3982 τῷ
804 3913 863 3966 τὸ
904 3913 1336 3985 σπουδαζόμενον
1362 3917 1584 3984 γνῶναι,
1615 3923 1663 3972 εἰ
1693 3921 1769 3992 μὴ
1795 3921 1999 3975 καὶτὸν

411 3995 639 4064 ἀδελφὸν
673 3995 741 4048 τὰ
792 3996 933 4048 αὐτά
983 3997 1402 4053 διατεθείκασιν.
1461 4001 1608 4054 Ἰδοὺ
1641 4006 1673 4056 ὀ
1713 4005 1999 4074 νεώτερος

407 4078 556 4146 μετὰ
578 4079 684 4132 τοῦ
712 4079 938 4147 πατρὸς
965 4078 1155 4148 ἡμῶν·
1193 4084 1225 4135 ό
1243 4081 1312 4134 δὲ
1338 4083 1538 4152 ἕτερος
1570 4087 1682 4154 οὐχ
1721 4087 1995 4157 ὑπάρχει.

411 4162 522 4214 Καὶ
554 4163 614 4214 οὑ
641 4163 855 4230 λέγουσι
888 4166 986 4232 τὴν
1018 4166 1197 4217 αἰτίαν
1246 4167 1454 4236 σαφῶς,
1485 4169 1599 4221 ἀλλ’
1631 4170 1838 4235 ἁπλῶς,
1874 4175 1997 4241 Οὐχ

410 4244 688 4315 ὑπάρχει.
729 4248 823 4300 Ἐκ
853 4247 1043 4300 τούτου
1075 4251 1153 4312 εἰς
1177 4250 1412 4319 ὑποψίαν
1443 4251 1632 4316 ἐλθὼν,
1669 4257 1880 4325 μήποτε
1905 4259 1999 4310 καὶ

410 4330 492 4392 εἰς
512 4331 604 4382 τὸν
640 4331 899 4400 Βενιαμὶν
935 4333 1004 4384 τὰ
1042 4333 1204 4404 ὃμοια
1247 4335 1590 4406 εἰργάσαντο,
1624 4338 1775 4409 φησί·
1817 4340 1999 4394 Τοῦτό

408 4413 582 4466 ἐστιν
606 4412 864 4482 ὂεῖρηκα
896 4415 1061 4484 ὑμῖν,
1091 4417 1181 4469 ὅτι
1214 4420 1591 4473 κατάσκοποί
1613 4422 1868 4477 ἐστε.ού
1886 4426 1997 4494 γὰρ

403 4495 490 4566 μὴ
516 4496 800 4566 ἐξέλθητε
827 4499 1131 4562 ἐντεῦθεν,
1165 4501 1278 4568 ἕως
1303 4498 1374 4557 οὗ
1397 4506 1430 4556 ὁ
1459 4503 1724 4573 ἀδελφὸς
1755 4507 1923 4576 ὑμῶν
1957 4513 1991 4564 ὀ

406 4579 693 4650 νεώτερος
712 4581 862 4651 ἔλθῃ
883 4579 1019 4637 ὧδε.
1039 4585 1276 4638 Ἐκεῖνον
1296 4586 1422 4639 ἰδεῖν
1442 4587 1724 4658 βούλομαι·
1742 4591 1994 4662 ἐπιθυμῶ

407 4665 704 4719 θεάσασθαι
726 4667 816 4720 τὸν
846 4667 945 4731 τὰς
964 4668 1135 4733 αὑτάς
1155 4687 1244 4740 μοι
1269 4669 1504 4725 λύσαντα
1532 4673 1748 4738 ὠδῖνας·
1783 4676 1994 4747 ὑφορῶ-

409 4768 506 4822 μαι
525 4750 633 4822 γάρ
648 4749 802 4822 ὑμῶν
824 4753 886 4804 ἐκ
909 4751 1016 4806 τῶν
1035 4755 1153 4806 κατ’
1172 4755 1271 4823 ἐμὲ
1293 4756 1599 4826 γενομένων
1627 4759 1726 4829 τὴν
1741 4761 1992 4829 μισάδελ-

403 4852 503 4904 φον
518 4833 763 4905 γνώμην.
782 4835 846 4887 Εἰ
861 4835 1042 4890 τοίνυν
1062 4836 1335 4907 βούλεσθε,
1367 4839 1789 4897 Ἀποστείλατε
1802 4844 1910 4899 ἕνα
1925 4846 1994 4910 ἐξ

399 4917 695 4989 ὑμῶν,καὶ
722 4919 973 4989 ἀγάγετε
995 4922 1201 4974 αὐτόν·
1227 4923 1383 4992 ὑμεῖς
1399 4925 1454 4976 δὲ
1483 4926 1682 4978 οἰκεῖτε
1703 4927 1764 4979 τὸ
1780 4928 1993 5000 δεσμω-

399 5005 738 5075 τήριον,ἓως
785 5003 852 5058 ἂν
901 5006 1107 5067 ἐκεῖνος
1144 5007 1544 5076 παραγένηται.
1599 5009 1835 5074 Ἐκεῖνος
1883 5014 1991 5086 γὰρ

400 5086 798 5158 παραγεγονὼς
820 5087 1042 5154 διδάξει,
1077 5091 1126 5141 εἰ
1159 5091 1336 5160 ἀληθῆ
1370 5092 1438 5145 τά
1476 5095 1607 5162 παρ’
1649 5095 1800 5165 ὑμῶν
1837 5096 1995 5165 λεγό-

402 5187 560 5255 μενα,
580 5171 687 5255 -καὶ
715 5170 1072 5255 ἐλευθερώσει
1108 5173 1253 5240 ὑμᾶς
1283 5175 1465 5246 πάσης
1496 5177 1749 5245 ὑποψίας.
1783 5180 1846 5233 Εἰ
1881 5181 1990 5255 γὰρ

403 5253 478 5323 μὴ
511 5253 671 5306 τοῦτο
702 5253 933 5321 γένοιτο,
959 5254 1118 5326 δῆλον
1150 5256 1303 5311 ἐσται
1329 5271 1355 5298 ιι
1384 5258 1465 5312 ὅτι
1491 5253 1988 5328 κατάσκοποίέστε,

400 5337 494 5388 καὶ¹
547 5337 636 5390 διὰ
662 5336 822 5390 τοῦτο
873 5338 1106 5393 ἐνταῦθα
1156 5341 1588 5412 παραγεγόνατε.
1646 5345 1756 5399 Καὶ
1816 5348 1990 5403 ταῦτα

399 5418 661 5487 εἰρηκὼς,
695 5421 896 5473 Ἕθετο
943 5422 1166 5490 αὐτοὺς
1195 5425 1264 5478 ἐν
1295 5425 1373 5494 τῇ
1410 5426 1676 5496 φυλακῇ.
1710 5429 1848 5498 Ὅρα
1874 5431 1992 5496 πῶς

401 5500 580 5552 αὑτῶν
613 5501 892 5571 βασανίζει
923 5505 1022 5569 τὰς
1047 5507 1292 5578 γνώμας,
1328 5510 1422 5562 καὶ
1459 5509 1526 5562 δι’
1551 5503 1626 5563 ὧν
1660 5511 1739 5575 εἰς
1769 5512 1992 5580 τούτους

401 5582 791 5667 ἐπιδείκνυται,
815 5585 913 5657 τὴν
940 5590 1325 5662 φιλοστοργίαν
1354 5593 1593 5647 δείκνυσι
1618 5595 1717 5664 τὴν
1743 5598 1878 5667 πρὸς
1897 5599 1989 5652 τὸν

399 5663 646 5748 ἀδελφόν.
686 5667 849 5722 Μετὰ
895 5671 964 5723 δὲ
1008 5672 1164 5740 τρεῖς
1203 5674 1430 5744 ἡμέρας
1469 5663 1735 5745 καλέσας
1769 5663 1990 5748 αὐτοὺς

404 5743 554 5834 εἷπε·
598 5751 778 5805 Τοῦτο
806 5755 1121 5822 ποιήσατε,
1142 5743 1518 5829 καὶίζήσεσθε
1543 5779 1556 5790 ·
1578 5764 1685 5817 τὸν
1708 5743 1818 5834 γὰρ
1840 5743 1989 5822 Θεὸν

406 5832 519 5922 ἐγὼ
545 5837 853 5905 φοϐοῦμαι.
886 5843 952 5896 El
994 5846 1278 5913 είρηνικοί
1317 5848 1486 5913 ἐστε,
1520 5832 1790 5921 ἀδελφός
1818 5853 1983 5922 ὑμῶν

407 5911 492 6001 εἷς
523 5922 956 6001 -ξιατασχεθὴτω
987 5927 1057 5978 ἐν
1102 5911 1178 5996 τῇ
1223 5911 1502 6000 φυλακῇ·
1528 5911 1697 5988 αύτονὶ
1724 5911 1792 5989 δέ
1810 5911 1984 6001 ,βαδί-

469 6000 495 6029 ι
518 5999 768 6052 Edebalur
789 6006 993 6069 γέ··ηται,
1015 6011 1154 6067 δῆλόν
1176 6014 1291 6063 ἐστι.
1315 5999 1460 6066 (ἶοὶει.
1494 6020 1649 6070 secuti
1676 5999 1860 6072 smmis.
1889 6022 1977 6074 En.

1143 351 1201 408 S.
1241 350 1529 409 JOANNIS
1565 345 2059 408 CHRYSOSTOMI
2099 345 2418 405 ARCHIEP.
2459 352 3003 410 CONSTANTINOP.

2132 481 2280 518 σατε
2295 465 2395 519 καὶ
2423 467 2812 540 ἀπ[αγ]άτετε
2835 471 2942 524 τὸν
2967 468 3316 540 ἀγορασμὸν
3348 467 3458 536 τῆς
3481 468 3724 523 σιτοδο-

2129 552 2271 615 σίας
2292 550 2479 621 ὑμῶν,
2512 554 2610 608 καί
2648 555 2757 609 τόν
2782 554 3054 624 ἀδελφὸν
3082 553 3252 624 ὑμῶν
3291 552 3396 608 τὸν
3430 553 3725 623 νεώτερον

2127 634 2377 704 ἀγάγετε
2423 638 2573 706 πρός
2619 655 2716 708 με,
2742 638 2842 692 καί
2889 637 3356 706 πιστευθήσεται
3379 638 3461 692 τὰ
3475 638 3724 708 ῥήματα

2125 719 2312 789 ὑμῶν·
2335 723 2389 775 εἰ
2415 721 2484 775 δὲ
2505 721 2616 791 μὴ,
2643 722 3068 778 ἀποθανεῖσθε.

2197 803 2395 858 Σκόπει
2425 805 2634 859 σύνεσιν
2668 824 2681 836 ·
2720 807 3049 877 Βουλόμενος
3081 806 3174 860 καὶ
3207 804 3306 874 τὴν
3332 806 3459 874 περὶ
3495 805 3720 867 τούτους

2126 886 2337 942 εὔνοιαν
2385 889 2775 955 ἐπιδείξασθαι,
2823 890 2916 944 καὶ
2958 889 3051 943 τοῦ
3101 890 3309 961 πατρὸς
3359 889 3461 962 τὴν
3511 889 3719 941 ἔνδειαν

2125 973 2659 1044 παραμυθήσασθαι.
2701 974 2796 1028 καὶ
2832 975 2962 1045 περὶ
2999 973 3093 1028 τοῦ
3135 973 3365 1042 ἀδελφοῦ
3413 973 3604 1044 μαθεῖν
3655 972 3718 1024 τὸ

2123 1056 2342 1126 ἀληθὲς,
2390 1058 2486 1111 ἕνα
2534 1058 2937 1130 κατασχεθῆναι
2984 1058 3326 1130 προστάξας,
3359 1058 3485 1120 τοὺς
3523 1056 3715 1119 ἄλλους

2122 1139 2377 1194 ἀπελθεῖν
2403 1141 2706 1196 ἐκέλευσεν.
2729 1142 2869 1195 Ἀλλ’
2891 1143 2994 1215 ὅρα
3026 1159 3115 1213 μοι
3139 1141 3325 1194 λοιπὸν
3359 1141 3593 1194 ἐνταῦθα
3623 1140 3713 1194 τὸν

2120 1223 2416 1278 ἀδέκαστον
2444 1225 2725 1297 δικαστὴν,
2755 1226 2816 1279 τὸ
2849 1225 3082 1288 συνειδὸς
3118 1224 3298 1279 αὑτῶν
3323 1223 3712 1290 κατεξανιστάο

2123 1326 2282 1378 μενον
2308 1352 2321 1372 ,
2353 1310 2448 1362 καὶ
2478 1310 2688 1374 οὐδενὸς
2713 1310 3023 1381 ἐλέγχοντος
3053 1349 3068 1373 ,
3098 1309 3219 1363 οὑδέ
3251 1311 3330 1372 εἰς
3357 1308 3522 1378 μέσον
3551 1310 3718 1374 ἀγον-

2121 1406 2229 1452 τος,
2273 1390 2469 1452 αὑτοὺς
2518 1391 2724 1442 ἐαυτῶν
2775 1391 3109 1462 κατηγόρους
3157 1390 3510 1459 γινομένους·
3555 1383 3706 1441 Ebur

2119 1471 2228 1542 γάρ
2255 1513 2268 1537 ,
2299 1473 2500 1541 φησὶν,
2535 1473 2794 1539 ἕκαστος
2835 1473 2984 1541 πρὸς
3022 1475 3130 1526 τὸν
3168 1470 3438 1540 ἀδελφὸν
3477 1470 3670 1524 αὐτοῦ
3700 1488 3711 1498 ·

2117 1557 2232 1608 Ναί
2259 1573 2275 1589 ο
2305 1556 2375 1610 ἑν
2402 1557 2718 1626 ἁμαρτίαις
2755 1558 2866 1628 γάρ
2902 1560 3092 1628 ἐσμεν
3131 1557 3266 1626 περὶ
3301 1556 3410 1610 τοῦ
3439 1555 3714 1624 ἀδελφοῦ

2116 1639 2307 1708 ἡμῶν,
2367 1641 2457 1696 ὅτι
2500 1642 2890 1712 ὑπερείδομεν
2939 1643 3054 1711 τὴν
3095 1643 3306 1711 θλίψιν
3350 1640 3462 1708 τῆς
3501 1640 3714 1709 ψυχῆς

2116 1724 2325 1790 αὑτοῦ,
2366 1725 2465 1780 ὅτε
2499 1726 2811 1781 κατεδέετο
2839 1726 3029 1797 ἠμιῖιν,
3061 1727 3161 1781 καὶ
3199 1727 3312 1780 οὐκ
3347 1726 3712 1790 εἰσηκούσα-

2111 1827 2229 1878 μεν
2280 1810 2501 1865 αὐτοῦ·
2541 1811 2750 1866 ἕνεκεν
2807 1808 2922 1868 οὖν
2982 1813 3199 1866 τούτου
3252 1809 3518 1877 ἐπῆλθεν
3563 1809 3714 1878 τἰμῐν

2118 1892 2286 1947 πᾶσα
2336 1895 2372 1961 ἡ
2427 1896 2634 1964 θλίψις
2679 1896 2850 1964 αὕτη.
2897 1895 3148 1948 Τοιοῦτον
3194 1895 3302 1965 γὰρ
3343 1896 3375 1965 ἡ
3421 1893 3670 1964 ἁμαρτία
3697 1908 3712 1922 ·

2117 1978 2338 2031 ἐπειδάν
2375 1979 2598 2050 τελεσθῇ
2629 1981 2721 2033 καὶ
2748 1981 2828 2043 εἰς
2859 1979 3018 2050 ἔργον
3050 1979 3200 2050 ἔλθη.
3229 1980 3350 2032 τότε
3377 1980 3476 2050 τῆς
3504 1977 3713 2041 οἰκείας

2114 2061 2344 2125 ἀτοπίας
2405 2063 2643 2116 δείκνυσι
2697 2065 2794 2134 τὴν
2851 2063 3180 2134 ὑπερϐολήν.
3239 2063 3348 2118 Καὶ
3392 2063 3644 2134 καθάπερ
3683 2065 3712 2116 ὁ

2117 2145 2350 2215 μεθύων,
2391 2146 2518 2199 ὅταν
2553 2147 2649 2216 μὲν
2675 2147 2840 2201 πολὺν
2862 2149 2951 2200 τὸν
2973 2149 3209 2216 ἄκρατον
3238 2147 3424 2220 ἐγχέῃ,
3451 2146 3710 2217 οὐδεμίαν

2113 2230 2364 2299 αἴσθησιν
2394 2230 2661 2298 λαμϐάνει
2682 2231 2782 2301 τῆς
2811 2233 2875 2284 ἐκ
2901 2231 2992 2284 τοῦ
3019 2231 3162 2284 οῖνου
3193 2232 3486 2301 γινομένης
3506 2230 3706 2300 λύμης,

2115 2315 2250 2384 μετά
2279 2314 2335 2368 δὲ
2372 2314 2545 2367 ταῦτα
2577 2313 2667 2368 διὰ
2712 2317 2807 2385 τῆς
2853 2315 3046 2384 πείρας
3096 2315 3265 2383 αὑτῆς
3307 2313 3568 2384 μανθάνει
3606 2314 3710 2383 τῆς

2114 2398 2319 2468 βλάϐης
2344 2399 2406 2451 τὸ
2438 2399 2665 2469 μέγεθος
2692 2417 2704 2430 ·
2735 2399 2878 2452 οὑτω
2911 2400 3004 2452 καὶ
3036 2402 3068 2470 ἡ
3109 2401 3387 2470 ἀμαρτίαλ·
3419 2399 3578 2470 μέχρι
3605 2399 3710 2470 μέν

2113 2479 2180 2533 ἂν
2212 2480 2438 2551 τελεσοῇ
2471 2481 2521 2546 ι),
2559 2484 2742 2535 σκοτοῖ
2770 2481 2860 2534 τὸν
2897 2482 3176 2552 λογισμὸν,
3210 2482 3302 2535 καὶ
3326 2482 3578 2552 καθάπερ
3619 2499 3710 2533 ve-

2112 2563 2245 2633 φέλη
2301 2565 2514 2636 πυκνὴ,
2561 2563 2705 2618 οὑτω
2744 2567 2912 2637 πηροῖ
2946 2565 3045 2637 τὴν
3077 2565 3314 2619 διάνοιαν
3339 2583 3353 2596 ·
3397 2565 3624 2634 ὑστέρον
3650 2565 3710 2618 δὲ

2061 2690 2064 2693 .
2113 2645 2197 2718 [6|
2214 2649 2230 2700 Ι
2281 2648 2341 2701 τὸ
2361 2649 2598 2712 συνειδὸς
2621 2648 3141 2720 κατεξανιστάμενον
3169 2650 3370 2712 παντὸς
3394 2651 3706 2721 κατηγόρου

2112 2733 2466 2804 σφοδρότερον
2513 2733 2827 2800 καταξαίνει
2874 2734 2971 2805 τὴν
3022 2733 3279 2796 διάνοιαν,
3329 2736 3424 2788 καὶ
3466 2733 3706 2788 δείκνυσι

2109 2815 2217 2868 τῶν
2242 2815 2624 2886 γεγενημένων
2653 2816 2751 2886 τὴν
2779 2810 3032 2871 ἀτοπίαν.
3061 2817 3203 2889 Ὅρα
3227 2818 3336 2888 γὰρ
3366 2817 3461 2870 καὶ
3481 2816 3704 2880 τούτους

2107 2898 2202 2952 νῦν
2243 2902 2322 2962 εἰς
2359 2899 2611 2972 αἴσθησιν
2645 2900 2973 2972 ἐρχομένους
2992 2940 3007 2964 ,
3038 2902 3131 2954 καὶ
3158 2902 3246 2953 ὅτε
3287 2903 3414 2970 περί
3442 2900 3535 2952 τοῦ
3564 2900 3704 2953 πάν-

2107 2983 2200 3045 τὸς
2248 2978 2386 3035 εἶδον
2416 2984 2628 3047 ἑαυτοῖς
2673 2984 3116 3055 ἐπικρεμάμενον
3144 2985 3236 3037 τὸν
3269 2985 3513 3037 κίνδυνον
3536 3024 3551 3046 ,
3579 2982 3701 3036 τότε

2107 3064 2629 3136 ἐξομολογουμένους
2660 3066 2728 3119 τὰ
2763 3067 2854 3119 ὑπ’
2888 3067 3068 3120 αὐτῶν
3101 3067 3461 3138 γεγενημένα,
3491 3067 3584 3120 καὶ
3611 3065 3702 3118 λέ-

2106 3167 2301 3218 γοντας
2333 3169 2344 3180 ·
2382 3152 2496 3204 Ναί
2530 3161 2553 3189 ε
2589 3167 2604 3182 ·
2637 3151 2708 3204 ἐν
2742 3152 3052 3221 ἁμαρτίαις
3077 3152 3190 3222 γάρ
3213 3153 3400 3221 ἐσμεν
3427 3151 3560 3218 περὶ
3593 3152 3701 3205 τοῦ

2105 3233 2373 3308 ἀδελφοῦ
2416 3233 2607 3304 ἡμῶν,
2649 3235 2739 3289 ὅτι
2779 3237 3172 3307 ὺπερείδομεν
3200 3236 3315 3305 τὴν
3343 3238 3557 3305 θλίψιν
3591 3234 3702 3303 τῆς

2105 3319 2316 3389 ψυχῆς
2335 3320 2542 3374 αὑτοῦ.
2587 3320 2699 3391 Οὑχ
2734 3321 2922 3385 ἁπλῶς
2957 3322 3078 3374 οὑδέ
3112 3322 3308 3392 μάτην,
3343 3321 3501 3391 φησὶ,
3526 3320 3702 3373 ταῦτα

2107 3405 2471 3478 ὑπομένομεν,
2495 3404 2630 3458 ἀλλά
2655 3405 2898 3471 δικαίως,
2925 3407 3018 3460 καὶ
3041 3407 3244 3477 σφόδρα
3267 3405 3521 3467 δικαίως·
3543 3405 3701 3467 δίκας

2106 3493 2215 3561 γάρ
2241 3490 2583 3562 δίδομενιτῆς
2610 3491 3005 3564 ἀπανθρωπίας
3032 3493 3126 3546 καὶ
3151 3493 3250 3561 τῆς
3278 3490 3560 3561 ὠμότητος
3583 3529 3599 3551 ,
3631 3486 3700 3561 ἧς

2105 3577 2235 3646 περὶ
2275 3575 2365 3628 τὸν
2401 3574 2627 3644 ἀδελφὺν
2667 3575 3062 3648 ἐπεδειξάμεθα
3088 3595 3100 3607 ·
3135 3576 3265 3630 Ὀτι
3306 3574 3702 3642 ὑπερείδομεν

2104 3659 2220 3726 τὴν
2270 3660 2485 3728 θλίψιν
2536 3660 2648 3729 τῆς
2708 3659 2920 3729 ψυχῆς
2981 3659 3190 3724 αὐτοῦ,
3247 3661 3347 3712 ὅτε
3387 3657 3702 3712 ναιτεδέετο

2102 3741 2288 3811 ἡμῶν,
2344 3744 2443 3797 καὶ
2499 3746 2612 3798 οὐκ
2663 3746 3118 3814 εἰσηκούσαμεν
3173 3743 3381 3797 αὑτοῦ.
3451 3740 3696 3810 Ἐπειδὴ,

2104 3829 2290 3898 φησὶν,
2323 3829 2668 3899 ἀσυμπαθεῖς
2697 3828 3002 3898 γεγόναμεν
3019 3869 3034 3892 ,
3059 3827 3152 3880 καὶ
3179 3826 3379 3897 πολλὴν
3417 3823 3700 3888 ἐπεδειξά-

2107 3911 2246 3982 μεθα
2277 3911 2374 3982 τὴν
2409 3912 2688 3984 ὠμότητα,
2734 3914 2823 3966 διὰ
2869 3912 3028 3965 τοῦτο
3080 3913 3173 3966 καὶ
3228 3913 3390 3982 ἡμεῖς
3437 3907 3534 3961 νῦν
3583 3906 3697 3960 τῶν

2102 3995 2283 4049 αὑτῶν
2313 3996 2632 4068 πειρώμεθα
2664 4015 2676 4026 ·
2704 3998 2959 4052 ’Ἕνεκεν
3005 3996 3115 4065 γὰρ
3165 3997 3382 4049 τούτου
3424 3994 3698 4064 ἐπῆλθεν

2100 4079 2192 4149 ἐφ’
2222 4079 2380 4149 ἡμᾶς
2405 4082 2443 4150 ἡ
2476 4082 2687 4150 θλίψις
2723 4081 2902 4147 αὕτη.

2169 4170 2238 4232 γ’.
2265 4165 2375 4217 Καὶ
2401 4164 2574 4218 ταῦτα
2609 4165 2708 4234 μὲν
2737 4165 2874 4235 πρὸς
2901 4164 3164 4236 ἀλλήλους
3188 4165 3509 4232 διελέγοντο,
3539 4169 3698 4234 νομί-

2100 4247 2283 4311 ζοντες
2318 4247 2544 4318 μηδενὸς
2573 4247 2775 4301 τούτων
2807 4248 3095 4301 ἐπακούειν
3113 4249 3202 4302 τὸν
3233 4250 3453 4320 Ἰωσήφ.
3481 4249 3565 4310 Ὠς
3583 4249 3696 4320 γὰρ

2097 4330 2308 4398 ἀγνοῶν
2335 4330 2429 4383 καὶ
2453 4331 2552 4383 οὑκ
2580 4329 2736 4394 εἰδὼς
2751 4331 2930 4384 αὐτῶν
2943 4333 3043 4403 τὴν
3060 4331 3326 4401 γλῶτταν,
3348 4333 3696 4403 παρεσκεύα-

2099 4429 2190 4466 σεν
2221 4413 2466 4484 ἑρμηνέα
2499 4413 2701 4485 μεταξὺ
2733 4415 3056 4487 ἀμφοτέρων
3079 4416 3322 4480 ἑστάναι,
3351 4418 3445 4470 καὶ
3465 4417 3531 4470 τὰ
3557 4421 3694 4489 παρ’

2097 4496 2264 4550 αὑτοῦ
2292 4497 2578 4567 διασαφεῖν
2603 4497 2831 4562 ἐκείνοις
2849 4539 2863 4562 ,
2904 4501 2999 4552 καὶ
3021 4499 3092 4552 τά
3122 4503 3248 4571 παρ’
3287 4501 3514 4554 ἐκείνων
3543 4503 3694 4572 αὑτῷ

2097 4579 2441 4653 ἑρμηνεύειν.
2497 4581 2688 4636 Ταῦτα
2738 4581 2808 4634 δὲ
2863 4581 3102 4636 ἀκούων
3153 4586 3188 4637 ό
3249 4583 3510 4653 Ῥουϐὴν
3558 4582 3696 4638 εἶπε

2096 4663 2244 4731 πρὸς
2305 4666 2557 4732 αὐτούς·
2592 4668 2715 4720 Οὐκ
2752 4664 3031 4735 ἐλάλησα
3090 4667 3253 4737 ὑμῖν,
3316 4669 3532 4739 λέγων,
3589 4671 3692 4737 Μὴ

2095 4747 2426 4814 ἀδικήσητε
2477 4750 2542 4802 τὸ
2597 4748 2943 4818 παιδάριον,
2992 4750 3091 4804 καί
3120 4753 3235 4806 οὐκ
3285 4754 3693 4820 εἰσηκούσατέ

2089 4848 2244 4900 μους
2280 4831 2389 4887 Καὶ
2420 4832 2548 4887 ίδοὺ
2574 4833 2642 4887 τὸ
2665 4828 2810 4904 αἷμα
2843 4835 3030 4889 αὐτοῦ
3061 4835 3406 4904 ἐκζητεῖται.
3447 4838 3521 4890 Οὑ
3558 4854 3685 4891 συν-

2094 4915 2414 4980 εϐούλευσα,
2442 4919 2596 4989 φησὶ,
2644 4919 2782 4985 τότε,
2831 4920 2894 4972 οὑ
2936 4921 3311 4992 παρεκάλεσα,
3347 4920 3489 4974 ὥστε
3521 4921 3690 4992 μηδε-

2087 4999 2226 5070 μίαν
2273 5001 2488 5055 ἀδικίαν
2541 5003 2672 5073 περὶ
2709 5005 2872 5058 αὑτὸν
2920 5005 3329 5072 ἐπιδείξασθαι;
3382 5005 3487 5058 Διά
3529 5005 3690 5058 τοῦτο

2092 5083 2188 5136 νῦν
2227 5085 2296 5138 Τὸ
2329 5080 2473 5154 αἷμα
2501 5086 2689 5140 αὐτοῦ
2717 5087 3058 5156 ἐκζητεῖται.
3100 5090 3180 5160 Τῇ
3216 5089 3325 5161 γὰρ
3353 5088 3546 5160 γνώμῃ
3585 5089 3686 5142 αὑ-

2090 5167 2183 5220 τὸν
2204 5167 2446 5221 ἀνείλετε
2477 5185 2490 5197 ·
2517 5172 2565 5223 εἰ
2591 5171 2700 5242 γὰρ
2733 5172 2828 5225 καὶ
2863 5172 2936 5244 μὴ
2969 5172 3056 5226 διὸ
3089 5173 3184 5226 τοῦ
3214 5172 3412 5244 λαιμοῦ
3441 5173 3503 5225 τὸ
3534 5173 3685 5240 ξίφος

2091 5249 2305 5317 ὦσατε,
2341 5251 2476 5305 ἀλλά
2511 5252 2808 5326 βαρϐάροις
2841 5255 3101 5325 ἀνδράσιν
3139 5255 3301 5309 αὑτὸν
3338 5257 3681 5328 πεπράκατε,

2091 5335 2185 5388 καί
2211 5335 2598 5407 χαλεπωτέραν
2620 5337 2850 5392 θανάτου
2879 5338 3120 5393 δουλείαν
3148 5338 3297 5410 αὑτῷ
3330 5340 3679 5411 ἐπενθήσατε·

2090 5419 2179 5474 διὰ
2211 5419 2389 5486 τοῦτο,
2421 5421 2492 5476 Τὸ
2520 5417 2664 5492 αἷμα
2679 5423 2865 5478 αὐτοῦ
2889 5422 3366 5492 ἐκζητεῖταινῦφ.
3399 5423 3682 5492 Ἐννόησον

2090 5508 2215 5560 ὅσον
2248 5507 2396 5560 ἐστὶν
2429 5507 2534 5561 ὑπὸ
2580 5508 2674 5562 τοῦ
2725 5509 3027 5574 συνειδότος
3079 5508 3540 5580 κατηγορεῖσθαι,
3588 5510 3682 5560 καὶ

2091 5589 2277 5644 τοῦτον
2323 5593 2416 5645 τὸν
2464 5593 2768 5664 κατήγορον
2813 5593 3078 5664 διηνεκῶς
3120 5593 3265 5664 ἔχειν
3311 5594 3677 5662 ἐπικείμενον,

2091 5674 2442 5728 καταϐοῶντα
2490 5677 2584 5729 καὶ
2628 5675 2726 5746 τὴν
2776 5677 3122 5748 παρανομίαν
3167 5677 3677 5747 ὑπομιμνήσκοντα.

2088 5756 2200 5809 Καὶ
2252 5759 2440 5811 ταῦτα
2489 5758 2676 5826 ἤκουε
2730 5758 2850 5827 μὲν
2893 5759 3117 5830 Ἰωσήφ
3181 5777 3198 5792 ·
3235 5760 3406 5814 αὐτοὶ
3449 5759 3519 5812 δὲ
3563 5761 3680 5813 οὐκ

2153 5839 2180 5906 Ι)
2203 5841 2427 5906 Quinqgge
2448 5844 2824 5906 πηδᾷ-τελειωθῇ.

2158 5905 2183 5972 ἐξ
2207 5903 2298 5972 Ναί
2314 5903 2431 5972 ιιίὶᾕῇ
2451 5903 2690 5972 vertimus
2709 5903 2856 5972 εειίιιζ,
2880 5920 2991 5970 ηοω
3016 5911 3095 5956 est
3117 5904 3313 5970 propria
3339 5906 3679 5972 vocisisigniti-

2092 5965 2358 6033 gatio._$ed
2384 5965 2464 6014 hic
2504 5965 2680 6033 νηοί-ίῳ
2713 5965 2911 6018 clarius'
2941 5965 3175 6033 expriniit
3210 5965 3440 6020 inentem
3471 5965 3674 6018 {mirum

2089 6024 2309 6088 Josephi,
2333 6033 2385 6077 ul
2411 6041 2470 6078 ex
2490 6031 2620 6078 serie
2648 6028 2826 6092 liquet.
