4038 6358
309 368 416 423 549

306 478 602 534 Ismaelitas
629 477 824 533 factum
854 490 1084 542 servum,
1115 475 1418 545 servireque
1442 475 1581 545 apud
1611 476 1884 541 barbaros,

306 572 449 626 unde
488 570 615 624 nihil
643 571 816 624 simile
844 570 948 623 illis
971 570 1053 623 vel
1084 570 1134 621 in
1166 578 1394 623 mentem
1426 570 1607 623 venire
1637 577 1840 637 poterat
1869 584 1883 630 ;

204 688 213 693 ν
304 671 362 716 et
392 676 495 715 non
518 668 847 729 agnoverunt
863 658 1081 728 Joseph.
1115 658 1233 727 Ipse
1257 672 1384 713 vero
1419 658 1595 712 statim
1623 666 1679 711 ut
1709 657 1838 711 vidit
1865 698 1881 723 ,

301 752 518 820 agnovit
540 765 634 805 eos
662 766 676 803 :
705 760 759 805 et
802 759 859 804 ut
904 750 1235 820 ignoraretur
1263 748 1501 814 studuit,
1547 763 1610 803 ac
1652 763 1772 802 cum
1808 750 1886 803 eis

299 843 451 909 quasi
471 855 591 895 cum
643 841 830 896 alienis
875 856 1032 910 agere
1057 839 1243 895 voluit.
1275 840 1327 894 7.
1372 840 1697 894 Abatienabat
1740 841 1882 896 enim

245 912 269 989 ἶ
295 947 352 985 se
372 931 435 984 ab
462 932 533 985 eis
552 971 566 997 ,
610 941 656 984 et
685 932 918 1001 loquutus
945 941 1017 986 est
1048 931 1119 985 eis
1147 932 1315 995 dura;
1341 939 1389 985 et
1417 931 1546 986 dixit
1571 948 1591 986 :
1625 930 1772 987 Unde
1798 948 1884 986 ve-

262 1014 272 1091 ί
298 1021 486 1076 nistis?
527 1021 751 1077 Simulat
780 1021 1140 1077 omnimodam
1184 1021 1570 1091 ignorantiam,
1611 1030 1671 1077 ut
1706 1021 1884 1078 omnia

260 1088 276 1188 ί
294 1112 584 1182 diligenter
602 1114 669 1167 ab
690 1114 767 1168 eis
792 1113 998 1168 discere
1017 1121 1193 1183 queat.
1210 1088 1567 1168 besiderabat
1584 1114 1725 1169 enim
1746 1114 1884 1171 scire

295 1217 417 1271 quae
444 1203 511 1256 ad
541 1211 745 1272 patrem
773 1210 828 1257 et
851 1202 917 1257 ad
943 1201 1159 1258 fratrem
1189 1203 1516 1272 spectabant.

275 1295 281 1302 '
368 1294 422 1346 2.
453 1295 518 1348 Et
544 1297 771 1363 primum
797 1295 987 1365 quaerit
1011 1310 1077 1349 ex
1105 1312 1207 1365 qua
1231 1297 1446 1365 regione
1467 1296 1595 1363 sint,
1620 1305 1675 1351 et
1698 1296 1883 1353 dicunt

294 1402 363 1439 cx
388 1386 637 1441 Chanaan
664 1403 723 1441 se
747 1388 957 1441 venisse
983 1396 1041 1441 ut
1082 1396 1322 1442 emerent
1348 1388 1629 1442 frumenta.
1660 1388 1836 1443 Famis
1859 1429 1875 1455 ,

293 1476 561 1547 inquiunt,
593 1479 881 1532 necessitas
907 1479 958 1532 in
985 1493 1142 1533 causa
1164 1488 1244 1532 est
1267 1494 1431 1546 quare
1452 1478 1503 1532 id
1531 1478 1735 1534 itineris
1754 1494 1881 1534 con-

291 1570 553 1635 fecimus,
587 1578 641 1623 et
667 1580 949 1639 prepterea
980 1572 1177 1624 relictis
1225 1571 1449 1639 propriis
1478 1570 1581 1625 huc
1614 1573 1873 1627 venimus.

290 1658 349 1712 9.
383 1658 449 1712 Et
477 1660 767 1713 recordatus
796 1669 867 1713 est
888 1703 902 1726 ,
935 1662 1101 1728 inquit
1131 1702 1146 1725 ,
1190 1660 1381 1729 Joseplt
1424 1662 1729 1716 somniorum
1768 1680 1880 1732 qua:

288 1751 399 1818 ipse
422 1750 631 1805 viderat.
658 1752 714 1806 In
739 1761 967 1807 mentem
990 1763 1246 1807 venerunt
1268 1754 1315 1806 ei
1344 1755 1569 1820 somnia,
1595 1765 1648 1808 et
1671 1756 1879 1812 videbat

290 1844 510 1897 evenire
534 1860 595 1897 ea
617 1886 631 1910 ,
667 1845 890 1914 ideoque
922 1845 1132 1899 volebat
1154 1846 1428 1914 diligenter
1453 1848 1629 1901 omnia
1650 1848 1876 1917 discere,

288 1944 347 1987 et
378 1950 564 2004 magna
614 1951 733 1989 cum
777 1937 1085 1990 austeritate
1124 1938 1203 1991 eis
1247 1938 1569 2008 respondet,
1597 1954 1660 1993 ac
1704 1940 1873 1997 dicit:

286 2024 653 2095 Exploratores
681 2027 816 2092 estis,
837 2037 882 2079 et
907 2028 975 2080 ad
1000 2028 1365 2083 consideranda
1387 2031 1590 2100 vestigia
1615 2040 1759 2084 terra?
1787 2047 1873 2085 ve-

287 2117 456 2170 nistis.
491 2116 607 2170 Non
634 2127 795 2179 recta,
830 2119 995 2187 inquit
1018 2158 1034 2184 ,
1067 2128 1245 2173 mente
1268 2119 1573 2174 advenistis.
1614 2121 1873 2176 Videmini

284 2215 403 2259 arte
449 2214 504 2261 et
533 2208 853 2276 malignitate
893 2208 1119 2277 quadam
1161 2209 1265 2263 huc
1304 2210 1540 2277 profecti.
1574 2210 1648 2263 Illi
1696 2221 1873 2266 autem

283 2298 431 2352 anxii
459 2298 703 2353 dixerunt
731 2316 747 2354 ι
776 2300 863 2354 10.
894 2299 1015 2353 Non
1037 2342 1050 2363 ,
1084 2300 1301 2355 domine.
1332 2302 1395 2354 Et
1424 2302 1475 2354 id
1509 2302 1647 2372 quod
1670 2303 1875 2359 discere

286 2389 541 2443 studebat
564 2389 781 2458 Ioseph,
811 2391 909 2445 hoc
936 2407 964 2444 a
986 2392 1283 2462 semetipsis
1305 2392 1535 2459 docent,
1568 2402 1621 2448 et
1648 2394 1827 2448 dicunt
1855 2413 1869 2447 :

284 2478 437 2533 Servi
480 2481 553 2532 tui
590 2482 813 2534 venimus
837 2521 853 2548 ,
898 2491 951 2535 ut
999 2499 1220 2535 emamus
1266 2484 1530 2538 escas.II.
1564 2484 1748 2538 Omnes
1776 2486 1871 2554 ﬁlii

282 2585 464 2623 sumus
486 2571 631 2624 unius
660 2572 753 2623 viri
778 2613 793 2634 ,
824 2572 1022 2640 paciﬁci
1040 2589 1243 2638 sumus,
1274 2590 1373 2626 non
1392 2583 1507 2626 sunt
1528 2576 1654 2627 servi
1690 2576 1760 2627 tui
1787 2591 1872 2628 ea:-

284 2662 592 2732 ploratores.
632 2662 817 2717 Adhuc
846 2663 913 2717 de
938 2665 1126 2735 seipsis
1157 2673 1357 2718 tantum
1397 2666 1652 2719 rationem
1682 2665 1871 2721 redde-

281 2754 416 2809 bant
435 2797 449 2815 ,
476 2765 531 2809 et
560 2770 667 2824 prta
694 2757 882 2810 timore
913 2757 1119 2810 attoniti
1161 2766 1367 2822 mente,
1406 2757 1636 2811 nondum
1665 2774 1781 2827 qute
1805 2759 1872 2814 ad

280 2844 484 2915 Ioseph
530 2847 903 2916 pertinebant,
945 2847 1186 2902 dixerant
1215 2865 1228 2901 :
1258 2848 1377 2902 ideo
1404 2848 1491 2901 ille
1518 2863 1868 2917 perseverans

280 2937 497 2993 dicebat
528 2957 540 2991 :
572 2940 654 2994 12.
682 2939 821 3001 Νοη,
849 2940 937 2993 sed
962 2941 1163 2994 venistis
1192 2948 1247 2993 ut
1280 2941 1488 3011 vestigia
1516 2950 1665 2996 terra:
1691 2943 1870 3011 explo—

279 3030 425 3083 retis.
470 3030 839 3097 Supervacue,
874 3031 1072 3101 inquit,
1121 3030 1235 3086 haec
1265 3032 1394 3086 mihi
1430 3032 1604 3087 dicitis
1634 3052 1647 3088 :
1675 3035 1870 3088 etenim

280 3119 367 3175 vel
393 3119 508 3189 ipsa
532 3120 793 3174 adventus
819 3121 978 3175 vestri
1004 3121 1140 3176 ratio
1165 3121 1419 3185 declarat,
1453 3138 1546 3178 vos
1575 3125 1714 3177 malo
1740 3140 1872 3193 qun-

282 3209 412 3265 dam
444 3213 714 3283 proposito
745 3222 918 3268 motos
950 3214 1051 3269 huc
1091 3216 1320 3270 venisse.
1354 3214 1434 3269 Illi
1473 3225 1649 3271 autem
1681 3233 1867 3272 neces-

283 3300 443 3357 sitate
469 3303 637 3357 coacti
663 3345 678 3369 ,
709 3313 763 3359 et
791 3304 1035 3359 volentes
1064 3321 1185 3359 eum
1213 3305 1281 3359 ad
1307 3306 1725 3361 misericordiam
1768 3308 1837 3361 lle

282 3403 433 3447 ctere
458 3394 645 3449 dicunt
672 3414 684 3447 :
712 3397 796 3451 15.
828 3395 1103 3450 Duodecim
1140 3414 1316 3451 sumus
1342 3398 1524 3467 fratres
1550 3400 1682 3452 servi
1708 3400 1796 3451 tui.
1827 3399 1870 3454 0

282 3485 570 3539 verborum
603 3485 966 3556 deceptionem
991 3487 1004 3540 l
1040 3487 1212 3540 Etiam
1238 3502 1362 3542 eum
1391 3504 1547 3557 quem
1576 3488 1867 3556 negotiato—

282 3574 435 3628 ribus
461 3575 846 3642 vendiderant,
897 3578 949 3630 in
999 3592 1221 3632 numero
1264 3592 1362 3632 suo
1403 3588 1724 3633 recensent:
1770 3593 1870 3633 nec

282 3662 516 3719 dicunt:
561 3667 847 3720 Duodecim
899 3667 1096 3721 fuimus
1124 3709 1140 3733 ,
1190 3667 1283 3723 sed
1310 3708 1324 3732 ,
1375 3667 1655 3721 Duodecim
1696 3685 1869 3721 sumus

285 3758 490 3825 fratres,
518 3764 563 3808 et
590 3757 894 3825 eccejunior
919 3773 1031 3809 cum
1055 3767 1197 3827 patre
1233 3766 1425 3810 nostro.
1456 3757 1565 3811 Hoc
1592 3758 1731 3812 enim
1755 3767 1869 3812 erat

284 3845 427 3913 quod
457 3847 592 3900 scire
621 3847 885 3914 cupiebat,
916 3862 1038 3900 num
1063 3856 1116 3901 et
1144 3847 1359 3901 fratrem
1385 3846 1626 3901 similiter
1653 3846 1869 3901 afﬂixis—

283 3945 427 3991 sent.
458 3934 524 3987 Et
550 3952 658 3988 ecce
674 3937 852 4006 junior
877 3953 989 3988 cum
1016 3949 1158 4007 patre
1185 3950 1356 3989 nostro
1380 3952 1400 4000 ,'
1425 3938 1556 3990 alius
1582 3948 1746 3990 autem
1768 3952 1867 3990 non

285 4035 534 4095 superest.
564 4025 673 4079 Nec
700 4026 883 4080 dicunt
913 4043 1024 4081 rem
1057 4027 1352 4092 manifeste,
1381 4027 1471 4081 sed
1496 4036 1717 4093 tantum,
1747 4025 1867 4080 Non

280 4127 526 4185 superest.
558 4116 634 4170 Ex
666 4118 763 4170 hoc
790 4133 908 4171 cum
952 4118 1308 4187 suspicaretur
1331 4160 1345 4185 ,
1373 4132 1441 4173 ne
1470 4116 1604 4172 forte
1643 4128 1696 4172 et
1728 4118 1865 4171 Beu-

277 4207 449 4274 jatnin
477 4210 632 4262 simili
664 4211 821 4263 modo
867 4210 1200 4274 allecissent,
1235 4212 1325 4264 Μ.
1371 4210 1484 4264 Hoc
1517 4220 1589 4263 est
1612 4251 1629 4276 ,
1660 4210 1866 4278 inquit,

280 4301 420 4370 quod
442 4301 547 4354 dixi
569 4302 722 4367 vobis,
747 4302 882 4371 quod
902 4303 1241 4372 exploratores
1262 4302 1391 4355 sitis.
1418 4303 1503 4356 15.
1532 4301 1867 4372 Nequaquam

284 4392 406 4445 hinc
434 4394 564 4446 enim
593 4394 813 4455 exibitis,
843 4410 1101 4463 quousque
1128 4398 1284 4464 frater
1310 4403 1466 4447 vester
1486 4393 1668 4462 junior
1688 4394 1871 4444 venerit

283 4483 406 4536 huc.
438 4481 590 4537 Illum
616 4485 799 4539 videre
837 4484 994 4548 volo;
1021 4485 1175 4553 cupio
1200 4484 1381 4538 videre
1407 4499 1527 4537 eum
1560 4482 1649 4551 qui
1676 4497 1739 4537 ex
1775 4497 1871 4535 eo-

286 4570 415 4627 dem
447 4580 598 4628 utero
627 4583 781 4626 natus
819 4582 938 4628 est:
968 4576 1210 4641 suspicor
1237 4574 1379 4628 enim
1419 4589 1485 4627 ex
1523 4573 1602 4626 his
1637 4589 1753 4641 quae
1781 4573 1873 4625 ad-

283 4677 481 4718 versus
524 4678 611 4717 me
657 4664 879 4733 egistis,
924 4673 1158 4719 mentem
1200 4673 1431 4719 vestram
1480 4663 1713 4717 fraterno
1751 4663 1872 4716 odio

286 4750 555 4808 laborare.
590 4753 645 4809 Si
673 4754 832 4823 igitur
853 4754 1011 4808 vultis
1030 4796 1045 4820 ,
1076 4756 1161 4809 I6.
1204 4754 1389 4807 Mittite
1422 4771 1577 4807 unum
1608 4771 1669 4806 ea:
1695 4755 1860 4820 vobis,

280 4854 335 4898 et
360 4844 599 4899 adducite
617 4862 729 4900 eum
760 4863 778 4900 :
802 4862 895 4901 vos
921 4860 1097 4901 autem
1126 4857 1333 4902 manete
1360 4848 1410 4901 in
1442 4862 1674 4911 carcere,
1700 4848 1873 4903 donec

282 4933 375 4988 ille
402 4935 628 4990 venerit.
670 4937 760 4991 Ille
803 4939 944 4990 enim
988 4953 1107 4992 cum
1151 4937 1464 5004 advenerit,
1493 4938 1706 4992 docebit
1745 4954 1871 4993 num

282 5043 411 5082 vera
428 5027 532 5082 sint
548 5029 929 5098 qumdicitis,et
944 5029 1184 5084 liberabit
1200 5044 1290 5083 vos
1310 5028 1376 5082 ab
1392 5030 1534 5083 omni
1552 5030 1870 5100 suspicione.

281 5117 420 5172 Nam
444 5118 487 5172 si
517 5117 619 5173 hoc
646 5135 753 5174 non
784 5119 975 5183 fuerit,
1005 5118 1339 5173 manifestum
1368 5128 1451 5173 est
1489 5134 1585 5173 vos
1614 5120 1862 5188 explora-

283 5216 432 5261 tores
461 5221 597 5267 esse.
624 5217 677 5262 et
703 5218 983 5278 propterea
1014 5208 1116 5262 huc
1140 5209 1368 5262 venisse.
1402 5208 1469 5262 Et
1498 5208 1599 5263 hoc
1629 5224 1751 5264 cum
1782 5210 1866 5262 di-

282 5298 474 5361 xisset,
490 5298 575 5352 I7.
599 5297 777 5353 Posuit
796 5317 879 5353 eos
901 5302 953 5353 in
968 5316 1187 5355 carcere.
1206 5299 1337 5353 Vide
1357 5300 1621 5368 quomodo
1637 5300 1872 5369 ipsorum

288 5388 478 5458 probat
504 5390 756 5455 animum,
779 5400 833 5445 et
857 5406 953 5460 per
979 5406 1039 5445 ea
1060 5406 1177 5459 qua:
1198 5390 1251 5443 in
1281 5390 1400 5443 illos
1427 5391 1550 5460 agit,
1576 5406 1722 5445 suam
1745 5407 1869 5461 erga

282 5476 507 5531 fratrem
535 5479 773 5534 declarat
799 5481 1241 5536 benevolentiam.
1278 5479 1403 5535 Post
1429 5490 1527 5535 tres
1565 5492 1733 5535 autem
1766 5484 1871 5537 dies

284 5569 475 5621 vocatis
512 5569 637 5634 illis,
660 5570 788 5624 dixit
824 5588 841 5626 :
871 5572 958 5626 IS.
1003 5571 1116 5625 Hoc
1147 5573 1329 5643 facite,
1370 5581 1417 5627 et
1457 5573 1626 5627 vivetis
1665 5590 1683 5627 :
1707 5572 1873 5627 Deum

277 5660 419 5711 enim
440 5675 530 5729 ego
554 5662 724 5715 timeo.
755 5662 839 5717 I9.
879 5663 940 5718 Si
967 5664 1169 5733 paciﬁci
1200 5664 1314 5718 estis
1336 5704 1350 5729 ,
1381 5680 1511 5717 unus
1539 5664 1755 5731 fratrum
1782 5681 1865 5717 ve-

253 5734 507 5803 istrorttm
559 5752 839 5809 detineatur
910 5756 989 5809 hic
1042 5757 1096 5811 in
1141 5772 1370 5825 carcere,
1413 5772 1498 5810 vos
1533 5765 1697 5810 autem
1756 5773 1872 5825 pro-

1344 364 1407 417 IN
1445 364 1592 419 CAP.
1628 363 1781 418 XLII.
1815 363 2058 420 GENES.
2099 366 2323 420 IIOMIL.
2366 368 2546 423 LXIV.

3468 382 3573 440 550

2000 478 2280 544 ficiscimini
2300 496 2320 543 ;
2363 493 2408 535 et
2468 486 2655 538 avehite
2705 487 3004 556 emptionem
3044 489 3442 555 frumentationis
3490 506 3572 544 ve-

1992 578 2127 632 strae,
2154 569 2243 624 20.
2273 581 2316 624 et
2339 575 2544 643 fratrem
2564 586 2783 630 vestrum
2800 579 3061 648 juniorcm
3089 583 3252 637 ducite
3288 586 3356 638 ad
3381 603 3459 639 me
3487 625 3501 650 ,
3531 595 3579 637 et

1990 650 2247 733 credibilia
2267 666 2409 709 erunt
2426 657 2571 712 verba
2592 668 2749 714 vestra
2775 676 2794 715 :
2819 664 2953 731 quod
3002 663 3049 717 si
3104 669 3277 724 minus
3301 706 3317 733 ,
3373 668 3576 725 morie-

1994 742 2148 783 mtnt.

2064 827 2381 886 Conscientia
2418 832 2626 888 damnat
2666 840 2917 893 conscium
2948 840 3152 909 peccati.
3182 869 3252 881 —
3270 841 3570 897 Considera

1991 922 2371 990 sagacitatem:
2402 924 2597 981 Volens
2633 941 2780 983 suam
2828 942 2952 1001 erga
2984 930 3103 985 illos
3140 932 3567 987 benevolentiam

1990 1010 2280 1080 declarare,
2322 1023 2376 1070 et
2411 1016 2571 1088 patris
2617 1018 2887 1087 penuriam
2931 1021 3225 1085 consolari,
3247 1022 3417 1092 deque
3462 1023 3567 1075 fra-

1991 1108 2071 1156 tre
2116 1106 2388 1161 veritatem
2450 1108 2655 1163 discere
2684 1149 2699 1175 ,
2746 1124 2853 1164 uno
2914 1121 3153 1177 retento,
3204 1113 3336 1167 alios
3416 1114 3563 1167 abire

1984 1190 2163 1259 jussit.
2209 1195 2314 1251 Sed
2383 1197 2506 1254 vide
2568 1215 2709 1255 nunc
2756 1202 3022 1271 quomodo
3086 1204 3404 1259 conscientia
3463 1219 3562 1260 eo-

1988 1300 2104 1341 rum
2133 1327 2148 1350 ,
2175 1287 2509 1360 incorruptus
2554 1292 2641 1346 ille
2663 1292 2846 1361 judex,
2874 1294 3126 1348 adversus
3154 1310 3248 1350 eos
3288 1296 3557 1365 insurgat,

1986 1384 2041 1429 et
2068 1377 2210 1431 nullo
2233 1390 2483 1449 arguente
2505 1423 2519 1445 ,
2548 1383 2627 1435 vel
2657 1384 2706 1436 in
2736 1382 2963 1437 medium
2987 1384 3253 1452 quidpiam
3282 1385 3555 1448 afferente,

1986 1466 2086 1535 ipsi
2111 1470 2190 1522 sui
2215 1469 2450 1538 ipsorum
2476 1485 2809 1528 accusatores
2840 1474 2985 1527 fiant.
3014 1474 3155 1528 Dixit
3180 1477 3341 1542 enim,
3367 1477 3554 1547 inquit,

1984 1559 2323 1629 unusquisque
2348 1560 2416 1613 ad
2445 1564 2650 1631 fratrem
2678 1580 2822 1617 suum
2850 1605 2865 1629 ,
2896 1566 2983 1619 Ἦ.
3015 1565 3197 1619 Merito
3222 1583 3242 1620 :
3266 1568 3317 1620 in
3343 1570 3557 1637 peccatis

1985 1647 2115 1700 enim
2142 1665 2313 1703 sumus
2342 1661 2545 1720 prapter
2570 1657 2776 1722 fratrem
2806 1666 3029 1709 nostrum
3047 1696 3062 1722 ,
3094 1657 3212 1726 quia
3238 1657 3557 1727 despeximus

1981 1738 2293 1807 aﬂlictionem
2331 1744 2514 1797 animtr
2540 1746 2677 1810 eius,
2709 1747 2908 1812 quando
2937 1746 3291 1817 deprecabatur
3339 1766 3462 1817 nos,
3508 1760 3556 1803 et

1982 1844 2083 1882 non
2117 1832 2457 1888 exaudivimus
2493 1851 2643 1901 eum;
2684 1846 2887 1905 propter
2935 1838 3028 1891 hoc
3078 1839 3210 1892 venit
3258 1856 3409 1910 super
3457 1859 3551 1896 nos

1981 1922 2143 1975 omnis
2193 1925 2391 1993 afﬂictio
2433 1927 2557 1981 htec.
2612 1928 2686 1982 Ita
2726 1931 2867 1984 enim
2912 1946 2969 1986 se
3025 1932 3182 1987 habet
3231 1944 3547 2003 peccatum;

1980 2011 2188 2078 quando
2227 2027 2649 2071 consummatum
2677 2027 2759 2073 est
2785 2028 2838 2074 et
2865 2034 3027 2088 opere
3067 2021 3358 2090 perfectum
3379 2066 3394 2087 ,
3428 2033 3555 2079 tunc

1979 2116 2089 2155 sum
2116 2103 2454 2160 absurditatis
2481 2109 2712 2163 ostendit
2739 2125 3037 2165 excessum.
3081 2111 3143 2166 Et
3187 2113 3323 2167 sicut
3349 2116 3548 2182 ebrius,

1978 2195 2191 2261 quando
2215 2198 2382 2251 multo
2402 2199 2526 2253 vino
2551 2215 2610 2254 se
2637 2201 2941 2271 ingurgitat,
2964 2203 3165 2258 nullum
3192 2205 3352 2259 sentit
3375 2220 3403 2258 a
3427 2206 3550 2261 vino

1978 2282 2227 2339 damnum
2250 2328 2265 2352 ,
2301 2297 2479 2355 postea
2505 2299 2678 2344 autem
2717 2294 2879 2346 sentit
2903 2296 3265 2363 experimento
3293 2307 3548 2366 quantum

1976 2373 2046 2427 sit
2066 2374 2470 2434 detrimentum:
2490 2380 2557 2434 ita
2575 2390 2625 2435 et
2646 2391 2935 2451 peccatum,
2950 2384 3119 2440 donec
3134 2397 3547 2453 consummetur,

1976 2469 2286 2525 obtenebrat
2305 2481 2554 2539 mentem,
2572 2482 2625 2527 et
2648 2475 2797 2544 quasi
2821 2476 2984 2531 densa
3009 2476 3195 2543 nubes,
3225 2479 3293 2532 ita
3318 2489 3548 2533 mentem

1976 2571 2208 2617 excmcat
2231 2581 2243 2615 :
2263 2564 2457 2620 deinde
2482 2568 2804 2622 conscientia
2831 2570 3071 2639 iusnrgit,
3099 2580 3153 2626 et
3178 2574 3365 2642 quovis
3392 2589 3549 2628 accu-

1974 2662 2151 2709 satore
2178 2666 2407 2711 mentem
2449 2659 2659 2727 gravius
2688 2660 2888 2714 arrodit
2909 2703 2925 2726 ,
2955 2672 3257 2719 monstrans
3298 2665 3545 2719 absurdis

1976 2753 2135 2799 tatem
2161 2745 2303 2801 facti.
2333 2748 2615 2803 Enimvero
2646 2749 2764 2804 vide
2790 2766 2929 2805 nunc
2966 2751 3063 2807 bos
3101 2754 3152 2807 in
3197 2756 3393 2823 peccati
3420 2772 3546 2809 sen-

1974 2851 2092 2891 sum
2118 2838 2423 2904 venientes;
2447 2848 2500 2893 et
2531 2854 2651 2894 cum
2677 2840 2742 2895 de
2767 2856 2971 2895 summa
3017 2843 3201 2897 salutis
3250 2846 3546 2914 periculum

1974 2932 2309 2999 immineret,
2342 2941 2464 2986 tunc
2500 2932 2710 2987 tandem
2754 2934 3067 2991 conﬁtentes
3110 2953 3227 3007 qua:
3271 2938 3504 2993 fecerant
3522 2979 3557 3005 ,κ

1969 3030 2021 3074 et
2050 3020 2306 3087 dicentes,
2336 3022 2519 3076 Merito
2541 3023 2558 3053 ί
2590 3040 2602 3076 :
2629 3026 2683 3076 in
2724 3026 2938 3094 peccatis
2978 3027 3110 3080 enim
3135 3042 3308 3081 sumus
3337 3040 3537 3100 propter

1970 3113 2177 3181 fratrem
2193 3122 2433 3177 nostrum,
2449 3115 2685 3184 quoniam
2709 3115 3023 3183 despeximus
3037 3116 3347 3186 afﬂictionem
3362 3121 3543 3174 anima

1969 3204 2097 3257 eius.
2128 3203 2242 3258 Non
2270 3204 2505 3273 fortuito,
2538 3220 2708 3275 neque
2727 3206 2841 3261 sine
2868 3221 3026 3261 causa
3052 3207 3165 3261 haec
3198 3209 3543 3275 sustinemus,

1968 3294 2060 3348 sed
2082 3294 2222 3363 juste
2249 3297 2467 3351 etvalde
2492 3299 2631 3367 justo
2649 3299 3039 3366 pmnasluimus
3065 3300 3457 3357 inbumanitatis
3490 3313 3542 3356 et

1968 3387 2290 3442 crudelitatis
2315 3405 2471 3459 quam
2499 3404 2622 3459 erga
2654 3388 2867 3444 fratrem
2898 3402 3134 3446 nostrum
3162 3392 3496 3447 exhibuimus
3519 3412 3533 3459 ;

1973 3478 2221 3544 Quoniam
2258 3481 2573 3551 despeximus
2618 3482 2929 3551 aﬂlictionem
2959 3487 3139 3537 anima:
3167 3486 3304 3553 ejus,
3336 3485 3540 3554 quando

1969 3574 2326 3641 deprecabatur
2376 3591 2466 3629 nos
2489 3616 2505 3641 ,
2535 3584 2580 3628 et
2604 3590 2704 3627 non
2753 3575 3033 3629 audivimus
3061 3592 3193 3630 eum.
3239 3575 3496 3642 Quoniam
3522 3607 3536 3642 ,

1970 3666 2168 3735 inquit,
2220 3667 2418 3734 absque
2465 3665 2924 3719 commiseratione
2971 3665 3162 3721 fuimus
3187 3707 3202 3732 ,
3232 3676 3287 3721 et
3314 3668 3534 3722 multam

1969 3756 2303 3810 exhibuimus
2345 3755 2735 3821 crudelitatem,
2764 3765 3037 3824 propterea
3067 3773 3205 3811 nunc
3232 3772 3328 3812 nos
3353 3759 3535 3813 eadem

1968 3847 2292 3913 experimur,
2327 3855 2381 3900 et
2404 3845 2616 3899 Provter
2641 3849 2732 3899 hoc
2760 3848 2889 3899 venit
2953 3846 3165 3916 afflictio
3217 3849 3326 3903 haec
3381 3864 3535 3914 super

1964 3946 2077 3986 nos.

2034 4023 2086 4076 '5.
2112 4021 2177 4075 Et
2198 4020 2310 4075 hmc
2333 4020 2544 4090 quidem
2573 4020 2646 4073 illi
2673 4020 2809 4073 inter
2829 4034 2886 4072 se
2911 4019 3256 4081 disserebant,
3288 4033 3531 4088 putantes

1964 4112 2096 4167 nihil
2138 4112 2326 4166 horum
2353 4110 2537 4165 audire
2563 4109 2873 4179 .Iosephum.
2901 4109 3032 4163 Nam
3062 4110 3208 4178 quasi
3250 4110 3529 4178 ignorans,

1963 4216 2014 4260 et
2042 4204 2285 4259 nesciens
2312 4218 2495 4257 eorum
2542 4203 2768 4272 linguam
2790 4243 2805 4268 ,
2854 4216 2948 4270 per
2982 4201 3317 4269 interpretem
3348 4202 3535 4271 loque-

1964 4298 2119 4351 batur
2151 4295 2261 4363 eis,
2293 4297 2379 4365 qui
2409 4310 2471 4349 ea
2499 4309 2617 4364 qua:
2644 4293 2717 4346 illi
2742 4293 3113 4361 loquebantur,
3144 4301 3197 4346 et
3217 4308 3277 4347 ea
3303 4309 3420 4362 quae
3444 4294 3534 4347 ille

1962 4389 2069 4453 vis,
2103 4388 2408 4457 explicaret.
2439 4387 2528 4440 22.
2570 4385 2791 4439 Audiens
2830 4395 2995 4437 autem
3027 4385 3132 4438 hcce
3177 4384 3380 4448 Ruben,
3409 4386 3536 4439 dixit

1962 4483 2033 4533 eis
2057 4496 2075 4533 :
2102 4479 2285 4533 Nonne
2309 4480 2542 4545 loquutus
2572 4493 2683 4531 sum
2712 4476 2847 4529 vobis
2872 4475 3038 4529 dicens
3066 4490 3086 4528 :
3112 4474 3194 4528 Ne
3216 4477 3402 4545 injuria
3426 4477 3534 4546 affi-

1961 4571 2107 4624 ciatis
2145 4586 2374 4640 puerum,
2404 4578 2449 4622 et
2476 4585 2575 4621 non
2599 4568 2872 4621 exaudistis
2901 4583 2977 4619 me
2998 4567 3023 4619 Σ)
3072 4565 3137 4619 Ει
3180 4583 3291 4620 ecce
3324 4568 3531 4637 sanguis

1964 4664 2073 4732 ejus
2121 4661 2414 4734 exquiritur.
2464 4659 2649 4714 Nonne
2693 4669 2850 4725 tunc,
2912 4659 3107 4727 inquit,
3161 4660 3530 4721 consulebam,

1965 4767 2142 4806 nonne
2216 4750 2589 4815 obsecrabam,
2650 4764 2717 4803 ne
2782 4748 2923 4819 quod
2974 4758 3243 4817 peccatum
3298 4750 3350 4803 in
3414 4766 3549 4803 eum

1965 4843 2359 4898 atlmittcretis?
2414 4842 2697 4911 Propterea
2739 4857 2880 4896 nunc
2926 4840 3147 4912 Sanguis
3197 4841 3307 4910 ejus
3361 4844 3535 4910 exqui—

1964 4940 2112 4992 ritur.
2164 4937 2295 4993 Nafn
2340 4945 2594 5006 quantum
2631 4934 2699 4989 ad
2758 4935 3087 5003 prepositum
3128 4941 3396 4998 vestrum,
3446 4951 3541 4987 cca

1965 5030 2167 5086 cidistis
2213 5046 2226 5081 :
2276 5029 2400 5081 licet
2463 5026 2604 5080 enim
2672 5040 2775 5079 non
2840 5040 2936 5093 per
3000 5022 3249 5092 jugulum
3305 5023 3561 5091 gladium,

1968 5119 2364 5176 transmiseritis
2387 5158 2403 5184 ,
2433 5115 2674 5170 barbaris
2700 5124 2876 5170 tamen
2905 5114 3029 5167 viris
3058 5128 3177 5166 eum
3207 5112 3536 5176 vendidistis,

1966 5223 2019 5270 et
2044 5222 2216 5267 morte
2241 5209 2589 5265 difficiliorem
2617 5208 2666 5262 ei
2696 5206 3001 5260 servitutem
3031 5204 3394 5271 excogitastis:
3419 5202 3541 5256 ideo

1967 5319 2109 5359 nunc
2152 5302 2375 5371 Sanguis
2417 5300 2525 5369 ejus
2558 5298 2851 5367 exquiritur.
2901 5292 3081 5363 Cogita
3129 5302 3379 5361 quantum
3412 5293 3538 5345 sita

1965 5395 2286 5453 conscientia
2315 5408 2410 5448 sua
2435 5390 2671 5446 accusari
2696 5431 2709 5454 ,
2736 5389 3032 5455 habereque
3061 5394 3318 5455 perpetuo
3343 5400 3538 5453 urgen-

1968 5498 2073 5544 tem
2098 5496 2151 5543 et
2176 5487 2490 5541 clamantem
2516 5490 2871 5536 accusatorem
2891 5517 2905 5541 ,
2933 5486 2987 5532 et
3014 5477 3188 5531 scelus
3211 5490 3543 5530 commemo~

1966 5590 2191 5636 rantem.
2221 5578 2311 5632 ‘25.
2341 5577 2408 5630 Et
2428 5579 2533 5631 lucc
2552 5574 2712 5628 audiit
2744 5571 2942 5643 quidem
2977 5569 3197 5638 Ioseph,
3236 5569 3334 5637 ipsi
3376 5577 3541 5621 autem

1968 5674 2310 5736 nesciverunt,
2361 5685 2419 5722 eo
2463 5667 2603 5737 quod
2645 5667 2913 5734 interprete
2966 5670 3186 5715 uteretur
3230 5678 3248 5713 :
3297 5659 3388 5714 sed
3434 5675 3545 5716 non

1968 5766 2104 5821 ultra
2129 5764 2270 5820 ferre
2298 5762 2496 5833 potuit,
2524 5759 2754 5815 fraterna
2784 5764 2969 5812 natura
2999 5761 3054 5810 et
3081 5751 3539 5808 commiseratione
