4038 6358
484 365 580 422 551

478 480 656 550 ipsum
683 486 956 547 urguente.
985 477 1075 531 24.
1107 474 1173 529 Et
1198 492 1419 538 aversus,
1449 474 1650 545 inquit,
1681 474 1742 528 ab
1788 475 1879 539 eis,
1902 474 2037 545 ﬂevit
2055 515 2071 541 ,

482 583 538 627 ιιι
565 586 673 625 non
704 580 1079 640 agnosceretur
1105 568 1174 623 ab
1201 568 1298 621 eis.
1336 567 1401 620 Et
1428 568 1608 621 iterum
1637 566 1842 622 accessit
1872 567 1939 619 ad
1967 582 2072 631 eos,

480 676 525 717 rt
584 666 822 734 loquutus
864 672 938 717 est
982 663 1073 716 eis.
1122 659 1216 716 25.
1283 658 1351 713 Et
1393 660 1585 731 accepit
1642 661 1981 730 Symeonem,
2029 668 2075 712 et

480 758 636 811 vinxit
668 773 781 811 eum
810 772 980 811 coram
1008 756 1101 810 eis.
1130 754 1263 810 Vide
1288 754 1557 823 quomodo
1580 753 1760 808 omnia
1784 752 1945 809 faciat
1968 768 2074 823 quo

479 852 701 911 incutiat
728 849 809 905 eis
832 857 1096 905 terrorem
1123 864 1138 914 ;
1162 858 1219 902 ut
1243 847 1486 907 videntes
1512 846 1724 902 vincula
1752 845 2035 918 Symeonis
2054 888 2070 914 ,

472 943 687 997 indiciis
713 957 772 997 se
801 941 1110 1012 proderent,
1143 955 1210 997 an
1236 940 1415 995 fratris
1446 941 1676 1011 aliquam
1719 938 2071 996 commisera-

478 1034 683 1100 tiouetn
710 1034 987 1090 haberent.
1042 1033 1167 1088 llznc
1191 1033 1333 1088 cnim
1360 1034 1535 1087 omnia
1567 1033 1695 1090 facit
1722 1033 1953 1103 probans
1979 1045 2073 1087 eo-

476 1142 595 1183 rum
619 1138 881 1199 mentem,
898 1136 951 1182 et
964 1126 1101 1181 scire
1124 1126 1331 1192 volens,
1352 1142 1478 1181 num
1500 1134 1554 1182 et
1579 1134 1765 1182 contra
1790 1125 2070 1196 Benjamin

477 1219 612 1274 tales
639 1217 869 1275 fuerint:
893 1226 1169 1288 propterea
1198 1228 1253 1273 et
1271 1217 1592 1289 Symeonem
1620 1232 1801 1272 coram
1830 1218 1909 1273 eis
1940 1219 2070 1272 vin-

474 1312 572 1373 ciri
596 1311 766 1380 jubet,
799 1318 855 1364 ut
881 1309 1162 1380 diligenter
1187 1323 1281 1364 eos
1303 1307 1510 1379 probet,
1533 1316 1587 1363 et
1609 1309 1739 1365 sciat
1760 1320 1884 1361 num
1909 1322 2067 1377 quam

476 1402 820 1463 dilectionem
849 1416 974 1470 erga
1014 1400 1159 1455 illum
1197 1398 1474 1455 haberent.
1522 1397 1655 1453 Nam
1700 1398 2067 1453 misericordia

477 1497 532 1552 in
577 1496 729 1551 illum
772 1494 1032 1561 faciebat,
1076 1502 1136 1550 ut
1178 1493 1336 1549 citius
1374 1492 1649 1562 Benjamin
1694 1491 2063 1547 adducerent:

474 1591 618 1663 quod
649 1590 761 1645 fieri
792 1588 1037 1653 volebat,
1067 1595 1126 1642 ut
1148 1586 1377 1643 adventu
1408 1587 1586 1642 fratris
1624 1600 1844 1643 securus
1870 1585 2064 1644 redde-

473 1694 641 1741 retur.
666 1682 731 1737 Et
754 1679 1033 1746 mandavit,
1065 1681 1253 1750 inquit,
1282 1690 1337 1733 ut
1372 1679 1509 1735 sacci
1533 1695 1709 1733 eorum
1733 1680 2066 1750 impterentur

474 1779 744 1848 ενιιηιιηιο,
765 1788 814 1831 et
833 1786 1159 1846 reponeretur
1187 1776 1400 1844 pecunia
1434 1777 1829 1847 uniuscujusque
1858 1774 1913 1828 in
1946 1792 2062 1829 sac-

471 1887 585 1937 cum
604 1884 771 1935 suum,
792 1880 838 1925 et
856 1869 1063 1922 daretur
1081 1869 1151 1923 eis
1179 1868 1414 1921 viaticum
1433 1868 1485 1921 in
1508 1868 1706 1921 itinere.
1733 1867 1824 1925 9.6.
1862 1865 2065 1923 Etcum

472 1961 825 2032 insposuissent
858 1961 1016 2014 asinis
1049 1960 1175 2027 suis,
1206 1958 1455 2013 abierunt.
1500 1958 1633 2013 Vide
1653 1968 1846 2029 quanta
1868 1958 2063 2013 libera-

471 2050 621 2116 litate
642 2060 842 2119 utatur,
882 2050 1010 2105 dum
1064 2052 1224 2105 etiam
1278 2050 1456 2105 invitis
1500 2050 1578 2104 eis
1621 2049 1901 2116 henel'acit,
1956 2066 2062 2105 non

468 2142 794 2205 ﬁumentum
843 2141 1016 2200 solum
1064 2141 1217 2207 dans,
1270 2141 1365 2197 sed
1413 2141 1575 2197 etiam
1624 2144 1923 2211 pecuniam,
1968 2143 2058 2197 27.

469 2232 599 2289 Cum
638 2243 813 2287 autem
862 2250 993 2287 unus
1040 2249 1102 2287 ea:
1151 2233 1222 2287 eis
1262 2233 1537 2302 aperuisset
1568 2248 1789 2297 saccum,
1840 2242 1896 2286 ut
1918 2233 2062 2286 daret

468 2323 713 2396 pabulum
753 2323 932 2389 asinis,
970 2324 1062 2379 28.
1091 2324 1215 2377 vidit
1257 2323 1543 2395 pecuniam,
1583 2334 1629 2377 et
1659 2324 1786 2377 dicit
1820 2324 2061 2394 fratribus

467 2396 597 2479 suis.
630 2415 851 2488 PrOpter
877 2416 972 2470 hoc
1002 2416 1271 2470 attonitum
1299 2424 1373 2470 est
1413 2432 1503 2469 cor
1546 2432 1737 2479 eorum,
1785 2425 1831 2470 et
1876 2416 2061 2470 turbati

467 2517 592 2565 sunt
613 2518 789 2562 mutuo
823 2507 1042 2567 dicentes
1063 2522 1082 2561 :
1109 2506 1210 2561 Cur
1232 2506 1325 2562 hoc
1366 2507 1479 2575 fecit
1504 2507 1646 2562 nobis
1667 2506 1842 2561 Deus?
1862 2506 2058 2570 lterum

468 2600 639 2671 magis
664 2599 813 2655 anxii
842 2598 963 2654 facti
986 2608 1131 2666 sunt,
1154 2598 1485 2668 suspicantes
1507 2613 1575 2653 nc
1600 2606 1654 2653 ct
1681 2599 1781 2653 hoc
1804 2614 2058 2668 augmen-

465 2700 579 2751 tum
606 2692 685 2747 eis
709 2700 853 2746 esset
871 2690 1322 2753 criminationum,
1345 2699 1399 2745 et
1416 2704 1446 2743 a
1462 2689 1785 2745 conscientia
1802 2690 2056 2755 accusati,

464 2782 645 2837 omnia
675 2781 979 2837 tribuebant
1006 2789 1226 2851 peccato
1250 2781 1390 2851 quod
1410 2782 1462 2836 in
1483 2780 1682 2851 Joscplt
1708 2781 2054 2837 admiserant.

464 2872 602 2927 Cum
630 2873 901 2928 venissent
924 2884 1101 2933 autem
1139 2870 1207 2926 ad
1238 2883 1464 2942 patrem,
1493 2880 1549 2927 et
1580 2872 1757 2927 omnia
1795 2872 1844 2929 ei
1890 2874 2059 2928 mani-

462 2966 599 3035 feste
639 2964 1024 3033 declarassem,
1076 2973 1428 3023 narravcrunt
1455 2964 1876 3036 indignationem
1912 2966 2058 3036 prin-

461 3056 594 3127 cipis
618 3055 839 3129 Egypti
860 3098 876 3122 ,
907 3072 1066 3127 quam
1092 3054 1299 3127 experti
1318 3064 1444 3111 sunt
1474 3073 1486 3109 :
1514 3066 1568 3111 et
1610 3056 1752 3128 quod
1794 3058 2058 3127 posuisset

469 3163 555 3203 eos
601 3148 657 3202 in
704 3147 946 3219 custodia
971 3189 995 3223 ,_
1043 3148 1195 3218 quasi
1232 3148 1622 3216 exploratores.
1677 3148 1766 3206 ⁸51.
1818 3148 2055 3205 Diximus

462 3251 629 3313 autem
650 3242 717 3309 ei,
749 3241 1013 3312 inquiunt,
1070 3240 1207 3310 quod
1242 3240 1444 3310 paciﬁci
1490 3242 1669 3309 simus,
1701 3242 1793 3305 52.
1831 3254 1877 3298 et
1918 3244 2056 3314 quod

460 3333 726 3400 duodecim
746 3332 903 3387 simus
930 3334 1135 3404 fratres,
1166 3342 1215 3386 et
1242 3334 1375 3402 quod
1414 3350 1543 3388 unus
1567 3352 1667 3389 non
1701 3337 1934 3406 supersit,
1961 3337 2056 3390 mi.-

459 3425 629 3479 nimus
670 3432 841 3477 autem
891 3424 958 3487 sit
1010 3440 1126 3477 cum
1163 3434 1305 3495 patre
1340 3434 1531 3480 nostro.
1572 3427 1662 3481 '53.
1710 3426 1854 3481 Dixit
1886 3439 2055 3485 autem

460 3518 603 3589 nobis
634 3532 653 3571 :
675 3516 746 3571 In
769 3517 864 3579 hoc
889 3514 1210 3579 declarabitis
1238 3517 1373 3587 quod
1398 3518 1599 3588 pacifici
1638 3520 1772 3588 sitis,
1811 3521 1855 3573 si
1896 3524 2054 3593 fratre

460 3626 561 3663 uno
583 3609 663 3663 hic
682 3608 877 3677 relicto,
901 3608 987 3663 54.
1022 3608 1283 3664 adducetis
1303 3614 1513 3679 fratrem
1531 3620 1749 3666 vestrum
1784 3614 2049 3682 minorem,

459 3712 515 3770 ut
540 3702 697 3755 sciam
738 3700 873 3768 quod
898 3717 999 3754 non
1021 3700 1129 3758 sitis
1155 3700 1515 3772 exploratores.
1549 3702 1674 3757 Haec
1714 3703 1903 3759 iterum
1952 3719 2049 3762 ex-

457 3801 841 3864 asperaverunt
855 3792 982 3863 justi
1004 3793 1331 3848 mcestitiam.
1353 3793 1478 3849 Post
1500 3795 1855 3851 narrationem
1872 3809 2050 3853 autem

458 3887 596 3950 hanc
622 3887 848 3951 tristem,
889 3901 1011 3941 cum
1038 3895 1388 3942 evacuassent
1428 3902 1615 3943 omnes
1662 3903 1849 3946 saccos
1886 3905 2046 3955 suos,

456 3980 661 4053 invenit
696 3978 1061 4049 unusquisque
1112 3978 1396 4048 pecuniam
1443 3993 1617 4046 suam,
1658 3989 1713 4035 et
1758 3984 2050 4037 timuerunt

457 4073 560 4142 ipsi
589 4080 645 4127 et
670 4080 819 4142 pater
844 4085 1054 4127 eorum.
1084 4070 1155 4126 Et
1180 4071 1320 4137 vide,
1352 4086 1468 4139 oro,
1511 4073 1703 4127 iterum
1738 4072 1823 4128 hic
1862 4089 2045 4131 senem

457 4152 777 4235 plorantem.
810 4164 879 4219 Et
915 4164 1169 4236 quidnam
1193 4165 1463 4221 diciteis?
1510 4167 1599 4223 36.
1654 4167 1740 4222 Me
1783 4168 1966 4239 absque
1993 4171 2048 4224 ti-

462 4241 593 4332 beris
639 4275 746 4313 esse
780 4259 969 4329 fecistis
994 4275 1014 4312 :
1038 4256 1232 4328 Ioseph
1275 4274 1375 4313 non
1405 4267 1499 4325 est,
1531 4258 1757 4329 Symeon
1802 4277 1905 4314 non
1938 4272 2044 4329 est,

455 4360 503 4418 et
529 4351 661 4405 hunc
680 4350 948 4422 Benjamin
976 4352 1275 4420 accipietis?
1308 4350 1479 4421 Super
1514 4368 1592 4406 me
1631 4356 1768 4423 facta
1800 4363 1915 4407 sunt
1942 4355 2049 4413 haec

461 4444 653 4507 omnia.
674 4442 788 4497 Non
814 4441 1111 4504 sufficiebat
1133 4442 1284 4511 mihi,
1304 4443 1495 4514 inquit,
1514 4446 1685 4499 luctus
1706 4443 1923 4515 .losepb,
1949 4446 2047 4502 sed

459 4533 731 4605 adjecistis
768 4532 816 4587 ei
846 4541 901 4587 et
946 4532 1267 4603 Symeonem
1298 4544 1393 4588 :et
1445 4549 1618 4605 neque
1672 4534 1756 4590 hic
1800 4535 2044 4592 dolorum

458 4641 700 4682 meorum
733 4625 855 4679 linis
880 4634 983 4692 est,
1029 4625 1123 4680 sed
1162 4634 1218 4681 et
1252 4625 1527 4695 Benjamin
1574 4628 1819 4697 accipere
1861 4629 2042 4684 vultis.

458 4718 630 4789 Super
652 4733 731 4770 me
757 4718 892 4787 facta
916 4726 1031 4771 sunt
1053 4716 1161 4784 lucc
1188 4717 1379 4781 omnia.
1410 4716 1694 4772 Sufficiunt
1723 4720 1837 4773 hinc
1860 4721 2042 4787 verba,

456 4822 515 4874 ut
558 4811 801 4880 videatur
851 4825 1013 4879 quam
1062 4809 1303 4883 disrupta
1350 4810 1548 4875 fuerint
1601 4811 1767 4881 patris
1818 4812 2043 4867 viscera.

456 4904 918 4977 Quemadmodum
976 4904 1116 4960 enim
1180 4904 1278 4973 ipsi
1323 4905 1498 4959 omnis
1556 4920 1680 4975 spes
1728 4906 1797 4961 de
1846 4906 2044 4977 Joseph

454 4989 702 5069 adempta
719 5006 840 5071 erat,
861 4998 1103 5070 (putabat
1123 4998 1265 5057 enim
1286 5014 1409 5060 eum
1425 5014 1454 5052 a
1472 4998 1658 5054 bestiis
1672 5000 2006 5072 devoratum)
2027 5018 2042 5067 ;

456 5094 523 5149 ita
574 5102 629 5151 et
679 5107 853 5161 neque
905 5091 974 5146 de
1026 5092 1295 5162 Symeone
1342 5106 1492 5160 spem
1521 5092 1621 5146 sibi
1651 5093 2040 5160 pollicebatur:

450 5200 591 5241 nunc
613 5199 825 5256 quoque
851 5183 993 5251 idem
1028 5183 1097 5239 de
1141 5182 1417 5263 Benjamin
1446 5183 1713 5247 fortnidat.
1763 5185 2044 5239 Verumta-

446 5294 573 5333 men
623 5276 986 5342 reluctabatur
1013 5275 1293 5351 adhuc,et
1344 5290 1450 5330 non
1479 5275 1639 5331 dabat
1686 5291 1926 5345 puerum.
1953 5278 2042 5346 57.

449 5369 599 5437 Dixit
618 5379 789 5424 autem
837 5371 880 5425 ei
926 5368 1108 5423 Ruben
1156 5369 1517 5438 primogenitus
1542 5368 1859 5437 ejus:Duos
1910 5370 2044 5437 ﬁlios

452 5479 587 5517 meos
612 5463 800 5527 occide,
832 5463 877 5525 si
904 5479 1006 5517 non
1048 5462 1286 5516 reducam
1331 5478 1444 5515 eum
1486 5462 1555 5514 ad
1597 5473 1661 5515 te.
1709 5460 1791 5515 Da
1839 5479 1953 5515 eum
1990 5464 2044 5519 in

453 5569 661 5606 manum
688 5570 872 5621 meam,
903 5564 951 5607 et
975 5570 1068 5624 ego
1088 5553 1325 5622 reducam
1349 5571 1462 5607 eum
1489 5553 1557 5606 ad
1584 5565 1649 5607 te.
1677 5553 1822 5619 Mihi,
1852 5554 2041 5625 inquit,

452 5660 575 5698 eum
601 5647 781 5713 crede,
814 5646 945 5701 mihi
969 5646 1141 5715 trade,
1169 5657 1224 5701 et
1244 5662 1343 5716 ego
1373 5646 1469 5701 tibi
1508 5662 1629 5702 eum
1660 5647 1931 5703 reducam.

524 5740 579 5792 4.
622 5741 734 5795 Hoc
755 5752 934 5795 autem
966 5741 1191 5797 faciebat
1235 5740 1446 5806 Ruben,
1496 5742 1736 5812 cogitans
1776 5757 1883 5797 non
1923 5758 2044 5799 esse

457 5831 757 5911 possibile,
803 5835 903 5903 nisi
951 5850 1079 5911 puer
1130 5833 1286 5901 simul
1331 5833 1717 5906 descenderet,
1770 5834 1913 5906 ipsos
1973 5837 2047 5906 ad

1273 359 1330 415 S.
1372 358 1650 419 JOANNIS
1708 358 2179 417 CHRYSOSTOMI
2218 362 2535 421 ARCHIEP.
2574 360 3113 429 CONSTANTINOI‘.

3671 378 3784 433 533

2186 475 2472 549 [Egyptum
2519 481 2694 537 redire
2720 525 2735 548 ,
2780 493 2835 538 et
2878 500 2996 555 quae
3024 486 3090 541 ad
3140 486 3389 542 alimenta
3432 489 3777 557 pertinebant

2182 585 2381 627 emere.
2414 573 2531 628 Non
2556 576 2699 632 cedit
2723 585 2900 633 tamen
2928 589 3093 650 pater,
3126 582 3221 635 sed
3243 582 3405 637 dicit:
3440 584 3530 655 '58.
3562 582 3780 653 Nequa-

2179 680 2331 731 quam
2370 666 2633 721 descendet
2662 669 2801 738 fitius
2830 688 2968 726 meus
2997 674 3271 727 vobiscum.
3320 675 3519 729 Deinde
3554 687 3608 731 et
3649 693 3779 730 can-

2178 769 2292 809 sam
2321 754 2470 824 dicit,
2506 761 2658 828 quasi
2696 762 2957 817 rationem
3006 764 3235 820 reddens
3258 764 3419 821 (iliis:
3456 767 3589 832 Quia
3614 770 3783 839 frater

2177 846 2287 915 ejus
2316 858 2545 905 mortuus
2567 859 2659 914 est,
2696 861 2741 904 et
2767 853 2874 921 ipse
2894 855 3033 907 solus
3060 866 3129 907 est
3150 856 3373 910 relictus.
3402 857 3469 910 Et
3495 860 3775 928 continget,

2177 954 2291 991 eum
2312 949 2486 1011 utpote
2520 942 2667 995 valde
2681 943 2921 1013 juvenem
2949 946 3000 998 in
3032 947 3210 1002 itinere
3238 947 3497 1018 languere,
3539 960 3586 1003 et
3611 950 3777 1005 dedu-

2177 1035 2298 1088 cetis
2322 1046 2622 1091 senectutem
2644 1053 2807 1090 meam
2827 1054 2942 1091 cum
2968 1040 3174 1093 tristitia
3198 1041 3267 1096 ad
3311 1042 3522 1109 inferos.
3555 1042 3774 1107 Timeo,

2175 1123 2369 1194 inquit,
2398 1126 2540 1180 aetati
2566 1126 2919 1183 adolescentis
2942 1171 2957 1196 ,
2999 1137 3055 1183 et
3097 1132 3340 1199 suspicor
3368 1149 3435 1185 ne
3475 1133 3641 1186 etiam
3669 1134 3774 1187 hac

2173 1215 2542 1271 consolatione
2558 1218 2816 1286 privatus,
2832 1234 2953 1274 cum
2970 1218 3154 1274 dolore
3172 1219 3330 1274 vitam
3351 1222 3548 1275 finiant.
3570 1224 3774 1289 Quanto

2173 1306 2265 1362 diu
2296 1308 2438 1362 enim
2465 1302 2555 1364 ille
2585 1323 2795 1364 mecum
2823 1320 2925 1378 est,
2948 1311 3132 1366 videor
3153 1311 3281 1366 mihi
3312 1312 3509 1368 habere
3533 1315 3770 1383 aliquant

2171 1400 2624 1467 consolationem,
2654 1412 2709 1456 et
2731 1402 2887 1472 hujus
2907 1404 3240 1459 consuetudo
3270 1405 3458 1459 minuit
3504 1406 3632 1459 mihi
3671 1406 3773 1459 do—

2173 1492 2362 1559 lurem,
2392 1509 2550 1563 quem
2580 1508 2649 1547 ex
2679 1494 2843 1549 fratre
2872 1495 2987 1565 ejus
3014 1496 3258 1565 concepi.
3288 1496 3352 1551 Et
3377 1497 3773 1567 anmrquidetn

2171 1588 2289 1653 ejus
2307 1600 2433 1655 erga
2453 1584 2822 1655 Benjaminum
2842 1601 2947 1642 non
2973 1586 3301 1641 concedebat
3332 1598 3388 1641 ut
3416 1588 3559 1641 illum
3581 1589 3771 1641 tlimit.

2171 1686 2342 1743 teret;
2375 1678 2427 1732 1.
2468 1675 2750 1732 Violentior
2786 1689 2956 1733 autem
2986 1680 3135 1747 ﬁebat
3167 1680 3360 1750 fames,
3388 1690 3435 1735 et
3465 1682 3771 1748 deﬁciebant

2167 1769 2239 1823 eis
2264 1769 2381 1825 cibi.
2420 1768 2476 1822 2.
2508 1767 2577 1823 Et
2591 1769 2719 1824 dicit
2748 1770 2817 1824 eis
2837 1780 2978 1839 pater
3008 1787 3028 1824 :
3064 1770 3209 1829 Abite
3233 1772 3436 1839 iterum,
3464 1771 3647 1838 afferte
3668 1790 3768 1827 no-

2168 1860 2243 1914 bis
2275 1876 2439 1932 pauca
2469 1861 2660 1919 edulia.
2702 1861 2756 1917 5.
2804 1860 2950 1917 Dixit
2992 1874 3161 1917 autem
3187 1864 3231 1916 ei
3258 1861 3427 1916 ludas
3456 1880 3476 1917 :
3505 1864 3771 1920 Testanda

2167 1962 2428 2008 attestatus
2456 1962 2529 2007 est
2549 1953 2692 2007 nobis
2721 1954 2894 2019 homo,
2939 1954 3111 2008 dicens
3130 1970 3150 2009 :
3181 1953 3304 2010 Non
3335 1956 3561 2011 videbitis
3583 1960 3770 2028 facient

2167 2060 2349 2106 meam,
2372 2045 2466 2098 nisi
2488 2044 2651 2113 frater
2667 2054 2825 2101 vester
2835 2045 3016 2115 junior
3028 2046 3283 2100 vobiscum
3306 2050 3481 2117 fuerit.
3501 2050 3555 2103 4.
3585 2049 3772 2120 Itaque

2165 2136 2209 2189 si
2234 2136 2389 2189 mittis
2429 2136 2689 2189 nobiscum
2738 2136 2953 2204 fratrem
2980 2148 3234 2203 nostrum,
3273 2138 3666 2204 descendemus,
3717 2151 3770 2194 et

2164 2242 2383 2280 ememus
2410 2228 2499 2279 tibi
2523 2228 2775 2298 frumenta
2794 2244 2813 2282 :
2842 2227 2898 2286 5.
2925 2228 3003 2283 sin
3032 2229 3220 2292 minus,
3264 2245 3365 2282 non
3384 2229 3585 2284 ibimus.
3619 2230 3769 2285 Nam

2166 2316 2317 2371 homo
2346 2316 2435 2370 ille
2460 2316 2591 2373 dixit
2612 2318 2755 2376 nobis
2784 2333 2805 2371 :
2834 2317 2956 2374 Non
2984 2320 3211 2377 videbitis
3236 2321 3421 2391 faciem
3450 2339 3633 2389 nteam,
3662 2325 3769 2379 nisi

2165 2414 2324 2483 frater
2351 2424 2511 2467 vester
2540 2414 2724 2485 junior
2763 2416 2915 2486 fuerit
2946 2417 3201 2470 vobiscum
3260 2415 3463 2488 (Caput
3509 2416 3633 2488 45).
3684 2416 3769 2472 Ne

2165 2514 2339 2572 putes,
2377 2505 2567 2575 inquit,
2596 2506 2712 2561 sine
2746 2506 2909 2561 fratre
2939 2522 3037 2561 nos
3072 2522 3227 2577 posse
3260 2507 3590 2563 descendere
3613 2509 3762 2563 illuc.

2162 2596 2215 2650 Si
2256 2596 2492 2651 enimvis
2516 2609 2757 2653 nostrum
2790 2599 3106 2655 descensum
3132 2600 3550 2667 irritum,etnos
3571 2617 3769 2656 omnes

2162 2687 2413 2755 periculis
2441 2688 2675 2755 involvi,
2714 2690 2852 2745 viam
2884 2703 3122 2751 nostram
3154 2693 3431 2747 abeamus.
3472 2691 3625 2747 Scias
3664 2708 3766 2746 au-

2165 2785 2275 2832 tetn
2304 2777 2451 2833 illum
2484 2789 2833 2849 protestatum
2870 2781 3068 2849 fuisse,
3109 2797 3209 2839 nos
3251 2798 3358 2838 non
3401 2784 3608 2839 visuros
3636 2799 3767 2842 esse

2162 2868 2348 2923 faciem
2394 2869 2547 2940 ejus,
2578 2871 2682 2926 nisi
2720 2871 2885 2927 frater
2922 2873 3103 2942 junior
3143 2874 3418 2929 nobiscum
3460 2875 3757 2931 advenerit.

2160 2961 2433 3032 Augustis:
2465 2964 2696 3034 undique
2724 2974 2881 3019 erant
2902 2965 3102 3033 Jacob;
3133 2966 3253 3022 ideo
3283 2968 3500 3035 plorans
3527 2967 3660 3023 dicit
3687 2969 3764 3030 ad

2161 3068 2289 3107 eos:
2320 3054 2372 3107 6.
2404 3054 2573 3119 Quare
2592 3057 2838 3125 aﬂiixistis
2866 3072 2945 3111 me
2965 3098 2980 3121 ,
3012 3059 3368 3112 annuntiantes
3399 3060 3505 3113 viro
3534 3062 3672 3131 quod
3689 3063 3759 3115 sit

2158 3146 2295 3203 vobis
2338 3148 2536 3217 frater?
2580 3148 2682 3203 Cur
2743 3166 2823 3204 me
2858 3150 3145 3221 aﬁlixistis?
3188 3150 3367 3219 Quare
3403 3151 3533 3207 mihi
3565 3154 3762 3210 horum

2160 3241 2420 3295 malorum
2446 3252 2694 3303 auctores
2716 3242 2837 3298 facti
2865 3243 3036 3299 estis?
3062 3244 3196 3299 Nam
3224 3246 3270 3300 si
3298 3244 3401 3300 hoc
3426 3246 3525 3315 ipsi
3547 3261 3651 3300 non
3682 3250 3757 3302 si-

2157 3334 2512 3404 gniticassetis
2532 3375 2551 3403 ,
2592 3350 2928 3407 nequaquam
2969 3336 3238 3408 Symeone
3270 3339 3509 3411 privatus
3537 3354 3708 3395 essem
3737 3384 3757 3404 ,

2160 3442 2260 3483 nec
2290 3427 2439 3482 illum
2462 3443 2491 3481 a
2518 3429 2674 3485 vobis
2698 3431 3083 3501 requisivisset.
3107 3432 3159 3485 7.
3187 3430 3275 3485 Illi
3294 3441 3463 3486 autem
3483 3433 3721 3486 dixerunt
3738 3451 3758 3486 :

2158 3516 2496 3591 Interrogavit
2538 3537 2629 3576 nos
2659 3522 2830 3590 homo,
2861 3540 2981 3576 num
3021 3523 3192 3577 adhuc
3222 3533 3366 3594 pater
3394 3534 3561 3579 noster
3582 3526 3714 3579 vivat
3736 3570 3757 3593 ,

2158 3618 2204 3663 et
2234 3625 2357 3663 num
2380 3611 2443 3663 sit
2467 3610 2609 3665 nobis
2632 3612 2812 3681 frater,
2846 3621 2892 3667 et
2916 3614 3328 3667 annuntiavimus
3346 3614 3412 3667 ei.
3450 3613 3505 3667 Ν
3510 3632 3597 3668 um
3619 3617 3757 3670 scie~

2158 3698 2334 3753 bamus
2379 3700 2517 3770 quod
2554 3702 2781 3757 dicturus
2829 3712 2957 3760 esset
3004 3704 3184 3771 nobis,
3231 3705 3481 3759 Adducite
3539 3707 3760 3777 fratrem

2156 3802 2371 3847 vestrum
2389 3794 2414 3846 ?
2440 3793 2517 3849 Ne
2544 3804 2719 3864 putes,
2752 3796 2939 3867 inquit,
2975 3807 3169 3867 sponte
3192 3814 3290 3853 nos
3323 3798 3598 3853 confessos
3626 3816 3755 3856 esse

2153 3887 2291 3955 viro,
2325 3897 2385 3943 ut
2408 3903 2467 3944 se
2506 3888 2740 3945 habeant
2772 3906 2860 3947 res
2889 3904 3105 3951 nostrai.
3138 3893 3399 3961 Quoniam
3426 3897 3565 3948 enim
3593 3895 3760 3965 quasi

2153 3980 2523 4049 exploratores
2544 3982 2595 4036 in
2620 3984 2977 4055 suspicionem
3004 4002 3125 4041 cum
3154 3988 3507 4053 venissemus,
3538 4004 3635 4041 nos
3654 3987 3754 4041 de-

2155 4074 2334 4140 tinuit,
2358 4074 2703 4145 interrogavit
2727 4088 2903 4133 autcm
2931 4079 3216 4149 diligenter
3231 4080 3300 4135 de
3323 4082 3485 4135 rebus
3512 4081 3711 4135 nostris
3734 4099 3750 4133 :

2152 4166 2394 4222 volentes
2434 4182 2558 4223 eum
2604 4183 2729 4225 vere
2780 4171 2957 4225 omnia
3011 4172 3242 4238 docere,
3300 4173 3422 4226 talia
3473 4172 3750 4231 diximus:

2152 4256 2204 4312 8.
2240 4256 2386 4312 Dixit
2414 4270 2581 4313 autent
2608 4277 2784 4315 rursus
2811 4262 2978 4319 ludas
3020 4263 3089 4316 ad
3136 4274 3330 4334 patrem
3374 4280 3522 4317 suum
3550 4280 3568 4316 :
3598 4262 3758 4318 Mitte

2154 4365 2368 4418 puerunt
2396 4366 2612 4417 mecum,
2633 4361 2680 4405 et
2696 4363 2957 4423 surgentes
2984 4353 3186 4421 ibimus,
3214 4364 3267 4408 ut
3293 4356 3539 4421 vivamus,
3564 4365 3615 4407 et
3648 4372 3753 4407 non

2151 4440 2448 4495 moriamur.
2492 4441 2644 4506 Mere,
2673 4442 2861 4512 inquit,
2887 4444 3006 4505 fidei
3038 4446 3183 4500 illum
3214 4446 3448 4513 credito,
3476 4455 3536 4501 ut
3559 4447 3752 4500 accin.

2150 4544 2337 4599 gamus
2367 4546 2464 4587 nos
2490 4532 2687 4588 itineri.
2726 4534 3069 4605 Consumptis
3093 4539 3236 4593 enim
3265 4539 3399 4593 cibis
3425 4539 3571 4594 nulla
3594 4540 3756 4593 nobis

2151 4624 2339 4679 salutis
2366 4640 2491 4696 spes
2518 4627 2641 4695 erit,
2666 4642 2838 4698 neque
2862 4629 3076 4686 aliunde
3106 4631 3311 4686 consuli
3347 4632 3504 4688 nobis
3528 4632 3751 4704 poterit.

2150 4715 2204 4770 9.
2232 4713 2342 4787 Ego
2367 4719 2561 4789 accipio
2586 4736 2700 4773 eum
2719 4737 2750 4773 a
2772 4730 2860 4786 te;
2889 4722 2989 4776 nisi
3009 4724 3260 4780 redurero
3290 4742 3423 4793 eum,
3455 4736 3504 4779 et
3523 4736 3754 4787 statuero

2150 4824 2320 4861 coram
2350 4820 2416 4876 te,
2445 4826 2531 4864 ero
2570 4812 2659 4865 ille
2699 4814 2787 4883 qui
2819 4816 3021 4881 peccavi
3054 4817 3141 4869 tibi
3162 4817 3394 4873 onmibus
3423 4819 3619 4873 diebus.
3658 4823 3750 4877 £0.

2154 4897 2273 4952 Nisi
2300 4902 2433 4954 enim
2462 4901 2657 4956 tamdiu
2697 4905 2879 4958 morati
2907 4906 3209 4976 fuissemus,
3243 4908 3359 4977 jam
3399 4913 3624 4965 secundo
3670 4931 3755 4966 rc-

2151 4994 2488 5050 vertissemus.
2512 4990 2939 5053 'Commiseratio
2962 5016 3121 5069 quam
3157 5003 3380 5058 exhibes
3410 5019 3579 5073 puero
3603 5046 3624 5071 ,
3666 5007 3755 5059 in-

2150 5084 2283 5152 quit,
2316 5085 2466 5140 nobis
2493 5087 2739 5143 omnibus
2766 5090 2871 5144 erit
2894 5105 3054 5145 causa
3076 5092 3344 5149 interitus.
3390 5094 3553 5151 Fame
3599 5098 3752 5152 enim

2150 5178 2445 5246 peribimus
2469 5221 2483 5244 ,
2516 5180 2616 5234 nisi
2655 5196 2778 5235 eum
2822 5184 3103 5239 nobiscum
3127 5186 3257 5241 velit
3279 5188 3571 5243 dimittere.
3612 5190 3753 5245 Vide

2152 5271 2365 5325 tandem
2396 5271 2501 5335 hic,
2533 5272 2749 5338 dilecte,
2777 5275 3047 5344 quomodo
3073 5276 3229 5332 famis
3257 5280 3550 5334 necessitas
3577 5282 3751 5351 patris

2151 5378 2390 5418 amorem
2419 5364 2625 5420 vicerit.
2658 5365 2856 5420 Videns
2876 5367 3019 5422 enim
3050 5383 3155 5422 non
3194 5368 3408 5424 aliunde
3435 5370 3631 5435 famem
3660 5386 3753 5424 se-

2152 5454 2265 5507 dari
2298 5470 2724 5527 possc,_eamque
2752 5458 2803 5511 in
2828 5459 2943 5519 dies
2973 5460 3142 5530 magis
3184 5475 3248 5515 ac
3277 5463 3444 5532 magis
3469 5464 3750 5517 incresce-

2152 5562 2210 5602 re
2245 5566 2258 5602 :
2294 5548 2352 5601 Si
2390 5550 2459 5603 ita
2489 5559 2608 5616 est,
2652 5551 2819 5621 inquit
2846 5592 2861 5617 ,
2893 5562 2948 5607 et
2973 5562 3186 5621 Oportet
3214 5554 3315 5609 hoc
3343 5557 3561 5611 omnino
3590 5558 3708 5611 tieri
3731 5598 3750 5622 ,

2155 5639 2379 5705 poteStis
2406 5640 2756 5708 descendere,
2781 5642 2881 5697 nisi
2908 5644 3050 5699 hunc
3069 5646 3409 5715 acceperitis,
3454 5646 3661 5702 debetis
3688 5658 3753 5703 et

2150 5729 2289 5783 dona
2314 5730 2506 5791 afferre
2531 5733 2668 5798 viro,
2686 5743 2741 5788 et
2763 5733 2963 5791 referre
2986 5737 3286 5804 pecimiam,
3316 5753 3473 5807 quam
3494 5740 3548 5792 in
3569 5740 3751 5794 saccis

2154 5820 2347 5883 vestris
2369 5822 2670 5889 invenistis.
2708 5825 2949 5896 Accipite
2974 5835 3153 5895 autem
3183 5836 3243 5893 ct
3263 5828 3540 5899 pecuniam
3558 5831 3744 5903 aliam,
