4038 6358
306 346 410 403 εει

302 464 584 536 ᾔδεισαν,
630 459 731 517 διὰ
780 459 851 513 τόν
890 459 996 514 τὸν
1039 456 1298 527 ἑρμηνέα
1335 455 1561 527 μεταξὺ
1602 450 1848 509 ἑστάναι
1875 466 1889 479 ·

299 550 421 603 ἀλλ’
454 550 556 602 οὐκ
583 547 661 601 ἔτι
686 546 870 600 λοιπὸν
909 545 1095 617 φέρειν
1120 544 1351 615 ἠδύνατο
1370 584 1384 607 ,
1418 544 1517 615 τῆς
1549 540 1764 611 φύσεως
1793 536 1895 607 τῆς

303 634 601 704 ἁδελφικῆς
648 632 741 685 καὶ
780 632 882 701 τῆς
936 629 1278 700 συμπαθείας
1329 628 1491 683 αὑτὸν
1544 623 1890 695 ἐλεγχούσης.

300 717 415 770 Καὶ
447 714 858 783 ἀποστραφείς
877 756 891 779 ,
925 714 1121 784 φησὶν,
1152 713 1253 767 ἀπ’
1284 710 1517 774 αὐτῶν,
1550 709 1890 769 ἔκλαυσεν,

301 796 449 850 ὥστε
503 798 579 877 μή
630 797 934 867 κατᾴδηλος
984 797 1167 859 αὐτοῖς
1212 793 1517 877 γενέσθαι,
1549 786 1894 877 Καὶ-πάλιν

299 874 617 951 προσῆλθε
635 881 785 957 πρὸς
806 881 1150 946 αὑτοὺς,καὶ
1176 876 1345 933 εἶπεν
1354 874 1695 943 αὐτοῖς-Καὶ
1716 874 1893 957 ἔλαϐε

298 969 414 1022 τὸν
435 955 744 1037 Συμεῶνα,
769 967 866 1023 καὶ
894 966 1119 1033 ἔδησεν
1150 964 1338 1019 αὐτὸν
1360 961 1640 1015 ἐναντίον
1669 955 1889 1011 αὐτῶν.

302 1053 450 1123 Ὅρα
479 1053 596 1115 πῶς
623 1052 801 1105 πάντα
823 1052 986 1112 ποιεῖ,
1007 1049 1148 1101 ὥστε
1181 1049 1262 1110 είς
1289 1046 1454 1115 φόϐον
1482 1044 1679 1105 αὐτοὺς
1716 1040 1889 1110 ἐμϐα-

298 1137 435 1199 λεῖν,
504 1138 593 1191 ἵνα
645 1136 881 1208 ὁρῶντες
929 1136 997 1188 τὰ
1046 1134 1220 1205 δεσμά
1260 1132 1354 1184 τοῦ
1400 1127 1662 1199 Συμεὼν,
1698 1125 1890 1208 δήλους

297 1218 532 1280 ἑαυτοὺς
556 1206 875 1287 ποιήσωσιν,
906 1216 962 1269 εί
980 1231 1103 1269 τινα
1131 1212 1261 1283 περὶ
1286 1212 1379 1265 τὸν
1413 1208 1640 1276 ἀδελφὸν
1670 1206 1890 1287 συμπά-

299 1296 456 1348 θειαν
488 1285 909 1354 ἐπιδείκνυνται,
943 1295 1127 1353 Πάντα
1168 1292 1279 1363 γὰρ
1327 1290 1502 1344 ταῦτα
1544 1290 1687 1341 ποιεί
1719 1285 1889 1355 βασα-

295 1374 469 1438 νίζων
498 1375 676 1428 αὑτῶν
702 1374 803 1445 τὴν
830 1374 1078 1445 γνώμην,
1111 1374 1205 1426 καὶ
1231 1369 1435 1441 γνῶναι
1473 1365 1817 1438 βουλόμενος,
1841 1364 1890 1415 εί

300 1454 380 1528 μὴ
419 1454 513 1506 καὶ
561 1454 697 1525 πρὸς
745 1444 835 1509 τὸν
881 1444 1140 1524 Βενιαμὶν
1192 1450 1421 1505 τοιοῦτοι
1472 1446 1748 1528 γεγόνασι,
1793 1444 1891 1528 διὰ

294 1524 462 1585 τοῦτο
495 1524 722 1586 καὶτὸν
766 1533 1031 1605 Συμεῶνα
1061 1532 1303 1586 ἐναντίον
1346 1528 1526 1582 αὐτῶν
1572 1524 1889 1598 δεσμεῖσθαι

296 1612 550 1677 κελεύει,
585 1613 673 1666 ἵνα
729 1613 993 1685 βασανίσῃ
1039 1614 1239 1675 αὐτοὺς
1279 1609 1416 1682 μετά
1448 1605 1756 1677 ἀκριϐείας,
1795 1605 1892 1659 καὶ

300 1691 390 1761 ἴδῃ
417 1693 472 1745 εἴ
491 1709 610 1745 τινα
642 1692 1025 1766 φιλοστοργίαν
1049 1692 1177 1762 περ)⁸
1207 1690 1367 1745 αὑτὸν
1397 1687 1793 1766 ἐνδείκνυνταιἒ
1825 1686 1889 1737 Ἡ

296 1770 413 1840 γὰρ
457 1771 587 1841 περὶ
635 1771 823 1825 τοῦτον
868 1762 1047 1840 ’φειδὼ
1096 1766 1507 1840 παρεσκεύαζεν
1560 1762 1891 1832 ἐπιταχῦναι

296 1850 399 1920 τὴν
425 1849 520 1903 τοῦ
550 1851 807 1921 Βενιαμὶν
828 1849 1156 1921 παρουσίαν,
1175 1851 1313 1919 ὅπερ
1336 1845 1586 1898 ἐϐούλετο
1612 1841 1886 1913 γενέσθαι,

293 1928 442 1982 ὥστε
474 1930 846 2001 πληροφορίαν
878 1930 1061 1983 λαϐεῖν
1085 1931 1150 1983 ἐκ
1185 1929 1285 1998 τῆς
1308 1925 1403 1980 τοῦ
1428 1923 1656 1994 ἀδελφοῦ
1684 1938 1889 2001 παρου-

295 2008 443 2071 σίας.
481 1999 599 2062 Kal
630 1999 987 2071 ἐνετείλατο,
1025 2010 1208 2079 φησὶν,
1250 2003 1560 2074 ἐμπλῆσαι
1593 2002 1665 2055 τὰ
1685 1999 1889 2070 ἀγγεῖα

291 2086 501 2139 αὐτῶν
551 2089 758 2154 σίτου,
801 2089 899 2142 καί
944 2087 1277 2142 ἀποδοῦναι
1307 2083 1459 2155 [619.]
1492 2080 1559 2135 τὸ
1607 2081 1889 2149 ἀργύριον

292 2164 537 2231 ἑκάστῳ
567 2170 651 2233 εἰς
675 2167 783 2220 τὸν
813 2166 1048 2221 σάκκον
1075 2164 1262 2219 αὐτοῦ
1283 2204 1297 2226 ,
1325 2163 1423 2217 καὶ
1447 2162 1657 2215 δοῦναι
1684 2159 1888 2225 αὐτοῖς

291 2244 679 2313 ἐπισιτισμὸν
721 2248 808 2317 εὶς
852 2246 968 2313 τὴν
1016 2244 1181 2304 ὀδόν,
1242 2242 1353 2297 Καὶ
1409 2239 1716 2304 ἐπιθέντες
1764 2237 1888 2304 τοῖς

293 2321 464 2387 ὄνοις
491 2324 689 2377 αὐτῶν
712 2323 1011 2392 ἀπῆλθον.
1039 2323 1180 2394 Ὅρα
1208 2321 1382 2392 πόσην
1415 2317 1723 2390 φιλοτιμίαν
1765 2317 1886 2371 ἐπι-

290 2400 613 2459 δείκνυταιο
644 2406 737 2458 καὶ
784 2405 1015 2467 ἄκοντας
1061 2396 1260 2465 αὑτοὺς
1316 2401 1617 2472 εὐεργετεῖ,
1674 2398 1735 2450 οὑ
1795 2396 1887 2452 τὸν

293 2482 445 2533 σῖτον
477 2482 639 2552 μόνον
665 2482 945 2547 δεδωκὼς,
990 2481 1127 2535 ἀλλά
1159 2479 1349 2534 καὶτὰ
1380 2478 1641 2550 ἀργύρια.
1678 2477 1887 2542 Λύσας

289 2558 364 2610 δὲ
412 2557 501 2626 εἷς
554 2562 624 2625 ἐξ
669 2560 870 2617 αὐτῶν
923 2561 1030 2617 τὸν
1070 2559 1427 2629 μάρσιππον
1468 2556 1691 2621 αὐτοῦ,
1729 2554 1886 2611 ὥστε

290 2638 508 2696 δοῦναι
535 2642 921 2711 χορτάσματα
954 2639 1079 2707 τοῖς
1111 2641 1295 2705 ὄνοις,
1329 2636 1437 2706 ὁρᾷ
1474 2639 1542 2690 τὸ
1577 2639 1882 2706 ἀργύριον,

289 2720 394 2773 καὶ
418 2716 551 2773 εἷπε
578 2721 704 2786 τοῖς
731 2720 1017 2790 ἀδελφοῖς
1045 2717 1253 2772 αὐτοῦ.
1296 2717 1428 2773 Ἐπί
1458 2718 1645 2778 τούτῳ
1664 2716 1881 2784 ἐξέστη

291 2798 333 2863 ἡ
368 2798 584 2867 καρδία
615 2798 834 2864 αὐτῶν,
870 2800 969 2853 καὶ
999 2798 1420 2870 ἐταράχθησαν
1446 2798 1533 2868 εὶς
1564 2796 1883 2864 ἀλλήλους

288 2878 576 2945 λέγοντες
595 2896 610 2910 ο
653 2882 715 2934 Τί
745 2879 921 2933 τοῦτο
946 2881 1239 2948 ἐποίησεν
1265 2878 1410 2947 ἡμῖν
1460 2881 1492 2931 ό
1523 2877 1702 2940 Θεός;
1766 2877 1883 2928 Ἐν-

291 2956 520 3024 αγώνιοι
563 2957 725 3012 πάλιν
765 2960 1054 3028 γεγόνασιν
1080 3000 1094 3023 ,
1127 2957 1467 3029 ὑφορώμενοι
1497 2957 1572 3027 μὴ
1603 2960 1693 3009 καί
1724 2955 1882 3008 τοῦτο

290 3035 582 3105 προσθήκη
615 3036 974 3107 ἐγκλημάτων
1020 3037 1202 3098 αὐτοῖς
1238 3036 1495 3105 γένηται,
1528 3035 1622 3087 καὶ
1650 3034 1746 3109 τὴν
1775 3033 1885 3090 ἀπὸ

290 3113 388 3166 τοῦ
423 3114 720 3177 συνειδότος
744 3116 957 3185 ἔχοντες
986 3116 1340 3186 κατηγορίαν,
1364 3114 1537 3167 πάντα
1571 3113 1882 3183 ἐπέγραφον

289 3196 359 3264 τῇ
394 3194 637 3265 ἁμαρτίᾳ
662 3197 726 3265 τῇ
755 3197 832 3258 εἰς
861 3195 952 3251 τὸν
981 3195 1177 3267 Ἰωσὴφ
1201 3194 1290 3246 ὑπ’
1314 3192 1493 3246 αὑτῶν
1516 3192 1878 3263 γεγενημένῃ.

292 3274 736 3342 Παραγενόμενοι
785 3274 841 3326 δὲ
895 3274 1029 3345 πρδς
1080 3273 1170 3325 τὸν
1230 3272 1443 3343 πατέρα
1468 3313 1482 3337 ,
1531 3272 1626 3323 καὶ
1666 3271 1881 3325 ἅπαντα

294 3352 439 3428 μετά
494 3352 776 3423 ἀκριϐείας
838 3351 986 3422 αὑτῴ
1034 3350 1504 3419 ἀπαγγείλαντες,
1554 3350 1883 3422 διηγήσαντο

289 3429 392 3499 τὴν
416 3432 790 3501 ἀγανάκτησιν
827 3433 924 3501 τὴν
958 3432 1075 3483 κατ’
1111 3430 1290 3483 αὑτῶν
1326 3430 1696 3501 γεγενημένην
1730 3432 1881 3502 παρά

290 3511 389 3565 τοῦ
420 3510 679 3581 ἄρχοντος
711 3510 807 3579 τῆς
840 3511 1138 3577 Αἰγύπτου,
1176 3510 1269 3561 καὶ
1303 3509 1383 3561 ὅτι
1418 3508 1570 3560 ἔθετο
1597 3510 1791 3573 αὑτοὺς
1823 3513 1880 3563 ἐν

293 3592 536 3668 φυλακῇ,
567 3591 642 3652 ώς
673 3591 1071 3652 κατασκόπους.
1099 3588 1374 3668 Εἶπαμεν
1400 3587 1467 3668 δέ
1495 3586 1876 3657 αὺτῷ,φασὶν,

292 3671 387 3727 ὅτι
415 3670 701 3738 είρηνικοί
730 3670 919 3738 ἐσμεν
940 3708 955 3732 ,
983 3668 1082 3720 καὶ
1114 3667 1202 3720 ὅτι
1236 3667 1467 3721 δώδεκά
1494 3668 1681 3737 ἐσμεν
1706 3668 1881 3722 ἀδελ-

292 3748 399 3823 φοί
433 3764 447 3778 ο
481 3749 579 3801 καί
613 3750 647 3801 ό
673 3746 789 3816 μὲν
816 3742 904 3812 εἷς
931 3748 1043 3814 οὐχ
1069 3744 1344 3823 ὑπάρχει,
1376 3750 1409 3800 ό
1445 3748 1513 3800 δὲ
1536 3750 1881 3820 μικρότερος

288 3822 443 3897 μετὰ
475 3829 580 3882 τοῦ
622 3828 843 3895 πατρὸς
884 3826 1072 3896 ἡμῶν.
1096 3822 1242 3879 Elite
1273 3827 1340 3879 δὲ
1364 3828 1527 3897 ἡμῖν·
1570 3831 1664 3882 Ἐν
1692 3831 1879 3892 τούτῳ

292 3909 604 4002 ξανεῖσθε,
741 3906 1029 4002 εἰρηνικοί
1045 3907 1201 4002 ἐστε
1275 3907 1675 4002 title-1:915???“
1699 3907 1879 3979 ἄφετε

291 3986 447 4054 ὧδε,
481 3991 577 4043 καὶ
604 3988 853 4057 ἀγάγετε
883 3988 991 4040 τὸν
1026 3986 1295 4055 ἀδελφὸν
1328 3987 1492 4056 ὑμῶν
1526 3990 1632 4042 τὸν
1669 3992 1877 4045 νεώτε-

286 4085 426 4145 ρον,
483 4068 581 4123 καί
634 4067 935 4138 γνώσομαι
989 4065 1081 4120 ὅτι
1135 4066 1247 4118 οὐκ
1292 4066 1434 4119 ἐστὲ
1486 4068 1876 4124 κατάσκοποι.

294 4147 488 4201 Ταῦτα
518 4145 679 4201 πάλιν
710 4146 955 4211 ἀνέξαινε
986 4147 1077 4197 τοῦ
1105 4145 1308 4198 δικαίου
1330 4147 1428 4209 τὰς
1450 4148 1703 4217 ἀθυμίας.
1727 4152 1880 4205 Μετὰ

293 4228 407 4304 γὰρ
439 4228 537 4297 τῆς
582 4227 884 4297 διηγήσεως
915 4224 1119 4295 ταύτης
1170 4225 1268 4298 τῆς
1311 4226 1563 4295 λυπηρᾶς
1616 4228 1711 4279 καὶ
1751 4232 1880 4295 τοὺς

290 4309 506 4373 ἑαυτῶν
544 4310 892 4380 μαρσίππους
935 4306 1305 4374 κενώσαντες,
1340 4309 1603 4381 ηὕρισκεν
1649 4312 1879 4377 ἕκαστος

290 4389 356 4449 τὸ
385 4388 648 4460 ἀργύριον
669 4432 682 4453 ,
713 4389 808 4441 καὶ
840 4386 1187 4458 ἐφοϐήθησαν
1229 4390 1382 4441 αύτοί
1417 4407 1475 4441 τε
1516 4389 1610 4443 καὶ
1641 4392 1669 4443 ὁ
1699 4391 1878 4462 πατὴρ

292 4471 499 4523 αὑτῶν.
524 4469 663 4522 Ἀλλ’
691 4471 793 4540 ὅρα
836 4486 924 4540 μοι
952 4469 1112 4521 πάλιν
1158 4469 1390 4523 ἐνταῦθα
1432 4471 1525 4523 τὸν
1568 4471 1880 4543 πρεσϐύτην

291 4551 723 4622 ἀποδυρόμενον.
785 4548 850 4602 Τί
908 4552 1016 4617 γάρ
1069 4566 1201 4619 φησι
1262 4550 1398 4621 πρὸς
1447 4551 1679 4619 αὐτούς;
1743 4552 1882 4621 Ἐμὲ

290 4631 675 4699 ήτεκνώσατε
696 4647 708 4659 ·
737 4629 959 4697 Ἰωσὴφ
988 4632 1099 4682 οὐκ
1121 4630 1276 4693 ἔστι,
1304 4628 1550 4697 Συμεὼν
1577 4634 1689 4685 οὐκ
1722 4633 1876 4697 ἔστι,

294 4711 401 4764 καί
446 4711 554 4764 τὸν
602 4710 886 4778 Βενιαμὶν
929 4708 1235 4775 λήψεσθε;
1270 4708 1394 4761 Ἐπ’
1447 4709 1553 4778 ἐμὲ
1600 4712 1881 4781 ἐγένοντο

293 4788 487 4846 ταῦτα
514 4788 730 4842 πάντα.
771 4786 885 4840 Οὐκ
915 4787 1074 4856 ἢρκει
1112 4804 1236 4854 μοι,
1278 4788 1431 4856 φησὶ,
1465 4789 1525 4841 τὸ
1556 4790 1749 4854 πένθος
1783 4791 1878 4845 τοῦ

294 4869 521 4939 Ἰωσὴφ,
553 4868 687 4920 ἀλλά
723 4864 1100 4936 προσεθήκατε
1134 4866 1307 4938 τούτῳ
1336 4868 1430 4920 καὶ
1469 4868 1559 4921 τὸν
1607 4870 1829 4940 Συμεών
1862 4888 1876 4901 ο

295 4948 396 5017 καὶ
438 4947 559 5000 οὑδέ
603 4949 767 5017 μέχρι
803 4947 994 4999 τούτου
1030 4946 1244 4999 ἵσταταί
1280 4964 1370 5016 μοι
1414 4947 1482 5000 τά
1523 4949 1671 5002 δεινά
1693 4990 1708 5014 ,
1745 4950 1881 5003 ἀλλά

292 5030 394 5089 καὶ
418 5028 510 5081 τὸν
543 5028 800 5098 Βενιαμὶν
833 5027 1016 5079 λαϐεῖν
1035 5025 1306 5094 βούλεσθε.
1326 5027 1450 5078 Ἐπ’
1474 5027 1578 5096 ἐμὲ
1602 5027 1881 5098 ἐγένοντο

290 5107 487 5173 ταῦτα
518 5106 734 5160 πάντα.
781 5105 964 5159 Ἱκανὰ
999 5105 1067 5157 τὰ
1104 5107 1325 5175 ῥήματα
1352 5106 1520 5171 δεῖξαι
1548 5106 1641 5160 τοῦ
1675 5109 1879 5179 πατρὸς

288 5185 695 5257 διακοπτόμενα
726 5184 797 5237 τὰ
828 5184 1127 5254 σπλάγχνα.
1166 5184 1275 5236 Καὶ
1298 5184 1405 5254 γὰρ
1426 5184 1614 5259 ὥσπερ
1642 5187 1710 5240 τὰ
1742 5189 1881 5242 κατὰ

288 5265 390 5317 τὸν
422 5264 622 5335 Ἰωσὴφ
664 5262 813 5334 αὐτῷ
855 5264 1201 5334 ἀπηγόρευτο
1252 5263 1489 5335 (ἐνόμιζε
1541 5267 1650 5335 7&9
1697 5267 1880 5338 θηρῶν

290 5342 640 5414 κατάϐρωμα
668 5343 1037 5413 γεγενῆσθαι),
1063 5341 1204 5393 οὕτω
1230 5344 1323 5395 καὶ
1362 5343 1431 5396 τὰ
1472 5344 1614 5397 κατὰ
1656 5346 1746 5399 τὸν
1779 5348 1880 5399 Συ-

294 5423 485 5493 μεῶνα
509 5422 853 5493 ἀπηγόρευσε
888 5438 902 5453 ⁸
930 5421 1112 5474 λοιπὸν
1142 5420 1198 5473 δέ
1232 5420 1323 5474 καὶ
1353 5423 1597 5493 περὶτοῦ
1624 5425 1880 5498 Βενιαμὶν

291 5499 578 5556 ἐδεδοίκει.
639 5500 779 5554 Ἀλλ’
836 5502 983 5571 ὅμως
1022 5501 1265 5569 ἀντεῖχεν
1304 5499 1414 5564 ἔτι,
1445 5503 1538 5554 καὶ
1578 5505 1678 5558 οὐκ
1707 5506 1878 5559 ἐδίδου

294 5580 389 5635 τὸν
418 5581 606 5634 παῖδα.
644 5577 793 5632 Εἷπε
830 5579 897 5632 δὲ
939 5578 1098 5644 αὐτῷ
1136 5580 1391 5647 Ῥουϐὴν
1433 5582 1465 5633 ὀ
1508 5584 1879 5651 πρωτότοκος

292 5662 511 5717 αὐτοῦ·
570 5661 716 5728 Τοὺς
744 5661 853 5713 δύο
882 5663 1052 5726 υἱούς
1086 5679 1201 5736 μου
1238 5661 1625 5726 ἀπόκτεινον,
1661 5662 1768 5715 ἐὰν
1790 5664 1878 5733 μὴ

292 5740 497 5809 ἀγάγω
530 5743 715 5795 αὐτὸν
741 5740 890 5807 πρὸς
915 5740 1007 5793 σέ.
1053 5739 1163 5804 Δὸς
1189 5740 1375 5794 αὐτὸν
1410 5743 1497 5804 είς
1532 5740 1639 5806 τὰς
1675 5741 1877 5811 χεῖράς

290 5839 437 5890 μου,
475 5820 639 5890 κάγὼ
670 5819 794 5884 ἄξω
825 5821 1011 5873 αὐτὸν
1042 5820 1190 5887 πρὸς
1213 5821 1307 5875 σέ.
1332 5821 1485 5891 Ἐμοὶ
1506 5821 1687 5883 αὑτὸν,
1718 5828 1871 5894 φησι,

296 5902 611 5965 πίστευσον,
641 5902 765 5970 ἐμοὶ
785 5903 1024 5971 παράδος
1055 5918 1068 5931 ο
1095 5903 1207 5969 ἐγώ
1231 5920 1312 5957 σοι
1337 5904 1498 5955 αὑτὸν
1526 5903 1797 5970 ἐπανάξω.

370 5980 431 6049 δς.
470 5980 641 6051 Τοῦτο
668 5981 730 6052 δὲ
758 5981 929 6051 ἐποίει
972 5981 1230 6063 Ῥουϐὴν,
1280 5983 1475 6038 ἐννοῶν
1510 5982 1586 6045 ὡς
1625 5984 1721 6056 ούχ
1763 5978 1873 6055 οίόν

1154 342 1223 398 IN
1258 342 1410 399 CAP.
1445 338 1611 395 xuu
1673 337 1761 393 ET
1799 332 1966 397 xm
2003 334 2249 403 GENES.
2291 340 2525 399 HOMIL.
2564 344 2750 410 LXIV;

3466 349 3580 411 533

1996 466 2077 515 τε,
2106 452 2180 523 μὴ
2203 455 2296 508 τοῦ
2326 458 2513 522 παιδὸς
2540 460 2921 527 συγκατιόντος
2942 461 3139 524 αὐτοῖς,
3172 459 3331 515 πάλιν
3363 461 3440 522 εἰς
3470 462 3581 531 τὴν-

1996 534 2267 603 Αῖγυπτον
2299 541 2554 596 ἀπελθεῖν
2578 583 2592 607 ,
2624 547 2717 597 καὶ
2758 545 2824 597 τὰ
2863 545 2997 614 πρὸς
3037 544 3330 614 διατροφὴν
3359 543 3571 615 ὠνήσει·

1998 616 2139 671 σθαι.
2171 620 2310 675 Ἀλλ’
2350 625 2450 678 οὑκ
2488 626 2757 679 ἐνδίδωσιν
2791 628 2819 677 ὁ
2853 627 3054 697 πατὴρ,
3084 626 3218 678 ἀλλά
3248 643 3411 696 φησιν
3446 642 3458 656 ⁸
3488 629 3570 679 Οὐ

1995 703 2393 769 καταϐήσεται
2426 712 2459 761 ό
2484 710 2615 775 υἱός
2640 727 2761 779 μου
2784 712 2913 778 μεθ’
2946 709 3128 779 ὑμῶν.
3173 706 3305 762 Εἶτα
3345 711 3435 770 καὶ
3472 711 3572 781 τὴν

1994 785 2172 836 αἰτίαν
2198 787 2368 854 λέγει,
2398 789 2586 862 ὥσπερ
2608 793 3039 862 ἀπολογούμενος
3062 796 3173 855 τοῖς
3203 792 3411 845 παισίν.
3442 793 3574 852 ’Ὁτι

1994 866 2027 917 ό
2060 866 2322 938 ἁδελφός
2346 874 2531 926 αὑτοῦ
2555 875 2834 937 ἀπέθανε,
2860 876 2958 927 καὶ
2982 876 3163 939 αὐτὸς
3179 876 3365 942 μόνος
3389 891 3571 927 καταρ

1991 948 2317 1008 λέλειπται.
2348 954 2458 1008 Kal
2486 956 2856 1025 συμϐήσεται
2875 958 2955 1022 ώς
2980 958 3113 1010 νέον
3146 955 3570 1025 κομιδῆνμαλα-

1993 1033 2278 1103 κισθῆναι
2303 1037 2373 1090 ἐν
2402 1037 2478 1106 τῇ
2511 1039 2628 1105 ὀδῷ
2648 1079 2663 1103 ,
2696 1041 2795 1094 καί
2830 1039 3114 1103 κατάξετέ
3140 1058 3257 1109 μου
3288 1041 3353 1092 τὸ
3382 1040 3571 1108 γῆρας

1988 1119 2137 1185 μετὰ
2171 1121 2374 1189 λύπης
2401 1125 2486 1188 είς
2514 1123 2683 1190 ᾅδου.
2723 1123 2867 1196 [615]
2900 1125 3121 1177 Δέδοικα
3139 1164 3154 1180 .
3185 1124 3337 1193 φησὶ,
3364 1123 3425 1175 τὸ
3451 1122 3569 1175 νέον

1994 1200 2157 1254 αὑτοῦ
2183 1204 2281 1272 τῆς
2303 1205 2540 1275 ἡλικίας,
2574 1208 2669 1261 καὶ
2702 1208 2985 1277 ὑφορῶμαί
3022 1206 3099 1277 μὴ
3125 1206 3221 1259 καὶ
3246 1207 3347 1274 τῆς
3380 1205 3580 1266 τούτου,

1995 1287 2347 1356 παραμυθίας
2377 1289 2771 1360 ἀποστερηθεὶς
2798 1292 2913 1360 μετ’
2940 1290 3130 1361 ὀδύνης
3156 1289 3245 1341 τὸν
3271 1289 3382 1358 βίον
3404 1306 3580 1342 καταιε

1992 1368 2151 1422 λύσω.
2174 1371 2350 1444 Μέχρι
2379 1372 2487 1444 γὰρ
2512 1375 2600 1427 ὅτε
2629 1368 2783 1438 οὗτος
2816 1375 3027 1428 σύνεστί
3059 1392 3171 1445 μοι,
3205 1374 3343 1426 δοκῶ
3369 1374 3569 1444 μικράν

1991 1471 2110 1507 τινα
2133 1455 2275 1526 ἔχειν
2302 1458 2675 1529 παραμυθίαν,
2705 1460 2797 1511 καὶ
2825 1460 2858 1529 ή
2884 1458 3071 1511 τούτου
3098 1459 3353 1510 συνουσία
3382 1458 3569 1510 ὑποτέ-

1996 1555 2182 1608 μνεται
2207 1539 2303 1612 τὴν
2333 1542 2425 1594 ἐπὶ
2444 1541 2521 1612 τῷ
2542 1542 2753 1613 ἀδελφῷ
2776 1543 2938 1595 αὑτοῦ
2970 1543 3227 1614 ἀθυμίαν.
3251 1542 3391 1595 Ἀλλ’
3419 1544 3446 1595 ό
3471 1543 3580 1612 μὲν.

1992 1623 2155 1686 πόθος
2199 1623 2229 1675 ὁ
2267 1626 2393 1694 περὶ
2426 1625 2518 1677 τὸν
2561 1625 2820 1695 Βενιαμὶν
2872 1626 2932 1679 ού
2970 1625 3263 1696 συνεχώρει
3293 1626 3371 1695 τῷ
3403 1626 3579 1695 πατρὶ.ί

1989 1706 2176 1759 τοῦτον
2197 1707 2458 1778 προέσθαι
2475 1725 2488 1739 ο
2525 1708 2588 1760 '0
2613 1708 2680 1760 δὲ
2697 1708 2873 1778 λιμὸς
2887 1708 3288 1777 σφοδρότερος
3317 1709 3565 1777 ἐγίνετο.

1992 1789 2088 1842 καί
2128 1790 2416 1845 ἐπέλιπεν
2454 1792 2658 1857 αὐτοῖς
2706 1793 2778 1845 τὰ
2817 1792 3128 1861 βρώματα.
3168 1794 3283 1845 Καί
3306 1808 3497 1861 φησιν
3534 1795 3582 1846 ὁ.

1989 1874 2203 1941 πατήρ·
2241 1875 2617 1941 Ἀπελθόντες
2666 1875 2851 1929 πάλιν
2883 1878 3167 1945 κομίσατε
3196 1876 3381 1945 μικρὰ
3411 1877 3567 1944 ,ϐρώ-

1982 1974 2161 2023 ματα.
2183 1953 2329 2011 Εἷπε
2356 1958 2424 2011 δὲ
2442 1958 2602 2023 αὐτῷ
2634 1958 2884 2024 Ἰοὐδαςο
2919 1961 3311 2028 Διαμαρτυρία
3339 1959 3572 2027 διεμαρ-

1987 2041 2201 2106 τύρατο
2227 2041 2385 2111 ἡμᾶς
2411 2046 2443 2096 ό
2474 2042 2804 2113 ἅνθρωπος,
2844 2042 3037 2112 λέγων
3058 2060 3069 2073 ·
3107 2046 3227 2096 Οὐκ
3253 2044 3477 2112 ὄψεσθε
3502 2042 3586 2102 τὸ)

1988 2127 2316 2191 πρόσωπόν
2330 2144 2471 2195 μου,
2502 2126 2611 2179 ἐὰν
2631 2127 2715 2195 μὴ
2735 2130 2765 2180 ό
2796 2126 3080 2197 νεώτερος
3115 2128 3281 2197 ὑμῶν
3304 2126 3575 2203 ἁδελφὸς.

1980 2209 2110 2275 μεθ’
2128 2209 2293 2278 ὑμῶν
2306 2205 2364 2279 ᾖ.
2390 2212 2461 2263 Εί
2477 2209 2593 2278 μὲν
2616 2207 2730 2264 οὖν
2751 2209 3152 2276 ἀποστέλλεις
3178 2210 3283 2263 τὸν
3303 2209 3577 2277 ἀδελφὸν-Δ

1987 2290 2186 2359 ήμῶν,
2217 2293 2673 2361 καταϐησόμεθα
2693 2334 2707 2356 ,
2748 2293 2843 2345 καὶ
2882 2292 3257 2362 ἀγοράσομέν
3291 2308 3389 2345 σοι
3410 2291 3569 2357 ,ϐρώ-

1979 2390 2176 2441 ματα·
2225 2376 2278 2427 εί
2317 2375 2385 2427 δὲ
2423 2375 2510 2444 μὴ
2557 2376 2991 2442 ἀποστέλλεις,
3031 2379 3101 2429 οὺ
3133 2377 3585 2442 πορευσόμεθακ

1997 2458 2050 2509 '0
2079 2457 2189 2529 γὰρ
2211 2459 2520 2527 ἄνθρωπος
2543 2456 2712 2513 εἶπεν
2738 2458 2903 2528 ἡμῖν,
2934 2459 3021 2512 ὅτι
3057 2462 3175 2513 Οὐκ
3207 2458 3431 2528 ὄψεσθέ
3451 2476 3585 2526 μου.

1983 2540 2052 2595 τὸ
2084 2543 2426 2609 πρόσωπον,
2460 2544 2570 2597 ἐὰν
2589 2542 2673 2611 μὴ
2695 2546 2727 2596 ὁ
2752 2543 3015 2612 ἁδελφὸς
3036 2543 3202 2613 ὑμῶν
3232 2547 3262 2597 ό
3288 2542 3583 2610 νεώτερος.

1982 2620 2024 2695 ᾗ
2049 2626 2179 2694 μεθ’
2208 2624 2395 2693 ὑμῶν·
2430 2627 2522 2697 Μὴ
2556 2626 2783 2697 νομίσῃς
2807 2666 2821 2690 ν
2868 2628 3031 2697 φησὶν
3052 2669 3065 2690 ,
3115 2629 3264 2697 ἡμᾶς
3311 2626 3569 2681 δύνασθαι

1982 2709 2111 2763 ἄνευ
2144 2708 2239 2761 τοῦ
2268 2708 2495 2777 ἀδελφοῦ
2526 2711 2643 2761 ἐκεῖ
2668 2709 2990 2780 καταϐῆναι.
3025 2711 3087 2763 El
3122 2713 3231 2782 γὰρ
3271 2712 3446 2781 βούλει
3476 2712 3579 2765 καὶ

1982 2793 2261 2864 ἄπρακτον
2297 2792 2456 2863 ήμῶν
2493 2792 2745 2861 γενέσθαι
2780 2791 2879 2863 τὴν
2926 2793 3149 2845 κάθοδον
3170 2833 3185 2858 ,
3220 2796 3314 2846 καὶ
3362 2795 3581 2868 πάντας

1982 2876 2129 2945 ἡμᾶς
2173 2875 2403 2945 κινδύνῳ
2442 2875 2837 2946 περιϐληθῆναι
2862 2913 2877 2935 ,
2923 2874 3194 2945 ἀπίωμεν.
3230 2877 3366 2929 Ἴσθι
3398 2878 3453 2930 δὲ
3487 2878 3569 2931 ὅτι

1981 2957 2385 3030 διεμαρτύρατο
2411 2960 2586 3030 ἡμᾶς,
2614 2958 2689 3021 ώς
2718 2958 2817 3011 οὐκ
2845 2958 3088 3028 ὀψόμεθα
3118 2958 3284 3012 αὑτοῦ
3317 2960 3377 3011 τὸ
3405 2970 3509 3030 πρό
3528 2979 3570 3009 ς.

1982 3057 2150 3105 ωπον,
2176 3044 2225 3093 εί
2257 3042 2330 3111 μὴ
2357 3042 2386 3094 ὁ
2408 3041 2634 3110 ἀδελφὸς
2662 3041 2817 3112 ἡμῶν
2842 3042 2960 3110 μεθ’
2987 3040 3143 3111 ήμῶν
3170 3043 3564 3111 παραγένηται.

1982 3125 2152 3177 Στενά
2181 3124 2443 3177 πάντοθεν
2469 3120 2537 3195 ἦν
2565 3124 2642 3195 τῷ
2663 3123 2859 3177 Ἰακώϐ
2878 3141 2891 3153 ·
2917 3123 2996 3175 διὸ
3017 3124 3111 3176 καὶ
3132 3125 3560 3195 ἀποδυρόμενος,

1984 3207 2117 3278 φησὶ
2140 3209 2275 3279 πρὸς
2296 3207 2523 3270 αὐτούς’
2561 3209 2623 3262 Τί
2650 3206 3128 3275 ἐκακοποιήσατέ
3164 3225 3257 3278 με.
3288 3208 3575 3279 ἀπαγγείε

1980 3291 2200 3352 λαντες
2233 3285 2312 3351 τῷ
2339 3286 2647 3352 ἀνθρώπῳ,
2682 3287 2772 3339 ὅτι
2796 3287 2968 3340 ἐστιν
3001 3285 3143 3355 ὑμῖν
3181 3286 3485 3355 ἀδελφός;
3520 3317 3566 3326 --

1988 3366 2048 3419 Τί
2074 3365 2549 3429 ἑκακοποιησατέ
2578 3381 2693 3434 με;
2732 3365 2831 3418 Διά
2852 3366 2929 3428 τί,
2962 3366 3125 3435 φησὶν
3147 3404 3160 3426 ,
3199 3367 3319 3435 ἐμοὶ
3360 3366 3577 3422 τούτων.

1978 3442 2088 3495 τῶν
2118 3444 2305 3496 κακῶν
2327 3446 2487 3501 αἴτιοι
2516 3445 2845 3515 γεγένησθε;
2875 3446 2937 3496 Εἰ
2966 3445 3076 3514 γὰρ
3105 3445 3177 3514 μὴ
3206 3444 3361 3497 τοῦτο
3396 3447 3568 3513 ἐγνω-

1986 3524 2193 3593 ρίσατε,
2227 3525 2325 3576 οὐκ
2372 3525 2437 3578 ἂν
2480 3524 2573 3578 τοῦ
2615 3524 2839 3594 Συμεὼν
2887 3524 3292 3594 ἀπεστερήθην,
3345 3526 3445 3577 οὑκ
3498 3526 3575 3584 ἂν,

1981 3602 2167 3656 τοῦτον
2195 3604 2552 3673 ἐπεζήτησεν.
2580 3608 2643 3658 Ol
2664 3604 2731 3656 δὲ
2750 3599 2945 3656 εἶπανο
2976 3602 3387 3669 Ἐπηρώτησεν
3410 3603 3567 3671 ἡμᾶς

1981 3686 2013 3735 ό
2040 3682 2367 3749 ἄνθρωπος’
2396 3684 2466 3735 El
2493 3682 2580 3735 ἔτι
2608 3686 2641 3736 ὀ
2666 3682 2862 3749 πατὴρ
2887 3680 3053 3751 ὑμῶν
3081 3681 3167 3750 ζῇ,
3191 3683 3287 3735 καὶ
3314 3684 3366 3735 εὶ
3391 3683 3565 3734 ἐστιν

1979 3764 2121 3833 ὑμῖν
2149 3763 2413 3832 ἁδελφὸς
2431 3807 2445 3826 ,
2474 3765 2572 3817 καὶ
2605 3765 3052 3834 ἀπηγγείλαμεν
3080 3763 3257 3829 αὐτῷ.
3283 3764 3377 3829 Μὴ
3407 3764 3565 3833 ᾔδειο

1975 3865 2109 3916 μεν,
2148 3846 2235 3899 ὅτι
2266 3847 2390 3914 ἐρεῖ
2415 3848 2558 3916 ἡμῖν
2578 3889 2593 3915 ,
2628 3846 2898 3915 Ἀγάγετε
2935 3848 3040 3899 τὸν
3068 3847 3332 3915 ἀδελφὸν
3362 3845 3565 3918 ὐμῶνί

1982 3930 2073 4000 Μὴ
2110 3930 2358 4001 νομίσῃς,
2395 3931 2577 3999 φησὶν,
2618 3931 2768 4000 ἡμᾶς
2790 3930 3013 3993 ἑκόντας
3049 3929 3453 3999 ὡμολογηκέναι
3484 3928 3562 3998 τῷ

1980 4009 2136 4079 ἀνδρὶ
2168 4008 2236 4060 τὰ
2284 4008 2399 4060 καθ’
2448 4010 2613 4078 ἡμᾶς.
2661 4007 2875 4078 Ἐπειδὴ
2911 4008 3018 4079 γάρ
3065 4008 3143 4071 ὼς
3185 4008 3563 4070 κατασκόπους

1981 4091 2127 4159 ἡμᾶς
2156 4087 2503 4149 ὑποπτεύσας
2543 4091 2790 4156 κατεῖχεν
2809 4128 2822 4150 ,
2853 4086 3114 4159 ἐπηρώτα
3149 4085 3205 4138 δὲ
3242 4087 3377 4156 μετά
3401 4087 3562 4157 ἀκρι-

1982 4170 2133 4231 ϐείας
2179 4170 2247 4221 τά
2307 4169 2426 4221 καθ’
2481 4171 2655 4240 ἡμᾶς,
2706 4167 2794 4220 διὰ
2852 4167 3008 4220 τοῦτο
3056 4167 3365 4239 βουλόμενοι
3423 4167 3569 4237 μετὰ,

1980 4247 2238 4316 ἀληθείας
2280 4249 2459 4301 πάντα
2512 4249 2671 4300 αὑτὸν
2721 4247 2968 4311 διδάξαι.
3016 4248 3188 4301 ταῦτα
3238 4249 3555 4319 εἰρήκαμεν.

1979 4320 2129 4378 Εἷπε
2156 4323 2223 4376 δὲ
2247 4322 2433 4377 πάλιν
2479 4324 2709 4389 Ἰούδας
2741 4326 2889 4393 πρὸς
2918 4326 3024 4379 τὸν
3067 4326 3290 4394 πατέρα
3326 4325 3510 4379 αὑτοῦ
3542 4344 3565 4365 ·-

1994 4405 2372 4459 Ἀπόστειλον
2420 4405 2485 4458 τὸ
2532 4404 2841 4472 παιδάριον
2886 4405 3008 4470 μετ’
3046 4404 3220 4474 ἐμοῦ,
3268 4406 3362 4457 καί
3409 4405 3557 4458 ἁνα-

1980 4483 2235 4549 στάντες
2265 4484 2695 4552 πορευσόμεθα,
2726 4483 2826 4535 ἵνα
2848 4483 3059 4552 ζῶμεν,
3094 4484 3189 4536 καί
3211 4484 3296 4551 μη
3337 4483 3557 4537 ἀποθά-

1980 4580 2193 4631 νωμεν.
2241 4563 2393 4632 Ἐμοὶ
2416 4605 2431 4628 ,
2462 4562 2624 4632 φησὶν
2647 4603 2662 4625 ,
2704 4562 2866 4615 αὐτὸν
2903 4564 3263 4632 ἐμπίστευσον
3292 4602 3305 4626 ,
3335 4564 3421 4617 ἵνα
3453 4563 3565 4637 ήδη,

1982 4641 2245 4712 ἁψώμεθα
2264 4642 2359 4710 τῆς
2386 4640 2675 4694 όδοῦ.οὑδὲ
2702 4638 2807 4711 γάρ
2841 4641 2921 4693 ἔτι
2948 4641 3099 4695 ἔσται
3125 4643 3253 4711 ἡμῖν
3285 4642 3558 4711 σωτηρίας

1979 4723 2167 4787 ἐλπὶς,
2208 4720 2317 4774 τῶν
2355 4720 2657 4792 βρωμάτων
2690 4720 3072 4775 ἀναλωθέντων
3096 4762 3111 4784 ,
3148 4722 3237 4774 καὶ
3264 4722 3557 4792 οὐδαμόθεν

1979 4800 2243 4871 ἑτέρωθεν
2277 4799 2639 4868 εὑρισκόντων
2665 4799 3033 4870 παραμυθίαν.
3061 4800 3202 4868 Ἐγὼ
3221 4799 3289 4852 δὲ
3309 4799 3562 4868 δέχομαι

1978 4880 2165 4933 αὐτὸν
2189 4878 2346 4947 παρὰ
2372 4879 2516 4934 σοῦ’
2537 4880 2644 4933 ἐὰν
2665 4878 2751 4949 μὴ
2772 4879 2967 4947 ἀγάγω
2994 4880 3198 4942 αὑτὸν,
3231 4880 3326 4931 καὶ
3344 4879 3563 4945 στήσως

1978 4958 2254 5011 ἐναντίον
2296 4972 2412 5010 σου
2433 4998 2447 5021 ,
2490 4956 2843 5026 ἡμαρτηκὼς
2878 4957 3090 5023 ἔσομαι
3126 4960 3211 5022 εἱς
3242 4955 3316 5010 σὲ
3349 4959 3563 5022 πάσας-

1979 5038 2085 5103 τὰς
2127 5035 2368 5104 ἡμέρας.
2422 5038 2491 5089 El
2527 5036 2613 5104 μὴ
2664 5036 2774 5105 ςττὶρ
2820 5035 3256 5103 ἐϐραδύναμεν,
3304 5034 3420 5103 ἤδη
3476 5034 3563 5088 ἀν.

1978 5115 2440 5183 ὐπεστρέψαμεν
2459 5114 2571 5180 δίς.
2606 5115 2669 5167 Ἡ
2710 5114 2837 5184 περὶ
2866 5115 2954 5166 τὸν
2988 5113 3183 5177 παῖδα,
3218 5114 3379 5185 φησὶ,
3413 5130 3553 5182 συμ-

1981 5194 2179 5246 πάθεια
2220 5196 2384 5247 πᾶσιν
2422 5194 2553 5264 ἡμῖν
2599 5194 2690 5245 τὸν
2738 5193 2957 5263 ὄλεθρον
3011 5192 3193 5263 μέλλει
3245 5194 3547 5265 προξενεῖν.

1977 5274 2255 5343 Φθάνομεν
2289 5274 2397 5345 γὰρ
2427 5274 2530 5326 ὑπὸ
2561 5272 2656 5327 τοῦ
2687 5272 2846 5342 λιμοῦ
2880 5272 3363 5343 καταναλωθῆναι,
3398 5274 3447 5326 εί
3476 5272 3551 5345 μὴ

1981 5352 2247 5423 βουληθῇς
2297 5352 2571 5417 ἀπολύσας
2619 5352 2782 5406 αὑτὸν
2845 5351 3124 5422 ἐκπέμψαι
3176 5354 3344 5422 ἡμᾶς.
3378 5352 3549 5405 Βλέπε

1978 5431 2163 5484 λοιπὸν
2194 5431 2447 5495 ἐνταύθα,
2481 5431 2728 5501 ἀγαπητέ
2753 5470 2768 5495 ,
2804 5431 2921 5495 πῶς
2948 5433 2979 5500 ὴ
3015 5431 3108 5483 τοῦ
3142 5430 3300 5501 λιμοῦ
3336 5432 3548 5502 ἀνάγκη

1978 5511 2192 5581 ἐνίκησε
2234 5511 2334 5580 τὴν
2382 5510 2757 5580 φιλοστοργίαν
2804 5509 2895 5562 τοῦ
2940 5509 3164 5580 πατρός.
3222 5509 3393 5582 Ὀρῶν
3441 5511 3550 5581 7&9

1978 5590 2234 5660 οὐδεμίαν
2290 5590 2486 5653 αὐτοὺς
2533 5589 2883 5660 εὑρίσκοντας
2932 5589 3282 5659 παραμυθίαν
3333 5590 3546 5661 ἐτέραν,

1980 5671 2073 5723 καὶ
2103 5670 2193 5723 τὸν
2224 5670 2379 5740 λιμὸν
2406 5669 2829 5738 ἐπιτεινόμενον,
2859 5670 3047 5738 φησίν⁸
3084 5670 3145 5722 El
3184 5669 3356 5732 οὕτως
3394 5670 3545 5734 ἐστὶ,

1982 5749 2075 5802 καὶ
2097 5748 2255 5801 τοῦτο
2281 5749 2362 5802 δεῖ
2385 5749 2599 5810 πάντως
2625 5746 2894 5815 γενέσθαι.
2928 5748 3018 5800 καὶ
3043 5749 3139 5818 οὐχ
3164 5747 3274 5802 οἷόν
3308 5766 3368 5802 τε
3404 5751 3548 5820 ὑμᾶς

1984 5826 2261 5881 κατελθεῖν
2283 5870 2300 5891 ,
2338 5831 2387 5881 εί
2427 5827 2500 5898 μὴ
2538 5828 2628 5879 καὶ
2673 5826 2858 5879 τοῦτον
2888 5826 3135 5893 λάϐοιτε,
3172 5828 3413 5898 ὀφείλετε
3456 5828 3551 5882 καὶ

1979 5908 2126 5976 δῶρα
2170 5907 2501 5976 ἀποκομίσαι
2552 5906 2630 5976 τῷ
2673 5904 2847 5976 ἀνδρί.
2898 5907 3009 5959 Καὶ
3042 5906 3103 5960 τὸ
3155 5906 3417 5979 ἀργύριον
3467 5906 3545 5969 δὲ,

1978 5988 2111 6059 ὅπερ
2141 5987 2197 6041 ἐν
2225 5990 2334 6050 τοῖς
2361 5985 2691 6057 μαρσίπποις
2712 5983 2863 6053 ὑμῶν
2894 5985 3186 6057 εὑρήκατε,
3211 5986 3549 6057 ἀπαγάγετε,
