4038 6358
238 358 350 416 555

234 483 297 528 ut
321 486 506 528 emere
547 469 762 541 possitis
788 473 1074 525 frumenta.
1121 469 1212 525 15.
1245 467 1311 522 Et
1358 470 1568 537 fratrem
1606 475 1823 521 vestrum

238 565 480 636 accipite.
534 563 741 635 Surgite
778 564 932 633 igitur
958 603 975 631 ,
1026 572 1073 617 et
1116 560 1401 617 descendite
1445 559 1515 612 ad
1542 556 1821 610 hominem.

235 659 324 712 14.
362 656 502 711 Deus
530 666 707 710 autem
735 672 875 709 meus
910 655 993 709 det
1019 654 1156 708 vobis
1182 653 1396 725 gratiam
1422 667 1593 706 coram
1626 652 1826 705 homine

228 750 347 813 illo,
377 757 424 802 et
453 749 621 801 mittat
642 752 849 818 fratrem
877 755 1093 800 vestrum
1116 762 1274 799 unum
1300 753 1347 797 et
1374 743 1663 816 Benjamin.
1712 742 1822 811 Ενο

230 851 409 893 autem
436 839 862 908 quemadmodum
885 838 1051 891 liberis
1079 836 1285 890 orbatus
1313 837 1408 907 fui,
1433 834 1600 889 liberis
1619 833 1822 888 orbatus

225 948 367 986 sum.
409 932 545 987 Vide
570 931 837 1002 quomodo
879 930 1127 985 eximiam
1169 945 1319 983 suam
1350 928 1687 983 dilectionem
1722 925 1820 981 de-

226 1025 423 1091 clarat,
452 1040 611 1094 quam
640 1040 765 1095 erga
794 1023 993 1093 Ioseph
1041 1023 1244 1077 habuit.
1276 1020 1355 1076 Ne
1383 1020 1501 1092 quis
1535 1022 1677 1074 enim
1709 1019 1821 1074 exi-

225 1116 415 1172 stimet
460 1116 529 1171 de
575 1114 842 1187 Symeone
864 1158 880 1181 ,
909 1115 993 1170 vel
1020 1115 1091 1169 de
1130 1112 1405 1183 Beniamin
1454 1110 1556 1165 hoc
1583 1125 1705 1165 esse
1739 1108 1821 1164 di-

224 1217 397 1270 ctum,
428 1206 542 1279 Ego
570 1208 699 1261 sicut
727 1207 850 1275 ﬁliis
888 1207 1096 1261 orbatus
1145 1202 1219 1274 fui
1245 1245 1258 1268 ,
1289 1204 1412 1273 filiis
1438 1203 1645 1256 orbatus
1682 1216 1816 1265 sum,

225 1297 435 1353 idcirco
463 1298 716 1368 prmmisit
746 1316 758 1351 :
802 1297 940 1353 Deus
963 1307 1129 1351 autem
1156 1312 1294 1350 meus
1316 1296 1396 1350 det
1414 1295 1549 1348 vobis
1577 1293 1814 1365 gratiam,

223 1401 271 1445 et
293 1394 462 1445 mittat
482 1392 692 1463 fratrem
712 1401 931 1444 vestrum
956 1390 1101 1444 illum
1126 1406 1281 1443 unum
1306 1398 1351 1442 et
1372 1386 1660 1457 Benjamin.
1682 1385 1814 1439 Nam

224 1484 355 1539 licet
396 1485 491 1551 illi,
542 1485 740 1555 inquit,
794 1484 924 1539 salvi
966 1483 1179 1549 fuerint,
1202 1482 1295 1536 sed
1331 1480 1442 1551 Ego
1479 1480 1622 1549 quasi
1650 1478 1816 1532 liberis

222 1593 452 1641 caream,
486 1576 639 1631 orbus
667 1593 798 1630 sum.
828 1576 1013 1646 Cogita
1043 1575 1150 1641 hic,
1181 1572 1452 1644 quomodo
1484 1580 1624 1626 totus
1645 1569 1814 1623 amori

221 1670 423 1740 Ioseph
447 1670 659 1725 deditus
685 1670 773 1724 sit.
808 1668 1006 1724 Videns
1030 1669 1171 1723 enim
1205 1675 1407 1722 tantum
1430 1666 1650 1720 chorum
1683 1664 1813 1719 libe-

219 1775 406 1814 rorum
432 1776 491 1815 se
520 1761 974 1824 circumstantem,
995 1759 1195 1829 absque
1220 1757 1345 1811 ﬁliis
1367 1772 1425 1812 se
1451 1771 1569 1811 esse
1588 1755 1810 1825 putavit,

218 1853 347 1922 quia
373 1854 466 1906 illo
499 1853 735 1922 privatus
758 1860 891 1906 erat.
943 1852 1029 1907 15.
1064 1852 1373 1920 Acceperunt
1402 1858 1590 1915 autem,
1620 1847 1809 1916 inquit,

218 1946 318 1998 viri
359 1945 517 2010 dona,
549 1954 596 1998 et
624 1945 888 2014 pecuniam
916 1943 1191 2015 duplicem,
1220 1952 1265 1997 et
1292 1940 1563 2011 Benjamin
1581 1980 1597 2006 ,
1646 1949 1692 1993 et
1719 1939 1809 1993 de-

217 2038 523 2091 scenderunt
550 2038 603 2090 in
633 2035 922 2107 (Egyptum
952 2078 967 2102 ,
1014 2044 1060 2089 et
1102 2042 1343 2088 steterunt
1385 2049 1555 2086 coram
1592 2030 1808 2099 Ioseph.

220 2128 310 2184 16.
342 2128 482 2183 Vidit
499 2140 668 2183 autem
691 2146 777 2184 eos
804 2128 1018 2198 Ioseph,
1042 2139 1087 2182 et
1115 2127 1384 2198 Benjamin
1407 2131 1617 2198 fratrem
1637 2142 1807 2179 suum.

217 2220 374 2287 Quod
411 2220 766 2283 desiderabat,
804 2220 936 2274 vidit
967 2229 1071 2274 tam
1095 2228 1332 2288 optatum
1361 2217 1482 2271 sibi.
1511 2216 1654 2271 Vidit
1679 2217 1810 2271 satis

218 2327 340 2367 esse
372 2312 568 2367 factum
599 2328 696 2367 suo
722 2311 1009 2368 desiderio.
1043 2310 1107 2364 Et
1154 2312 1314 2376 dixit,
1348 2310 1537 2379 inquit,
1571 2311 1809 2379 praefecto

217 2406 395 2459 domui
422 2421 530 2459 sua:
571 2423 590 2459 :
627 2404 877 2459 Introduc
921 2404 1144 2457 homines
1173 2404 1227 2456 in
1269 2402 1506 2467 domum,
1552 2410 1597 2453 et
1640 2400 1809 2453 occide

216 2497 449 2551 uictimas
488 2512 508 2550 :
534 2512 726 2550 mecum
767 2496 899 2548 enim
928 2494 1186 2548 comedent
1226 2494 1338 2547 viri.
1371 2493 1456 2547 18.
1493 2490 1561 2546 Ut
1580 2491 1808 2543 viderunt

213 2597 387 2640 autem
412 2587 548 2657 quod
576 2586 850 2639 introducti
869 2594 985 2638 sunt
1002 2585 1053 2637 in
1072 2585 1277 2637 domum
1292 2581 1506 2652 Ioseph,
1535 2582 1803 2637 dixerunt:

216 2676 444 2747 Propter
475 2678 760 2747 pecuniam,
794 2693 907 2745 qua:
930 2677 1078 2731 rediit
1098 2677 1151 2730 in
1178 2692 1349 2729 saccos
1374 2684 1572 2729 nostros
1590 2674 1643 2728 in
1669 2674 1810 2744 prin-

215 2773 369 2842 cipio,
394 2772 703 2836 inducimur,
733 2781 786 2823 ut
815 2770 1119 2823 calumniam
1145 2768 1284 2823 nobis
1308 2769 1535 2832 intentet,
1568 2776 1615 2822 et
1643 2767 1808 2835 impo-

215 2872 305 2917 nat
334 2865 479 2917 nobis
506 2872 554 2915 et
597 2861 813 2931 accipiat
836 2878 925 2914 nos
965 2862 1018 2914 in
1057 2877 1243 2926 servos,
1288 2869 1333 2913 et
1376 2860 1545 2914 asinos
1586 2868 1802 2912 nostros.

213 2951 418 3024 Ioseph
448 2953 660 3024 quidem
705 2968 857 3008 suam
885 2967 1007 3022 erga
1056 2952 1177 3006 illos
1218 2952 1593 3022 benignitatem
1625 2950 1808 3004 decla-

214 3062 375 3113 rans,
424 3047 602 3103 omnia
646 3045 1006 3117 disponebat:
1052 3045 1125 3100 illi
1155 3053 1332 3101 autem
1375 3045 1517 3099 anxii
1562 3045 1803 3110 fuerunt,

216 3142 553 3211 suspicantes
581 3157 649 3195 ne
679 3139 1019 3210 pecuniarum
1054 3138 1222 3208 gratia
1263 3138 1636 3208 ptenasluant,
1674 3146 1806 3189 tam-

213 3247 374 3302 quam
404 3232 566 3287 etiam
610 3232 662 3285 in
707 3231 807 3286 hoc
847 3230 985 3285 male
1029 3230 1297 3284 fecissent.
1351 3229 1638 3297 Propterea
1680 3241 1804 3281 cum

214 3323 609 3390 accessissent,
660 3336 874 3377 causam
925 3319 1222 3375 formidinis
1250 3318 1525 3387 proferunt
1555 3318 1806 3387 praefecto

215 3413 431 3480 domus,
463 3423 516 3467 et
544 3420 761 3467 narrant
787 3410 1053 3482 quomodo
1086 3410 1361 3480 pecuniam
1388 3409 1442 3463 in
1464 3410 1632 3463 saccis
1658 3409 1806 3464 inve-

214 3505 419 3569 nerint,
441 3512 494 3559 et
516 3504 697 3558 dicunt
726 3522 739 3555 :
783 3503 873 3556 22.
918 3501 1193 3574 Propterea
1235 3502 1487 3571 duplicem
1512 3518 1645 3555 nunc
1674 3510 1808 3555 attu-

216 3596 368 3650 limus
400 3596 661 3663 pecuniam
688 3594 967 3657 nobiscum,
999 3604 1052 3647 ut
1081 3604 1125 3647 et
1149 3594 1367 3665 priorem
1392 3594 1734 3661 restituamus,
1760 3602 1807 3648 et

214 3702 350 3740 nunc
380 3687 544 3740 denuo
572 3702 793 3739 emamus
820 3688 1088 3758 frumenta.

288 3780 345 3833 5.
377 3776 514 3833 Vide
542 3777 807 3847 quomodo
834 3778 1163 3833 calamitates
1186 3793 1371 3832 eorum
1399 3777 1632 3831 animum
1663 3776 1806 3831 miti-

211 3878 429 3939 garent,
479 3884 678 3939 eosque
719 3869 1048 3923 reddiderint
1096 3869 1500 3923 mansuetiores.
1530 3868 1620 3922 25.
1662 3867 1806 3923 Dixit

214 3970 385 4013 autem
411 3961 481 4013 eis
508 3977 526 4013 :
559 3958 817 4030 Propitius
838 3963 972 4014 vobis
989 3962 1029 4026 ¹,
1058 3961 1211 4013 nolite
1239 3961 1448 4025 timere;
1471 3959 1607 4015 Deus
1626 3969 1804 4027 vester,

215 4062 262 4106 et
285 4052 425 4107 Deus
456 4054 614 4122 patris
646 4053 792 4107 vestri
818 4052 953 4105 dedit
996 4051 1130 4105 vobis
1161 4051 1417 4105 thesauros
1460 4052 1514 4104 in
1537 4052 1694 4106 saccis
1720 4068 1806 4106 ve-

214 4146 361 4208 stris;
398 4145 661 4213 pecuniam
708 4152 922 4197 vestram
954 4143 1072 4196 bene
1119 4143 1379 4211 probatam
1423 4140 1599 4195 habeo.
1638 4141 1717 4197 Ne
1739 4142 1805 4195 ti-

217 4236 435 4301 nieatis,
465 4235 654 4305 inquit,
684 4249 853 4304 neque
883 4233 1039 4301 hujus
1063 4232 1229 4302 gratia
1255 4231 1396 4285 anxii
1420 4232 1555 4286 sitis.
1594 4229 1805 4285 Nullum

214 4328 373 4383 vobis
402 4327 524 4382 inde
557 4328 758 4382 crimen
800 4327 1133 4395 imponetur;
1165 4324 1440 4395 pecuniam
1468 4324 1622 4395 plene
1651 4339 1806 4379 acce-

216 4423 419 4493 pimus.
464 4422 504 4474 A
546 4420 658 4475 Deo
685 4430 863 4490 putate
896 4419 996 4473 hoc
1041 4433 1159 4473 esse
1204 4418 1421 4483 factum,
1450 4426 1503 4472 et
1531 4418 1807 4473 thesauros

214 4514 377 4571 vobis
423 4514 477 4567 in
526 4513 808 4582 marsupiis
836 4511 1029 4566 vestris
1052 4525 1171 4566 esse
1198 4518 1539 4564 monstratos.
1590 4509 1656 4563 Et
1693 4525 1808 4563 cum

215 4614 328 4661 hcce
357 4604 587 4671 dixisset,
616 4604 787 4658 eduxit
819 4603 1142 4673 Symeonem,
1170 4601 1261 4657 24.
1301 4610 1347 4655 et
1387 4600 1556 4655 attulit
1599 4617 1804 4671 aquam,

212 4708 274 4755 ut
297 4699 590 4754 lavarentur
610 4698 759 4767 pedes
777 4712 973 4759 eorum,
995 4704 1042 4749 et
1065 4695 1250 4766 pabula
1273 4692 1410 4747 dedit
1429 4694 1586 4747 asinis
1611 4709 1802 4748 eorum.

219 4790 359 4847 Vide
397 4787 665 4858 quomodo
710 4802 897 4857 preces
936 4787 1099 4854 patris
1136 4786 1313 4840 omnia
1343 4785 1419 4839 eis
1445 4798 1698 4854 prospera
1728 4782 1809 4837 fa-

210 4890 404 4940 cerent
432 4899 447 4935 :
476 4891 529 4936 et
572 4883 701 4936 sicut
746 4880 834 4935 ille
859 4880 937 4934 eis
983 4885 1298 4948 apprecatus
1339 4884 1457 4943 est,
1487 4891 1607 4931 cum
1650 4876 1804 4943 dixit,

206 4976 359 5031 Deus
389 4973 546 5045 patris
569 4972 665 5025 mei
684 4972 899 5042 gratiam
915 4970 1050 5023 vobis
1076 4968 1177 5034 det,
1198 4968 1269 5021 ita
1290 4967 1469 5022 omnia
1488 4965 1623 5021 facta
1646 4974 1801 5021 sunt:

194 5076 273 5121 et
315 5063 601 5135 praefectus
659 5063 851 5118 domus
896 5061 1054 5117 etiam
1103 5068 1227 5114 ante
1278 5059 1561 5114 adventum
1604 5058 1803 5129 Ioseph

192 5172 436 5215 omnem
497 5157 576 5211 eis
620 5155 996 5226 benignitatem
1042 5151 1300 5208 exhibuit.
1346 5151 1438 5207 25.
1489 5150 1806 5206 Paraverunt

207 5258 388 5304 autem
415 5247 552 5302 dona
576 5244 791 5316 Ioseph.
819 5243 908 5298 26.
942 5243 1007 5296 Et
1028 5241 1312 5297 obtulerunt
1337 5243 1382 5295 ei
1408 5257 1523 5295 cum
1550 5242 1805 5312 ingressus

192 5350 376 5406 esset,
407 5348 457 5394 et
484 5338 820 5393 adoraverunt
849 5352 963 5390 eum
989 5350 1140 5405 super
1165 5340 1368 5386 terram.
1398 5332 1488 5386 27.
1529 5329 1598 5385 Et
1624 5333 1807 5386 iterum

189 5431 545 5505 interrogavit
574 5446 659 5486 eos
701 5445 719 5483 :
750 5427 893 5482 Num
928 5426 1052 5481 bene
1092 5423 1238 5479 habet
1267 5432 1408 5493 pater
1431 5433 1591 5478 vester
1614 5423 1803 5489 senior,

185 5542 221 5579 tt
245 5542 364 5583 nem
389 5524 589 5579 dixistis
614 5521 809 5576 vivere?
848 5520 938 5575 28.
988 5518 1053 5572 At
1097 5516 1177 5571 illi
1220 5516 1455 5570 dixerunt
1481 5528 1499 5569 :
1530 5513 1702 5569 Sanus
1733 5523 1805 5567 est

194 5639 222 5676 s
246 5636 393 5675 eruas
435 5626 552 5671 tuus
598 5623 742 5685 pater
783 5622 970 5666 noster.
1012 5609 1081 5664 Et
1111 5610 1238 5664 dixit
1263 5626 1281 5663 :
1330 5607 1627 5661 Benedictus
1656 5606 1805 5661 homo

217 5711 311 5768 ille
332 5711 462 5765 Deo.
496 5707 562 5763 Et
590 5715 784 5762 curvati
804 5705 1159 5758 adoraverunt.
1204 5701 1295 5757 29.
1327 5700 1463 5755 Vidit
1504 5707 1674 5752 autem
1694 5701 1802 5769 fra-

244 5865 259 5895 ¹
282 5862 340 5913 In
356 5860 563 5913 ttebreo
572 5832 790 5919 estmb'b
806 5829 975 5922 ωὺω,
992 5865 1089 5920 pax
1112 5850 1256 5914 robes,
1281 5849 1407 5915 quod
1428 5846 1603 5900 eodem
1616 5845 1804 5896 recidit.

1062 353 1129 409 IN
1163 353 1319 410 CAP.
1362 351 1543 409 XLIII.
1574 352 1663 409 ET
1702 352 1883 409 XLIV.
1927 352 2171 412 GENES.
2215 354 2441 414 HOMIL.
2484 360 2663 417 LXiV.

3414 376 3479 433 ῦς
3490 378 3516 432 1

1937 476 2062 561 trem
2108 486 2258 525 suum
2286 474 2538 528 uterinum
2560 518 2576 540 ,
2609 488 2654 531 et
2684 480 2814 534 dixit
2840 498 2861 537 :
2891 482 2994 539 Hic
3039 499 3113 545 est
3161 491 3330 561 frater
3352 506 3514 549 vester

1924 559 2122 628 junior,
2170 561 2234 615 de
2273 578 2371 631 quo
2406 564 2646 622 dixeratis
2670 570 2815 639 mihi,
2856 585 2911 628 ut
2937 559 3184 636 duceretis
3202 586 3272 638 ad
3295 590 3416 643 me?
3447 590 3513 646 Et

1930 649 2058 703 dixit
2090 667 2108 705 :
2146 650 2285 749 Deus
2333 655 2624 712 misereatur
2652 662 2745 729 tui,
2789 664 2887 734 fili.
2933 667 3218 730 Considera
3258 693 3511 749 quantam

1928 743 2282 834 constantiam
2314 761 2423 814 prie
2458 762 2517 803 se
2546 749 2714 817 ferat,
2759 765 2814 810 et
2852 757 3027 816 adhuc
3057 743 3403 834 ignorantiam
3438 780 3511 833 si-

1930 832 2114 935 mulet,
2143 841 2199 887 ut
2226 851 2323 904 per
2350 842 2624 908 sequentia
2647 832 3242 915 experimentumanimi
3270 864 3507 935 ipsorum

1928 926 2170 1025 accipere
2199 930 2388 1025 possit,
2420 936 2687 1001 quomodo
2713 940 2819 995 sint
2846 942 3017 1000 aﬂ‘ecti
3054 964 3176 1020 erga
3209 926 3506 1025 Benjamin.

1929 1013 1996 1068 Et
2019 1016 2139 1085 quia
2169 1019 2474 1076 vinocbatur
2496 1039 2525 1077 a
2549 1034 2736 1081 natura
2762 1046 2878 1097 sua,
2916 1035 3006 1091 30.
3040 1013 3480 1105 Conturbabantur

1927 1106 2144 1210 inquit,-
2178 1112 2366 1210 viscera
2394 1116 2504 1210 ejus
2537 1128 2584 1172 et
2624 1092 2878 1190 querebat
2922 1138 2979 1181 ut
3026 1092 3508 1210 πατάξαιῖᾷέᾷξᾷ

1924 1210 2095 1305 autem
2126 1203 2179 1256 in
2224 1206 2546 1278 cubiculum,
2574 1213 2711 1281 ﬂevit
2752 1216 2877 1271 illic.
2919 1220 3007 1275 3i.
3050 1222 3119 1276 Et
3157 1203 3329 1283 abluta
3376 1238 3508 1305 facie

1924 1294 2188 1395 (suismet
2232 1309 2410 1395 postea
2454 1316 2605 1359 suam
2656 1308 2987 1369 demonstrat
3020 1294 3419 1394 benignitatem,
3451 1340 3505 1384 et

1922 1382 2049 1438 dicit
2079 1402 2092 1437 :
2123 1389 2373 1457 Apponite
2404 1410 2578 1461 panes.
2603 1398 2692 1452 '52.
2726 1399 2793 1454 Et
2821 1382 3171 1473 opposuerunf
3191 1413 3237 1465 ei
3258 1416 3354 1469 soli
3376 1382 3505 1479 ;ἰ11ζ

1922 1485 2043 1543 pote
2068 1486 2332 1548 tamquam
2361 1484 2471 1553 regi
2500 1496 2554 1541 et
2577 1490 2799 1560 principi
2833 1497 2994 1550 totius
3022 1498 3271 1571 Aigypti;
3303 1505 3370 1558 Et
3402 1509 3505 1563 illis

1919 1583 2162 1635 seorsum,
2191 1582 2238 1627 et
2267 1574 2531 1647 Aigyptiis
2556 1582 2643 1651 qui
2666 1585 2819 1639 simul
2843 1590 3103 1645 cernebant
3125 1611 3239 1647 cum
3265 1614 3322 1651 eo
3358 1617 3501 1654 seor-

1918 1674 2047 1711 sum.
2066 1660 2188 1715 Non
2213 1666 2345 1718 enim
2361 1671 2818 1745 possuntAE'ggptii
2837 1681 3093 1735 comedere
3112 1700 3223 1737 cum
3242 1687 3499 1747 Hebr-(eis:

1917 1752 2225 1809 abominatio
2252 1759 2381 1812 enim
2407 1772 2479 1814 est
2500 1762 2780 1836 IE'ggptiis.
2811 1771 2899 1825 55.
2931 1773 3184 1831 Sederunt
3209 1791 3376 1835 autem
3411 1801 3498 1839 co-

1915 1859 2026 1951 ram
2053 1861 2132 1909 eo,
2166 1850 2252 1916 qui
2281 1853 2492 1919 primus,
2523 1860 2797 1914 secundum
2841 1865 3187 1936 antiquitatem
3230 1890 3377 1929 suam
3399 1919 3414 1943 ,
3451 1889 3500 1932 et

1905 1941 2086 2009 junior
2107 1946 2381 2000 secundum
2416 1951 2727 2020 juventutem
2755 1971 2917 2009 suam.
2964 1959 3074 2013 Hoc
3123 1962 3242 2017 illos
3269 1965 3321 2019 in
3376 1941 3495 2021 situ-

1916 2045 2098 2125 porem
2144 2035 2384 2102 adduxit;
2417 2049 2471 2094 et
2516 2043 2670 2098 valde
2716 2045 2877 2101 dubio
2903 2050 3081 2105 animo
3106 2053 3352 2125 fuerunt,
3396 2075 3494 2114 un-

1914 2122 2105 2179 denam
2138 2127 2186 2181 ei
2215 2131 2447 2198 cognitio
2492 2132 2717 2191 diversa:
2766 2139 2978 2195 illorum
3018 2146 3209 2199 aetatis.
3268 2122 3494 2206 Etcum

1914 2214 2065 2311 daret
2105 2222 2353 2278 omnibus
2391 2236 2601 2295 partes,
2650 2229 2963 2300 Bcnjamino
3005 2239 3354 2311 quintuplices
3383 2244 3491 2297 dat.

1912 2306 2097 2404 Neque
2132 2321 2310 2404 tamen
2353 2315 2697 2374 adverterunt
2736 2323 2860 2390 quid
2910 2326 2986 2378 rei
3017 2339 3158 2383 esset
3181 2306 3208 2395 ξ
3253 2332 3347 2387 sed
3393 2350 3495 2404 pu-

1914 2398 2098 2453 tabant
2149 2401 2367 2459 fortuito
2394 2409 2623 2476 quodam
2661 2424 2855 2467 eventu
2901 2416 2969 2469 ab
2999 2432 3065 2471 eo
3106 2418 3244 2484 ﬁeri,
3274 2432 3329 2477 et
3371 2398 3497 2480 huic

1915 2499 2183 2562 tamquam
2208 2496 2407 2566 juniori
2439 2501 2587 2568 plura
2617 2503 2731 2558 dari
2759 2507 2857 2576 (a),
2888 2508 3124 2579 Cumque
3170 2512 3375 2568 ﬁnitum
3410 2531 3494 2570 es-

1911 2598 1991 2639 set
2017 2588 2339 2654 convivium,
2366 2592 2416 2645 1.
2450 2591 2673 2661 Vocavit,
2704 2597 2869 2667 inquit
2888 2641 2903 2665 ,
2934 2599 3126 2672 Ioseph
3153 2621 3266 2657 eum
3289 2607 3374 2675 qui
3399 2608 3493 2660 do-

1909 2676 2015 2729 mui
2041 2693 2148 2732 suaz
2176 2691 2406 2749 prwerat,
2438 2694 2484 2737 et
2513 2687 2771 2740 mandavit
2799 2690 2863 2752 ei,
2893 2690 3066 2745 dicens
3095 2712 3108 2747 :
3131 2693 3298 2766 Imple
3324 2716 3495 2754 saccos

1910 2768 2170 2823 hominum
2213 2772 2496 2840 frumentis,
2522 2787 2716 2847 quanta
2764 2780 2896 2848 ferre
2936 2792 3207 2851 poterunt,
3236 2798 3281 2841 et
3335 2807 3492 2858 pecu-

1908 2862 2046 2913 niam
2091 2863 2319 2917 similiter
2359 2866 2411 2920 in
2453 2884 2625 2922 saccos
2671 2870 3008 2942 singulorum.
3054 2875 3108 2927 2.
3155 2887 3200 2931 et
3242 2883 3490 2950 scyphum

1908 2964 2198 3022 argenteum
2252 2957 2390 3011 mitte
2442 2960 2495 3013 in
2545 2976 2747 3015 saccum
2808 2964 3031 3033 junioris
3091 2965 3298 3040 (Caput
3346 2972 3415 3026 44
3446 2973 3488 3041 ).

1908 3042 2042 3101 Vide
2072 3046 2263 3103 iterum
2278 3050 2488 3120 qualem
2514 3060 2684 3107 artem
2726 3055 3021 3127 excogitet,
3069 3068 3124 3111 ut
3148 3058 3492 3130 diligentissi-

1910 3156 1997 3195 me
2037 3150 2272 3197 mentem
2325 3142 2546 3199 fratrum
2581 3147 2852 3217 cxploret,
2894 3164 3051 3218 quam
3095 3166 3219 3221 erga
3271 3151 3490 3209 fratrem

1910 3245 2064 3286 suum
2093 3232 2367 3303 Benjamin
2414 3235 2663 3291 habeant.
2696 3237 2763 3291 Et
2804 3236 2885 3293 his
2913 3240 3062 3295 factis
3086 3281 3101 3306 ,
3131 3241 3331 3296 dimisit
3373 3260 3488 3298 eos.

1909 3323 2115 3378 Etcum
2133 3324 2244 3395 jam
2270 3328 2614 3396 arripuissent
2637 3329 2758 3395 iter,
2799 3330 2852 3385 4.
2878 3330 3021 3386 Dixit
3050 3338 3283 3404 pra’fecto
3313 3338 3490 3390 domus

1909 3431 2016 3469 sua:
2045 3433 2064 3469 :
2095 3415 2280 3487 Surge,
2310 3435 2601 3488 perseutere
2625 3436 2730 3485 eos,
2758 3432 2803 3473 et
2831 3421 2967 3475 dices
2997 3438 3017 3476 :
3045 3424 3097 3478 5.
3144 3425 3313 3490 Quare
3339 3430 3487 3479 retrio

1909 3508 2084 3563 buistis
2132 3511 2267 3563 mala
2295 3528 2387 3581 pro
2435 3510 2621 3565 bonis?
2665 3512 2837 3579 Quare
2868 3514 3024 3582 furati
3073 3516 3189 3569 estis
3242 3518 3490 3587 scyphum

1909 3619 2076 3655 meum
2106 3604 2436 3674 argenteum?
2492 3602 2678 3658 Nonne
2722 3606 2803 3657 hic
2840 3615 2911 3660 est
2938 3624 2965 3659 e
2984 3624 3082 3677 quo
3107 3608 3226 3661 bibit
3256 3610 3490 3665 dominus

1909 3697 2083 3750 meus?
2098 3693 2218 3766 Ipse
2235 3705 2398 3749 autem
2417 3707 2699 3766 auguratur
2715 3698 2768 3751 in
2790 3714 2866 3753 eo.
2882 3697 2935 3750 Μ
2941 3700 3020 3753 ale
3042 3711 3155 3753 acta
3172 3712 3288 3753 sunt
3303 3718 3362 3755 ea
3380 3719 3490 3772 qua:

1911 3788 2115 3859 fecistis.
2140 3787 2424 3856 PoStquam
2446 3797 2621 3841 autem
2647 3787 2849 3841 invenit
2873 3804 2986 3855 eos,
3016 3790 3205 3860 inquit,
3229 3792 3357 3846 dicit
3386 3795 3483 3849 eis:

1909 3880 2084 3947 Quare
2110 3879 2431 3934 benefactori
2470 3880 2604 3933 mala
2634 3880 2995 3949 rependistis?
3035 3898 3197 3950 quare
3234 3884 3489 3939 malitiam

1911 3982 2141 4025 vestram
2160 3984 2393 4040 eousque
2416 3970 2750 4037 extendistis,
2771 3980 2825 4024 ut
2841 3970 2906 4025 ad
2924 3987 3045 4026 eum
3062 3988 3270 4042 quoque
3289 3977 3487 4043 pertin-

1908 4069 2063 4131 geret
2105 4062 2192 4131 qui
2237 4076 2362 4131 erga
2408 4076 2505 4115 vos
2555 4070 2750 4117 tantam
2796 4062 3027 4116 ostendit
3070 4063 3488 4134 benignitatem?

1910 4170 2074 4223 quare
2119 4169 2223 4209 non
2264 4154 2479 4209 reveriti
2524 4154 2650 4209 estis
2681 4155 2776 4208 viri
2805 4169 2926 4223 erga
2969 4170 3061 4208 vos
3089 4157 3490 4225 magnanimita-

1910 4246 2051 4302 tem?
2078 4246 2205 4315 Quae
2232 4246 2347 4301 haec
2378 4254 2520 4300 tanta
2547 4245 2784 4300 malitia?
2809 4261 2926 4316 qua:
2945 4245 3148 4301 insania
3164 4262 3265 4316 qua
3292 4247 3491 4302 insani-

1911 4340 2016 4394 tis?
2044 4338 2265 4394 Nescitis
2295 4337 2436 4408 quod
2465 4338 2566 4394 hoc
2594 4339 2663 4391 sit
2692 4353 2804 4403 vas,
2833 4338 2884 4391 in
2928 4354 3033 4408 quo
3064 4339 3307 4393 dominus
3338 4357 3489 4394 tut-us

1908 4434 2233 4505 auguratur?
2261 4431 2451 4485 Malum
2474 4441 2552 4485 est
2582 4429 2684 4485 hoc
2704 4444 2839 4499 opus
2857 4440 3114 4497 vestrum,
3129 4433 3485 4500 perniciosum

1911 4526 2259 4597 pmpnsitum,
2278 4523 2430 4579 venia
2444 4522 2691 4594 indignus
2707 4533 2947 4585 conatus,
2970 4537 3157 4593 magna
3175 4522 3416 4589 audacia,
3436 4535 3493 4578 et

1909 4633 2121 4673 omnem
2151 4614 2534 4670 transcendens
2560 4613 2892 4667 malitiam.7.
2916 4612 3007 4667 Illi
3026 4622 3189 4667 autem
3210 4613 3441 4668 dixerunt
3472 4630 3491 4669 :

1913 4710 2081 4777 Quare
2110 4709 2328 4780 loquitur
2342 4708 2733 4778 dominusjuxta
2748 4710 2894 4760 verba
2912 4709 3018 4760 haec
3031 4706 3059 4759 ?
3080 4706 3277 4775 Quare,
3298 4708 3488 4776 inquit,

1909 4805 2096 4875 objicis
2119 4804 2271 4859 nobis
2298 4803 2397 4856 hoc
2417 4803 2639 4868 crimen,
2660 4818 2689 4855 a
2719 4817 2825 4871 quo
2850 4801 3067 4855 omnino
3092 4815 3274 4855 sumus
3298 4801 3489 4852 immu-

1911 4915 2005 4955 nes
2030 4900 2054 4952 ‘l
2075 4898 2214 4952 Absit
2252 4906 2307 4950 ut
2332 4897 2459 4951 servi
2492 4897 2564 4949 tui
2597 4898 2873 4949 secundum
2902 4893 3106 4948 verbum
3134 4893 3227 4946 hoc
3252 4893 3481 4960 faciant;

1908 4992 2048 5047 absit
2072 5005 2102 5044 a
2127 4989 2279 5045 nobis
2305 4997 2362 5042 ut
2389 4986 2492 5041 tale
2513 4986 2637 5057 quid
2685 5001 2933 5056 umquam
2984 4992 3327 5039 attentemus.
3355 4982 3488 5036 Nam

1912 5083 2002 5155 qui
2028 5080 2310 5152 pecuniam
2354 5078 2617 5148 duplicem
2641 5077 2934 5142 attulimus,
2965 5091 3072 5145 quo
3104 5084 3260 5143 pacto
3287 5075 3489 5127 iurare-

1908 5189 2028 5229 mur
2050 5181 2326 5244 argentum
2350 5171 2430 5225 vel
2456 5168 2666 5223 aurum?
2682 5167 2832 5235 Quod
2853 5168 2897 5221 si
2928 5166 3029 5220 hoc
3052 5174 3225 5236 putas,
3250 5162 3304 5218 9.
3337 5164 3490 5233 Apud

1908 5281 2056 5338 quem
2096 5266 2353 5319 inventum
2397 5263 2549 5334 fuerit
2587 5276 2673 5314 vas
2716 5259 2852 5329 quod
2878 5258 3124 5327 inquiris,
3164 5257 3251 5311 ille
3285 5256 3484 5326 quidem

1908 5357 2155 5412 moriatur
2178 5396 2193 5422 ,
2220 5365 2276 5409 ut
2304 5354 2395 5425 qui
2428 5353 2533 5408 tale
2580 5350 2767 5406 fecerit
2810 5364 2982 5418 opus;
3028 5364 3121 5400 nos
3151 5354 3317 5399 autem
3354 5346 3487 5400 servi

1909 5448 2115 5503 erimus.
2144 5444 2499 5500 Conscientiae
2527 5442 2666 5497 bona
2698 5440 2887 5494 fiducia
2914 5453 3007 5492 eos
3036 5436 3101 5491 ad
3125 5446 3230 5490 tam
3262 5434 3487 5490 ﬁdenter

1910 5537 2229 5609 loquendum
2258 5535 2558 5591 inducebat.
2583 5533 2669 5588 10.
2710 5530 2813 5585 Ille
2836 5540 3023 5597 autem,
3086 5528 3276 5598 inquit,
3319 5527 3447 5580 dixit
3478 5541 3496 5578 .-

1974 5649 2046 5710 (a)
2077 5654 2173 5696 Hoc
2190 5654 2284 5705 est,
2317 5646 2659 5710 existimabant
2689 5642 2865 5710 fratres
2894 5640 3107 5710 .tosephi,
3124 5638 3409 5710 nescientes
3431 5650 3489 5685 se

1910 5700 2249 5772 cuin'Josepho
2272 5700 2404 5769 esse,
2430 5707 2683 5772 ejusjussu
2707 5705 2978 5772 Benjamino
2999 5700 3169 5772 utpote
3191 5700 3490 5772 adhuc-pue-

1910 5785 1967 5884 ἶ)ίί
1990 5771 2125 5885 pldura
2143 5760 2245 5823 dari
2262 5810 2275 5835 ,
2308 5760 2778 5836 quoniam'solemus
2797 5760 2964 5831 pueris
2997 5760 3249 5830 plusquam
3282 5760 3389 5811 aliis
3408 5762 3488 5811 atl-

1967 5848 2028 5885 an
2062 5848 2136 5884 ll‘l.
