4038 6358
571 349 678 410 855

484 494 486 497 -
570 463 635 516 Et
661 479 812 529 nunc,
833 463 956 516 sicut
993 460 1210 523 dixistis,
1249 460 1359 518 erit.
1393 457 1544 529 Apud
1576 475 1719 528 quem
1763 459 2010 510 inventura
2031 457 2140 525 fue-

569 555 634 606 rit
665 553 921 624 poculum,
975 552 1053 604 hic
1102 553 1240 604 solus
1272 566 1407 604 meus
1453 565 1622 604 servus
1669 549 1796 615 erit,
1847 563 1933 602 vos
1976 558 2140 601 autem

578 643 912 700 dimittemini.
979 643 1205 696 Etcum
1261 640 1372 695 brec
1434 640 1733 706 dixissent,
1791 639 2139 708 permiserunt

567 736 615 788 ei
646 743 702 788 nt
742 732 1053 787 scrutinium
1100 731 1312 786 laceret.
1360 730 1448 784 12.
1498 729 1565 783 Et
1601 740 1849 784 scrutatus
1895 741 2002 796 est,
2037 730 2140 782 ini-

571 826 642 878 tio
663 841 696 877 tt
721 824 914 878 seniore
939 827 1096 892 facto,
1121 822 1278 876 donec
1305 821 1490 875 veniret
1507 820 1576 873 ad
1598 819 1862 890 Benjamin
1881 860 1896 886 ,
1930 829 1974 874 et
2000 820 2139 873 illius

569 924 747 982 aperto
794 929 973 978 sacco,
1009 913 1192 968 invenit
1229 911 1490 982 poculum.
1525 911 1637 966 Hoc
1683 909 1913 966 tenebris
1951 909 2142 964 olludit

566 1020 754 1058 eorum
807 1014 1042 1060 tuentem
1086 1019 1100 1058 :
1151 1005 1236 1059 15.
1271 1002 1338 1057 Et
1373 1003 1714 1073 disruperunt,
1759 1002 1961 1072 inquit,
1992 1003 2141 1056 vesti-

565 1108 733 1158 menta
757 1115 850 1152 sua
878 1113 896 1151 :
921 1109 966 1151 et
993 1098 1338 1166 imposuerunt
1366 1095 1611 1167 jumentis
1638 1100 1817 1149 iterum
1855 1111 2024 1148 saccos
2046 1132 2068 1160 ,
2089 1102 2137 1148 et

567 1189 747 1247 reversi
772 1198 884 1240 sunt
914 1188 966 1240 in
1004 1188 1266 1242 civitatem.
1309 1186 1398 1242 M.
1443 1183 1510 1238 Et
1547 1185 1798 1255 ingressus
1841 1182 2046 1249 Iudas,
2091 1192 2138 1236 et

567 1285 746 1336 fratres
768 1278 841 1330 sui
859 1279 926 1334 ad
940 1276 1156 1346 Ioseph,
1173 1277 1456 1332 ceciderunt
1479 1291 1650 1328 coram
1675 1291 1732 1327 eo
1748 1290 1900 1344 super
1927 1283 2132 1327 terram.

569 1367 701 1423 Vide
732 1369 939 1440 quoties
961 1369 1320 1422 adorationcm
1352 1365 1566 1420 faciunt.
1595 1365 1680 1419 15.
1713 1363 1857 1419 Dixit
1881 1374 2047 1417 autent
2066 1363 2137 1417 eis

564 1460 758 1527 Ioseph
781 1476 799 1514 :
829 1459 997 1526 Quare
1018 1459 1110 1510 hoc
1139 1458 1321 1525 fecistis
1342 1457 1367 1510 Ξ)
1395 1455 1704 1514 Nesciebatis
1725 1455 1858 1526 quod
1877 1471 2133 1524 auguran-

568 1555 632 1606 do
661 1554 714 1607 in
741 1554 833 1605 hoc
859 1552 1118 1619 auguror?
1150 1549 1234 1604 l6.
1266 1548 1406 1602 Dixit
1446 1559 1646 1612 autent,
1691 1548 1894 1616 inquit,
1925 1543 2090 1599 Iudas
2117 1559 2137 1598 :

568 1645 703 1709 Quid
737 1646 1160 1708 contrarliceinus,
1209 1642 1286 1696 vel
1326 1640 1446 1711 quid
1492 1641 1748 1710 loquemur
1789 1639 1992 1692 domino
2015 1679 2029 1702 ,
2060 1637 2135 1690 vel

566 1734 812 1802 quomodo
849 1735 1282 1806 justiﬁcabimur?
1328 1732 1464 1786 Deus
1491 1743 1660 1786 autem
1705 1732 1889 1784 invenit
1929 1730 2132 1799 injusti-

563 1825 685 1877 tiam
705 1841 956 1878 servorum
977 1836 1194 1878 tuorum.
1226 1825 1420 1878 Iterum
1447 1833 1697 1878 revocant
1723 1824 1820 1877 sibi
1849 1822 1901 1879 in
1929 1839 2136 1879 memo-

562 1918 694 1978 riam
721 1933 780 1970 ea
809 1933 926 1984 qua!
957 1916 1080 1970 olim
1106 1924 1288 1970 contra
1323 1915 1470 1969 illum
1498 1915 1756 1970 fecerunt.
1803 1914 1936 1969 Ecce
1962 1932 2135 1970 sumus

561 2007 687 2058 servi
712 2006 914 2058 domino
935 2017 1103 2059 nostra
1146 2016 1194 2063 et
1238 2023 1328 2060 nos
1353 2016 1400 2060 et
1425 2006 1510 2060 ille
1533 2006 1671 2076 apud
1695 2023 1840 2075 quem
1874 2006 2130 2060 inventum

563 2107 635 2148 est
666 2097 919 2165 poculum.
952 2097 1066 2151 iam
1107 2113 1348 2166 magnam
1377 2097 1652 2151 declarant
1689 2096 2130 2163 benevolentiam,

562 2197 618 2246 et
659 2189 861 2256 seipsos
888 2204 1007 2241 eum
1051 2188 1211 2242 fratre
1252 2189 1302 2242 in
1347 2189 1652 2243 servitutem
1694 2187 1996 2256 subjiciunt.
2041 2189 2127 2242 17.

569 2279 710 2341 Dixit
761 2290 925 2337 autem
968 2279 1158 2349 Ioseph
1209 2296 1228 2334 :
1284 2279 1426 2336 Absit
1471 2289 1524 2333 ut
1574 2279 1669 2334 hoc
1705 2281 1910 2350 faciant.
1965 2277 2133 2334 Homo

561 2373 701 2439 apud
736 2390 880 2442 quem
920 2373 1170 2436 inventum
1216 2373 1366 2440 fuerit
1409 2373 1678 2441 poculum,
1731 2372 1816 2426 ille
1860 2373 1952 2425 erit
1991 2388 2133 2426 meus

565 2482 733 2530 servus
757 2507 775 2533 ,
827 2481 912 2522 vos
962 2477 1129 2524 autem
1173 2466 1426 2524 ascendite
1466 2483 1580 2520 cum
1632 2464 1794 2519 salute
1835 2464 1904 2517 ad
1941 2472 2141 2534 patrem.

561 2566 791 2617 uestrum.

631 2650 682 2702 6.
715 2648 846 2710 Vide
884 2647 1161 2720 quomon
1193 2647 1242 2703 id
1278 2663 1384 2718 quo
1421 2648 1639 2703 timebat
1684 2658 1855 2718 pater,
1899 2647 2002 2704 hoc
2046 2650 2127 2703 eis

560 2741 816 2809 contingit
845 2757 858 2793 :
890 2751 946 2795 et
982 2740 1031 2794 in
1069 2749 1176 2794 tant
1211 2755 1454 2809 magnam
1503 2740 1830 2796 devenerunt
1870 2741 2129 2797 turbatio-

563 2847 683 2884 nem
707 2871 722 2895 ,
763 2840 817 2884 ut
852 2830 973 2900 quid
1007 2830 1239 2888 lacerent
1265 2830 1550 2886 nescirent.
1585 2833 1668 2888 l8.
1702 2832 2132 2903 Appmpinquavit

559 2930 723 2982 autem
743 2918 908 2982 Iudas
927 2961 941 2984 ,
966 2920 1169 2990 inquit,
1187 2929 1234 2974 ct
1257 2920 1402 2973 dixit.
1425 2920 1555 2990 Quia
1583 2922 1695 2989 ipse
1715 2930 1830 2981 erat
1848 2921 1937 2976 ille
1964 2921 2051 2991 qui
2077 2931 2132 2976 et

558 3031 591 3074 ει
620 3022 766 3082 patre
789 3027 908 3067 eum
938 3021 1239 3082 acceperat,
1262 3021 1316 3067 et
1341 3013 1548 3077 dixerat
1573 3031 1585 3066 :
1620 3012 1734 3066 Nisi
1754 3012 1997 3067 reduxere
2014 3029 2130 3067 eum

563 3103 630 3164 ad
656 3113 723 3168 te,
746 3119 834 3155 ero
857 3102 942 3155 tibi
962 3110 1160 3170 peccato
1185 3103 1428 3155 obnoxius
1454 3102 1679 3158 omnibus
1707 3103 1914 3162 diebus:
1935 3103 2134 3157 idcirco

564 3203 616 3248 et
654 3191 869 3261 propior
902 3193 1067 3247 factus
1111 3192 1391 3262 diligenter
1434 3201 1608 3250 narrat
1647 3194 1694 3248 ei
1737 3196 1912 3248 ontnia
1938 3236 1953 3260 ,
1983 3205 2038 3248 ut
2077 3194 2134 3252 iu

561 3282 1070 3346 t-otntniserationem
1101 3297 1166 3338 eo
1189 3282 1416 3344 adducto
1439 3325 1457 3348 ,
1489 3283 1782 3346 libertatem
1809 3300 1970 3354 puero
1997 3300 2127 3338 con-

563 3375 784 3439 ciliaret.
817 3375 900 3428 18.
931 3374 1360 3446 Appropinquavit
1386 3375 1537 3438 enim,
1571 3375 1757 3444 inquit,
1789 3376 1833 3428 ei
1857 3374 2020 3430 Iudas
2041 3417 2057 3442 ,
2084 3385 2129 3430 et

562 3464 724 3522 dicit:
752 3464 876 3528 Oro,
908 3463 1126 3540 domine,
1158 3465 1391 3534 loquatur
1409 3480 1576 3518 servus
1601 3477 1733 3518 tuus.
1759 3466 1982 3520 Attende
2001 3481 2132 3536 quo-

566 3555 720 3608 Inodo
740 3571 835 3624 per
859 3555 1034 3618 omnia
1052 3563 1108 3618 ut
1125 3554 1338 3616 domino
1359 3570 1541 3610 servus
1568 3555 1831 3626 loquitur;-
1857 3565 1910 3610 et
1938 3555 1989 3610 in
2015 3572 2130 3612 me-

564 3648 728 3708 moria
757 3647 894 3702 habe
915 3647 1118 3709 somnia
1150 3648 1562 3718 manipulorum,
1589 3659 1800 3718 propter
1825 3666 1942 3718 qua:
1965 3650 2131 3720 majo-

565 3754 677 3792 rem
702 3753 827 3806 crga
857 3752 980 3791 eum
1013 3735 1261 3798 invidiam
1298 3747 1580 3801 acuerant,
1611 3748 1664 3792 ct
1689 3739 2002 3808 obstupesce
2037 3754 2128 3792 so-

563 3834 752 3884 lertem
783 3829 875 3883 Dei
903 3828 1214 3898 sapientiam
1239 3871 1253 3892 ,
1283 3829 1548 3898 quomodo
1576 3833 1734 3886 tantis
1764 3831 2047 3885 obstaculis
2075 3831 2128 3885 in

565 3919 739 3976 medio
778 3919 991 3989 positis,
1023 3919 1196 3973 omnia
1237 3934 1400 3990 opere
1427 3931 1548 3980 sunt
1587 3921 1820 3990 impleta.
1846 3920 2132 3990 Loquatur,

559 4010 763 4081 inquit,
793 4025 963 4072 servus
990 4019 1106 4062 tuus
1133 4026 1302 4066 coram
1327 4019 1400 4077 te,
1429 4021 1474 4067 et
1502 4027 1563 4064 ne
1585 4012 1818 4066 irascaris
1845 4029 1985 4070 servo
2008 4021 2133 4077 tuo,

564 4105 782 4164 domine.
815 4104 900 4160 19.
931 4102 1010 4165 Tu
1039 4104 1357 4174 interrogasti
1383 4108 1547 4157 servos
1568 4115 1695 4168 tuos,
1719 4105 1886 4158 dicens
1910 4121 1928 4158 :
1957 4105 2128 4159 [labe-

567 4197 692 4254 tisne
721 4200 930 4270 fratrem
957 4196 1032 4249 vel
1067 4204 1258 4265 patrem
1280 4196 1304 4259 2
1330 4195 1420 4258 20.
1451 4205 1494 4249 et
1525 4196 1742 4259 diximus
1764 4197 1964 4258 domino
1989 4214 2007 4251 :
2036 4197 2133 4259 Est

563 4287 704 4347 nobis
733 4295 872 4356 pater
891 4301 1070 4356 senex,
1091 4295 1135 4339 et
1155 4286 1318 4355 [il-ium
1342 4287 1601 4342 senectutis
1621 4292 1852 4356 juvenem
1877 4290 2052 4354 habet,
2083 4301 2132 4344 et

564 4380 719 4446 frater
741 4377 850 4447 ejus
867 4387 1098 4439 mortuus.
1111 4387 1200 4434 est.
1223 4376 1406 4447 Cogita
1429 4377 1514 4433 hic
1529 4379 1792 4448 quonme
1813 4396 1870 4434 se
1891 4380 2132 4444 habuerit

561 4468 755 4539 loseph
787 4469 901 4524 bare
925 4469 1169 4533 audiens.
1197 4467 1296 4524 Ille
1321 4469 1458 4526 solus
1483 4471 1682 4524 relictus
1708 4481 1780 4534 est
1811 4472 1958 4535 matri
1985 4489 2129 4539 saw;

560 4569 706 4630 pater
729 4569 897 4614 autem
920 4575 1034 4618 eum
1059 4560 1241 4630 diligit.
1271 4561 1444 4627 Quare
1468 4571 1645 4616 autem
1668 4571 1720 4616 et
1747 4561 1832 4616 hic
1860 4563 2126 4629 mentitur,

555 4651 639 4717 sic
663 4649 846 4703 dicens
875 4663 893 4702 :
921 4647 1106 4703 Frater
1125 4652 1235 4719 ejus
1264 4661 1489 4710 mortuus
1506 4651 1621 4709 est?
1647 4653 1808 4721 Atqui
1828 4668 2130 4723 eumnego-v

561 4737 839 4798 tiatoribus
866 4735 1230 4798 vendiderant.
1262 4738 1457 4803 Verum
1483 4739 1604 4809 quia
1633 4741 1710 4796 sic
1747 4739 1881 4812 patri
1911 4758 2128 4810 persua-

561 4836 783 4892 serunt,
815 4827 966 4896 quasi
993 4829 1198 4882 occisus
1227 4837 1401 4893 esset,
1434 4839 1488 4884 et
1519 4845 1550 4884 a
1589 4829 1775 4885 bestiis
1801 4831 2082 4887 devoratus
2111 4851 2125 4887 :

564 4917 796 4987 alioquin
825 4918 981 4972 etiam
1011 4927 1328 4988 putaverunt
1365 4935 1488 4983 eum
1516 4935 1621 4976 non
1653 4922 1910 4983 fetentem
1937 4921 2128 4978 barba-

559 5025 742 5063 rorum
772 5009 1115 5074 servitutem,
1143 5007 1253 5077 jam
1278 5024 1397 5064 esse
1422 5019 1709 5078 mortuum,
1739 5021 1793 5066 et
1822 5012 2016 5069 idcirco
2043 5013 2128 5068 di-.

553 5100 626 5152 cit
654 5117 668 5152 :
703 5097 888 5152 Frater
922 5100 1030 5169 ejus
1073 5111 1298 5154 mortuus
1333 5109 1423 5160 est.
1454 5101 1542 5155 21.
1571 5099 1758 5160 Dixisti
1783 5114 1948 5157 autem
1975 5105 2128 5157 servis

551 5192 653 5247 tuis
679 5206 699 5244 :
721 5191 964 5246 Deducite
987 5207 1099 5246 eum
1121 5192 1188 5245 ad
1214 5207 1292 5246 me
1309 5233 1323 5256 ,
1353 5203 1400 5248 et
1419 5210 1594 5247 curam
1619 5194 1804 5249 habebo
1833 5197 2008 5266 ipsius.
2033 5196 2124 5255 25.

551 5283 619 5338 Et
644 5285 818 5339 dixisti
843 5301 862 5339 :
892 5283 1009 5340 Nisi
1037 5286 1305 5340 descendat
1330 5291 1489 5358 frater
1519 5298 1674 5342 vester
1705 5288 1952 5344 vobiscum
1979 5333 1993 5353 ,
2025 5309 2126 5346 non

551 5377 814 5449 apponetis
837 5386 891 5430 ut
914 5376 1123 5431 videatis
1150 5378 1328 5448 faciem
1355 5395 1535 5432 meam.
1563 5379 1656 5434 24.
1689 5379 1904 5434 Factum
1932 5392 2003 5436 est
2028 5399 2122 5434 au-

563 5467 866 5534 temquando
886 5468 1196 5522 ascendimus
1211 5468 1278 5522 ad
1303 5485 1496 5523 servum
1510 5478 1650 5523 tuum
1676 5480 1865 5540 patrem
1880 5483 2124 5538 nostrum,

545 5557 963 5612 annuntiavimus
1000 5559 1044 5613 ei
1081 5559 1227 5614 verba
1262 5560 1470 5615 domini.
1497 5561 1586 5616 25.
1617 5561 1759 5616 Dixit
1785 5574 1949 5619 autem
1986 5576 2127 5635 pater

555 5655 726 5698 uoster
748 5645 892 5701 nobis
912 5665 931 5703 :
958 5647 1040 5703 Ite
1059 5650 1259 5716 iterum,
1285 5652 1430 5706 emite
1457 5652 1595 5706 nobis
1620 5668 1778 5721 pauca
1800 5653 2008 5709 cibaria.
2030 5656 2120 5711 26.

560 5733 670 5792 Nos
695 5742 869 5794 autem
887 5738 1106 5796 dicimus
1128 5741 1176 5797 ei
1205 5755 1226 5796 :
1262 5741 1376 5799 Non
1399 5742 1666 5813 poterimus
1687 5742 2008 5812 descendere.
2027 5746 2124 5802 nisi

1310 347 1366 402 S.
1404 344 1680 401 JOANNIS
1704 337 2172 400 CllRYSOSTOlﬂ
2209 340 2523 398 ARCHIEP.
2562 343 3090 404 CONSTAN‘I’lNOP.

3712 357 3822 415 556

2248 453 2404 522 frater
2423 467 2588 511 noster
2607 458 2869 512 descendat
2893 463 3168 516 nobiscum.
3187 464 3276 520 9.7.
3299 463 3438 518 Dixit
3453 475 3617 522 autem
3646 486 3819 528 servus

2249 557 2362 602 tuus
2394 559 2536 618 pater
2564 561 2730 604 noster
2757 565 2776 604 :
2813 550 2910 606 Vos
2939 553 3073 606 scitis
3095 595 3111 620 ,
3141 555 3276 624 quod
3305 555 3430 610 duos
3463 561 3660 628 peperit,
3685 560 3822 615 mihi

2247 655 2394 704 uror,
2415 640 2504 694 ‘28.
2534 651 2580 694 et
2606 658 2828 712 egressus
2855 654 2927 698 est
2952 661 3080 699 unus
3106 663 3138 698 a
3164 664 3242 702 me
3261 689 3274 711 ,
3304 659 3348 702 et
3373 649 3569 705 dixistis
3587 693 3605 718 ,
3626 653 3765 721 quod
3785 671 3820 706 a

2247 728 2401 782 bestia
2420 731 2482 784 sit
2501 731 2782 786 devoratus.
2805 732 3091 790 Considera
3117 738 3380 806 quomodo
3404 753 3497 808 per
3513 743 3816 796 excusatio-

2246 834 2370 874 nem
2396 820 2544 875 Juda:
2566 821 2761 894 Josepb
2786 826 2962 879 omnia
2985 817 3265 896 diligenter
3281 829 3667 902 didiceritqua:
3692 844 3814 904 post

2245 923 2396 964 suam
2420 911 2775 968 venditionem
2802 918 3006 984 egerint
3037 916 3178 972 domi
3197 959 3212 981 ,
3239 931 3294 973 et
3315 921 3489 989 qualia
3511 925 3647 992 patri
3667 924 3736 979 de
3753 939 3820 980 se

2243 1003 2590 1058 narraverint.
2613 1003 2705 1058 29.
2725 1004 2875 1060 Nunc
2893 1005 3066 1077 igitur,
3088 1008 3276 1078 inquit,
3297 1011 3343 1064 si
3363 1022 3409 1066 et
3429 1013 3563 1066 hunc
3577 1015 3812 1082 tuleritis,

2243 1101 2292 1146 et
2311 1093 2544 1147 acciderit
2568 1095 2611 1147 ei
2632 1095 2846 1167 languor
2863 1098 2916 1151 in
2935 1099 3035 1162 via,
3060 1098 3312 1155 deducetis
3335 1111 3635 1158 senectutem
3650 1122 3824 1160 arena.

2241 1198 2358 1235 cum
2391 1199 2604 1238 maerore
2642 1186 2712 1238 ad
2743 1187 2948 1255 inferos.
2990 1186 3068 1243 lta
3107 1204 3235 1259 ergo
3271 1200 3420 1260 patre
3460 1202 3648 1248 nostro
3683 1211 3820 1266 erga.

2244 1290 2468 1343 puerum
2503 1277 2695 1332 allecto
2721 1318 2736 1343 ,
2766 1279 3032 1348 quomodo
3058 1283 3346 1350 poterimus
3375 1283 3565 1340 faciem
3592 1286 3707 1356 ejus
3735 1289 3818 1340 τίη

2241 1365 2388 1429 dere,
2408 1383 2574 1437 puero
2595 1385 2698 1424 non
2720 1371 3005 1427 exsistente
3026 1373 3331 1429 nobiseum?
3353 1376 3441 1431 30.
3460 1376 3660 1433 Pendet
3675 1380 3816 1434 enirn

2240 1459 2412 1511 anima
2445 1461 2555 1530 ejus
2581 1476 2644 1513 ex
2671 1460 2820 1532 hujus
2847 1463 3035 1515 anima.
3075 1464 3164 1517 5l.
3206 1464 3270 1518 Et
3306 1466 3548 1520 deducent
3583 1470 3711 1522 servi
3741 1471 3820 1522 tui

2239 1559 2538 1603 senectutem
2568 1551 2724 1620 patris
2752 1554 2904 1606 nostri
2933 1554 3059 1607 servi
3083 1555 3158 1607 tui
3181 1572 3295 1608 cum
3320 1573 3529 1610 mturare
3554 1559 3623 1610 ad
3646 1559 3812 1627 infer-

2240 1655 2380 1694 num.
2410 1640 2594 1696 Servus
2622 1647 2756 1696 enim
2782 1653 2897 1696 tuus
2924 1647 3116 1714 accepit
3143 1663 3349 1714 puerum
3376 1665 3407 1700 a
3436 1659 3581 1718 patre
3607 1667 3698 1704 suo
3726 1652 3812 1702 di-

2238 1749 2355 1787 cens
2385 1748 2405 1787 :
2434 1731 2552 1788 Nisi
2577 1735 2740 1805 ipsum
2761 1736 2830 1789 ad
2855 1748 2901 1790 te
2921 1738 3164 1791 redemero
3185 1779 3204 1804 ,
3233 1749 3432 1808 peccato
3452 1741 3695 1795 obnoxius
3725 1759 3825 1797 ere-

2237 1822 2326 1876 tibi
2357 1825 2586 1879 omnibus
2624 1825 2815 1882 diebus.
2864 1827 2968 1880 llas
2994 1827 3372 1897 promissiones
3417 1827 3518 1884 feci
3550 1833 3720 1898 patri,
3758 1843 3822 1888 ut

2238 1927 2462 1983 puerum
2488 1916 2686 1985 possim
2728 1917 2990 1972 adducere
3007 1959 3023 1984 ,
3053 1925 3107 1972 et
3132 1933 3191 1974 ea
3225 1918 3444 1988 implere
3470 1936 3588 1990 qua:
3616 1930 3667 1975 tu
3694 1923 3820 1990 jus-

2236 2019 2407 2070 seras,
2433 2016 2832 2076 monstrareque
2854 2023 3014 2076 quam
3041 2023 3164 2063 vere
3191 2008 3496 2075 dixerimus,
3523 2021 3582 2066 et
3609 2014 3828 2068 nullum

2237 2096 2571 2151 mendacium
2609 2112 2640 2151 a
2674 2097 2826 2152 nobis
2860 2113 2981 2154 esse
3019 2099 3303 2169 prolatum.
3339 2102 3428 2156 55.
3467 2101 3625 2156 Nunc
3657 2105 3826 2174 igitur

2235 2186 2444 2242 manebo
2471 2204 2639 2243 servus
2668 2206 2758 2256 pro
2801 2206 2978 2258 puero,
2998 2192 3219 2260 famulus
3237 2193 3426 2246 domini
3449 2210 3470 2258 ;
3498 2210 3624 2261 puer
3645 2204 3826 2246 autem

2235 2277 2470 2331 ascendat
2499 2295 2611 2331 cum
2635 2279 2894 2348 fratribus.
2919 2280 3011 2336 24.
3037 2279 3298 2346 Quomodo
3327 2283 3459 2336 enim
3485 2283 3830 2338 ascenderat“

2234 2372 2302 2424 ad
2328 2382 2540 2441 patrem,
2565 2389 2682 2425 cum
2718 2389 2818 2426 non
2851 2374 2914 2427 sit
2952 2374 3207 2427 nobiscum
3237 2376 3404 2443 puer?
3425 2374 3492 2428 Et
3526 2392 3590 2428 ne
3613 2375 3824 2428 videant

2234 2461 2405 2529 mala,
2442 2479 2554 2532 qua:
2591 2465 2836 2518 invenient
2882 2475 3071 2534 patrem
3119 2482 3298 2521 meum.
3346 2466 3472 2525 Haec
3516 2467 3828 2536 Joseplmm

2233 2551 2410 2605 animo
2438 2563 2837 2609 commmerunt
2857 2596 2873 2621 ,
2904 2562 2958 2610 et
3000 2555 3130 2610 satis
3154 2556 3203 2610 ei
3230 2555 3662 2612 demonstrarunt
3689 2558 3830 2612 illos

2233 2651 2288 2698 et
2327 2654 2527 2712 patrem
2571 2645 2728 2713 digne
2769 2645 2946 2700 colere
2967 2687 2982 2710 ,
3013 2655 3068 2701 et
3108 2646 3323 2702 fratrem
3354 2650 3577 2702 multum
3605 2664 3817 2702 amare.

2235 2736 2286 2790 1.
2321 2735 2386 2789 Et
2423 2753 2523 2790 non
2561 2737 2693 2790 ultra
2722 2737 2880 2805 potuit
2913 2739 3078 2807 ferre,
3118 2755 3274 2806 neque
3306 2739 3517 2792 tolerare
3548 2737 3842 2794 adstantes.

2232 2827 2364 2892 sibi,
2397 2827 2485 2881 sed
2521 2829 2732 2897 repulsis
2768 2829 2996 2882 omnibus
3027 2830 3162 2884 solus
3197 2831 3326 2884 inter
3359 2847 3440 2885 eos
3479 2831 3683 2885 relictus
3711 2873 3728 2897 ,
3757 2831 3818 2885 2.

2234 2920 2387 2974 missa
2405 2935 2520 2972 voce
2542 2921 2802 2990 cumﬂetu
2825 2961 2840 2986 ,
2876 2930 3046 2973 nolunt
3085 2939 3138 2975 se
3173 2923 3288 2993 fecit
3313 2921 3572 2990 fratribus.
3609 2920 3676 2975 Et
3718 2924 3828 2976 hoc

2232 3009 2448 3063 innotuit
2475 3011 2526 3063 in
2552 3019 2653 3063 toto
2689 3028 2870 3078 regno,
2903 3013 2954 3065 in
2989 3013 3137 3065 domo
3170 3012 3474 3066 Pharaonis.
3503 3015 3554 3066 5.
3592 3014 3655 3066 Et
3684 3016 3823 3067 dicit

2235 3098 2474 3170 fratribus
2515 3101 2617 3153 suis
2648 3115 2666 3152 :
2698 3099 2805 3170 Ego
2839 3118 2950 3154 sum
2984 3099 3192 3171 Ioseph.
3234 3101 3426 3156 Vivitne
3461 3104 3628 3157 adhuc
3666 3118 3822 3173 pater

2233 3206 2371 3244 meus
2405 3190 2576 3261 (Cap.
2614 3192 2682 3245 45
2702 3190 2750 3261 )?
2785 3193 3047 3247 Admirari
3092 3194 3175 3246 Irie
3213 3194 3352 3247 subit
3385 3202 3441 3248 et
3480 3195 3620 3249 beati
3651 3196 3830 3264 hujus

2231 3282 2580 3337 constantiam
2601 3291 2796 3337 tantam
2819 3324 2834 3348 ,
2863 3293 2916 3337 et
2941 3284 3083 3352 quod
3110 3285 3378 3352 hucusque
3416 3287 3832 3345 simulationan

2233 3373 2559 3437 sustinuerit,
2581 3382 2635 3428 et
2653 3375 2790 3442 quod
2812 3374 2930 3444 quis
2947 3386 3210 3432 essetnon
3241 3375 3586 3431 dcc-[araverit
3609 3394 3622 3429 :
3649 3388 3820 3445 atque

2233 3463 2575 3519 vehementer
2595 3463 2933 3535 obstupesco,
2954 3467 3220 3534 quomodo
3250 3465 3325 3519 illi
3348 3467 3616 3535 potuerint
3641 3476 3817 3526 stare.

2233 3555 2316 3612 vel
2353 3571 2414 3609 os
2454 3565 2637 3625 postea
2670 3555 2878 3626 aperire
2901 3597 2917 3621 ,
2957 3556 3222 3624 quomodo
3251 3572 3355 3609 non
3386 3556 3610 3610 avolarit
3636 3556 3707 3608 ab
3736 3560 3838 3611 eis

2231 3648 2426 3712 anima,
2459 3647 2724 3716 quomodo
2750 3662 2932 3702 eorum
2971 3662 3121 3701 mens
3161 3656 3265 3700 tota
3307 3661 3409 3700 non
3436 3647 3818 3715 obstupuerit,

2231 3737 2497 3808 quomodo
2526 3753 2630 3791 non
2656 3752 2716 3792 se
2739 3737 3035 3791 abdiderint
3073 3737 3209 3791 intra
3238 3745 3453 3790 terram.
3490 3736 3555 3789 Et
3583 3755 3682 3791 non
3717 3755 3821 3804 po-

2234 3836 2451 3888 tuerunt,
2479 3826 2666 3896 inquit,
2693 3831 2873 3897 fratres
2892 3828 3000 3897 ejus
3025 3827 3324 3895 respondere
3344 3827 3390 3879 ei
3415 3842 3438 3880 :-
3463 3827 3650 3880 turbati
3672 3831 3836 3886 enim

2231 3927 2392 3969 erant.
2421 3917 2608 3973 Merito
2636 3934 2649 3970 :
2676 3918 2967 3987 cogitantes
2995 3917 3260 3986 quomodo
3281 3933 3403 3972 eum
3426 3926 3822 3984 tractaverant,

2232 4019 2286 4064 et
2310 4010 2478 4081 qualis
2503 4011 2614 4081 ipse
2643 4025 2766 4080 erga
2787 4009 2904 4065 illos
2937 4009 3109 4065 fuerat
3142 4027 3154 4063 :
3188 4020 3240 4064 et
3265 4011 3557 4079 cogitantes
3584 4011 3832 4079 gloriam

2233 4101 2284 4160 in
2339 4117 2440 4171 qua
2468 4103 2783 4158 constitutus
2821 4110 2935 4156 erat
2957 4143 2971 4163 ,
3003 4105 3070 4156 de
3100 4116 3196 4155 sua
3223 4101 3391 4154 salute
3423 4101 3834 4170 propemodum

2231 4193 2370 4250 anxii
2397 4202 2566 4246 erant.
2591 4192 2875 4260 Propterea
2895 4191 3077 4246 volt-ns
3096 4206 3191 4245 eos
3216 4192 3451 4245 animare
3475 4232 3491 4255 ,
3520 4191 3578 4244 4.
3610 4192 3826 4260 Appro-

2233 4285 2484 4353 pinquate,
2517 4282 2705 4351 inquit,
2737 4281 2804 4334 ad
2833 4299 2927 4335 me.
2959 4281 3037 4336 Ne
3063 4280 3411 4335 amoveamini
3440 4297 3534 4334 vos
3565 4302 3580 4333 :
3615 4297 3686 4335 ne
3715 4298 3825 4336 eo-

2230 4373 2406 4443 gitetis
2422 4388 2514 4426 vos
2535 4371 2747 4441 proprio
2767 4372 2988 4426 consilio
3015 4369 3128 4424 ba-e
3154 4379 3336 4424 contra
3368 4386 3452 4425 me
3475 4371 3673 4440 egisse.
3711 4372 3830 4429 Ista

2233 4481 2336 4518 non
2362 4472 2466 4526 tam
2499 4471 2686 4518 vestra:
2714 4478 2839 4534 erga
2873 4478 2957 4517 me
2984 4459 3332 4516 adscribenda
3365 4473 3490 4516 sunt
3517 4462 3825 4531 iniquitati.

2230 4571 2386 4625 quam
2417 4553 2606 4616 divinae
2632 4553 2904 4623 sapientia:
2929 4563 2983 4606 et
3012 4551 3262 4606 ineffabili
3290 4551 3674 4606 misericordia:
3711 4569 3726 4603 :
3757 4565 3830 4607 ut

2233 4646 2335 4705 huc
2357 4645 2649 4701 adveniens
2667 4687 2681 4710 ,
2711 4659 2851 4698 nunc
2877 4643 3186 4713 tempestive
3211 4651 3267 4696 et.
3289 4642 3440 4696 vobis
3469 4652 3525 4696 et
3554 4644 3650 4697 toti
3687 4642 3830 4700 huic

2233 4736 2429 4807 regioni
2467 4751 2677 4808 possem
2717 4735 3054 4804 suppeditare
3091 4733 3361 4788 alimenta.
3391 4733 3459 4786 Et
3486 4733 3616 4787 dixit
3646 4750 3665 4786 :
3700 4733 3840 4807 Eget

2229 4846 2339 4886 sum
2358 4827 2546 4898 Ioseph
2567 4831 2721 4899 frater
2741 4838 2929 4893 uester,
2943 4843 3085 4896 queat
3103 4827 3392 4882 vendidistis
3417 4827 3470 4879 in
3496 4825 3829 4897 .Egyptunt.

2230 4923 2282 4976 5.
2314 4918 2468 4973 Nunc
2492 4919 2645 4988 igitur
2668 4935 2730 4972 ne
2751 4918 2978 4975 deleatis.
3002 4917 3080 4976 Ne
3103 4934 3216 4982 vos,
3245 4917 3434 4987 inquit,
3459 4916 3562 4973 hoc
3584 4928 3830 4972 contur-

2232 5010 2349 5076 bet;
2391 5025 2459 5064 ne
2509 5024 2752 5080 asperum
2796 5008 2944 5064 vobis
2991 5009 3229 5062 videatur
3266 5008 3406 5078 quod
3461 5008 3659 5063 factum
3707 5021 3829 5065 est.

2232 5100 2323 5155 Dei
2349 5099 2491 5154 enim
2525 5098 2918 5168 dispensatione
2944 5099 3278 5168 contigerunt
3312 5098 3446 5156 tunc.
3491 5097 3635 5154 Deus
3676 5102 3838 5155 enim

2229 5209 2309 5248 me
2335 5191 2467 5247 misit
2491 5191 2544 5253 in
2563 5192 2714 5245 vitam
2739 5201 2856 5245 ante
2875 5208 2978 5246 vos.
3007 5193 3069 5252 6.L
3089 5191 3228 5245 Nam
3253 5191 3334 5247 hic
3361 5192 3612 5246 secundus
3639 5209 3834 5249 annus

2229 5283 2380 5354 famis
2413 5299 2564 5352 super
2590 5294 2774 5338 terram
2797 5324 2813 5350 ,
2846 5293 2893 5337 et
2919 5284 3087 5338 adhuc
3110 5294 3298 5338 restant
3321 5285 3538 5354 quinque
3563 5287 3689 5339 anni
3719 5327 3737 5350 ,
3773 5288 3839 5342 in

2227 5379 2405 5450 quibus
2430 5394 2536 5435 non.
2554 5378 2643 5433 erit
2671 5377 2834 5433 oratio
2857 5416 2872 5441 ,
2903 5393 3060 5446 neque
3091 5377 3282 5434 messis.
3311 5377 3365 5430 7.
3401 5376 3551 5431 Misit.
3567 5378 3709 5432 enim
3745 5397 3840 5433 me

2230 5469 2368 5524 Deus
2389 5478 2504 5523 ante
2519 5484 2621 5534 vos,
2644 5468 3105 5536 utrelinquerentur
3119 5467 3255 5520 vobis
3279 5461 3504 5538 reliquit:
3527 5484 3686 5538 super:
3711 5479 3841 5523 ter-

2228 5577 2357 5614 ram.
2381 5562 2435 5615 8.
2469 5559 2522 5613 Ν
2527 5577 2623 5613 unc
2645 5559 2797 5629 igitur
2815 5574 2916 5612 non
2935 5574 3020 5613 vos
3040 5574 3119 5612 me
3140 5559 3343 5613 misistis
3363 5560 3462 5612 huc
3478 5599 3496 5625 ,
3526 5560 3614 5612 sed
3643 5556 3838 5616 Deus.

2297 5655 2351 5708 7.
2380 5653 2514 5708 Vide
2550 5649 2814 5723 quomodo
2841 5649 3007 5711 semel
3033 5657 3093 5704 et.
3120 5651 3310 5705 iterum
3342 5659 3399 5704 et
3424 5650 3585 5704 tertio
3610 5664 3841 5706 conso-

2231 5747 2368 5804 latur
2392 5743 2512 5801 illos
2535 5783 2553 5812 ,
2581 5741 2763 5799 dicens
2790 5755 2850 5798 se
2879 5756 2984 5798 non
3017 5741 3147 5812 ipsis
3171 5740 3713 5800 adscriberecausam
3741 5745 3852 5802 sui
