4038 6358
548 397 651 451 $.37

1219 392 1275 445 S.
1310 389 1594 446 JOANNIS
1629 386 2114 445 CHRYSOS'I'OMI
2153 389 2472 447 ARCHIEP.
2515 393 3059 449 CONSTANTINOP.

3685 389 3799 447 553

544 511 642 579 τὴν
661 506 857 570 αἰτίαν,
879 505 972 559 καλ⁵
988 504 1085 568 τὴν
1105 504 1184 565 εἰς
1204 503 1477 569 Αἴγυπτον
1510 500 1676 556 αὐτοῦ
1714 500 1959 564 κάθοδον,
1982 500 2118 554 ἀλλά
2219 520 2440 571 ροντας
2459 506 2676 573 ἄρτους
2715 504 2795 570 τῷ
2826 506 3001 573 πατρί
3023 504 3209 559 αὐτοῦ
3238 507 3324 571 είς
3355 504 3468 573 τὴν
3504 504 3668 560 ὁδόν.
3690 504 3813 559 Kal

544 594 634 645 τὸν
670 589 800 642 Θεὸν
844 587 989 641 τοῦτο
1026 585 1403 654 πεποιηκέναι,
1425 585 1565 637 ὥστε
1603 585 1683 647 εἰς
1717 583 1923 652 ταύτην
1960 582 2121 636 αὐτὸν

544 674 718 725 ἐλθεῖν
756 668 851 739 τὴν
891 668 1265 738 περιφάνειαν.
1292 667 1345 720 Ὀ
1386 668 1551 733 Θεὸς,
1588 666 1773 735 φησὶν,
1803 664 2122 719 ἀπέστειλέ

538 772 633 823 με,
659 752 755 807 καὶ
789 750 1038 818 ἐποίησέ
1061 769 1137 820 με
1166 752 1247 816 ὡς
1277 752 1501 818 πατέρα
1522 750 1749 819 Φαραὼ,
1782 748 1881 803 καί
1916 750 2124 817 κύριον

542 836 769 898 παντὸς
806 833 910 887 τοῦ
946 835 1115 887 οἴκου
1151 834 1357 898 αὑτοῦ,
1382 834 1477 888 καί
1498 834 1759 903 ἄρχοντα
1780 832 1982 899 πάσης
2010 831 2123 899 τῆς

542 919 865 985 Αἰγύπτου.
886 916 1118 988 Ἐκείνη,
1148 917 1332 987 φησὶν,
1355 919 1387 987 ἡ
1414 916 1624 970 δουλεία
1655 916 1857 986 ταύτην
1898 933 1988 986 μοι
2022 915 2123 986 τὴν

545 1002 717 1070 ἀρχὴν
741 1000 1123 1070 προεξένησεν,
1138 1000 1320 1069 ἐκείνη
1342 1001 1373 1069 ἡ
1396 1001 1595 1069 πρᾶσις
1615 1000 1693 1061 εἰς
1710 998 1912 1068 ταύτην
1936 1015 2005 1066 με
2023 998 2124 1062 τὴν

546 1084 899 1153 περιφάνειαν
932 1083 1157 1151 ήγαγεν,
1181 1083 1360 1151 ἐκείνη
1393 1084 1425 1151 ή
1461 1081 1636 1149 θλίψις
1671 1081 1872 1151 ταύτης
1906 1099 1993 1152 μοι
2027 1081 2125 1150 τῆς

548 1166 949 1235 εὐδοκιμήσεως
971 1165 1224 1226 ὑπόθεσις
1242 1165 1483 1232 γέγονεν,
1507 1166 1712 1226 ἐκεῖνος
1732 1167 1760 1216 6
1780 1165 1968 1233 φθόνος
1997 1163 2126 1216 ταύ-

549 1266 648 1318 την
687 1267 775 1319 μοι
809 1251 907 1319 τὴν
937 1248 1093 1314 δόξαν
1131 1246 1303 1301 ἔτεκε.
1327 1247 1510 1301 Ταῦτα
1533 1248 1606 1318 μὴ
1632 1248 1790 1317 μόνον
1817 1246 2124 1317 ἀκούωμεν,

551 1335 685 1386 ἀλλὰ
707 1336 800 1388 καὶ
823 1332 1135 1403 μιμώμεθα,
1162 1334 1252 1383 καὶ
1286 1333 1426 1384 οὕτω
1446 1334 1567 1391 τοὺς
1590 1331 1775 1394 κακῶς
1796 1334 1941 1401 ἡμᾶς
1960 1332 2129 1384 διατι-

551 1418 743 1480 θέντας
780 1415 1248 1488 παραμυθώμεθα,
1287 1415 1687 1485 ἀλλοτριοῦντες
1731 1417 1824 1467 ἀπ’
1845 1415 2023 1467 αὐτῶν
2060 1413 2130 1468 τὰ

553 1502 849 1570 καθ’ήμῶν
888 1502 1163 1570 γινόμενα,
1186 1501 1278 1552 καὶ
1320 1500 1455 1569 μετὰ
1494 1498 1691 1569 πολλὴς
1714 1497 2130 1569 εὐγνωμοσύνης

554 1586 767 1637 ἅπαντα
805 1584 1079 1653 φέροντες,
1104 1584 1352 1653 καθάπερ
1388 1584 1415 1634 6
1454 1582 1753 1650 θαυμάσιος
1788 1575 2133 1643 οὐτος.Ἐπεὶ

554 1663 667 1727 οὖν,
692 1669 873 1736 φησὶν,
898 1666 1182 1736 ἐπείσθητε
1216 1667 1342 1737 παρ’
1364 1666 1517 1734 ἐμοῦ,
1540 1668 1621 1717 ὅτι
1642 1665 1737 1733 οὐχ
1758 1664 1885 1733 ύμῖν
1905 1662 2135 1732 ἐπιγρά-

554 1768 641 1817 φω
679 1750 745 1802 τὰ
784 1752 861 1812 εἰς
901 1752 924 1801 ἐ
934 1750 998 1819 μὲ
1029 1750 1156 1819 παρ’
1181 1750 1207 1800 ὐ
1218 1750 1331 1818 μῶν
1352 1748 1711 1818 γεγενημένα.
1734 1747 1845 1799 ἀλλ’
1870 1748 2012 1814 ὑμᾶς
2037 1746 2134 1813 μὲν

555 1833 877 1885 ἀπαλλάττω
896 1833 1002 1883 τῶν
1024 1832 1401 1901 ἐγκλημάτων,
1422 1830 1496 1900 τῷ
1516 1831 1570 1882 δέ
1592 1830 1709 1900 Θεῷ
1730 1830 1790 1881 τὸ
1812 1830 1917 1881 πᾶν
1939 1828 2137 1895 λογίζο-

560 1935 677 1986 μαι,
700 1915 774 1985 τῷ
810 1918 991 1968 ἐκεῖνα
1029 1918 1205 1969 πάντα
1240 1917 1672 1984 οἰκονομήσαντι,
1698 1914 1783 1967 ἵνα
1826 1930 1914 1981 μοι
1950 1911 2008 1964 τὸ
2038 1912 2137 1980 τῆς

558 2000 837 2070 παρούσης
886 2000 1042 2069 δόξης
1094 1999 1494 2069 προσγένηται·
1548 1998 1929 2059 Σπεύσαντες
1982 1994 2136 2047 οὺνιι

554 2084 813 2151 ἀνάϐητε
838 2086 984 2151 πρ¹ς
1024 2085 1127 2135 ταῖν
1162 2081 1385 2148 πατέρα
1416 2100 1557 2150 μου,
1580 2081 1678 2133 καί
1712 2082 1916 2133 εἵπατε
1942 2078 2102 2143 αὺτῷ
2121 2097 2133 2109 ·

563 2167 711 2221 Τάδε
730 2168 887 2235 λέγει
910 2171 941 2220 ό
962 2168 1089 2231 υἱός
1111 2184 1225 2218 σου
1260 2164 1482 2233 Ἰωσήφ
1502 2182 1513 2194 ⁸
1552 2164 1824 2230 Ἐποίησέ
1848 2181 1923 2232 με
1944 2168 1975 2217 ὀ
1997 2163 2139 2229 Θεὸς

559 2253 766 2319 κύριον
799 2250 1001 2317 πάσης
1034 2248 1144 2318 γῆς
1166 2251 1483 2317 Αἰγύπτου.
1510 2248 1801 2315 Κατάϐηθι
1838 2244 1951 2303 οὖν
1991 2246 2140 2315 πρός

554 2352 651 2404 με,
675 2336 771 2388 καί
800 2335 886 2403 μὴ
922 2336 1271 2403 ἀναμείνῃς’
1312 2334 1409 2386 καὶ
1440 2334 1821 2401 κατοικήσεις
1848 2334 1917 2385 ἐν
1938 2331 2014 2402 γῇ
2035 2334 2141 2385 Γε-

557 2418 697 2485 σέμ.
720 2418 819 2472 καί
848 2418 963 2485 ἔσῃ
997 2418 1173 2486 ἐγγύς
1200 2434 1319 2485 μου
1358 2416 1459 2477 σὺ,
1484 2417 1579 2469 καί
1604 2420 1657 2469 οι
1676 2416 1794 2469 υίοί
1812 2432 1951 2477 σου,
1973 2415 2069 2467 καὶ
2087 2417 2140 2468 οί

560 2502 676 2554 υίοί
697 2500 815 2553 τῶν
834 2500 979 2554 υίῶν
996 2518 1131 2563 σου,
1154 2502 1251 2553 καί
1272 2501 1342 2553 τὰ
1363 2503 1643 2568 πρόϐατα,
1668 2500 1764 2552 καὶ
1785 2502 1837 2552 οί
1853 2500 2019 2563 βόες,
2043 2498 2138 2550 καί

558 2584 679 2636 ὅσα
710 2585 811 2636 σοί
845 2584 994 2648 ἐστι,
1017 2584 1113 2636 καὶ
1148 2583 1415 2651 ἑκθρέψω
1447 2599 1520 2635 σε
1558 2582 1675 2650 (ἔτι
1704 2582 1812 2650 γὰρ
1843 2580 2020 2633 πέντε
2038 2580 2139 2646 ἐτη

556 2665 787 2735 λιμὸς),
811 2668 911 2719 ἵνα
942 2668 1027 2735 μὴ
1066 2665 1337 2733 ἐκτριϐᾐς
1373 2666 1476 2727 σὺ,
1500 2666 1599 2717 καί
1636 2668 1689 2718 οἱ
1726 2666 1844 2717 υίοί
1879 2678 2017 2726 σου,
2046 2664 2140 2716 καί

559 2748 757 2803 πάντα
788 2748 857 2801 τὰ
888 2747 1238 2816 ὑπάρχοντά
1257 2763 1393 2802 σου.
1413 2747 1568 2801 Ἰδοὺ
1588 2750 1640 2799 οί
1664 2747 1959 2815 ὀφθαλμοί
1978 2746 2144 2812 ὑμῶν

553 2832 884 2897 βλέπουσι,
910 2832 1004 2885 καί
1045 2834 1097 2883 οί
1136 2832 1427 2899 ὀφθαλμοὶ
1451 2832 1733 2899 Βενιαμὶν
1752 2830 1857 2883 τοῦ
1877 2828 2141 2896 ἀδελφοῦ

556 2934 697 2985 μου,
722 2914 873 2987 [619]
895 2915 985 2968 ὅτι
1006 2914 1071 2968 τὸ
1091 2916 1284 2983 στόμα
1298 2933 1417 2983 μου
1438 2915 1503 2967 τὸ
1522 2914 1758 2968 λαλοῦν
1789 2912 1937 2981 πρὸς
1964 2911 2140 2981 ὑμᾶς.

574 3000 987 3068 Ἀπαγγείλατε
1023 2998 1101 3063 τῷ
1134 3000 1311 3065 πατρί
1325 3016 1444 3066 μου
1465 2996 1671 3051 πᾶσαν
1692 2997 1805 3064 τὴν
1823 2997 2010 3060 δόξαν
2025 3014 2142 3065 μου

562 3083 677 3150 τὴν
708 3085 778 3136 ἐν
819 3083 1105 3150 Αἰγύπτῳ,
1132 3082 1227 3133 καὶ
1262 3082 1378 3133 ὅσα
1410 3081 1619 3141 εἴδετε,
1643 3080 1739 3133 καί
1776 3082 2145 3149 ταχύναντες

564 3165 919 3235 καταγάγετε
938 3166 1141 3217 αὐτόν.
1158 3163 1341 3215 Ταῦτα
1364 3163 1573 3216 ἃπαντα
1592 3164 1907 3233 διαλεχθεὶς,
1931 3164 2023 3216 καὶ
2044 3165 2141 3234 ἀρ-

565 3250 803 3311 κούντως
838 3249 1032 3311 αὐτοὺς
1062 3246 1623 3317 παραμυθησάμενος,
1647 3247 1741 3299 καὶ
1774 3246 2144 3315 ἐντειλάμενος

565 3334 741 3386 εἰπεῖν
775 3332 841 3383 τὰ
879 3333 1005 3400 παρ’
1027 3329 1190 3382 αὐτοῦ
1219 3330 1295 3398 τῷ
1316 3330 1503 3399 πατρὶ,
1525 3332 1619 3382 καὶ
1638 3330 1845 3397 ταχέως
1865 3329 2027 3381 αὐτὸν
2050 3332 2145 3381 ἐπ-

567 3417 882 3482 αναγαγεῖν,
900 3413 1231 3466 Ἐπιπεσὼν
1249 3414 1347 3466 ἐπὶ
1369 3413 1476 3465 τὸν
1496 3411 1799 3479 τράχηλον
1816 3413 1920 3465 τοῦ
1942 3416 2146 3465 Βενια-

563 3498 673 3567 μίν
690 3499 993 3551 ἔκλαυσεν
1013 3497 1247 3566 (ἐκεῖνος
1267 3495 1374 3565 γάρ
1392 3491 1460 3565 ἦν
1480 3495 1625 3564 αὐτῷ
1644 3496 2016 3565 ὁμομήτριος),
2041 3496 2144 3548 κά-

570 3582 767 3647 κεῖνος
785 3581 970 3635 πάλιν
987 3582 1292 3634 ἔκλαυσεν
1308 3580 1400 3631 ἐπ’
1420 3576 1580 3642 αὐτῷ
1599 3598 1612 3609 ·
1653 3580 1749 3631 καὶ
1781 3580 2147 3647 κατεφίλησε

570 3666 800 3730 πάντας
835 3664 976 3727 τοὺς
1012 3662 1313 3730 ἀδελφοὺς
1351 3661 1559 3721 αὑτοῦ,
1585 3662 1679 3714 καί
1716 3662 2022 3715 ἔκλαυσεν
2054 3662 2147 3713 ἐπ’

570 3748 793 3813 αὐτοῖς.
818 3748 925 3800 Καὶ
960 3746 1077 3799 τότε
1117 3745 1257 3814 μετά
1289 3744 1385 3814 τὴν
1418 3743 1687 3813 τοσαύτην
1720 3743 1947 3806 διάλεξιν
1969 3744 2149 3797 καὶτὰ

570 3832 780 3901 δάκρυα
802 3832 895 3882 καὶ
916 3830 1014 3881 τὴν
1037 3846 1099 3879 συ
1109 3822 1367 3897 μὸουλὴν,
1385 3828 1449 3897 ἥν
1473 3826 1606 3897 πρὸς
1626 3827 1818 3889 αὐτοὺς
1836 3827 2145 3895 ἐποιήσατο,

576 3915 727 3984 μόλις
762 3913 1101 3984 ἠδυνήθησαν
1137 3910 1362 3981 λαλῆσαι
1401 3909 1535 3979 πρὸς
1574 3909 1752 3961 αὐτόν.
1777 3910 1933 3962 Μετὰ
1966 3909 2150 3962 ταῦτα

574 3999 702 4067 γὰρ,
724 3999 907 4067 φησὶν,
942 3996 1260 4062 ἐλάλησαν
1298 3994 1445 4061 πρὸς
1481 3992 1686 4046 αὐτόν.
1735 3992 1922 4045 Ταῦτα
1959 3993 2027 4045 δὲ
2061 3994 2148 4046 δι-

572 4082 788 4148 εϐοήθη
809 4083 893 4145 είς
913 4080 1020 4131 τὸν
1039 4074 1205 4131 οἷκον
1226 4076 1452 4144 Φαραὼ,
1471 4077 1567 4128 καὶ
1587 4074 1793 4144 ἐχάρη,
1813 4076 1907 4127 καὶ
1931 4076 2151 4141 πάντες

575 4169 630 4219 οἱ
649 4167 717 4218 ἐν
738 4165 817 4230 τῷ
836 4165 995 4228 οίκῳ.
1016 4162 1338 4233 Ἐχαροποίη
1346 4178 1427 4223 σε,
1451 4160 1604 4229 φησὶ,
1628 4161 1835 4222 πάντας
1866 4163 1894 4212 6
1915 4160 2153 4228 ἀναγνω-

538 4260 546 4270 ‘
580 4249 771 4319 ρισμδς
798 4247 906 4299 τῶν
942 4246 1182 4314 ἀδελφῶν
1212 4244 1306 4297 τοῦ
1341 4244 1553 4314 Ἰωσήφ.
1589 4242 1698 4296 Καὶ
1728 4240 1877 4304 εἶπε,
1914 4245 2096 4312 φησὶν,
2119 4247 2153 4297 ὁ

506 4380 510 4385 λ
571 4331 870 4396 βασιλεὺς
906 4330 985 4395 τῷ
1015 4328 1226 4397 Ἰωσήφ
1245 4344 1258 4357 ’
1285 4325 1472 4381 Εἰπὸν
1492 4326 1613 4391 τοῖς
1636 4326 1918 4395 ἀδελφοῖς
1950 4343 2067 4381 σου
2086 4328 2112 4368 b
2134 4344 2147 4359 ο

586 4414 763 4467 Τοῦτο
797 4414 1086 4481 ποιήσατε
1105 4429 1116 4440 ·
1156 4412 1437 4480 γεμίσατε
1456 4410 1527 4463 τὰ
1544 4408 1751 4477 φορεῖα
1770 4408 1937 4477 ὑμῶν
1955 4410 2151 4477 σίτου,

581 4498 679 4551 καὶ
698 4498 1007 4551 ἀπέλθετε.
1029 4496 1136 4549 Καὶ
1157 4494 1562 4557 ἀναλαϐόντες
1597 4492 1703 4545 τὸν
1735 4492 1959 4560 πατέρα
1989 4494 2155 4563 ὑμῶν

583 4583 765 4650 ἢκατε
784 4583 931 4648 πρός
946 4597 1040 4648 με,
1062 4579 1161 4633 καί
1178 4578 1349 4631 δώσω
1368 4578 1508 4645 ὑμῖν
1527 4575 1768 4629 πάντων
1785 4576 1903 4630 τῶν
1920 4576 2156 4646 ἀγαθῶν

582 4667 908 4734 Αίγύπτου·
950 4664 1030 4716 σὺ
1073 4662 1139 4715 δὲ
1175 4662 1433 4715 ἓντειλαι
1468 4658 1677 4722 ταῦτα,
1696 4660 1903 4713 λαϐεῖν
1936 4660 2157 4726 αὐτοὺς

581 4748 814 4817 ἀμάξας
850 4746 973 4812 τοῖς
1008 4745 1263 4809 παιδίοις
1300 4742 1397 4796 καί
1435 4742 1561 4808 ταῖς
1596 4742 2043 4813 γυναιξίν.”ορα
2063 4743 2157 4796 καὶ

581 4833 673 4885 τὸν
706 4830 946 4900 βασιλέα,
968 4828 1084 4891 πῶς
1116 4827 1214 4898 ήδη
1256 4826 1529 4898 φροντίζει
1563 4824 1692 4896 περὶ
1724 4825 1818 4895 τῆς
1837 4825 1930 4878 τοῦ
1964 4825 2156 4879 Ἰακὼϐ

584 4914 865 4968 ἐπανόδου.
887 4911 994 4965 Καὶ
1014 4911 1440 4974 ἀναλαϐόντες,
1459 4908 1611 4978 φησὶ,
1631 4906 1734 4960 τὸν
1749 4907 1971 4975 πατέρα
1992 4906 2158 4977 ὑμῶν

582 4996 1005 5066 παραγίνεσθε,
1018 4993 1113 5047 καί
1133 4991 1217 5061 μὴ
1236 4993 1528 5061 φείσησθε
1548 4989 1673 5055 τοῖς
1694 4990 2018 5060 ὀφθαλμοῖς
2038 4990 2158 5044 τῶν

582 5078 819 5134 σκευῶν
844 5076 1030 5146 ὑμῶν.
1054 5074 1253 5129 Πάντα
1276 5074 1383 5144 γὰρ
1401 5074 1474 5128 τὰ
1491 5073 1680 5142 ἀγαθὰ
1696 5075 1997 5143 Αίγύπτου
2017 5074 2159 5142 ὑμῖν

584 5166 773 5218 ἔσται.
802 5160 1130 5227 Ἐποίησαν
1149 5158 1216 5211 δὲ
1236 5159 1422 5221 οὕτως
1446 5160 1498 5211 cl
1518 5157 1633 5210 υίοί
1668 5158 1923 5225 Ἰσραήλ.
1944 5159 2159 5213 Ἔδωκε

585 5244 654 5298 δὲ
685 5245 894 5312 Ἰωσὴφ
931 5241 1134 5306 αὐτοῖς
1170 5240 1403 5309 ἀμάξας
1439 5238 1589 5294 κατὰ
1623 5241 1727 5305 τὰς
1766 5241 2016 5309 ἐντολὰς
2053 5242 2158 5296 τοῦ

579 5328 884 5392 ,ϐασιλέως
904 5343 917 5357 ο
946 5324 1044 5377 καὶ
1071 5322 1219 5378 πᾶσι
1231 5323 1347 5392 μὲν
1367 5322 1549 5376 ἔδωκε
1572 5322 1793 5388 δισσὰς
1813 5324 2060 5390 στολὰς,
2080 5320 2159 5389 τὶῖ)

588 5410 655 5462 δὲ
696 5408 979 5477 Βενιαμὶν
1035 5407 1217 5461 ἔδωκε
1268 5405 1647 5473 τριακοσίους
1704 5406 2004 5473 χρυσοῦς,
2060 5408 2157 5461 καὶ

587 5493 766 5547 πέντε
795 5490 1307 5556 ἑξαλλασσούσας
1336 5488 1583 5553 στολὰς,
1610 5488 1706 5541 καί
1742 5487 1821 5553 τῷ
1852 5490 2025 5558 πατρὶ
2056 5493 2161 5544 αὺ-

571 5577 692 5654 ⁸τοῦ
728 5574 1085 5631 ἀπέστειλεν
1109 5574 1339 5643 ὁμοίως,
1382 5572 1479 5627 καὶ
1510 5571 1655 5626 δέκα
1680 5571 1857 5637 ὅνους
1878 5577 2159 5643 αἴροντας

587 5660 705 5713 ἀπὸ
732 5658 850 5712 τῶν
877 5657 1113 5727 ἀγαθῶν
1131 5659 1449 5728 Αίγύπτου,
1476 5656 1575 5710 καί
1600 5655 1745 5709 δέκα
1763 5658 2049 5725 ἡμιόνους
2069 5660 2159 5712 αῖ-

650 5804 673 5831 ⁸
690 5802 883 5862 Aliquol
906 5802 1373 5863 ω88.λογίζομαι,τῷ
1394 5800 1563 5857 διάτὴν
1586 5798 1661 5848 ἐπὶ
1678 5799 1763 5849 τοῦ
1783 5802 2011 5863 παρόντος
2022 5804 2158 5859 δόξαν

589 5882 615 5924 μ
623 5879 668 5912 οι
677 5864 1042 5925 προσγινομένην
1055 5864 1207 5925 ἐκεῖνα
1215 5865 1367 5925 πάντα
1378 5863 2151 5923 συγχωρήσανταΣπεύσαντεςοῦν,

652 5926 678 5963 b
700 5923 948 5987 Egebagur
970 5923 1152 5987 αὐτοῦ.
1180 5924 1535 5987 Resqipgimgs
1566 5939 1672 5987 σου,
1711 5926 1842 5987 quod
1874 5926 2155 5987 conjeceral

590 5983 760 6035 Monlf.
785 5986 838 6030 et
859 5982 1004 6033 Coisl.
1034 5990 1087 6032 el
1108 5998 1258 6049 marg.
1290 5982 1436 6035 smn.
1464 5983 1598 6036 Enn.

2222 585 2409 643 ταῦτα
2444 588 2678 642 ἅπαντα
2713 588 2857 653 δοὺς
2891 588 3284 653 ἐξαπέστειλε
3319 588 3460 654 τοὺς
3495 588 3813 657 ἀδελφοὺς

2222 669 2431 736 αὐτοῦ,
2470 672 2568 724 καί
2602 672 3019 739 ἐπορεύθησαν
3041 688 3057 703 ·
3095 671 3192 725 καί
3230 668 3400 725 εἶπεν
3434 671 3663 735 αὐτοῖς·
3702 673 3813 736 Μὴ

2224 752 2521 823 ὀργίζεσθε
2540 755 2608 807 ἐν
2625 753 2699 821 τῇ
2719 754 2856 819 ὀδῷ.
2882 755 3022 824 Ὅρα
3040 754 3263 825 γνώμην
3285 754 3586 824 φιλόσοφον.
3613 754 3686 805 Οὐ
3716 753 3819 822 μό-

2224 854 2313 891 νον
2345 838 2505 901 αὐτδς
2535 840 2713 891 πᾶσαν
2740 839 2924 901 αὐτοῖς
2943 840 3122 909 ἀφῆκε
3143 838 3240 908 τὴν
3258 839 3445 909 ὀργὴν,
3470 838 3561 890 καὶ
3581 837 3690 888 τῶν
3708 838 3817 901 ὲγ-

2226 921 2519 991 κλημάτων
2540 922 2735 984 αὐτοὺς
2754 921 3083 991 ἀπήλλαξεν,
3106 922 3242 975 ἀλλὰ
3274 923 3366 974 καὶ
3403 923 3583 982 αὐτοῖς
3604 932 3820 989 παραιο

2225 1008 2325 1071 νεῖ,
2350 1006 2424 1076 μὴ
2442 1004 2754 1075 ὀργίζεσθαι
2774 1007 2912 1059 κατὰ
2932 1006 3029 1077 τὴν
3048 1008 3186 1068 ὁδὸν,
3214 1007 3345 1076 μηδέ
3368 1006 3505 1074 ὑπὲρ
3524 1003 3630 1055 τῶν
3650 1019 3818 1070 γεγε-

2226 1106 2289 1159 νη
2299 1088 2473 1159 μένων
2493 1088 2742 1157 ἀλλήλοις
2772 1089 3042 1157 ἐγκαλεῖν.
3068 1092 3128 1143 Εἰ
3150 1090 3259 1161 γὰρ
3278 1088 3439 1159 ήνίκα
3459 1088 3818 1154 εἰστήκεισαν

2227 1169 2421 1241 πρώην
2450 1172 2541 1223 ἐπὶ
2580 1170 2673 1223 τοῦ
2710 1172 2924 1241 Ἰωσὴφ,
2948 1171 3129 1239 ἔλεγον
3154 1170 3287 1241 πρὸς
3306 1169 3553 1231 ἑαυτούς·
3578 1166 3715 1231 Ναί,
3745 1168 3819 1219 ὲν

2226 1253 2535 1323 ἁμαρτίαις
2568 1253 2755 1322 ἐσμέν
2790 1253 2922 1322 περί
2962 1254 3066 1307 τοῦ
3099 1252 3320 1321 Ἰωσὴφ
3342 1295 3356 1313 ,
3396 1252 3501 1305 τοῦ
3537 1248 3821 1317 ἀδελφοῦ

2228 1336 2416 1405 ἡμῶν,
2440 1336 2528 1389 ὅτι
2549 1336 2938 1406 ὑπερείδομεν
2956 1337 3141 1390 αὑτοῦ
3161 1336 3274 1403 τὴν
3296 1336 3505 1403 θλίψιν
3521 1351 3533 1364 ⁸
3556 1335 3651 1386 καὶ
3684 1334 3823 1385 ἑπι-

2232 1420 2363 1483 στάς
2392 1423 2419 1473 6
2448 1421 2671 1491 Ῥουϐὴν
2694 1421 2875 1489 ἔλεγεν
2898 1438 2911 1452 ·
2939 1423 3058 1474 Οὐκ
3079 1415 3249 1473 εἶπον
3272 1418 3411 1489 ὑμῖν
3430 1436 3444 1449 ο
3485 1419 3577 1484 Μὴ
3599 1414 3823 1481 ἀδική-

2231 1520 2380 1571 σητε
2399 1504 2465 1556 τὸ
2484 1502 2814 1570 παιδάριον,
2838 1504 2929 1555 καί
2955 1506 3063 1556 οὐκ
3084 1500 3483 1568 εἰσηκούσατέ
3496 1518 3612 1568 μου
3635 1516 3651 1562 ;
3678 1498 3822 1549 πολ-

2232 1584 2309 1653 λῷ
2334 1586 2531 1655 μᾶλλον
2551 1586 2694 1648 εἰκὸς
2713 1582 2780 1654 ἦν
2800 1586 2962 1638 αὐτὸν
2984 1584 3462 1649 κατεξανίστασθαι
3484 1582 3686 1635 αὐτῶν.
3706 1581 3823 1634 Καὶ

2232 1669 2321 1721 διὰ
2337 1668 2494 1721 τοῦτο
2514 1669 2888 1721 καταστέλλων
2908 1669 3085 1721 αὐτῶν
3103 1670 3193 1721 τὸν
3217 1668 3405 1737 θυμὸν,
3426 1667 3518 1719 καὶ
3551 1666 3660 1735 τὴν
3682 1664 3824 1733 πρὸς

2235 1752 2495 1822 ἀλλήλους
2516 1751 2865 1819 φιλονεικίαν,
2886 1753 3045 1821 φησί·
3066 1755 3121 1804 Μ
3128 1751 3160 1816 ὴ
3180 1749 3554 1819 όργίζεσθεὲν
3570 1746 3654 1815 τῇ
3675 1745 3820 1810 ὸδιῖν

2236 1834 2717 1905 ἀλλ’ἐννοήσαντες
2752 1835 2832 1886 ὅτι
2869 1835 3123 1903 οὐδεμίαν
3162 1835 3287 1903 ὐμῐν
3324 1834 3498 1885 αἰτίαν
3529 1833 3823 1900 ἐπήγαγον

2238 1920 2378 1988 ὑπὲρ
2413 1917 2520 1969 τῶν
2558 1920 2635 1980 εἰς
2669 1918 2767 1987 ἐμὲ
2788 1917 3187 1988 γεγενημένων,
3209 1918 3302 1969 καὶ
3322 1916 3474 1969 αὐτοί
3494 1914 3634 1985 πρὸς
3654 1913 3825 1982 ἀλλή-

2237 2002 2362 2063 λους
2382 1999 2638 2062 εὐνοϊκῶς
2655 1999 2957 2071 διατέθητε.

2309 2084 2403 2147 Τίς
2426 2084 2489 2136 ἂν
2510 2085 2626 2135 κατ’
2645 2083 2797 2147 ἀξίαν
2818 2088 2914 2153 τὴν
2933 2082 3129 2153 ἀρετὴν
3149 2080 3240 2135 τοῦ
3257 2081 3465 2134 δικαίου
3480 2078 3676 2131 τούτου
3694 2078 3825 2131 θαυ-

2243 2168 2484 2240 μάσειεν,
2504 2167 2561 2230 ὃς
2598 2168 2696 2236 τὴν
2734 2170 2791 2220 ὲν
2824 2170 2887 2238 τῇ
2922 2170 3094 2237 Καινῇ
3118 2167 3430 2235 φιλοσοφίαν
3454 2164 3589 2233 μετᾶ
3612 2162 3824 2231 πολλῆς

2238 2253 2339 2321 τῆς
2357 2251 2632 2319 δαψιλείας
2650 2250 2863 2320 ἀπεπλή
2874 2268 3013 2321 ρωσε
3035 2266 3046 2278 ·
3072 2251 3163 2303 καὶ
3184 2251 3319 2321 ὅπερ
3356 2252 3383 2302 6
3424 2246 3658 2317 Χριστὸς
3677 2261 3825 2313 παρ-

2241 2337 2379 2387 αινεῖ
2395 2334 2567 2402 λέγων
2586 2336 2694 2395 τοῖς
2716 2334 3029 2397 ἀποστόλοις
3048 2349 3060 2361 °
3100 2330 3378 2401 Ἀγαπᾶτε
3397 2332 3535 2395 τοὺς
3559 2326 3824 2396 ἐχθροὺς

2240 2418 2424 2487 ὑμῶν,
2445 2417 2696 2483 εὔχεσθε
2728 2416 2879 2484 ὑπὲρ
2899 2416 3015 2469 τῶν
3034 2415 3471 2483 ἐπηρεαζόντων
3494 2412 3675 2481 ὑμᾶς,
3698 2410 3819 2462 τοῦ·

2239 2519 2301 2553 το
2322 2499 2472 2569 [6‘20]
2495 2493 2649 2560 οὗτος
2686 2500 2779 2552 καὶ
2816 2498 2993 2568 πολλῶ
3031 2498 3189 2550 πλέον
3226 2493 3672 2566 ἐποίησενςούδέ
3711 2493 3824 2563 γάρ

2246 2586 2403 2655 μόνον
2441 2584 2704 2653 τοσαύτην
2746 2585 2961 2653 ἀγάπην
2985 2582 3289 2646 ἐπεδείξατο
3310 2581 3438 2651 περὶ
3455 2580 3573 2641 τούς
3595 2575 3821 2630 ἀνελόν-

2240 2686 2340 2731 τας
2378 2668 2557 2729 αὐτὸν,
2579 2668 2640 2718 τό
2678 2683 2740 2733 γε
2781 2668 2860 2730 εἰς
2898 2667 3092 2728 αὐτοὺς
3122 2662 3275 2737 ἦκον,
3298 2663 3432 2717 ἀλλά
3453 2662 3629 2714 πάντα
3652 2661 3819 2719 ποιεῖ,

2243 2750 2382 2803 ὥστε
2417 2749 2621 2813 διδάξαι
2643 2749 2857 2812 αὐτοὺς,
2880 2751 2963 2801 ὅτι
2982 2749 3101 2801 οὐδὲ
3119 2749 3365 2819 ἧμαρτόν
3383 2762 3434 2798 τι
3454 2748 3530 2808 εἰς
3559 2742 3824 2796 αὐτόν.“ο

2244 2833 2557 2902 φιλοσοφίας
2588 2832 2886 2903 ὐπερδολήῐ
2909 2831 2955 2884 ὢ
2985 2831 3402 2901 εὐγνωμοσύνης
3434 2828 3707 2888 ἐπίτασις,
3728 2824 3824 2877 καὶ

2241 2918 2337 2987 τῆς
2361 2917 2495 2985 πρὸς
2514 2916 2645 2968 Θεὸν
2665 2916 2883 2983 ἀγάπης
2901 2915 3167 2983 δαψίλειαῐ
3193 2914 3281 2982 Μὴ
3303 2912 3411 2981 γάρ
3430 2913 3605 2981 ὑμεῖς,
3630 2909 3823 2978 φησὶν,

2244 3002 2321 3062 εἰς
2343 2999 2441 3068 ἐμὲ
2463 2996 2633 3051 ταῦτα
2652 2996 3013 3068 διεπράξασθε
3033 3014 3048 3061 ;
3082 2996 3143 3049 'H
3175 2995 3267 3048 τοῦ
3287 2994 3420 3047 Θεοῦ
3454 2994 3577 3063 περὶ
3598 2991 3706 3061 ἐμὲ
3724 3008 3826 3060 κη-

2244 3082 2466 3151 δεμονία
2501 3079 2671 3133 ταῦτα
2709 3080 2957 3148 γενέσθαι
3002 3080 3396 3149 συνεχώρησεν,
3439 3078 3525 3130 ἵνα
3559 3076 3659 3129 καὶ
3699 3073 3826 3141 ἐμοὶ

2244 3168 2352 3219 τῶν
2370 3165 2657 3234 ὀνειράτων
2696 3163 2792 3234 τὴν
2832 3164 3052 3218 ἑκϐασιν
3078 3165 3441 3234 παράσχηται,
3464 3162 3555 3213 καὶ
3573 3161 3708 3227 ὑμῖν
3728 3158 3827 3226 ἀρ-

2248 3248 2417 3303 κοῦσα
2439 3248 2709 3318 σωτηρίας
2730 3246 2983 3309 ὑπόθεσις
3004 3246 3346 3315 γένωμαι.Τὺ
3367 3248 3422 3297 ὲν
3444 3244 3588 3311 θλίψε
3600 3260 3687 3293 σιν
3708 3236 3823 3301 οὖν,

2245 3332 2279 3402 ἢ
2322 3334 2641 3400 πειρασμοῖς
2679 3329 2997 3397 γενέσθαιτ,
3021 3330 3218 3399 πολλῆς
3257 3330 3354 3393 τῆς
3395 3328 3520 3394 περὶ
3556 3326 3710 3394 ἡμᾶς
3730 3320 3824 3374 τοῦ

2248 3413 2626 3485 φιλανθρώπου
2647 3412 2780 3465 Θεοῦ
2805 3412 3126 3482 κηδεμονίας
3168 3414 3261 3465 καὶ
3289 3410 3539 3481 προνοίας
3575 3407 3700 3459 ἐστὶ
3738 3422 3828 3456 τε·

2248 3498 2499 3566 κμήριον.
2528 3496 2618 3565 Μὴ
2657 3497 2832 3548 τοίνυν
2872 3498 2934 3548 ἐκ
2955 3496 3153 3557 παντὸς
3188 3494 3387 3564 τρόπου
3406 3492 3501 3562 τὴν
3521 3491 3707 3543 ἄνεσιν
3731 3488 3828 3542 καὶ

2248 3580 2344 3651 τὴν
2368 3580 2549 3633 ἄδειαν
2572 3579 2936 3649 ἐπιζητῶμεν,
2960 3578 3093 3631 άλλὰ
3112 3579 3203 3631 καὶ
3242 3579 3298 3629 ἐν
3335 3576 3516 3629 ἀνέσει
3536 3573 3829 3643 ωγχάνον·

2248 3680 2360 3725 τες,
2382 3664 2477 3716 καὶ
2504 3665 2560 3715 ἐν
2598 3663 2805 3732 θλίψεσι
2825 3663 3117 3730 γινόμενοι,
3140 3660 3337 3730 ὁμοίως
3356 3660 3452 3729 τὴν
3471 3655 3827 3727 εὐχαριστίαν

2250 3745 2663 3815 ἀναπέμπωμεν
2714 3745 2791 3814 τῷ
2829 3746 3073 3815 Δεσπότῃ
3096 3787 3109 3807 ,
3151 3744 3236 3795 ἵνα
3273 3742 3368 3812 τὴν
3406 3738 3828 3808 εὐγνωμοσύνην

2250 3828 2602 3896 θεασάμενος,
2624 3827 3008 3897 δαψιλεστέραν
3044 3830 3142 3896 τὴν
3178 3827 3303 3895 περὶ
3323 3826 3465 3893 ἡμᾶς
3488 3822 3829 3892 ἐπιδείξηται

2252 3910 2571 3979 κηδεμονίαν
2589 3925 2600 3937 ·
2621 3905 2687 3979 ἧς
2707 3911 2912 3978 γένοιτο
2932 3910 3140 3973 πάντας
3160 3911 3305 3979 ἡμᾶς
3325 3908 3618 3975 ἐπιτυχεῖν,
3642 3907 3829 3974 χάριτι

2252 3996 2344 4047 καὶ
2382 3992 2756 4063 φιλανθρωπίᾳ
2792 3993 2885 4047 τοῦ
2923 3994 3127 4064 Κυρίου
3163 3991 3321 4061 ἡμῶν
3353 3989 3525 4060 Ἰησοῦ
3562 3984 3828 4058 Χριστοῦ,

2256 4076 2372 4147 μεθ’
2391 4071 2452 4130 οὐ
2472 4076 2547 4145 τῷ
2568 4077 2759 4146 Πατρί.
2782 4075 2898 4146 ἅμα
2926 4075 3002 4146 τῷ
3036 4075 3174 4145 ἀγίῳ
3196 4072 3491 4143 Πνεύματι,
3513 4070 3665 4133 δόξαν
3687 4068 3829 4140 κρά-

2252 4178 2363 4225 τος,
2380 4178 2431 4213 τι
2439 4159 2533 4232 μὴ,
2554 4158 2645 4212 νῦν
2666 4160 2757 4213 καὶ
2776 4160 2882 4228 ἀεὶ,
2900 4161 2993 4214 καὶ
3009 4160 3085 4223 εἰς
3101 4159 3227 4223 τούς
3249 4156 3448 4220 αἰῶνας
3465 4153 3571 4208 τῶν
3588 4153 3828 4209 αἰώνων.

2266 4244 2457 4314 Ἀμήν.

2842 4327 3087 4381 ΟΜΙΛῙΑ
3127 4322 3247 4378 ΞΕἏ

2256 4416 2368 4471 Καὶ
2404 4418 2742 4481 ἀνέϐησαν,
2780 4412 2941 4480 φησὶν
2965 4453 2979 4474 ,
3021 4408 3092 4481 ἐξ
3118 4410 3447 4481 Αἰγύπτου,
3500 4398 3830 4481 καίηἷλθον

2325 4491 2411 4553 είς
2426 4487 2541 4554 τὴν
2561 4472 2899 4554 Χαναναίαν
2928 4472 3075 4546 πρὸς
3111 4472 3446 4554 ςιαέιὼϐμτύν
3476 4472 3701 4554 πατέρα
3726 4476 3830 4554 αξξ

2326 4544 3012 4629 τῶνξκαὶ-ἀνήγγειιλαν
3056 4545 3247 4629 αὑτῷχ
3294 4546 3595 4629 λέγοντες,
3636 4544 3727 4596 ὅτι

2325 4617 2461 4693 -υεόξ
2477 4643 2591 4679 σου
2626 4617 2851 4695 ἰωάὴἐε
2871 4619 2959 4695 ζῇν
2976 4618 3073 4671 καὶ
3098 4617 3481 4695 .ἕύτρςάρὲεέ
3498 4617 3703 4695 πάσης
3720 4617 3832 4695 τῆς

2327 4685 2651 4767 Αἰγύπτου.
2682 4685 3044 4767 Kal-£56071]
3098 4687 3312 4743 Ἰακὼϐ
3337 4685 3411 4754 τῇ
3444 4686 3711 4751 διανοίᾳο
3756 4685 3830 4736 οὺ

2326 4758 2437 4837 γὰρ
2456 4767 2818 4820 ἐπίστευσεν
2855 4758 3079 4824 αὐτοῖς.

2326 4877 2395 4924 α’.
2416 4869 2598 4923 Εῖδετε
2632 4868 2695 4920 ἐκ
2733 4864 2841 4917 τῶν
2868 4862 2993 4933 χθὲς
3013 4862 3143 4932 ἡμῖν
3170 4859 3473 4932 εἰρημένων
3497 4856 3592 4912 τοῦ
3631 4855 3833 4928 Ἰωσὴφ

2256 4955 2356 5025 τὴν
2389 4950 2702 5023 φιλοσοφίαν
2735 4948 2828 5001 καὶ
2849 4946 2947 5017 τὴν
2979 4945 3183 5013 ἄφατον
3219 4941 3570 5008 ἀνεξικακίαν
3602 4941 3673 5025 ἢν
3702 4942 3832 5013 περὶ

2257 5024 2382 5101 τοὺς
2412 5035 2605 5088 ἐαυτοῦ
2633 5032 2895 5099 ἀδελφοὺς
2917 5027 3245 5092 ἐπεδείξατο,
3277 5026 3339 5079 οὐ
3377 5026 3537 5097 μόνον
3572 5024 3831 5095 οὐδεμίαν

2262 5121 2483 5193 μνήμην
2540 5118 2648 5170 τῶν
2692 5118 2771 5179 εἰς
2819 5113 2981 5167 αὐτὸν
3012 5109 3392 5181 γεγενημένων
3418 5111 3829 5193 ποιησάμενος,

2258 5191 2396 5259 ἀλλὰ
2420 5204 2512 5256 καὶ
2538 5202 2719 5264 αὐτοῖς
2746 5198 3028 5269 μέλλουσιν
3043 5194 3320 5247 ἐπανιέναι
3337 5192 3474 5261 πρὸς
3488 5192 3580 5246 τὸν
3596 5191 3830 5261 πατέρα,

2260 5288 2414 5341 τοῦτο
2468 5284 2601 5339 αὐτὸ
2649 5281 2984 5353 παραινέσας
3033 5278 3125 5331 καὶ
3165 5274 3472 5346 συμϐουλὴν
3501 5276 3830 5342 εἰσαγαγὼν,

2260 5370 2398 5422 ὥστε
2429 5369 2500 5438 μὴ
2531 5366 2791 5437 ἀλλήλους
2822 5362 3096 5416 αἰτιᾶσθαι
3128 5359 3270 5429 ὑπὲρ
3304 5358 3415 5411 τῶν
3439 5357 3519 5420 εἰς
3542 5358 3703 5409 αὐτὸν
3733 5358 3833 5409 αὐ-

2259 5456 2370 5515 τοῖς
2404 5450 2810 5522 εἰργασμένων,
2842 5442 2978 5499 ἀλλά
3021 5443 3201 5495 πᾶσαν
3233 5442 3403 5512 ὀργὴν
3450 5439 3834 5522 ἀπελάσαντας

2264 5535 2400 5604 μετὰ
2421 5520 2671 5604 ὁμονοίας
2692 5530 2787 5600 τὴν
2801 5525 3107 5596 ὁδοιπορίαν
3120 5524 3411 5577 ποιεῖσθαι.
3436 5524 3758 5589 ’Δναγκαῖον
3775 5520 3834 5574 δὲ

2260 5618 2440 5670 λοιπὸν
2462 5618 2697 5685 σήμερον
2715 5614 2783 5665 τὰ
2810 5611 2934 5680 ἐξῆς
2957 5606 3375 5678 ἀποπληρῶσαι,
3397 5606 3483 5658 ἶνα
3506 5606 3703 5675 ἴδωμεν
3736 5604 3834 5657 καὶ

2260 5702 2358 5770 τὴν
2386 5700 2589 5751 τούτων
2628 5695 2888 5749 ἐπάνοδον
2913 5694 3010 5761 τὴν
3045 5690 3184 5761 πρὸς
3214 5690 3307 5742 τὸν
3339 5688 3575 5759 πατέρα,
3604 5690 3696 5744 καὶ
3735 5687 3832 5770 τοῦ

2273 5769 2468 5837 Ἰακὼό
2504 5781 2602 5851 τὴν
2634 5782 2713 5841 εἰς
2743 5776 3017 5845 Αἴγυπτον
3052 5772 3306 5833 κάθοδον
3329 5771 3424 5826 καὶ
3464 5771 3615 5833 ὅπως
3666 5769 3833 5823 αὐτὸν

2316 5924 2337 5951 θ
2400 5922 2481 5971 Sic
2525 5918 2733 5967 maxima
2772 5927 2884 5977 pars
2908 5926 3035 5977 Amss.
3081 5911 3212 5961 Edili
3256 5910 3531 5977 πειρασμοῖς
3570 5906 3838 5977 περιπεφλε-

2261 5989 2385 6045 cum,
2543 5981 2689 6030 lectio
2715 5968 2880 6029 \‘ifiata
2899 5975 3003 6037 fuit,
3030 5982 3082 6025 ut
3105 5981 3242 6025 recte
3268 5968 3542 6034 suépicalus
3570 5979 3645 6019 est
3670 5968 3828 6016 Sam.
