4038 6358
254 401 363 457 557

252 515 525 584 ingressus
552 510 605 566 in
634 509 943 583 Egyptum,
966 508 1061 565 sed
1085 509 1249 565 Deum
1278 509 1378 564 hoc
1406 509 1614 577 fecisse,
1636 518 1693 564 ut
1713 510 1826 578 ipse

226 606 308 660 .in
337 606 475 657 hanc
490 602 696 656 veniret
714 598 956 671 gloriam.
980 599 1139 665 Deus,
1159 598 1347 668 inquit,
1371 600 1502 653 misit
1526 616 1621 666 me,
1650 610 1696 652 et
1717 598 1831 669 fecit

254 712 334 748 me
359 694 503 763 quasi
533 702 725 762 patrem
759 690 1046 744 Pharaonis
1069 731 1084 757 ,
1116 699 1163 743 et
1190 690 1448 743 dominum
1477 690 1627 743 totius
1655 690 1832 743 domus

254 787 418 849 illius,
440 794 487 838 et
512 784 786 853 principem
809 783 959 837 totius
986 780 1222 852 ngypti.
1251 781 1364 845 llla,
1395 782 1581 851 inquit,
1608 782 1834 836 servitus

256 875 403 929 hunc
444 873 792 943 principatum
832 871 959 925 mihi
995 870 1333 935 conciliavit,
1378 870 1465 924 illa
1508 870 1742 924 venditio
1780 872 1832 924 in

259 964 401 1017 hanc
428 977 515 1016 me
539 961 760 1031 gloriam
789 960 963 1015 evexit
987 1001 1001 1025 ,
1035 960 1120 1013 illa
1149 959 1364 1014 afflictio
1397 960 1552 1028 hujus
1576 960 1705 1014 mihi
1735 961 1834 1013 ho-

258 1056 409 1108 noris
448 1053 657 1107 occasio
686 1050 820 1117 fuit,
860 1051 947 1104 illa
975 1051 1172 1105 invidia
1213 1051 1349 1105 hanc
1385 1052 1512 1105 mihi
1540 1051 1832 1105 claritatem

258 1147 489 1216 peperit.
519 1145 643 1199 Htec
672 1158 768 1197 nos
793 1158 899 1198 non
923 1144 1093 1197 solum
1119 1143 1392 1197 audiamus
1412 1185 1427 1207 ,
1458 1142 1552 1197 sed
1578 1152 1630 1197 et
1658 1143 1835 1197 imite-

258 1255 382 1292 mur
406 1257 420 1293 :
449 1249 496 1291 et
528 1238 595 1290 ita
622 1235 855 1291 solemur
880 1250 971 1290 eos
993 1235 1086 1304 qui
1116 1251 1212 1289 nos
1237 1235 1493 1300 amisere,
1524 1250 1630 1288 non
1662 1236 1836 1303 impu-

261 1342 438 1384 tantes
464 1330 543 1383 eis
567 1344 685 1398 quae
717 1330 766 1382 in
797 1343 894 1383 nos
922 1328 1268 1395 admiserunt,
1301 1338 1354 1383 ct
1377 1330 1553 1383 omnia
1579 1344 1697 1382 cum
1729 1343 1839 1382 ma-

258 1436 365 1489 gna
398 1421 626 1474 ferentes
660 1419 1047 1484 benevolentia,
1080 1418 1217 1473 sicut
1247 1420 1337 1473 ille
1366 1421 1446 1474 vir
1474 1419 1834 1473 admirandus.

260 1511 449 1581 Igitur,
481 1510 667 1580 inquit,
696 1525 818 1564 cum
849 1525 1159 1578 persuasum
1181 1510 1330 1565 vobis
1358 1512 1593 1573 fecerim,
1622 1526 1707 1566 me
1735 1526 1837 1565 non

262 1603 416 1657 vobis
442 1602 744 1656 adscribere
763 1616 825 1655 ea
847 1616 963 1669 qua:
983 1610 1165 1655 contra
1189 1616 1272 1655 me
1298 1616 1327 1653 a
1349 1602 1499 1656 vobis
1524 1600 1659 1655 facta
1684 1608 1837 1667 sunt,

261 1692 357 1746 sed
391 1692 529 1760 quod
568 1691 786 1744 libemm
816 1706 909 1745 vos
938 1690 1253 1745 criminibus
1286 1709 1297 1744 :
1332 1692 1441 1744 Deo
1466 1704 1641 1744 autem
1664 1699 1837 1743 totum

265 1782 518 1844 tribuam,
542 1781 633 1850 qui
656 1781 742 1833 illa
766 1783 834 1833 ita
857 1780 1182 1848 dispensavit
1202 1791 1256 1833 ut
1282 1790 1591 1849 prtesentem
1622 1780 1843 1848 gloriam

263 1874 343 1926 sic
360 1868 697 1940 acquirerem
718 1888 732 1923 :
757 1870 809 1924 9.
840 1868 966 1923 Ideo
982 1872 1269 1940 festinantes
1291 1872 1537 1924 ascendite
1562 1870 1629 1921 ad
1651 1881 1841 1938 patrem

263 1978 433 2015 meum
456 2001 471 2025 ,
502 1971 549 2014 et
573 1961 720 2014 dicite
740 1961 783 2013 ei
806 1974 827 2013 :
858 1959 980 2013 IIth
1003 1961 1120 2012 dicit
1142 1961 1278 2028 filius
1300 1973 1411 2013 tuus
1434 1961 1624 2029 Joseph
1656 1976 1676 2013 .'
1702 1959 1844 2013 Fecit

263 2071 347 2105 me
365 2053 501 2107 Deus
521 2052 778 2104 dominum
795 2053 943 2104 totius
964 2060 1108 2104 terra:
1123 2050 1194 2103 1E
1200 2052 1357 2121 gypti.
1384 2050 1640 2105 Descende
1659 2051 1724 2103 ad
1744 2067 1841 2117 me,

262 2155 313 2199 et
339 2161 401 2197 ne
428 2142 635 2209 differas
659 2160 677 2203 :
710 2144 797 2197 10.
826 2153 871 2196 et
910 2143 1153 2195 habitabis
1183 2144 1235 2195 in
1272 2152 1404 2195 terra
1431 2141 1604 2195 Gcsem
1630 2183 1642 2200 ,
1677 2153 1720 2195 et
1749 2143 1845 2195 eris

264 2235 411 2304 apud
434 2251 511 2287 me
536 2244 607 2300 tu,
637 2244 682 2287 et
704 2234 796 2301 ﬁlii
829 2234 921 2300 tui,
953 2244 998 2287 et
1029 2233 1123 2300 ﬁlii
1147 2233 1365 2301 filiorum
1396 2244 1609 2297 (ttontm,
1639 2244 1682 2285 et
1712 2248 1843 2297 oves,

264 2337 314 2380 et
347 2327 491 2379 boves
515 2368 530 2387 ,
572 2335 617 2379 et
654 2341 974 2395 quacumque
1015 2326 1163 2379 habes
1189 2367 1204 2392 ,
1240 2327 1324 2379 11.
1355 2335 1399 2378 et
1427 2327 1559 2377 alant
1587 2338 1632 2377 te
1663 2324 1847 2396 (adhuc

265 2418 405 2468 enim
420 2416 635 2485 quinque
654 2416 799 2469 anuis
822 2415 1020 2486 fames),
1041 2427 1093 2469 ut
1116 2432 1215 2469 non
1235 2416 1448 2470 delearis
1474 2426 1546 2482 tu,
1575 2427 1619 2469 et
1638 2417 1730 2484 filii
1753 2415 1845 2481 tui,

267 2517 317 2560 et
329 2508 492 2560 omnis
503 2507 890 2561 substantiatua.
908 2507 993 2561 12.
1010 2505 1139 2561 Ecce
1150 2508 1282 2561 oculi
1295 2509 1440 2561 vestri
1455 2509 1637 2574 vident,
1658 2518 1701 2561 et
1717 2509 1850 2562 oculi

269 2596 541 2663 Beniamin
571 2601 741 2668 fratris
768 2599 937 2663 vestri,
959 2598 1093 2670 quod
1119 2615 1203 2652 ore
1228 2616 1335 2652 meo
1362 2600 1495 2652 vobis
1522 2598 1719 2668 loquor.
1742 2600 1850 2653 An-

272 2692 506 2743 nuntiate
543 2692 675 2761 patri
718 2708 826 2744 meo
865 2708 1059 2745 omnem
1087 2691 1301 2762 gloriam
1338 2709 1498 2746 meam
1537 2709 1650 2763 qua:
1687 2704 1758 2746 est
1796 2694 1851 2747 in

272 2781 509 2853 Egypto
526 2824 541 2847 ,
567 2792 611 2836 et
640 2800 961 2854 quwcumque
988 2784 1209 2849 vidistis,
1238 2794 1287 2838 et
1311 2785 1600 2855 festinantes
1626 2784 1852 2839 deducite

272 2890 412 2928 eum
443 2874 727 2943 Postquam
756 2875 868 2929 luec
904 2874 1082 2929 omnia
1108 2874 1279 2938 dixit,
1307 2884 1360 2927 et
1390 2875 1516 2929 satis
1544 2890 1636 2929 eos
1663 2889 1853 2930 conso-

273 2961 414 3017 latus
440 2972 543 3029 est,
576 2964 983 3033 mandatumque
1002 2962 1147 3018 dedit
1167 2972 1224 3018 ut
1241 2963 1307 3017 de
1331 2964 1488 3017 rebus
1509 2973 1562 3017 et
1586 2972 1728 3019 statu
1754 2980 1852 3019 suo

275 3063 482 3123 patrem
509 3054 789 3110 certiorem
820 3056 1104 3111 redderent
1132 3096 1148 3119 ,
1177 3055 1459 3124 statimque
1488 3056 1850 3120 adducerent,

277 3146 367 3200 14.
402 3145 591 3200 Cecidit
615 3148 666 3200 in
696 3147 881 3201 collum
908 3147 1174 3217 Beniamin
1205 3148 1373 3217 fratris
1401 3150 1481 3201 sui
1496 3190 1509 3211 ,
1531 3159 1578 3203 et
1603 3150 1736 3217 ﬂevit
1764 3150 1783 3219 (
1808 3150 1853 3203 is

277 3254 509 3307 namque
529 3247 644 3293 erat
664 3241 899 3294 uterinus
919 3238 1126 3307 frater),
1145 3250 1189 3293 et
1209 3241 1295 3293 ille
1314 3240 1526 3294 vicissim
1551 3241 1684 3309 flevit
1705 3257 1855 3309 super

278 3344 372 3393 eo;
407 3338 452 3381 et
487 3330 739 3383 osculatus
774 3339 842 3382 est
873 3346 1043 3383 omnes
1072 3334 1254 3401 fratres
1294 3346 1407 3383 suos
1428 3371 1441 3394 ,
1466 3340 1513 3383 et
1541 3331 1676 3399 ﬂevit
1703 3346 1855 3400 super

276 3437 382 3474 eas.
414 3420 651 3490 Denique
680 3430 796 3489 post
822 3430 1023 3475 tantum
1053 3421 1371 3491 colloquium
1397 3430 1451 3475 et
1476 3420 1736 3492 lacrymas
1756 3463 1770 3484 ,
1801 3431 1854 3475 et

277 3509 694 3564 consolationem
720 3551 736 3576 ,
765 3519 817 3564 et
846 3510 1121 3563 consilium
1160 3509 1301 3579 quod
1331 3509 1407 3564 eis
1436 3509 1611 3575 dedit,
1640 3511 1726 3564 vix
1755 3525 1853 3578 po-

282 3608 499 3655 tuerunt
523 3615 641 3654 cum
672 3615 736 3653 eo
765 3600 928 3668 loqui.
958 3601 1042 3654 l5.
1072 3598 1196 3652 Post
1221 3602 1326 3653 htec
1355 3600 1516 3666 enim,
1548 3600 1747 3668 inquit,
1775 3599 1854 3653 lo-

278 3689 558 3760 quebantur
581 3690 645 3743 ei.
677 3690 763 3744 16.
796 3689 918 3743 [lare
942 3699 1105 3743 autem
1131 3691 1300 3743 omnia
1325 3689 1582 3759 divulgata
1613 3700 1731 3744 sunt
1760 3731 1774 3755 ,
1811 3697 1856 3743 et

279 3782 527 3835 celebrata
561 3782 614 3834 in
639 3781 787 3834 domo
814 3780 1096 3834 Pharaonis
1114 3822 1129 3846 ,
1161 3791 1207 3836 et
1235 3783 1433 3852 gavisus
1462 3792 1532 3835 est
1561 3821 1575 3846 ,
1614 3792 1660 3835 et
1686 3798 1855 3835 omnes

278 3876 365 3943 qui
405 3876 457 3927 in
499 3876 647 3927 domo
682 3876 808 3942 ejus.
840 3874 1181 3939 Exhilaravit,
1214 3874 1416 3943 inquit,
1445 3888 1631 3928 omnes
1659 3875 1854 3944 agnitio

280 3968 504 4019 fratrum
534 3965 750 4034 Joseph.
784 3966 868 4018 l7.
902 3964 967 4017 Et
993 3965 1141 4031 dixit,
1173 3965 1360 4034 inquit,
1385 3981 1474 4017 rex
1499 3963 1691 4034 Ioseph
1716 3981 1733 4019 :
1758 3962 1856 4016 Dic

280 4056 525 4126 fratribus
551 4057 647 4109 tuis
676 4071 693 4108 :
726 4054 836 4108 Hoc
864 4058 1013 4124 facite
1039 4071 1057 4108 :
1083 4054 1282 4123 implete
1305 4053 1531 4107 vehicula
1558 4063 1719 4107 vestra
1746 4053 1855 4121 fru-

283 4155 469 4211 mento,
506 4154 553 4197 et
587 4144 736 4197 abite.
774 4144 861 4198 18.
892 4142 957 4196 Et
988 4152 1241 4213 assumpto
1270 4151 1412 4212 patre
1437 4152 1594 4195 vestro
1610 4142 1767 4195 redite
1789 4142 1855 4193 ad

281 4253 394 4299 me,
428 4246 476 4288 et
510 4236 639 4288 dabo
678 4235 810 4289 vobis
849 4236 911 4287 de
950 4235 1178 4287 omnibus
1214 4234 1354 4286 bonis
1387 4231 1605 4302 AZgypti
1636 4250 1653 4285 :
1682 4230 1768 4287 l9.
1801 4241 1855 4285 tu

281 4337 449 4379 autem
475 4328 687 4392 manda,
717 4335 771 4379 ut
791 4326 1039 4394 accipiant
1066 4326 1289 4394 plaustra
1320 4326 1488 4393 pueris
1519 4333 1565 4377 et
1594 4325 1854 4379 uxoribus.

279 4417 419 4471 Vide
464 4428 516 4471 et
564 4432 740 4485 regem
765 4459 779 4480 ,
809 4416 1075 4486 quomodo
1098 4415 1206 4484 jam
1236 4430 1415 4469 curam
1456 4416 1563 4487 agit
1591 4414 1658 4469 de
1684 4413 1855 4469 reditu

285 4507 445 4563 Jacob
476 4506 571 4576 (a).
594 4505 662 4559 Et
688 4516 965 4573 assumpto,
999 4505 1188 4575 inquit,
1220 4516 1358 4573 patre
1377 4512 1535 4557 vestro
1560 4504 1739 4571 venite,
1761 4503 1852 4558 20.

280 4608 328 4651 et
356 4614 418 4650 ne
448 4598 665 4666 parcatis
689 4596 845 4650 oculis
876 4596 939 4649 de
966 4599 1094 4648 vasis
1125 4596 1315 4648 vestris.
1357 4593 1544 4648 Omnia
1573 4594 1701 4647 enim
1728 4595 1854 4647 bona

282 4688 505 4759 Egypti
525 4698 686 4742 vestra
711 4698 873 4741 erunt.
891 4687 981 4741 21.
1008 4687 1254 4741 Fecerunt
1275 4697 1438 4739 autem
1463 4686 1535 4739 sic
1554 4686 1649 4754 ﬁlii
1668 4684 1851 4739 Israel.

278 4778 438 4833 Dedit
465 4788 629 4832 autem
658 4777 693 4831 .1
698 4780 851 4846 oseph
874 4780 943 4831 eis
971 4795 1166 4843 currus,
1191 4778 1343 4847 juxta
1368 4776 1658 4829 mandatum
1687 4777 1854 4845 regis;

277 4871 373 4924 22.
397 4878 443 4922 et
469 4870 696 4923 omnibus
725 4868 925 4937 quidem
945 4868 1079 4920 dedit
1102 4868 1240 4919 binas
1261 4866 1413 4921 stolas
1432 4905 1447 4930 ,
1476 4863 1741 4934 Benjamin
1764 4881 1856 4917 au-

281 4969 383 5013 tem
406 4959 542 5012 dedit
566 4968 806 5012 trecentos
828 4974 1028 5019 aureos,
1053 4964 1098 5009 et
1123 4957 1336 5025 quinque
1364 4956 1516 5008 stolas
1542 4955 1853 5018 mutatorias,

278 5049 377 5103 23.
403 5057 448 5102 et
469 5048 598 5117 patri
617 5064 706 5102 suo
723 5048 855 5102 misit
874 5047 1103 5100 similiter
1120 5055 1166 5099 et
1185 5046 1354 5098 decem
1378 5046 1545 5099 asinos
1565 5049 1775 5115 ferentes
1794 5045 1858 5098 de

281 5138 430 5192 bonis
444 5136 682 5208 £gypti,
706 5147 755 5193 et
773 5142 942 5192 decem
960 5138 1122 5190 mutas
1145 5137 1354 5204 ferentes
1372 5151 1523 5204 panes
1544 5135 1674 5205 patri
1693 5152 1785 5189 suo
1803 5136 1855 5190 in

280 5232 440 5283 viam.
464 5228 554 5284 24.
588 5230 778 5296 Quibus
806 5228 1033 5283 omnibus
1061 5227 1193 5282 datis
1210 5267 1228 5295 ,
1259 5227 1393 5281 misit
1425 5228 1608 5296 fratres
1631 5241 1781 5293 suos,
1809 5234 1856 5280 et

347 5400 423 5462 (tt)
454 5403 526 5450 Sic
546 5412 718 5451 omnes
729 5414 837 5450 cum
849 5400 987 5459 aditi,
1003 5404 1106 5450 tum
1127 5399 1441 5459 Mannscripti.
1458 5403 1517 5462 At
1531 5410 1760 5462 quorsum
1778 5396 1857 5462 hic

280 5458 472 5528 reditus
484 5463 649 5528 Jacobi
672 5464 722 5511 in
741 5458 1016 5526 mium,
1053 5462 1136 5524 qui
1158 5458 1416 5528 numquam
1427 5458 1703 5528 ﬁlgy‘ptum
1719 5458 1856 5528 vide-

281 5523 392 5571 rat?
408 5534 472 5570 an
484 5522 561 5572 hic
579 5537 671 5572 vox
683 5522 855 5583 Graeca,
866 5522 1217 5584 'tmo'sou,'quaz.
1229 5522 1402 5580 reditu,
1427 5522 1740 5582 interpretata
1759 5525 1852 5584 est,

282 5585 440 5645 posita
463 5586 610 5651 fuerit
640 5597 746 5646 pro,
769 5582 917 5641 ἀνόδου,
940 5584 1018 5633 vel
1044 5582 1219 5654 potius,
1240 5590 1431 5654 μηδεν,
1456 5593 1567 5690 quae
1598 5593 1741 5650 voces
1758 5582 1856 5641 jam

282 5656 401 5690 non-
424 5646 648 5690 reditum.
672 5646 779 5690 sed.
808 5645 1104 5690 descensum.
1128 5644 1454 5690 surmﬁearent
1512 5649 1563 5689 Et
1581 5641 1658 5690 hic
1680 5653 1856 5689 sensus

281 5641 406 5707 non,
424 5641 656 5703 reditum,"
672 5641 779 5704 sed,
808 5641 1104 5703 descensum,
1128 5644 1454 5707 signiﬁcarent
1465 5641 1563 5707 ?_t-:t
1581 5641 1658 5690 hic
1680 5653 1857 5689 sensus

278 5705 561 5768 quadraret,
584 5702 972 5768 qtianddquidem
1010 5702 1097 5768 qui
1116 5702 1363 5768 ex'Judaza
1394 5705 1442 5754 in
1466 5702 1721 5765 Egyptum
1740 5711 1854 5764 per-

282 5772 424 5830 gunt,
440 5766 742 5818 descendere
765 5766 819 5817 ut
841 5766 1094 5830 plurimum
1109 5766 1349 5818 dicuntur.

1288 396 1353 452 IN
1390 395 1542 452 CAP.
1584 395 1742 452 XLV.
1784 394 2023 451 GENES.
2063 394 2296 451 HOMIL.
2326 396 2489 453 LXV.

3401 399 3507 455 558

1940 511 2154 580 profecti
2179 519 2294 563 sunt
2317 527 2335 565 :
2357 510 2580 578 dixitque
2607 510 2678 564 eis
2704 524 2723 565 :
2749 508 2833 564 Ne
2857 510 3145 564 irascamini
3166 510 3219 564 in
3244 511 3343 565 uia.
3379 511 3509 567 Vide

1938 611 2175 656 mentem
2215 602 2454 656 moribus
2480 602 2693 672 optimis
2723 601 3016 671 praditam.
3046 601 3160 656 Non
3188 602 3360 657 solum
3398 604 3510 674 ipse

1938 690 2141 745 dimisit
2168 692 2299 746 iram
2320 732 2335 757 ,
2364 702 2419 747 et
2443 707 2473 745 a
2500 692 2809 747 criminibus
2849 692 3125 758 liberavit,
3157 692 3250 747 sed
3283 702 3338 747 et
3364 694 3511 762 ipsos

1940 781 2226 847 admonet,
2266 798 2333 837 ne
2363 784 2657 836 irascantur
2683 784 2735 836 in
2761 783 2865 848 via,
2897 798 3070 853 neque
3093 798 3212 838 sese
3237 793 3420 838 mutuo
3444 784 3515 839 de

1942 871 2093 926 factis
2115 880 2380 927 accusent.
2412 872 2545 927 Nam
2574 873 2619 927 si
2648 888 2815 942 nuper
2839 888 2960 928 cum
2989 882 3243 928 steterant
3268 886 3389 929 ante
3414 875 3511 929 Jo-

1942 964 2093 1032 seph,
2112 963 2358 1018 dicebant
2374 965 2510 1018 inter
2534 978 2612 1029 se,
2634 964 2814 1018 Merito
2835 982 2852 1018 :
2873 966 2927 1018 in
2952 966 3166 1035 peccatis
3187 966 3316 1019 enim
3341 985 3512 1021 sumus

1942 1064 2145 1123 propter
2168 1058 2377 1124 fratrem
2402 1065 2625 1109 nostrum
2644 1095 2660 1121 ,
2680 1056 2797 1125 quia
2821 1056 3135 1123 despeximus
3161 1058 3267 1125 ejus
3286 1057 3512 1126 afﬂictio-

1942 1162 2054 1198 nem
2084 1146 2244 1214 (Gen.
2269 1146 2354 1199 42.
2383 1146 2472 1200 21.
2499 1146 2595 1219 22)
2621 1165 2636 1213 ;
2658 1157 2713 1202 et
2740 1162 3026 1216 exsurgens
3051 1148 3237 1203 Ruben
3264 1149 3472 1205 dicebat
3498 1168 3511 1203 :

1944 1237 2129 1291 Nonne
2164 1238 2269 1291 dixi
2304 1237 2439 1292 vobis
2464 1280 2480 1307 ,
2514 1254 2576 1292 ne
2604 1236 2794 1309 injuria
2812 1238 3035 1309 efficiatis
3066 1256 3295 1307 puerum,
3336 1251 3381 1293 et
3414 1257 3515 1293 non

1942 1328 2215 1381 exaudistis
2251 1327 2374 1381 me?
2412 1328 2579 1381 multo
2614 1329 2783 1397 magis
2809 1329 3094 1383 verisimile
3122 1337 3256 1392 erat,
3284 1329 3430 1382 illum
3460 1329 3513 1382 in

1942 1419 2024 1473 via
2051 1434 2173 1472 cum
2200 1419 2320 1474 aliis
2346 1421 2638 1474 rixaturum
2665 1435 2803 1475 esse.
2849 1420 3131 1489 Propterea
3158 1422 3514 1490 comprimens

1944 1526 2128 1565 eorum
2156 1512 2289 1565 iram
2316 1521 2370 1566 et
2396 1513 2790 1566 contentionem
2817 1520 3071 1573 mutuam,
3103 1512 3228 1565 dicit
3255 1529 3266 1564 :
3300 1510 3381 1564 Ne
3407 1512 3514 1563 ira-

1943 1604 2153 1656 scamini
2176 1604 2226 1656 in
2251 1605 2361 1669 via;
2388 1603 2481 1657 sed
2505 1603 2796 1672 cogitantes
2824 1602 2962 1672 quod
2988 1619 3085 1671 ego
3111 1618 3214 1655 non
3243 1602 3515 1657 habuerim

1946 1709 2043 1762 pro
2068 1695 2289 1748 crimine
2314 1708 2430 1763 qua:
2457 1694 2509 1746 in
2538 1708 2624 1747 me
2655 1693 2962 1758 admisistis,
2994 1693 3093 1761 ipsi
3119 1693 3279 1746 etiam
3303 1707 3397 1747 vos
3420 1692 3514 1747 be-

1946 1788 2243 1841 nevolentia
2274 1785 2505 1839 vicissim
2536 1784 2945 1854 prosequamini.

2018 1873 2232 1927 Moralis
2259 1874 2555 1928 exhortatio.
2579 1905 2648 1913 —
2670 1874 2797 1939 Quis
2829 1889 2923 1942 pro
2949 1872 3200 1941 dignitate
3226 1872 3518 1925 admirare-

1951 1976 2035 2019 tur
2058 1964 2187 2035 justi
2217 1966 2313 2019 viri
2341 1966 2496 2035 hujus
2525 1966 2795 2031 virtutem,
2827 1964 2914 2034 qui
2946 1979 3097 2017 nova:
3128 1964 3256 2031 legis
3283 1962 3518 2031 philoso-

1947 2059 2125 2128 phiam
2174 2074 2358 2128 magna
2400 2057 2706 2127 adimplevit
2743 2056 3042 2124 diligentia;
3088 2064 3242 2123 atque
3286 2055 3338 2107 id
3380 2053 3518 2122 quod

1948 2150 2193 2203 Christus
2217 2150 2466 2203 admonet
2494 2150 2800 2217 discipulos,
2836 2147 3038 2217 Diligite
3058 2147 3282 2199 inimicos
3312 2154 3516 2209 vestros,

1951 2250 2088 2293 orate
2110 2256 2201 2309 pro
2233 2238 2634 2307 persequentibus
2660 2254 2744 2291 vos
2775 2236 2986 2306 (Matth.
3013 2236 3064 2290 5.
3089 2234 3205 2305 44).
3231 2235 3329 2287 hoc
3358 2235 3441 2286 ille
3467 2242 3522 2287 et

1951 2333 2116 2386 multo
2143 2332 2307 2401 magis
2336 2330 2496 2386 fecit?
2538 2329 2719 2399 Neque
2763 2330 2904 2383 enim
2945 2328 3114 2381 solum
3146 2337 3340 2380 tantam
3370 2324 3522 2380 exhi-

1954 2427 2067 2481 buit
2096 2426 2371 2480 caritatem
2404 2439 2528 2493 erga
2557 2439 2647 2477 eos
2676 2423 2763 2492 qui
2791 2438 2876 2483 se,
2909 2429 3167 2493 quantum
3190 2419 3242 2473 in
3271 2420 3347 2473 eis
3375 2428 3519 2482 erat,

1952 2517 2287 2578 occiderant;
2317 2516 2409 2569 sed
2437 2515 2612 2568 omnia
2644 2515 2797 2575 facit,
2840 2523 2895 2565 nt
2922 2512 3249 2566 demonstret
3275 2510 3403 2563 nihil
3431 2524 3523 2563 eos

1953 2609 2005 2662 in
2033 2623 2092 2661 se
2119 2606 2319 2676 peccati
2350 2606 2645 2658 admisisse.
2678 2603 2720 2658 Ο
2751 2602 3098 2672 philosophice
3122 2598 3520 2654 excellentiam!

1953 2712 1987 2752 ο
2010 2698 2278 2766 ingentem
2310 2694 2648 2764 probitatem,
2680 2701 2736 2747 et
2761 2692 3061 2745 dilectionis
3093 2690 3183 2744 Dei
3210 2688 3523 2755 magnitudi-

1954 2788 2250 2844 nemlNon
2282 2802 2404 2850 vos,
2450 2786 2639 2855 inquit,
2686 2784 2803 2839 hare
2851 2782 2977 2836 mihi
3024 2783 3253 2846 fecistis;
3294 2781 3385 2835 sed
3433 2780 3524 2834 Dei

1953 2896 2077 2951 erga
2112 2895 2198 2935 me
2224 2877 2553 2950 providentia
2607 2876 2718 2930 lucc
2749 2873 2860 2929 fieri
2884 2874 3141 2944 permisit,
3169 2881 3225 2926 ut
3255 2870 3382 2925 mihi
3432 2886 3523 2924 so-

1954 2972 2217 3027 mniorum
2240 2977 2460 3025 eventus
2482 2965 2835 3028 concedatur,
2879 2972 2933 3018 et
2965 2963 3113 3017 vobis
3155 2961 3338 3016 salutis
3365 2975 3523 3015 causa

1955 3078 2073 3117 esse
2102 3062 2320 3132 possim.
2349 3060 2425 3115 Ita
2454 3066 2509 3112 ut
2532 3059 2583 3111 in
2613 3054 2982 3110 afﬂictionibus
3003 3062 3056 3107 et
3077 3053 3128 3106 in
3151 3051 3525 3106 tentationibus

1955 3167 2094 3217 esse,
2126 3151 2168 3205 si
2199 3150 2358 3204 sobrii
2389 3148 2575 3213 simus,
2598 3145 2790 3201 divina:
2817 3144 2885 3200 sit
2911 3160 3033 3214 erga
3064 3157 3161 3197 nos
3185 3140 3525 3210 providentia:

1956 3250 2010 3297 et
2029 3240 2412 3297 benevolentia:
2440 3238 2666 3309 signum.
2694 3235 2769 3289 Ne
2793 3235 2949 3305 igitur
2969 3236 3020 3288 in
3044 3232 3287 3287 omnibus
3310 3245 3525 3300 prospe-

1957 3334 2167 3387 ritatem
2189 3341 2243 3386 et
2264 3329 2584 3383 affluentiam
2610 3327 2954 3396 inquiramus,
2985 3324 3078 3379 sed
3103 3332 3157 3378 et
3182 3324 3292 3377 sive
3321 3323 3370 3375 in
3400 3336 3524 3391 pro-

1958 3422 2209 3493 speritate
2236 3422 2423 3479 simus.
2454 3419 2565 3473 sive
2608 3418 2662 3471 in
2690 3415 3029 3479 adversitate,
3062 3413 3304 3467 similiter
3332 3412 3524 3481 gratias

1957 3514 2239 3568 offeramus
2280 3511 2505 3565 Domino
2524 3551 2540 3575 ,
2574 3517 2630 3563 ut
2653 3508 2763 3561 visa
2791 3516 2936 3576 grata
2969 3513 3146 3559 mente
3174 3513 3350 3557 nostra
3376 3544 3391 3568 ,
3424 3503 3526 3554 lar-

1957 3609 2158 3676 giorem
2202 3619 2348 3658 suam
2387 3617 2512 3671 erga
2556 3615 2653 3654 nos
2691 3599 2925 3653 declaret
2958 3595 3335 3666 providentiam
3368 3609 3524 3661 :qn:n

1958 3700 2111 3753 nobis
2140 3696 2386 3751 omnibus
2412 3692 2731 3748 concedatur
2757 3690 2922 3760 gratia
2949 3696 3002 3743 et
3028 3684 3390 3741 misericordia
3423 3686 3524 3738 Do-

1958 3791 2086 3846 mini
2130 3790 2293 3844 nostri
2340 3787 2463 3841 Jesu
2511 3783 2743 3846 Christi,
2800 3781 3010 3852 quicum
3052 3778 3194 3834 Patri
3245 3785 3299 3831 et
3341 3785 3524 3829 sancto

1959 3883 2173 3954 Spiritui
2204 3883 2272 3935 sit
2296 3878 2480 3949 gloria.
2507 3876 2806 3945 imperium,
2835 3874 3024 3940 honor,
3050 3884 3189 3925 nunc
3213 3879 3266 3924 et
3290 3882 3518 3936 semper,

1958 3986 2013 4031 et
2040 3974 2092 4028 in
2122 3970 2315 4027 saecula
2337 3966 2674 4023 szcculorum.
2704 3965 2892 4018 Amen.

2503 4120 2783 4177 HOMILIA
2816 4118 2975 4175 LXV.

1960 4261 2027 4315 Et
2064 4258 2422 4323 ascenderunt,
2464 4256 2667 4325 inquit,
2717 4270 2779 4308 ex
2824 4250 3088 4322 Egypto.
3135 4258 3180 4302 et
3214 4256 3443 4301 venerunt
3471 4247 3523 4297 in

2031 4361 2213 4405 terram
2240 4349 2480 4403 Chanaan
2507 4346 2574 4399 ad
2592 4344 2751 4398 Jacob
2777 4352 2965 4412 patrem
2990 4355 3134 4393 suum
3151 4347 3231 4391 :et
3263 4337 3523 4389 nuntiaue-

2029 4450 2147 4494 runt
2176 4439 2222 4493 ei
2246 4438 2499 4491 dicentes:
2523 4433 2569 4488 F
2568 4434 2685 4487 ilius
2705 4443 2818 4486 tuus
2842 4429 3029 4498 Ioseph
3056 4428 3192 4493 vivit,
3222 4435 3267 4479 et
3292 4424 3527 4479 domina-

2031 4540 2111 4583 tur
2140 4530 2228 4582 toti
2248 4539 2390 4582 terra:
2414 4524 2649 4595 ngypti.
2684 4522 2749 4576 Et
2777 4521 3024 4592 obstupuit
3046 4516 3243 4583 Jacob;
3269 4532 3370 4570 non
3383 4504 3524 4570 enim

2029 4621 2237 4677 credidit
2262 4621 2332 4674 eis
2362 4617 2510 4690 (Gen.
2540 4618 2629 4672 45.
2652 4615 2743 4670 25.
2776 4614 2885 4683 26).

2032 4760 2083 4813 1.
2106 4755 2325 4810 Vidistis
2351 4768 2415 4807 ex
2443 4752 2524 4805 his
2543 4765 2659 4819 quae
2680 4747 2794 4803 beri
2810 4746 2946 4801 dicta
2970 4752 3115 4808 sunt,
3136 4740 3526 4812 philosophiam

1959 4848 2175 4919 Iosephi
2202 4886 2219 4914 ,
2266 4854 2320 4901 et
2368 4841 2772 4898 inenarrabilem
2815 4836 3147 4892 clementiam
3196 4848 3354 4903 quam
3406 4847 3527 4901 erga

1961 4940 2151 4994 fratres
2173 4951 2297 4992 suos
2322 4932 2597 4990 exhibuit:
2625 4944 2725 4985 nec
2751 4928 2919 4983 solum
2948 4927 3140 4980 nullam
3172 4924 3295 4979 fecit
3317 4937 3529 4977 memo-

1958 5032 2091 5085 riam
2114 5041 2296 5082 eorum
2321 5039 2439 5095 qua:
2459 5024 2512 5077 in
2534 5037 2591 5078 se
2615 5020 2954 5082 admiserant,
2984 5017 3075 5071 sed
3095 5023 3149 5070 et
3171 5014 3439 5069 redituros
3466 5013 3527 5064 ad

1961 5127 2229 5191 parentem
2255 5114 2546 5175 admonuit,
2568 5110 2800 5182 ipsisque
2826 5108 3100 5164 consilium
3126 5104 3271 5159 dedit
3297 5120 3364 5157 ne
3396 5104 3531 5156 inter

1961 5190 2020 5265 se
2043 5209 2320 5278 jurgentur
2340 5218 2501 5274 super
2523 5201 2608 5256 bis
2630 5215 2747 5270 qua:
2775 5200 2825 5253 in
2856 5198 3026 5267 ipsum
3052 5194 3397 5258 admiserant,
3434 5190 3530 5245 sed

1961 5299 2176 5355 dimissa
2201 5297 2344 5353 omni
2372 5294 2449 5350 ira
2471 5334 2488 5361 ,
2517 5291 2738 5362 paciﬁce
2762 5288 3050 5344 ambulent.
3078 5285 3266 5355 Operae
3298 5284 3531 5355 pretium

1958 5392 2042 5445 est
2070 5398 2247 5443 autem
2271 5394 2326 5441 et
2348 5384 2457 5455 jam
2481 5398 2599 5454 qua
2627 5389 2916 5451 sequuntur
2938 5390 3234 5442 recensere,
3264 5384 3321 5428 ut
3349 5373 3528 5428 videa-

1959 5496 2077 5536 mus
2089 5487 2143 5536 et
2173 5479 2360 5533 horum
2377 5475 2443 5531 ad
2464 5484 2664 5545 patrem
2684 5472 2931 5534 reditum,
2954 5476 3003 5523 et
3025 5467 3340 5522 descensum
3362 5462 3524 5519 Jacob

1962 5573 2013 5625 in
2046 5570 2332 5640 Egyptum
2363 5584 2377 5619 :
2408 5578 2613 5619 necnon
2660 5558 2925 5631 quomodo
2966 5557 3266 5612 refloruerit
3305 5552 3525 5607 audiens

1960 5677 2021 5717 ea
2059 5675 2176 5729 quae
2216 5656 2410 5726 Joseph
2456 5652 2790 5724 spectabant,
2820 5658 3010 5718 atque,
3035 5656 3094 5700 ut
3121 5645 3198 5700 sic
3223 5645 3424 5729 dicam.
3456 5641 3523 5696 de

1952 5728 2090 5807 sene
2101 5746 2311 5819 juvenis
2325 5742 2560 5804 redditus
2576 5740 2663 5799 sit.
2680 5739 2809 5809 Quis
2824 5737 2965 5795 enim
2981 5747 3226 5792 sermone
3246 5728 3532 5803 complecti
