4038 6358
471 388 581 460 sto

474 526 658 590 posset
686 503 1006 584 voluptatem
1032 511 1091 565 'in
1130 524 1233 579 qua
1276 519 1403 561 tunc
1441 504 1630 562 fuerit.
1668 518 1793 558 cum
1823 501 2056 555 disceret

481 611 673 680 Ioseph
703 610 899 669 vivere,
923 617 977 661 et
997 604 1057 658 in
1090 612 1230 657 tanta
1249 602 1502 671 dignitate
1529 598 1872 651 mmstitutum
1899 593 2062 649 esse?

483 712 839 770 tnexspectata
869 699 1011 752 enim
1043 698 1176 751 bona
1220 695 1480 764 majorem
1514 694 1839 759 voluptatem
1870 688 2063 743 all‘erre

483 794 675 845 solent.
706 792 875 858 Quem
908 790 1048 843 enim
1083 788 1308 857 putabat
1353 796 1477 840 ante
1524 792 1603 838 tot
1642 788 1811 837 annos
1840 780 2004 835 fuisse
2032 795 2062 833 a

484 884 666 937 bestiis
685 882 1017 944 devoratum,
1036 890 1099 934 ut
1117 880 1375 934 intellexit
1398 885 1581 931 tenere
1602 875 1879 944 imperium
1905 872 2065 926 totius

484 962 722 1046 Egypti,
751 975 1021 1044 quatuodo
1046 980 1148 1027 non
1179 988 1286 1041 prae
1312 968 1671 1040 magnitudine
1691 965 1864 1036 gaudii
1888 972 2067 1019 mente

476 1087 505 1121 ρ
520 1068 746 1125 κέὺςείιῖ
769 1068 909 1122 Idem
931 1067 1072 1120 enim
1091 1066 1263 1120 facere
1280 1064 1416 1118 s‘olet
1434 1060 1773 1116 immodicum
1790 1057 2063 1129 gaudium,

477 1145 624 1231 quod
653 1162 839 1229 ingens
867 1158 1098 1212 tristitia.
1122 1148 1193 1210 Et
1220 1155 1399 1209 videre
1424 1155 1545 1208 licet
1567 1152 1763 1205 multos
1784 1147 2067 1205 effundere

480 1258 749 1322 lacrymas
780 1266 889 1320 prze
913 1250 1106 1321 gaudio
1132 1250 1418 1309 immenso,
1453 1247 1587 1301 alios
1609 1245 1766 1299 etiam
1792 1247 1938 1313 δειῬο
1967 1241 2069 1297 obi-

484 1355 827 1412 stupt-scere,
859 1342 1072 1412 quando
1112 1341 1222 1393 tit-‘ri
1260 1340 1440 1393 vident
1483 1354 1544 1391 ea
1585 1354 1703 1408 qua:
1733 1353 1839 1389 non
1880 1347 2071 1404 exspes

479 1442 763 1485 'ctavt-rant
791 1451 802 1485 :
829 1441 882 1485 et
926 1440 1060 1501 ques
1106 1434 1342 1482 mo‘rtuos
1369 1439 1489 1482 esSe
1518 1428 1802 1497 putabant,
1848 1433 2070 1493 repente

486 1526 639 1576 Vivus
668 1526 905 1577 vidt-Itt'.
947 1523 1050 1577 Sed
1081 1534 1134 1576 ιιι
1165 1514 1494 1575 manifestior
1525 1522 1611 1573 ﬁat
1641 1528 1820 1574 scrm'o
1849 1528 2029 1572 noster
2052 1559 2068 1583 ,

492 1614 772 1669 audiamus
802 1630 920 1683 qua!
958 1614 1090 1668 lecta
1122 1620 1261 1666 sunt.
1288 1605 1377 1666 εδ.
1407 1596 1473 1664 ΕΙ
1497 1613 1845 1672 ascenderunt,
1880 1610 2068 1679 inquit,

486 1715 554 1758 ‘ea:
582 1704 835 1777 eEgypto,
867 1715 912 1757 et
941 1713 1176 1756 venerunt
1217 1706 1271 1755 in
1311 1713 1493 1754 terram
1534 1692 1779 1755 Chanaan
1818 1700 1885 1752 (rd
1912 1698 2073 1752 Iacob

491 1805 686 1866 patrem
715 1814 879 1858 suum,
907 1788 997 1849 QG.
1029 1804 1072 1849 et
1099 1795 1603 1855 ttntmn‘tiaveruntei,
1634 1793 1850 1846 dicentes
1870 1808 1889 1845 :
1910 1791 2074 1846 Filius

491 1896 610 1939 tuus
637 1885 830 1954 Ioseph
866 1887 997 1949 vivit,
1026 1895 1071 1939 et
1098 1887 1204 1955 ipse
1231 1886 1521 1937 dominatur
1546 1885 1634 1936 toti
1659 1893 1809 1937 terra?
1834 1881 2071 1952 Egypli.

492 1975 563 2031 Et
592 1978 797 2031 excessit
826 1987 987 2030 mente
1014 1977 1171 2030 Jacob
1195 1992 1212 2030 :
1237 1993 1336 2029 non
1361 1978 1492 2030 enim
1520 1976 1731 2029 credidit
1763 1975 1854 2028 eis.
1892 1973 2073 2039 Vides,

492 2069 548 2123 id
575 2069 718 2139 quod
747 2068 987 2122 dicebam
1010 2111 1023 2133 ,
1058 2068 1365 2121 incredibile
1409 2068 1458 2121 ei
1494 2067 1665 2120 visum
1696 2076 1816 2119 esse
1844 2064 1981 2135 quod
2009 2066 2077 2119 de

495 2160 696 2229 Ioseph
741 2162 1183 2222 aunuutiahatnr,
1232 2160 1298 2212 ita
1346 2170 1402 2212 ut
1450 2172 1626 2213 mente
1673 2163 2073 2220 con‘cutemtur,

496 2262 551 2306 et
578 2268 696 2321 qua:
722 2267 751 2305 a
781 2251 1028 2305 fratribus
1054 2248 1265 2314 lieban‘t,
1299 2251 1667 2318 deceptionem
1693 2264 1811 2305 esse
1835 2252 2079 2319 putaret?

495 2342 600 2411 Qui
642 2343 783 2395 enim
818 2352 941 2396 tune
973 2345 1259 2397 attulerant
1302 2352 1501 2397 vestem
1537 2344 1791 2411 sanguine
1825 2343 1963 2398 Itmdi
1996 2344 2079 2396 in-

496 2434 811 2505 quinatam,
852 2445 903 2490 et
934 2437 1068 2504 patri
1099 2445 1472 2504 persuaserant
1501 2451 1621 2489 eum
1662 2451 1690 2488 a
1738 2435 1920 2489 bestiis
1965 2449 2083 2489 esse

499 2528 853 2591 devoratum,
896 2541 1037 2581 nunc
1078 2526 1260 2580 dicunt
1304 2541 1425 2581 eum
1472 2526 1682 2588 vivere,
1724 2528 1781 2579 et
1821 2525 2083 2581 dominari

506 2620 561 2673 iu
596 2630 700 2672 tota
730 2618 984 2689 Egypto.
1016 2620 1080 2673 Et
1110 2621 1317 2673 turbata
1359 2624 1538 2672 mente
1565 2616 1830 2687 cogitabat
1858 2618 1994 2687 apud
2027 2631 2085 2674 se

501 2711 774 2781 quomodo
817 2712 1006 2765 rati0ni
1054 2720 1195 2764 esset
1243 2711 1343 2764 hoc
1390 2722 1845 2764 consentaneum:
1877 2725 1997 2764 nam
2041 2716 2085 2764 sl

506 2809 690 2855 Verum
718 2811 799 2856 est
825 2802 948 2855 illud
977 2801 1119 2870 prius
1142 2800 1361 2867 dictum,
1390 2802 1656 2871 quomodo
1678 2811 1885 2872 poterat
1910 2802 2088 2856 credi?

505 2903 553 2945 ξι
585 2902 763 2945 autem
811 2892 910 2946 hoc
934 2893 1254 2946 credetulum
1286 2902 1336 2945 et
1364 2908 1586 2959 verum,
1630 2893 1755 2947 illttd
1789 2894 2091 2947 necessario

509 2984 669 3037 luerit
690 2983 1041 3037 mendacium.
1064 2982 1314 3037 Turbatrit
1335 2993 1507 3038 autem
1530 3000 1647 3039 eum
1672 2987 1917 3047 maxime,
1949 2986 2089 3055 quod

510 3075 654 3128 aliud
688 3092 716 3127 a
743 3074 862 3129 llliis
897 3083 1049 3129 antea
1089 3076 1360 3139 audierat,
1392 3086 1445 3129 et
1473 3077 1573 3129 alia
1594 3074 1755 3131 'nunc
1795 3077 1863 3131 ab
1890 3078 2089 3132 eisdem

511 3166 762 3219 disceret.
798 3165 1046 3219 Videntes
1084 3166 1239 3233 igitur
1270 3167 1435 3235 patris
1476 3167 1861 3232 turbationem,
1905 3178 1959 3223 et
1999 3185 2093 3222 Vtr-

516 3258 686 3309 lentes
711 3259 757 3309 ei
791 3255 1028 3324 pluribus
1054 3259 1376 3325 argumentis
1421 3258 1761 3325 persuadere,
1807 3274 1865 3314 se
1908 3268 2089 3315 Verum

518 3351 720 3411 dicere.
751 3339 838 3402 27.
875 3348 1088 3416 Loqtttui
1127 3359 1240 3402 sunt
1261 3351 1305 3401 ci
1330 3352 1496 3402 omnia
1525 3367 1635 3418 qua:
1676 3368 1706 3401 a
1743 3350 1933 3420 Joseplt
1960 3354 2094 3406 dicta

518 3452 685 3506 erant,
712 3451 757 3494 et
788 3457 1107 3508 quarumque
1132 3442 1226 3493 sibi
1255 3443 1601 3495 mandaverat.
1644 3443 1708 3495 Et
1749 3453 1927 3512 postea
1975 3454 2095 3512 pro.

520 3531 755 3585 tttlernnt
783 3531 1009 3599 plaustra
1034 3564 1049 3595 ,
1077 3540 1130 3585 et
1152 3530 1288 3584 duua
1315 3547 1432 3600 qum
1459 3547 1485 3584 a
1516 3531 1709 3600 Joseplt
1739 3535 1897 3586 missa
1924 3542 2095 3597 erant,

522 3636 577 3677 et
604 3624 690 3677 vix
731 3624 942 3677 tandem
990 3624 1225 3676 fecerunt
1272 3623 1426 3676 tidem
1461 3624 1628 3691 patri,
1659 3640 1761 3677 non
1793 3638 1911 3679 esse
1950 3640 2101 3679 men»

522 3714 674 3769 dacia
704 3730 821 3782 qua:
847 3728 875 3767 a
903 3728 962 3768 se
999 3713 1324 3768 dicereuturt
1354 3712 1482 3767 Nam
1513 3714 1698 3767 videns
1726 3714 1952 3783 plaustra
1981 3728 2099 3784 qum

526 3806 687 3860 missa
730 3814 920 3868 erant,
964 3814 1022 3858 ut
1059 3805 1409 3859 descenderet
1434 3806 1486 3859 in
1513 3803 1821 3876 IEgyptum,
1870 3804 2096 3860 Ptimum

522 3897 745 3968 vigorem
782 3898 1001 3966 recepit,
1034 3897 1223 3966 inquit.
1284 3898 1455 3952 Senex
1482 3939 1495 3961 ,
1537 3897 1838 3966 decrepitus
1862 3939 1876 3961 ,
1901 3906 2099 3953 terram

526 3998 796 4058 spectans,
848 3990 1120 4043 alacritate
1164 3988 1325 4041 animi
1373 3986 1651 4043 confestim
1702 3988 2099 4057 juveneseebat.

524 4082 660 4153 Quid
691 4091 792 4146 est,
827 4081 1059 4135 Primum
1095 4082 1313 4150 vigorem
1342 4081 1569 4149 recepit?
1598 4079 1744 4135 Sicut
1773 4080 1907 4150 ignis
1943 4080 1995 4135 in
2024 4081 2103 4134 lu-

526 4186 710 4240 cerna,
737 4173 950 4244 quando
976 4173 1155 4227 deficit
1180 4173 1282 4227 olei
1311 4172 1579 4237 alimonia,
1610 4181 1663 4226 et
1686 4172 1794 4241 jam
1817 4174 2103 4243 exstingui-

528 4274 634 4331 tur,
663 4267 705 4319 si
735 4280 921 4336 parum
948 4266 1065 4336 quis
1095 4266 1195 4318 olei
1238 4264 1504 4327 infuderit,
1538 4274 1755 4333 repente
1782 4267 1867 4335 qui
1899 4267 2101 4321 exstin-

528 4359 617 4428 gui
651 4359 932 4427 putabatur
950 4400 965 4419 ,
1002 4358 1280 4411 clariorem
1308 4358 1499 4410 emittit
1526 4358 1693 4411 lucem
1721 4374 1735 4410 :
1762 4358 1830 4411 ita
1862 4368 1915 4412 et
1942 4374 2105 4413 senex

530 4451 619 4504 ille
667 4464 774 4517 pne
822 4449 1031 4502 tristitia
1091 4448 1197 4517 jatu
1262 4448 1521 4517 exstingui
1567 4447 1860 4503 videbatur.
1926 4448 2107 4503 Noluit

530 4542 694 4610 enim,
726 4541 913 4614 inquit,
954 4544 1341 4597 constitutionem
1370 4540 1593 4615 ttCt‘ipere
1611 4584 1627 4609 ,
1655 4540 1862 4597 dicens:
1889 4540 2106 4597 Desceno

530 4636 649 4687 dam
702 4635 875 4705 lugens
928 4634 980 4687 in
1023 4635 1273 4703 infernum
1314 4632 1465 4702 (Gen.
1512 4630 1601 4688 37.
1642 4632 1754 4702 55).
1781 4632 1880 4689 Ubi
1932 4642 2107 4687 autem

530 4727 783 4795 cognovit
800 4727 994 4780 vivere
1021 4726 1182 4780 fdium
1205 4766 1220 4787 ,
1252 4735 1306 4779 et
1332 4724 1596 4779 dominari
1619 4725 1670 4778 in
1703 4732 1810 4778 tota
1836 4723 2067 4795 Egypto
2089 4757 2105 4789 ,

529 4829 584 4874 et
611 4798 741 4874 vidit
772 4818 1001 4888 plaustra
1029 4858 1043 4881 ,
1088 4816 1317 4869 Primum
1343 4818 1560 4887 vigorem
1588 4816 1792 4883 recepit,
1822 4826 1875 4891 et
1895 4816 2110 4883 juvenis

532 4928 597 4966 es
627 4926 756 4966 sene
796 4912 964 4963 factus
993 4919 1094 4963 est.
1140 4909 1390 4977 Deposuit
1428 4907 1674 4962 ntmroris
1702 4907 1969 4970 nebulam,
2000 4906 2109 4960 dis-

532 5004 663 5072 pulit
707 5003 1084 5072 cogitationum
1123 5009 1526 5070 tempestatem,
1576 4998 1891 5066 tranquillus
1929 5007 2107 5066 postea

532 5098 629 5152 fuit
658 5114 672 5150 :
702 5096 813 5152 haec
838 5097 1016 5151 omnia
1043 5094 1383 5163 dispensante
1406 5094 1534 5157 Deo,
1566 5103 1623 5145 ut
1651 5092 1817 5160 justus
1845 5101 1948 5145 tam
1976 5091 2109 5145 mul-

533 5200 708 5247 torum
736 5191 976 5245 laborum
1004 5187 1422 5243 consolationem
1452 5186 1733 5250 inveniret,
1764 5194 1819 5239 et
1850 5186 2110 5252 particeps

533 5283 687 5337 fieret
713 5282 975 5338 felicitatis
1006 5280 1096 5334 ﬁlii
1120 5298 1131 5333 :
1151 5288 1204 5332 et
1224 5288 1481 5348 prteterea
1504 5277 1839 5331 utsomnium
1868 5274 2112 5343 implere-

536 5384 623 5427 tur
649 5372 698 5427 id
725 5372 866 5442 quod
896 5373 1007 5440 ipse
1037 5371 1414 5437 interpretatus
1438 5374 1581 5430 erat,
1611 5366 1827 5419 dicens:
1849 5364 2111 5433 Numquid

534 5464 785 5518 veniemus
823 5479 915 5532 ego
942 5470 990 5515 et
1020 5474 1175 5515 mater
1200 5470 1321 5522 tua,
1352 5467 1396 5511 et
1429 5461 1611 5528 fratres
1636 5459 1730 5520 tui,
1758 5465 1810 5509 ut
1846 5456 2111 5517 adoremus

537 5566 587 5610 te
626 5556 775 5627 (Gen.
806 5557 893 5611 57.
931 5553 1062 5626 10)?
1103 5554 1170 5607 Et
1211 5550 1437 5607 credidit
1478 5549 1635 5604 dictis
1662 5558 1819 5618 atque
1844 5548 1991 5613 visis,
2017 5547 2109 5601 28.

539 5645 608 5699 Et
625 5649 771 5713 dixit,
792 5646 964 5717 inquit
984 5663 998 5699 :
1016 5645 1209 5716 Magna
1222 5644 1345 5696 mihi
1365 5650 1502 5707 sunt,
1523 5641 1566 5694 si
1580 5639 1748 5693 adhuc
1762 5639 1873 5693 vivit
1888 5638 2076 5708 Ioseph
2094 5653 2113 5691 :

543 5780 623 5889 ἰαί
656 5786 862 5837 Quatuor
885 5786 1013 5838 Mss,
1032 5781 1224 5841 repente
1246 5773 1403 5826 vident
1427 5771 1477 5824 in
1494 5752 1665 5838 magno
1688 5768 1938 5836 splendore
1961 5770 2115 5823 viren-

1141 396 1184 449 s
1242 388 1520 449 mmsis
1555 376 2030 446 a'tttvsosrout
2071 373 2386 441 another.
2424 377 2960 438 CONSTANTINOP.

3644 378 3755 444 5'50

2164 494 2246 550 ὓο
2265 495 2436 566 igitur,
2462 505 2510 549 et
2533 497 2708 549 videbo
2728 512 2841 548 cum
2863 497 3156 567 priusquam
3178 499 3382 552 Moriar.
3414 498 3468 554 ,41
3474 509 3609 572 agna
3640 514 3759 556 sunt

2165 587 2324 653 mihi,
2372 588 2571 654 inquit,
2602 596 2657 642 et
2687 589 2949 642 excedunt
2986 605 3199 644 omnem
3238 592 3654 661 cogitationem,
3697 603 3760 648 et

2166 681 2455 734 obscurant
2482 685 2693 733 omnem
2718 680 3000 735 humanam
3030 683 3285 746 laetitiam,
3323 683 3385 738 Si
3410 684 3579 737 adhuc
3617 686 3759 752 ﬁlius

2167 786 2305 823 meus
2329 770 2521 841 Ioseph
2542 772 2658 824 vivit
2679 787 2697 824 .'
2715 773 2797 825 ibo
2817 772 2969 843 igitur
2991 784 3037 825 et
3064 774 3241 828 videbo
3260 782 3394 827 eum.
3419 774 3763 830 Festiucmns

2169 864 2362 935 igitur,
2398 874 2453 919 ut
2483 865 2598 934 ejus
2626 866 2895 935 colhquio
2924 866 3131 936 potiar,
3183 869 3489 936 priusquam
3536 869 3761 921 moriar.

2168 955 2354 1018 Nunc,
2384 955 2580 1025 inquit,
2610 957 2827 1010 nuntius
2866 957 2956 1009 ille
2995 959 3174 1011 erexit
3216 959 3449 1013 animum
3476 968 3675 1025 meum,
3703 971 3765 1013 et

2170 1046 2368 1117 fugavit
2396 1048 2685 1102 senectutis
2714 1049 3094 1110 inﬁrmitatem,
3127 1058 3181 1102 et
3205 1049 3477 1103 roboravit
3496 1058 3759 1105 mentem.

2169 1138 2323 1207 Quod
2349 1139 2392 1193 si
2419 1147 2473 1193 et
2496 1153 2617 1193 cum
2639 1155 2704 1193 eo
2722 1139 2953 1207 tc'olloqui
2982 1141 3275 1209 contingat,
3300 1141 3591 1210 perfectam
3622 1141 3761 1196 ladi-

2173 1229 2303 1283 tiam
2350 1238 2669 1297 assequutus
2716 1230 2934 1283 moriar.
2990 1230 3055 1283 Et
3104 1229 3237 1283 nihil
3292 1240 3530 1285 moratus
3579 1231 3763 1300 justus

2173 1319 2348 1374 itineri
2379 1334 2439 1373 se
2466 1319 2768 1385 commisit,
2815 1321 3072 1374 festinans
3111 1330 3165 1374 et
3209 1332 3401 1390 urgens
3449 1331 3509 1375 ut
3550 1318 3764 1375 videret

2173 1419 2280 1463 tam
2308 1409 2665 1463 desideratum
2711 1410 2877 1463 lilium
2900 1452 2912 1472 ,
2957 1419 3117 1478 utque
3159 1420 3281 1465 ante
3310 1420 3389 1464 tot
3416 1426 3583 1465 annos
3611 1428 3763 1466 mor-

2174 1509 2345 1567 tuum,
2368 1509 2439 1564 et,
2462 1511 2520 1553 ut
2541 1501 2779 1570 putabat,
2805 1501 2999 1555 factum
3023 1502 3198 1555 cibum
3220 1503 3530 1565 bestiarum,
3554 1504 3766 1559 videret

2174 1606 2319 1645 nunc
2355 1606 2534 1660 regem
2578 1592 2813 1662 A‘Igypti.
2858 1595 2906 1645 l.
2953 1593 3017 1645 Et
3061 1604 3177 1645 cum
3205 1594 3417 1647 uenisset
3453 1595 3522 1647 ad
3555 1600 3765 1665 pateant

2176 1681 2466 1746 iurum-emi,
2488 1696 2696 1751 preces,
2725 1684 2916 1752 quibus
2945 1685 3143 1752 gratias
3169 1686 3388 1751 agebat,
3426 1687 3623 1741 obtulit
3650 1687 3764 1741 Do-

2176 1771 2357 1836 mino,
2394 1781 2443 1824 et
2488 1772 2784 1841 sacrificavit
2820 1774 3128 1840 sacriﬁcium
3174 1773 3284 1827 Deo
3326 1777 3459 1841 patri
3502 1778 3581 1831 sui
3608 1776 3769 1830 Isaac

2178 1855 2364 1933 (Caput
2387 1864 2495 1931 46).

2248 1954 2303 2008 2-.
2344 1956 2472 2009 llaec
2510 1956 2819 2022 audientes,
2861 1958 3133 2014 discamus
3158 1959 3369 2029 quando
3396 1961 3520 2030 quid
3552 1961 3767 2024 facturi,

2180 2049 2266 2103 vel
2308 2049 2574 2119 negotium
2613 2051 2825 2121 aliquod
2863 2052 3124 2121 emptori,
3158 2048 3243 2107 vel
3286 2056 3771 2123 peregrinationem

2182 2142 2479 2210 suscepturi
2516 2157 2729 2208 sumus,
2760 2150 2816 2195 ttt
2842 2143 3085 2212 precibus
3114 2144 3399 2198 offeramus
3428 2146 3655 2200 Domino
3678 2163 3773 2200 sa-

2182 2231 2475 2297 criticinm,
2522 2240 2573 2286 et
2615 2232 2731 2301 ejus
2771 2232 3089 2302 adjutorium
3129 2235 3468 2300 invocemus,
3499 2245 3554 2290 et
3580 2236 3659 2291 sic
3684 2238 3774 2289 in-

2183 2324 2423 2378 stitutum
2451 2324 2837 2394 aggrediamur,
2870 2325 3133 2380 imitantes
3158 2326 3363 2380 illorum
3382 2327 3643 2394 justurum
3663 2329 3751 2397 pie

2188 2426 2374 2471 talem.
2404 2414 2731 2484 Sacri/Scotti!
2754 2418 3059 2486 sacri/icium
3089 2417 3192 2472 Deo
3220 2419 3476 2487 patri‘ssui
3500 2419 3689 2473 Isaac:
3717 2422 3780 2475 ut

2186 2506 2362 2565 discas
2401 2526 2521 2563 eum
2552 2510 2766 2579 vestigia
2794 2511 2957 2579 patris
2986 2510 3064 2564 sui
3093 2520 3372 2580 sequutum
3399 2526 3551 2576 esse,
3585 2520 3643 2566 et
3672 2513 3779 2567 hoc

2190 2602 2241 2656 in
2278 2602 2421 2656 eultu
2459 2600 2641 2655 divino
2680 2601 2980 2655 declarasse
3000 2641 3014 2664 ,
3046 2602 3185 2655 sicut
3209 2600 3375 2656 lsaae.
3407 2594 3474 2655 Et
3497 2602 3622 2671 quia
3649 2616 3779 2672 gra-

2190 2700 2300 2745 tum
2351 2706 2505 2745 suum
2549 2690 2792 2746 affectum
2840 2691 2985 2760 prius
3032 2695 3127 2760 per
3172 2690 3467 2761 gratiarum
3508 2693 3779 2746 actionem

2191 2785 2442 2852 ostendit,
2466 2787 2644 2839 statim
2666 2786 2985 2854 subsequuta
3012 2795 3133 2838 sunt
3152 2786 3313 2839 etiam
3338 2801 3399 2840 ea
3422 2802 3541 2854 qua:
3558 2789 3780 2855 superni

2191 2880 2368 2932 auxilii
2443 2878 2674 2932 fuerunt.
2720 2872 2850 2932 Nam
2893 2879 3013 2948 quia
3064 2878 3273 2932 videbat
3317 2888 3520 2932 tantum
3574 2879 3785 2934 itineris

2192 2969 2444 3036 spatium,
2473 2977 2527 3021 et
2549 2968 2815 3038 cogitabat
2840 2983 2988 3021 suam
3014 2967 3339 3037 decrepitam
3368 2976 3609 3033 aztat‘em,
3638 2969 3784 3022 veri-

2197 3064 2279 3113 tus
2320 3075 2388 3113 ne
2430 3069 2602 3114 morte
2645 3068 3069 3129 praeoccupatus,
3115 3075 3142 3111 a
3185 3060 3451 3129 colloquio
3480 3068 3534 3113 et
3562 3067 3786 3128 aspectu

2198 3151 2288 3204 lilii
2337 3151 2669 3219 privaretur,
2716 3160 2961 3220 precatur
3006 3150 3324 3217 Dominum,
3368 3161 3423 3203 ut
3450 3156 3652 3204 tantam
3680 3151 3785 3205 sibi

2200 3244 2319 3296 vita:
2349 3258 2649 3297 mensuram
2678 3243 2968 3307 concedat,
2995 3253 3053 3295 ut
3074 3243 3303 3311 perfecta
3336 3243 3605 3312 Voluptate
3631 3242 3788 3298 fma:-

2200 3341 2303 3390 tur.
2349 3334 2453 3389 Sed
2500 3335 2619 3389 vide
2647 3335 2914 3405 quomodo
2945 3335 3113 3389 bonus
3144 3335 3394 3388 Dominus
3419 3336 3599 3389 multis
3625 3352 3790 3405 argos

2201 3427 2396 3481 mentis
2431 3425 2633 3495 justum
2677 3442 2922 3480 securum
2965 3426 3168 3481 reddat.
3212 3425 3267 3479 ει
3308 3424 3450 3479 Dixit
3479 3426 3621 3479 enim
3652 3425 3794 3479 Deus

2201 3518 2371 3573 lsrae‘l
2412 3521 2464 3572 in
2506 3520 2688 3573 visione
2730 3519 2889 3572 noctis
2939 3535 2957 3572 :
3004 3517 3197 3584 Jacob,
3242 3516 3444 3584 Jacob;
3474 3519 3527 3572 5.
3556 3533 3654 3588 ego
3678 3528 3795 3571 sunt

2203 3606 2339 3665 Dens
2387 3621 2585 3679 patrum
2619 3620 2818 3664 tuorum
2839 3625 2859 3673 ς
2896 3626 2958 3663 ne
2998 3610 3174 3663 timeas
3209 3611 3507 3664 descendere
3547 3610 3602 3663 in
3624 3608 3799 3679 £93-

2206 3712 2363 3771 ptum.
2403 3702 2468 3755 lu
2506 3719 2740 3772 magnam
2772 3703 2905 3755 enim
2930 3711 3122 3772 gentem
3150 3702 3334 3771 faciam
3362 3713 3410 3754 te
3431 3702 3556 3755 illic.
3588 3703 3644 3755 4.
3681 3700 3796 3772 Ego

2203 3796 2500 3847 descendam
2544 3803 2737 3858 tecum,
2781 3802 2829 3845 et
2868 3793 3106 3846 reducant
3144 3803 3191 3846 te
3225 3793 3278 3845 in
3315 3794 3501 3860 ﬁnem,
3533 3802 3577 3844 et
3600 3791 3800 3862 Ioseph

2205 3886 2428 3954 imponet
2467 3898 2646 3937 manus
2692 3900 2845 3953 super
2885 3885 3057 3938 oculos
3101 3892 3231 3937 tuos.
3263 3883 3396 3938 Vide
3435 3882 3703 3961 quomodo
3735 3896 3798 3938 ea

2208 3992 2327 4046 qua:
2362 3976 2537 4043 justus
2563 3976 2651 4030 ille
2681 3974 3049 4039 desiderabat,
3077 3990 3137 4028 ea
3168 3975 3239 4028 illi
3272 3976 3409 4029 Deus
3438 3975 3753 4044 polliceatur
3785 3984 3799 4028 ‘:

2206 4066 2316 4123 lino
2336 4080 2389 4123 et
2408 4069 2573 4123 multo
2604 4069 2823 4137 majora.
2852 4065 3185 4121 Liberalitate
3206 4066 3345 4121 enim
3366 4082 3459 4121 sua
3485 4075 3803 4135 nostraspea-

2210 4164 2424 4217 titiones
2454 4160 2799 4225 transcendit,
2832 4174 3050 4214 servans
3075 4159 3284 4212 solitam
3306 4173 3452 4211 suam
3480 4159 3797 4211 misericors

2209 4253 2370 4307 diam.
2424 4250 2507 4306 Ne
2551 4253 2747 4317 timeas,
2795 4251 2996 4321 inquit,
3052 4250 3351 4303 descendere
3392 4248 3443 4301 in
3484 4246 3804 4317 ﬁgyptunt.

2213 4346 2472 4415 Quoniam
2517 4346 2707 4399 anxius
2750 4353 2865 4399 erat
2902 4345 2971 4399 ob
2998 4345 3096 4397 vite
3128 4342 3507 4413 longitudinetn
3535 4384 3549 4407 ,
3574 4344 3698 4398 ideo
3727 4345 3809 4397 dia

2211 4440 2285 4494 cit
2317 4456 2329 4490 :
2359 4436 2436 4493 Ne
2464 4436 2716 4507 respicias
2741 4436 2803 4489 ad
2844 4436 3202 4489 infirmitatem
3232 4435 3546 4488 senectutis.
3586 4433 3656 4485 In
3680 4450 3807 4504 gen-

2215 4540 2312 4583 tem
2351 4529 2486 4583 enim
2515 4544 2749 4599 magnam
2777 4526 2966 4595 faciam
2995 4536 3042 4580 te
3059 4523 3166 4579 illic
3196 4542 3214 4579 :
3237 4536 3282 4580 et
3312 4525 3615 4579 descendam
3648 4537 3809 4579 tecum

2211 4622 2265 4676 in
2306 4620 2612 4691 zEgyptum.
2657 4619 2768 4688 Ego
2813 4626 2864 4673 te
2902 4619 3231 4683 comitabor,
3269 4628 3322 4672 et
3348 4618 3524 4671 omnia
3557 4626 3648 4671 tua
3677 4632 3809 4686 pro-

2215 4729 2369 4784 spera
2398 4712 2638 4767 reddam.
2666 4710 2900 4765 Adverte
2919 4709 3186 4780 quomodo
3216 4709 3374 4764 verba
3402 4708 3687 4763 humilitati
3713 4722 3812 4761 no-

2214 4818 2339 4863 stra:
2368 4814 2684 4874 attemperet
2716 4822 2728 4857 :
2760 4802 3072 4856 Descendam
3092 4843 3105 4866 ,
3136 4803 3331 4873 inquit,
3359 4812 3522 4857 tecum
3558 4803 3613 4856 in
3636 4796 3812 4873 £gg-

2215 4912 2374 4971 ptum.
2429 4897 2563 4963 Quid
2611 4895 2709 4950 hoc
2750 4894 2955 4949 beatius
2997 4892 3186 4959 fuerit,
3231 4909 3389 4962 quam
3438 4894 3605 4948 Deum
3633 4894 3813 4962 ipsum

2218 4992 2414 5047 habere
2439 4988 2686 5043 comitem
2720 4985 2967 5041 itineris?
2990 4983 3242 5054 Sequitur
3266 4992 3450 5054 postea
3478 4985 3812 5049 consolatio,

2215 5100 2316 5155 qua
2348 5083 2628 5154 plurimum
2653 5079 2921 5150 indigebat
2945 5094 3105 5134 senex
3128 5097 3139 5132 :
3162 5077 3226 5132 Et
3244 5077 3462 5147 Ioseph,
3492 5077 3681 5146 inquit,
3706 5078 3811 5128 im-

2217 5185 2365 5247 ponet
2408 5190 2586 5227 manus
2626 5189 2781 5239 super
2811 5171 2982 5225 oculos
3011 5179 3140 5223 tuos.
3173 5168 3265 5223 Ille
3289 5169 3515 5237 dilectus
3545 5179 3669 5223 tuus
3694 5168 3813 5237 ipse

2220 5281 2271 5323 te
2297 5268 2487 5321 fovebit
2511 5308 2524 5329 ,
2551 5276 2606 5321 et
2631 5279 2819 5319 manus
2851 5264 3087 5331 imponet
3110 5278 3270 5332 super
3293 5262 3477 5315 oculos
3501 5270 3643 5315 tuos.
3669 5259 3813 5314 (λιιι-

2216 5362 2349 5415 deus
2379 5360 2556 5428 itaque
2575 5399 2592 5424 ,
2622 5365 2676 5412 et
2703 5364 2845 5410 totus
2877 5368 3099 5408 securus
3120 5354 3220 5408 iter
3240 5353 3439 5421 arripe.
3483 5351 3664 5422 Cogita
3688 5350 3783 5404 hic
3809 5409 3824 5431 ν

2218 5457 2442 5508 obsecro
2462 5493 2476 5517 ,
2507 5465 2665 5521 quam
2693 5445 2982 5517 jucundum
3014 5445 3205 5501 fecerit
3222 5445 3326 5499 iter
3346 5445 3553 5514 justus,
3577 5441 3816 5510 acceptis

2220 5554 2328 5598 tam
2354 5542 2516 5596 certis
2553 5540 2645 5594 Dei
2678 5535 3139 5608 promissiouibus.
3169 5535 3223 5591 5.
3254 5533 3493 5591 Surrexit
3521 5532 3657 5586 enim
3678 5570 3695 5596 ,
3725 5531 3814 5584 in-

2219 5636 2331 5705 quit
2355 5676 2368 5701 ,
2398 5633 2560 5687 Jacob
2579 5674 2594 5697 ,
2625 5640 2672 5685 et
2699 5630 2792 5699 ﬁlii
2816 5631 2967 5700 ejus:
2990 5627 3045 5682 6.
3075 5638 3123 5681 et
3141 5634 3441 5696 acceperunt
3460 5640 3663 5678 omnem
3691 5638 3818 5690 pos-

2219 5731 2488 5783 sessionem
2530 5742 2672 5781 suam
2691 5765 2706 5787 ,
2735 5733 2782 5777 et
2809 5731 3043 5777 venerunt
3072 5722 3125 5775 in
3154 5719 3463 5791 zEgyptum.
3492 5716 3547 5772 7.
3575 5716 3643 5772 In
3664 5733 3822 5770 sema--

2225 5822 2364 5892 ginta
2389 5835 2478 5874 sea:
2500 5816 2762 5872 animabus
2797 5813 3047 5869 descendit
3072 5810 3233 5866 Iacob
3273 5811 3325 5865 in
3354 5806 3645 5880 Egyptum
3674 5822 3691 5858 :
3716 5805 3814 5859 9.7.
