4038 6358
234 352 330 407 τῶι

235 480 278 518 rt
318 465 508 534 Isseph
550 481 664 518 cum
704 462 824 534 filiis
845 467 980 531 suis,
1030 467 1117 536 qui
1150 468 1257 519 nati
1277 477 1392 519 sunt
1414 466 1459 518 ei
1482 466 1532 518 in
1555 465 1817 535 .Egypto,

239 571 413 609 novem
440 554 582 609 erant
604 596 620 619 ,
651 564 699 611 et
729 557 799 609 ita
824 573 938 610 cum
963 555 1155 626 Ioseph
1179 564 1317 609 erant
1345 572 1513 609 omnes
1542 557 1725 607 animo:
1747 571 1821 607 se-

235 647 503 716 ptuaginta
539 647 776 717 quinque.
824 648 999 713 Quare
1043 647 1313 715 Scriptura
1354 661 1631 700 numerum
1677 655 1819 700 tanta

235 735 505 805 diligentia
533 737 807 790 annotavit
831 736 854 789 ’ἲ
884 738 951 793 Ut
984 738 1120 793 scire
1149 738 1410 806 possimus
1438 736 1702 806 quomodo
1729 736 1821 791 Dei

242 827 520 897 pm'dictio
550 828 763 898 impleta
794 829 889 892 sit,
923 828 1104 883 dicens
1131 846 1144 881 :
1177 828 1242 881 In
1271 837 1463 899 gentem
1491 845 1722 898 magnam
1744 833 1823 898 fa-

234 919 367 971 ciam
411 929 459 972 te
498 918 605 972 illic
640 918 835 988 (Exod.
881 919 968 973 19..
1004 921 1115 990 37).
1144 919 1275 974 Nam
1302 935 1367 975 ex
1398 920 1461 974 iis
1491 923 1820 988 septuaginta

235 1012 474 1080 quinque
502 1010 776 1065 animabus
798 1013 849 1064 in
873 1023 1118 1065 sexcenta
1148 1012 1309 1065 millia
1333 1026 1501 1082 genus
1522 1012 1678 1065 lsraél
1703 1026 1823 1080 pro-

240 1111 491 1169 pagatum
521 1110 623 1154 est.
656 1100 843 1155 Vidisti
865 1101 1130 1171 quomodo
1157 1117 1262 1155 non
1294 1102 1482 1155 frustra
1501 1143 1517 1168 ,
1545 1117 1717 1171 neque
1743 1110 1823 1155 te-

237 1205 384 1244 mere
413 1205 691 1245 numerum
714 1205 897 1246 eorum
925 1193 1012 1261 qui
1038 1192 1089 1245 iu
1112 1190 1397 1262 Egyptum
1416 1191 1819 1257 descenderunt,

240 1295 337 1333 nos
364 1280 547 1334 docuit
579 1298 591 1332 :
623 1281 717 1335 sed
749 1290 806 1335 ut
826 1282 964 1335 scire
992 1282 1252 1350 possimus
1274 1297 1431 1351 quam
1461 1283 1607 1335 multi
1629 1298 1694 1336 ex
1717 1290 1823 1336 tam

240 1374 427 1441 paucis
457 1372 580 1427 facti
619 1374 725 1427 sint
744 1415 758 1437 ,
794 1383 847 1427 et
876 1373 1066 1427 divinis
1093 1373 1525 1443 promissiouibus
1556 1388 1622 1427 ne
1650 1374 1826 1428 minus

240 1463 545 1517 credamus.
598 1462 728 1517 Nam
767 1463 979 1533 quando
1024 1464 1375 1533 cogitaveris,
1426 1472 1547 1533 post
1598 1475 1823 1517 mortem

240 1553 411 1609 Iacob
434 1564 491 1609 et
510 1552 706 1624 Ioseph
727 1598 743 1619 ,
767 1563 909 1608 tanta
933 1555 1319 1609 machinatione
1339 1570 1491 1610 usum
1512 1569 1632 1609 esse
1655 1553 1823 1625 Egy-

244 1640 476 1715 ptiorum
524 1660 745 1715 regam
789 1653 849 1699 ut
892 1660 1168 1699 numerum
1208 1660 1392 1700 eorum
1438 1645 1728 1708 minueret,
1772 1652 1827 1698 et

245 1749 469 1802 parvum
510 1734 737 1800 iaceret,
773 1749 840 1788 ne
865 1733 919 1790 in
954 1744 1151 1790 tantam
1183 1743 1557 1804 prOpagaretur
1586 1734 1825 1788 multitu-

241 1825 453 1889 dinem,
503 1832 556 1879 et
598 1824 728 1878 nihil
770 1824 1043 1894 potuisse,
1090 1824 1191 1880 sed
1227 1824 1395 1894 magis
1435 1832 1490 1879 et
1518 1824 1683 1893 magis
1708 1839 1828 1878 cre-

242 1917 385 1970 visse
432 1915 684 1985 p0pulum
728 1932 743 1969 :
786 1916 1047 1971 admirare
1083 1924 1139 1970 et
1172 1924 1418 1985 stupesee
1442 1915 1825 1985 providentiam

248 2008 341 2060 Dei
369 2049 385 2069 ,
428 2016 482 2060 et
523 2006 791 2075 quomodo
830 2022 935 2061 non
982 2007 1051 2061 sit
1096 2006 1347 2076 possibile
1388 2008 1681 2062 irritaesse
1708 2022 1825 2076 qua:

245 2098 360 2164 ipse
406 2095 738 2161 decreverit,
795 2097 1007 2152 etiamsi
1053 2097 1256 2151 inﬁnita
1302 2096 1673 2152 machineutur
1712 2097 1824 2152 alii.

242 2190 511 2241 (luiturum
556 2187 831 2243 videamus
875 2198 1178 2243 contextum
1223 2197 1424 2254 totum,
1470 2198 1528 2242 ut
1561 2188 1826 2243 discamus

242 2278 517 2347 quomodo
555 2278 720 2334 Iacob
742 2295 863 2335 cum
896 2281 1007 2335 lilio
1031 2281 1100 2335 sit
1123 2295 1458 2349 congressus.
1487 2280 1576 2336 28.
1608 2280 1827 2347 Quando

240 2381 411 2423 autem
436 2371 855 2440 appropinquavit
880 2372 931 2424 in
957 2382 1139 2424 terram
1164 2369 1381 2442 Αἴθρη)ιί
1402 2413 1415 2434 ,
1456 2371 1591 2424 misit
1628 2369 1822 2425 Iudam

243 2472 363 2514 ante
398 2477 451 2514 se
478 2462 546 2513 ad
569 2460 762 2531 Ioseph
785 2504 800 2528 ,
824 2472 879 2515 ut
908 2463 1216 2534 signiﬁcaret
1243 2464 1318 2516 illi
1344 2464 1501 2533 patris
1531 2464 1823 2517 adventum.

243 2550 338 2605 29.
372 2550 399 2603 Ι
404 2553 540 2621 gitur
556 2550 751 2623 Ioseph
776 2562 830 2605 ut
859 2552 1063 2619 didicit,
1083 2554 1259 2624 junxit
1284 2570 1461 2607 currus
1480 2596 1493 2619 ,
1526 2562 1572 2606 et
1601 2554 1828 2607 ascendit

244 2642 297 2694 in
328 2658 593 2695 occursum
618 2644 772 2713 patri.
804 2642 868 2695 Et
894 2658 1013 2697 mox
1038 2653 1090 2695 ut
1119 2643 1241 2696 vidit
1267 2660 1381 2697 eum
1398 2684 1412 2708 ,
1447 2643 1620 2697 cecidit
1646 2644 1699 2696 in
1724 2643 1831 2715 col;

245 2734 354 2787 tum
378 2735 490 2803 ejus
509 2774 526 2800 ,
567 2743 614 2788 et
642 2735 779 2805 flevit
802 2736 923 2804 ﬂetu
950 2737 1129 2789 multo.
1158 2735 1269 2790 Hoc
1297 2743 1411 2790 erat
1435 2735 1485 2789 id
1512 2735 1651 2806 quod
1680 2736 1828 2789 initio

244 2828 522 2893 dicebam,
563 2828 828 2897 ingentem
866 2844 1009 2897 smpe
1032 2828 1350 2896 voluptatem
1383 2828 1642 2899 lacrymas
1668 2842 1829 2883 excu-

245 2926 383 2972 tere.
413 2917 637 2981 Cecidit,
667 2917 853 2987 inquit,
884 2919 936 2971 in
964 2919 1150 2972 collum
1176 2920 1304 2989 ejus,
1333 2928 1379 2971 et
1402 2918 1538 2988 ﬂevit
1568 2933 1586 2970 :
1612 2933 1717 2971 non
1741 2917 1830 2971 di—

248 3009 327 3061 xit
370 3007 473 3061 hoc
511 3007 853 3076 simpliciter,
900 3009 1022 3074 sed,
1064 3008 1217 3063 Fletu
1240 3026 1442 3080 magno.
1471 3008 1661 3064 Statim
1685 3009 1827 3064 enim

248 3099 305 3151 in
334 3108 568 3152 mentem
610 3099 706 3169 ipsi
730 3109 989 3154 venerunt
1030 3115 1147 3169 quae
1186 3101 1297 3169 ipse
1324 3113 1511 3168 passus
1536 3107 1682 3163 erat,
1710 3113 1829 3168 quae

248 3189 388 3259 patri
430 3199 649 3260 prepter
688 3204 747 3244 se
786 3189 1117 3257 acciderant,
1161 3199 1214 3245 et
1254 3190 1490 3259 cogitans
1534 3200 1639 3244 tam
1667 3189 1829 3258 proli-

249 3297 375 3335 xum
405 3282 767 3336 intercessisse
790 3290 1019 3351 tempus,
1051 3293 1103 3336 et
1126 3281 1393 3352 quomodo
1410 3291 1603 3352 praeter
1616 3296 1829 3336 omnem

249 3374 702 3444 exspectationem
742 3384 798 3435 et
837 3375 949 3444 ipse
980 3384 1180 3443 patrem
1201 3416 1217 3440 ,
1243 3383 1297 3430 et
1324 3384 1470 3443 pater
1497 3374 1658 3429 tilium
1683 3374 1831 3429 vide-

250 3475 366 3531 ret,
393 3465 563 3521 fontes
592 3468 768 3521 emisit
794 3468 1145 3538 lacrymarum
1168 3508 1183 3532 ,
1214 3468 1367 3522 simul
1396 3478 1450 3521 et
1468 3482 1711 3537 magnam
1735 3466 1830 3521 de—

249 3561 462 3612 clarans
500 3559 764 3623 lanitium,
804 3568 858 3614 et
885 3560 1081 3631 gratias
1112 3560 1336 3615 Domino
1360 3576 1520 3630 agens
1549 3577 1645 3630 pro
1670 3560 1828 3616 rebus

247 3651 435 3719 gestis.
466 3650 553 3705 30.
580 3648 645 3703 Et
669 3651 827 3715 dixit,
852 3650 1050 3720 inquit,
1083 3649 1242 3704 Iacob
1270 3650 1338 3703 ad
1368 3650 1559 3720 Ioseph
1590 3666 1608 3704 :
1636 3650 1830 3705 Moriar

248 3742 463 3802 exinde.
508 3743 625 3812 quia
670 3744 771 3796 vidi
833 3744 1009 3815 faciem
1045 3752 1201 3797 tuam.
1233 3743 1412 3796 Adhuc
1448 3744 1581 3796 enim
1606 3754 1659 3796 tu
1688 3744 1827 3797 vivis.

252 3832 545 3896 Votorum,
595 3832 801 3901 inquit,
849 3849 1068 3903 compos
1110 3834 1275 3889 factus
1317 3847 1472 3897 sum;
1515 3843 1829 3902 assequutus

248 3938 367 3978 sum
396 3923 533 3994 quod
564 3941 851 3996 numquam
877 3927 1177 3996 exspectavi
1206 3935 1530 3991 ;evenerunt
1555 3926 1682 3980 mihi
1710 3942 1849 3996 quze

249 4031 537 4085 numquam
578 4030 913 4085 speraveram
956 4033 969 4068 :
1011 4017 1260 4085 deinceps
1278 4026 1558 4071 contentus
1581 4032 1697 4071 smn
1722 4017 1828 4071 vita

247 4120 409 4172 quam
434 4105 687 4175 transegi.
711 4104 828 4160 Vidi
850 4106 990 4161 enim
1020 4122 1178 4176 quem
1204 4105 1528 4172 desideravi,
1552 4114 1608 4160 et
1630 4106 1826 4160 sufﬁcit

248 4196 381 4249 mihi
425 4195 491 4248 ad
538 4196 772 4250 laetitiam
812 4212 1063 4262 omnem,
1088 4197 1286 4253 vidisse
1325 4204 1378 4251 te
1405 4196 1580 4252 adhuc
1606 4197 1825 4264 vivere,

244 4285 337 4351 qui
366 4284 571 4353 pridem
599 4295 838 4341 mortuus
865 4296 921 4342 et
942 4302 970 4340 a
997 4288 1182 4342 bestiis
1205 4287 1489 4343 devoratus
1514 4303 1572 4343 es
1594 4287 1827 4343 habitus.

244 4374 478 4429 Paterna
503 4390 604 4429 vos
631 4386 686 4430 et
715 4378 867 4445 plena
897 4377 1175 4432 dilectione
1194 4418 1210 4443 ,
1240 4379 1471 4447 satisque
1495 4377 1825 4432 affectionem

245 4466 442 4519 anima:
471 4466 587 4536 ejus
610 4467 908 4522 declarans.
936 4470 1025 4524 51.
1068 4468 1210 4522 Dixit
1233 4479 1399 4522 autem
1433 4467 1625 4539 Ioseph
1650 4468 1825 4536 fratri-

242 4556 338 4610 bus
373 4557 479 4609 suis
515 4570 537 4610 :
575 4555 887 4611 Descendam
909 4597 926 4624 ,
968 4567 1016 4611 et
1051 4558 1356 4611 annuntiabo
1397 4556 1657 4611 Pharaoni
1693 4556 1829 4628 quod

243 4648 433 4716 fratres
471 4649 567 4701 mei
606 4650 862 4716 venerint,
911 4660 958 4704 et
996 4653 1093 4704 sint
1136 4659 1380 4719 pastores.
1406 4648 1494 4704 '52.
1528 4648 1635 4702 Viri
1662 4659 1826 4702 autem

241 4747 363 4791 sunt
396 4740 715 4805 armentarii,
758 4748 803 4794 et
843 4756 1012 4794 secum
1035 4740 1355 4793 adduxerunt
1380 4754 1559 4809 pecora
1585 4748 1630 4791 et
1657 4737 1823 4792 boves.
1876 4774 1877 4781 η

240 4830 335 4884 55.
363 4828 427 4883 Si
442 4830 596 4901 igitur
617 4831 859 4884 vocaverit
884 4847 969 4885 vos
995 4830 1201 4885 Pharao
1223 4871 1240 4898 ,
1262 4842 1309 4885 et
1334 4832 1513 4886 dixerit
1537 4846 1556 4885 :
1580 4829 1729 4898 Quod
1752 4839 1826 4883 est

240 4937 375 4989 opus
409 4921 670 4974 vestrum?
704 4921 855 4975 dicite
897 4936 920 4974 :
961 4922 1051 4976 54.
1089 4919 1336 4974 Pacorum
1371 4931 1595 4991 pastores
1630 4937 1823 4975 sumus.

238 5012 566 5065 Abominatio
604 5014 737 5066 enim
766 5011 1130 5083 Egyptiorum
1158 5021 1230 5065 est
1254 5013 1414 5066 omnis
1442 5021 1613 5083 pastor
1635 5012 1820 5065 ovium.

316 5103 373 5155 5.
422 5102 549 5157 Vide
579 5103 948 5172 prudentiam,
993 5114 1049 5158 et
1077 5104 1230 5172 quale
1254 5104 1531 5157 consilium
1576 5102 1658 5157 eis
1702 5102 1818 5166 det,

242 5210 353 5248 non
385 5192 699 5263 simpliciter
738 5211 911 5265 neque
958 5194 1177 5249 fortuito
1219 5193 1334 5248 huic
1377 5195 1696 5259 consulens,
1728 5193 1823 5249 sed

240 5284 435 5337 volens
459 5299 552 5339 eos
578 5285 735 5339 simul
775 5286 826 5340 in
875 5286 1062 5354 majori
1092 5285 1378 5339 securitate
1405 5300 1598 5355 agere,
1648 5300 1823 5355 neque

239 5376 631 5430 commercium
673 5374 872 5431 habere
896 5392 1019 5431 cum
1059 5375 1346 5449 Egyptiis.
1399 5376 1531 5432 Nam
1577 5377 1699 5447 quia
1746 5376 1820 5431 illi

239 5465 690 5520 abominabantur
712 5476 768 5521 et
792 5467 1203 5522 contemnebant
1237 5482 1332 5521 eos
1364 5466 1455 5536 qui
1492 5469 1820 5536 pastoritiam

242 5570 468 5626 agerent
513 5560 715 5623 vitam,
764 5569 948 5629 utpote
990 5561 1088 5629 ipsi
1114 5560 1409 5629 disciplinis
1450 5561 1821 5631 Egyptiorum

244 5658 530 5713 vacantes,
583 5657 860 5720 propterea
905 5650 1158 5706 admonet
1193 5651 1429 5706 studium
1476 5666 1631 5707 suum
1679 5668 1818 5721 pra:-

248 5749 435 5795 texere
454 5780 471 5802 .
501 5751 559 5796 ut
576 5741 655 5798 sic
681 5741 976 5798 rationabili
1005 5752 1056 5798 et
1080 5744 1302 5800 honesta
1322 5742 1597 5799 occasione
1619 5747 1819 5814 optima

1114 349 1181 405 IN
1206 351 1358 407 CAP.
1395 349 1574 405 XLVI.
1608 348 1691 406 ΕΤ
1714 347 2176 408 XLVII.GENES.
2215 346 2442 402 ΠΟΜΙΙ..
2486 345 2645 402 LXV.

3391 349 3493 405 562

1928 472 2082 518 terra:
2112 463 2283 533 portio
2307 462 2384 516 eis
2410 473 2736 530 segregatur,
2759 476 2863 531 quo
2893 463 2945 517 in
2988 478 3192 518 summa
3238 468 3492 535 tranquil-

1927 554 2071 607 litate
2115 553 2291 607 vivere
2332 552 2551 621 possint.
2584 552 2637 605 2.
2670 552 2737 605 Et
2761 554 2975 625 acceptis
3002 554 3217 622 quinque
3253 557 3492 626 fratribus

1925 642 2028 696 suis
2052 683 2065 707 ,
2093 643 2373 696 introduxit
2416 659 2498 696 eos
2534 642 2600 695 ad
2643 642 2983 697 Pharaonem.
3012 644 3065 700 5.
3103 643 3166 698 Et
3194 645 3493 715 iutterrogu-

1926 737 1990 789 vit
2013 752 2094 789 eos
2118 750 2136 788 :
2166 735 2311 802 Quod
2339 745 2410 789 est
2429 752 2551 804 opus
2580 736 2831 788 vestrum?
2860 735 2925 788 Et
2963 736 3197 789 dixerunt
3226 754 3245 789 :
3274 736 3488 788 Armen-

1926 827 2041 879 tarii
2068 843 2260 879 sumus.
2291 827 2343 880 4.
2372 826 2423 879 Ν
2428 843 2522 878 unc
2552 827 2703 897 igitur
2725 826 3054 881 habitabimus
3071 828 3123 880 in
3140 837 3273 882 terra
3295 827 3496 882 Gesem.

1926 916 1978 971 5.
2011 913 2153 970 Dixit
2173 927 2338 971 autem
2364 915 2568 969 Pharao
2593 932 2611 969 :
2638 918 2691 971 6.
2726 917 2981 971 Habitent.
3012 918 3073 974 Si
3092 929 3260 973 autem
3278 918 3376 972 scis
3399 919 3495 972 ati-

1925 1024 2050 1076 quos
2094 1023 2156 1060 ea:
2175 1007 2274 1071 eis,
2298 1008 2384 1077 qui
2403 1007 2501 1059 sint
2525 1008 2618 1059 viri
2645 1008 2913 1072 industrii,
2953 1009 3195 1062 constitue
3221 1025 3305 1063 eos
3328 1011 3497 1079 magi-

1926 1108 2056 1152 stros
2085 1114 2305 1151 meorum
2334 1113 2567 1168 pecorum
2600 1098 2785 1169 (Caput
2820 1098 2936 1168 47).
2963 1099 3111 1154 Sicut
3158 1101 3498 1156 consuluerat

1925 1186 2124 1256 Joseph
2148 1228 2164 1253 ,
2197 1188 2264 1241 ita
2295 1203 2611 1257 responsum
2655 1188 2915 1244 dederunt
2956 1190 3148 1244 fratres
3190 1191 3493 1246 Pharaoni:

1925 1291 1980 1335 et
2002 1295 2311 1335 concessum
2337 1290 2419 1334 est
2442 1282 2521 1335 eis
2550 1281 2787 1335 habitare
2830 1280 2881 1338 in
2912 1290 3051 1336 terra
3078 1282 3289 1337 Gesem.
3321 1282 3495 1338 Caete-

1926 1388 2045 1427 rum
2072 1373 2275 1425 Pharao
2301 1372 2578 1427 declarans
2615 1387 2763 1425 suam
2802 1372 3146 1443 et-gaoioseph
3173 1374 3497 1427 benevolen-

1928 1465 2055 1518 tiam
2074 1505 2088 1529 ,
2119 1462 2282 1518 dixit:
2312 1463 2365 1518 Si
2396 1464 2532 1517 nosti
2560 1464 2612 1518 in
2639 1464 2717 1519 eis
2745 1466 2952 1534 aliquos
2998 1466 3306 1532 industrios,
3334 1465 3492 1520 etiam

1929 1568 2166 1608 meorum
2206 1567 2455 1623 pecorum
2486 1554 2765 1623 magistros
2794 1556 3076 1609 constitue.
3108 1556 3161 1609 7.
3209 1553 3499 1609 Introduxit

1927 1654 2095 1698 autem
2122 1654 2169 1697 et
2195 1653 2389 1713 patrem
2410 1643 2479 1696 ad
2511 1642 2849 1699 Pharaonem.
2879 1646 2931 1700 8.
2964 1644 3028 1698 Et
3045 1646 3171 1699 dixit
3195 1645 3401 1699 Pharao
3431 1648 3499 1697 (ut

1926 1736 2087 1791 Iacob
2114 1751 2132 1790 :
2161 1736 2294 1803 Quot
2317 1746 2432 1791 sunt
2457 1737 2578 1790 anni
2610 1737 2804 1791 dierum
2831 1738 2945 1791 vitae
2969 1737 3104 1791 tuas?
3126 1737 3390 1803 Quoniam
3417 1739 3497 1791 vi-

1927 1829 2006 1883 dit
2033 1822 2493 1884 senem‘extremae
2519 1830 2807 1883 senectutis
2831 1870 2845 1892 ,
2876 1829 3067 1899 qumrit
3090 1844 3348 1882 annorum
3394 1844 3495 1882 nn-

1930 1935 2157 1973 merum.
2185 1918 2239 1973 9.
2272 1916 2341 1971 Et
2368 1918 2495 1972 dixit
2535 1917 2697 1971 Iacob
2721 1933 2739 1972 :
2783 1917 2901 1972 Dies
2927 1935 3175 1972 annorum
3203 1920 3315 1973 vita:
3341 1934 3495 1981 mea.

1927 2011 2104 2081 quibus
2133 2010 2425 2081 peregrinus
2453 2025 2585 2063 sum.
2616 2008 2752 2065 Vide
2775 2008 3039 2078 quomodo
3066 2022 3254 2064 omnes
3287 2008 3415 2078 justi
3446 2009 3497 2061 iu

1930 2102 2031 2157 hac
2049 2101 2156 2156 vita
2184 2100 2327 2155 haud
2351 2114 2507 2155 secus
2529 2110 2691 2171 atque
2717 2100 2762 2154 si
2792 2103 2842 2153 in
2872 2099 3291 2171 peregrinatione
3319 2114 3501 2153 versa-

1928 2200 2147 2257 rentur,
2185 2193 2255 2245 ita
2281 2190 2454 2245 aﬂ‘ecti
2496 2199 2640 2244 sunt.
2687 2189 2885 2245 Audies
2927 2190 3070 2244 enim
3095 2198 3150 2244 et
3191 2188 3352 2243 David
3382 2198 3499 2258 post

1930 2284 2044 2338 lucc
2084 2282 2349 2339 dicentem
2376 2299 2391 2335 :
2424 2282 2556 2349 Quia
2581 2283 2872 2353 peregrinus
2899 2299 2989 2353 ego
3032 2298 3144 2336 sum
3165 2282 3217 2335 in
3245 2292 3375 2336 terra
3400 2324 3412 2344 ,
3455 2292 3501 2333 et

1927 2375 2121 2428 advena
2154 2372 2323 2445 (Psal.
2356 2374 2443 2429 '58.
2476 2374 2564 2439 15)
2595 2390 2608 2426 :
2638 2374 2773 2428 sicut
2801 2382 2854 2427 et
2882 2374 2966 2427 hic
2995 2372 3151 2437 dicit,
3179 2371 3300 2426 Dies
3336 2388 3499 2425 anuo-

1928 2483 2042 2520 rum
2068 2467 2181 2520 vita:
2208 2481 2364 2531 meat,
2412 2464 2591 2534 quibus
2632 2465 2919 2535 peregrinus
2964 2482 3094 2519 sum.
3124 2464 3405 2532 Propterea
3450 2473 3502 2517 et

1933 2557 2126 2611 Paulus
2151 2556 2360 2610 dicebat
2388 2556 2455 2609 de
2477 2555 2638 2624 justis
2682 2555 2786 2609 illis
2809 2555 2993 2626 (Hebr.
3038 2557 3124 2610 i-l.
3156 2557 3267 2624 5i),
3292 2554 3502 2609 confes-

1930 2666 2020 2705 sos
2060 2650 2178 2703 illos
2205 2664 2261 2703 se
2291 2649 2439 2718 quasi
2484 2649 2792 2718 peregrinos
2830 2656 2885 2703 et
2920 2647 3151 2702 advenas
3195 2663 3313 2703 esse
3341 2661 3501 2716 super
3558 2636 3561 2639 Α

1931 2752 2147 2797 terram.
2180 2740 2322 2807 Dies,
2348 2741 2547 2812 inquit,
2572 2758 2817 2795 annorum
2842 2742 2957 2795 vita:
2978 2757 3121 2805 metu,
3151 2743 3325 2810 quibus
3358 2757 3504 2807 pere-

1932 2840 2105 2911 grinus
2156 2855 2266 2892 sum
2287 2878 2303 2904 ,
2327 2846 2526 2891 centum
2569 2837 2773 2905 triginta
2811 2836 2964 2898 anni,
2997 2837 3145 2906 pauci
3170 2845 3217 2888 et
3245 2835 3367 2888 mali
3389 2838 3502 2903 fuc—

1931 2938 2072 2996 runt,
2099 2938 2264 2982 etnon
2289 2936 2613 2997 pervenerunt
2638 2926 2706 2979 ad
2740 2926 2846 2979 dies
2878 2942 3125 2979 annorum
3148 2926 3263 2980 vita:
3297 2934 3499 2994 patrum

1894 3039 1899 3044 ·
1932 3036 2175 3074 meorum.
2207 3019 2362 3085 Dies,
2402 3018 2606 3087 inquit,
2637 3018 2828 3088 quibus
2857 3018 3164 3087 peregrinus
3208 3015 3279 3070 fui
3301 3056 3314 3078 ,
3349 3016 3499 3084 pauci

1932 3117 1987 3164 et
2016 3109 2140 3163 mali
2164 3106 2397 3163 fuerunt.
2421 3107 2693 3178 Signiﬁcat
2720 3106 2804 3160 hic
2831 3120 3000 3160 annos
3024 3105 3316 3171 servitutis,
3341 3119 3499 3175 quam

1931 3200 2182 3254 sustinuit
2207 3198 2345 3270 apud
2370 3197 2551 3253 Laban
2576 3205 2699 3269 post
2722 3196 2896 3267 fugam
2916 3239 2931 3263 ,
2961 3211 3118 3267 quam
3148 3206 3366 3266 propter
3399 3196 3505 3249 fra-

1935 3298 2067 3345 trem
2095 3288 2219 3344 iecit
2244 3307 2256 3342 :
2286 3288 2478 3344 deinde
2505 3297 2629 3358 post
2666 3287 2891 3341 reditum
2920 3287 2987 3342 ab
3006 3302 3070 3342 eo
3117 3288 3235 3342 loco
3256 3324 3270 3350 ,
3303 3286 3502 3341 luctum

1931 3395 2091 3449 quem
2117 3387 2263 3433 tanto
2288 3389 2524 3449 tempore
2554 3378 2735 3432 habuit
2764 3387 2981 3447 propter
3010 3386 3237 3431 mortem
3264 3376 3461 3446 Ioseph
3482 3418 3496 3435 .

1933 3478 1988 3523 et
2014 3477 2231 3539 propter
2274 3469 2405 3523 alias
2432 3468 2733 3538 intcrjectas
2758 3466 3016 3521 miserias.
3047 3467 3315 3533 Quantum
3359 3466 3500 3519 enim

1931 3560 2178 3614 timorem
2204 3574 2328 3614 eum
2358 3558 2605 3613 habuisse
2636 3566 2784 3627 putas
2809 3598 2824 3621 ,
2858 3555 3071 3626 quando
3111 3565 3325 3625 propter
3347 3572 3501 3609 soro-

1931 3666 2046 3706 rem
2077 3651 2307 3722 Symeon
2328 3659 2383 3705 et
2409 3649 2534 3704 Levi
2560 3664 2745 3703 omnes
2771 3648 2999 3702 civitatis
3029 3647 3169 3700 viros
3193 3647 3502 3701 occiderunt

1931 3752 1985 3797 et
2010 3756 2197 3797 omnes
2242 3741 2333 3811 qui
2377 3739 2431 3794 in
2474 3738 2697 3795 Secimis
2734 3748 2888 3793 erant
2922 3738 3157 3807 captivos
3198 3737 3502 3792 duxerunt?

1932 3833 2146 3887 Dicebat
2188 3833 2329 3886 enim
2359 3843 2482 3885 tunc
2530 3830 2769 3887 indicans
2820 3830 2982 3883 animi
3016 3843 3268 3898 angorem
3310 3829 3361 3882 in
3395 3842 3505 3897 quo

1930 3932 2045 3976 erat
2077 3938 2091 3975 :
2128 3921 2442 3976 Invidiosum
2466 3937 2542 3973 me
2569 3920 2786 3989 fecistis,
2817 3920 2889 3972 ita
2911 3928 2964 3972 ut
2993 3918 3153 3972 malus
3169 3918 3353 3972 habear
3373 3919 3505 3970 inter

1932 4014 2209 4067 habitantes
2250 4022 2458 4067 terram.
2499 4011 2610 4082 Ego
2646 4021 2815 4064 autem
2858 4010 2911 4063 in
2938 4024 3091 4079 parvo
3133 4023 3338 4061 numero
3366 4024 3499 4061 sum.

1932 4105 1998 4158 Et
2022 4105 2306 4176 congregati
2330 4120 2480 4172 super
2499 4120 2575 4157 me
2588 4144 2603 4167 ,
2632 4102 2894 4157 concident
2914 4117 2991 4154 me
3011 4116 3033 4154 :
3054 4110 3099 4154 et
3124 4099 3323 4154 delebor
3341 4107 3387 4151 et
3413 4115 3507 4170 ego

1930 4206 1976 4248 et
1992 4196 2171 4250 domus
2191 4211 2303 4249 mea
2340 4193 2497 4265 (Gen.
2528 4194 2617 4249 54.
2649 4192 2763 4260 50).
2795 4192 3081 4262 Propterea
3120 4189 3248 4244 dicit
3280 4208 3295 4245 :
3337 4188 3503 4242 Pauci

1931 4297 1978 4340 et
2007 4286 2127 4340 mali
2154 4286 2260 4340 dies
2281 4301 2529 4339 annorum
2550 4284 2663 4338 vitae
2686 4298 2824 4336 metu.
2853 4283 2938 4335 11.
2968 4281 3033 4335 Et
3060 4279 3248 4349 Ioseph
3272 4279 3502 4332 habitare

1932 4376 2049 4445 fecit
2075 4386 2269 4445 patrem
2299 4392 2450 4429 suum
2477 4382 2522 4428 et
2565 4376 2745 4445 fratres
2768 4388 2886 4425 suos
2906 4411 2920 4434 ,
2951 4378 2996 4425 et
3023 4371 3159 4423 dedit
3184 4370 3254 4423 eis
3297 4385 3495 4439 posses—

1930 4470 2119 4522 sionem
2164 4469 2221 4521 in
2271 4478 2405 4521 terra
2447 4465 2697 4537 Egypti,
2750 4466 2803 4518 in
2832 4464 3021 4533 optima
3075 4473 3242 4528 terra,
3268 4463 3321 4516 in
3364 4471 3498 4515 terra

1930 4558 2198 4622 Ramesse,
2225 4559 2354 4612 sicut
2390 4564 2694 4629 prazceperat
2724 4553 2929 4608 Pharao
2956 4568 2979 4607 :
3004 4552 3089 4607 12.
3120 4561 3166 4606 et
3193 4555 3497 4624 frumentum

1931 4651 2221 4704 metiebatur
2266 4648 2457 4717 Ioseph
2504 4648 2637 4716 patri
2683 4655 2729 4699 et
2780 4644 3019 4717 fratribus
3065 4644 3204 4707 suis,
3258 4653 3303 4697 et
3359 4644 3495 4696 omni

1930 4743 2101 4798 domui
2138 4741 2294 4812 patris
2328 4743 2443 4802 sui,
2481 4743 2787 4809 frumentum
2831 4736 3103 4789 secundum
3141 4751 3342 4802 corpus.
3387 4734 3497 4786 lloe

1929 4844 2044 4889 erat
2064 4834 2204 4903 quod
2230 4832 2440 4886 dicebat
2478 4830 2762 4885 fratribus:
2795 4828 2936 4883 Misit
2959 4844 3041 4881 me
3075 4825 3213 4880 Deus
3236 4835 3350 4878 ante
3377 4841 3461 4877 vos
3479 4864 3495 4888 ,

1929 4938 1986 4979 ut
2022 4926 2382 4995 relinqueretur
2408 4922 2544 4976 vobis
2566 4920 2728 4991 portio
2752 4936 2903 4988 super
2922 4928 3140 4981 terram;
3162 4924 3234 4976 et.
3258 4914 3496 4973 Invitant

1928 5016 2062 5068 misit
2091 5031 2169 5067 me
2192 5012 2327 5067 Deus
2355 5021 2468 5066 ante
2489 5027 2574 5065 vos
2603 5009 2759 5078 (Gen.
2784 5010 2873 5065 45.
2901 5009 2953 5062 7.
2977 5008 3055 5075 5).
3084 5004 3359 5059 Frumeuta
3386 5021 3496 5057 meo

1930 5104 2158 5170 ttebatur,
2202 5103 2405 5173 inquit,
2434 5103 2505 5157 eis
2531 5100 2803 5156 secundum
2825 5114 3030 5167 corpus.

1996 5196 2179 5249 Anima
2201 5195 2279 5250 vel
2313 5209 2494 5264 corpus
2531 5200 2662 5246 totus
2682 5192 2854 5246 homo.
2904 5185 3170 5253 Quomodo
3196 5201 3253 5239 se
3294 5183 3501 5255 gesserit

1926 5287 2177 5356 Iosephus
2195 5302 2314 5358 erga
2335 5283 2611 5355 Egyptios
2629 5323 2644 5349 ,
2674 5282 2903 5337 saeviente
2929 5283 3080 5350 fame.
3108 5305 3182 5319 --
3218 5275 3354 5343 Quid
3384 5284 3498 5339 est,

1930 5380 2219 5435 Secundum
2262 5376 2489 5447 corpus?
2533 5376 2799 5443 Quantum
2846 5369 3143 5426 sufﬁciebat
3189 5366 3495 5434 unicuique.

1928 5473 2039 5527 Mos
2080 5471 2221 5526 enim
2251 5478 2334 5524 est
2361 5467 2650 5537 Scriptura:
2677 5463 2963 5533 aliquando
3008 5461 3077 5515 ab
3103 5460 3276 5514 anima
3326 5468 3495 5515 totum

1928 5564 2196 5618 hominem
2247 5562 2524 5616 nominare
2547 5600 2562 5623 ,
2590 5555 2877 5626 aliquando
2915 5568 2945 5607 a
2971 5566 3217 5621 corpore.
3249 5550 3314 5603 Et
3360 5560 3499 5604 sicut

1926 5654 2169 5723 superius
2189 5651 2415 5715 dicebat,
2441 5649 2505 5702 lu
2530 5646 2846 5717 septuaginta
2865 5642 3081 5714 quinque
3114 5640 3373 5693 animabus
3412 5640 3496 5691 de-

1933 5743 2124 5799 scendit
2147 5741 2308 5796 Iacob
2342 5742 2393 5795 in
2436 5737 2720 5809 nggptum
2753 5733 2902 5808 (Gen.
2928 5732 3017 5789 ιδ.
3061 5730 3184 5802 27);
3215 5739 3270 5784 ut
3298 5731 3501 5789 diceret
