4038 6358
492 307 599 360 563

485 418 815 488 septuaginta
843 416 1076 485 quinque
1109 416 1252 471 viros
1291 425 1346 471 et
1388 415 1639 471 mulieres
1670 433 1684 469 :
1718 416 1797 470 sic
1842 426 1895 470 et
1944 416 2029 470 hic
2050 455 2067 480 ,

487 509 782 561 Secundum
810 522 992 574 corpus
1012 545 1027 569 ,
1053 504 1104 559 id
1133 513 1216 559 est
1260 520 1358 572 pro
1384 506 1609 574 singulis
1648 504 1971 560 hominibus.
2006 506 2070 559 Et

489 608 597 653 tota
640 598 851 667 quidem
901 593 1163 667 Egyptus
1211 606 1265 650 et
1292 596 1714 651 Chananzeorum
1761 596 1908 666 regio
1931 595 2069 653 fame

489 689 834 755 laborabant,
867 688 966 757 ipsi
1006 697 1182 743 autem
1227 703 1481 757 prOSpere
1521 689 1778 758 agebant,
1808 688 2068 744 habentes

489 779 640 849 quasi
668 795 733 833 et
757 778 988 834 fontibus
1018 778 1332 849 proﬂuentia
1362 777 1647 833 frumenta.
1676 780 1762 833 15.
1812 777 2069 832 Frumen-

491 882 597 923 tum
624 870 788 938 enim,
813 870 1000 941 inquit,
1036 888 1136 925 non
1162 881 1266 924 erat
1296 871 1347 923 in
1361 870 1498 923 omni
1524 879 1675 925 terra.
1695 868 1919 923 lnvaluit
1939 871 2070 924 enim

493 967 655 1033 fames
698 980 855 1034 supra
888 962 1114 1017 modum.
1165 962 1357 1034 Defecit
1394 972 1559 1016 autent
1597 972 1731 1017 terra
1769 962 1986 1034 Egypti
2024 971 2072 1017 et

487 1066 622 1110 terra
646 1056 892 1112 Chanaan
920 1073 1027 1127 prie
1052 1059 1206 1127 fante.

560 1147 619 1202 Δ.
648 1146 782 1202 Vide
807 1146 1130 1203 inell‘abilem
1161 1146 1254 1202 Dei
1278 1144 1690 1201 sollicitudinem
1715 1154 1770 1200 et
1788 1144 2073 1213 providen-

490 1238 614 1292 tiam
642 1256 655 1292 :
685 1238 954 1307 quomodo
981 1248 1264 1306 antequam
1292 1236 1643 1292 invalesceret
1671 1234 2068 1305 famesJastum

493 1331 544 1384 in
569 1330 856 1402 Egyptian
897 1331 1215 1395 deduxerit,
1248 1345 1315 1386 ne
1355 1329 1499 1385 illam
1526 1329 1747 1385 sentiret
1773 1328 2070 1397 angustiam

489 1435 609 1490 quae
637 1431 858 1476 ventura
888 1418 1005 1476 erat
1042 1421 1095 1476 in
1126 1420 1399 1476 Chanaan.
1443 1421 1508 1475 Et
1535 1421 1780 1476 omnibus
1812 1421 1937 1476 illuc
1976 1420 2071 1475 de-

490 1514 857 1579 currentibus,
891 1515 979 1568 M.
1009 1513 1372 1584 Congregavit,
1409 1512 1611 1582 inquit,
1656 1511 1848 1581 Joseph
1874 1526 2069 1564 omnem

493 1606 786 1671 pecuniam,
834 1615 937 1658 tant
971 1622 1145 1659 eorum
1171 1606 1258 1676 qui
1311 1614 1455 1659 erant
1516 1606 1569 1659 in
1601 1604 1864 1675 Egypto,
1917 1620 2070 1674 quant

490 1712 660 1749 eorum
684 1698 768 1765 qui
788 1706 930 1750 erant
971 1700 1024 1751 in
1062 1695 1340 1763 Chanaan,
1378 1705 1424 1751 et
1452 1697 1525 1750 sic
1569 1700 1821 1767 frumenta
1848 1696 1919 1749 eis
1960 1695 2069 1747 dis-

491 1790 735 1855 pensavit.
786 1789 872 1843 15.
927 1786 994 1842 Et
1042 1790 1222 1859 defecit
1268 1797 1439 1859 postea
1491 1789 1720 1857 pecunia.
1767 1785 2069 1857 Importavit

489 1879 623 1931 enim
675 1895 872 1933 onmem
906 1880 959 1933 in
1005 1880 1210 1933 domum
1253 1878 1562 1934 Pharaonis.
1604 1879 1855 1934 Venerunt
1901 1888 2069 1933 autem

490 1966 725 2039 ZEgyptii
749 1985 918 2023 omnes
940 2010 955 2032 ,
995 1980 1041 2023 et
1070 1971 1299 2024 dicebant
1325 1986 1341 2023 :
1370 1970 1451 2025 Da
1493 1970 1634 2024 nobis
1660 1986 1850 2040 panes:
1896 1978 1941 2023 et
1978 1986 2069 2023 cur

488 2060 733 2111 morimur
764 2069 881 2112 ante
900 2060 986 2113 te?
1012 2058 1210 2130 Defecit
1256 2060 1389 2114 enim
1410 2061 1641 2131 pecunia.
1671 2060 1784 2116 Non
1823 2071 1947 2116 sunt
1973 2077 2069 2116 no-

488 2147 600 2212 bis,
630 2147 911 2218 inquiunt,
947 2150 1125 2217 plures
1170 2151 1444 2219 pecuni-.e,
1474 2161 1532 2204 ut
1555 2164 1827 2217 emamus,
1868 2160 1923 2206 et
1947 2150 2067 2207 ideo

490 2236 628 2292 fame
655 2240 907 2307 perimus.
958 2239 1038 2295 Ne
1068 2240 1226 2310 igitur
1253 2241 1515 2310 despicias
1560 2256 1659 2296 nos
1679 2282 1695 2307 ,
1724 2243 1815 2311 qui
1839 2257 1871 2296 a
1895 2252 2067 2298 morte

491 2326 562 2381 ita
592 2327 920 2394 obsidemur,
950 2329 1043 2384 sed
1074 2329 1251 2398 praebe
1281 2331 1431 2385 nobis
1464 2346 1624 2400 panes
1646 2340 1701 2385 ut
1722 2332 1959 2387 vivamus
1978 2372 1992 2395 .
2012 2342 2067 2388 et

490 2435 557 2475 ne
582 2423 891 2476 moriamur.
927 2424 1011 2478 l6.
1042 2423 1184 2478 Dixit
1211 2434 1374 2478 autent
1398 2425 1469 2479 eis
1504 2424 1697 2495 Joseph
1721 2424 1949 2492 :A/I‘erte
1975 2442 2064 2495 pe-

493 2527 612 2564 cora
637 2522 798 2566 vestra
824 2553 838 2579 ,
865 2523 911 2566 et
936 2513 1065 2567 dabo
1087 2516 1222 2569 vobis
1244 2532 1417 2585 panes.
1448 2515 1503 2571 Si
1534 2517 1674 2571 enim
1703 2532 1809 2571 non
1836 2517 2066 2586 suppetit

490 2601 640 2655 vobis
667 2604 924 2672 pecunia,
982 2604 1185 2674 inquit,
1231 2606 1434 2674 accipio
1459 2616 1510 2660 et
1538 2620 1743 2675 pecora.
1781 2605 1842 2661 Si
1885 2606 2065 2675 defecit

489 2694 731 2761 pecunia,
765 2693 1010 2749 adducite
1037 2709 1226 2764 pecora
1267 2704 1443 2751 vestra
1468 2738 1479 2761 ,
1504 2704 1558 2751 et
1578 2696 1849 2765 accipietis
1876 2711 2061 2767 panes.

489 2783 577 2835 17.
607 2783 940 2839 Adduxerunt
965 2796 1132 2839 autem
1172 2804 1370 2857 pecora,
1400 2797 1444 2842 et
1466 2788 1602 2841 dedit
1627 2789 1698 2842 eis
1728 2805 1820 2857 pro
1846 2790 1983 2858 cquis
2011 2790 2062 2857 ί,

487 2882 536 2924 et
562 2874 754 2939 ovibus,
779 2884 826 2928 et
854 2874 1035 2944 bobus,
1053 2887 1099 2930 et
1128 2878 1303 2942 asinis,
1331 2888 1378 2931 et
1413 2878 1541 2931 aluit
1574 2894 1658 2932 eos
1688 2895 1780 2949 pro
1803 2879 2066 2949 pecoribus

485 2966 612 3018 suis.
640 2965 725 3021 18.
766 2965 1016 3021 Venerunt
1057 2978 1225 3022 autem
1252 2972 1321 3024 ad
1349 2986 1461 3023 eum
1484 2980 1531 3024 et
1556 2988 1688 3024 anno
1715 2973 1939 3039 sequenti
1960 3012 1976 3039 ,
2017 2983 2064 3027 et

485 3053 719 3108 dixerunt
753 3057 797 3109 ei
824 3072 843 3109 :
874 3056 956 3109 Ne
982 3062 1112 3127 forte
1151 3075 1438 3127 pereamus,
1473 3076 1630 3130 neque
1665 3062 1874 3129 pecunia
1924 3062 2062 3116 nobis

486 3148 738 3215 suppetit,
771 3164 928 3217 neque
950 3165 1132 3217 pecora
1154 3167 1173 3204 :
1198 3152 1368 3204 omnia
1394 3154 1525 3204 enim
1558 3154 1697 3222 apud
1722 3164 1769 3207 te
1802 3154 2063 3208 dominum

490 3246 714 3289 nostrum
735 3247 874 3290 sunt.
897 3236 1046 3293 Nihil
1071 3240 1200 3294 enim
1230 3242 1368 3294 nobis
1386 3241 1526 3295 aliud
1554 3244 1778 3297 relictum
1807 3253 2063 3315 est,quaus

486 3328 747 3395 proprium
784 3345 967 3398 corpus
1014 3340 1062 3383 et
1110 3340 1243 3384 terra
1290 3341 1483 3386 nostra.
1526 3334 1614 3389 l9.
1659 3333 1726 3388 Ut
1762 3335 1914 3404 igitur
1960 3352 2062 3391 non

485 3435 747 3486 pereamus
766 3462 780 3483 ,
809 3422 1011 3490 posside
1037 3440 1127 3477 nos
1154 3433 1198 3477 et
1227 3433 1411 3478 terram
1428 3437 1650 3480 nostram
1690 3443 1783 3496 pro
1809 3427 2057 3497 panibus,

484 3517 530 3559 et
557 3510 743 3563 erimus
764 3513 912 3565 etiam
934 3530 1025 3567 nos
1051 3523 1098 3567 et
1125 3524 1256 3568 terra
1278 3525 1450 3570 nostra
1472 3518 1600 3571 servi
1631 3517 1944 3573 Pharaonis.
1977 3518 2061 3574 Da

481 3616 647 3654 semen
668 3644 682 3667 ,
707 3612 762 3655 ut
791 3604 1088 3659 seminemus
1105 3616 1150 3660 et
1170 3607 1395 3661 vivamus
1411 3649 1425 3670 ,
1447 3617 1495 3661 et
1523 3618 1657 3662 terra
1683 3626 1782 3663 non
1805 3612 2061 3681 redigetur

480 3692 534 3743 in
562 3693 905 3748 solitudinem.
936 3694 1155 3766 Seipsos
1180 3699 1231 3753 in
1263 3701 1576 3755 servitutem
1610 3702 1983 3771 subiecerunt,
2005 3714 2058 3758 et

482 3792 677 3838 terram
714 3787 1101 3855 vendiderunt,
1132 3791 1201 3845 ita
1233 3800 1290 3844 ut
1322 3791 1391 3845 ali
1421 3802 1639 3862 possent
1668 3812 1680 3846 :
1715 3803 1858 3849 tanta
1903 3795 2057 3849 famis

482 3881 771 3933 necessitas
823 3880 939 3935 fuit.
964 3882 1053 3936 20.
1077 3882 1145 3936 Et
1164 3885 1424 3951 acquisivit
1444 3884 1635 3956 Joseph
1662 3896 1848 3939 terram
1886 3886 2058 3958 ,Ερυ-

482 3970 699 4036 ptiorum
729 3971 1011 4028 Pharaoni.
1050 3974 1394 4031 Vendideram
1432 3979 1565 4032 enim
1590 3995 1698 4033 eam
1720 3984 1854 4050 fame
1873 3984 2052 4037 coacti.

484 4058 550 4113 Et
572 4064 707 4131 facta
747 4073 820 4119 est
848 4073 983 4119 terra
1023 4066 1332 4122 Pharaonis.
1371 4067 1460 4129 21.
1503 4068 1568 4123 Et
1597 4073 1841 4141 papulum
1866 4072 1960 4126 sibi
2000 4073 2059 4127 in

479 4166 647 4204 servos
675 4153 883 4224 subjecit
910 4156 973 4209 ab
995 4159 1227 4211 extremis
1256 4159 1442 4227 ﬁnibus
1463 4158 1682 4230 1Egypti
1702 4178 1855 4232 usque
1873 4162 1941 4215 ad
1966 4180 2057 4217 ex-

479 4248 662 4293 tremos
696 4257 715 4294 :
737 4242 827 4297 22.
850 4256 1057 4314 excepta
1076 4257 1209 4299 terra
1232 4249 1573 4302 sacerdotum.
1601 4247 1718 4303 Illis
1754 4252 1887 4305 enim
1917 4254 2054 4306 dedit

483 4329 688 4386 Pharao
711 4336 846 4390 cibos
879 4348 925 4391 et
976 4340 1330 4406 comederunt;
1359 4350 1407 4395 et
1443 4349 1707 4409 propterea
1738 4358 1839 4396 non
1875 4344 2051 4397 vendi-

478 4422 663 4477 derunt
710 4434 895 4481 terram
943 4444 1109 4483 suam.
1162 4429 1294 4486 Vide
1342 4440 1571 4500 quantus
1600 4432 1938 4499 intellectus,
1995 4444 2052 4490 et

475 4522 669 4580 quanta
709 4518 971 4586 sapientia
1013 4519 1218 4590 Joseph
1244 4520 1422 4575 fuerit.
1472 4522 1594 4578 Illos
1630 4538 1803 4594 neque
1855 4523 2051 4580 famem

473 4605 703 4672 esperiri
740 4610 1009 4677 permisit,
1054 4620 1109 4666 et
1136 4627 1349 4667 omnem
1380 4624 1579 4668 terram
1604 4615 1881 4685 acquisivit
1908 4616 2049 4670 Pha-

474 4697 655 4757 raoni,
710 4698 975 4767 simulque
1013 4701 1224 4756 fuerunt
1266 4703 1496 4773 Egyptii
1526 4719 1711 4760 omnes
1742 4705 1793 4760 in
1823 4709 2049 4763 servitu-

473 4793 579 4838 tem
610 4787 828 4842 redacti.
861 4788 996 4845 Vide
1017 4833 1031 4852 ,
1059 4793 1284 4849 obsecro
1304 4837 1320 4863 ,
1351 4795 1435 4850 hie
1461 4796 1652 4851 iterum
1680 4797 1930 4853 eximiam
1968 4800 2049 4852 di-

472 4874 775 4942 ligentiam,
820 4889 874 4933 ct
900 4882 1281 4950 providentiam
1308 4925 1322 4946 .
1351 4901 1508 4954 quam
1549 4901 1673 4955 erga
1702 4887 1825 4943 illos
1863 4887 2043 4944 habet.

470 4965 558 5019 25.
592 4964 735 5021 Dixit
759 4971 900 5024 enim
930 4970 1221 5043 ﬂgyptiis,
1248 4974 1380 5028 Ecce
1407 4977 1647 5047 acquisiui
1674 4994 1761 5033 vos
1785 4989 1833 5033 et
1861 4988 2047 5033 terram

470 5065 686 5109 vestram
704 5058 853 5112 hodie
881 5059 1162 5117 Pharaoni.
1191 5064 1417 5134 Accipite
1438 5066 1591 5136 igitur
1610 5069 1745 5122 vobis
1771 5070 1980 5134 semina,
1999 5080 2046 5124 et

468 5147 709 5202 seminate
747 5160 936 5204 terram
964 5169 984 5205 :
1006 5163 1054 5207 et
1096 5155 1139 5207 si
1159 5156 1347 5224 fuerint
1394 5167 1659 5225 proventus
1680 5199 1696 5224 ,
1725 5158 1814 5213 24.
1858 5159 2044 5214 dabitis

468 5238 699 5303 quintam
753 5251 947 5309 partem
1018 5242 1280 5298 Pharaoni
1324 5261 1343 5299 :
1374 5258 1612 5315 .quatuor
1656 5259 1824 5303 autem
1878 5262 2043 5320 partes

471 5337 614 5380 erunt
638 5339 816 5383 vestrae
846 5333 900 5384 in
924 5348 1092 5386 semen
1112 5343 1289 5400 terrae,
1322 5346 1368 5389 et
1405 5337 1458 5390 in
1494 5338 1659 5391 cibum
1687 5340 1858 5405 vobis,
1881 5350 1933 5394 et
1953 5343 2043 5395 toti

469 5418 639 5471 domui
666 5430 860 5474 vestra.
895 5421 1079 5493 Magna
1108 5423 1428 5489 liberalitas.
1462 5426 1645 5497 ingens
1675 5430 2002 5497 providentia
2023 5472 2039 5496 ,

472 5509 750 5565 inellhbilis
784 5512 1105 5569 sollicitudo.
1145 5514 1269 5571 Ideo
1296 5526 1352 5572 et
1396 5517 1468 5574 illi
1498 5529 1849 5588 agnoscentes
1877 5520 2042 5577 bene-

468 5640 557 5757 ”;
576 5644 959 5760 :zusiipzqgginta
983 5648 1332 5708 lnterpretibus
1356 5648 1552 5711 legitur,
1583 5658 1629 5701 et
1654 5651 1785 5702 dedit
1807 5653 1875 5701 eis
1895 5651 2039 5715 panes

1233 303 1288 357 S.
1330 302 1602 359 JOANNIS
1641 301 2104 359 CHRYSOSTUMI
2148 298 2465 354 ARCIIIEP.
2503 298 3034 354 CONSTANTINOP.

3650 299 3759 352 Si“

2182 412 2296 466 licia
2326 455 2340 475 ,
2367 412 2551 466 dicunt
2577 430 2591 465 :
2619 413 2709 466 25.
2748 411 2972 466 Salvasti
3003 427 3126 475 nos,
3174 412 3449 465 invenimus
3477 413 3609 466 enim
3639 430 3763 482 gm-

2177 506 2300 558 tiam
2328 521 2497 557 coram
2529 504 2733 558 domino
2760 515 2968 570 nostro;
3006 514 3052 559 et
3080 505 3266 558 erimus
3291 506 3419 558 servi
3446 503 3765 559 Pharaonis.

2188 597 2374 652 Vidisti
2407 597 2821 652 liberalitatem?
2852 595 2985 650 Nam
3025 597 3147 666 quia
3174 597 3305 650 vidit
3328 612 3421 651 eos
3452 599 3613 651 nimia
3661 612 3763 666 pe-

2176 689 2328 744 nuria
2350 686 2654 755 confectos,
2686 688 2924 756 cogitans
2943 695 3200 756 quantum
3244 687 3479 742 laborem
3524 699 3580 741 et
3621 704 3758 741 teru-

2177 794 2355 834 mnam
2376 779 2928 848 sustinere'cogantur
2945 778 3170 833 colendo
3196 789 3422 845 terram,
3453 778 3582 834 dicit
3607 796 3622 833 :
3650 778 3760 834 Se-

2178 883 2301 923 men
2333 867 2482 922 vobis
2512 881 2613 937 ego
2629 867 2978 935 suppeditabo
2997 909 3012 933 ,
3045 883 3139 922 vos
3166 877 3343 923 autem
3364 885 3576 924 omnem
3598 870 3763 924 aliam

2176 974 2357 1013 curam
2388 957 2655 1013 exhibete.
2704 957 2772 1013 Et
2810 958 2855 1012 si
2887 957 3083 1012 fuerint
3111 958 3262 1014 vobis
3305 972 3624 1030 proventus,
3662 961 3768 1013 da-

2177 1048 2302 1104 bitis
2343 1056 2547 1117 partem
2574 1062 2733 1101 unam
2752 1088 2770 1113 ,
2796 1058 3023 1118 quatuor
3052 1057 3229 1103 autem
3271 1058 3460 1103 vestra:
3490 1061 3671 1113 erunt,
3704 1060 3771 1104 et

2178 1153 2385 1193 merces
2415 1138 2689 1204 laborum,
2723 1146 2778 1194 et
2802 1138 3066 1194 alimoniae
3104 1149 3367 1211 sumptus.
3388 1140 3478 1195 26.
3512 1140 3626 1194 Hoc
3656 1158 3768 1195 au-

2177 1237 2278 1283 tem
2298 1228 2594 1281 mandatum
2632 1229 2801 1300 posuit
2847 1228 2922 1283 eis
2960 1226 3151 1300 Ioseph
3171 1270 3187 1294 ,
3217 1239 3272 1283 ut
3300 1230 3523 1300 quintani
3562 1241 3772 1301 partem

2176 1321 2358 1374 darent
2384 1319 2648 1375 Pharaoni
2667 1362 2681 1385 ,
2712 1331 2920 1393 excepta
2943 1322 3053 1376 sola
3079 1325 3397 1377 sacerdotum
3422 1335 3571 1379 terra.

2247 1409 2547 1465 Sacerdotes
2581 1412 2801 1466 colendi.
2846 1442 2918 1453 —
2955 1413 3189 1469 Audiam
3228 1414 3324 1485 qui
3363 1431 3503 1471 nunc
3536 1417 3785 1481 vivunt,

2175 1511 2427 1566 quantam
2469 1503 2597 1557 olim
2640 1504 2975 1559 sacerdomm
3028 1505 3290 1561 idolorum
3337 1522 3517 1563 curam
3552 1508 3769 1564 habue-

2175 1594 2314 1659 rint;
2341 1603 2394 1649 et
2414 1594 2621 1651 discant
2644 1605 2704 1651 ut
2722 1598 2807 1652 vel
2832 1597 3020 1652 saltem
3043 1613 3223 1668 parem
3245 1598 3474 1656 habeant
3501 1602 3777 1658 honorem

2175 1684 2239 1737 iis
2263 1685 2453 1754 quibus
2481 1687 2713 1741 omnium
2744 1687 2835 1742 Dei
2871 1689 3222 1744 ministerium
3252 1691 3509 1746 creditum
3528 1734 3545 1757 ,
3584 1703 3639 1749 et
3664 1694 3777 1763 qui

2174 1775 2475 1830 sacerdotio
2496 1779 2727 1847 insigniti
2752 1789 2891 1834 sunt.
2921 1779 2976 1836 Si
3008 1782 3149 1835 enim
3179 1793 3418 1838 errantes
3444 1784 3610 1851 illi,et
3635 1795 3773 1840 tan-

2175 1874 2279 1919 tun
2308 1866 2567 1921 idolorum
2596 1884 2776 1923 curam
2804 1869 3091 1933 habentes,
3125 1872 3245 1941 quia
3276 1889 3342 1927 ex
3379 1875 3478 1929 hoc
3505 1876 3775 1945 putabant

2174 1956 2313 2010 idola
2338 1957 2504 2028 magis
2527 1959 2649 2024 coli,
2677 1960 2745 2013 ita
2775 1975 2959 2016 eorum
2982 1962 3252 2017 ministros
3272 1964 3519 2019 colebant
3545 1983 3559 2020 :
3588 1984 3772 2036 quan-

2174 2057 2225 2101 ta
2273 2064 2378 2102 non
2425 2050 2865 2106 condemnatione
2915 2053 3105 2122 digni,
3133 2053 3224 2122 qui
3268 2070 3409 2108 nunc
3438 2056 3773 2113 imminuent

2172 2138 2312 2208 quod
2338 2139 2402 2193 ad
2434 2139 2639 2195 illorum
2682 2152 2886 2211 spectat
2920 2144 3117 2198 cultum
3145 2144 3168 2196 ?
3196 2149 3273 2198 An
3323 2147 3536 2201 nescitis
3581 2147 3771 2203 hono—

2173 2244 2285 2283 rem
2305 2229 2370 2284 ad
2394 2230 2557 2285 Deum
2588 2231 2757 2301 ipsum
2781 2234 3047 2288 transire?
3076 2233 3151 2287 Ne
3178 2234 3334 2304 igitur
3365 2237 3615 2304 I'OSlIlCiaS
3631 2253 3775 2294 eum

2172 2322 2258 2375 cui
2301 2320 2471 2377 honos
2510 2322 2801 2379 confertur.
2831 2324 2947 2381 Non
2978 2326 3119 2379 enim
3152 2334 3369 2395 pr0pter
3408 2328 3552 2382 illum
3590 2329 3779 2385 debes

2171 2414 2311 2484 quod
2351 2426 2497 2469 tuum
2523 2426 2606 2470 est
2634 2415 2846 2483 facere;
2888 2418 2981 2472 sed
3012 2426 3228 2487 pr0pter
3261 2419 3410 2473 illum
3431 2460 3445 2483 ,
3472 2418 3623 2488 cujus
3662 2436 3771 2475 sa-

2169 2505 2361 2560 cerdos
2386 2516 2487 2571 est,
2520 2516 2579 2561 ut
2620 2516 2675 2561 et
2713 2506 2781 2561 ab
2819 2508 2909 2562 illo
2949 2508 3321 2564 retributiones
3346 2510 3574 2564 ubertim
3612 2512 3769 2566 seci-

2172 2598 2304 2667 pias.
2335 2598 2558 2668 Propter
2583 2598 2722 2669 quod
2753 2610 2809 2654 et
2835 2599 3077 2655 dicebat:
3106 2600 3206 2667 Qui
3232 2603 3405 2673 fecerit
3434 2603 3523 2655 uni
3549 2601 3773 2668 horum,

2173 2674 2296 2742 mihi
2322 2689 2531 2759 fecerit;
2556 2701 2631 2754 et,
2664 2690 2765 2756 Qui
2792 2691 2975 2759 accipit
3001 2690 3297 2760 prophetam
3331 2692 3387 2744 in
3412 2692 3611 2745 nomine
3636 2709 3765 2759 pro-

2170 2781 2352 2852 phetat,
2378 2782 2652 2835 mercedem
2681 2785 2938 2852 praphetc
2964 2784 3174 2852 accipiet
3197 2782 3408 2852 (Matth.
3430 2782 3520 2838 25.
3553 2784 3640 2839 40.
3661 2785 3762 2838 10.

2168 2873 2283 2940 41).
2308 2871 2440 2925 Num
2470 2873 2610 2927 enim
2650 2887 2680 2927 a
2707 2873 2966 2942 dignitate
3013 2872 3095 2927 vel
3139 2873 3340 2928 vilitate
3385 2873 3770 2928 ministrorum

2170 2966 2261 3019 tibi
2293 2966 2549 3021 retribuet
2584 2966 2872 3020 Dominus?
2900 2967 2978 3021 Ub
3017 2966 3341 3021 alacritatem
3366 2977 3507 3021 tuam
3540 2967 3624 3021 vel
3653 2982 3765 3021 co-

2168 3066 2320 3111 rouat
2345 3098 2361 3124 ,
2394 3058 2475 3112 vel
2508 3058 2843 3112 condemnat.
2877 3056 2945 3113 Et
2989 3059 3127 3112 sicut
3168 3057 3371 3124 honor,
3403 3058 3492 3129 qui
3534 3069 3763 3128 proptes

2168 3149 2340 3217 ipsum
2393 3149 2755 3220 impenditur,
2802 3150 3025 3206 multum
3065 3152 3202 3220 parit
3246 3150 3452 3207 ﬁduciae
3494 3153 3765 3222 (propria

2167 3240 2307 3294 enim
2336 3239 2440 3295 sibi
2466 3239 2590 3295 facit
2617 3241 2755 3297 Deus
2782 3256 2898 3310 quae
2928 3242 2979 3296 in
3007 3256 3197 3296 servos
3221 3257 3349 3297 suos
3377 3243 3762 3313 collocantur),

2168 3331 2238 3384 ita
2276 3342 2331 3386 et
2368 3332 2575 3385 illorum
2614 3342 2950 3403 contemptus
2972 3334 3191 3389 multant
3221 3348 3251 3388 c
3275 3348 3507 3403 superno
3532 3349 3757 3404 pinnam

2167 3421 2319 3475 nobis
2343 3422 2563 3477 deferet.
2595 3422 2741 3478 Sicut
2767 3424 2908 3478 enim
2935 3437 3089 3479 suum
3128 3439 3247 3480 esse
3273 3424 3551 3489 honorem,
3580 3426 3650 3480 ita
3694 3437 3761 3481 es

2164 3523 2529 3583 contemptum
2553 3513 2699 3568 ducit
2733 3533 2746 3569 :
2779 3514 2830 3569 id
2874 3516 3014 3585 quod
3056 3516 3311 3583 scientes,
3335 3532 3620 3586 numquam
3646 3532 3757 3573 ne-

2163 3602 2420 3673 gligamus
2464 3606 2664 3660 cultum
2714 3608 2800 3677 qui
2844 3606 3213 3663 sacerdotibus
3259 3607 3351 3662 Dei
3387 3608 3632 3663 debetur.
3680 3610 3756 3664 lit

2163 3695 2278 3757 hinc
2302 3696 2442 3761 dico,
2460 3713 2563 3752 non
2593 3707 2790 3753 tantam
2816 3699 3026 3753 illorum
3048 3700 3307 3755 rationem
3330 3701 3550 3765 habens,
3576 3717 3753 3771 quan-

2163 3794 2268 3841 tam
2299 3798 2488 3841 vestrae
2516 3790 2769 3856 caritatis,
2802 3791 3021 3861 cupiens
3050 3806 3144 3845 vos
3173 3793 3223 3845 in
3251 3792 3497 3846 omnibus
3525 3793 3749 3847 luci-ila».

2161 3892 2301 3934 cere.
2327 3880 2461 3946 Quid
2489 3883 2629 3935 enim
2659 3892 2859 3937 tantum
2889 3883 2983 3938 das
3006 3923 3022 3947 ,
3053 3892 3306 3954 quantum
3347 3886 3543 3954 accipis
3572 3901 3601 3939 a
3632 3887 3745 3941 Do-

2161 3970 2346 4025 mino?
2394 3984 2647 4041 quantum
2690 3985 2866 4029 autem
2921 3975 3122 4030 cultum
3177 3976 3373 4031 alfers?
3408 3979 3655 4031 Attamen
3687 3988 3749 4033 et

2160 4076 2257 4130 pro
2286 4063 2376 4116 illo
2406 4063 2514 4128 vili,
2543 4074 2597 4119 et
2623 4066 2709 4134 qui
2740 4066 2790 4119 in
2820 4068 3068 4135 praesenti
3097 4068 3199 4121 vita
3227 4068 3386 4122 simul
3408 4067 3748 4135 dissolvitur,

2159 4154 2484 4217 immortales
2508 4157 2737 4226 accipies
2765 4157 3059 4219 mercedes.
3077 4169 3127 4212 et
3158 4158 3438 4213 inell‘abilia
3470 4160 3628 4214 bona.

2228 4248 2285 4303 5.
2322 4248 2448 4304 Have
2473 4259 2648 4305 mente
2669 4259 2959 4314 versantes,
2984 4266 3332 4319 preperemus
3345 4251 3412 4306 ad
3431 4266 3618 4306 eorum
3645 4253 3746 4308 ub-

2156 4340 2366 4410 scquia,
2395 4355 2499 4394 non
2524 4341 2858 4407 attendentes
2894 4353 3185 4410 summum,
3217 4342 3310 4397 sed
3336 4342 3541 4396 lucrum
3568 4353 3627 4398 et
3650 4359 3745 4398 ac-

2154 4430 2477 4496 cessionem,
2500 4446 2621 4500 qua:
2647 4430 2767 4486 inde
2794 4443 3099 4487 nascuntur.
3129 4431 3262 4487 Nam
3286 4432 3329 4486 si
3365 4432 3611 4487 videnta
3638 4435 3745 4489 uiri

2152 4521 2376 4591 alicujus
2403 4523 2640 4577 saeculari
2667 4522 2923 4591 dignitate
2963 4523 3183 4593 insignis
3211 4519 3562 4589 familiarem,
3606 4540 3742 4594 ope—

2154 4628 2268 4667 ram
2297 4616 2485 4668 damus
2527 4622 2584 4668 ut
2623 4625 2874 4683 quantum
2904 4615 3157 4682 possibile
3184 4622 3264 4669 ext
3307 4616 3382 4669 illi
3420 4627 3753 4685 praestean

2152 4705 2491 4775 obsequium,
2506 4705 2798 4774 cogitantes
2823 4705 2993 4759 officia
3022 4722 3141 4775 quas
3165 4707 3240 4760 illi
3257 4706 3601 4769 exhibentur,
3620 4709 3741 4775 ejus

2152 4794 2368 4848 domino
2392 4794 2670 4858 accedere,
2701 4803 2754 4848 et
2782 4794 2928 4848 illum
2956 4794 3267 4849 fam'diarem
3296 4797 3386 4849 ubi
3421 4786 3737 4867 signiﬁcat-it

2154 4896 2375 4955 patrono
2402 4899 2516 4950 suo,
2546 4886 2803 4953 majorem
2831 4885 2982 4940 nobis
3010 4885 3148 4954 apud
3186 4902 3312 4940 eum
3337 4886 3577 4941 favorem
3606 4902 3736 4941 eon—

2151 4977 2448 5030 ciliaturum
2474 4990 2594 5030 esse
2627 4993 2639 5028 :
2671 4978 2836 5030 multo
2869 4977 3036 5046 magis
3070 4976 3171 5031 hoc
3205 4978 3307 5030 erit
3343 4976 3483 5045 apud
3513 4977 3731 5030 univer—

2151 5083 2330 5122 sorum
2369 5067 2666 5123 Dominum.
2699 5068 2828 5122 Nam
2856 5070 2935 5133 si,
2967 5069 3179 5139 quando
3207 5071 3324 5139 quis
3360 5071 3412 5123 in
3457 5069 3729 5139 vulgarem

2148 5160 2375 5228 aliquem
2404 5169 2456 5213 et
2492 5161 2543 5213 in
2583 5160 2697 5215 foro
2734 5160 2995 5227 abjectum
3024 5160 3400 5231 benignitatem
3422 5171 3478 5216 et
3503 5162 3728 5216 commi-

2149 5252 2466 5305 seratiouem
2510 5252 2738 5321 aliquam
2767 5252 3104 5318 exhibuerit,
3145 5253 3399 5307 Dominus
3434 5269 3556 5324 qua:
3597 5255 3731 5307 ﬁunt

2147 5342 2246 5396 sibi
2276 5343 2490 5412 propria
2513 5358 2633 5397 esse
2659 5343 2892 5409 ducens,
2922 5345 3180 5414 promittit
3205 5359 3265 5398 se
3295 5345 3348 5397 iu
3392 5359 3617 5414 regnum
3644 5345 3726 5399 in-

2148 5433 2515 5487 troducturum
2545 5448 2639 5489 eos
2665 5435 2753 5504 qui
2794 5434 2991 5504 aliquid
3020 5434 3144 5489 boni
3169 5434 3245 5488 illi
3275 5434 3532 5497 fecerint,
3564 5443 3623 5489 et
3642 5435 3729 5489 (Ιί-

2146 5535 2352 5577 ctutum
2382 5541 2397 5575 :
2438 5523 2634 5591 Venite,
2658 5524 2905 5578 benedicti
2929 5521 3101 5576 Patris
3127 5527 3262 5592 mei,
3287 5526 3406 5595 quia
3432 5526 3619 5579 esurivi
3637 5566 3651 5585 .
3677 5534 3726 5578 et

2145 5615 2351 5667 dedistis
2370 5614 2493 5667 mihi
2522 5616 2826 5668 manducare
2845 5613 3056 5683 (Matth.
3084 5617 3173 5670 25.
3206 5617 3297 5683 54)
3321 5632 3335 5669 :
3364 5615 3537 5670 multo
3559 5617 3733 5683 magis

2145 5720 2258 5771 eos,
2286 5707 2373 5775 qui
2404 5717 2617 5777 propter
2639 5707 2802 5763 Deum
2827 5706 3129 5777 afﬂiguntur
3149 5748 3163 5774 ,
3190 5718 3243 5761 et
3269 5707 3573 5760 sacerdotio
3595 5707 3727 5759 insi-
