  <div class='ocr_page' id='page_1' title='image "/cluster/home/n/w/nwhite01/storage/ocr_20150623/54/nnc1.0046978518/190.png"; bbox 0 0 4038 6358; ppageno 0'>
   <div class='ocr_carea' id='block_1_1' title="bbox 252 550 1848 633">
    <p class='ocr_par' dir='ltr' id='par_1_1' title="bbox 252 550 1848 633">
     <span class='ocr_line' id='line_1_1' title="bbox 252 550 1848 633; baseline 0.004 -27"><span class='ocrx_word' id='word_1_1' title='bbox 252 569 379 607; x_wconf 68' lang='grc' dir='ltr'>πον.</span> <span class='ocrx_word' id='word_1_2' title='bbox 414 550 522 608; x_wconf 84' lang='lat' dir='ltr'><strong><em>Kal</em></strong></span> <span class='ocrx_word' id='word_1_3' title='bbox 554 557 730 630; x_wconf 85' lang='grc' dir='ltr'>πάσης</span> <span class='ocrx_word' id='word_1_4' title='bbox 753 561 853 632; x_wconf 81' lang='grc' dir='ltr'>τῆς</span> <span class='ocrx_word' id='word_1_5' title='bbox 885 564 1161 633; x_wconf 73' lang='grc' dir='ltr'>Αἰγύπτου</span> <span class='ocrx_word' id='word_1_6' title='bbox 1188 566 1284 618; x_wconf 84' lang='lat' dir='ltr'><strong><em>zeal</em></strong></span> <span class='ocrx_word' id='word_1_7' title='bbox 1308 564 1531 618; x_wconf 82' lang='grc' dir='ltr'>Χαναάν</span> <span class='ocrx_word' id='word_1_8' title='bbox 1560 560 1706 633; x_wconf 83' lang='grc' dir='ltr'>λιμῷ</span> <span class='ocrx_word' id='word_1_9' title='bbox 1733 560 1848 613; x_wconf 88' lang='grc' dir='ltr'>δια-</span> 
     </span>
    </p>
   </div>
   <div class='ocr_carea' id='block_1_2' title="bbox 248 637 1849 720">
    <p class='ocr_par' dir='ltr' id='par_1_2' title="bbox 248 637 1849 720">
     <span class='ocr_line' id='line_1_2' title="bbox 248 637 1849 720; baseline 0.002 -28"><span class='ocrx_word' id='word_1_10' title='bbox 248 637 638 711; x_wconf 76' lang='grc' dir='ltr'>φθειρομένης,</span> <span class='ocrx_word' id='word_1_11' title='bbox 672 638 818 697; x_wconf 81' lang='grc' dir='ltr'>οὐτοι</span> <span class='ocrx_word' id='word_1_12' title='bbox 857 648 915 699; x_wconf 88' lang='grc' dir='ltr'>ἐν</span> <span class='ocrx_word' id='word_1_13' title='bbox 946 649 1205 720; x_wconf 73' lang='grc' dir='ltr'>εὐετηρίᾳ</span> <span class='ocrx_word' id='word_1_14' title='bbox 1235 646 1550 717; x_wconf 81' lang='grc' dir='ltr'>ἐτύγχανον,</span> <span class='ocrx_word' id='word_1_15' title='bbox 1596 644 1849 713; x_wconf 85' lang='grc' dir='ltr'>καθάπερ</span> 
     </span>
    </p>
   </div>
   <div class='ocr_carea' id='block_1_3' title="bbox 252 723 1845 804">
    <p class='ocr_par' dir='ltr' id='par_1_3' title="bbox 252 723 1845 804">
     <span class='ocr_line' id='line_1_3' title="bbox 252 723 1845 804; baseline 0.011 -32"><span class='ocrx_word' id='word_1_16' title='bbox 252 723 319 775; x_wconf 85' lang='grc' dir='ltr'>ἐκ</span> <span class='ocrx_word' id='word_1_17' title='bbox 355 724 549 793; x_wconf 83' lang='grc' dir='ltr'>πηγῶν</span> <span class='ocrx_word' id='word_1_18' title='bbox 575 725 791 796; x_wconf 79' lang='grc' dir='ltr'>ἔχοντες</span> <span class='ocrx_word' id='word_1_19' title='bbox 823 731 1150 804; x_wconf 78' lang='grc' dir='ltr'>ἐπιρρέοντα</span> <span class='ocrx_word' id='word_1_20' title='bbox 1179 732 1271 785; x_wconf 74' lang='grc' dir='ltr'>τὸν</span> <span class='ocrx_word' id='word_1_21' title='bbox 1298 734 1460 785; x_wconf 86' lang='grc' dir='ltr'>σῖτον.</span> <span class='ocrx_word' id='word_1_22' title='bbox 1514 730 1685 796; x_wconf 86' lang='grc' dir='ltr'>Σῖτος</span> <span class='ocrx_word' id='word_1_23' title='bbox 1716 728 1845 798; x_wconf 73' lang='grc' dir='ltr'>γὰρ.</span> 
     </span>
    </p>
   </div>
   <div class='ocr_carea' id='block_1_4' title="bbox 252 807 1846 888">
    <p class='ocr_par' dir='ltr' id='par_1_4' title="bbox 252 807 1846 888">
     <span class='ocr_line' id='line_1_4' title="bbox 252 807 1846 888; baseline 0.016 -32"><span class='ocrx_word' id='word_1_24' title='bbox 252 808 442 874; x_wconf 70' lang='grc' dir='ltr'>φησὶν,</span> <span class='ocrx_word' id='word_1_25' title='bbox 470 811 588 862; x_wconf 70' lang='grc' dir='ltr'>οὐκ</span> <span class='ocrx_word' id='word_1_26' title='bbox 613 807 693 880; x_wconf 79' lang='grc' dir='ltr'>ἦν</span> <span class='ocrx_word' id='word_1_27' title='bbox 736 814 806 866; x_wconf 83' lang='grc' dir='ltr'>ἐν</span> <span class='ocrx_word' id='word_1_28' title='bbox 834 820 1005 885; x_wconf 80' lang='grc' dir='ltr'>πάσῃ</span> <span class='ocrx_word' id='word_1_29' title='bbox 1050 816 1123 886; x_wconf 80' lang='grc' dir='ltr'>τῇ</span> <span class='ocrx_word' id='word_1_30' title='bbox 1169 816 1267 888; x_wconf 74' lang='grc' dir='ltr'>τῇ.</span> <span class='ocrx_word' id='word_1_31' title='bbox 1301 818 1632 884; x_wconf 78' lang='grc' dir='ltr'>Ἐνίσχυσε</span> <span class='ocrx_word' id='word_1_32' title='bbox 1676 813 1846 887; x_wconf 69' lang='grc' dir='ltr'>γάρὸ</span> 
     </span>
    </p>
   </div>
   <div class='ocr_carea' id='block_1_5' title="bbox 247 889 1843 970">
    <p class='ocr_par' dir='ltr' id='par_1_5' title="bbox 247 889 1843 970">
     <span class='ocr_line' id='line_1_5' title="bbox 247 889 1843 970; baseline -0.004 -14"><span class='ocrx_word' id='word_1_33' title='bbox 247 889 427 956; x_wconf 59' lang='grc' dir='ltr'>θυμὸς</span> <span class='ocrx_word' id='word_1_34' title='bbox 452 893 710 961; x_wconf 74' lang='grc' dir='ltr'>σφόδρα.</span> <span class='ocrx_word' id='word_1_35' title='bbox 741 898 1019 961; x_wconf 80' lang='grc' dir='ltr'>Ἐξέλιπε</span> <span class='ocrx_word' id='word_1_36' title='bbox 1046 901 1116 954; x_wconf 87' lang='grc' dir='ltr'>δὲ</span> <span class='ocrx_word' id='word_1_37' title='bbox 1162 901 1200 969; x_wconf 79' lang='grc' dir='ltr'><strong><em>ἠ</em></strong></span> <span class='ocrx_word' id='word_1_38' title='bbox 1233 899 1308 970; x_wconf 73' lang='grc' dir='ltr'>γῆ</span> <span class='ocrx_word' id='word_1_39' title='bbox 1337 901 1640 969; x_wconf 78' lang='grc' dir='ltr'>Αἰγύπτου</span> <span class='ocrx_word' id='word_1_40' title='bbox 1677 896 1774 950; x_wconf 87' lang='lat' dir='ltr'><strong><em>zeal</em></strong></span> <span class='ocrx_word' id='word_1_41' title='bbox 1804 896 1843 964; x_wconf 80' lang='grc' dir='ltr'>ή</span> 
     </span>
    </p>
   </div>
   <div class='ocr_carea' id='block_1_6' title="bbox 250 971 1118 1051">
    <p class='ocr_par' dir='ltr' id='par_1_6' title="bbox 250 971 1118 1051">
     <span class='ocr_line' id='line_1_6' title="bbox 250 971 1118 1051; baseline 0.017 -27"><span class='ocrx_word' id='word_1_42' title='bbox 250 971 329 1041; x_wconf 73' lang='grc' dir='ltr'>γῆ</span> <span class='ocrx_word' id='word_1_43' title='bbox 362 975 607 1030; x_wconf 77' lang='grc' dir='ltr'>Χαναὰν</span> <span class='ocrx_word' id='word_1_44' title='bbox 641 979 759 1032; x_wconf 81' lang='grc' dir='ltr'>ἀπὸ</span> <span class='ocrx_word' id='word_1_45' title='bbox 784 982 889 1035; x_wconf 88' lang='grc' dir='ltr'>τοῦ</span> <span class='ocrx_word' id='word_1_46' title='bbox 916 984 1118 1051; x_wconf 81' lang='grc' dir='ltr'>λιμοῦ.</span> 
     </span>
    </p>
   </div>
   <div class='ocr_carea' id='block_1_7' title="bbox 319 1056 1846 1138">
    <p class='ocr_par' dir='ltr' id='par_1_7' title="bbox 319 1056 1846 1138">
     <span class='ocr_line' id='line_1_7' title="bbox 319 1056 1846 1138; baseline 0.009 -31"><span class='ocrx_word' id='word_1_47' title='bbox 319 1056 538 1128; x_wconf 82' lang='grc' dir='ltr'>δ’.”ορα</span> <span class='ocrx_word' id='word_1_48' title='bbox 556 1060 651 1114; x_wconf 89' lang='grc' dir='ltr'>τοῦ</span> <span class='ocrx_word' id='word_1_49' title='bbox 681 1061 815 1115; x_wconf 88' lang='grc' dir='ltr'>Θεοῦ</span> <span class='ocrx_word' id='word_1_50' title='bbox 841 1065 941 1135; x_wconf 82' lang='grc' dir='ltr'>τὴν</span> <span class='ocrx_word' id='word_1_51' title='bbox 964 1067 1170 1135; x_wconf 70' lang='grc' dir='ltr'>ἄφατον</span> <span class='ocrx_word' id='word_1_52' title='bbox 1196 1064 1541 1138; x_wconf 72' lang='grc' dir='ltr'>κηδεμονίαν,</span> <span class='ocrx_word' id='word_1_53' title='bbox 1561 1064 1709 1127; x_wconf 81' lang='grc' dir='ltr'>ὅπως</span> <span class='ocrx_word' id='word_1_54' title='bbox 1738 1065 1846 1132; x_wconf 81' lang='grc' dir='ltr'>πρὸ</span> 
     </span>
    </p>
   </div>
   <div class='ocr_carea' id='block_1_8' title="bbox 246 1138 1843 1219">
    <p class='ocr_par' dir='ltr' id='par_1_8' title="bbox 246 1138 1843 1219">
     <span class='ocr_line' id='line_1_8' title="bbox 246 1138 1843 1219; baseline -0.003 -18"><span class='ocrx_word' id='word_1_55' title='bbox 246 1138 349 1207; x_wconf 74' lang='grc' dir='ltr'>τῆς</span> <span class='ocrx_word' id='word_1_56' title='bbox 381 1141 690 1207; x_wconf 84' lang='grc' dir='ltr'>ἐπιτάσεως</span> <span class='ocrx_word' id='word_1_57' title='bbox 724 1145 816 1199; x_wconf 88' lang='grc' dir='ltr'>τοῦ</span> <span class='ocrx_word' id='word_1_58' title='bbox 853 1147 1014 1218; x_wconf 81' lang='grc' dir='ltr'><strong>λιμοῦ</strong></span> <span class='ocrx_word' id='word_1_59' title='bbox 1047 1150 1139 1203; x_wconf 84' lang='grc' dir='ltr'>τὸν</span> <span class='ocrx_word' id='word_1_60' title='bbox 1177 1149 1384 1203; x_wconf 88' lang='grc' dir='ltr'>δίκαιον</span> <span class='ocrx_word' id='word_1_61' title='bbox 1418 1151 1499 1213; x_wconf 87' lang='grc' dir='ltr'>είς</span> <span class='ocrx_word' id='word_1_62' title='bbox 1542 1147 1643 1219; x_wconf 81' lang='grc' dir='ltr'>τὴν</span> <span class='ocrx_word' id='word_1_63' title='bbox 1675 1145 1843 1214; x_wconf 80' lang='grc' dir='ltr'>Αἴγυ-</span> 
     </span>
    </p>
   </div>
   <div class='ocr_carea' id='block_1_9' title="bbox 250 1227 1841 1303">
    <p class='ocr_par' dir='ltr' id='par_1_9' title="bbox 250 1227 1841 1303">
     <span class='ocr_line' id='line_1_9' title="bbox 250 1227 1841 1303; baseline 0.013 -31"><span class='ocrx_word' id='word_1_64' title='bbox 250 1234 382 1274; x_wconf 74' lang='grc' dir='ltr'>πτον</span> <span class='ocrx_word' id='word_1_65' title='bbox 442 1227 771 1296; x_wconf 75' lang='grc' dir='ltr'>κατήγαγεν,</span> <span class='ocrx_word' id='word_1_66' title='bbox 807 1230 894 1283; x_wconf 77' lang='grc' dir='ltr'>ἵνα</span> <span class='ocrx_word' id='word_1_67' title='bbox 952 1232 1223 1303; x_wconf 84' lang='grc' dir='ltr'>μηδεμίαν</span> <span class='ocrx_word' id='word_1_68' title='bbox 1275 1232 1530 1302; x_wconf 77' lang='grc' dir='ltr'>αἴσθησιν</span> <span class='ocrx_word' id='word_1_69' title='bbox 1567 1230 1708 1300; x_wconf 81' lang='grc' dir='ltr'>λάϐῃ</span> <span class='ocrx_word' id='word_1_70' title='bbox 1741 1230 1841 1299; x_wconf 83' lang='grc' dir='ltr'>τῆς</span> 
     </span>
    </p>
   </div>
   <div class='ocr_carea' id='block_1_10' title="bbox 246 1307 1841 1387">
    <p class='ocr_par' dir='ltr' id='par_1_10' title="bbox 246 1307 1841 1387">
     <span class='ocr_line' id='line_1_10' title="bbox 246 1307 1841 1387; baseline 0.014 -34"><span class='ocrx_word' id='word_1_71' title='bbox 246 1307 615 1377; x_wconf 78' lang='grc' dir='ltr'>στενοχωρίας</span> <span class='ocrx_word' id='word_1_72' title='bbox 649 1310 747 1381; x_wconf 86' lang='grc' dir='ltr'>τῆς</span> <span class='ocrx_word' id='word_1_73' title='bbox 783 1313 1087 1387; x_wconf 75' lang='grc' dir='ltr'>μελλούσης</span> <span class='ocrx_word' id='word_1_74' title='bbox 1120 1316 1560 1387; x_wconf 88' lang='grc' dir='ltr'>καταλαμϐάνειν</span> <span class='ocrx_word' id='word_1_75' title='bbox 1598 1314 1696 1385; x_wconf 79' lang='grc' dir='ltr'>τήν</span> <span class='ocrx_word' id='word_1_76' title='bbox 1731 1312 1841 1365; x_wconf 76' lang='grc' dir='ltr'>Χα-</span> 
     </span>
    </p>
   </div>
   <div class='ocr_carea' id='block_1_11' title="bbox 234 1387 1837 1471">
    <p class='ocr_par' dir='ltr' id='par_1_11' title="bbox 234 1387 1837 1471">
     <span class='ocr_line' id='line_1_11' title="bbox 234 1387 1837 1471; baseline 0.014 -35"><span class='ocrx_word' id='word_1_77' title='bbox 234 1387 407 1471; x_wconf 74' lang='grc' dir='ltr'>ναάν.</span> <span class='ocrx_word' id='word_1_78' title='bbox 445 1390 553 1443; x_wconf 84' lang='lat' dir='ltr'><strong><em>Kal</em></strong></span> <span class='ocrx_word' id='word_1_79' title='bbox 588 1393 803 1447; x_wconf 86' lang='grc' dir='ltr'>πάντων</span> <span class='ocrx_word' id='word_1_80' title='bbox 838 1397 956 1450; x_wconf 89' lang='grc' dir='ltr'>ἐκεῖ</span> <span class='ocrx_word' id='word_1_81' title='bbox 988 1400 1455 1471; x_wconf 84' lang='grc' dir='ltr'>κατατρεχόντων,</span> <span class='ocrx_word' id='word_1_82' title='bbox 1505 1396 1837 1466; x_wconf 60' lang='grc' dir='ltr'>Συνήππγεν</span> 
     </span>
    </p>
   </div>
   <div class='ocr_carea' id='block_1_12' title="bbox 246 1472 1840 1553">
    <p class='ocr_par' dir='ltr' id='par_1_12' title="bbox 246 1472 1840 1553">
     <span class='ocr_line' id='line_1_12' title="bbox 246 1472 1840 1553; baseline 0.007 -31"><span class='ocrx_word' id='word_1_83' title='bbox 246 1472 438 1539; x_wconf 75' lang='grc' dir='ltr'>φησὶν,</span> <span class='ocrx_word' id='word_1_84' title='bbox 475 1475 701 1545; x_wconf 69' lang='grc' dir='ltr'>Ἰωσὴφ</span> <span class='ocrx_word' id='word_1_85' title='bbox 731 1477 896 1533; x_wconf 79' lang='grc' dir='ltr'>ἅπαν</span> <span class='ocrx_word' id='word_1_86' title='bbox 918 1483 983 1535; x_wconf 86' lang='grc' dir='ltr'>τὸ</span> <span class='ocrx_word' id='word_1_87' title='bbox 1010 1483 1296 1553; x_wconf 82' lang='grc' dir='ltr'>ἀργύριον</span> <span class='ocrx_word' id='word_1_88' title='bbox 1323 1483 1443 1537; x_wconf 84' lang='grc' dir='ltr'>τῶν</span> <span class='ocrx_word' id='word_1_89' title='bbox 1474 1500 1540 1537; x_wconf 89' lang='grc' dir='ltr'>τε</span> <span class='ocrx_word' id='word_1_90' title='bbox 1563 1483 1634 1535; x_wconf 82' lang='grc' dir='ltr'>ἐν</span> <span class='ocrx_word' id='word_1_91' title='bbox 1664 1480 1840 1549; x_wconf 80' lang='grc' dir='ltr'>Αίγύ-</span> 
     </span>
    </p>
   </div>
   <div class='ocr_carea' id='block_1_13' title="bbox 243 1557 1840 1632">
    <p class='ocr_par' dir='ltr' id='par_1_13' title="bbox 243 1557 1840 1632">
     <span class='ocr_line' id='line_1_13' title="bbox 243 1557 1840 1632; baseline 0.006 -24"><span class='ocrx_word' id='word_1_92' title='bbox 243 1568 376 1620; x_wconf 70' lang='grc' dir='ltr'>πτῳ</span> <span class='ocrx_word' id='word_1_93' title='bbox 422 1559 520 1611; x_wconf 90' lang='lat' dir='ltr'><strong><em>zeal</em></strong></span> <span class='ocrx_word' id='word_1_94' title='bbox 561 1557 681 1613; x_wconf 83' lang='grc' dir='ltr'>τῶν</span> <span class='ocrx_word' id='word_1_95' title='bbox 710 1560 782 1615; x_wconf 79' lang='grc' dir='ltr'>ἐν</span> <span class='ocrx_word' id='word_1_96' title='bbox 821 1562 897 1632; x_wconf 78' lang='grc' dir='ltr'>τῇ</span> <span class='ocrx_word' id='word_1_97' title='bbox 918 1566 1181 1632; x_wconf 81' lang='grc' dir='ltr'>Χαναὰν,</span> <span class='ocrx_word' id='word_1_98' title='bbox 1211 1567 1309 1621; x_wconf 87' lang='lat' dir='ltr'><strong><em>zeal</em></strong></span> <span class='ocrx_word' id='word_1_99' title='bbox 1353 1568 1506 1621; x_wconf 86' lang='grc' dir='ltr'>οὕτω</span> <span class='ocrx_word' id='word_1_100' title='bbox 1527 1565 1635 1620; x_wconf 86' lang='grc' dir='ltr'>τὸν</span> <span class='ocrx_word' id='word_1_101' title='bbox 1665 1564 1840 1617; x_wconf 85' lang='grc' dir='ltr'>σῖτον</span> 
     </span>
    </p>
   </div>
   <div class='ocr_carea' id='block_1_14' title="bbox 239 1638 1834 1717">
    <p class='ocr_par' dir='ltr' id='par_1_14' title="bbox 239 1638 1834 1717">
     <span class='ocr_line' id='line_1_14' title="bbox 239 1638 1834 1717; baseline 0.006 -28"><span class='ocrx_word' id='word_1_102' title='bbox 239 1638 454 1704; x_wconf 75' lang='grc' dir='ltr'>αὐτοῖς</span> <span class='ocrx_word' id='word_1_103' title='bbox 477 1641 774 1714; x_wconf 76' lang='grc' dir='ltr'>ἐχορήγει.</span> <span class='ocrx_word' id='word_1_104' title='bbox 802 1648 912 1704; x_wconf 77' lang='grc' dir='ltr'>Καὶ</span> <span class='ocrx_word' id='word_1_105' title='bbox 942 1648 1184 1713; x_wconf 75' lang='grc' dir='ltr'>ἐξέλιπε</span> <span class='ocrx_word' id='word_1_106' title='bbox 1210 1649 1429 1703; x_wconf 75' lang='grc' dir='ltr'>λοιπὸν</span> <span class='ocrx_word' id='word_1_107' title='bbox 1443 1651 1511 1704; x_wconf 86' lang='grc' dir='ltr'>τὸ</span> <span class='ocrx_word' id='word_1_108' title='bbox 1528 1650 1834 1717; x_wconf 78' lang='grc' dir='ltr'>ἀργύριον.</span> 
     </span>
    </p>
   </div>
   <div class='ocr_carea' id='block_1_15' title="bbox 243 1723 1835 1803">
    <p class='ocr_par' dir='ltr' id='par_1_15' title="bbox 243 1723 1835 1803">
     <span class='ocr_line' id='line_1_15' title="bbox 243 1723 1835 1803; baseline -0.003 -14"><span class='ocrx_word' id='word_1_109' title='bbox 243 1723 550 1794; x_wconf 66' lang='grc' dir='ltr'>[εἰσήγαγε</span> <span class='ocrx_word' id='word_1_110' title='bbox 576 1728 686 1797; x_wconf 82' lang='grc' dir='ltr'>γὰρ</span> <span class='ocrx_word' id='word_1_111' title='bbox 708 1729 874 1785; x_wconf 73' lang='grc' dir='ltr'>ἅπαν</span> <span class='ocrx_word' id='word_1_112' title='bbox 900 1734 989 1797; x_wconf 87' lang='grc' dir='ltr'>είς</span> <span class='ocrx_word' id='word_1_113' title='bbox 1015 1733 1125 1787; x_wconf 80' lang='grc' dir='ltr'>τὸν</span> <span class='ocrx_word' id='word_1_114' title='bbox 1142 1730 1315 1788; x_wconf 78' lang='grc' dir='ltr'>οἷκον</span> <span class='ocrx_word' id='word_1_115' title='bbox 1334 1733 1561 1803; x_wconf 82' lang='grc' dir='ltr'>Φαραώ.</span> <span class='ocrx_word' id='word_1_116' title='bbox 1593 1732 1835 1787; x_wconf 76' lang='grc' dir='ltr'>Ἐλθόν-</span> 
     </span>
    </p>
   </div>
   <div class='ocr_carea' id='block_1_16' title="bbox 239 1806 1839 1888">
    <p class='ocr_par' dir='ltr' id='par_1_16' title="bbox 239 1806 1839 1888">
     <span class='ocr_line' id='line_1_16' title="bbox 239 1806 1839 1888; baseline -0.02 2"><span class='ocrx_word' id='word_1_117' title='bbox 239 1819 341 1888; x_wconf 53' lang='grc' dir='ltr'>τες</span> <span class='ocrx_word' id='word_1_118' title='bbox 385 1806 457 1859; x_wconf 73' lang='grc' dir='ltr'>δὲ</span> <span class='ocrx_word' id='word_1_119' title='bbox 488 1808 710 1878; x_wconf 77' lang='grc' dir='ltr'>πάντες</span> <span class='ocrx_word' id='word_1_120' title='bbox 771 1817 826 1868; x_wconf 85' lang='grc' dir='ltr'>οι</span> <span class='ocrx_word' id='word_1_121' title='bbox 881 1818 1191 1885; x_wconf 79' lang='grc' dir='ltr'>Αίγύπτιοι</span> <span class='ocrx_word' id='word_1_122' title='bbox 1241 1818 1491 1888; x_wconf 70' lang='grc' dir='ltr'>ἔλεγον·</span> <span class='ocrx_word' id='word_1_123' title='bbox 1545 1816 1657 1883; x_wconf 80' lang='grc' dir='ltr'>Δὸς</span> <span class='ocrx_word' id='word_1_124' title='bbox 1692 1814 1839 1885; x_wconf 68' lang='grc' dir='ltr'>ἡμῖν</span> 
     </span>
    </p>
   </div>
   <div class='ocr_carea' id='block_1_17' title="bbox 236 1887 1834 1971">
    <p class='ocr_par' dir='ltr' id='par_1_17' title="bbox 236 1887 1834 1971">
     <span class='ocr_line' id='line_1_17' title="bbox 236 1887 1834 1971; baseline 0.006 -28"><span class='ocrx_word' id='word_1_125' title='bbox 236 1887 491 1957; x_wconf 74' lang='grc' dir='ltr'>ἄρτουςο</span> <span class='ocrx_word' id='word_1_126' title='bbox 531 1895 628 1947; x_wconf 85' lang='lat' dir='ltr'><strong><em>zeal</em></strong></span> <span class='ocrx_word' id='word_1_127' title='bbox 658 1896 759 1951; x_wconf 82' lang='grc' dir='ltr'>ἵνα</span> <span class='ocrx_word' id='word_1_128' title='bbox 784 1898 841 1951; x_wconf 84' lang='grc' dir='ltr'>τί</span> <span class='ocrx_word' id='word_1_129' title='bbox 863 1899 1335 1971; x_wconf 78' lang='grc' dir='ltr'>ἀποθνήσκομεν</span> <span class='ocrx_word' id='word_1_130' title='bbox 1359 1887 1651 1955; x_wconf 73' lang='grc' dir='ltr'>ἐναντίον</span> <span class='ocrx_word' id='word_1_131' title='bbox 1680 1914 1834 1961; x_wconf 83' lang='grc' dir='ltr'>σου;</span> 
     </span>
    </p>
   </div>
   <div class='ocr_carea' id='block_1_18' title="bbox 240 1970 1835 2055">
    <p class='ocr_par' dir='ltr' id='par_1_18' title="bbox 240 1970 1835 2055">
     <span class='ocr_line' id='line_1_18' title="bbox 240 1970 1835 2055; baseline 0.008 -30"><span class='ocrx_word' id='word_1_132' title='bbox 240 1970 515 2037; x_wconf 75' lang='grc' dir='ltr'>Ἐξὲλιπε</span> <span class='ocrx_word' id='word_1_133' title='bbox 544 1978 654 2048; x_wconf 78' lang='grc' dir='ltr'>γὰρ</span> <span class='ocrx_word' id='word_1_134' title='bbox 689 1981 757 2034; x_wconf 82' lang='grc' dir='ltr'>τὸ</span> <span class='ocrx_word' id='word_1_135' title='bbox 780 1982 1084 2052; x_wconf 83' lang='grc' dir='ltr'>ἀργύριον.</span> <span class='ocrx_word' id='word_1_136' title='bbox 1138 1970 1252 2039; x_wconf 89' lang='grc' dir='ltr'>Οὐκ</span> <span class='ocrx_word' id='word_1_137' title='bbox 1293 1986 1395 2049; x_wconf 80' lang='grc' dir='ltr'>ἔτι,</span> <span class='ocrx_word' id='word_1_138' title='bbox 1424 1984 1610 2055; x_wconf 74' lang='grc' dir='ltr'>φησὶν,</span> <span class='ocrx_word' id='word_1_139' title='bbox 1641 1983 1835 2053; x_wconf 80' lang='grc' dir='ltr'>ἔχομεν</span> 
     </span>
    </p>
   </div>
   <div class='ocr_carea' id='block_1_19' title="bbox 237 2056 1831 2137">
    <p class='ocr_par' dir='ltr' id='par_1_19' title="bbox 237 2056 1831 2137">
     <span class='ocr_line' id='line_1_19' title="bbox 237 2056 1831 2137; baseline 0.004 -25"><span class='ocrx_word' id='word_1_140' title='bbox 237 2056 505 2137; x_wconf 62' lang='grc' dir='ltr'>ᾁργύρια,</span> <span class='ocrx_word' id='word_1_141' title='bbox 565 2061 705 2116; x_wconf 85' lang='grc' dir='ltr'>ὥστε</span> <span class='ocrx_word' id='word_1_142' title='bbox 757 2064 1096 2137; x_wconf 85' lang='grc' dir='ltr'>ὠνήσασθαι,</span> <span class='ocrx_word' id='word_1_143' title='bbox 1130 2069 1224 2121; x_wconf 83' lang='lat' dir='ltr'><strong><em>zeal</em></strong></span> <span class='ocrx_word' id='word_1_144' title='bbox 1276 2067 1364 2122; x_wconf 85' lang='grc' dir='ltr'>διὰ</span> <span class='ocrx_word' id='word_1_145' title='bbox 1396 2068 1554 2121; x_wconf 88' lang='grc' dir='ltr'>τοῦτο</span> <span class='ocrx_word' id='word_1_146' title='bbox 1592 2067 1697 2119; x_wconf 82' lang='grc' dir='ltr'>ὑπὸ</span> <span class='ocrx_word' id='word_1_147' title='bbox 1738 2066 1831 2119; x_wconf 87' lang='grc' dir='ltr'>τοῦ</span> 
     </span>
    </p>
   </div>
   <div class='ocr_carea' id='block_1_20' title="bbox 239 2128 1830 2223">
    <p class='ocr_par' dir='ltr' id='par_1_20' title="bbox 239 2128 1830 2223">
     <span class='ocr_line' id='line_1_20' title="bbox 239 2128 1830 2223; baseline 0.008 -33"><span class='ocrx_word' id='word_1_148' title='bbox 239 2128 403 2223; x_wconf 80' lang='grc' dir='ltr'>λιμοῦ</span> <span class='ocrx_word' id='word_1_149' title='bbox 436 2144 806 2217; x_wconf 83' lang='grc' dir='ltr'>ἀπολλύμεθα.</span> <span class='ocrx_word' id='word_1_150' title='bbox 961 2128 1141 2204; x_wconf 80' lang='grc' dir='ltr'>τοίνυν</span> <span class='ocrx_word' id='word_1_151' title='bbox 1167 2152 1415 2223; x_wconf 77' lang='grc' dir='ltr'>περιίδῃς</span> <span class='ocrx_word' id='word_1_152' title='bbox 1435 2152 1581 2221; x_wconf 69' lang='grc' dir='ltr'>ἡμᾶς</span> <span class='ocrx_word' id='word_1_153' title='bbox 1607 2149 1712 2203; x_wconf 82' lang='grc' dir='ltr'>ὑπὸ</span> <span class='ocrx_word' id='word_1_154' title='bbox 1736 2148 1830 2203; x_wconf 87' lang='grc' dir='ltr'>τοῦ</span> 
     </span>
    </p>
   </div>
   <div class='ocr_carea' id='block_1_21' title="bbox 231 2220 1831 2306">
    <p class='ocr_par' dir='ltr' id='par_1_21' title="bbox 231 2220 1831 2306">
     <span class='ocr_line' id='line_1_21' title="bbox 231 2220 1831 2306; baseline 0.015 -34"><span class='ocrx_word' id='word_1_155' title='bbox 231 2220 476 2276; x_wconf 76' lang='grc' dir='ltr'>Θανάτου</span> <span class='ocrx_word' id='word_1_156' title='bbox 525 2220 1038 2303; x_wconf 80' lang='grc' dir='ltr'>πολιορκουμένους,</span> <span class='ocrx_word' id='word_1_157' title='bbox 1090 2220 1539 2306; x_wconf 35' lang='grc' dir='ltr'>ἀλλά-παράσχου</span> <span class='ocrx_word' id='word_1_158' title='bbox 1576 2236 1706 2305; x_wconf 82' lang='grc' dir='ltr'>ἡμῖν</span> <span class='ocrx_word' id='word_1_159' title='bbox 1733 2235 1831 2304; x_wconf 78' lang='grc' dir='ltr'>ἅρ-</span> 
     </span>
    </p>
   </div>
   <div class='ocr_carea' id='block_1_22' title="bbox 233 2310 1830 2388">
    <p class='ocr_par' dir='ltr' id='par_1_22' title="bbox 233 2310 1830 2388">
     <span class='ocr_line' id='line_1_22' title="bbox 233 2310 1830 2388; baseline 0.008 -31"><span class='ocrx_word' id='word_1_160' title='bbox 233 2319 384 2370; x_wconf 84' lang='grc' dir='ltr'>τους,</span> <span class='ocrx_word' id='word_1_161' title='bbox 425 2310 510 2362; x_wconf 69' lang='grc' dir='ltr'>ἵνα</span> <span class='ocrx_word' id='word_1_162' title='bbox 541 2312 722 2383; x_wconf 74' lang='grc' dir='ltr'>ζῶμεν</span> <span class='ocrx_word' id='word_1_163' title='bbox 755 2316 847 2367; x_wconf 84' lang='lat' dir='ltr'><strong><em>zeal</em></strong></span> <span class='ocrx_word' id='word_1_164' title='bbox 879 2317 953 2386; x_wconf 84' lang='grc' dir='ltr'>μή</span> <span class='ocrx_word' id='word_1_165' title='bbox 994 2316 1377 2388; x_wconf 84' lang='grc' dir='ltr'>ἀποθάνωμεν.</span> <span class='ocrx_word' id='word_1_166' title='bbox 1425 2314 1575 2372; x_wconf 62' lang='lat' dir='ltr'><strong><em>Eine</em></strong></span> <span class='ocrx_word' id='word_1_167' title='bbox 1618 2317 1686 2370; x_wconf 91' lang='grc' dir='ltr'>δὲ</span> <span class='ocrx_word' id='word_1_168' title='bbox 1725 2319 1830 2370; x_wconf 87' lang='grc' dir='ltr'>αὑ-</span> 
     </span>
    </p>
   </div>
   <div class='ocr_carea' id='block_1_23' title="bbox 232 2389 1829 2477">
    <p class='ocr_par' dir='ltr' id='par_1_23' title="bbox 232 2389 1829 2477">
     <span class='ocr_line' id='line_1_23' title="bbox 232 2389 1829 2477; baseline 0.003 -28"><span class='ocrx_word' id='word_1_169' title='bbox 232 2389 363 2477; x_wconf 60' lang='grc' dir='ltr'>ςοῖς</span> <span class='ocrx_word' id='word_1_170' title='bbox 389 2391 612 2464; x_wconf 66' lang='grc' dir='ltr'>Ἰωσήφ</span> <span class='ocrx_word' id='word_1_171' title='bbox 633 2413 645 2426; x_wconf 92' lang='grc'><strong>·</strong></span> <span class='ocrx_word' id='word_1_172' title='bbox 706 2398 919 2465; x_wconf 82' lang='grc' dir='ltr'>Φέρετε</span> <span class='ocrx_word' id='word_1_173' title='bbox 953 2398 1024 2452; x_wconf 82' lang='grc' dir='ltr'>τὰ</span> <span class='ocrx_word' id='word_1_174' title='bbox 1070 2399 1261 2468; x_wconf 84' lang='grc' dir='ltr'>κτήνη</span> <span class='ocrx_word' id='word_1_175' title='bbox 1290 2400 1479 2470; x_wconf 84' lang='grc' dir='ltr'>ὑμῶν,</span> <span class='ocrx_word' id='word_1_176' title='bbox 1526 2401 1626 2455; x_wconf 85' lang='lat' dir='ltr'><strong><em>zeal</em></strong></span> <span class='ocrx_word' id='word_1_177' title='bbox 1659 2398 1829 2453; x_wconf 88' lang='grc' dir='ltr'>δώσω</span> 
     </span>
    </p>
   </div>
   <div class='ocr_carea' id='block_1_24' title="bbox 233 2474 1825 2559">
    <p class='ocr_par' dir='ltr' id='par_1_24' title="bbox 233 2474 1825 2559">
     <span class='ocr_line' id='line_1_24' title="bbox 233 2474 1825 2559; baseline 0.007 -33"><span class='ocrx_word' id='word_1_178' title='bbox 233 2474 379 2559; x_wconf 58' lang='grc' dir='ltr'>ὑμῖν</span> <span class='ocrx_word' id='word_1_179' title='bbox 406 2477 645 2547; x_wconf 77' lang='grc' dir='ltr'>ἄρτους.</span> <span class='ocrx_word' id='word_1_180' title='bbox 680 2483 741 2535; x_wconf 87' lang='grc' dir='ltr'>Εί</span> <span class='ocrx_word' id='word_1_181' title='bbox 763 2483 870 2554; x_wconf 83' lang='grc' dir='ltr'>γὰρ</span> <span class='ocrx_word' id='word_1_182' title='bbox 888 2484 964 2555; x_wconf 76' lang='grc' dir='ltr'>μὴ</span> <span class='ocrx_word' id='word_1_183' title='bbox 995 2484 1304 2558; x_wconf 82' lang='grc' dir='ltr'>εὐπορεῖτε,</span> <span class='ocrx_word' id='word_1_184' title='bbox 1325 2488 1509 2559; x_wconf 72' lang='grc' dir='ltr'>φησὶν,</span> <span class='ocrx_word' id='word_1_185' title='bbox 1540 2486 1825 2559; x_wconf 77' lang='grc' dir='ltr'>ἀργυρίου,</span> 
     </span>
    </p>
   </div>
   <div class='ocr_carea' id='block_1_25' title="bbox 226 2556 1824 2640">
    <p class='ocr_par' dir='ltr' id='par_1_25' title="bbox 226 2556 1824 2640">
     <span class='ocr_line' id='line_1_25' title="bbox 226 2556 1824 2640; baseline 0.008 -30"><span class='ocrx_word' id='word_1_186' title='bbox 226 2556 467 2630; x_wconf 78' lang='grc' dir='ltr'>δέχομαι</span> <span class='ocrx_word' id='word_1_187' title='bbox 495 2563 564 2616; x_wconf 75' lang='grc' dir='ltr'>τὰ</span> <span class='ocrx_word' id='word_1_188' title='bbox 588 2566 779 2636; x_wconf 82' lang='grc' dir='ltr'>κτήνη.</span> <span class='ocrx_word' id='word_1_189' title='bbox 800 2568 861 2620; x_wconf 88' lang='grc' dir='ltr'>Εἰ</span> <span class='ocrx_word' id='word_1_190' title='bbox 877 2568 1120 2632; x_wconf 78' lang='grc' dir='ltr'>ἐξέλιπε</span> <span class='ocrx_word' id='word_1_191' title='bbox 1140 2556 1211 2622; x_wconf 79' lang='grc' dir='ltr'>τὸ</span> <span class='ocrx_word' id='word_1_192' title='bbox 1240 2556 1545 2640; x_wconf 65' lang='grc' dir='ltr'>ἀργύριον,</span> <span class='ocrx_word' id='word_1_193' title='bbox 1568 2556 1824 2639; x_wconf 63' lang='grc' dir='ltr'>τάθρέμο</span> 
     </span>
    </p>
   </div>
   <div class='ocr_carea' id='block_1_26' title="bbox 234 2644 1828 2725">
    <p class='ocr_par' dir='ltr' id='par_1_26' title="bbox 234 2644 1828 2725">
     <span class='ocr_line' id='line_1_26' title="bbox 234 2644 1828 2725; baseline 0.013 -33"><span class='ocrx_word' id='word_1_194' title='bbox 234 2657 386 2712; x_wconf 82' lang='grc' dir='ltr'>ματα</span> <span class='ocrx_word' id='word_1_195' title='bbox 421 2644 577 2713; x_wconf 84' lang='grc' dir='ltr'>ὑμῶν</span> <span class='ocrx_word' id='word_1_196' title='bbox 604 2650 889 2717; x_wconf 85' lang='grc' dir='ltr'>κομίσατε,</span> <span class='ocrx_word' id='word_1_197' title='bbox 919 2652 1012 2704; x_wconf 83' lang='lat' dir='ltr'><strong><em>zeal</em></strong></span> <span class='ocrx_word' id='word_1_198' title='bbox 1041 2652 1276 2723; x_wconf 74' lang='grc' dir='ltr'>λήψεσθε</span> <span class='ocrx_word' id='word_1_199' title='bbox 1304 2654 1523 2725; x_wconf 84' lang='grc' dir='ltr'>ἄρτους.</span> <span class='ocrx_word' id='word_1_200' title='bbox 1564 2654 1828 2722; x_wconf 60' lang='grc' dir='ltr'>Ἤγηανον</span> 
     </span>
    </p>
   </div>
   <div class='ocr_carea' id='block_1_27' title="bbox 225 2725 1825 2804">
    <p class='ocr_par' dir='ltr' id='par_1_27' title="bbox 225 2725 1825 2804">
     <span class='ocr_line' id='line_1_27' title="bbox 225 2725 1825 2804; baseline 0.005 -25"><span class='ocrx_word' id='word_1_201' title='bbox 225 2725 301 2779; x_wconf 77' lang='grc' dir='ltr'>δὲ</span> <span class='ocrx_word' id='word_1_202' title='bbox 350 2729 427 2782; x_wconf 84' lang='grc' dir='ltr'>τὰ</span> <span class='ocrx_word' id='word_1_203' title='bbox 458 2730 673 2801; x_wconf 83' lang='grc' dir='ltr'>κτήνη,</span> <span class='ocrx_word' id='word_1_204' title='bbox 710 2736 808 2788; x_wconf 86' lang='lat' dir='ltr'><strong><em>zeal</em></strong></span> <span class='ocrx_word' id='word_1_205' title='bbox 843 2735 1068 2790; x_wconf 80' lang='grc' dir='ltr'>ἔδωκεν</span> <span class='ocrx_word' id='word_1_206' title='bbox 1096 2737 1303 2804; x_wconf 88' lang='grc' dir='ltr'>αὐτοῖς</span> <span class='ocrx_word' id='word_1_207' title='bbox 1337 2749 1361 2778; x_wconf 77' lang='grc' dir='ltr'>ι</span> <span class='ocrx_word' id='word_1_208' title='bbox 1408 2738 1543 2793; x_wconf 77' lang='grc' dir='ltr'>ἀντὶ</span> <span class='ocrx_word' id='word_1_209' title='bbox 1587 2736 1707 2791; x_wconf 82' lang='grc' dir='ltr'>τῶν</span> <span class='ocrx_word' id='word_1_210' title='bbox 1729 2737 1825 2789; x_wconf 80' lang='grc' dir='ltr'>ἵπ-</span> 
     </span>
    </p>
   </div>
   <div class='ocr_carea' id='block_1_28' title="bbox 228 2814 1826 2888">
    <p class='ocr_par' dir='ltr' id='par_1_28' title="bbox 228 2814 1826 2888">
     <span class='ocr_line' id='line_1_28' title="bbox 228 2814 1826 2888; baseline 0.009 -27"><span class='ocrx_word' id='word_1_211' title='bbox 228 2825 362 2863; x_wconf 89' lang='grc' dir='ltr'>πων</span> <span class='ocrx_word' id='word_1_212' title='bbox 386 2851 403 2874; x_wconf 88' lang='grc'>,</span> <span class='ocrx_word' id='word_1_213' title='bbox 430 2814 530 2867; x_wconf 89' lang='lat' dir='ltr'><strong><em>zeal</em></strong></span> <span class='ocrx_word' id='word_1_214' title='bbox 568 2816 703 2870; x_wconf 81' lang='grc' dir='ltr'>ἀντὶ</span> <span class='ocrx_word' id='word_1_215' title='bbox 727 2817 848 2872; x_wconf 85' lang='grc' dir='ltr'>τῶν</span> <span class='ocrx_word' id='word_1_216' title='bbox 878 2819 1209 2888; x_wconf 78' lang='grc' dir='ltr'>προϐάτων,</span> <span class='ocrx_word' id='word_1_217' title='bbox 1233 2822 1332 2875; x_wconf 83' lang='lat' dir='ltr'><strong><em>zeal</em></strong></span> <span class='ocrx_word' id='word_1_218' title='bbox 1357 2821 1493 2876; x_wconf 75' lang='grc' dir='ltr'>ἀντὶ</span> <span class='ocrx_word' id='word_1_219' title='bbox 1511 2820 1632 2874; x_wconf 86' lang='grc' dir='ltr'>τῶν</span> <span class='ocrx_word' id='word_1_220' title='bbox 1656 2820 1826 2886; x_wconf 81' lang='grc' dir='ltr'>βοῶν</span> 
     </span>
    </p>
   </div>
   <div class='ocr_carea' id='block_1_29' title="bbox 225 2894 1826 2988">
    <p class='ocr_par' dir='ltr' id='par_1_29' title="bbox 225 2894 1826 2988">
     <span class='ocr_line' id='line_1_29' title="bbox 225 2894 1826 2988; baseline 0.007 -40"><span class='ocrx_word' id='word_1_221' title='bbox 225 2894 330 2947; x_wconf 70' lang='grc' dir='ltr'>καί</span> <span class='ocrx_word' id='word_1_222' title='bbox 364 2897 487 2988; x_wconf 58' lang='lat' dir='ltr'>re?»-</span> <span class='ocrx_word' id='word_1_223' title='bbox 532 2898 707 2988; x_wconf 70' lang='grc' dir='ltr'>δνων,</span> <span class='ocrx_word' id='word_1_224' title='bbox 732 2903 851 2988; x_wconf 41' lang='grc' dir='ltr'>’καί</span> <span class='ocrx_word' id='word_1_225' title='bbox 909 2904 1237 2988; x_wconf 72' lang='grc' dir='ltr'>ἐξέθρεψεν</span> <span class='ocrx_word' id='word_1_226' title='bbox 1260 2906 1485 2973; x_wconf 82' lang='grc' dir='ltr'>αὐτοὺς</span> <span class='ocrx_word' id='word_1_227' title='bbox 1522 2906 1659 2960; x_wconf 80' lang='grc' dir='ltr'>ἀντὶ</span> <span class='ocrx_word' id='word_1_228' title='bbox 1706 2905 1826 2959; x_wconf 86' lang='grc' dir='ltr'>τῶν</span> 
     </span>
    </p>
   </div>
   <div class='ocr_carea' id='block_1_30' title="bbox 228 2980 1824 3056">
    <p class='ocr_par' dir='ltr' id='par_1_30' title="bbox 228 2980 1824 3056">
     <span class='ocr_line' id='line_1_30' title="bbox 228 2980 1824 3056; baseline 0.008 -25"><span class='ocrx_word' id='word_1_229' title='bbox 228 2980 472 3045; x_wconf 78' lang='grc' dir='ltr'>κτηνῶν</span> <span class='ocrx_word' id='word_1_230' title='bbox 494 2983 714 3041; x_wconf 88' lang='grc' dir='ltr'>αὐτῶν.</span> <span class='ocrx_word' id='word_1_231' title='bbox 732 2980 965 3040; x_wconf 81' lang='grc' dir='ltr'>Ἦλθον</span> <span class='ocrx_word' id='word_1_232' title='bbox 986 2986 1055 3041; x_wconf 87' lang='grc' dir='ltr'>δὲ</span> <span class='ocrx_word' id='word_1_233' title='bbox 1085 2988 1235 3056; x_wconf 78' lang='grc' dir='ltr'>πρὸς</span> <span class='ocrx_word' id='word_1_234' title='bbox 1259 2989 1449 3043; x_wconf 84' lang='grc' dir='ltr'>αὐτὸν</span> <span class='ocrx_word' id='word_1_235' title='bbox 1476 2991 1576 3043; x_wconf 90' lang='lat' dir='ltr'><strong><em>zeal</em></strong></span> <span class='ocrx_word' id='word_1_236' title='bbox 1599 2988 1679 3055; x_wconf 86' lang='grc' dir='ltr'>τῷ</span> <span class='ocrx_word' id='word_1_237' title='bbox 1706 2990 1824 3044; x_wconf 74' lang='grc' dir='ltr'>ἔτει</span> 
     </span>
    </p>
   </div>
   <div class='ocr_carea' id='block_1_31' title="bbox 226 3061 1820 3143">
    <p class='ocr_par' dir='ltr' id='par_1_31' title="bbox 226 3061 1820 3143">
     <span class='ocr_line' id='line_1_31' title="bbox 226 3061 1820 3143; baseline 0.009 -29"><span class='ocrx_word' id='word_1_238' title='bbox 226 3061 309 3128; x_wconf 81' lang='grc' dir='ltr'>τῷ</span> <span class='ocrx_word' id='word_1_239' title='bbox 334 3063 616 3134; x_wconf 82' lang='grc' dir='ltr'>δευτέρῳ,</span> <span class='ocrx_word' id='word_1_240' title='bbox 648 3068 748 3121; x_wconf 90' lang='lat' dir='ltr'><strong><em>zeal</em></strong></span> <span class='ocrx_word' id='word_1_241' title='bbox 771 3065 944 3123; x_wconf 75' lang='grc' dir='ltr'>εἷπον</span> <span class='ocrx_word' id='word_1_242' title='bbox 965 3071 1156 3136; x_wconf 77' lang='grc' dir='ltr'>αὐτῷ’</span> <span class='ocrx_word' id='word_1_243' title='bbox 1185 3072 1429 3139; x_wconf 77' lang='grc' dir='ltr'>Μήποτε</span> <span class='ocrx_word' id='word_1_244' title='bbox 1443 3073 1820 3143; x_wconf 77' lang='grc' dir='ltr'>ἐκτριϐῶμεν,</span> 
     </span>
    </p>
   </div>
   <div class='ocr_carea' id='block_1_32' title="bbox 221 3145 1825 3225">
    <p class='ocr_par' dir='ltr' id='par_1_32' title="bbox 221 3145 1825 3225">
     <span class='ocr_line' id='line_1_32' title="bbox 221 3145 1825 3225; baseline 0.011 -30"><span class='ocrx_word' id='word_1_245' title='bbox 221 3145 378 3215; x_wconf 73' lang='grc' dir='ltr'>μήτε</span> <span class='ocrx_word' id='word_1_246' title='bbox 410 3148 699 3218; x_wconf 75' lang='grc' dir='ltr'>ἀργυρίου</span> <span class='ocrx_word' id='word_1_247' title='bbox 716 3153 1141 3221; x_wconf 76' lang='grc' dir='ltr'>εὐποροῦντες,</span> <span class='ocrx_word' id='word_1_248' title='bbox 1154 3156 1309 3224; x_wconf 83' lang='grc' dir='ltr'>μήτε</span> <span class='ocrx_word' id='word_1_249' title='bbox 1336 3156 1601 3225; x_wconf 75' lang='grc' dir='ltr'>κτηνῶνο</span> <span class='ocrx_word' id='word_1_250' title='bbox 1626 3157 1825 3212; x_wconf 86' lang='grc' dir='ltr'>πάντα</span> 
     </span>
    </p>
   </div>
   <div class='ocr_carea' id='block_1_33' title="bbox 225 3230 1824 3306">
    <p class='ocr_par' dir='ltr' id='par_1_33' title="bbox 225 3230 1824 3306">
     <span class='ocr_line' id='line_1_33' title="bbox 225 3230 1824 3306; baseline 0.009 -26"><span class='ocrx_word' id='word_1_251' title='bbox 225 3230 339 3297; x_wconf 80' lang='grc' dir='ltr'>γὰρ</span> <span class='ocrx_word' id='word_1_252' title='bbox 367 3231 521 3299; x_wconf 86' lang='grc' dir='ltr'>πρὸς</span> <span class='ocrx_word' id='word_1_253' title='bbox 551 3236 627 3286; x_wconf 89' lang='grc' dir='ltr'>σὲ</span> <span class='ocrx_word' id='word_1_254' title='bbox 656 3235 763 3288; x_wconf 79' lang='grc' dir='ltr'>τὸν</span> <span class='ocrx_word' id='word_1_255' title='bbox 793 3239 1003 3304; x_wconf 76' lang='grc' dir='ltr'>κύριον</span> <span class='ocrx_word' id='word_1_256' title='bbox 1048 3236 1218 3306; x_wconf 82' lang='grc' dir='ltr'>ήμῶν</span> <span class='ocrx_word' id='word_1_257' title='bbox 1262 3240 1453 3293; x_wconf 83' lang='grc' dir='ltr'>ἐστιν.</span> <span class='ocrx_word' id='word_1_258' title='bbox 1494 3240 1687 3295; x_wconf 84' lang='grc' dir='ltr'>Οὐδὲν</span> <span class='ocrx_word' id='word_1_259' title='bbox 1710 3238 1824 3297; x_wconf 85' lang='grc' dir='ltr'>οὖν</span> 
     </span>
    </p>
   </div>
   <div class='ocr_carea' id='block_1_34' title="bbox 226 3311 1819 3394">
    <p class='ocr_par' dir='ltr' id='par_1_34' title="bbox 226 3311 1819 3394">
     <span class='ocr_line' id='line_1_34' title="bbox 226 3311 1819 3394; baseline 0.009 -31"><span class='ocrx_word' id='word_1_260' title='bbox 226 3311 376 3381; x_wconf 70' lang='grc' dir='ltr'>ἡμῖν</span> <span class='ocrx_word' id='word_1_261' title='bbox 423 3315 633 3385; x_wconf 78' lang='grc' dir='ltr'>ἕτερον</span> <span class='ocrx_word' id='word_1_262' title='bbox 669 3319 1105 3375; x_wconf 68' lang='grc' dir='ltr'>ὑπολέλειπται</span> <span class='ocrx_word' id='word_1_263' title='bbox 1135 3362 1150 3386; x_wconf 94' lang='grc'>,</span> <span class='ocrx_word' id='word_1_264' title='bbox 1200 3322 1258 3391; x_wconf 66' lang='grc' dir='ltr'>⁷ἣ</span> <span class='ocrx_word' id='word_1_265' title='bbox 1319 3322 1386 3376; x_wconf 84' lang='grc' dir='ltr'>τὸ</span> <span class='ocrx_word' id='word_1_266' title='bbox 1426 3323 1584 3377; x_wconf 82' lang='grc' dir='ltr'>Ζδιον</span> <span class='ocrx_word' id='word_1_267' title='bbox 1627 3324 1819 3394; x_wconf 86' lang='grc' dir='ltr'>σῶμα,</span> 
     </span>
    </p>
   </div>
   <div class='ocr_carea' id='block_1_35' title="bbox 227 3398 1821 3477">
    <p class='ocr_par' dir='ltr' id='par_1_35' title="bbox 227 3398 1821 3477">
     <span class='ocr_line' id='line_1_35' title="bbox 227 3398 1821 3477; baseline 0.009 -29"><span class='ocrx_word' id='word_1_268' title='bbox 227 3398 324 3450; x_wconf 82' lang='lat' dir='ltr'><strong><em>zeal</em></strong></span> <span class='ocrx_word' id='word_1_269' title='bbox 359 3398 399 3466; x_wconf 81' lang='grc' dir='ltr'><strong><em>ἡ</em></strong></span> <span class='ocrx_word' id='word_1_270' title='bbox 424 3399 499 3467; x_wconf 78' lang='grc' dir='ltr'>γῆ</span> <span class='ocrx_word' id='word_1_271' title='bbox 537 3400 725 3469; x_wconf 75' lang='grc' dir='ltr'>ἡμῶν.</span> <span class='ocrx_word' id='word_1_272' title='bbox 759 3402 891 3457; x_wconf 83' lang='grc' dir='ltr'>Ἵνα</span> <span class='ocrx_word' id='word_1_273' title='bbox 912 3399 1026 3457; x_wconf 87' lang='grc' dir='ltr'>οὖν</span> <span class='ocrx_word' id='word_1_274' title='bbox 1048 3410 1135 3473; x_wconf 81' lang='grc' dir='ltr'>μὴ</span> <span class='ocrx_word' id='word_1_275' title='bbox 1164 3405 1577 3476; x_wconf 67' lang='grc' dir='ltr'>ἀποθάνωμεν,</span> <span class='ocrx_word' id='word_1_276' title='bbox 1604 3407 1821 3477; x_wconf 82' lang='grc' dir='ltr'>κτῆσαι</span> 
     </span>
    </p>
   </div>
   <div class='ocr_carea' id='block_1_36' title="bbox 226 3479 1819 3559">
    <p class='ocr_par' dir='ltr' id='par_1_36' title="bbox 226 3479 1819 3559">
     <span class='ocr_line' id='line_1_36' title="bbox 226 3479 1819 3559; baseline 0.008 -26"><span class='ocrx_word' id='word_1_277' title='bbox 226 3479 389 3549; x_wconf 67' lang='grc' dir='ltr'>ἡμᾶς</span> <span class='ocrx_word' id='word_1_278' title='bbox 448 3483 549 3536; x_wconf 86' lang='lat' dir='ltr'><strong><em>zeal</em></strong></span> <span class='ocrx_word' id='word_1_279' title='bbox 589 3485 705 3552; x_wconf 78' lang='grc' dir='ltr'>τὴν</span> <span class='ocrx_word' id='word_1_280' title='bbox 754 3483 874 3555; x_wconf 75' lang='grc' dir='ltr'>γῆν</span> <span class='ocrx_word' id='word_1_281' title='bbox 921 3486 1092 3555; x_wconf 79' lang='grc' dir='ltr'>ἡμῶν</span> <span class='ocrx_word' id='word_1_282' title='bbox 1139 3489 1273 3542; x_wconf 79' lang='grc' dir='ltr'>ἀντὶ</span> <span class='ocrx_word' id='word_1_283' title='bbox 1301 3488 1421 3543; x_wconf 84' lang='grc' dir='ltr'>τῶν</span> <span class='ocrx_word' id='word_1_284' title='bbox 1467 3490 1680 3559; x_wconf 79' lang='grc' dir='ltr'>ἀρτων,</span> <span class='ocrx_word' id='word_1_285' title='bbox 1719 3492 1819 3545; x_wconf 90' lang='lat' dir='ltr'><strong><em>zeal</em></strong></span> 
     </span>
    </p>
   </div>
   <div class='ocr_carea' id='block_1_37' title="bbox 225 3564 1822 3641">
    <p class='ocr_par' dir='ltr' id='par_1_37' title="bbox 225 3564 1822 3641">
     <span class='ocr_line' id='line_1_37' title="bbox 225 3564 1822 3641; baseline 0.008 -24"><span class='ocrx_word' id='word_1_286' title='bbox 225 3564 493 3634; x_wconf 79' lang='grc' dir='ltr'>ἐσόμεθα</span> <span class='ocrx_word' id='word_1_287' title='bbox 516 3568 617 3620; x_wconf 87' lang='lat' dir='ltr'><strong><em>zeal</em></strong></span> <span class='ocrx_word' id='word_1_288' title='bbox 648 3569 822 3637; x_wconf 70' lang='grc' dir='ltr'>ἡμεῖς</span> <span class='ocrx_word' id='word_1_289' title='bbox 849 3570 950 3623; x_wconf 87' lang='lat' dir='ltr'><strong><em>zeal</em></strong></span> <span class='ocrx_word' id='word_1_290' title='bbox 984 3571 1023 3637; x_wconf 80' lang='grc' dir='ltr'><strong><em>ἠ</em></strong></span> <span class='ocrx_word' id='word_1_291' title='bbox 1048 3569 1126 3641; x_wconf 73' lang='grc' dir='ltr'>γῆ</span> <span class='ocrx_word' id='word_1_292' title='bbox 1169 3571 1340 3641; x_wconf 82' lang='grc' dir='ltr'>ήμῶν</span> <span class='ocrx_word' id='word_1_293' title='bbox 1365 3574 1576 3641; x_wconf 84' lang='grc' dir='ltr'>παῖδες</span> <span class='ocrx_word' id='word_1_294' title='bbox 1602 3574 1681 3641; x_wconf 85' lang='grc' dir='ltr'>τῷ</span> <span class='ocrx_word' id='word_1_295' title='bbox 1706 3578 1822 3628; x_wconf 84' lang='grc' dir='ltr'>Φα-</span> 
     </span>
    </p>
   </div>
   <div class='ocr_carea' id='block_1_38' title="bbox 219 3648 1820 3728">
    <p class='ocr_par' dir='ltr' id='par_1_38' title="bbox 219 3648 1820 3728">
     <span class='ocr_line' id='line_1_38' title="bbox 219 3648 1820 3728; baseline 0.007 -27"><span class='ocrx_word' id='word_1_296' title='bbox 219 3648 367 3717; x_wconf 86' lang='grc' dir='ltr'>ραώ.</span> <span class='ocrx_word' id='word_1_297' title='bbox 403 3651 516 3717; x_wconf 86' lang='grc' dir='ltr'>Δὸς</span> <span class='ocrx_word' id='word_1_298' title='bbox 537 3652 799 3722; x_wconf 88' lang='grc' dir='ltr'>σπέρμα,</span> <span class='ocrx_word' id='word_1_299' title='bbox 830 3655 932 3706; x_wconf 79' lang='grc' dir='ltr'>ἵνα</span> <span class='ocrx_word' id='word_1_300' title='bbox 966 3655 1310 3724; x_wconf 78' lang='grc' dir='ltr'>σπείρωμεν</span> <span class='ocrx_word' id='word_1_301' title='bbox 1339 3658 1439 3711; x_wconf 91' lang='lat' dir='ltr'><strong><em>zeal</em></strong></span> <span class='ocrx_word' id='word_1_302' title='bbox 1478 3657 1690 3728; x_wconf 79' lang='grc' dir='ltr'>ζῶμεν,</span> <span class='ocrx_word' id='word_1_303' title='bbox 1719 3659 1820 3713; x_wconf 89' lang='lat' dir='ltr'><strong><em>zeal</em></strong></span> 
     </span>
    </p>
   </div>
   <div class='ocr_carea' id='block_1_39' title="bbox 221 3731 1812 3810">
    <p class='ocr_par' dir='ltr' id='par_1_39' title="bbox 221 3731 1812 3810">
     <span class='ocr_line' id='line_1_39' title="bbox 221 3731 1812 3810; baseline 0.005 -23"><span class='ocrx_word' id='word_1_304' title='bbox 221 3731 311 3805; x_wconf 76' lang='grc' dir='ltr'>μὴ</span> <span class='ocrx_word' id='word_1_305' title='bbox 360 3734 793 3805; x_wconf 78' lang='grc' dir='ltr'>ἀποθάνωμεν,</span> <span class='ocrx_word' id='word_1_306' title='bbox 842 3738 942 3790; x_wconf 85' lang='lat' dir='ltr'><strong><em>zeal</em></strong></span> <span class='ocrx_word' id='word_1_307' title='bbox 986 3739 1023 3805; x_wconf 80' lang='grc' dir='ltr'><strong><em>ἠ</em></strong></span> <span class='ocrx_word' id='word_1_308' title='bbox 1058 3737 1134 3808; x_wconf 79' lang='grc' dir='ltr'>γῆ</span> <span class='ocrx_word' id='word_1_309' title='bbox 1184 3741 1297 3793; x_wconf 83' lang='grc' dir='ltr'>οὐκ</span> <span class='ocrx_word' id='word_1_310' title='bbox 1349 3739 1812 3810; x_wconf 76' lang='grc' dir='ltr'>ἐρημωθήσεται.</span> 
     </span>
    </p>
   </div>
   <div class='ocr_carea' id='block_1_40' title="bbox 232 3815 1814 3896">
    <p class='ocr_par' dir='ltr' id='par_1_40' title="bbox 232 3815 1814 3896">
     <span class='ocr_line' id='line_1_40' title="bbox 232 3815 1814 3896; baseline 0.005 -25"><span class='ocrx_word' id='word_1_311' title='bbox 232 3815 499 3883; x_wconf 79' lang='grc' dir='ltr'>Ἐαυτοὺς</span> <span class='ocrx_word' id='word_1_312' title='bbox 559 3822 1047 3885; x_wconf 84' lang='grc' dir='ltr'>κατεδουλώσαντο,</span> <span class='ocrx_word' id='word_1_313' title='bbox 1083 3825 1178 3877; x_wconf 90' lang='lat' dir='ltr'><strong><em>zeal</em></strong></span> <span class='ocrx_word' id='word_1_314' title='bbox 1228 3826 1328 3895; x_wconf 84' lang='grc' dir='ltr'>τήν</span> <span class='ocrx_word' id='word_1_315' title='bbox 1378 3826 1481 3896; x_wconf 85' lang='grc' dir='ltr'>γῆν</span> <span class='ocrx_word' id='word_1_316' title='bbox 1535 3826 1814 3891; x_wconf 85' lang='grc' dir='ltr'>ἀπέδοντο,</span> 
     </span>
    </p>
   </div>
   <div class='ocr_carea' id='block_1_41' title="bbox 220 3900 1816 3980">
    <p class='ocr_par' dir='ltr' id='par_1_41' title="bbox 220 3900 1816 3980">
     <span class='ocr_line' id='line_1_41' title="bbox 220 3900 1816 3980; baseline 0.005 -26"><span class='ocrx_word' id='word_1_317' title='bbox 220 3900 370 3955; x_wconf 81' lang='grc' dir='ltr'>ὥστε</span> <span class='ocrx_word' id='word_1_318' title='bbox 400 3903 692 3975; x_wconf 78' lang='grc' dir='ltr'>δυνηθῆναι</span> <span class='ocrx_word' id='word_1_319' title='bbox 724 3906 1124 3977; x_wconf 79' lang='grc' dir='ltr'>διατραφῆναι·</span> <span class='ocrx_word' id='word_1_320' title='bbox 1153 3908 1388 3980; x_wconf 82' lang='grc' dir='ltr'>τοσαύτη</span> <span class='ocrx_word' id='word_1_321' title='bbox 1419 3908 1513 3961; x_wconf 90' lang='grc' dir='ltr'>τοῦ</span> <span class='ocrx_word' id='word_1_322' title='bbox 1533 3908 1691 3979; x_wconf 82' lang='grc' dir='ltr'>λιμοῦ</span> <span class='ocrx_word' id='word_1_323' title='bbox 1726 3910 1816 3978; x_wconf 84' lang='grc' dir='ltr'>γέ-</span> 
     </span>
    </p>
   </div>
   <div class='ocr_carea' id='block_1_42' title="bbox 224 3988 1817 4063">
    <p class='ocr_par' dir='ltr' id='par_1_42' title="bbox 224 3988 1817 4063">
     <span class='ocr_line' id='line_1_42' title="bbox 224 3988 1817 4063; baseline 0.005 -25"><span class='ocrx_word' id='word_1_324' title='bbox 224 4003 382 4053; x_wconf 85' lang='grc' dir='ltr'>γονεν</span> <span class='ocrx_word' id='word_1_325' title='bbox 429 3988 463 4058; x_wconf 78' lang='grc' dir='ltr'><strong>ἠ</strong></span> <span class='ocrx_word' id='word_1_326' title='bbox 512 3988 748 4060; x_wconf 82' lang='grc' dir='ltr'>ἀνάγκη.</span> <span class='ocrx_word' id='word_1_327' title='bbox 790 3990 903 4043; x_wconf 84' lang='lat' dir='ltr'><strong><em>Kal</em></strong></span> <span class='ocrx_word' id='word_1_328' title='bbox 954 3990 1255 4057; x_wconf 77' lang='grc' dir='ltr'>ἐκτήσατο</span> <span class='ocrx_word' id='word_1_329' title='bbox 1313 3992 1525 4063; x_wconf 72' lang='grc' dir='ltr'>Ἰωσὴφ</span> <span class='ocrx_word' id='word_1_330' title='bbox 1552 3993 1667 4061; x_wconf 81' lang='grc' dir='ltr'>τὴν</span> <span class='ocrx_word' id='word_1_331' title='bbox 1702 3992 1817 4063; x_wconf 75' lang='grc' dir='ltr'>γῆν</span> 
     </span>
    </p>
   </div>
   <div class='ocr_carea' id='block_1_43' title="bbox 224 4067 1816 4146">
    <p class='ocr_par' dir='ltr' id='par_1_43' title="bbox 224 4067 1816 4146">
     <span class='ocr_line' id='line_1_43' title="bbox 224 4067 1816 4146; baseline 0.008 -27"><span class='ocrx_word' id='word_1_332' title='bbox 224 4067 347 4122; x_wconf 74' lang='grc' dir='ltr'>τῶν</span> <span class='ocrx_word' id='word_1_333' title='bbox 375 4072 715 4139; x_wconf 56' lang='grc' dir='ltr'>Αἰγυπτίων</span> <span class='ocrx_word' id='word_1_334' title='bbox 744 4070 825 4138; x_wconf 85' lang='grc' dir='ltr'>τῷ</span> <span class='ocrx_word' id='word_1_335' title='bbox 855 4073 1082 4141; x_wconf 84' lang='grc' dir='ltr'>Φαραώ.</span> <span class='ocrx_word' id='word_1_336' title='bbox 1118 4074 1432 4129; x_wconf 81' lang='grc' dir='ltr'>Ἀπέδοντο</span> <span class='ocrx_word' id='word_1_337' title='bbox 1478 4076 1587 4146; x_wconf 76' lang='grc' dir='ltr'>γὰρ</span> <span class='ocrx_word' id='word_1_338' title='bbox 1619 4076 1816 4145; x_wconf 80' lang='grc' dir='ltr'>αὐτὴν</span> 
     </span>
    </p>
   </div>
   <div class='ocr_carea' id='block_1_44' title="bbox 220 4151 1813 4230">
    <p class='ocr_par' dir='ltr' id='par_1_44' title="bbox 220 4151 1813 4230">
     <span class='ocr_line' id='line_1_44' title="bbox 220 4151 1813 4230; baseline 0.004 -23"><span class='ocrx_word' id='word_1_339' title='bbox 220 4151 323 4207; x_wconf 78' lang='grc' dir='ltr'>διὰ</span> <span class='ocrx_word' id='word_1_340' title='bbox 351 4154 468 4222; x_wconf 76' lang='grc' dir='ltr'>τὴν</span> <span class='ocrx_word' id='word_1_341' title='bbox 498 4156 773 4226; x_wconf 70' lang='grc' dir='ltr'>ἀνάγκην</span> <span class='ocrx_word' id='word_1_342' title='bbox 796 4158 903 4211; x_wconf 85' lang='grc' dir='ltr'>τοῦ</span> <span class='ocrx_word' id='word_1_343' title='bbox 933 4158 1135 4227; x_wconf 81' lang='grc' dir='ltr'>λιμοῦ.</span> <span class='ocrx_word' id='word_1_344' title='bbox 1160 4159 1269 4213; x_wconf 83' lang='grc' dir='ltr'>Καὶ</span> <span class='ocrx_word' id='word_1_345' title='bbox 1287 4159 1525 4229; x_wconf 78' lang='grc' dir='ltr'>ἐγένετο</span> <span class='ocrx_word' id='word_1_346' title='bbox 1560 4160 1598 4228; x_wconf 77' lang='grc' dir='ltr'>ἡ</span> <span class='ocrx_word' id='word_1_347' title='bbox 1627 4160 1702 4230; x_wconf 79' lang='grc' dir='ltr'>γῆ</span> <span class='ocrx_word' id='word_1_348' title='bbox 1732 4159 1813 4227; x_wconf 81' lang='grc' dir='ltr'>τῷ</span> 
     </span>
    </p>
   </div>
   <div class='ocr_carea' id='block_1_45' title="bbox 223 4238 1812 4314">
    <p class='ocr_par' dir='ltr' id='par_1_45' title="bbox 223 4238 1812 4314">
     <span class='ocr_line' id='line_1_45' title="bbox 223 4238 1812 4314; baseline 0.005 -22"><span class='ocrx_word' id='word_1_349' title='bbox 223 4238 455 4308; x_wconf 80' lang='grc' dir='ltr'>Φαραώ.</span> <span class='ocrx_word' id='word_1_350' title='bbox 482 4241 591 4293; x_wconf 90' lang='lat' dir='ltr'><strong><em>Kal</em></strong></span> <span class='ocrx_word' id='word_1_351' title='bbox 644 4242 750 4294; x_wconf 82' lang='grc' dir='ltr'>τόν</span> <span class='ocrx_word' id='word_1_352' title='bbox 806 4242 949 4295; x_wconf 71' lang='grc' dir='ltr'>λαὸν</span> <span class='ocrx_word' id='word_1_353' title='bbox 1000 4243 1497 4298; x_wconf 74' lang='grc' dir='ltr'>κατεδουλώσατο</span> <span class='ocrx_word' id='word_1_354' title='bbox 1538 4245 1699 4311; x_wconf 81' lang='grc' dir='ltr'>αὐτῷ</span> <span class='ocrx_word' id='word_1_355' title='bbox 1725 4250 1812 4314; x_wconf 81' lang='grc' dir='ltr'>εἰς</span> 
     </span>
    </p>
   </div>
   <div class='ocr_carea' id='block_1_46' title="bbox 223 4322 1806 4399">
    <p class='ocr_par' dir='ltr' id='par_1_46' title="bbox 223 4322 1806 4399">
     <span class='ocr_line' id='line_1_46' title="bbox 223 4322 1806 4399; baseline 0.005 -22"><span class='ocrx_word' id='word_1_356' title='bbox 223 4322 441 4390; x_wconf 71' lang='grc' dir='ltr'>παῖδας</span> <span class='ocrx_word' id='word_1_357' title='bbox 477 4324 578 4378; x_wconf 81' lang='grc' dir='ltr'>ἀπ’</span> <span class='ocrx_word' id='word_1_358' title='bbox 624 4324 822 4394; x_wconf 74' lang='grc' dir='ltr'>ἄκρων</span> <span class='ocrx_word' id='word_1_359' title='bbox 854 4327 1034 4395; x_wconf 80' lang='grc' dir='ltr'>ὁρίων</span> <span class='ocrx_word' id='word_1_360' title='bbox 1079 4328 1381 4397; x_wconf 72' lang='grc' dir='ltr'>Αἰγύπτου</span> <span class='ocrx_word' id='word_1_361' title='bbox 1426 4328 1537 4396; x_wconf 84' lang='grc' dir='ltr'>ἕως</span> <span class='ocrx_word' id='word_1_362' title='bbox 1586 4330 1806 4399; x_wconf 79' lang='grc' dir='ltr'>ἄκρων,</span> 
     </span>
    </p>
   </div>
   <div class='ocr_carea' id='block_1_47' title="bbox 215 4404 1809 4482">
    <p class='ocr_par' dir='ltr' id='par_1_47' title="bbox 215 4404 1809 4482">
     <span class='ocr_line' id='line_1_47' title="bbox 215 4404 1809 4482; baseline 0.006 -24"><span class='ocrx_word' id='word_1_363' title='bbox 215 4408 404 4475; x_wconf 77' lang='grc' dir='ltr'>χωρίς</span> <span class='ocrx_word' id='word_1_364' title='bbox 434 4404 547 4475; x_wconf 86' lang='grc' dir='ltr'>τῆς</span> <span class='ocrx_word' id='word_1_365' title='bbox 585 4408 695 4477; x_wconf 77' lang='grc' dir='ltr'>τῆς</span> <span class='ocrx_word' id='word_1_366' title='bbox 743 4407 863 4461; x_wconf 86' lang='grc' dir='ltr'>τῶν</span> <span class='ocrx_word' id='word_1_367' title='bbox 892 4409 1118 4477; x_wconf 71' lang='grc' dir='ltr'>ἱερέων.</span> <span class='ocrx_word' id='word_1_368' title='bbox 1166 4412 1456 4478; x_wconf 79' lang='grc' dir='ltr'>Ἐκείνοις</span> <span class='ocrx_word' id='word_1_369' title='bbox 1482 4412 1592 4482; x_wconf 80' lang='grc' dir='ltr'>γὰρ</span> <span class='ocrx_word' id='word_1_370' title='bbox 1624 4414 1809 4469; x_wconf 74' lang='grc' dir='ltr'>ἔδωκε</span> 
     </span>
    </p>
   </div>
   <div class='ocr_carea' id='block_1_48' title="bbox 214 4490 1809 4571">
    <p class='ocr_par' dir='ltr' id='par_1_48' title="bbox 214 4490 1809 4571">
     <span class='ocr_line' id='line_1_48' title="bbox 214 4490 1809 4571; baseline 0.007 -29"><span class='ocrx_word' id='word_1_371' title='bbox 214 4490 433 4571; x_wconf 63' lang='grc' dir='ltr'>φαραὼ</span> <span class='ocrx_word' id='word_1_372' title='bbox 464 4491 751 4560; x_wconf 76' lang='grc' dir='ltr'>βρώματα</span> <span class='ocrx_word' id='word_1_373' title='bbox 773 4532 787 4555; x_wconf 91' lang='grc'>,</span> <span class='ocrx_word' id='word_1_374' title='bbox 823 4492 976 4565; x_wconf 70' lang='lat'>[626]</span> <span class='ocrx_word' id='word_1_375' title='bbox 1011 4495 1110 4548; x_wconf 90' lang='lat' dir='ltr'><strong><em>zeal</em></strong></span> <span class='ocrx_word' id='word_1_376' title='bbox 1179 4494 1430 4563; x_wconf 79' lang='grc' dir='ltr'>ἤσθιον·</span> <span class='ocrx_word' id='word_1_377' title='bbox 1486 4498 1584 4551; x_wconf 84' lang='grc' dir='ltr'>διὰ</span> <span class='ocrx_word' id='word_1_378' title='bbox 1629 4500 1809 4553; x_wconf 89' lang='grc' dir='ltr'>τοῦτο</span> 
     </span>
    </p>
   </div>
   <div class='ocr_carea' id='block_1_49' title="bbox 213 4574 1809 4653">
    <p class='ocr_par' dir='ltr' id='par_1_49' title="bbox 213 4574 1809 4653">
     <span class='ocr_line' id='line_1_49' title="bbox 213 4574 1809 4653; baseline 0.004 -23"><span class='ocrx_word' id='word_1_379' title='bbox 213 4578 332 4631; x_wconf 75' lang='grc' dir='ltr'>οὐκ</span> <span class='ocrx_word' id='word_1_380' title='bbox 360 4574 657 4629; x_wconf 74' lang='grc' dir='ltr'>ἀπέδοντο</span> <span class='ocrx_word' id='word_1_381' title='bbox 678 4574 795 4643; x_wconf 80' lang='grc' dir='ltr'>τὴν</span> <span class='ocrx_word' id='word_1_382' title='bbox 812 4575 931 4645; x_wconf 75' lang='grc' dir='ltr'>γῆν</span> <span class='ocrx_word' id='word_1_383' title='bbox 954 4576 1170 4632; x_wconf 87' lang='grc' dir='ltr'>αὐτῶν.</span> <span class='ocrx_word' id='word_1_384' title='bbox 1203 4581 1344 4650; x_wconf 83' lang='grc' dir='ltr'>Ὅρα</span> <span class='ocrx_word' id='word_1_385' title='bbox 1372 4581 1515 4651; x_wconf 83' lang='grc' dir='ltr'>πόση</span> <span class='ocrx_word' id='word_1_386' title='bbox 1537 4584 1570 4653; x_wconf 89' lang='grc' dir='ltr'>ή</span> <span class='ocrx_word' id='word_1_387' title='bbox 1593 4585 1809 4648; x_wconf 86' lang='grc' dir='ltr'>σύνεσις</span> 
     </span>
    </p>
   </div>
   <div class='ocr_carea' id='block_1_50' title="bbox 212 4659 1808 4737">
    <p class='ocr_par' dir='ltr' id='par_1_50' title="bbox 212 4659 1808 4737">
     <span class='ocr_line' id='line_1_50' title="bbox 212 4659 1808 4737; baseline 0.005 -24"><span class='ocrx_word' id='word_1_388' title='bbox 212 4660 314 4714; x_wconf 81' lang='lat' dir='ltr'><strong><em>zeal</em></strong></span> <span class='ocrx_word' id='word_1_389' title='bbox 343 4659 509 4728; x_wconf 75' lang='grc' dir='ltr'>σοφία</span> <span class='ocrx_word' id='word_1_390' title='bbox 536 4659 631 4711; x_wconf 89' lang='grc' dir='ltr'>τοῦ</span> <span class='ocrx_word' id='word_1_391' title='bbox 663 4659 865 4731; x_wconf 82' lang='grc' dir='ltr'>Ἰωσὴφ</span> <span class='ocrx_word' id='word_1_392' title='bbox 897 4661 1141 4730; x_wconf 88' lang='grc' dir='ltr'>γέγονεν.</span> <span class='ocrx_word' id='word_1_393' title='bbox 1191 4662 1329 4716; x_wconf 80' lang='grc' dir='ltr'>Οὔτε</span> <span class='ocrx_word' id='word_1_394' title='bbox 1363 4665 1458 4718; x_wconf 89' lang='grc' dir='ltr'>τοῦ</span> <span class='ocrx_word' id='word_1_395' title='bbox 1495 4665 1655 4737; x_wconf 89' lang='grc' dir='ltr'>λιμοῦ</span> <span class='ocrx_word' id='word_1_396' title='bbox 1685 4685 1808 4722; x_wconf 88' lang='grc' dir='ltr'>συν-</span> 
     </span>
    </p>
   </div>
   <div class='ocr_carea' id='block_1_51' title="bbox 212 4742 1807 4823">
    <p class='ocr_par' dir='ltr' id='par_1_51' title="bbox 212 4742 1807 4823">
     <span class='ocr_line' id='line_1_51' title="bbox 212 4742 1807 4823; baseline 0.006 -27"><span class='ocrx_word' id='word_1_397' title='bbox 212 4742 499 4813; x_wconf 73' lang='grc' dir='ltr'>εχώρησεν</span> <span class='ocrx_word' id='word_1_398' title='bbox 523 4742 779 4813; x_wconf 77' lang='grc' dir='ltr'>αἴσθησιν</span> <span class='ocrx_word' id='word_1_399' title='bbox 806 4744 987 4807; x_wconf 86' lang='grc' dir='ltr'>αὐτοῖς</span> <span class='ocrx_word' id='word_1_400' title='bbox 1026 4745 1302 4813; x_wconf 85' lang='grc' dir='ltr'>γενέσθαι,</span> <span class='ocrx_word' id='word_1_401' title='bbox 1349 4748 1444 4802; x_wconf 86' lang='lat' dir='ltr'><strong><em>zeal</em></strong></span> <span class='ocrx_word' id='word_1_402' title='bbox 1497 4752 1677 4805; x_wconf 81' lang='grc' dir='ltr'>πᾶσαν</span> <span class='ocrx_word' id='word_1_403' title='bbox 1707 4752 1807 4823; x_wconf 88' lang='grc' dir='ltr'>τὴν</span> 
     </span>
    </p>
   </div>
   <div class='ocr_carea' id='block_1_52' title="bbox 211 4827 1809 4901">
    <p class='ocr_par' dir='ltr' id='par_1_52' title="bbox 211 4827 1809 4901">
     <span class='ocr_line' id='line_1_52' title="bbox 211 4827 1809 4901; baseline -0.001 -19"><span class='ocrx_word' id='word_1_404' title='bbox 211 4830 320 4899; x_wconf 80' lang='grc' dir='ltr'>γῆν</span> <span class='ocrx_word' id='word_1_405' title='bbox 358 4829 437 4898; x_wconf 81' lang='grc' dir='ltr'>τῷ</span> <span class='ocrx_word' id='word_1_406' title='bbox 458 4827 660 4899; x_wconf 78' lang='grc' dir='ltr'>Φαραὼ</span> <span class='ocrx_word' id='word_1_407' title='bbox 688 4831 1105 4900; x_wconf 84' lang='grc' dir='ltr'>προσεκτήσατο</span> <span class='ocrx_word' id='word_1_408' title='bbox 1134 4832 1273 4901; x_wconf 84' lang='grc' dir='ltr'>μετά</span> <span class='ocrx_word' id='word_1_409' title='bbox 1300 4832 1395 4887; x_wconf 86' lang='grc' dir='ltr'>τοῦ</span> <span class='ocrx_word' id='word_1_410' title='bbox 1444 4835 1539 4887; x_wconf 88' lang='lat' dir='ltr'><strong><em>zeal</em></strong></span> <span class='ocrx_word' id='word_1_411' title='bbox 1564 4837 1689 4899; x_wconf 81' lang='grc' dir='ltr'>τοὺς</span> <span class='ocrx_word' id='word_1_412' title='bbox 1712 4839 1809 4891; x_wconf 69' lang='grc' dir='ltr'>Αἰ..</span> 
     </span>
    </p>
   </div>
   <div class='ocr_carea' id='block_1_53' title="bbox 211 4914 1805 4981">
    <p class='ocr_par' dir='ltr' id='par_1_53' title="bbox 211 4914 1805 4981">
     <span class='ocr_line' id='line_1_53' title="bbox 211 4914 1805 4981; baseline 0.007 -16"><span class='ocrx_word' id='word_1_413' title='bbox 211 4914 482 4981; x_wconf 80' lang='grc' dir='ltr'>γυπτίους</span> <span class='ocrx_word' id='word_1_414' title='bbox 533 4914 777 4977; x_wconf 72' lang='grc' dir='ltr'>ἅπαντας</span> <span class='ocrx_word' id='word_1_415' title='bbox 830 4914 1370 4971; x_wconf 85' lang='grc' dir='ltr'>καταδουλώσασθαι.</span> <span class='ocrx_word' id='word_1_416' title='bbox 1420 4918 1582 4973; x_wconf 75' lang='grc' dir='ltr'>Ἀλλά</span> <span class='ocrx_word' id='word_1_417' title='bbox 1612 4922 1805 4977; x_wconf 77' lang='grc' dir='ltr'>σκόπει</span> 
     </span>
    </p>
   </div>
   <div class='ocr_carea' id='block_1_54' title="bbox 215 4994 1804 5076">
    <p class='ocr_par' dir='ltr' id='par_1_54' title="bbox 215 4994 1804 5076">
     <span class='ocr_line' id='line_1_54' title="bbox 215 4994 1804 5076; baseline 0.008 -29"><span class='ocrx_word' id='word_1_418' title='bbox 215 5012 311 5067; x_wconf 78' lang='grc' dir='ltr'>μοι</span> <span class='ocrx_word' id='word_1_419' title='bbox 338 4994 570 5050; x_wconf 82' lang='grc' dir='ltr'>ἐνταῦθα</span> <span class='ocrx_word' id='word_1_420' title='bbox 598 4997 761 5049; x_wconf 85' lang='grc' dir='ltr'>πάλιν</span> <span class='ocrx_word' id='word_1_421' title='bbox 790 4997 887 5067; x_wconf 86' lang='grc' dir='ltr'>τὴν</span> <span class='ocrx_word' id='word_1_422' title='bbox 914 4999 1357 5068; x_wconf 80' lang='grc' dir='ltr'>ὑπερϐάλλουσαν</span> <span class='ocrx_word' id='word_1_423' title='bbox 1377 5002 1542 5055; x_wconf 91' lang='grc' dir='ltr'>αὐτοῦ</span> <span class='ocrx_word' id='word_1_424' title='bbox 1575 5004 1804 5076; x_wconf 86' lang='grc' dir='ltr'>κηδεμο-</span> 
     </span>
    </p>
   </div>
   <div class='ocr_carea' id='block_1_55' title="bbox 206 5081 1803 5162">
    <p class='ocr_par' dir='ltr' id='par_1_55' title="bbox 206 5081 1803 5162">
     <span class='ocr_line' id='line_1_55' title="bbox 206 5081 1803 5162; baseline 0.005 -28"><span class='ocrx_word' id='word_1_425' title='bbox 206 5081 358 5142; x_wconf 78' lang='grc' dir='ltr'>νίαν,</span> <span class='ocrx_word' id='word_1_426' title='bbox 394 5081 461 5152; x_wconf 82' lang='grc' dir='ltr'>ἢν</span> <span class='ocrx_word' id='word_1_427' title='bbox 505 5083 635 5153; x_wconf 73' lang='grc' dir='ltr'>περὶ</span> <span class='ocrx_word' id='word_1_428' title='bbox 672 5083 868 5146; x_wconf 81' lang='grc' dir='ltr'>αὐτοὺς</span> <span class='ocrx_word' id='word_1_429' title='bbox 916 5082 1298 5139; x_wconf 86' lang='grc' dir='ltr'>ἐπιδείκνυται.</span> <span class='ocrx_word' id='word_1_430' title='bbox 1360 5082 1507 5141; x_wconf 76' lang='grc' dir='ltr'>Εἷπε</span> <span class='ocrx_word' id='word_1_431' title='bbox 1539 5088 1648 5162; x_wconf 80' lang='grc' dir='ltr'>γὰρ</span> <span class='ocrx_word' id='word_1_432' title='bbox 1679 5090 1803 5158; x_wconf 87' lang='grc' dir='ltr'>τοῖς</span> 
     </span>
    </p>
   </div>
   <div class='ocr_carea' id='block_1_56' title="bbox 206 5167 1804 5244">
    <p class='ocr_par' dir='ltr' id='par_1_56' title="bbox 206 5167 1804 5244">
     <span class='ocr_line' id='line_1_56' title="bbox 206 5167 1804 5244; baseline 0.004 -25"><span class='ocrx_word' id='word_1_433' title='bbox 206 5167 591 5235; x_wconf 71' lang='grc' dir='ltr'>Αιγυπτίοιςο</span> <span class='ocrx_word' id='word_1_434' title='bbox 640 5167 787 5220; x_wconf 84' lang='grc' dir='ltr'>Ἰδοὺ</span> <span class='ocrx_word' id='word_1_435' title='bbox 842 5168 1130 5237; x_wconf 76' lang='grc' dir='ltr'>κέκτημαι</span> <span class='ocrx_word' id='word_1_436' title='bbox 1182 5169 1334 5237; x_wconf 83' lang='grc' dir='ltr'>ὑμᾶς</span> <span class='ocrx_word' id='word_1_437' title='bbox 1400 5173 1497 5225; x_wconf 82' lang='lat' dir='ltr'><strong><em>zeal</em></strong></span> <span class='ocrx_word' id='word_1_438' title='bbox 1537 5172 1652 5241; x_wconf 86' lang='grc' dir='ltr'>τὴν</span> <span class='ocrx_word' id='word_1_439' title='bbox 1684 5174 1804 5244; x_wconf 76' lang='grc' dir='ltr'>γῆν</span> 
     </span>
    </p>
   </div>
   <div class='ocr_carea' id='block_1_57' title="bbox 206 5249 1801 5327">
    <p class='ocr_par' dir='ltr' id='par_1_57' title="bbox 206 5249 1801 5327">
     <span class='ocr_line' id='line_1_57' title="bbox 206 5249 1801 5327; baseline 0.003 -22"><span class='ocrx_word' id='word_1_440' title='bbox 206 5249 385 5321; x_wconf 82' lang='grc' dir='ltr'>ὑμῶν</span> <span class='ocrx_word' id='word_1_441' title='bbox 426 5250 696 5319; x_wconf 78' lang='grc' dir='ltr'>σήμερον</span> <span class='ocrx_word' id='word_1_442' title='bbox 730 5251 808 5317; x_wconf 83' lang='grc' dir='ltr'>τῷ</span> <span class='ocrx_word' id='word_1_443' title='bbox 846 5251 1074 5320; x_wconf 72' lang='grc' dir='ltr'>Φαραώ.</span> <span class='ocrx_word' id='word_1_444' title='bbox 1127 5253 1347 5308; x_wconf 79' lang='grc' dir='ltr'>Λάϐετε</span> <span class='ocrx_word' id='word_1_445' title='bbox 1402 5252 1516 5310; x_wconf 84' lang='grc' dir='ltr'>οὖν</span> <span class='ocrx_word' id='word_1_446' title='bbox 1565 5258 1801 5327; x_wconf 81' lang='grc' dir='ltr'>ἑαυτοῖς</span> 
     </span>
    </p>
   </div>
   <div class='ocr_carea' id='block_1_58' title="bbox 205 5334 1799 5405">
    <p class='ocr_par' dir='ltr' id='par_1_58' title="bbox 205 5334 1799 5405">
     <span class='ocr_line' id='line_1_58' title="bbox 205 5334 1799 5405; baseline 0.006 -18"><span class='ocrx_word' id='word_1_447' title='bbox 205 5334 547 5403; x_wconf 78' lang='grc' dir='ltr'>σπέρματα,</span> <span class='ocrx_word' id='word_1_448' title='bbox 583 5335 679 5387; x_wconf 86' lang='lat' dir='ltr'><strong><em>zeal</em></strong></span> <span class='ocrx_word' id='word_1_449' title='bbox 708 5336 997 5403; x_wconf 68' lang='lat' dir='ltr'><strong><em>axee’pats</em></strong></span> <span class='ocrx_word' id='word_1_450' title='bbox 1035 5336 1149 5403; x_wconf 76' lang='grc' dir='ltr'>τὴν</span> <span class='ocrx_word' id='word_1_451' title='bbox 1175 5336 1296 5405; x_wconf 79' lang='grc' dir='ltr'>γῆν</span> <span class='ocrx_word' id='word_1_452' title='bbox 1318 5355 1331 5369; x_wconf 78' lang='grc' dir='ltr'><strong><em>ο</em></strong></span> <span class='ocrx_word' id='word_1_453' title='bbox 1364 5338 1461 5391; x_wconf 83' lang='grc' dir='ltr'>καί</span> <span class='ocrx_word' id='word_1_454' title='bbox 1485 5339 1595 5393; x_wconf 84' lang='grc' dir='ltr'>ἐὰν</span> <span class='ocrx_word' id='word_1_455' title='bbox 1627 5343 1799 5397; x_wconf 75' lang='grc' dir='ltr'>ἔσται</span> 
     </span>
    </p>
   </div>
   <div class='ocr_carea' id='block_1_59' title="bbox 206 5417 1800 5494">
    <p class='ocr_par' dir='ltr' id='par_1_59' title="bbox 206 5417 1800 5494">
     <span class='ocr_line' id='line_1_59' title="bbox 206 5417 1800 5494; baseline 0.005 -23"><span class='ocrx_word' id='word_1_456' title='bbox 206 5418 281 5471; x_wconf 82' lang='grc' dir='ltr'>τὰ</span> <span class='ocrx_word' id='word_1_457' title='bbox 310 5417 655 5487; x_wconf 65' lang='grc' dir='ltr'>γεννήματα</span> <span class='ocrx_word' id='word_1_458' title='bbox 703 5417 914 5487; x_wconf 80' lang='grc' dir='ltr'>αὐτῆς,</span> <span class='ocrx_word' id='word_1_459' title='bbox 958 5417 1182 5473; x_wconf 80' lang='grc' dir='ltr'>δώσετε</span> <span class='ocrx_word' id='word_1_460' title='bbox 1211 5421 1277 5473; x_wconf 88' lang='grc' dir='ltr'>τὸ</span> <span class='ocrx_word' id='word_1_461' title='bbox 1314 5420 1586 5491; x_wconf 84' lang='grc' dir='ltr'>πέμπτον</span> <span class='ocrx_word' id='word_1_462' title='bbox 1616 5424 1800 5494; x_wconf 85' lang='grc' dir='ltr'>μέρος</span> 
     </span>
    </p>
   </div>
   <div class='ocr_carea' id='block_1_60' title="bbox 205 5499 1798 5577">
    <p class='ocr_par' dir='ltr' id='par_1_60' title="bbox 205 5499 1798 5577">
     <span class='ocr_line' id='line_1_60' title="bbox 205 5499 1798 5577; baseline 0.005 -23"><span class='ocrx_word' id='word_1_463' title='bbox 205 5499 518 5568; x_wconf 61' lang='grc' dir='ltr'>τῷφαραώ</span> <span class='ocrx_word' id='word_1_464' title='bbox 540 5517 554 5531; x_wconf 92' lang='grc'><strong>·</strong></span> <span class='ocrx_word' id='word_1_465' title='bbox 581 5501 653 5555; x_wconf 84' lang='grc' dir='ltr'>τὰ</span> <span class='ocrx_word' id='word_1_466' title='bbox 668 5500 736 5553; x_wconf 78' lang='grc' dir='ltr'>δὲ</span> <span class='ocrx_word' id='word_1_467' title='bbox 762 5502 1030 5572; x_wconf 78' lang='grc' dir='ltr'>τέσσαρα</span> <span class='ocrx_word' id='word_1_468' title='bbox 1054 5504 1207 5573; x_wconf 85' lang='grc' dir='ltr'>μέρη</span> <span class='ocrx_word' id='word_1_469' title='bbox 1233 5504 1402 5557; x_wconf 84' lang='grc' dir='ltr'>ἔσται</span> <span class='ocrx_word' id='word_1_470' title='bbox 1428 5506 1574 5575; x_wconf 84' lang='grc' dir='ltr'>ὑμῖν</span> <span class='ocrx_word' id='word_1_471' title='bbox 1594 5510 1798 5577; x_wconf 80' lang='grc' dir='ltr'>αὐτοῖς</span> 
     </span>
    </p>
   </div>
   <div class='ocr_carea' id='block_1_61' title="bbox 201 5582 1797 5657">
    <p class='ocr_par' dir='ltr' id='par_1_61' title="bbox 201 5582 1797 5657">
     <span class='ocr_line' id='line_1_61' title="bbox 201 5582 1797 5657; baseline 0.006 -20"><span class='ocrx_word' id='word_1_472' title='bbox 201 5588 295 5649; x_wconf 86' lang='grc' dir='ltr'>εἰς</span> <span class='ocrx_word' id='word_1_473' title='bbox 322 5584 563 5653; x_wconf 84' lang='grc' dir='ltr'>σπέρμα</span> <span class='ocrx_word' id='word_1_474' title='bbox 596 5583 672 5651; x_wconf 76' lang='grc' dir='ltr'>τῇ</span> <span class='ocrx_word' id='word_1_475' title='bbox 699 5582 797 5652; x_wconf 74' lang='grc' dir='ltr'>γῇ,</span> <span class='ocrx_word' id='word_1_476' title='bbox 833 5585 933 5638; x_wconf 91' lang='lat' dir='ltr'><strong><em>zeal</em></strong></span> <span class='ocrx_word' id='word_1_477' title='bbox 962 5588 1050 5651; x_wconf 86' lang='grc' dir='ltr'>είς</span> <span class='ocrx_word' id='word_1_478' title='bbox 1077 5585 1316 5654; x_wconf 80' lang='grc' dir='ltr'>,βρῶσιν</span> <span class='ocrx_word' id='word_1_479' title='bbox 1339 5588 1482 5657; x_wconf 85' lang='grc' dir='ltr'>ὑμῖν</span> <span class='ocrx_word' id='word_1_480' title='bbox 1519 5590 1616 5643; x_wconf 87' lang='lat' dir='ltr'><strong><em>zeal</em></strong></span> <span class='ocrx_word' id='word_1_481' title='bbox 1646 5592 1797 5646; x_wconf 81' lang='grc' dir='ltr'>πᾶσι</span> 
     </span>
    </p>
   </div>
   <div class='ocr_carea' id='block_1_62' title="bbox 204 5666 1794 5747">
    <p class='ocr_par' dir='ltr' id='par_1_62' title="bbox 204 5666 1794 5747">
     <span class='ocr_line' id='line_1_62' title="bbox 204 5666 1794 5747; baseline 0.003 -26"><span class='ocrx_word' id='word_1_482' title='bbox 204 5668 332 5734; x_wconf 84' lang='grc' dir='ltr'>τοῖς</span> <span class='ocrx_word' id='word_1_483' title='bbox 356 5667 547 5733; x_wconf 84' lang='grc' dir='ltr'>οἴκοις</span> <span class='ocrx_word' id='word_1_484' title='bbox 578 5666 769 5736; x_wconf 81' lang='grc' dir='ltr'>ὑμῶν.</span> <span class='ocrx_word' id='word_1_485' title='bbox 797 5667 973 5741; x_wconf 81' lang='grc' dir='ltr'>Πολλὴ</span> <span class='ocrx_word' id='word_1_486' title='bbox 994 5672 1027 5740; x_wconf 86' lang='grc' dir='ltr'>ή</span> <span class='ocrx_word' id='word_1_487' title='bbox 1060 5670 1359 5741; x_wconf 87' lang='grc' dir='ltr'>φιλοτιμία,</span> <span class='ocrx_word' id='word_1_488' title='bbox 1392 5670 1560 5742; x_wconf 84' lang='grc' dir='ltr'>πολλὴ</span> <span class='ocrx_word' id='word_1_489' title='bbox 1584 5674 1617 5744; x_wconf 90' lang='grc' dir='ltr'>ή</span> <span class='ocrx_word' id='word_1_490' title='bbox 1658 5675 1794 5747; x_wconf 71' lang='grc' dir='ltr'>πρό-</span> 
     </span>
    </p>
   </div>
   <div class='ocr_carea' id='block_1_63' title="bbox 198 5750 1796 5827">
    <p class='ocr_par' dir='ltr' id='par_1_63' title="bbox 198 5750 1796 5827">
     <span class='ocr_line' id='line_1_63' title="bbox 198 5750 1796 5827; baseline 0.005 -23"><span class='ocrx_word' id='word_1_491' title='bbox 198 5769 344 5812; x_wconf 79' lang='grc' dir='ltr'>νοια,</span> <span class='ocrx_word' id='word_1_492' title='bbox 370 5752 577 5819; x_wconf 78' lang='grc' dir='ltr'>ἀφατος</span> <span class='ocrx_word' id='word_1_493' title='bbox 601 5753 637 5821; x_wconf 87' lang='grc' dir='ltr'>ή</span> <span class='ocrx_word' id='word_1_494' title='bbox 679 5750 997 5822; x_wconf 83' lang='grc' dir='ltr'>κηδεμονία.</span> <span class='ocrx_word' id='word_1_495' title='bbox 1029 5755 1120 5805; x_wconf 84' lang='grc' dir='ltr'>Διὸ</span> <span class='ocrx_word' id='word_1_496' title='bbox 1148 5755 1388 5807; x_wconf 86' lang='grc' dir='ltr'>κάκεῖνοι</span> <span class='ocrx_word' id='word_1_497' title='bbox 1417 5755 1671 5827; x_wconf 74' lang='grc' dir='ltr'>αἴσθησιν</span> <span class='ocrx_word' id='word_1_498' title='bbox 1699 5759 1796 5812; x_wconf 81' lang='grc' dir='ltr'>λα-</span> 
     </span>
    </p>
   </div>
   <div class='ocr_carea' id='block_1_64' title="bbox 198 5834 1763 5911">
    <p class='ocr_par' dir='ltr' id='par_1_64' title="bbox 198 5834 1763 5911">
     <span class='ocr_line' id='line_1_64' title="bbox 198 5834 1763 5911; baseline 0.005 -24"><span class='ocrx_word' id='word_1_499' title='bbox 198 5835 393 5896; x_wconf 71' lang='grc' dir='ltr'>ϐάντες</span> <span class='ocrx_word' id='word_1_500' title='bbox 417 5834 517 5901; x_wconf 84' lang='grc' dir='ltr'>τῆς</span> <span class='ocrx_word' id='word_1_501' title='bbox 545 5834 890 5902; x_wconf 85' lang='grc' dir='ltr'>εὐεργεσίας,</span> <span class='ocrx_word' id='word_1_502' title='bbox 920 5838 1052 5903; x_wconf 85' lang='grc' dir='ltr'>φασί</span> <span class='ocrx_word' id='word_1_503' title='bbox 1073 5852 1085 5865; x_wconf 87' lang='grc'><strong>·</strong></span> <span class='ocrx_word' id='word_1_504' title='bbox 1120 5838 1400 5904; x_wconf 75' lang='grc' dir='ltr'>Σέσωκας</span> <span class='ocrx_word' id='word_1_505' title='bbox 1422 5839 1602 5909; x_wconf 73' lang='grc' dir='ltr'>ἡμᾶς,</span> <span class='ocrx_word' id='word_1_506' title='bbox 1622 5843 1763 5911; x_wconf 73' lang='lat' dir='ltr'><strong><em>se&quot;va</em></strong></span> 
     </span>
    </p>
   </div>
   <div class='ocr_carea' id='block_1_65' title="bbox 194 5917 1787 5994">
    <p class='ocr_par' dir='ltr' id='par_1_65' title="bbox 194 5917 1787 5994">
     <span class='ocr_line' id='line_1_65' title="bbox 194 5917 1787 5994; baseline 0.007 -23"><span class='ocrx_word' id='word_1_507' title='bbox 194 5935 317 5987; x_wconf 74' lang='grc' dir='ltr'>μεν</span> <span class='ocrx_word' id='word_1_508' title='bbox 352 5918 532 5987; x_wconf 77' lang='grc' dir='ltr'>χάριν</span> <span class='ocrx_word' id='word_1_509' title='bbox 566 5917 848 5973; x_wconf 76' lang='grc' dir='ltr'>ἐναντίον</span> <span class='ocrx_word' id='word_1_510' title='bbox 895 5920 998 5976; x_wconf 78' lang='grc' dir='ltr'>τοῦ</span> <span class='ocrx_word' id='word_1_511' title='bbox 1033 5923 1242 5992; x_wconf 83' lang='grc' dir='ltr'>κυρίου</span> <span class='ocrx_word' id='word_1_512' title='bbox 1282 5923 1476 5994; x_wconf 70' lang='grc' dir='ltr'>ἡμῶνο</span> <span class='ocrx_word' id='word_1_513' title='bbox 1525 5926 1625 5981; x_wconf 80' lang='grc' dir='ltr'>καί</span> <span class='ocrx_word' id='word_1_514' title='bbox 1653 5927 1787 5981; x_wconf 86' lang='grc' dir='ltr'>ἐσό-</span> 
     </span>
    </p>
   </div>
   <div class='ocr_carea' id='block_1_66' title="bbox 266 6042 856 6108">
    <p class='ocr_par' dir='ltr' id='par_1_66' title="bbox 266 6042 856 6108">
     <span class='ocr_line' id='line_1_66' title="bbox 266 6042 856 6108; baseline 0.003 -17"><span class='ocrx_word' id='word_1_515' title='bbox 266 6042 293 6072; x_wconf 83' lang='grc'><strong><em>⁸</em></strong></span> <span class='ocrx_word' id='word_1_516' title='bbox 321 6042 445 6094; x_wconf 75' lang='lat' dir='ltr'>LXX</span> <span class='ocrx_word' id='word_1_517' title='bbox 470 6043 649 6093; x_wconf 72' lang='lat' dir='ltr'>addunt</span> <span class='ocrx_word' id='word_1_518' title='bbox 673 6045 856 6108; x_wconf 81' lang='grc' dir='ltr'>ἄρτους.</span> 
     </span>
    </p>
   </div>
   <div class='ocr_carea' id='block_1_67' title="bbox 1258 437 2521 503">
    <p class='ocr_par' dir='ltr' id='par_1_67' title="bbox 1258 437 2521 503">
     <span class='ocr_line' id='line_1_67' title="bbox 1258 437 2521 503; baseline -0.004 -2"><span class='ocrx_word' id='word_1_519' title='bbox 1258 444 1328 501; x_wconf 71' lang='lat' dir='ltr'>IN</span> <span class='ocrx_word' id='word_1_520' title='bbox 1366 444 1520 503; x_wconf 78' lang='lat' dir='ltr'>CAP.</span> <span class='ocrx_word' id='word_1_521' title='bbox 1560 439 1748 499; x_wconf 78' lang='lat' dir='ltr'>XLV“</span> <span class='ocrx_word' id='word_1_522' title='bbox 1790 437 2040 496; x_wconf 79' lang='lat' dir='ltr'>GENES.</span> <span class='ocrx_word' id='word_1_523' title='bbox 2082 438 2316 496; x_wconf 80' lang='lat' dir='ltr'>HOMIL.</span> <span class='ocrx_word' id='word_1_524' title='bbox 2357 438 2521 496; x_wconf 72' lang='lat' dir='ltr'>LXV.</span> 
     </span>
    </p>
   </div>
   <div class='ocr_carea' id='block_1_68' title="bbox 1947 550 3534 626">
    <p class='ocr_par' dir='ltr' id='par_1_68' title="bbox 1947 550 3534 626">
     <span class='ocr_line' id='line_1_68' title="bbox 1947 550 3534 626; baseline -0.008 -14"><span class='ocrx_word' id='word_1_525' title='bbox 1947 560 2102 626; x_wconf 87' lang='grc' dir='ltr'>μεθα</span> <span class='ocrx_word' id='word_1_526' title='bbox 2147 558 2356 626; x_wconf 81' lang='grc' dir='ltr'>παῖδες</span> <span class='ocrx_word' id='word_1_527' title='bbox 2379 557 2459 625; x_wconf 86' lang='grc' dir='ltr'>τῷ</span> <span class='ocrx_word' id='word_1_528' title='bbox 2488 558 2717 626; x_wconf 79' lang='grc' dir='ltr'>Φαραώ.</span> <span class='ocrx_word' id='word_1_529' title='bbox 2751 550 2903 619; x_wconf 81' lang='grc' dir='ltr'>Εἶδες</span> <span class='ocrx_word' id='word_1_530' title='bbox 2938 551 3278 624; x_wconf 85' lang='grc' dir='ltr'>φιλοτιμίαν;</span> <span class='ocrx_word' id='word_1_531' title='bbox 3315 550 3534 619; x_wconf 78' lang='grc' dir='ltr'>Ἐπειδὴ</span> 
     </span>
    </p>
   </div>
   <div class='ocr_carea' id='block_1_69' title="bbox 1950 633 3534 712">
    <p class='ocr_par' dir='ltr' id='par_1_69' title="bbox 1950 633 3534 712">
     <span class='ocr_line' id='line_1_69' title="bbox 1950 633 3534 712; baseline 0.004 -20"><span class='ocrx_word' id='word_1_532' title='bbox 1950 639 2098 711; x_wconf 82' lang='grc' dir='ltr'>ἐώρα</span> <span class='ocrx_word' id='word_1_533' title='bbox 2118 641 2316 705; x_wconf 82' lang='grc' dir='ltr'>αὐτοὺς</span> <span class='ocrx_word' id='word_1_534' title='bbox 2344 640 2844 712; x_wconf 83' lang='grc' dir='ltr'>κατειργασμένους</span> <span class='ocrx_word' id='word_1_535' title='bbox 2869 638 2973 692; x_wconf 85' lang='grc' dir='ltr'>ὑπὸ</span> <span class='ocrx_word' id='word_1_536' title='bbox 3009 637 3110 709; x_wconf 80' lang='grc' dir='ltr'>τῆς</span> <span class='ocrx_word' id='word_1_537' title='bbox 3139 634 3364 698; x_wconf 69' lang='grc' dir='ltr'>ἐνδείας,</span> <span class='ocrx_word' id='word_1_538' title='bbox 3394 633 3534 700; x_wconf 86' lang='grc' dir='ltr'>λογι-</span> 
     </span>
    </p>
   </div>
   <div class='ocr_carea' id='block_1_70' title="bbox 1949 720 3533 796">
    <p class='ocr_par' dir='ltr' id='par_1_70' title="bbox 1949 720 3533 796">
     <span class='ocr_line' id='line_1_70' title="bbox 1949 720 3533 796; baseline -0.006 -18"><span class='ocrx_word' id='word_1_539' title='bbox 1949 722 2176 794; x_wconf 80' lang='grc' dir='ltr'>ζόμενος</span> <span class='ocrx_word' id='word_1_540' title='bbox 2224 726 2349 779; x_wconf 85' lang='grc' dir='ltr'>ὅσον</span> <span class='ocrx_word' id='word_1_541' title='bbox 2410 725 2694 796; x_wconf 83' lang='grc' dir='ltr'>μέλλουσιν</span> <span class='ocrx_word' id='word_1_542' title='bbox 2725 721 3016 793; x_wconf 86' lang='grc' dir='ltr'>ὑπομένειν</span> <span class='ocrx_word' id='word_1_543' title='bbox 3061 720 3307 790; x_wconf 89' lang='grc' dir='ltr'>κάματον</span> <span class='ocrx_word' id='word_1_544' title='bbox 3356 733 3533 788; x_wconf 86' lang='grc' dir='ltr'>γεωρ-</span> 
     </span>
    </p>
   </div>
   <div class='ocr_carea' id='block_1_71' title="bbox 1947 799 3531 881">
    <p class='ocr_par' dir='ltr' id='par_1_71' title="bbox 1947 799 3531 881">
     <span class='ocr_line' id='line_1_71' title="bbox 1947 799 3531 881; baseline -0.007 -20"><span class='ocrx_word' id='word_1_545' title='bbox 1947 808 2171 874; x_wconf 81' lang='grc' dir='ltr'>γοῦντες</span> <span class='ocrx_word' id='word_1_546' title='bbox 2195 810 2288 862; x_wconf 88' lang='lat' dir='ltr'><strong><em>zeal</em></strong></span> <span class='ocrx_word' id='word_1_547' title='bbox 2313 807 2840 881; x_wconf 84' lang='grc' dir='ltr'>ταλαιπωρούμενοι,</span> <span class='ocrx_word' id='word_1_548' title='bbox 2873 807 3005 875; x_wconf 87' lang='grc' dir='ltr'>φησί</span> <span class='ocrx_word' id='word_1_549' title='bbox 3030 819 3043 831; x_wconf 88' lang='grc'><strong>·</strong></span> <span class='ocrx_word' id='word_1_550' title='bbox 3071 803 3144 856; x_wconf 87' lang='grc' dir='ltr'>Τὸ</span> <span class='ocrx_word' id='word_1_551' title='bbox 3181 801 3278 873; x_wconf 83' lang='grc' dir='ltr'>μὲν</span> <span class='ocrx_word' id='word_1_552' title='bbox 3308 799 3531 870; x_wconf 87' lang='grc' dir='ltr'>σπέρμα</span> 
     </span>
    </p>
   </div>
   <div class='ocr_carea' id='block_1_72' title="bbox 1948 885 3530 964">
    <p class='ocr_par' dir='ltr' id='par_1_72' title="bbox 1948 885 3530 964">
     <span class='ocr_line' id='line_1_72' title="bbox 1948 885 3530 964; baseline -0.005 -20"><span class='ocrx_word' id='word_1_553' title='bbox 1948 891 2075 960; x_wconf 87' lang='grc' dir='ltr'>ὑμῖν</span> <span class='ocrx_word' id='word_1_554' title='bbox 2126 890 2237 960; x_wconf 85' lang='grc' dir='ltr'>ἐγὼ</span> <span class='ocrx_word' id='word_1_555' title='bbox 2294 894 2609 964; x_wconf 83' lang='grc' dir='ltr'>χορηγήσω,</span> <span class='ocrx_word' id='word_1_556' title='bbox 2656 891 2817 962; x_wconf 87' lang='grc' dir='ltr'>ὑμεῖς</span> <span class='ocrx_word' id='word_1_557' title='bbox 2852 889 2910 942; x_wconf 84' lang='grc' dir='ltr'>δὲ</span> <span class='ocrx_word' id='word_1_558' title='bbox 2945 887 3042 959; x_wconf 83' lang='grc' dir='ltr'>τὴν</span> <span class='ocrx_word' id='word_1_559' title='bbox 3085 885 3401 953; x_wconf 87' lang='grc' dir='ltr'>ἐπιμέλειαν</span> <span class='ocrx_word' id='word_1_560' title='bbox 3428 885 3530 953; x_wconf 77' lang='grc' dir='ltr'>τὴν</span> 
     </span>
    </p>
   </div>
   <div class='ocr_carea' id='block_1_73' title="bbox 1947 966 3530 1044">
    <p class='ocr_par' dir='ltr' id='par_1_73' title="bbox 1947 966 3530 1044">
     <span class='ocr_line' id='line_1_73' title="bbox 1947 966 3530 1044; baseline -0.006 -17"><span class='ocrx_word' id='word_1_561' title='bbox 1947 973 2111 1044; x_wconf 69' lang='grc' dir='ltr'>ἀλλην</span> <span class='ocrx_word' id='word_1_562' title='bbox 2144 974 2363 1027; x_wconf 74' lang='grc' dir='ltr'>ἃπασαν</span> <span class='ocrx_word' id='word_1_563' title='bbox 2387 972 2783 1027; x_wconf 74' lang='grc' dir='ltr'>ἐπιδείκνυσθε.</span> <span class='ocrx_word' id='word_1_564' title='bbox 2803 972 2914 1025; x_wconf 82' lang='lat' dir='ltr'><strong><em>Kal</em></strong></span> <span class='ocrx_word' id='word_1_565' title='bbox 2943 970 3039 1023; x_wconf 83' lang='grc' dir='ltr'>ἐὰν</span> <span class='ocrx_word' id='word_1_566' title='bbox 3058 970 3282 1039; x_wconf 89' lang='grc' dir='ltr'>γένηται</span> <span class='ocrx_word' id='word_1_567' title='bbox 3310 966 3380 1020; x_wconf 84' lang='grc' dir='ltr'>τά</span> <span class='ocrx_word' id='word_1_568' title='bbox 3406 982 3530 1035; x_wconf 78' lang='grc' dir='ltr'>γενο</span> 
     </span>
    </p>
   </div>
   <div class='ocr_carea' id='block_1_74' title="bbox 1945 1051 3526 1130">
    <p class='ocr_par' dir='ltr' id='par_1_74' title="bbox 1945 1051 3526 1130">
     <span class='ocr_line' id='line_1_74' title="bbox 1945 1051 3526 1130; baseline -0.007 -17"><span class='ocrx_word' id='word_1_569' title='bbox 1945 1061 2182 1129; x_wconf 83' lang='grc' dir='ltr'>νήματα,</span> <span class='ocrx_word' id='word_1_570' title='bbox 2213 1058 2415 1112; x_wconf 86' lang='grc' dir='ltr'>δώσετε</span> <span class='ocrx_word' id='word_1_571' title='bbox 2443 1060 2609 1130; x_wconf 87' lang='grc' dir='ltr'>μέρος</span> <span class='ocrx_word' id='word_1_572' title='bbox 2634 1058 2693 1111; x_wconf 78' lang='grc' dir='ltr'>ἓν</span> <span class='ocrx_word' id='word_1_573' title='bbox 2714 1073 2730 1089; x_wconf 76' lang='grc' dir='ltr'>ο</span> <span class='ocrx_word' id='word_1_574' title='bbox 2764 1056 2833 1110; x_wconf 84' lang='grc' dir='ltr'>τὰ</span> <span class='ocrx_word' id='word_1_575' title='bbox 2861 1056 2918 1109; x_wconf 81' lang='grc' dir='ltr'>δὲ</span> <span class='ocrx_word' id='word_1_576' title='bbox 2936 1055 3178 1125; x_wconf 89' lang='grc' dir='ltr'>τέσσαρα</span> <span class='ocrx_word' id='word_1_577' title='bbox 3202 1054 3329 1123; x_wconf 80' lang='grc' dir='ltr'>ὑμῖν</span> <span class='ocrx_word' id='word_1_578' title='bbox 3350 1051 3526 1113; x_wconf 74' lang='grc' dir='ltr'>ἔσται,</span> 
     </span>
    </p>
   </div>
   <div class='ocr_carea' id='block_1_75' title="bbox 1944 1136 3527 1213">
    <p class='ocr_par' dir='ltr' id='par_1_75' title="bbox 1944 1136 3527 1213">
     <span class='ocr_line' id='line_1_75' title="bbox 1944 1136 3527 1213; baseline -0.003 -18"><span class='ocrx_word' id='word_1_579' title='bbox 1944 1143 2037 1195; x_wconf 87' lang='lat' dir='ltr'><strong><em>zeal</em></strong></span> <span class='ocrx_word' id='word_1_580' title='bbox 2072 1142 2266 1213; x_wconf 84' lang='grc' dir='ltr'>μισθὸς</span> <span class='ocrx_word' id='word_1_581' title='bbox 2308 1142 2416 1196; x_wconf 84' lang='grc' dir='ltr'>τῶν</span> <span class='ocrx_word' id='word_1_582' title='bbox 2444 1145 2646 1206; x_wconf 84' lang='grc' dir='ltr'>πόνων,</span> <span class='ocrx_word' id='word_1_583' title='bbox 2686 1142 2781 1196; x_wconf 89' lang='lat' dir='ltr'><strong><em>zeal</em></strong></span> <span class='ocrx_word' id='word_1_584' title='bbox 2827 1140 2962 1210; x_wconf 82' lang='grc' dir='ltr'>πρὸς</span> <span class='ocrx_word' id='word_1_585' title='bbox 2988 1137 3284 1209; x_wconf 86' lang='grc' dir='ltr'>διατροφὴν</span> <span class='ocrx_word' id='word_1_586' title='bbox 3332 1136 3527 1206; x_wconf 84' lang='grc' dir='ltr'>αὐτάρ-</span> 
     </span>
    </p>
   </div>
   <div class='ocr_carea' id='block_1_76' title="bbox 1943 1222 3528 1290">
    <p class='ocr_par' dir='ltr' id='par_1_76' title="bbox 1943 1222 3528 1290">
     <span class='ocr_line' id='line_1_76' title="bbox 1943 1222 3528 1290; baseline -0.004 -10"><span class='ocrx_word' id='word_1_587' title='bbox 1943 1243 2084 1284; x_wconf 90' lang='grc' dir='ltr'>κεια.</span> <span class='ocrx_word' id='word_1_588' title='bbox 2120 1228 2228 1281; x_wconf 80' lang='lat' dir='ltr'><strong><em>Kal</em></strong></span> <span class='ocrx_word' id='word_1_589' title='bbox 2274 1228 2451 1282; x_wconf 89' lang='grc' dir='ltr'>τοῦτο</span> <span class='ocrx_word' id='word_1_590' title='bbox 2504 1226 2574 1280; x_wconf 80' lang='grc' dir='ltr'>δὲ</span> <span class='ocrx_word' id='word_1_591' title='bbox 2604 1228 2772 1282; x_wconf 75' lang='grc' dir='ltr'>ἔθετο</span> <span class='ocrx_word' id='word_1_592' title='bbox 2830 1223 3036 1290; x_wconf 84' lang='grc' dir='ltr'>αὐτοῖς</span> <span class='ocrx_word' id='word_1_593' title='bbox 3066 1223 3134 1277; x_wconf 85' lang='grc' dir='ltr'>τὸ</span> <span class='ocrx_word' id='word_1_594' title='bbox 3172 1222 3528 1290; x_wconf 70' lang='grc' dir='ltr'>πρόσταγμα</span> 
     </span>
    </p>
   </div>
   <div class='ocr_carea' id='block_1_77' title="bbox 1943 1303 3527 1379">
    <p class='ocr_par' dir='ltr' id='par_1_77' title="bbox 1943 1303 3527 1379">
     <span class='ocr_line' id='line_1_77' title="bbox 1943 1303 3527 1379; baseline 0.001 -16"><span class='ocrx_word' id='word_1_595' title='bbox 1943 1308 2189 1379; x_wconf 73' lang='grc' dir='ltr'>Ἰωσὴφ,</span> <span class='ocrx_word' id='word_1_596' title='bbox 2224 1310 2381 1365; x_wconf 82' lang='grc' dir='ltr'>ὥστε</span> <span class='ocrx_word' id='word_1_597' title='bbox 2398 1309 2836 1379; x_wconf 80' lang='grc' dir='ltr'>ἀποπεμπτοῦν</span> <span class='ocrx_word' id='word_1_598' title='bbox 2856 1306 2939 1374; x_wconf 79' lang='grc' dir='ltr'>τῷ</span> <span class='ocrx_word' id='word_1_599' title='bbox 2958 1305 3188 1376; x_wconf 77' lang='grc' dir='ltr'>Φαραὼ,</span> <span class='ocrx_word' id='word_1_600' title='bbox 3218 1303 3397 1375; x_wconf 80' lang='grc' dir='ltr'>χωρὶς</span> <span class='ocrx_word' id='word_1_601' title='bbox 3414 1303 3527 1372; x_wconf 84' lang='grc' dir='ltr'>τῆς</span> 
     </span>
    </p>
   </div>
   <div class='ocr_carea' id='block_1_78' title="bbox 1940 1392 2673 1464">
    <p class='ocr_par' dir='ltr' id='par_1_78' title="bbox 1940 1392 2673 1464">
     <span class='ocr_line' id='line_1_78' title="bbox 1940 1392 2673 1464; baseline 0.001 -17"><span class='ocrx_word' id='word_1_602' title='bbox 1940 1392 2053 1463; x_wconf 78' lang='grc' dir='ltr'>γῆς</span> <span class='ocrx_word' id='word_1_603' title='bbox 2076 1393 2197 1447; x_wconf 86' lang='grc' dir='ltr'>τῶν</span> <span class='ocrx_word' id='word_1_604' title='bbox 2224 1394 2430 1463; x_wconf 78' lang='grc' dir='ltr'>ίερέων</span> <span class='ocrx_word' id='word_1_605' title='bbox 2454 1397 2673 1464; x_wconf 84' lang='grc' dir='ltr'>μόνης.</span> 
     </span>
    </p>
   </div>
   <div class='ocr_carea' id='block_1_79' title="bbox 2022 1468 3522 1549">
    <p class='ocr_par' dir='ltr' id='par_1_79' title="bbox 2022 1468 3522 1549">
     <span class='ocr_line' id='line_1_79' title="bbox 2022 1468 3522 1549; baseline -0.005 -18"><span class='ocrx_word' id='word_1_606' title='bbox 2022 1478 2393 1532; x_wconf 79' lang='grc' dir='ltr'>Ἀκουέτωσαν</span> <span class='ocrx_word' id='word_1_607' title='bbox 2430 1481 2480 1533; x_wconf 90' lang='grc' dir='ltr'>οί</span> <span class='ocrx_word' id='word_1_608' title='bbox 2514 1478 2631 1545; x_wconf 85' lang='grc' dir='ltr'>νῦν,</span> <span class='ocrx_word' id='word_1_609' title='bbox 2653 1479 2787 1549; x_wconf 85' lang='grc' dir='ltr'>ὅσην</span> <span class='ocrx_word' id='word_1_610' title='bbox 2824 1479 2938 1541; x_wconf 83' lang='grc' dir='ltr'>τοῖς</span> <span class='ocrx_word' id='word_1_611' title='bbox 2982 1473 3188 1547; x_wconf 76' lang='grc' dir='ltr'>ἱερεῦσι</span> <span class='ocrx_word' id='word_1_612' title='bbox 3230 1471 3340 1526; x_wconf 82' lang='grc' dir='ltr'>τῶν</span> <span class='ocrx_word' id='word_1_613' title='bbox 3368 1468 3522 1525; x_wconf 76' lang='grc' dir='ltr'>εἰδώ-</span> 
     </span>
    </p>
   </div>
   <div class='ocr_carea' id='block_1_80' title="bbox 1938 1555 3529 1636">
    <p class='ocr_par' dir='ltr' id='par_1_80' title="bbox 1938 1555 3529 1636">
     <span class='ocr_line' id='line_1_80' title="bbox 1938 1555 3529 1636; baseline -0.004 -22"><span class='ocrx_word' id='word_1_614' title='bbox 1938 1560 2046 1615; x_wconf 89' lang='grc' dir='ltr'>λων</span> <span class='ocrx_word' id='word_1_615' title='bbox 2061 1563 2361 1634; x_wconf 84' lang='grc' dir='ltr'>προνομίαν</span> <span class='ocrx_word' id='word_1_616' title='bbox 2387 1566 2649 1636; x_wconf 76' lang='grc' dir='ltr'>παρεῖχον</span> <span class='ocrx_word' id='word_1_617' title='bbox 2673 1562 2735 1617; x_wconf 85' lang='grc' dir='ltr'>τὸ</span> <span class='ocrx_word' id='word_1_618' title='bbox 2757 1560 2986 1616; x_wconf 89' lang='grc' dir='ltr'>παλαιόν</span> <span class='ocrx_word' id='word_1_619' title='bbox 3000 1576 3014 1592; x_wconf 74' lang='grc' dir='ltr'><strong>ο</strong></span> <span class='ocrx_word' id='word_1_620' title='bbox 3051 1559 3147 1613; x_wconf 91' lang='lat' dir='ltr'><strong><em>zeal</em></strong></span> <span class='ocrx_word' id='word_1_621' title='bbox 3168 1555 3529 1611; x_wconf 85' lang='grc' dir='ltr'>παιδευέσθω-</span> 
     </span>
    </p>
   </div>
   <div class='ocr_carea' id='block_1_81' title="bbox 1940 1638 3522 1719">
    <p class='ocr_par' dir='ltr' id='par_1_81' title="bbox 1940 1638 3522 1719">
     <span class='ocr_line' id='line_1_81' title="bbox 1940 1638 3522 1719; baseline -0.005 -20"><span class='ocrx_word' id='word_1_622' title='bbox 1940 1664 2040 1700; x_wconf 87' lang='grc' dir='ltr'>σαν</span> <span class='ocrx_word' id='word_1_623' title='bbox 2067 1646 2170 1702; x_wconf 79' lang='grc' dir='ltr'>κᾶν</span> <span class='ocrx_word' id='word_1_624' title='bbox 2220 1648 2352 1717; x_wconf 87' lang='grc' dir='ltr'>γοῦν</span> <span class='ocrx_word' id='word_1_625' title='bbox 2377 1650 2476 1719; x_wconf 83' lang='grc' dir='ltr'>τὴν</span> <span class='ocrx_word' id='word_1_626' title='bbox 2510 1649 2633 1719; x_wconf 83' lang='grc' dir='ltr'>ῐσην</span> <span class='ocrx_word' id='word_1_627' title='bbox 2667 1646 2931 1718; x_wconf 88' lang='grc' dir='ltr'>παρέχειν</span> <span class='ocrx_word' id='word_1_628' title='bbox 2967 1643 3134 1715; x_wconf 78' lang='grc' dir='ltr'>τιμὴν</span> <span class='ocrx_word' id='word_1_629' title='bbox 3150 1644 3263 1705; x_wconf 86' lang='grc' dir='ltr'>τοῖς</span> <span class='ocrx_word' id='word_1_630' title='bbox 3291 1639 3386 1694; x_wconf 86' lang='grc' dir='ltr'>τοῦ</span> <span class='ocrx_word' id='word_1_631' title='bbox 3415 1638 3522 1692; x_wconf 84' lang='grc' dir='ltr'>τῶν</span> 
     </span>
    </p>
   </div>
   <div class='ocr_carea' id='block_1_82' title="bbox 1936 1722 3521 1804">
    <p class='ocr_par' dir='ltr' id='par_1_82' title="bbox 1936 1722 3521 1804">
     <span class='ocr_line' id='line_1_82' title="bbox 1936 1722 3521 1804; baseline -0.007 -19"><span class='ocrx_word' id='word_1_632' title='bbox 1936 1730 2072 1785; x_wconf 83' lang='grc' dir='ltr'>ὅλων</span> <span class='ocrx_word' id='word_1_633' title='bbox 2088 1730 2224 1786; x_wconf 87' lang='grc' dir='ltr'>Θεοῦ</span> <span class='ocrx_word' id='word_1_634' title='bbox 2240 1732 2338 1803; x_wconf 83' lang='grc' dir='ltr'>τήν</span> <span class='ocrx_word' id='word_1_635' title='bbox 2355 1731 2698 1804; x_wconf 84' lang='grc' dir='ltr'>λειτουργίαν</span> <span class='ocrx_word' id='word_1_636' title='bbox 2723 1728 3245 1801; x_wconf 86' lang='grc' dir='ltr'>ἐγκεχειρισμένοις.</span> <span class='ocrx_word' id='word_1_637' title='bbox 3265 1725 3329 1777; x_wconf 85' lang='grc' dir='ltr'><strong>Εἰ</strong></span> <span class='ocrx_word' id='word_1_638' title='bbox 3359 1722 3521 1793; x_wconf 65' lang='grc' dir='ltr'>γάρδ</span> 
     </span>
    </p>
   </div>
   <div class='ocr_carea' id='block_1_83' title="bbox 1937 1805 3523 1887">
    <p class='ocr_par' dir='ltr' id='par_1_83' title="bbox 1937 1805 3523 1887">
     <span class='ocr_line' id='line_1_83' title="bbox 1937 1805 3523 1887; baseline -0.008 -18"><span class='ocrx_word' id='word_1_639' title='bbox 1937 1816 2132 1869; x_wconf 81' lang='grc' dir='ltr'>ἐκεῖνοι</span> <span class='ocrx_word' id='word_1_640' title='bbox 2166 1815 2529 1887; x_wconf 84' lang='grc' dir='ltr'>πλανώμενοι,</span> <span class='ocrx_word' id='word_1_641' title='bbox 2562 1816 2658 1870; x_wconf 89' lang='lat' dir='ltr'><strong><em>zeal</em></strong></span> <span class='ocrx_word' id='word_1_642' title='bbox 2709 1815 2808 1886; x_wconf 86' lang='grc' dir='ltr'>τὴν</span> <span class='ocrx_word' id='word_1_643' title='bbox 2844 1813 2974 1884; x_wconf 77' lang='grc' dir='ltr'>περὶ</span> <span class='ocrx_word' id='word_1_644' title='bbox 3012 1810 3081 1864; x_wconf 74' lang='grc' dir='ltr'>τά</span> <span class='ocrx_word' id='word_1_645' title='bbox 3129 1806 3323 1862; x_wconf 78' lang='grc' dir='ltr'>εἴδωλα</span> <span class='ocrx_word' id='word_1_646' title='bbox 3359 1805 3523 1875; x_wconf 89' lang='grc' dir='ltr'>θερα-</span> 
     </span>
    </p>
   </div>
   <div class='ocr_carea' id='block_1_84' title="bbox 1936 1890 3520 1972">
    <p class='ocr_par' dir='ltr' id='par_1_84' title="bbox 1936 1890 3520 1972">
     <span class='ocr_line' id='line_1_84' title="bbox 1936 1890 3520 1972; baseline -0.008 -19"><span class='ocrx_word' id='word_1_647' title='bbox 1936 1901 2098 1955; x_wconf 90' lang='grc' dir='ltr'>πείαν</span> <span class='ocrx_word' id='word_1_648' title='bbox 2123 1899 2575 1972; x_wconf 84' lang='grc' dir='ltr'>ἐπιδεικνύμενοι,</span> <span class='ocrx_word' id='word_1_649' title='bbox 2610 1901 2693 1954; x_wconf 83' lang='grc' dir='ltr'>ὅτι</span> <span class='ocrx_word' id='word_1_650' title='bbox 2731 1898 2981 1970; x_wconf 77' lang='grc' dir='ltr'>ἐνόμιζον</span> <span class='ocrx_word' id='word_1_651' title='bbox 3018 1895 3109 1949; x_wconf 85' lang='grc' dir='ltr'>διὰ</span> <span class='ocrx_word' id='word_1_652' title='bbox 3144 1891 3335 1946; x_wconf 88' lang='grc' dir='ltr'>τούτου</span> <span class='ocrx_word' id='word_1_653' title='bbox 3366 1890 3520 1960; x_wconf 87' lang='grc' dir='ltr'>μάλι-</span> 
     </span>
    </p>
   </div>
   <div class='ocr_carea' id='block_1_85' title="bbox 1938 1974 3516 2055">
    <p class='ocr_par' dir='ltr' id='par_1_85' title="bbox 1938 1974 3516 2055">
     <span class='ocr_line' id='line_1_85' title="bbox 1938 1974 3516 2055; baseline -0.006 -20"><span class='ocrx_word' id='word_1_654' title='bbox 1938 2001 2039 2037; x_wconf 85' lang='grc' dir='ltr'>στα</span> <span class='ocrx_word' id='word_1_655' title='bbox 2074 1983 2295 2037; x_wconf 87' lang='grc' dir='ltr'>πλείονα</span> <span class='ocrx_word' id='word_1_656' title='bbox 2329 1984 2428 2054; x_wconf 83' lang='grc' dir='ltr'>τὴν</span> <span class='ocrx_word' id='word_1_657' title='bbox 2475 1983 2712 2055; x_wconf 80' lang='grc' dir='ltr'>ἀμοιϐὴν</span> <span class='ocrx_word' id='word_1_658' title='bbox 2749 1982 3049 2051; x_wconf 82' lang='grc' dir='ltr'>ἀπονέμειν</span> <span class='ocrx_word' id='word_1_659' title='bbox 3092 1981 3205 2040; x_wconf 85' lang='grc' dir='ltr'>τοῖς</span> <span class='ocrx_word' id='word_1_660' title='bbox 3258 1974 3516 2035; x_wconf 89' lang='grc' dir='ltr'>εἰδώλοις,</span> 
     </span>
    </p>
   </div>
   <div class='ocr_carea' id='block_1_86' title="bbox 1934 2057 3519 2138">
    <p class='ocr_par' dir='ltr' id='par_1_86' title="bbox 1934 2057 3519 2138">
     <span class='ocr_line' id='line_1_86' title="bbox 1934 2057 3519 2138; baseline -0.006 -19"><span class='ocrx_word' id='word_1_661' title='bbox 1934 2067 2201 2137; x_wconf 84' lang='grc' dir='ltr'>τοσαύτης</span> <span class='ocrx_word' id='word_1_662' title='bbox 2250 2066 2435 2136; x_wconf 70' lang='grc' dir='ltr'>ἠξίουν</span> <span class='ocrx_word' id='word_1_663' title='bbox 2459 2068 2622 2138; x_wconf 81' lang='grc' dir='ltr'>τιμῆς</span> <span class='ocrx_word' id='word_1_664' title='bbox 2643 2068 2767 2129; x_wconf 81' lang='grc' dir='ltr'>τοὺς</span> <span class='ocrx_word' id='word_1_665' title='bbox 2790 2065 2993 2118; x_wconf 87' lang='grc' dir='ltr'>τούτων</span> <span class='ocrx_word' id='word_1_666' title='bbox 3022 2059 3384 2133; x_wconf 81' lang='grc' dir='ltr'>θεραπευτάς,</span> <span class='ocrx_word' id='word_1_667' title='bbox 3418 2057 3519 2109; x_wconf 87' lang='grc' dir='ltr'>πό-</span> 
     </span>
    </p>
   </div>
   <div class='ocr_carea' id='block_1_87' title="bbox 1934 2141 3519 2220">
    <p class='ocr_par' dir='ltr' id='par_1_87' title="bbox 1934 2141 3519 2220">
     <span class='ocr_line' id='line_1_87' title="bbox 1934 2141 3519 2220; baseline -0.009 -16"><span class='ocrx_word' id='word_1_668' title='bbox 1934 2166 2035 2220; x_wconf 81' lang='grc' dir='ltr'>σης</span> <span class='ocrx_word' id='word_1_669' title='bbox 2060 2151 2160 2203; x_wconf 87' lang='grc' dir='ltr'>οὐκ</span> <span class='ocrx_word' id='word_1_670' title='bbox 2205 2149 2271 2203; x_wconf 82' lang='grc' dir='ltr'>ἂν</span> <span class='ocrx_word' id='word_1_671' title='bbox 2322 2146 2432 2203; x_wconf 75' lang='grc' dir='ltr'>εἷεν</span> <span class='ocrx_word' id='word_1_672' title='bbox 2472 2148 2869 2218; x_wconf 75' lang='grc' dir='ltr'>καταγνώσεως</span> <span class='ocrx_word' id='word_1_673' title='bbox 2907 2147 3046 2212; x_wconf 78' lang='grc' dir='ltr'>ἄξιοι</span> <span class='ocrx_word' id='word_1_674' title='bbox 3096 2146 3143 2197; x_wconf 87' lang='grc' dir='ltr'>οί</span> <span class='ocrx_word' id='word_1_675' title='bbox 3193 2142 3286 2197; x_wconf 88' lang='grc' dir='ltr'>νῦν</span> <span class='ocrx_word' id='word_1_676' title='bbox 3311 2141 3412 2212; x_wconf 74' lang='grc' dir='ltr'>τὴν</span> <span class='ocrx_word' id='word_1_677' title='bbox 3440 2142 3519 2201; x_wconf 81' lang='grc' dir='ltr'>εἰς</span> 
     </span>
    </p>
   </div>
   <div class='ocr_carea' id='block_1_88' title="bbox 1931 2224 3517 2306">
    <p class='ocr_par' dir='ltr' id='par_1_88' title="bbox 1931 2224 3517 2306">
     <span class='ocr_line' id='line_1_88' title="bbox 1931 2224 3517 2306; baseline -0.008 -20"><span class='ocrx_word' id='word_1_678' title='bbox 1931 2232 2152 2297; x_wconf 85' lang='grc' dir='ltr'>τούτους</span> <span class='ocrx_word' id='word_1_679' title='bbox 2178 2233 2476 2305; x_wconf 85' lang='grc' dir='ltr'>θεραπείαν</span> <span class='ocrx_word' id='word_1_680' title='bbox 2501 2233 3008 2306; x_wconf 87' lang='grc' dir='ltr'>παρατεμνόμενοι;</span> <span class='ocrx_word' id='word_1_681' title='bbox 3036 2230 3109 2283; x_wconf 84' lang='grc' dir='ltr'><strong>Ἦ</strong></span> <span class='ocrx_word' id='word_1_682' title='bbox 3131 2228 3233 2281; x_wconf 89' lang='grc' dir='ltr'>οὐκ</span> <span class='ocrx_word' id='word_1_683' title='bbox 3266 2226 3400 2287; x_wconf 75' lang='grc' dir='ltr'>ἴστε,</span> <span class='ocrx_word' id='word_1_684' title='bbox 3430 2224 3517 2276; x_wconf 83' lang='grc' dir='ltr'>ὅτι</span> 
     </span>
    </p>
   </div>
   <div class='ocr_carea' id='block_1_89' title="bbox 1931 2306 3517 2387">
    <p class='ocr_par' dir='ltr' id='par_1_89' title="bbox 1931 2306 3517 2387">
     <span class='ocr_line' id='line_1_89' title="bbox 1931 2306 3517 2387; baseline -0.006 -17"><span class='ocrx_word' id='word_1_685' title='bbox 1931 2320 2010 2381; x_wconf 89' lang='grc' dir='ltr'>εἰς</span> <span class='ocrx_word' id='word_1_686' title='bbox 2037 2317 2128 2370; x_wconf 78' lang='grc' dir='ltr'>τὸν</span> <span class='ocrx_word' id='word_1_687' title='bbox 2173 2316 2283 2370; x_wconf 84' lang='grc' dir='ltr'>τῶν</span> <span class='ocrx_word' id='word_1_688' title='bbox 2330 2316 2466 2370; x_wconf 83' lang='grc' dir='ltr'>ὅλων</span> <span class='ocrx_word' id='word_1_689' title='bbox 2495 2317 2774 2387; x_wconf 82' lang='grc' dir='ltr'>Δεσπότην</span> <span class='ocrx_word' id='word_1_690' title='bbox 2805 2318 2839 2386; x_wconf 89' lang='grc' dir='ltr'>ή</span> <span class='ocrx_word' id='word_1_691' title='bbox 2897 2314 3031 2385; x_wconf 79' lang='grc' dir='ltr'>τιμὴ</span> <span class='ocrx_word' id='word_1_692' title='bbox 3080 2309 3385 2373; x_wconf 88' lang='grc' dir='ltr'>διαϐαίνει;</span> <span class='ocrx_word' id='word_1_693' title='bbox 3424 2306 3517 2378; x_wconf 78' lang='grc' dir='ltr'>Μὴ</span> 
     </span>
    </p>
   </div>
   <div class='ocr_carea' id='block_1_90' title="bbox 1929 2392 3517 2473">
    <p class='ocr_par' dir='ltr' id='par_1_90' title="bbox 1929 2392 3517 2473">
     <span class='ocr_line' id='line_1_90' title="bbox 1929 2392 3517 2473; baseline -0.007 -19"><span class='ocrx_word' id='word_1_694' title='bbox 1929 2401 2108 2455; x_wconf 87' lang='grc' dir='ltr'>τοίνυν</span> <span class='ocrx_word' id='word_1_695' title='bbox 2126 2400 2261 2473; x_wconf 81' lang='grc' dir='ltr'>πρὸς</span> <span class='ocrx_word' id='word_1_696' title='bbox 2291 2400 2383 2454; x_wconf 83' lang='grc' dir='ltr'>τὸν</span> <span class='ocrx_word' id='word_1_697' title='bbox 2412 2402 2512 2472; x_wconf 81' lang='grc' dir='ltr'>τήν</span> <span class='ocrx_word' id='word_1_698' title='bbox 2539 2400 2703 2473; x_wconf 81' lang='grc' dir='ltr'>τιμὴν</span> <span class='ocrx_word' id='word_1_699' title='bbox 2735 2399 3023 2470; x_wconf 76' lang='grc' dir='ltr'>δεχόμενον</span> <span class='ocrx_word' id='word_1_700' title='bbox 3056 2396 3258 2468; x_wconf 78' lang='grc' dir='ltr'>ἀφόρα.</span> <span class='ocrx_word' id='word_1_701' title='bbox 3298 2393 3373 2445; x_wconf 86' lang='grc' dir='ltr'>υὺ</span> <span class='ocrx_word' id='word_1_702' title='bbox 3406 2392 3517 2460; x_wconf 85' lang='grc' dir='ltr'>γάρ</span> 
     </span>
    </p>
   </div>
   <div class='ocr_carea' id='block_1_91' title="bbox 1929 2475 3515 2554">
    <p class='ocr_par' dir='ltr' id='par_1_91' title="bbox 1929 2475 3515 2554">
     <span class='ocr_line' id='line_1_91' title="bbox 1929 2475 3515 2554; baseline -0.006 -17"><span class='ocrx_word' id='word_1_703' title='bbox 1929 2484 2016 2537; x_wconf 78' lang='grc' dir='ltr'>διὰ</span> <span class='ocrx_word' id='word_1_704' title='bbox 2048 2484 2237 2537; x_wconf 86' lang='grc' dir='ltr'>τοῦτον</span> <span class='ocrx_word' id='word_1_705' title='bbox 2260 2484 2495 2553; x_wconf 84' lang='grc' dir='ltr'>ὀφείλεις</span> <span class='ocrx_word' id='word_1_706' title='bbox 2523 2488 2698 2540; x_wconf 85' lang='grc' dir='ltr'>ποιεῖν</span> <span class='ocrx_word' id='word_1_707' title='bbox 2727 2483 2796 2538; x_wconf 82' lang='grc' dir='ltr'>τά</span> <span class='ocrx_word' id='word_1_708' title='bbox 2826 2483 2977 2554; x_wconf 81' lang='grc' dir='ltr'>παρὰ</span> <span class='ocrx_word' id='word_1_709' title='bbox 3014 2480 3211 2535; x_wconf 78' lang='grc' dir='ltr'>σαυτοῦ</span> <span class='ocrx_word' id='word_1_710' title='bbox 3236 2520 3251 2542; x_wconf 95' lang='grc'>,</span> <span class='ocrx_word' id='word_1_711' title='bbox 3282 2476 3419 2532; x_wconf 81' lang='grc' dir='ltr'>ἀλλά</span> <span class='ocrx_word' id='word_1_712' title='bbox 3445 2475 3515 2528; x_wconf 75' lang='grc' dir='ltr'>δι’</span> 
     </span>
    </p>
   </div>
   <div class='ocr_carea' id='block_1_92' title="bbox 1930 2559 3517 2642">
    <p class='ocr_par' dir='ltr' id='par_1_92' title="bbox 1930 2559 3517 2642">
     <span class='ocr_line' id='line_1_92' title="bbox 1930 2559 3517 2642; baseline 0 -20"><span class='ocrx_word' id='word_1_713' title='bbox 1930 2570 2153 2634; x_wconf 87' lang='grc' dir='ltr'>ἐκεῖνον,</span> <span class='ocrx_word' id='word_1_714' title='bbox 2172 2562 2217 2637; x_wconf 84' lang='grc' dir='ltr'><strong>ᾧ</strong></span> <span class='ocrx_word' id='word_1_715' title='bbox 2248 2571 2481 2642; x_wconf 79' lang='grc' dir='ltr'>ἱερᾶται,</span> <span class='ocrx_word' id='word_1_716' title='bbox 2511 2570 2598 2623; x_wconf 77' lang='grc' dir='ltr'>ἵνα</span> <span class='ocrx_word' id='word_1_717' title='bbox 2628 2568 2725 2624; x_wconf 82' lang='lat' dir='ltr'><strong><em>zeal</em></strong></span> <span class='ocrx_word' id='word_1_718' title='bbox 2752 2568 2885 2641; x_wconf 85' lang='grc' dir='ltr'>παρ’</span> <span class='ocrx_word' id='word_1_719' title='bbox 2917 2567 3128 2622; x_wconf 84' lang='grc' dir='ltr'>ἐκείνου</span> <span class='ocrx_word' id='word_1_720' title='bbox 3161 2565 3260 2627; x_wconf 82' lang='grc' dir='ltr'>τὰς</span> <span class='ocrx_word' id='word_1_721' title='bbox 3282 2559 3517 2632; x_wconf 78' lang='grc' dir='ltr'>ἀμοιϐὰς</span> 
     </span>
    </p>
   </div>
   <div class='ocr_carea' id='block_1_93' title="bbox 1932 2646 3513 2726">
    <p class='ocr_par' dir='ltr' id='par_1_93' title="bbox 1932 2646 3513 2726">
     <span class='ocr_line' id='line_1_93' title="bbox 1932 2646 3513 2726; baseline -0.006 -19"><span class='ocrx_word' id='word_1_722' title='bbox 1932 2655 2069 2725; x_wconf 78' lang='grc' dir='ltr'>μετὰ</span> <span class='ocrx_word' id='word_1_723' title='bbox 2105 2654 2386 2724; x_wconf 76' lang='grc' dir='ltr'>δαψιλείας</span> <span class='ocrx_word' id='word_1_724' title='bbox 2436 2653 2659 2726; x_wconf 79' lang='grc' dir='ltr'>κομίσῃ.</span> <span class='ocrx_word' id='word_1_725' title='bbox 2709 2652 2810 2707; x_wconf 85' lang='grc' dir='ltr'>Διά</span> <span class='ocrx_word' id='word_1_726' title='bbox 2853 2652 3011 2707; x_wconf 89' lang='grc' dir='ltr'>τοῦτο</span> <span class='ocrx_word' id='word_1_727' title='bbox 3058 2652 3154 2705; x_wconf 86' lang='lat' dir='ltr'><strong><em>zeal</em></strong></span> <span class='ocrx_word' id='word_1_728' title='bbox 3181 2649 3367 2717; x_wconf 79' lang='grc' dir='ltr'>ἔλεγεν</span> <span class='ocrx_word' id='word_1_729' title='bbox 3392 2684 3407 2709; x_wconf 92' lang='grc'>,</span> <span class='ocrx_word' id='word_1_730' title='bbox 3449 2646 3513 2698; x_wconf 87' lang='lat'>&#39;0</span> 
     </span>
    </p>
   </div>
   <div class='ocr_carea' id='block_1_94' title="bbox 1927 2728 3516 2807">
    <p class='ocr_par' dir='ltr' id='par_1_94' title="bbox 1927 2728 3516 2807">
     <span class='ocr_line' id='line_1_94' title="bbox 1927 2728 3516 2807; baseline -0.006 -17"><span class='ocrx_word' id='word_1_731' title='bbox 1927 2737 2189 2807; x_wconf 82' lang='grc' dir='ltr'>ποιήσας</span> <span class='ocrx_word' id='word_1_732' title='bbox 2217 2737 2309 2790; x_wconf 74' lang='grc' dir='ltr'>ἐνὶ</span> <span class='ocrx_word' id='word_1_733' title='bbox 2337 2736 2583 2800; x_wconf 89' lang='grc' dir='ltr'>τούτων,</span> <span class='ocrx_word' id='word_1_734' title='bbox 2611 2736 2743 2806; x_wconf 77' lang='grc' dir='ltr'>ἐμοὶ</span> <span class='ocrx_word' id='word_1_735' title='bbox 2773 2736 3056 2805; x_wconf 86' lang='grc' dir='ltr'>ἐποίησε·</span> <span class='ocrx_word' id='word_1_736' title='bbox 3092 2733 3208 2797; x_wconf 84' lang='lat' dir='ltr'><strong><em>zeal,</em></strong></span> <span class='ocrx_word' id='word_1_737' title='bbox 3251 2731 3304 2783; x_wconf 89' lang='grc' dir='ltr'><strong><em>Ὀ</em></strong></span> <span class='ocrx_word' id='word_1_738' title='bbox 3350 2728 3516 2798; x_wconf 86' lang='grc' dir='ltr'>δεχό-</span> 
     </span>
    </p>
   </div>
   <div class='ocr_carea' id='block_1_95' title="bbox 1927 2813 3513 2889">
    <p class='ocr_par' dir='ltr' id='par_1_95' title="bbox 1927 2813 3513 2889">
     <span class='ocr_line' id='line_1_95' title="bbox 1927 2813 3513 2889; baseline -0.008 -14"><span class='ocrx_word' id='word_1_739' title='bbox 1927 2838 2105 2886; x_wconf 64' lang='lat' dir='ltr'>ueroe-</span> <span class='ocrx_word' id='word_1_740' title='bbox 2132 2819 2449 2889; x_wconf 65' lang='grc' dir='ltr'>προφήτην</span> <span class='ocrx_word' id='word_1_741' title='bbox 2498 2821 2585 2885; x_wconf 80' lang='grc' dir='ltr'>είς</span> <span class='ocrx_word' id='word_1_742' title='bbox 2639 2818 2829 2889; x_wconf 76' lang='grc' dir='ltr'>ὄνομα</span> <span class='ocrx_word' id='word_1_743' title='bbox 2886 2816 3238 2886; x_wconf 70' lang='grc' dir='ltr'>προφήτου,</span> <span class='ocrx_word' id='word_1_744' title='bbox 3289 2813 3513 2883; x_wconf 84' lang='grc' dir='ltr'>μισθὸν</span> 
     </span>
    </p>
   </div>
   <div class='ocr_carea' id='block_1_96' title="bbox 1924 2895 3513 2974">
    <p class='ocr_par' dir='ltr' id='par_1_96' title="bbox 1924 2895 3513 2974">
     <span class='ocr_line' id='line_1_96' title="bbox 1924 2895 3513 2974; baseline -0.007 -16"><span class='ocrx_word' id='word_1_745' title='bbox 1924 2904 2236 2974; x_wconf 62' lang='grc' dir='ltr'>προφήτου</span> <span class='ocrx_word' id='word_1_746' title='bbox 2263 2902 2542 2970; x_wconf 62' lang='grc' dir='ltr'>λήψεται.</span> <span class='ocrx_word' id='word_1_747' title='bbox 2580 2901 2672 2973; x_wconf 82' lang='grc' dir='ltr'>Μὴ</span> <span class='ocrx_word' id='word_1_748' title='bbox 2702 2902 2811 2972; x_wconf 83' lang='grc' dir='ltr'>γὰρ</span> <span class='ocrx_word' id='word_1_749' title='bbox 2840 2901 2949 2955; x_wconf 83' lang='grc' dir='ltr'>ἀπὸ</span> <span class='ocrx_word' id='word_1_750' title='bbox 2985 2900 3085 2971; x_wconf 84' lang='grc' dir='ltr'>τῆς</span> <span class='ocrx_word' id='word_1_751' title='bbox 3114 2899 3272 2964; x_wconf 81' lang='grc' dir='ltr'>ἀξίας</span> <span class='ocrx_word' id='word_1_752' title='bbox 3297 2938 3312 2959; x_wconf 93' lang='grc'>,</span> <span class='ocrx_word' id='word_1_753' title='bbox 3341 2896 3374 2966; x_wconf 76' lang='grc' dir='ltr'><strong>ἦ</strong></span> <span class='ocrx_word' id='word_1_754' title='bbox 3404 2895 3513 2949; x_wconf 74' lang='grc' dir='ltr'>ἀπὸ</span> 
     </span>
    </p>
   </div>
   <div class='ocr_carea' id='block_1_97' title="bbox 1924 2980 3510 3059">
    <p class='ocr_par' dir='ltr' id='par_1_97' title="bbox 1924 2980 3510 3059">
     <span class='ocr_line' id='line_1_97' title="bbox 1924 2980 3510 3059; baseline -0.006 -18"><span class='ocrx_word' id='word_1_755' title='bbox 1924 2988 2026 3059; x_wconf 84' lang='grc' dir='ltr'>τῆς</span> <span class='ocrx_word' id='word_1_756' title='bbox 2057 2988 2330 3050; x_wconf 82' lang='grc' dir='ltr'>εὐτελείας</span> <span class='ocrx_word' id='word_1_757' title='bbox 2372 2986 2481 3040; x_wconf 84' lang='grc' dir='ltr'>τῶν</span> <span class='ocrx_word' id='word_1_758' title='bbox 2529 2984 3117 3057; x_wconf 79' lang='grc' dir='ltr'>θεραπευομένωντάς</span> <span class='ocrx_word' id='word_1_759' title='bbox 3162 2980 3396 3053; x_wconf 86' lang='grc' dir='ltr'>ἀμοιϐάς</span> <span class='ocrx_word' id='word_1_760' title='bbox 3429 2996 3510 3031; x_wconf 92' lang='grc' dir='ltr'>σοι</span> 
     </span>
    </p>
   </div>
   <div class='ocr_carea' id='block_1_98' title="bbox 1926 3063 3512 3142">
    <p class='ocr_par' dir='ltr' id='par_1_98' title="bbox 1926 3063 3512 3142">
     <span class='ocr_line' id='line_1_98' title="bbox 1926 3063 3512 3142; baseline -0.004 -18"><span class='ocrx_word' id='word_1_761' title='bbox 1926 3070 2156 3142; x_wconf 84' lang='grc' dir='ltr'>παρέχει</span> <span class='ocrx_word' id='word_1_762' title='bbox 2186 3073 2215 3124; x_wconf 86' lang='grc' dir='ltr'>ὁ</span> <span class='ocrx_word' id='word_1_763' title='bbox 2238 3071 2550 3140; x_wconf 85' lang='grc' dir='ltr'>Δεσπότης;</span> <span class='ocrx_word' id='word_1_764' title='bbox 2621 3067 2755 3121; x_wconf 84' lang='grc' dir='ltr'>Ἀπὸ</span> <span class='ocrx_word' id='word_1_765' title='bbox 2788 3068 2887 3138; x_wconf 77' lang='grc' dir='ltr'>τῆς</span> <span class='ocrx_word' id='word_1_766' title='bbox 2932 3066 3240 3138; x_wconf 87' lang='grc' dir='ltr'>προθυμίας</span> <span class='ocrx_word' id='word_1_767' title='bbox 3270 3063 3371 3133; x_wconf 86' lang='grc' dir='ltr'>τῆς</span> <span class='ocrx_word' id='word_1_768' title='bbox 3412 3065 3512 3127; x_wconf 82' lang='grc' dir='ltr'>σῆς</span> 
     </span>
    </p>
   </div>
   <div class='ocr_carea' id='block_1_99' title="bbox 1924 3146 3511 3227">
    <p class='ocr_par' dir='ltr' id='par_1_99' title="bbox 1924 3146 3511 3227">
     <span class='ocr_line' id='line_1_99' title="bbox 1924 3146 3511 3227; baseline -0.007 -17"><span class='ocrx_word' id='word_1_769' title='bbox 1924 3155 1957 3227; x_wconf 84' lang='grc' dir='ltr'>ἦ</span> <span class='ocrx_word' id='word_1_770' title='bbox 1990 3157 2261 3224; x_wconf 71' lang='grc' dir='ltr'>στεφανοῖ,</span> <span class='ocrx_word' id='word_1_771' title='bbox 2295 3156 2327 3227; x_wconf 81' lang='grc' dir='ltr'><strong>ἢ</strong></span> <span class='ocrx_word' id='word_1_772' title='bbox 2375 3153 2717 3227; x_wconf 74' lang='grc' dir='ltr'>κατακρίνει.</span> <span class='ocrx_word' id='word_1_773' title='bbox 2753 3154 2862 3207; x_wconf 70' lang='grc' dir='ltr'>Καὶ</span> <span class='ocrx_word' id='word_1_774' title='bbox 2913 3151 3103 3222; x_wconf 82' lang='grc' dir='ltr'>ὥσπερ</span> <span class='ocrx_word' id='word_1_775' title='bbox 3136 3154 3169 3221; x_wconf 88' lang='grc' dir='ltr'>ή</span> <span class='ocrx_word' id='word_1_776' title='bbox 3218 3149 3353 3219; x_wconf 87' lang='grc' dir='ltr'>τιμὴ</span> <span class='ocrx_word' id='word_1_777' title='bbox 3382 3148 3414 3218; x_wconf 84' lang='grc' dir='ltr'>ή</span> <span class='ocrx_word' id='word_1_778' title='bbox 3444 3146 3511 3200; x_wconf 83' lang='lat' dir='ltr'>oe‘</span> 
     </span>
    </p>
   </div>
   <div class='ocr_carea' id='block_1_100' title="bbox 1924 3232 3512 3310">
    <p class='ocr_par' dir='ltr' id='par_1_100' title="bbox 1924 3232 3512 3310">
     <span class='ocr_line' id='line_1_100' title="bbox 1924 3232 3512 3310; baseline -0.006 -18"><span class='ocrx_word' id='word_1_779' title='bbox 1924 3240 2103 3292; x_wconf 83' lang='grc' dir='ltr'>αὐτῶν</span> <span class='ocrx_word' id='word_1_780' title='bbox 2123 3240 2382 3310; x_wconf 85' lang='grc' dir='ltr'>γινομένη</span> <span class='ocrx_word' id='word_1_781' title='bbox 2419 3238 2622 3309; x_wconf 82' lang='grc' dir='ltr'>πολλὴν</span> <span class='ocrx_word' id='word_1_782' title='bbox 2649 3238 2904 3309; x_wconf 78' lang='grc' dir='ltr'>προξενεῖ</span> <span class='ocrx_word' id='word_1_783' title='bbox 2931 3235 3027 3308; x_wconf 77' lang='grc' dir='ltr'>τήν</span> <span class='ocrx_word' id='word_1_784' title='bbox 3063 3232 3376 3306; x_wconf 72' lang='grc' dir='ltr'>παρρησίαν</span> <span class='ocrx_word' id='word_1_785' title='bbox 3409 3232 3512 3301; x_wconf 84' lang='grc' dir='ltr'>(οἰ-</span> 
     </span>
    </p>
   </div>
   <div class='ocr_carea' id='block_1_101' title="bbox 1924 3315 3511 3395">
    <p class='ocr_par' dir='ltr' id='par_1_101' title="bbox 1924 3315 3511 3395">
     <span class='ocr_line' id='line_1_101' title="bbox 1924 3315 3511 3395; baseline -0.006 -18"><span class='ocrx_word' id='word_1_786' title='bbox 1924 3323 2165 3377; x_wconf 79' lang='grc' dir='ltr'>κειοῦται</span> <span class='ocrx_word' id='word_1_787' title='bbox 2211 3323 2319 3395; x_wconf 76' lang='grc' dir='ltr'>γάρ</span> <span class='ocrx_word' id='word_1_788' title='bbox 2363 3321 2433 3375; x_wconf 87' lang='grc' dir='ltr'>τά</span> <span class='ocrx_word' id='word_1_789' title='bbox 2472 3324 2553 3387; x_wconf 85' lang='grc' dir='ltr'>εἰς</span> <span class='ocrx_word' id='word_1_790' title='bbox 2604 3323 2733 3386; x_wconf 85' lang='grc' dir='ltr'>τοὺς</span> <span class='ocrx_word' id='word_1_791' title='bbox 2781 3321 2948 3374; x_wconf 88' lang='grc' dir='ltr'>αὐτοῦ</span> <span class='ocrx_word' id='word_1_792' title='bbox 3000 3319 3337 3392; x_wconf 87' lang='grc' dir='ltr'>θεράποντας</span> <span class='ocrx_word' id='word_1_793' title='bbox 3370 3315 3511 3384; x_wconf 87' lang='grc' dir='ltr'>γινό-</span> 
     </span>
    </p>
   </div>
   <div class='ocr_carea' id='block_1_102' title="bbox 1926 3398 3510 3479">
    <p class='ocr_par' dir='ltr' id='par_1_102' title="bbox 1926 3398 3510 3479">
     <span class='ocr_line' id='line_1_102' title="bbox 1926 3398 3510 3479; baseline -0.007 -17"><span class='ocrx_word' id='word_1_794' title='bbox 1926 3407 2118 3479; x_wconf 87' lang='grc' dir='ltr'>μενα),</span> <span class='ocrx_word' id='word_1_795' title='bbox 2166 3406 2311 3461; x_wconf 82' lang='grc' dir='ltr'>οὑτω</span> <span class='ocrx_word' id='word_1_796' title='bbox 2361 3408 2455 3460; x_wconf 80' lang='grc' dir='ltr'>καὶ</span> <span class='ocrx_word' id='word_1_797' title='bbox 2490 3409 2522 3478; x_wconf 85' lang='grc' dir='ltr'>ή</span> <span class='ocrx_word' id='word_1_798' title='bbox 2558 3405 2830 3478; x_wconf 69' lang='grc' dir='ltr'>ὑπεροψία</span> <span class='ocrx_word' id='word_1_799' title='bbox 2877 3406 3018 3477; x_wconf 79' lang='grc' dir='ltr'>ήείς</span> <span class='ocrx_word' id='word_1_800' title='bbox 3057 3403 3281 3466; x_wconf 82' lang='grc' dir='ltr'>τούτους</span> <span class='ocrx_word' id='word_1_801' title='bbox 3309 3398 3510 3469; x_wconf 75' lang='grc' dir='ltr'>πολλὴν</span> 
     </span>
    </p>
   </div>
   <div class='ocr_carea' id='block_1_103' title="bbox 1921 3484 3510 3563">
    <p class='ocr_par' dir='ltr' id='par_1_103' title="bbox 1921 3484 3510 3563">
     <span class='ocr_line' id='line_1_103' title="bbox 1921 3484 3510 3563; baseline 0.001 -18"><span class='ocrx_word' id='word_1_802' title='bbox 1921 3492 2056 3545; x_wconf 80' lang='grc' dir='ltr'>οἴσει</span> <span class='ocrx_word' id='word_1_803' title='bbox 2112 3492 2210 3563; x_wconf 81' lang='grc' dir='ltr'>τὴν</span> <span class='ocrx_word' id='word_1_804' title='bbox 2256 3492 2462 3545; x_wconf 89' lang='grc' dir='ltr'>ἀνωθεν</span> <span class='ocrx_word' id='word_1_805' title='bbox 2489 3492 2668 3562; x_wconf 89' lang='grc' dir='ltr'>δίκην.</span> <span class='ocrx_word' id='word_1_806' title='bbox 2721 3492 2933 3562; x_wconf 87' lang='grc' dir='ltr'>’Ὠσπερ</span> <span class='ocrx_word' id='word_1_807' title='bbox 2967 3488 3075 3560; x_wconf 77' lang='grc' dir='ltr'>γάρ</span> <span class='ocrx_word' id='word_1_808' title='bbox 3114 3489 3184 3542; x_wconf 84' lang='grc' dir='ltr'>τά</span> <span class='ocrx_word' id='word_1_809' title='bbox 3216 3490 3315 3558; x_wconf 84' lang='grc' dir='ltr'>τῆς</span> <span class='ocrx_word' id='word_1_810' title='bbox 3343 3484 3510 3555; x_wconf 78' lang='grc' dir='ltr'>τιμῆς</span> 
     </span>
    </p>
   </div>
   <div class='ocr_carea' id='block_1_104' title="bbox 1920 3571 3509 3646">
    <p class='ocr_par' dir='ltr' id='par_1_104' title="bbox 1920 3571 3509 3646">
     <span class='ocr_line' id='line_1_104' title="bbox 1920 3571 3509 3646; baseline -0.005 -18"><span class='ocrx_word' id='word_1_811' title='bbox 1920 3577 2233 3640; x_wconf 81' lang='grc' dir='ltr'>οἰκειοῦται,</span> <span class='ocrx_word' id='word_1_812' title='bbox 2257 3575 2400 3628; x_wconf 81' lang='grc' dir='ltr'>οὑτω</span> <span class='ocrx_word' id='word_1_813' title='bbox 2446 3576 2541 3629; x_wconf 83' lang='lat' dir='ltr'><strong><em>zeal</em></strong></span> <span class='ocrx_word' id='word_1_814' title='bbox 2568 3574 2639 3628; x_wconf 82' lang='grc' dir='ltr'>τά</span> <span class='ocrx_word' id='word_1_815' title='bbox 2683 3574 2785 3646; x_wconf 82' lang='grc' dir='ltr'>τῆς</span> <span class='ocrx_word' id='word_1_816' title='bbox 2812 3575 3308 3644; x_wconf 77' lang='grc' dir='ltr'>καταφρονήσεωςο</span> <span class='ocrx_word' id='word_1_817' title='bbox 3370 3571 3509 3639; x_wconf 80' lang='grc' dir='ltr'>ὅπερ</span> 
     </span>
    </p>
   </div>
   <div class='ocr_carea' id='block_1_105' title="bbox 1920 3651 3506 3730">
    <p class='ocr_par' dir='ltr' id='par_1_105' title="bbox 1920 3651 3506 3730">
     <span class='ocr_line' id='line_1_105' title="bbox 1920 3651 3506 3730; baseline -0.005 -18"><span class='ocrx_word' id='word_1_818' title='bbox 1920 3660 2141 3723; x_wconf 84' lang='grc' dir='ltr'>εἰδότες,</span> <span class='ocrx_word' id='word_1_819' title='bbox 2181 3658 2451 3730; x_wconf 83' lang='grc' dir='ltr'>μηδέποτε</span> <span class='ocrx_word' id='word_1_820' title='bbox 2490 3658 2786 3728; x_wconf 86' lang='grc' dir='ltr'>ἀμελῶμεν</span> <span class='ocrx_word' id='word_1_821' title='bbox 2816 3657 2914 3727; x_wconf 83' lang='grc' dir='ltr'>τῆς</span> <span class='ocrx_word' id='word_1_822' title='bbox 2948 3655 3245 3727; x_wconf 87' lang='grc' dir='ltr'>θεραπείας</span> <span class='ocrx_word' id='word_1_823' title='bbox 3272 3654 3381 3707; x_wconf 87' lang='grc' dir='ltr'>τῶν</span> <span class='ocrx_word' id='word_1_824' title='bbox 3410 3651 3506 3705; x_wconf 84' lang='grc' dir='ltr'>τοῦ</span> 
     </span>
    </p>
   </div>
   <div class='ocr_carea' id='block_1_106' title="bbox 1919 3736 3506 3814">
    <p class='ocr_par' dir='ltr' id='par_1_106' title="bbox 1919 3736 3506 3814">
     <span class='ocr_line' id='line_1_106' title="bbox 1919 3736 3506 3814; baseline -0.006 -19"><span class='ocrx_word' id='word_1_825' title='bbox 1919 3743 2054 3796; x_wconf 85' lang='grc' dir='ltr'>Θεοῦ</span> <span class='ocrx_word' id='word_1_826' title='bbox 2084 3743 2294 3814; x_wconf 73' lang='grc' dir='ltr'>ἱερέων.</span> <span class='ocrx_word' id='word_1_827' title='bbox 2320 3742 2432 3796; x_wconf 80' lang='grc' dir='ltr'>Καὶ</span> <span class='ocrx_word' id='word_1_828' title='bbox 2452 3741 2629 3795; x_wconf 88' lang='grc' dir='ltr'>ταῦτα</span> <span class='ocrx_word' id='word_1_829' title='bbox 2651 3741 2815 3809; x_wconf 86' lang='grc' dir='ltr'>λέγω,</span> <span class='ocrx_word' id='word_1_830' title='bbox 2847 3740 2968 3810; x_wconf 74' lang='grc' dir='ltr'>οὐχὶ</span> <span class='ocrx_word' id='word_1_831' title='bbox 2994 3739 3219 3793; x_wconf 80' lang='grc' dir='ltr'>ἐκείνων</span> <span class='ocrx_word' id='word_1_832' title='bbox 3250 3736 3506 3790; x_wconf 85' lang='grc' dir='ltr'>τοσοῦτον</span> 
     </span>
    </p>
   </div>
   <div class='ocr_carea' id='block_1_107' title="bbox 1919 3818 3507 3897">
    <p class='ocr_par' dir='ltr' id='par_1_107' title="bbox 1919 3818 3507 3897">
     <span class='ocr_line' id='line_1_107' title="bbox 1919 3818 3507 3897; baseline -0.005 -18"><span class='ocrx_word' id='word_1_833' title='bbox 1919 3825 2296 3897; x_wconf 79' lang='grc' dir='ltr'>ἀντεχόμενος,</span> <span class='ocrx_word' id='word_1_834' title='bbox 2336 3826 2459 3878; x_wconf 84' lang='grc' dir='ltr'>ὅσον</span> <span class='ocrx_word' id='word_1_835' title='bbox 2487 3824 2589 3895; x_wconf 80' lang='grc' dir='ltr'>τῆς</span> <span class='ocrx_word' id='word_1_836' title='bbox 2622 3824 2892 3895; x_wconf 85' lang='grc' dir='ltr'>ὑμετέρας</span> <span class='ocrx_word' id='word_1_837' title='bbox 2922 3822 3165 3891; x_wconf 84' lang='grc' dir='ltr'>ἀγάπης,</span> <span class='ocrx_word' id='word_1_838' title='bbox 3205 3820 3300 3873; x_wconf 87' lang='lat' dir='ltr'><strong><em>zeal</em></strong></span> <span class='ocrx_word' id='word_1_839' title='bbox 3331 3818 3507 3888; x_wconf 76' lang='grc' dir='ltr'>βουλό-</span> 
     </span>
    </p>
   </div>
   <div class='ocr_carea' id='block_1_108' title="bbox 1921 3902 3505 3979">
    <p class='ocr_par' dir='ltr' id='par_1_108' title="bbox 1921 3902 3505 3979">
     <span class='ocr_line' id='line_1_108' title="bbox 1921 3902 3505 3979; baseline -0.006 -17"><span class='ocrx_word' id='word_1_840' title='bbox 1921 3926 2079 3979; x_wconf 90' lang='grc' dir='ltr'>μενος</span> <span class='ocrx_word' id='word_1_841' title='bbox 2113 3908 2257 3978; x_wconf 78' lang='grc' dir='ltr'>ὑμᾶς</span> <span class='ocrx_word' id='word_1_842' title='bbox 2284 3908 2372 3961; x_wconf 76' lang='grc' dir='ltr'>διὰ</span> <span class='ocrx_word' id='word_1_843' title='bbox 2400 3907 2618 3961; x_wconf 88' lang='grc' dir='ltr'>πάντων</span> <span class='ocrx_word' id='word_1_844' title='bbox 2665 3906 2994 3978; x_wconf 88' lang='grc' dir='ltr'>κερδαίνειν.</span> <span class='ocrx_word' id='word_1_845' title='bbox 3028 3905 3091 3956; x_wconf 90' lang='grc' dir='ltr'>Τί</span> <span class='ocrx_word' id='word_1_846' title='bbox 3121 3904 3229 3976; x_wconf 83' lang='grc' dir='ltr'>γάρ</span> <span class='ocrx_word' id='word_1_847' title='bbox 3252 3902 3505 3955; x_wconf 89' lang='grc' dir='ltr'>τοσοῦτον</span> 
     </span>
    </p>
   </div>
   <div class='ocr_carea' id='block_1_109' title="bbox 1916 3985 3503 4063">
    <p class='ocr_par' dir='ltr' id='par_1_109' title="bbox 1916 3985 3503 4063">
     <span class='ocr_line' id='line_1_109' title="bbox 1916 3985 3503 4063; baseline -0.004 -19"><span class='ocrx_word' id='word_1_848' title='bbox 1916 3991 2091 4055; x_wconf 83' lang='grc' dir='ltr'>δίδως,</span> <span class='ocrx_word' id='word_1_849' title='bbox 2142 3993 2266 4045; x_wconf 82' lang='grc' dir='ltr'>ὅσον</span> <span class='ocrx_word' id='word_1_850' title='bbox 2315 3991 2617 4063; x_wconf 84' lang='grc' dir='ltr'>λαμϐάνεις</span> <span class='ocrx_word' id='word_1_851' title='bbox 2652 3990 2805 4063; x_wconf 86' lang='grc' dir='ltr'>παρὰ</span> <span class='ocrx_word' id='word_1_852' title='bbox 2850 3989 2944 4043; x_wconf 91' lang='grc' dir='ltr'>τοῦ</span> <span class='ocrx_word' id='word_1_853' title='bbox 2983 3987 3288 4053; x_wconf 82' lang='grc' dir='ltr'>Δεσπότου;</span> <span class='ocrx_word' id='word_1_854' title='bbox 3327 3985 3503 4054; x_wconf 82' lang='grc' dir='ltr'>πόσην</span> 
     </span>
    </p>
   </div>
   <div class='ocr_carea' id='block_1_110' title="bbox 1917 4069 3503 4148">
    <p class='ocr_par' dir='ltr' id='par_1_110' title="bbox 1917 4069 3503 4148">
     <span class='ocr_line' id='line_1_110' title="bbox 1917 4069 3503 4148; baseline -0.006 -18"><span class='ocrx_word' id='word_1_855' title='bbox 1917 4074 2069 4148; x_wconf 74' lang='grc'>[627]</span> <span class='ocrx_word' id='word_1_856' title='bbox 2097 4074 2394 4147; x_wconf 88' lang='grc' dir='ltr'>θεραπείαν</span> <span class='ocrx_word' id='word_1_857' title='bbox 2417 4075 2693 4144; x_wconf 86' lang='grc' dir='ltr'>είσάγεις;</span> <span class='ocrx_word' id='word_1_858' title='bbox 2731 4074 2869 4128; x_wconf 82' lang='grc' dir='ltr'>Ἀλλ’</span> <span class='ocrx_word' id='word_1_859' title='bbox 2901 4074 3048 4145; x_wconf 84' lang='grc' dir='ltr'>ὅμως</span> <span class='ocrx_word' id='word_1_860' title='bbox 3079 4072 3173 4125; x_wconf 80' lang='lat' dir='ltr'><strong><em>zeal</em></strong></span> <span class='ocrx_word' id='word_1_861' title='bbox 3202 4070 3345 4140; x_wconf 80' lang='grc' dir='ltr'>ὑπὲρ</span> <span class='ocrx_word' id='word_1_862' title='bbox 3368 4069 3503 4122; x_wconf 68' lang='grc' dir='ltr'>ἐκεί.</span> 
     </span>
    </p>
   </div>
   <div class='ocr_carea' id='block_1_111' title="bbox 1914 4156 3504 4231">
    <p class='ocr_par' dir='ltr' id='par_1_111' title="bbox 1914 4156 3504 4231">
     <span class='ocr_line' id='line_1_111' title="bbox 1914 4156 3504 4231; baseline -0.004 -18"><span class='ocrx_word' id='word_1_863' title='bbox 1914 4179 2011 4231; x_wconf 91' lang='grc' dir='ltr'>νης</span> <span class='ocrx_word' id='word_1_864' title='bbox 2062 4160 2161 4230; x_wconf 80' lang='grc' dir='ltr'>τῆς</span> <span class='ocrx_word' id='word_1_865' title='bbox 2204 4159 2456 4224; x_wconf 89' lang='grc' dir='ltr'>εὐτελοῦς</span> <span class='ocrx_word' id='word_1_866' title='bbox 2487 4161 2581 4213; x_wconf 80' lang='grc' dir='ltr'>καὶ</span> <span class='ocrx_word' id='word_1_867' title='bbox 2620 4160 2678 4212; x_wconf 85' lang='grc' dir='ltr'>ἐν</span> <span class='ocrx_word' id='word_1_868' title='bbox 2710 4158 2787 4229; x_wconf 83' lang='grc' dir='ltr'>τῷ</span> <span class='ocrx_word' id='word_1_869' title='bbox 2821 4158 3049 4230; x_wconf 84' lang='grc' dir='ltr'>παρόντι</span> <span class='ocrx_word' id='word_1_870' title='bbox 3085 4156 3186 4228; x_wconf 79' lang='grc' dir='ltr'>βίῳ</span> <span class='ocrx_word' id='word_1_871' title='bbox 3236 4170 3504 4224; x_wconf 89' lang='grc' dir='ltr'>συγκατα-</span> 
     </span>
    </p>
   </div>
   <div class='ocr_carea' id='block_1_112' title="bbox 1913 4239 3503 4316">
    <p class='ocr_par' dir='ltr' id='par_1_112' title="bbox 1913 4239 3503 4316">
     <span class='ocr_line' id='line_1_112' title="bbox 1913 4239 3503 4316; baseline -0.004 -19"><span class='ocrx_word' id='word_1_872' title='bbox 1913 4242 2181 4316; x_wconf 88' lang='grc' dir='ltr'>λυομένης</span> <span class='ocrx_word' id='word_1_873' title='bbox 2210 4243 2513 4308; x_wconf 85' lang='grc' dir='ltr'>ἀθανάτους</span> <span class='ocrx_word' id='word_1_874' title='bbox 2545 4243 2748 4316; x_wconf 82' lang='grc' dir='ltr'>κομίσῃ</span> <span class='ocrx_word' id='word_1_875' title='bbox 2789 4242 3027 4314; x_wconf 83' lang='grc' dir='ltr'>ἀμοιϐὰς</span> <span class='ocrx_word' id='word_1_876' title='bbox 3047 4284 3062 4311; x_wconf 88' lang='grc'>,</span> <span class='ocrx_word' id='word_1_877' title='bbox 3105 4242 3199 4295; x_wconf 87' lang='lat' dir='ltr'><strong><em>zeal</em></strong></span> <span class='ocrx_word' id='word_1_878' title='bbox 3230 4239 3299 4293; x_wconf 88' lang='grc' dir='ltr'>τὰ</span> <span class='ocrx_word' id='word_1_879' title='bbox 3337 4239 3503 4309; x_wconf 71' lang='grc' dir='ltr'>ἀπόρ·</span> 
     </span>
    </p>
   </div>
   <div class='ocr_carea' id='block_1_113' title="bbox 1912 4326 2285 4399">
    <p class='ocr_par' dir='ltr' id='par_1_113' title="bbox 1912 4326 2285 4399">
     <span class='ocr_line' id='line_1_113' title="bbox 1912 4326 2285 4399; baseline -0.003 -19"><span class='ocrx_word' id='word_1_880' title='bbox 1912 4330 2053 4399; x_wconf 76' lang='grc' dir='ltr'>ρητα</span> <span class='ocrx_word' id='word_1_881' title='bbox 2086 4326 2285 4395; x_wconf 89' lang='grc' dir='ltr'>ἀγαθά.</span> 
     </span>
    </p>
   </div>
   <div class='ocr_carea' id='block_1_114' title="bbox 1982 4405 3500 4483">
    <p class='ocr_par' dir='ltr' id='par_1_114' title="bbox 1982 4405 3500 4483">
     <span class='ocr_line' id='line_1_114' title="bbox 1982 4405 3500 4483; baseline -0.004 -20"><span class='ocrx_word' id='word_1_882' title='bbox 1982 4411 2230 4483; x_wconf 82' lang='grc' dir='ltr'>ε’.⁶Ἀπερ</span> <span class='ocrx_word' id='word_1_883' title='bbox 2258 4411 2622 4483; x_wconf 83' lang='grc' dir='ltr'>λογιζόμενοι,</span> <span class='ocrx_word' id='word_1_884' title='bbox 2654 4411 3032 4482; x_wconf 85' lang='grc' dir='ltr'>ἐπιτρέχωμεν</span> <span class='ocrx_word' id='word_1_885' title='bbox 3068 4409 3191 4472; x_wconf 89' lang='grc' dir='ltr'>ταῖς</span> <span class='ocrx_word' id='word_1_886' title='bbox 3223 4405 3500 4469; x_wconf 83' lang='grc' dir='ltr'>τοιαύταις</span> 
     </span>
    </p>
   </div>
   <div class='ocr_carea' id='block_1_115' title="bbox 1909 4490 3502 4567">
    <p class='ocr_par' dir='ltr' id='par_1_115' title="bbox 1909 4490 3502 4567">
     <span class='ocr_line' id='line_1_115' title="bbox 1909 4490 3502 4567; baseline -0.004 -20"><span class='ocrx_word' id='word_1_887' title='bbox 1909 4496 2226 4563; x_wconf 84' lang='grc' dir='ltr'>διακονίαις,</span> <span class='ocrx_word' id='word_1_888' title='bbox 2266 4496 2341 4567; x_wconf 85' lang='grc' dir='ltr'>μή</span> <span class='ocrx_word' id='word_1_889' title='bbox 2396 4496 2495 4567; x_wconf 76' lang='grc' dir='ltr'>τὴν</span> <span class='ocrx_word' id='word_1_890' title='bbox 2529 4496 2776 4564; x_wconf 89' lang='grc' dir='ltr'>δαπάνην</span> <span class='ocrx_word' id='word_1_891' title='bbox 2827 4495 3190 4565; x_wconf 75' lang='grc' dir='ltr'>λογιζόμενοι,</span> <span class='ocrx_word' id='word_1_892' title='bbox 3247 4490 3384 4545; x_wconf 86' lang='grc' dir='ltr'>ἀλλὰ</span> <span class='ocrx_word' id='word_1_893' title='bbox 3437 4492 3502 4542; x_wconf 81' lang='grc' dir='ltr'>τὸ</span> 
     </span>
    </p>
   </div>
   <div class='ocr_carea' id='block_1_116' title="bbox 1908 4575 3499 4651">
    <p class='ocr_par' dir='ltr' id='par_1_116' title="bbox 1908 4575 3499 4651">
     <span class='ocr_line' id='line_1_116' title="bbox 1908 4575 3499 4651; baseline -0.004 -19"><span class='ocrx_word' id='word_1_894' title='bbox 1908 4579 2100 4651; x_wconf 85' lang='grc' dir='ltr'>κέρδος</span> <span class='ocrx_word' id='word_1_895' title='bbox 2131 4580 2225 4632; x_wconf 87' lang='lat' dir='ltr'><strong><em>zeal</em></strong></span> <span class='ocrx_word' id='word_1_896' title='bbox 2255 4579 2354 4650; x_wconf 84' lang='grc' dir='ltr'>τὴν</span> <span class='ocrx_word' id='word_1_897' title='bbox 2378 4580 2639 4651; x_wconf 89' lang='grc' dir='ltr'>πρόσοδον</span> <span class='ocrx_word' id='word_1_898' title='bbox 2660 4579 2760 4650; x_wconf 87' lang='grc' dir='ltr'>τὴν</span> <span class='ocrx_word' id='word_1_899' title='bbox 2791 4578 3040 4632; x_wconf 85' lang='grc' dir='ltr'>ἐντεῦθεν</span> <span class='ocrx_word' id='word_1_900' title='bbox 3067 4576 3416 4647; x_wconf 86' lang='grc' dir='ltr'>τικτομένην.</span> <span class='ocrx_word' id='word_1_901' title='bbox 3436 4575 3499 4627; x_wconf 84' lang='grc' dir='ltr'>Εἰ</span> 
     </span>
    </p>
   </div>
   <div class='ocr_carea' id='block_1_117' title="bbox 1907 4658 3498 4735">
    <p class='ocr_par' dir='ltr' id='par_1_117' title="bbox 1907 4658 3498 4735">
     <span class='ocr_line' id='line_1_117' title="bbox 1907 4658 3498 4735; baseline -0.006 -17"><span class='ocrx_word' id='word_1_902' title='bbox 1907 4665 2017 4735; x_wconf 72' lang='grc' dir='ltr'>γάρ</span> <span class='ocrx_word' id='word_1_903' title='bbox 2064 4663 2336 4735; x_wconf 82' lang='grc' dir='ltr'>ἀνθρώπῳ</span> <span class='ocrx_word' id='word_1_904' title='bbox 2377 4664 2487 4717; x_wconf 75' lang='grc' dir='ltr'>τινὶ</span> <span class='ocrx_word' id='word_1_905' title='bbox 2530 4664 2640 4717; x_wconf 86' lang='grc' dir='ltr'>τῶν</span> <span class='ocrx_word' id='word_1_906' title='bbox 2695 4663 3076 4735; x_wconf 83' lang='grc' dir='ltr'>ὑπερεχόντων</span> <span class='ocrx_word' id='word_1_907' title='bbox 3118 4663 3179 4714; x_wconf 81' lang='grc' dir='ltr'>ἐν</span> <span class='ocrx_word' id='word_1_908' title='bbox 3221 4658 3498 4729; x_wconf 79' lang='grc' dir='ltr'>ἀξιώμασι</span> 
     </span>
    </p>
   </div>
   <div class='ocr_carea' id='block_1_118' title="bbox 1909 4744 3498 4819">
    <p class='ocr_par' dir='ltr' id='par_1_118' title="bbox 1909 4744 3498 4819">
     <span class='ocr_line' id='line_1_118' title="bbox 1909 4744 3498 4819; baseline -0.003 -18"><span class='ocrx_word' id='word_1_909' title='bbox 1909 4750 2181 4819; x_wconf 85' lang='grc' dir='ltr'>βιωτικοῖς</span> <span class='ocrx_word' id='word_1_910' title='bbox 2201 4748 2569 4819; x_wconf 87' lang='grc' dir='ltr'>οἰκειούμενόν</span> <span class='ocrx_word' id='word_1_911' title='bbox 2584 4766 2708 4803; x_wconf 89' lang='grc' dir='ltr'>τινα</span> <span class='ocrx_word' id='word_1_912' title='bbox 2742 4748 3094 4819; x_wconf 90' lang='grc' dir='ltr'>θεασοίμεθα,</span> <span class='ocrx_word' id='word_1_913' title='bbox 3127 4748 3307 4801; x_wconf 78' lang='grc' dir='ltr'>πᾶσαν</span> <span class='ocrx_word' id='word_1_914' title='bbox 3338 4744 3498 4815; x_wconf 86' lang='grc' dir='ltr'>θερα-</span> 
     </span>
    </p>
   </div>
   <div class='ocr_carea' id='block_1_119' title="bbox 1907 4828 3496 4901">
    <p class='ocr_par' dir='ltr' id='par_1_119' title="bbox 1907 4828 3496 4901">
     <span class='ocr_line' id='line_1_119' title="bbox 1907 4828 3496 4901; baseline -0.006 -13"><span class='ocrx_word' id='word_1_915' title='bbox 1907 4836 2066 4890; x_wconf 90' lang='grc' dir='ltr'>πείαν</span> <span class='ocrx_word' id='word_1_916' title='bbox 2097 4836 2177 4898; x_wconf 89' lang='grc' dir='ltr'>είς</span> <span class='ocrx_word' id='word_1_917' title='bbox 2204 4834 2369 4889; x_wconf 84' lang='grc' dir='ltr'>αὐτὸν</span> <span class='ocrx_word' id='word_1_918' title='bbox 2397 4833 2804 4887; x_wconf 74' lang='grc' dir='ltr'>ἐπιδείκνυσθαι</span> <span class='ocrx_word' id='word_1_919' title='bbox 2844 4828 3496 4901; x_wconf 79' lang='grc' dir='ltr'>σπουδάζομεν,ἐννοούν-</span> 
     </span>
    </p>
   </div>
   <div class='ocr_carea' id='block_1_120' title="bbox 1903 4915 3493 4991">
    <p class='ocr_par' dir='ltr' id='par_1_120' title="bbox 1903 4915 3493 4991">
     <span class='ocr_line' id='line_1_120' title="bbox 1903 4915 3493 4991; baseline -0.005 -17"><span class='ocrx_word' id='word_1_920' title='bbox 1903 4939 1997 4985; x_wconf 88' lang='grc' dir='ltr'>τες</span> <span class='ocrx_word' id='word_1_921' title='bbox 2038 4921 2119 4974; x_wconf 84' lang='grc' dir='ltr'>ὅτι</span> <span class='ocrx_word' id='word_1_922' title='bbox 2166 4920 2234 4975; x_wconf 84' lang='grc' dir='ltr'>τά</span> <span class='ocrx_word' id='word_1_923' title='bbox 2269 4921 2350 4984; x_wconf 90' lang='grc' dir='ltr'>εἰς</span> <span class='ocrx_word' id='word_1_924' title='bbox 2389 4923 2594 4974; x_wconf 84' lang='grc' dir='ltr'>ἐκεῖνον</span> <span class='ocrx_word' id='word_1_925' title='bbox 2626 4920 2887 4991; x_wconf 84' lang='grc' dir='ltr'>γινόμενα</span> <span class='ocrx_word' id='word_1_926' title='bbox 2936 4920 3016 4981; x_wconf 74' lang='grc' dir='ltr'>εἰς</span> <span class='ocrx_word' id='word_1_927' title='bbox 3062 4918 3153 4970; x_wconf 85' lang='grc' dir='ltr'>τὸν</span> <span class='ocrx_word' id='word_1_928' title='bbox 3181 4915 3493 4987; x_wconf 83' lang='grc' dir='ltr'>προστάτην</span> 
     </span>
    </p>
   </div>
   <div class='ocr_carea' id='block_1_121' title="bbox 1905 4998 3491 5076">
    <p class='ocr_par' dir='ltr' id='par_1_121' title="bbox 1905 4998 3491 5076">
     <span class='ocr_line' id='line_1_121' title="bbox 1905 4998 3491 5076; baseline -0.006 -19"><span class='ocrx_word' id='word_1_929' title='bbox 1905 5005 2222 5076; x_wconf 86' lang='grc' dir='ltr'>διαϐήσεται</span> <span class='ocrx_word' id='word_1_930' title='bbox 2276 5004 2367 5057; x_wconf 86' lang='grc' dir='ltr'>τὸν</span> <span class='ocrx_word' id='word_1_931' title='bbox 2419 5003 2620 5067; x_wconf 87' lang='grc' dir='ltr'>αὑτοῦ,</span> <span class='ocrx_word' id='word_1_932' title='bbox 2667 5006 2762 5058; x_wconf 86' lang='lat' dir='ltr'><strong><em>zeal</em></strong></span> <span class='ocrx_word' id='word_1_933' title='bbox 2818 5004 2901 5056; x_wconf 83' lang='grc' dir='ltr'>ὅτι</span> <span class='ocrx_word' id='word_1_934' title='bbox 2957 5003 3162 5063; x_wconf 83' lang='grc' dir='ltr'>ἐκεῖνος</span> <span class='ocrx_word' id='word_1_935' title='bbox 3216 4998 3491 5068; x_wconf 82' lang='grc' dir='ltr'>γνωρίσας</span> 
     </span>
    </p>
   </div>
   <div class='ocr_carea' id='block_1_122' title="bbox 1904 5082 3491 5158">
    <p class='ocr_par' dir='ltr' id='par_1_122' title="bbox 1904 5082 3491 5158">
     <span class='ocr_line' id='line_1_122' title="bbox 1904 5082 3491 5158; baseline -0.004 -19"><span class='ocrx_word' id='word_1_936' title='bbox 1904 5088 2121 5158; x_wconf 80' lang='grc' dir='ltr'>ἐκείνῳ,</span> <span class='ocrx_word' id='word_1_937' title='bbox 2165 5087 2224 5141; x_wconf 81' lang='grc' dir='ltr'>ὃν</span> <span class='ocrx_word' id='word_1_938' title='bbox 2257 5089 2570 5158; x_wconf 80' lang='grc' dir='ltr'>προστάτην</span> <span class='ocrx_word' id='word_1_939' title='bbox 2615 5089 3010 5158; x_wconf 77' lang='grc' dir='ltr'>ἐπιγράφεται,</span> <span class='ocrx_word' id='word_1_940' title='bbox 3061 5082 3301 5145; x_wconf 87' lang='grc' dir='ltr'>πλείονος</span> <span class='ocrx_word' id='word_1_941' title='bbox 3359 5082 3491 5152; x_wconf 75' lang='grc' dir='ltr'>ἡμῖν</span> 
     </span>
    </p>
   </div>
   <div class='ocr_carea' id='block_1_123' title="bbox 1902 5164 3482 5242">
    <p class='ocr_par' dir='ltr' id='par_1_123' title="bbox 1902 5164 3482 5242">
     <span class='ocr_line' id='line_1_123' title="bbox 1902 5164 3482 5242; baseline -0.004 -19"><span class='ocrx_word' id='word_1_942' title='bbox 1902 5169 2209 5224; x_wconf 87' lang='grc' dir='ltr'>ἀπολαῦσαι</span> <span class='ocrx_word' id='word_1_943' title='bbox 2260 5171 2670 5242; x_wconf 85' lang='grc' dir='ltr'>παρασκευάσει</span> <span class='ocrx_word' id='word_1_944' title='bbox 2716 5172 2817 5241; x_wconf 80' lang='grc' dir='ltr'>τῆς</span> <span class='ocrx_word' id='word_1_945' title='bbox 2860 5169 2988 5241; x_wconf 89' lang='grc' dir='ltr'>παρ’</span> <span class='ocrx_word' id='word_1_946' title='bbox 3020 5165 3183 5220; x_wconf 83' lang='grc' dir='ltr'>αὑτοῦ</span> <span class='ocrx_word' id='word_1_947' title='bbox 3223 5164 3437 5225; x_wconf 81' lang='grc' dir='ltr'>εὐνοίας</span> <span class='ocrx_word' id='word_1_948' title='bbox 3472 5179 3482 5189; x_wconf 92' lang='grc'>·</span> 
     </span>
    </p>
   </div>
   <div class='ocr_carea' id='block_1_124' title="bbox 1903 5248 3490 5324">
    <p class='ocr_par' dir='ltr' id='par_1_124' title="bbox 1903 5248 3490 5324">
     <span class='ocr_line' id='line_1_124' title="bbox 1903 5248 3490 5324; baseline -0.005 -18"><span class='ocrx_word' id='word_1_949' title='bbox 1903 5252 2084 5324; x_wconf 82' lang='grc' dir='ltr'>πολλῷ</span> <span class='ocrx_word' id='word_1_950' title='bbox 2136 5254 2337 5324; x_wconf 80' lang='grc' dir='ltr'>μᾶλλον</span> <span class='ocrx_word' id='word_1_951' title='bbox 2384 5255 2477 5307; x_wconf 77' lang='grc' dir='ltr'>ἐπὶ</span> <span class='ocrx_word' id='word_1_952' title='bbox 2511 5254 2605 5307; x_wconf 89' lang='grc' dir='ltr'>τοῦ</span> <span class='ocrx_word' id='word_1_953' title='bbox 2658 5254 2933 5306; x_wconf 89' lang='grc' dir='ltr'>Δεσπότου</span> <span class='ocrx_word' id='word_1_954' title='bbox 2988 5251 3097 5305; x_wconf 85' lang='grc' dir='ltr'>τῶν</span> <span class='ocrx_word' id='word_1_955' title='bbox 3146 5249 3282 5303; x_wconf 81' lang='grc' dir='ltr'>ὅλων</span> <span class='ocrx_word' id='word_1_956' title='bbox 3332 5248 3490 5301; x_wconf 85' lang='grc' dir='ltr'>τοῦτο</span> 
     </span>
    </p>
   </div>
   <div class='ocr_carea' id='block_1_125' title="bbox 1900 5328 3487 5409">
    <p class='ocr_par' dir='ltr' id='par_1_125' title="bbox 1900 5328 3487 5409">
     <span class='ocr_line' id='line_1_125' title="bbox 1900 5328 3487 5409; baseline -0.004 -18"><span class='ocrx_word' id='word_1_957' title='bbox 1900 5339 2073 5392; x_wconf 78' lang='grc' dir='ltr'>ἔσται.</span> <span class='ocrx_word' id='word_1_958' title='bbox 2116 5339 2178 5391; x_wconf 81' lang='lat' dir='ltr'><strong><em>El</em></strong></span> <span class='ocrx_word' id='word_1_959' title='bbox 2211 5339 2341 5409; x_wconf 78' lang='grc' dir='ltr'>γὰρ,</span> <span class='ocrx_word' id='word_1_960' title='bbox 2398 5328 2497 5392; x_wconf 85' lang='lat' dir='ltr'><strong><em>zeal</em></strong></span> <span class='ocrx_word' id='word_1_961' title='bbox 2540 5339 2635 5392; x_wconf 76' lang='grc' dir='ltr'>ἐπὶ</span> <span class='ocrx_word' id='word_1_962' title='bbox 2685 5337 2793 5392; x_wconf 87' lang='grc' dir='ltr'>τῶν</span> <span class='ocrx_word' id='word_1_963' title='bbox 2824 5337 3096 5408; x_wconf 88' lang='grc' dir='ltr'>τυχόντων</span> <span class='ocrx_word' id='word_1_964' title='bbox 3128 5335 3221 5388; x_wconf 88' lang='lat' dir='ltr'><strong><em>zeal</em></strong></span> <span class='ocrx_word' id='word_1_965' title='bbox 3252 5335 3343 5386; x_wconf 72' lang='grc' dir='ltr'>ἐπὶ</span> <span class='ocrx_word' id='word_1_966' title='bbox 3386 5333 3487 5402; x_wconf 82' lang='grc' dir='ltr'>τῆς</span> 
     </span>
    </p>
   </div>
   <div class='ocr_carea' id='block_1_126' title="bbox 1900 5414 3487 5493">
    <p class='ocr_par' dir='ltr' id='par_1_126' title="bbox 1900 5414 3487 5493">
     <span class='ocr_line' id='line_1_126' title="bbox 1900 5414 3487 5493; baseline -0.009 -12"><span class='ocrx_word' id='word_1_967' title='bbox 1900 5423 2107 5492; x_wconf 79' lang='grc' dir='ltr'>ἀγορᾶς</span> <span class='ocrx_word' id='word_1_968' title='bbox 2122 5422 2472 5493; x_wconf 76' lang='grc' dir='ltr'>ἐρριμμένων</span> <span class='ocrx_word' id='word_1_969' title='bbox 2499 5424 2548 5475; x_wconf 87' lang='grc' dir='ltr'>εί</span> <span class='ocrx_word' id='word_1_970' title='bbox 2578 5420 2890 5487; x_wconf 79' lang='grc' dir='ltr'>ἐπεδείξατό</span> <span class='ocrx_word' id='word_1_971' title='bbox 2908 5420 2991 5483; x_wconf 88' lang='grc' dir='ltr'>τίς</span> <span class='ocrx_word' id='word_1_972' title='bbox 3017 5436 3136 5472; x_wconf 86' lang='grc' dir='ltr'>τινα</span> <span class='ocrx_word' id='word_1_973' title='bbox 3162 5414 3487 5488; x_wconf 84' lang='grc' dir='ltr'>φιλοφροσύ-</span> 
     </span>
    </p>
   </div>
   <div class='ocr_carea' id='block_1_127' title="bbox 1902 5503 3486 5576">
    <p class='ocr_par' dir='ltr' id='par_1_127' title="bbox 1902 5503 3486 5576">
     <span class='ocr_line' id='line_1_127' title="bbox 1902 5503 3486 5576; baseline -0.004 -16"><span class='ocrx_word' id='word_1_974' title='bbox 1902 5524 1996 5576; x_wconf 85' lang='grc' dir='ltr'>νην</span> <span class='ocrx_word' id='word_1_975' title='bbox 2025 5506 2118 5559; x_wconf 84' lang='lat' dir='ltr'><strong><em>zeal</em></strong></span> <span class='ocrx_word' id='word_1_976' title='bbox 2154 5506 2518 5576; x_wconf 86' lang='grc' dir='ltr'>συμπάθειαν,</span> <span class='ocrx_word' id='word_1_977' title='bbox 2558 5506 2927 5576; x_wconf 88' lang='grc' dir='ltr'>οἰκειούμενος</span> <span class='ocrx_word' id='word_1_978' title='bbox 2960 5504 3031 5558; x_wconf 84' lang='grc' dir='ltr'>τὰ</span> <span class='ocrx_word' id='word_1_979' title='bbox 3050 5503 3320 5573; x_wconf 85' lang='grc' dir='ltr'>γενόμενα</span> <span class='ocrx_word' id='word_1_980' title='bbox 3343 5505 3370 5555; x_wconf 85' lang='grc' dir='ltr'>ὁ</span> <span class='ocrx_word' id='word_1_981' title='bbox 3389 5504 3486 5553; x_wconf 88' lang='grc' dir='ltr'>Δε-</span> 
     </span>
    </p>
   </div>
   <div class='ocr_carea' id='block_1_128' title="bbox 1899 5587 3482 5659">
    <p class='ocr_par' dir='ltr' id='par_1_128' title="bbox 1899 5587 3482 5659">
     <span class='ocr_line' id='line_1_128' title="bbox 1899 5587 3482 5659; baseline -0.003 -18"><span class='ocrx_word' id='word_1_982' title='bbox 1899 5590 2104 5659; x_wconf 86' lang='grc' dir='ltr'>σπότης</span> <span class='ocrx_word' id='word_1_983' title='bbox 2136 5589 2533 5658; x_wconf 82' lang='grc' dir='ltr'>ἐπαγγέλλεται</span> <span class='ocrx_word' id='word_1_984' title='bbox 2562 5592 2642 5653; x_wconf 88' lang='grc' dir='ltr'>εἰς</span> <span class='ocrx_word' id='word_1_985' title='bbox 2664 5590 2764 5659; x_wconf 81' lang='grc' dir='ltr'>τὴν</span> <span class='ocrx_word' id='word_1_986' title='bbox 2794 5588 3071 5659; x_wconf 83' lang='grc' dir='ltr'>βασιλείαν</span> <span class='ocrx_word' id='word_1_987' title='bbox 3095 5589 3337 5655; x_wconf 83' lang='grc' dir='ltr'>εἰσάγειν</span> <span class='ocrx_word' id='word_1_988' title='bbox 3354 5587 3482 5647; x_wconf 77' lang='grc' dir='ltr'>τοὺς</span> 
     </span>
    </p>
   </div>
   <div class='ocr_carea' id='block_1_129' title="bbox 1894 5670 3483 5745">
    <p class='ocr_par' dir='ltr' id='par_1_129' title="bbox 1894 5670 3483 5745">
     <span class='ocr_line' id='line_1_129' title="bbox 1894 5670 3483 5745; baseline -0.003 -18"><span class='ocrx_word' id='word_1_989' title='bbox 1894 5675 2097 5744; x_wconf 87' lang='grc' dir='ltr'>ἀγαθόν</span> <span class='ocrx_word' id='word_1_990' title='bbox 2116 5691 2169 5727; x_wconf 92' lang='grc' dir='ltr'>τι</span> <span class='ocrx_word' id='word_1_991' title='bbox 2186 5676 2263 5737; x_wconf 90' lang='grc' dir='ltr'>εἰς</span> <span class='ocrx_word' id='word_1_992' title='bbox 2281 5675 2519 5737; x_wconf 77' lang='grc' dir='ltr'>ἐκείνους</span> <span class='ocrx_word' id='word_1_993' title='bbox 2546 5673 2964 5745; x_wconf 77' lang='grc' dir='ltr'>εἰργασμένους,</span> <span class='ocrx_word' id='word_1_994' title='bbox 2991 5673 3085 5726; x_wconf 87' lang='lat' dir='ltr'><strong><em>zeal</em></strong></span> <span class='ocrx_word' id='word_1_995' title='bbox 3115 5675 3282 5743; x_wconf 87' lang='grc' dir='ltr'>ἐρεῖν·</span> <span class='ocrx_word' id='word_1_996' title='bbox 3303 5670 3483 5724; x_wconf 85' lang='grc' dir='ltr'>Δεῦτε</span> 
     </span>
    </p>
   </div>
   <div class='ocr_carea' id='block_1_130' title="bbox 1894 5756 3480 5828">
    <p class='ocr_par' dir='ltr' id='par_1_130' title="bbox 1894 5756 3480 5828">
     <span class='ocr_line' id='line_1_130' title="bbox 1894 5756 3480 5828; baseline -0.001 -18"><span class='ocrx_word' id='word_1_997' title='bbox 1894 5761 1947 5811; x_wconf 79' lang='grc' dir='ltr'>οἱ</span> <span class='ocrx_word' id='word_1_998' title='bbox 1977 5760 2371 5828; x_wconf 70' lang='grc' dir='ltr'>εὐλογημένοι</span> <span class='ocrx_word' id='word_1_999' title='bbox 2390 5758 2497 5811; x_wconf 88' lang='grc' dir='ltr'>τοῦ</span> <span class='ocrx_word' id='word_1_1000' title='bbox 2513 5758 2743 5825; x_wconf 87' lang='grc' dir='ltr'>Πατρός</span> <span class='ocrx_word' id='word_1_1001' title='bbox 2763 5775 2902 5827; x_wconf 88' lang='grc' dir='ltr'>μου,</span> <span class='ocrx_word' id='word_1_1002' title='bbox 2928 5756 3342 5820; x_wconf 80' lang='grc' dir='ltr'>ὅτιέπείνασα,</span> <span class='ocrx_word' id='word_1_1003' title='bbox 3377 5756 3480 5809; x_wconf 84' lang='lat' dir='ltr'><strong><em>zeal</em></strong></span> 
     </span>
    </p>
   </div>
   <div class='ocr_carea' id='block_1_131' title="bbox 1893 5840 3479 5911">
    <p class='ocr_par' dir='ltr' id='par_1_131' title="bbox 1893 5840 3479 5911">
     <span class='ocr_line' id='line_1_131' title="bbox 1893 5840 3479 5911; baseline -0.002 -16"><span class='ocrx_word' id='word_1_1004' title='bbox 1893 5840 2150 5895; x_wconf 80' lang='grc' dir='ltr'>ἐδώκατέ</span> <span class='ocrx_word' id='word_1_1005' title='bbox 2186 5858 2291 5910; x_wconf 85' lang='grc' dir='ltr'>μοι</span> <span class='ocrx_word' id='word_1_1006' title='bbox 2339 5840 2586 5907; x_wconf 70' lang='grc' dir='ltr'>φαγεῖν·</span> <span class='ocrx_word' id='word_1_1007' title='bbox 2625 5840 2804 5911; x_wconf 82' lang='grc' dir='ltr'>πολλῷ</span> <span class='ocrx_word' id='word_1_1008' title='bbox 2846 5840 3046 5910; x_wconf 77' lang='grc' dir='ltr'>μᾶλλον</span> <span class='ocrx_word' id='word_1_1009' title='bbox 3087 5843 3213 5905; x_wconf 79' lang='grc' dir='ltr'>τοὺς</span> <span class='ocrx_word' id='word_1_1010' title='bbox 3251 5841 3339 5895; x_wconf 84' lang='grc' dir='ltr'>διὰ</span> <span class='ocrx_word' id='word_1_1011' title='bbox 3388 5842 3479 5895; x_wconf 76' lang='grc' dir='ltr'>τὸν</span> 
     </span>
    </p>
   </div>
   <div class='ocr_carea' id='block_1_132' title="bbox 1961 5992 3475 6059">
    <p class='ocr_par' dir='ltr' id='par_1_132' title="bbox 1961 5992 3475 6059">
     <span class='ocr_line' id='line_1_132' title="bbox 1961 5992 3475 6059; baseline 0.001 -18"><span class='ocrx_word' id='word_1_1012' title='bbox 1961 5992 1989 6031; x_wconf 75' lang='grc' dir='ltr'>ι»</span> <span class='ocrx_word' id='word_1_1013' title='bbox 2012 5994 2228 6059; x_wconf 50' lang='lat' dir='ltr'>Quaﬂzor</span> <span class='ocrx_word' id='word_1_1014' title='bbox 2246 6006 2377 6059; x_wconf 35' lang='grc' dir='ltr'>[ηδε.-</span> <span class='ocrx_word' id='word_1_1015' title='bbox 2393 5994 2828 6059; x_wconf 71' lang='grc' dir='ltr'>ἐγκεχειρισμένοις,</span> <span class='ocrx_word' id='word_1_1016' title='bbox 2852 5998 2930 6042; x_wconf 78' lang='grc' dir='ltr'>καί</span> <span class='ocrx_word' id='word_1_1017' title='bbox 2948 6003 3004 6057; x_wconf 80' lang='grc' dir='ltr'>τῇ</span> <span class='ocrx_word' id='word_1_1018' title='bbox 3030 6000 3259 6059; x_wconf 65' lang='grc' dir='ltr'>ἱερωσύνῃ</span> <span class='ocrx_word' id='word_1_1019' title='bbox 3287 6012 3475 6050; x_wconf 74' lang='grc' dir='ltr'>τετιμη-</span> 
     </span>
    </p>
   </div>
   <div class='ocr_carea' id='block_1_133' title="bbox 1905 6053 3473 6121">
    <p class='ocr_par' dir='ltr' id='par_1_133' title="bbox 1905 6053 3473 6121">
     <span class='ocr_line' id='line_1_133' title="bbox 1905 6053 3473 6121; baseline 0.001 -18"><span class='ocrx_word' id='word_1_1020' title='bbox 1905 6058 2074 6117; x_wconf 64' lang='grc' dir='ltr'>μένοις.</span> <span class='ocrx_word' id='word_1_1021' title='bbox 2110 6053 2299 6112; x_wconf 77' lang='grc' dir='ltr'>Ἐπειδή</span> <span class='ocrx_word' id='word_1_1022' title='bbox 2324 6053 2435 6119; x_wconf 53' lang='grc' dir='ltr'>γάρ(</span> <span class='ocrx_word' id='word_1_1023' title='bbox 2458 6053 2589 6107; x_wconf 68' lang='grc' dir='ltr'>Ιυίτιι</span> <span class='ocrx_word' id='word_1_1024' title='bbox 2610 6053 2805 6119; x_wconf 69' lang='lat' dir='ltr'><strong><em>qtlldam</em></strong></span> <span class='ocrx_word' id='word_1_1025' title='bbox 2832 6053 3021 6108; x_wconf 82' lang='grc' dir='ltr'>πλείονά</span> <span class='ocrx_word' id='word_1_1026' title='bbox 3045 6053 3181 6121; x_wconf 73' lang='grc' dir='ltr'>τὶμὴν</span> <span class='ocrx_word' id='word_1_1027' title='bbox 3206 6053 3473 6120; x_wconf 67' lang='grc' dir='ltr'>ἀπονέμειν.</span> 
     </span>
    </p>
   </div>
  </div>
