4038 6358
563 413 675 471 5ῢὸ

563 526 700 579 θεὸν
748 523 1112 595 θλιϐομένους.
1161 527 1255 580 καί
1316 528 1579 602 ἱερωσύνῃ
1633 531 2027 601 τετιμημένους
2081 532 2130 585 εἰ

566 606 918 680 θεραπεύσειέ
963 623 1068 670 τις,
1119 607 1180 660 οὐ
1217 611 1316 677 τῆς
1351 612 1618 684 τοσαύτης
1643 613 2008 667 ἀπολαύσεται
2037 613 2136 682 τῆς

565 690 836 760 clpam-71¢,
889 689 1026 742 ἀλλά
1091 689 1518 758 πολυπλασίονος
1542 735 1558 759 ,
1609 694 1702 748 τοῦ
1756 694 2136 765 φιλανθρώπου

563 773 696 826 θεοῦ
729 775 792 826 ἐκ
836 772 1032 824 πολλοῦ
1059 771 1152 826 τοῦ
1198 775 1478 844 περιόντος
1515 777 1772 841 νικῶντος
1799 779 1885 832 ἀεὶ
1910 778 1978 831 τά
2006 780 2136 849 παρ’

562 855 718 925 ἡμῶν
745 855 1024 924 γινόμενα.
1079 856 1171 925 Μὴ
1203 857 1385 912 τοίνυν
1427 858 1708 930 γινώμεθα
1757 860 1975 932 χείρους
2027 860 2138 912 τῶν

561 937 823 1002 ἀπίστων,
848 937 956 990 τῶν
974 937 1064 992 διά
1086 937 1183 1009 τὴν
1212 941 1338 1011 περὶ
1364 941 1433 995 τά
1470 941 1663 998 εἴδωλα
1692 943 1900 1013 πλάνην
1926 943 2006 998 ἐτι
2045 942 2137 996 καὶ

558 1021 827 1092 τοσαύτην
856 1021 1153 1098 θεραπείαν
1197 1023 1654 1095 ἐπιδεικνυμένων
1685 1026 1812 1098 περὶ
1853 1028 1978 1088 τοὺς
2015 1025 2138 1078 τού-

557 1121 667 1157 των
715 1095 1090 1175 θεραπεῦτάςο
1134 1105 1249 1158 ἀλλ’
1277 1107 1375 1177 ὅση
1426 1109 1459 1177 ὴ
1508 1095 1886 1179 διαφορὰντῆς
1929 1109 2136 1179 πλάνης

559 1188 694 1258 πρὸς
708 1188 805 1257 τὴν
830 1186 1111 1259 ἀλήθειαν,
1138 1189 1360 1244 καὶτῶν
1387 1190 1608 1244 ἐκείνων
1645 1192 1835 1262 ἱερέων
1856 1192 1992 1263 πρὸς
2008 1193 2135 1256 τοὺς

555 1270 652 1323 τοῦ
685 1269 822 1324 Θεοῦ
869 1272 1054 1338 ἱερεῖς,
1103 1271 1371 1343 τοσαύτην
1404 1272 1665 1342 διαφοράν
1717 1275 1812 1326 καὶ
1858 1273 1988 1344 περὶ⁵
2035 1272 2134 1343 τὴν

555 1353 718 1424 τιμὴν
752 1354 1167 1424 ἐπιδειξώμεθα.
1214 1355 1300 1409 ἵνα
1324 1357 1719 1422 πολυπλασίους
1741 1370 1767 1398 ι
1791 1358 1890 1420 τάς
1927 1357 2134 1410 ἀνωθεν

553 1437 788 1506 ἀμοιϐάς
832 1437 1161 1507 κομίσασθαι
1179 1438 1514 1510 δυνηθῶμεν,
1539 1439 1861 1508 Κατῴκησε
1887 1440 1975 1504 δὲ,
2030 1458 2138 1511 φη-

554 1521 660 1579 σὶν.
693 1521 890 1574 ἰακὼσ
915 1521 986 1574 ἐν
1007 1523 1298 1590 Αἰγύπτῳ,
1329 1524 1425 1576 καὶ
1444 1524 1805 1592 ηὐξήθησαν
1823 1523 1923 1578 καί
1953 1525 2133 1590 ἐπλη-

553 1606 865 1671 θύνθησαν
905 1605 1160 1674 σφόδρα.
1202 1605 1350 1677 Αὕτη
1381 1606 1491 1677 γάρ
1529 1602 1597 1678 ἦν
1639 1609 1730 1662 καὶ
1776 1607 1871 1660 τοῦ
1913 1607 2048 1661 Θεοῦ
2094 1609 2126 1676 ἡ

556 1691 850 1759 ὑπόσχεσις
879 1689 1013 1760 πρὸς
1059 1690 1221 1744 αὐτὸν
1251 1691 1610 1763 γεγενημένη,
1641 1693 1724 1745 ὅτι
1775 1691 2015 1759 Ποιήσω
2056 1708 2130 1744 σε

551 1777 638 1840 εἰς
678 1774 854 1839 ἔθνος
882 1774 1057 1843 μέγα.
1103 1774 1216 1828 Kal
1251 1774 1542 1843 ἐπέζησεν
1583 1776 1791 1831 Ἰακὼϐ
1833 1775 2129 1829 δεκαεπτὰ

550 1858 678 1924 ἔτη.
711 1858 818 1910 Kal
843 1855 1122 1924 ἐγένοντο
1155 1859 1215 1910 αι
1243 1857 1456 1926 ἡμέραι
1497 1857 1709 1914 Ἰακὼϐ
1746 1859 1959 1912 ἑκατὸν
1990 1875 2125 1911 τεσ-

549 1939 894 2008 σαράκοντα
919 1940 1069 1994 ἑπτὰ
1099 1940 1226 2007 ἐτη.
1255 1942 1355 1998 Διὰ
1379 1940 1537 1995 τοῦτο
1559 1945 1659 2014 τῆς
1692 1941 1837 2011 ζωῆς
1867 1941 2014 2011 αὐτῷ
2035 1941 2127 1995 τὸν

549 2023 740 2092 χρόνον
779 2023 967 2076 τοῦτον
1008 2022 1382 2095 ἐπεμέτρησεν
1411 2027 1438 2078 6
1469 2024 1624 2088 Θεὸς,
1665 2025 1751 2077 ἵνα
1793 2023 1894 2092 τῆς
1940 2022 2128 2078 ταλαιο

551 2107 781 2176 πωρίας,
806 2101 874 2180 ἧς
902 2106 960 2159 ἐν
989 2107 1151 2159 παντὶ
1179 2106 1257 2176 τῷ
1294 2107 1472 2178 χρόνῳ
1498 2107 1595 2178 τῆς
1623 2107 1768 2175 ζωῆς
1815 2106 2122 2176 ὑπέμεινεν,

548 2189 823 2259 ἀρκοῦσαν
867 2188 1218 2259 παραμυθίαν
1270 2189 1658 2260 κομισάμενος,
1703 2189 1848 2243 οὑτω
1889 2190 1979 2242 τὸν
2014 2189 2126 2260 βίον

549 2271 849 2344 καταλύσῃ.

632 2353 770 2408 Ἀλλ’
793 2357 841 2406 εἰ
873 2353 1146 2424 βούλεσθε,
1166 2355 1251 2408 ἵνα
1277 2355 1352 2426 μὴ
1383 2353 1460 2426 τῷ
1477 2355 1670 2426 πλήθει
1691 2354 1799 2408 τῶν
1823 2355 2126 2426 εἰρημένων

549 2436 960 2508 καταχὼσωμεν
1003 2438 1154 2508 ὑμῶν
1203 2439 1302 2510 τὴν
1334 2441 1576 2509 μνήμην,
1610 2439 1676 2493 τά
1722 2439 2017 2509 λειπόμενα
2045 2441 2126 2505 εἰς

545 2521 646 2589 τὴν
681 2521 807 2590 ἐξῆς
837 2521 1285 2592 ταμιευσάμενοι,
1320 2522 1552 2578 ἐνταῦθα
1582 2522 2003 2594 καταπαύσομεν
2035 2523 2125 2576 τὸν

545 2601 724 2670 λόγον,
780 2605 954 2660 ἐκεῖνο
1004 2604 1485 2674 παρακαλέσαντες
1538 2603 1692 2674 ὑμῶν
1739 2605 1837 2676 τὴν
1881 2607 2121 2675 ἀγάπην,

544 2682 687 2742 ὥστε
713 2684 851 2754 μετά
881 2686 1163 2757 ἀκριϐείας
1188 2687 1479 2759 προσέχειν
1507 2689 1621 2750 τοῖς
1659 2686 1992 2758 λεγομένοις,
2029 2689 2125 2742 καὶ

541 2767 643 2838 τὴν
694 2769 914 2839 μνήμην
960 2769 1178 2840 διηνεκῆ
1213 2769 1416 2827 τούτων
1453 2770 1773 2841 κεκτῆσθαι,
1815 2772 1908 2828 καὶ
1952 2770 2124 2826 ταῦτα

539 2852 803 2922 διηνεκῶς
830 2854 1078 2927 στρέφειν
1117 2855 1210 2906 ἐπὶ
1254 2855 1354 2925 τῆς
1390 2854 1649 2920 διανοίας,
1696 2855 1792 2908 καὶ
1815 2854 2123 2924 λογίζεσθαι

539 2938 638 3007 τὴν
667 2937 959 3009 ὑπομονὴν,
982 2939 1049 3008 ἣν
1074 2939 1122 2991 οἱ
1145 2937 1340 2991 δίκαιοι
1378 2931 1522 2991 οῦτοι
1549 2939 1816 3010 ὑπέμενον
1837 2977 1854 3002 ,
1895 2939 1994 3010 τὴν
2021 2957 2124 3010 μα-

545 3020 865 3091 κροθυμίαν,
893 3021 990 3092 τὴν
1019 3021 1222 3085 πίστιν,
1246 3022 1312 3093 ἢν
1335 3023 1709 3079 ἐπεδείκνυντο
1738 3022 1866 3093 περὶ
1892 3021 1988 3086 τάς
2029 3023 2123 3076 τοῦ

542 3101 676 3156 Θεοῦ
711 3104 1054 3173 ὑποσχέσεις,
1083 3104 1144 3156 οὐ
1176 3105 1680 3175 παρασαλευόμενοι
1726 3105 1816 3157 τὸν
1864 3105 2123 3176 λογισμὸν

539 3185 628 3240 διὰ
652 3187 720 3240 τά
753 3187 890 3257 μετά
916 3187 1013 3258 τὴν
1044 3187 1337 3257 ὑπόσχεσιν
1367 3188 1746 3258 συμπίπτοντα
1769 3205 1784 3220 σ
1833 3187 1968 3241 ἀλλά
1991 3189 2123 3260 ϐαρ·

543 3267 764 3339 ροῦντες
814 3271 880 3340 τῇ
933 3269 1026 3322 τοῦ
1092 3270 1560 3343 ἐπαγγειλαμένου
1616 3270 1888 3341 δυνάμει,
1950 3272 2123 3336 οὕτως

541 3353 756 3411 ᾶπαντα
798 3351 988 3423 πράως
1033 3351 1246 3422 ἔφερον,
1301 3354 1396 3405 καὶ
1422 3352 1510 3406 διά
1549 3352 1752 3406 τούτων
1781 3353 2121 3426 εὐδοκίμουν.

553 3435 681 3489 Ἰδοὺ
709 3436 816 3506 γάρ
863 3437 957 3488 καὶ
984 3437 1015 3487 6
1039 3435 1245 3498 δίκαιος
1275 3429 1428 3498 οὗτος
1463 3435 1602 3506 μετά
1640 3435 1703 3489 τὸ
1748 3439 1806 3490 ἐν
1855 3437 1997 3492 ἔτεσι
2031 3457 2121 3492 το-

541 3519 751 3584 σούτοις
779 3521 1041 3590 πενθῆσαι
1066 3519 1159 3572 τὸν
1205 3520 1399 3589 Ἰωσὴφ
1428 3519 1502 3582 ὼς
1523 3519 1949 3592 ἀποτεθνηκόττιι,
1982 3518 2120 3574 εἶδεν

540 3602 690 3674 [628]
717 3603 879 3657 αὐτὸν
912 3603 1010 3675 τὴν
1034 3601 1311 3673 βασιλείαν
1338 3602 1436 3671 τῆς
1467 3603 1742 3670 Αἰγύπτου
1779 3604 2074 3674 κατέχοντα
2101 3623 2116 3636 ·

539 3686 633 3738 καὶ
668 3688 696 3740 6
730 3685 1031 3754 θαυμάσιος
1066 3685 1264 3756 Ἰωσὴφ
1293 3684 1432 3755 μετά
1467 3684 1564 3756 τὴν
1593 3685 1856 3752 δουλείαν,
1899 3684 2036 3756 μετά
2056 3684 2119 3740 τδ

539 3770 931 3841 δεσμωτήριον,
961 3767 1099 3839 μετά
1129 3769 1196 3822 τά
1223 3768 1357 3822 ἀλλα
1382 3767 1587 3830 πάντα,
1641 3768 1780 3842 άπερ
1829 3770 2115 3841 ὑπέμεινε,

535 3855 636 3924 τὴν
665 3853 839 3923 ἀρχὴν
878 3852 1094 3906 ἀπασαν
1125 3851 1338 3921 ἐδέχετο
1382 3851 1482 3922 τῆς
1513 3849 1717 3922 χώρας.
1753 3852 1863 3906 Καὶ
1899 3853 1948 3906 εἰ
1995 3852 2121 3922 βου-

536 3934 763 4004 λοίμεθα
809 3933 1024 3996 ἐπιέναι
1052 3934 1234 3997 πάσας
1277 3933 1375 3996 τὰς
1407 3933 1465 3985 ἐν
1500 3935 1567 4004 τῇ
1617 3933 1812 4010 Γραφῇ
1861 3935 2119 4004 κειμένας

539 4019 800 4089 ἱστορίας,
823 4017 1127 4088 εὑρήσομεν
1155 4017 1279 4079 τοὺς
1301 4016 1388 4068 ἐπ’
1420 4018 1588 4088 ἀρετῇ
1619 4015 1864 4086 ἅπαντας
1899 4017 1986 4070 διά
2003 4033 2119 4068 πει-

541 4101 764 4171 ρασμῶν
801 4100 1160 4164 ὁδεύσαντας,
1208 4099 1302 4153 καὶ
1360 4098 1503 4151 οὐτω
1545 4098 1873 4167 δυνηθέντας
1918 4097 2119 4168 πολλὴν

535 4187 636 4256 τὴν
684 4184 888 4238 ἀνωθεν
935 4180 1341 4245 ἐπισπάσασθαι
1377 4181 1569 4251 ῥοπήν.
1602 4181 1668 4234 Εἰ
1701 4179 1884 4233 τοίνυν
1933 4179 2119 4250 βουλό-

541 4266 680 4337 μεθα
719 4266 810 4319 καὶ
832 4267 993 4336 ἡμεῖς
1015 4265 1115 4336 τῆς
1137 4262 1347 4330 εὐνοίας
1381 4261 1674 4333 ἀξιωθῆναι
1711 4264 1808 4334 τῆς
1835 4261 1988 4337 παρά
2020 4262 2115 4315 τοῦ

536 4348 695 4410 Θεοῦ,
752 4348 826 4419 μὴ
879 4347 1237 4419 ἀσχάλλωμεν
1284 4346 1342 4398 ἐν
1403 4348 1516 4408 τοῖς
1565 4346 1926 4416 πειρασμοῖς,
1981 4346 2117 4416 μηδὲ

533 4432 975 4504 δυσχεραίνωμεν
1027 4429 1163 4499 πρὸς
1192 4429 1259 4482 τά
1283 4429 1504 4482 ἐπιόντα
1529 4446 1546 4462 ·
1582 4428 1720 4482 ἀλλά
1753 4427 1952 4497 μᾶλλον
2000 4428 2117 4498 χαί-

541 4505 723 4586 ρωμεν
744 4514 838 4568 καὶ
858 4513 1278 4587 εὐφραινώμεθα
1309 4515 1374 4584 τῇ
1413 4513 1593 4572 πίστει
1631 4511 2002 4584 νευρούμενοι,
2036 4513 2117 4564 εἰ·

535 4600 688 4664 δότες
726 4600 806 4660 ὅτι
834 4597 1008 4670 ταύτῃ
1048 4597 1283 4668 μάλιστα
1313 4597 1513 4667 πολλῆς
1560 4596 1982 4667 ἀπολαυσόμεθα
2015 4598 2114 4666 τῆς

537 4682 816 4754 προνοίας,
851 4684 898 4734 εἰ
941 4671 1056 4752 μετ’
1083 4680 1432 4752 εὐχαριστίας
1482 4681 1694 4740 ἅπαντα
1727 4679 1913 4750 φέρειν
1962 4683 2115 4750 μελε-

535 4771 813 4837 τὴσωμεν.
861 4765 1075 4818 Γένοιτο
1115 4765 1170 4817 δὲ
1201 4765 1407 4828 πάντας
1435 4763 1584 4836 ἡμᾶς
1623 4764 1717 4817 καὶ
1756 4763 1844 4816 τὸν
1871 4763 2114 4833 παρόντα

539 4851 657 4922 βίον
694 4852 752 4903 ἐν
780 4851 950 4926 ἀρετῇ
1007 4849 1291 4918 διάγοντας
1338 4849 1447 4903 τῶν
1497 4849 1795 4919 μελλόντων
1840 4850 2113 4918 ἐπιτυχεῖν

535 4935 781 5004 ἀγαθῶν,
817 4934 1000 5004 χάριτι
1051 4935 1147 4987 καὶ
1181 4931 1561 5003 φιλανθρωπίᾳ
1593 4931 1687 4985 τοῦ
1723 4932 1926 5001 Κυρίου
1957 4931 2114 5002 ἡμῶν

549 5015 724 5087 Ἰησοῦ
779 5014 1036 5087 Χριστοῦ,
1092 5016 1210 5085 μεθ’
1238 5009 1298 5070 οῦ
1327 5015 1404 5086 τῷ
1448 5016 1642 5086 Πατρὶ,
1688 5014 1806 5085 ἃμα
1857 5013 1934 5083 τῷ
1973 5014 2115 5082 ἀγίῳ

536 5099 838 5171 Πνεύματι,
869 5099 1018 5164 δόξα,
1063 5098 1286 5169 κράτος,
1335 5100 1490 5170 τιμὴ,
1527 5099 1622 5152 νῦν
1651 5101 1746 5152 καὶ
1769 5098 1876 5159 ἀεὶ,
1905 5098 1999 5150 καὶ
2037 5099 2116 5168 εἰς

534 5185 663 5247 τοὺς
691 5184 892 5247 αἰῶνας
920 5181 1028 5235 τῶν
1052 5180 1282 5235 αἰώνων.
1327 5183 1517 5252 Ἀμήν.

1138 5266 1385 5318 ΟΜΙΛΙΑ
1407 5263 1540 5331 εςο.

603 5349 832 5417 ίγγισαν
863 5347 960 5411 δὲ,
997 5347 1183 5417 φησὶν,
1225 5349 1285 5400 al
1315 5347 1526 5417 ἡμέραι
1563 5344 1807 5417 Ἰσραὴλ
1832 5344 1938 5417 τοῦ
1966 5346 2114 5417 ἀπο-

606 5413 831 5481 θανεῖν,
851 5419 948 5471 καὶ
979 5413 1237 5470 ὲκᾶλεσε
1263 5413 1370 5469 τὸν
1390 5413 1524 5469 υἰὸν
1547 5414 1730 5468 αὐτοῦ
1750 5413 1857 5467 τόν
1878 5415 2111 5482 Ἰωσὴφ,

607 5489 706 5542 καὶ
737 5484 904 5541 εἶπεν
923 5487 1082 5552 αὐτῷ
1103 5505 1116 5517 ·
1135 5489 1204 5541 El
1227 5486 1451 5553 εὕρηκα
1479 5485 1654 5554 χάριν
1672 5485 1948 5536 ἐναντίον
1973 5502 2111 5542 σου.

607 5559 830 5622 ὑπόθες
858 5556 974 5623 τὴν
1005 5557 1172 5624 χεῖρά
1202 5571 1320 5611 σου
1343 5555 1460 5614 ὑπὸ
1490 5555 1598 5612 τὸν
1619 5554 1823 5624 μηρόν,
1835 5571 1985 5624 μου,
2015 5554 2116 5607 καί

609 5629 885 5694 ποιήσεις
913 5623 1011 5678 ἐπί
1053 5623 1156 5694 ἐμὲ
1208 5626 1628 5693 ἐλεημοσύνην
1655 5623 1750 5694 καί
1795 5623 2112 5694 ἀλήθειαν,

611 5697 715 5751 τοῦ
739 5692 830 5767 μή
866 5714 944 5766 με
982 5692 1167 5767 θάψαι
1217 5696 1287 5747 ἐν
1336 5692 1610 5767 Αἰγύπτῳ
1639 5710 1652 5721 '
1686 5692 1846 5767 aug:
1873 5763 1883 5767 _
1907 5711 2112 5767 κοιμη-

615 5762 880 5840 ρρσὁμαί
895 5769 1045 5835 μετὰ
1067 5762 1506 5840 τῶνπατέρων
1529 5781 1649 5840 μου
1661 5779 1694 5840 _'
1727 5762 1823 5840 καὶ
1853 5763 2111 5840 ἀρεῖς-με

612 5836 680 5895 ἐξ
719 5833 1038 5903 Αἰγύπτου,
1066 5836 1163 5888 καί
1194 5835 1405 5902 θάψεις
1430 5853 1504 5902 με
1525 5835 1593 5887 ἐν
1615 5833 1691 5897 τῷ
1716 5833 1878 5903 τάφῳ
1892 5833 2114 5903 αὐτῶν,

628 5904 690 5953 ’0
719 5901 983 5956 δὲήεῖπεν
1007 5923 1022 5936 ο
1052 5904 1192 5973 Ἐγὼ
1225 5901 1455 5971 ποιήσω
1506 5903 1650 5958 κατὰ
1685 5902 1746 5956 τὸ
1773 5901 1938 5972 ῥῆμά
1975 5917 2111 5957 σου.

610 6012 640 6049 ⁸
669 6013 769 6064 Δίλὶ
792 6015 964 6062 nolim}
978 6018 1112 6070 ὀκονς
1132 6017 1230 6069 τας.

1244 413 1301 472 S.
1337 412 1624 470 JUANNIS
1660 414 2155 475 CHRYSOSTOMI
2194 418 2512 477 ARCHIEP.
2553 421 3099 482 CONSTANTINOP.

3693 427 3820 483 565

2307 531 2455 590 Εἵπε
2478 537 2544 591 δέ
2574 553 2589 569 ο
2617 539 2882 608 Ὄμοσόν
2902 557 3024 608 μοι.
3074 536 3185 590 Kal
3221 532 3458 608 ὤμοσεν
3483 534 3663 608 afui),
3701 537 3822 608 (Kal

2306 605 2767 693 προσεκύνησεν
2793 605 3031 678 Ἰσραὴλ
3054 608 3152 660 ἐ·πί
3173 607 3237 659 τὸ
3263 605 3448 675 ἄκρον
3467 605 3572 673 τῆς
3584 606 3825 674 ράὄόον

2305 691 2510 732 αυτου.

2311 785 2380 834 α’.
2395 780 2529 852 Φέρε
2549 781 2642 834 καί.
2663 781 2901 852 σήμερον
2924 781 2985 834 τὸ
3003 780 3156 846 τέλος
3179 779 3454 850 ἐπιθῶμεν
3475 781 3542 848 τῇ
3559 780 3694 832 κατὰ
3719 778 3827 831 τὸν

2248 862 2440 918 Ἰακὼό
2469 863 2741 934 διηγήσει,
2773 863 2868 916 καὶ
2900 863 3098 932 ἴδωμεν
3150 862 3271 916 τίνα
3307 863 3477 925 ἐστὶν,
3521 861 3562 915 ἃ.
3597 861 3823 931 μέλλων

2234 943 2525 1000 καταλύειν
2558 946 2650 998 τὸν
2688 945 2801 1015 βίον
2826 946 3185 998 διατάττεται.
3231 944 3390 997 Ἀλλά
3438 944 3623 1014 μηδεὶς
3674 943 3826 1013 προς

2233 1028 2332 1099 τὴν
2377 1027 2472 1081 νῦν
2501 1029 2610 1082 τῶν
2642 1029 2983 1100 πραγμάτων
3029 1027 3360 1080 κατάστασιν
3394 1026 3610 1096 ἀφορῶν
3637 1024 3827 1078 ταῦτα

2234 1111 2530 1165 ἀπαιτείτω
2577 1110 2728 1184 παρά
2770 1111 2879 1166 τῶν
2934 1111 3054 1163 τότε
3101 1111 3342 1175 δικαίων,
3374 1108 3516 1179 άπερ
3543 1108 3637 1162 νῦν
3681 1108 3826 1169 τοὺς

2233 1195 2458 1256 πιστοὺς
2507 1195 2814 1263 φιλοσοφεῖν
2847 1195 3150 1264 προσῆκενο
3182 1192 3318 1245 ἀλλά
3363 1193 3497 1261 πρὸς
3527 1192 3653 1253 τούς
3681 1207 3823 1243 και,-

2233 1277 2360 1347 ροὺς
2389 1276 2483 1330 καὶ
2523 1276 2591 1330 τὰ
2641 1278 2941 1348 πράγματα
2977 1277 3226 1346 κρινέτω.
3258 1273 3441 1327 Ταῦτα
3467 1274 3523 1325 δὲ
3554 1272 3826 1342 ἐπίτηδες

2230 1361 2704 1431 ἐπροοιμιασάμην
2727 1360 2754 1399 δ
2772 1359 2858 1412 διά
2885 1358 2953 1412 τά
2981 1359 3238 1430 μέλλοντα
3294 1356 3401 1410 ὑπὸ
3415 1355 3508 1409 τοῦ
3537 1357 3826 1426 πατριάρ-

2229 1459 2326 1512 χου
2355 1442 2432 1512 τῷ
2464 1443 2662 1513 Ἰωσὴφ
2689 1440 2962 1511 λέγεσθαι.
3000 1443 3132 1497 Τίνα
3158 1441 3214 1496 δέ
3247 1442 3420 1500 ἐστιν,
3463 1437 3824 1507 ἀκούσωμεν

2233 1527 2520 1594 Ἥγηνσαν
2548 1525 2634 1587 δὲ,
2668 1527 2852 1596 φησὶν,
2887 1528 2947 1578 al
2977 1524 3188 1592 ἡμέραι
3234 1521 3478 1589 Ἰσραὴλ
3513 1521 3619 1574 τοῦ
3649 1522 3824 1574 ἀετο-

2228 1607 2450 1670 θανεῑν,
2484 1608 2580 1660 καί
2608 1607 2864 1662 ἐκάλεσε
2889 1608 2995 1662 τὸν
3036 1608 3172 1662 υἱὸν
3197 1605 3385 1660 αὐτοῦ
3410 1605 3517 1658 τὸν
3551 1604 3820 1670 Ἰωσὴφ,

2227 1691 2327 1744 καί
2361 1689 2530 1745 εἶπεν
2558 1691 2717 1757 αὐτῷ
2735 1709 2748 1722 ·
2784 1694 2852 1746 El
2880 1692 3105 1759 εὕρηκα
3145 1691 3322 1760 χάριν
3347 1689 3626 1742 ἐναντίον
3655 1703 3821 1748 σου,

2224 1776 2445 1842 ὑπόθες
2483 1775 2596 1841 τὴν
2632 1773 2799 1844 χεῖρά
2836 1792 2952 1828 σου
3004 1774 3119 1827 ὑπὸ
3169 1773 3275 1825 τὸν
3306 1773 3497 1839 μηρόν
3523 1788 3667 1839 μου,
3700 1769 3820 1821 καὶ

2223 1857 2495 1925 ποιήσεις
2530 1860 2622 1912 ἐπ’
2651 1859 2756 1928 ἐμὲ
2786 1857 3206 1925 ἐλεημοσύνην
3222 1856 3320 1910 καὶ
3345 1854 3656 1920 ἀλήθειαν,
3687 1853 3818 1906 τοῦ

2217 1940 2302 2009 μή
2350 1959 2427 2010 με
2474 1941 2658 2008 θάψαι
2704 1941 2774 1994 ἐν
2816 1940 3112 2008 Αἰγύπτῳ·
3149 1939 3311 1992 ἀλλὰ
3355 1935 3814 2006 κοιμηθήσυμαι

2222 2025 2366 2092 μετὰ
2386 2022 2503 2076 τῶν
2517 2023 2783 2092 πατέρων
2809 2041 2927 2093 μου
2943 2040 2957 2054 °
2988 2022 3085 2075 καί
3112 2021 3274 2090 ἀρεῖς
3289 2037 3366 2090 με
3384 2020 3452 2084 ἐξ
3471 2021 3817 2089 Αἰγύπτου,

2222 2106 2320 2159 καί
2353 2105 2562 2175 θάψεις
2588 2125 2664 2176 με
2688 2107 2758 2160 ἐν
2799 2105 2878 2170 τῷ
2906 2103 3068 2174 τάφῳ
3115 2103 3333 2158 αὐτῶν.
3387 2103 3450 2156 '0
3499 2103 3564 2155 δὲ
3619 2100 3765 2157 εἷπε
3794 2117 3813 2130 ·

2221 2189 2458 2254 Ποιήσω
2475 2189 2622 2243 κατά
2647 2189 2712 2242 τὸ
2731 2187 2896 2257 ῥῆμά
2914 2203 3047 2241 σου.
3077 2183 3226 2241 Εἷπε
3249 2185 3336 2240 δέ’
3370 2187 3636 2255 Ὅμοσόν
3681 2203 3812 2255 μοι.

2186 2275 2194 2284 '
2221 2271 2331 2323 Kal
2363 2270 2598 2339 ὤμοσεν
2617 2270 2794 2336 αὐτῷ.
2813 2269 2922 2324 Kal
2947 2271 3406 2338 προσεκύνησεν
3441 2269 3694 2338 Ἰσραὴλ
3709 2270 3815 2323 ἐπι

2222 2353 2288 2407 τὸ
2319 2353 2504 2421 ἀκρον
2529 2354 2641 2422 τῆς
2662 2353 2892 2422 ῥάϐδου
2913 2353 3118 2407 αὑτοῦ.

2295 2436 2486 2490 Πολλοὶ⁵
2507 2436 2614 2488 τῶν
2650 2435 3022 2507 μικροψύχων,
3057 2434 3277 2488 ἐπειδὰν
3319 2435 3682 2504 παραινῶμεν
3713 2434 3817 2487 αὐ-

2219 2523 2333 2578 τοῖς
2383 2520 2458 2590 μὴ
2502 2518 2671 2572 πολὺν
2722 2519 2991 2572 ποιεῖσθαι
3035 2517 3192 2587 λόγον
3226 2518 3358 2588 περὶ
3407 2516 3613 2586 ταφῆς,
3668 2516 3814 2588 μηδὲ

2227 2601 2686 2672 περισπούδαστον
2729 2605 2963 2676 πρᾶγμα
2990 2607 3245 2680 ἡγεῖσθαι
3281 2609 3343 2663 τὸ
3374 2611 3483 2665 ἀπὸ
3508 2612 3614 2683 τῆς
3650 2615 3819 2668 ἀλλο-

2225 2685 2380 2756 τρίας
2409 2686 2500 2738 ἐπὶ
2538 2685 2635 2758 τὴν
2667 2688 2871 2741 οἰκείαν
2907 2690 3138 2761 πατρίδα
3181 2692 3290 2745 τῶν
3339 2694 3822 2766 τετελευτηκότων

2223 2769 2292 2823 τά
2335 2768 2560 2838 λείψανα
2606 2771 2936 2839 ἐπανάγειν,
2986 2772 3189 2845 ταύτην
3235 2777 3369 2845 ήμῖν
3411 2778 3820 2845 προϐάλλονται

2223 2853 2323 2925 τὴν
2357 2854 2610 2925 ἱστορίαν,
2649 2855 2802 2928 [629]
2835 2855 3159 2924 φάσκοντες,
3193 2861 3288 2913 καὶ
3315 2859 3407 2914 τὸν
3454 2864 3819 2936 πατριάρχην

2223 2939 2491 3018 τοσαύτην
2516 2940 2654 3010 ὐπέρ
2672 2939 2858 2994 τούτου
2882 2942 3212 3013 πεποιῆσθαι
3233 2945 3332 3014 τὴν
3358 2946 3820 3016 φροντίδα.Ἀλλά

2224 3023 2436 3093 πρῶτον
2461 3023 2580 3093 μὲν,
2604 3025 2738 3096 ὅπερ
2768 3024 2938 3095 ἔφθην
2961 3026 3150 3092 εἰπὼν,
3176 3027 3336 3081 τοῦτο
3367 3028 3449 3080 δεῖ
3471 3028 3819 3097 λογίζεσθαι,

2221 3107 2304 3160 ὅτι
2356 3107 2417 3159 οὐ
2468 3107 2736 3178 τοσαύτην
2781 3109 2902 3162 τότε
2936 3109 3035 3181 τὴν
3077 3110 3396 3180 φιλοσοφίαν
3444 3112 3821 3184 ἀπῃτοῦντος,

2222 3193 2353 3260 ὅσην
2387 3192 2435 3243 οἰ
2466 3189 2579 3244 νῦν·
2614 3190 2802 3245 ἔπειτα
2831 3193 2912 3247 ὅτι
2946 3196 3039 3248 καὶ
3073 3195 3231 3248 τοῦτο
3257 3196 3391 3249 αὐτὸ
3425 3196 3523 3266 οὐχ
3553 3197 3760 3261 ἀπλῶς
3792 3201 3824 3253 6

2223 3276 2430 3337 δίκαιος
2486 3274 2753 3346 ἐϐουλήθη
2815 3277 3106 3345 γενέσθαι,
3169 3279 3285 3332 ἀλλ’
3343 3279 3563 3344 ἐλπίδας
3626 3281 3821 3346 αὐτοῖς

2224 3357 2462 3428 χρηστὰς
2513 3358 2849 3427 ὑποφαίνων,
2889 3360 2965 3423 ὡς
2991 3362 3086 3414 καὶ
3126 3362 3282 3415 αὐτοὶ
3329 3363 3428 3432 ὀψέ
3466 3379 3599 3417 ποτε
3646 3364 3824 3419 ἐπαν-

2223 3439 2442 3510 ήξουσιν
2467 3443 2548 3503 εἰς
2578 3441 2676 3514 τὴν
2705 3442 2811 3512 γῆν
2838 3443 2937 3513 τῆς
2966 3445 3320 3513 ἐπαγγελίας.
3351 3446 3460 3500 Καὶ
3485 3448 3566 3500 ὅτι
3602 3448 3823 3519 ταύτης

2225 3523 2550 3604 ἐνεκενᾲτῆς
2600 3525 2780 3590 αίτίας
2835 3527 2995 3581 τοῦτο
3051 3528 3367 3596 διετάξατο,
3425 3531 3823 3604 φανερώτερον

2225 3603 2371 3672 ἡμᾶς
2413 3601 2656 3682 διδάσκει
2698 3605 2726 3656 ὁ
2768 3604 2957 3658 τούτου
3003 3611 3131 3670 παῖς
3176 3610 3422 3678 φάσκων.
3467 3601 3823 3682 Ἐπίισκοπῆ

2223 3678 2614 3748 ἐπισκέψεται
2659 3686 2692 3735 ό
2731 3683 2875 3749 Θεὸς
2921 3683 3100 3753 ὑμᾶς,
3142 3687 3242 3740 καί
3287 3689 3701 3743 συνανοίσετε
3748 3678 3823 3744 τά

2226 3762 2377 3818 ὀστᾶ
2419 3781 2539 3833 μου
2591 3765 2892 3819 ἐντεῦθεν.
2941 3767 3066 3820 Ὄτι
3113 3770 3224 3838 γάρ
3268 3772 3382 3835 τοῖς
3424 3771 3523 3841 τῆς
3566 3771 3824 3837 πίστεως

2225 3841 2520 3912 ὀφθαλμοῖς
2562 3843 2631 3898 τά
2677 3845 2937 3914 μέλλοντα
2984 3849 3378 3916 ἐφαντάζοντο,
3424 3853 3592 3906 ἄκουε
3642 3853 3822 3909 αὐτοῦ

2225 3920 2338 4004 ἤδηΔ
2358 3921 2612 4004 κοίμησιν
2645 3923 2736 4004 τὸν
2768 3923 2997 4004 θάνατον
3021 3926 3302 3996 λέγοντος·
3337 3931 3469 4001 φησὶ
3497 3931 3642 4004 γάρ·
3677 3934 3825 3987 Κοι-

2219 3999 2570 4078 μηθήσομαι
2592 4002 2744 4070 μετὰ
2769 4001 2890 4057 τῶν
2919 4005 3191 4076 πατέρων
3213 4026 3354 4078 μου.
3391 3999 3490 4062 Διά
3515 3999 3688 4064 τοῦτο
3725 4013 3827 4066 καὶ

2227 4077 2435 4143 Παῦλος
2458 4079 2634 4148 ἔλεγε·
2662 4081 2824 4135 Κατὰ
2850 4084 3063 4138 πίστιν
3077 4077 3383 4142 ἀπέθανον
3404 4085 3568 4143 οὗτοι
3585 4088 3828 4155 πάντες

2211 4198 2253 4248 μ
2265 4180 2297 4249 ὶι
2337 4177 2725 4247 κομισάμενοι
2756 4178 2862 4242 τὰς
2883 4175 3264 4244 ἐπαγγελίας,
3296 4174 3458 4227 ἀλλὰ
3488 4175 3817 4242 πόρρωθεν

2215 4265 2402 4331 αὐτὰς
2431 4265 2660 4330 ἰδόντες
2692 4263 2789 4316 καί
2840 4259 3285 4329 ἀσπασάμενοι.
3320 4260 3476 4326 Πῶς;
3530 4261 3668 4325 Ἰὀίς
3709 4265 3815 4333 τῆς

2216 4351 2450 4412 πίστεως
2482 4347 2796 4417 ὀφθαλμοῖς.
2831 4345 3038 4414 Μηδεὶς
3068 4345 3247 4404 τοίνυν
3290 4345 3561 4414 νομιζέτω
3599 4363 3814 4417 μικρο.

2214 4433 2413 4503 ψυχίας
2435 4427 2571 4484 εἶναι
2613 4429 2710 4502 τὴν
2748 4428 3011 4499 διάταξιν,
3038 4428 3172 4480 ἀλλά
3200 4427 3292 4479 καὶ
3319 4427 3426 4480 ἀπὸ
3457 4427 3549 4479 τοῦ
3604 4428 3816 4499 καιροῦ

2214 4519 2308 4570 καὶ
2337 4515 2443 4568 ἀπὸ
2471 4514 2563 4567 τοῦ
2590 4514 2830 4585 προορᾷν
2873 4513 2974 4583 τὴν
3019 4511 3316 4582 μέλλουσαν
3345 4511 3527 4564 αὐτῶν
3576 4512 3816 4568 ἔσεσθαι

2215 4595 2494 4657 ἐπάνοδον,
2543 4593 2721 4663 πάσης
2762 4592 2939 4654 αἰτίας
2986 4589 3266 4643 ἀπολυέτω
3296 4589 3387 4641 τὸν
3418 4589 3654 4642 δίκαιον.
3695 4591 3818 4644 Νῦν

2219 4675 2317 4745 μὲν
2346 4673 2474 4744 γὰρ,
2505 4671 2690 4743 ἐπειδὴ
2718 4671 2782 4723 τὰ
2808 4670 2905 4739 τῆς
2936 4668 3253 4738 φιλοσοφίας
3278 4668 3515 4738 ἐπετάθη
3543 4669 3694 4737 μετά
3715 4671 3818 4740 τὴν

2214 4753 2308 4806 τοῦ
2339 4751 2570 4824 Χριστοῦ
2601 4751 2922 4822 παρουσίαν,
2954 4749 3179 4812 εἰκότως
3205 4747 3270 4801 ἀν
3293 4765 3380 4810 τις
3412 4747 3702 4817 μέμψαιτο
3738 4749 3819 4819 τῷ

2215 4833 2283 4886 τά
2303 4831 2525 4886 τοιαῦτα
2547 4831 2962 4899 ἐπισκήπτοντι.

2287 4913 2398 4964 Καὶ
2446 4911 2519 4979 μὴ
2573 4907 2906 4971 ταλανιζέτω
2951 4905 3048 4958 τὸν
3093 4905 3179 4957 ἐπ’
3205 4903 3499 4974 ἀλλοτρίας
3555 4901 3659 4954 τὸν
3698 4903 3820 4974 βίον

2216 4987 2612 5048 καταλύσαντα,
2654 4985 2789 5056 μηδέ
2836 4986 2926 5038 τὸν
2973 4985 3059 5036 ἐπ’
3099 4983 3338 5053 ἐρημίας
3369 4985 3470 5053 τῆς
3515 4983 3823 5054 παρούσης

2218 5069 2361 5136 ζωῆς
2394 5065 2808 5137 μεθιστάμενον.
2847 5063 2981 5119 Οὐδὲ
3010 5062 3117 5132 γὰρ
3149 5063 3177 5121 6
3201 5059 3442 5124 τοιοῦτος
3464 5060 3822 5132 ταλανισμοζ.

2217 5146 2384 5210 ἄξιος,
2410 5143 2522 5197 ἀλλ’
2549 5145 2577 5196 6
2607 5144 2661 5194 ἐν
2690 5142 2985 5210 ἁμαρτίαις
3006 5138 3306 5208 τεθνηκὼς,
3325 5138 3428 5191 κάν
3450 5139 3542 5190 ἐπὶ
3565 5138 3674 5207 τῆς
3703 5139 3822 5191 κλί-

2215 5239 2331 5291 νης,
2348 5221 2450 5274 κᾶν
2473 5219 2564 5271 ἐπὶ
2590 5218 2688 5286 τῆς
2703 5217 2898 5279 οἰκίας,
2919 5216 3021 5268 κᾶν
3047 5215 3152 5267 τῶν
3169 5215 3493 5284 ἐπιτηδείων
3516 5216 3821 5284 παρόντων

2214 5301 2306 5353 τὸν
2342 5300 2454 5369 βίον
2496 5295 2798 5366 καταλύσῃ.
2844 5295 2953 5346 Καὶ
3009 5294 3081 5363 μή
3133 5294 3329 5362 μοιτά
3385 5291 3569 5363 ψυχρά
3619 5296 3825 5352 ἐκεῖνα

2218 5381 2437 5450 ῥήματα
2465 5379 2559 5430 καὶ
2573 5377 2806 5444 γέλωτος
2823 5373 3060 5444 γέμοντα
3081 5373 3175 5425 καὶ
3192 5373 3380 5434 ἀνοίας
3409 5373 3582 5443 μεστά
3599 5372 3825 5440 λεγέτω

2214 5473 2320 5519 τιςο
2365 5456 2422 5508 '0
2439 5455 2585 5508 δεῖνα
2614 5453 2772 5514 κυνὸς
2795 5451 3117 5520 ἀτιμότερον
3146 5450 3560 5518 τετελεύτηκεν.
3586 5452 3827 5516 οὐδενὸς

2214 5536 2324 5589 τῶν
2373 5534 2664 5603 γνωρίμων
2717 5529 2866 5599 αὐτῷ
2910 5529 3198 5599 παρόντος,
3239 5529 3359 5582 οὐδὲ
3395 5529 3462 5580 τά
3493 5527 3589 5597 τῆς
3632 5531 3828 5599 ταφῆς

2215 5613 2364 5683 αὐτῷ
2391 5615 2686 5686 παρασχεῖν
2708 5609 3044 5678 δυνηθέντος,
3073 5607 3188 5659 ἀλλ’
3222 5609 3281 5673 ἐξ
3312 5609 3506 5678 ἐράνου
3546 5608 3652 5659 καὶ
3690 5611 3830 5661 πολ-

2215 5693 2322 5745 λῶν
2347 5709 2506 5745 τινων
2550 5689 3089 5754 συνεισενεγκόντων,
3123 5685 3266 5738 οὕτω
3309 5687 3374 5738 τὰ
3405 5685 3539 5756 πρὸς
3572 5686 3690 5756 τὴν
3722 5707 3830 5759 κη..

2217 5770 2364 5822 δείαν
2395 5768 2542 5839 αὐτῷ
2591 5765 2920 5838 παρεσχέθη.
2981 5764 3056 5816 Οὐ
3109 5763 3266 5817 τοῦτό
3297 5765 3464 5829 ἐστιν,
3515 5763 3826 5835 ἄνθρωπε,

2221 5849 2379 5911 κυνὸς
2416 5845 2736 5916 ἀτιμότερον
2769 5842 3235 5911 τετελευτηκέναι.
3263 5842 3305 5892 Τ
3314 5842 3328 5893 ί
3354 5842 3464 5913 γὰρ
3500 5844 3528 5894 6
3558 5847 3833 5912 τοιοῦτος

2288 5959 2315 5996 h
2357 5956 2450 6005 A‘ii
2496 5956 2616 6003 ἀλλά
2653 5955 2732 6002 τὸν
2771 5955 2932 6014 καιρὸν
2977 5955 3288 6014 λογιζόμενος,
3330 5955 3456 6017 οὕτω
3501 5957 3720 6017 κρινέτω
3768 5956 3838 6007 τὰ

2231 6020 2497 6084 πράγματα.
2527 6017 2687 6068 Ταῦτα
2713 6018 2762 6064 δὲ
2789 6017 2998 6071 ἐπίτηδες
3021 6016 3447 6076 προητοιμαοάμην
