4038 6358
138 453 155 472 ο
216 413 371 482 “sca

258 543 396 611 gniti
424 549 549 596 sunt
572 541 616 595 si
642 540 760 610 quis
784 540 1023 605 coluerit,
1049 556 1152 594 non
1183 542 1351 596 solum
1382 556 1561 610 parem
1587 552 1840 607 asseque-

265 648 355 687 tur
402 632 803 687 retributionem
826 673 840 694 ,
872 632 963 685 sed
1006 632 1363 700 multipliciter
1406 630 1695 700 majorem,
1733 631 1843 685 cle-

261 732 447 777 mente
495 723 607 776 Deo
649 737 715 775 ex
762 722 1081 776 abundantia
1119 722 1497 775 misericordia:
1542 736 1751 791 semper
1779 738 1840 775 ea

259 829 383 882 quae
410 828 441 866 a
472 813 625 866 nobis
652 812 784 866 fluuit
801 814 1063 867 vincente.
1082 813 1157 866 Ne
1182 813 1338 883 igitur
1363 813 1527 867 simus
1550 812 1842 867 deteriores

228 914 237 917 '
260 904 590 970 infidelibus,
617 904 706 973 qui
733 914 950 973 propter
979 905 1237 959 idolorum
1272 922 1507 959 errorem
1535 906 1707 961 adhuc
1734 915 1841 960 tan-

262 1006 373 1047 tum
404 996 605 1048 cultum
635 995 886 1051 exhibent
929 997 1139 1049 illorum
1185 996 1392 1050 famulis
1422 1014 1436 1050 :
1464 996 1559 1051 sed
1591 1006 1841 1066 quantum

257 1087 549 1142 discrimen
579 1098 661 1141 est
685 1103 921 1141 errorem
954 1089 1088 1142 inter
1110 1098 1162 1142 et
1182 1090 1484 1153 veritatem,
1512 1098 1667 1159 atque
1706 1090 1844 1143 inter

255 1178 574 1232 sacerdotes
602 1178 722 1232 illos
746 1186 800 1232 et
838 1179 931 1232 Dei
960 1179 1291 1244 sacerdotes;
1324 1188 1523 1233 tantam
1555 1181 1605 1233 in
1643 1181 1843 1235 honore

258 1277 421 1334 atque
448 1267 593 1322 cultu
622 1268 973 1322 dill‘erentiam
1012 1270 1360 1324 exhibeamus
1381 1312 1396 1334 ,
1428 1280 1486 1324 ut
1526 1272 1694 1325 multo
1723 1272 1843 1340 plu-

260 1372 350 1411 res
371 1373 620 1427 supernte
646 1359 798 1414 nobis
840 1360 1214 1418 retributiones
1249 1371 1572 1416 accrescant.
1603 1361 1691 1417 2'5.
1728 1361 1841 1415 Ha-

260 1450 437 1502 bitavit
460 1459 626 1503 autem
649 1451 806 1505 Iacob
831 1452 883 1505 in
913 1450 1164 1523 £gypto,
1195 1464 1240 1507 et
1267 1455 1401 1508 aucti
1428 1465 1564 1522 sunt,
1597 1465 1644 1510 et
1668 1456 1813 1510 multi
1823 1488 1842 1499 -

260 1540 439 1607 plicati
477 1550 595 1593 sunt
621 1542 783 1595 valde.
814 1543 939 1596 Erat
965 1545 1104 1597 enim
1135 1544 1248 1598 haec
1293 1546 1572 1615 promissio
1611 1547 1700 1601 Dei
1739 1547 1839 1616 ipsi

257 1629 425 1690 facta,
454 1629 666 1683 Faciant
696 1642 741 1685 te
764 1633 869 1686 illic
891 1635 943 1686 in
979 1644 1172 1704 gentem
1194 1652 1446 1705 magnam.
1475 1635 1563 1689 20.
1587 1636 1652 1689 Et
1676 1653 1844 1706 super-

257 1720 385 1772 vixit
426 1719 585 1774 Iacob
623 1722 789 1776 decem
827 1734 873 1777 et
914 1733 1101 1792 septem
1137 1727 1301 1779 annis.
1328 1725 1392 1779 Et
1420 1728 1540 1796 facti
1581 1738 1695 1781 sunt
1736 1729 1843 1783 dies

255 1810 424 1863 Jacob
444 1813 566 1865 anni
583 1822 780 1866 centum
807 1814 1138 1887 quadraginta
1161 1828 1366 1885 septem.
1396 1818 1679 1886 Propterea
1705 1818 1843 1873 Deus

256 1901 538 1957 dimensus
567 1912 649 1957 est
675 1908 721 1958 ei
761 1903 863 1959 hoc
903 1914 1107 1975 tempus
1137 1907 1257 1961 vitae
1281 1950 1295 1973 ,
1326 1917 1383 1962 ut
1426 1917 1543 1977 post
1572 1910 1838 1964 miseriam

256 2006 425 2058 quam
453 2000 562 2045 toto
586 1994 707 2047 vitae
736 2004 977 2064 tempore
1014 1998 1299 2064 sustinuit,
1326 2001 1683 2055 consolatione
1731 2017 1844 2053 ma-

254 2096 361 2148 gna
393 2091 605 2151 accepta
635 2082 757 2138 hinc
793 2086 1059 2155 migraret.

334 2171 551 2227 Moralis
578 2177 850 2229 conclusio.
881 2206 947 2219 -ι
974 2179 1188 2246 Verum,
1218 2181 1259 2234 si
1285 2182 1442 2235 vultis
1467 2223 1479 2243 ,
1510 2198 1574 2236 nc
1602 2183 1839 2236 multituo

252 2265 387 2319 diue
427 2264 689 2320 dictorum
735 2270 1044 2323 memoriam
1089 2281 1313 2325 vestram
1364 2273 1668 2338 obruamus,
1719 2291 1837 2343 qua:

259 2356 464 2424 reliqua
496 2367 617 2411 sunt
658 2361 1076 2426 reservabimus,
1105 2370 1158 2416 et
1187 2362 1343 2417 tinem
1380 2366 1634 2420 orationis
1677 2365 1838 2420 facie-

256 2462 382 2499 tuus
411 2465 426 2501 :
458 2457 687 2503 vestram
723 2459 899 2505 autem
936 2453 1210 2506 caritatem
1252 2454 1351 2509 hoc
1375 2458 1751 2526 rogaverimus,
1785 2470 1841 2513 ut

255 2539 546 2608 diligenter
578 2540 641 2593 iis
662 2555 783 2610 qua:
806 2541 1053 2596 dicuntur
1084 2542 1389 2613 intendatis,
1425 2555 1478 2601 et
1506 2547 1616 2617 ipsa
1648 2565 1837 2619 perpe-

257 2638 366 2682 tuat
394 2631 664 2685 memoriae
693 2634 1361 2700 commendetis,eontinuo
1390 2638 1441 2691 iu
1469 2648 1644 2693 mente
1668 2651 1835 2695 vestra

256 2731 554 2786 versantes,
579 2731 633 2777 et
656 2725 949 2792 cogitantes
978 2736 1226 2795 quantam
1254 2729 1695 2800 patientiamjusti
1721 2748 1839 2788 sus-

256 2811 537 2877 tinuerint,
566 2829 828 2884 quamque
885 2816 1333 2886 longanimitatem
1365 2830 1419 2875 et
1452 2821 1607 2875 fidem
1638 2823 1688 2876 in
1718 2839 1838 2893 pro-

255 2902 599 2957 missionibus
650 2904 743 2958 Dei
791 2905 1096 2974 habuerint,
1142 2924 1247 2963 non
1300 2909 1479 2965 animo
1526 2911 1837 2969 fluctuantes

258 3003 481 3062 propter
505 3012 564 3048 ea
588 3012 704 3065 qua:
728 3008 844 3066 post
868 3001 1245 3067 promissiones
1264 3003 1575 3058 eveniebant
1603 3024 1615 3058 :
1647 3006 1740 3061 sed
1770 3006 1839 3060 ﬁ-

251 3084 450 3140 dentes
476 3086 591 3153 ejus
613 3088 699 3157 qui
726 3090 1036 3156 promiserat
1058 3093 1257 3158 virtuti,
1281 3096 1454 3149 omnia
1485 3112 1637 3165 mquo
1659 3098 1837 3151 animo

258 3173 519 3242 ferebant,
549 3187 603 3231 et
642 3188 919 3248 propterea
947 3182 1182 3237 celebres
1208 3194 1261 3238 ct
1296 3185 1422 3240 clari
1460 3185 1671 3241 fuerint.
1701 3189 1836 3244 Ecce

232 3266 401 3324 mtim
429 3275 483 3320 et
497 3266 672 3336 justus
690 3270 775 3324 ille
794 3269 1102 3340 Josephum,
1126 3283 1402 3344 postquam
1430 3288 1506 3330 tot
1532 3278 1685 3333 annis
1706 3279 1837 3333 luxit

252 3358 407 3424 quasi
431 3368 696 3412 mortuum
723 3402 737 3422 ,
769 3362 899 3415 vidit
926 3379 1145 3433 regnum
1172 3364 1386 3437 IEgypti
1416 3377 1597 3424 tenere
1625 3388 1639 3423 :
1667 3381 1721 3424 et
1744 3371 1837 3425 ad-

252 3448 517 3502 mirabilis
561 3450 757 3519 Ioseph
779 3494 793 3514 ,
833 3463 949 3521 post
987 3454 1293 3511 servitutem
1318 3498 1334 3522 ,
1359 3468 1481 3527 post
1521 3474 1790 3515 carcerem
1817 3503 1831 3527 ,

255 3547 379 3605 post
401 3539 502 3593 alia
533 3542 709 3595 omnia
732 3558 847 3611 quae
872 3545 1156 3611 sustinuit,
1191 3548 1538 3618 principatum
1566 3553 1725 3606 totius
1752 3569 1836 3606 re-

250 3631 431 3698 gionis
459 3634 709 3701 suscepit.
740 3635 805 3688 Et
841 3635 885 3689 si
915 3636 1061 3691 adire
1104 3638 1425 3695 voluerimus
1462 3656 1585 3707 eas,
1635 3658 1752 3712 qua:
1782 3643 1833 3697 in

254 3735 410 3775 sacra
450 3721 719 3792 Scriptura
762 3726 1135 3790 continentur,
1186 3728 1464 3795 historias,
1509 3731 1836 3786 inveniemus

253 3827 445 3866 omnes
471 3814 661 3868 virtute
694 3815 941 3882 przeditos
985 3832 1079 3886 per
1105 3819 1421 3875 tentationes
1462 3821 1757 3889 ingressos,
1782 3830 1835 3875 et

254 3904 337 3957 sic
368 3920 611 3974 magnum
641 3924 667 3959 a
700 3907 807 3961 Deo
833 3919 1147 3979 assequutos
1171 3912 1444 3966 auxilium.
1467 3914 1522 3969 Si
1549 3930 1675 3984 ergo
1703 3916 1837 3969 divi-

253 4010 381 4048 nam
411 3995 567 4050 nobis
596 3997 1018 4054 benevolentiam
1056 4002 1342 4058 conciliare
1370 4005 1633 4071 volumus,
1662 4022 1729 4062 ne
1758 4010 1833 4060 si-

254 4101 380 4141 snus
402 4088 542 4141 anxii
568 4089 618 4141 in
646 4091 1042 4156 tentationibus,
1067 4109 1163 4147 nec
1181 4096 1433 4164 gravatim
1461 4096 1691 4152 feramus
1716 4114 1836 4168 qua:

253 4177 409 4231 nobis
435 4177 728 4233 obveniuut
757 4199 770 4234 :
804 4182 897 4234 sed
948 4184 1114 4253 magis
1150 4185 1469 4252 gaudeamus
1502 4195 1556 4241 et
1598 4189 1834 4242 laetemur

254 4269 363 4323 fide
387 4270 737 4334 corroborati,
770 4276 1001 4329 scientes
1026 4292 1123 4331 nos
1147 4277 1246 4332 hac
1272 4280 1477 4335 ratione
1504 4282 1832 4349 potissimum

251 4361 435 4416 divina
475 4363 803 4430 providentia
843 4366 1096 4423 fruituros
1141 4385 1261 4424 esse
1284 4413 1298 4436 ,
1329 4372 1373 4427 si
1399 4388 1519 4426 cum
1547 4376 1832 4443 gratiarum

252 4452 465 4505 actione
494 4458 668 4507 omnia
700 4455 839 4511 ferre
866 4458 1199 4513 meditemur.
1228 4461 1295 4516 Ut
1323 4472 1499 4517 autem
1527 4479 1713 4519 omnes
1738 4481 1836 4519 nos

249 4552 307 4594 et
338 4554 651 4611 praesentem
693 4547 852 4600 vitam
884 4548 934 4600 in
964 4551 1238 4605 virtutibus
1265 4554 1634 4623 transigamus,
1668 4564 1721 4610 et
1755 4556 1836 4610 fu-

254 4643 375 4685 tnra
402 4648 789 4703 consequamur
815 4637 947 4691 bona
969 4681 983 4702 ,
1013 4642 1271 4696 concedat
1296 4644 1448 4697 nobis
1477 4661 1570 4713 per
1596 4648 1833 4701 clemen-

255 4726 384 4778 tiam
407 4735 461 4780 ct
484 4729 706 4796 gratiam
736 4744 884 4785 suam
910 4733 1163 4788 Dominus
1187 4745 1368 4791 noster
1386 4735 1542 4791 Iesus
1568 4738 1832 4805 Christus,

252 4817 469 4882 quicum
497 4818 638 4873 Patri
670 4830 723 4873 et
765 4831 950 4877 sancto
977 4824 1192 4891 Spiritui
1225 4827 1294 4882 sit
1321 4828 1486 4897 gloria
1512 4871 1527 4894 ,
1555 4830 1833 4899 imperium

248 4918 309 4960 et
342 4908 511 4963 honor
534 4950 550 4977 ,
591 4928 731 4966 nunc
771 4924 825 4968 et
862 4930 1095 4984 semper,
1120 4926 1173 4971 et
1202 4919 1253 4973 in
1278 4922 1466 4975 satcula
1498 4923 1835 4977 saeculorum.

254 5004 452 5053 Amen.

803 5142 1080 5199 IIOMILIA
1120 5144 1304 5201 LXVI.

254 5267 799 5336 Appropinquavernnt
822 5284 1007 5341 autem,
1040 5277 1240 5346 inquit,
1268 5280 1373 5333 dies
1401 5280 1564 5334 Israel
1589 5291 1641 5335 ut
1671 5300 1834 5336 ntere-

332 5368 487 5422 retur,
520 5370 564 5413 et
586 5364 778 5416 vocavit
802 5367 965 5433 ﬁlium
992 5384 1137 5421 suum
1165 5368 1384 5438 Ioseph,
1421 5382 1464 5424 et
1504 5373 1630 5425 dixit
1656 5374 1700 5426 ei
1726 5390 1743 5427 :
1775 5374 1835 5428 Si

328 5450 495 5503 iuveni
519 5456 732 5521 gratiam
768 5458 906 5525 apud
927 5468 1003 5523 te,
1032 5477 1258 5529 suppone
1286 5479 1488 5515 manum
1510 5473 1646 5517 tuam
1671 5466 1836 5517 subter

332 5544 498 5611 femur
535 5560 697 5597 meum
721 5587 735 5611 ,
764 5557 808 5599 et
836 5550 989 5617 facies
1014 5566 1203 5603 mecum
1228 5554 1614 5607 misericordiam
1639 5566 1685 5609 et
1710 5558 1839 5608 veri-

332 5642 504 5699 tatem,
528 5645 581 5687 ut
611 5652 710 5688 non
738 5639 951 5706 sepeliar
985 5658 1075 5710 ego
1101 5642 1153 5694 in
1184 5641 1413 5713 Egypto
1434 5661 1454 5707 ;
1476 5647 1564 5698 sed
1592 5647 1837 5701 dormiam

330 5742 442 5777 cum
472 5727 693 5792 patribus
720 5730 839 5783 meis
864 5746 884 5783 :
913 5741 957 5784 et
990 5738 1185 5801 auferes
1215 5751 1291 5787 me
1321 5751 1382 5788 ea:
1403 5734 1649 5806 zEgypto,
1679 5747 1723 5791 et
1759 5756 1837 5793 se.

322 5817 483 5886 pelles
508 5819 648 5872 ntein
676 5822 903 5889 sepulcro
928 5839 1116 5876 eorum.
1137 5822 1236 5879 Ille
1254 5836 1416 5881 autem
1443 5828 1565 5882 dixit
1591 5826 1834 5885 :Faciam

1261 420 1328 480 IN
1368 425 1516 480 CAP.
1560 422 1763 478 XLVII.
1805 418 2045 477 GENES.
2090 422 2316 479 IIOMIL.
2360 424 2539 481 LXVI.

3419 434 3522 490 56b

2023 536 2293 590 secundum
2318 540 2517 591 verbum
2542 548 2699 592 luunt.
2729 539 2871 593 Dixit
2895 549 3060 596 autem
3088 559 3109 597 :
3131 542 3263 597 Iura
3290 546 3431 601 mihi.
3461 546 3527 601 Et

2016 625 2209 694 juravit
2232 627 2296 682 ei.
2329 627 2390 679 Et
2431 627 2657 682 adoravit
2686 629 2848 685 Israel
2875 632 2944 685 ad
2966 635 3225 704 fastigium
3250 638 3400 707 virga:
3419 640 3528 708 ejus

2027 716 2193 787 (Gen.
2217 721 2303 773 47.
2335 721 2551 789 29-51).

2026 892 2073 943 l.
2116 891 2224 960 Age
2248 891 2402 947 hodie
2425 892 2580 947 linem
2609 894 2941 963 imponamus
2967 901 3252 953 narrationi
3282 910 3335 954 et
3359 902 3523 956 histo-

1951 982 2043 1034 ria:
2080 982 2282 1047 Jacobi,
2312 992 2365 1037 et
2400 983 2673 1038 videamus
2698 1001 2939 1055 quantam
2979 988 3085 1042 sint
3130 990 3223 1043 illa
3256 1006 3371 1061 qua:
3410 993 3520 1062 jatn

1950 1076 2236 1127 moriturus
2255 1076 2500 1145 disponat
2529 1086 2581 1131 et
2603 1078 2831 1132 ordinet.
2850 1078 3045 1133 Verum
3073 1082 3246 1137 nullus
3286 1084 3351 1138 ad
3393 1102 3517 1155 pra--

1948 1162 2175 1216 sentiam
2202 1180 2377 1218 rerum
2411 1174 2602 1220 statum
2630 1178 2896 1236 spectans,
2917 1170 3037 1223 talia
3063 1171 3235 1241 exigat
3259 1172 3326 1227 ah
3348 1175 3408 1227 iis
3429 1176 3517 1244 qui

1952 1261 2074 1307 tunc
2102 1252 2313 1309 fuerunt
2347 1255 2497 1325 justi,
2529 1257 2701 1326 qualia
2733 1275 2873 1313 nunc
2909 1260 2958 1313 in
2989 1262 3092 1315 vita
3138 1264 3403 1332 sapienter
3440 1267 3519 1320 in-

1950 1343 2129 1397 stituta
2154 1345 2337 1400 fideles
2366 1358 2618 1415 praastare
2643 1351 2908 1415 convenit,
2938 1352 3030 1406 sed
3056 1355 3345 1409 secundum
3386 1366 3521 1412 tem-

1949 1448 2075 1501 pora
2119 1444 2173 1489 et
2219 1451 2304 1490 res
2338 1437 2561 1505 judicet.
2592 1439 2714 1494 Haec
2742 1451 2917 1495 autem
2964 1442 3141 1498 dedita
3183 1460 3344 1513 opera
3374 1450 3518 1516 prius

1947 1525 2195 1593 dixerim,
2228 1540 2442 1597 propter
2464 1545 2529 1584 ea
2557 1547 2674 1600 qum
2698 1548 2726 1585 a
2756 1533 3051 1600 patriarcha
3084 1536 3181 1604 ipsi
3211 1536 3407 1606 Ioseph
3433 1539 3517 1592 di-

1944 1626 2151 1671 centur.
2179 1618 2364 1685 Qualia
2390 1630 2565 1675 autem
2599 1623 2706 1677 sint
2725 1664 2739 1687 ,
2766 1623 3060 1679 audiamus.
3102 1626 3191 1682 29.
3228 1630 3522 1700 Appropin-

1945 1719 2221 1778 quaverunt
2242 1720 2405 1765 autem
2422 1753 2437 1774 ,
2469 1712 2668 1782 inquit,
2696 1714 2802 1768 dies
2830 1714 3029 1781 Israel,
3062 1728 3115 1770 ut
3142 1730 3415 1773 moreretur
3433 1762 3448 1786 ,
3476 1733 3523 1775 et

1946 1801 2134 1854 vocavit
2160 1801 2323 1869 filium
2348 1818 2494 1855 suum
2520 1802 2711 1874 Ioseph
2734 1844 2749 1868 ,
2772 1816 2817 1857 et
2846 1806 2973 1859 dixit
2995 1809 3039 1860 ei
3062 1823 3081 1860 :
3108 1808 3169 1862 Si
3212 1811 3377 1863 inveni
3400 1827 3520 1880 gra-

1946 1891 2068 1943 tiam
2090 1892 2227 1959 apud
2251 1902 2317 1957 te,
2334 1910 2562 1964 suppone
2580 1911 2787 1948 manum
2809 1905 2945 1949 tuam
2962 1898 3131 1951 subter
3146 1901 3310 1969 femur
3330 1917 3491 1953 meum
3503 1945 3517 1967 ,

1942 1994 1992 2036 et
2017 1984 2169 2052 facies
2197 1999 2388 2036 mecum
2416 1985 2808 2038 misericordiam
2836 1997 2883 2039 et
2919 1987 3195 2053 veritatem,
3226 1999 3278 2041 ut
3304 2006 3404 2043 non
3440 2008 3523 2044 sco

1945 2076 2104 2143 peliar
2131 2092 2220 2146 ego
2258 2077 2311 2130 in
2335 2076 2564 2149 [Egypto
2591 2096 2610 2143 ;
2639 2081 2725 2135 δυ.
2757 2081 2841 2133 sed
2870 2082 3115 2134 dormiam
3143 2100 3256 2136 cum
3296 2083 3521 2154 patribus

1945 2167 2065 2219 meis
2089 2182 2106 2228 ;
2130 2177 2178 2220 et
2197 2172 2393 2238 auferes
2420 2186 2497 2221 me
2524 2186 2586 2222 ea:
2618 2169 2868 2240 A'Igypto,
2886 2180 2929 2225 et
2948 2172 3154 2241 sepelies
3176 2190 3254 2227 me
3279 2175 3329 2227 in
3353 2177 3521 2244 sepul-

1938 2273 2030 2309 cro
2054 2273 2244 2312 eorum.
2274 2257 2376 2312 Ille
2395 2269 2560 2313 autem
2585 2261 2711 2314 dixit
2737 2276 2755 2314 :
2783 2260 2991 2315 Faciam
3022 2267 3294 2317 secundum
3320 2264 3521 2318 verbum

1945 2358 2102 2403 tuum.
2160 2351 2250 2405 51.
2278 2350 2422 2405 Dixit
2449 2362 2654 2406 autem:
2680 2353 2813 2407 Iura
2849 2355 2993 2408 mihi.
3026 2355 3087 2408 Et
3128 2358 3320 2427 juravit
3358 2359 3423 2410 ei.
3454 2357 3523 2411 Et

1941 2440 2169 2494 adoravit
2196 2440 2455 2499 Israelad
2484 2445 2737 2515 fastigium
2762 2446 2916 2516 virgae
2938 2448 3065 2511 eius.

2013 2531 2115 2585 Cur
2152 2534 2357 2587 voluerit
2385 2535 2438 2588 in
2471 2536 2636 2603 patria
2668 2536 2867 2605 sepeliri
2892 2536 3073 2591 Iacob.
3099 2568 3168 2579 -
3198 2538 3343 2594 Multi
3373 2540 3517 2609 abje-

1942 2623 2126 2678 ctioris
2163 2624 2357 2688 animi,
2388 2626 2600 2694 quando
2640 2642 2670 2680 a
2717 2628 2869 2682 nobis
2897 2629 3277 2696 admonentur,
3307 2648 3375 2687 ne
3400 2649 3516 2686 ma-

1940 2729 2097 2782 gnam
2138 2730 2318 2769 curam
2358 2718 2645 2787 sepultura:
2679 2718 2936 2785 habeant,
2986 2736 3158 2791 neque
3201 2738 3311 2776 rem
3350 2724 3518 2777 tnulto

1938 2804 2116 2858 studio
2142 2805 2355 2874 dignam
2398 2807 2757 2873 arbitrentur,
2784 2807 2852 2863 ab
2891 2811 3061 2865 aliena
3095 2822 3234 2866 terra
3271 2814 3326 2867 in
3365 2830 3511 2867 suam

1942 2897 2161 2964 patriam
2187 2908 2511 2952 mortuorum
2538 2900 2785 2968 reliquias
2810 2901 3010 2969 reduci,
3038 2904 3173 2958 hanc
3200 2904 3350 2959 nobis
3375 2922 3516 2974 prae»

1943 2996 2125 3040 texunt
2167 2987 2440 3043 historiam
2461 3031 2476 3053 ,
2507 2990 2763 3057 dicentes,
2792 2993 2950 3046 etiam
2982 2995 3331 3062 patriarcham
3360 2996 3516 3065 hujus

1936 3078 2017 3130 rei
2049 3087 2245 3132 tantam
2291 3078 2481 3135 fecisse
2523 3096 2726 3136 curam.
2763 3081 2952 3136 Verum
3002 3085 3225 3153 primum
3255 3086 3465 3155 quidem
3492 3127 3508 3151 ,

1939 3169 2075 3223 sicut
2098 3170 2336 3235 dixi,hoc
2356 3172 2588 3241 cogitare
2608 3182 2816 3242 oportet
2841 3192 2854 3227 :
2883 3182 3006 3230 tunc
3031 3190 3133 3229 non
3165 3184 3307 3231 tanta
3328 3178 3506 3246 exige-

1940 3260 2094 3314 batur
2120 3261 2470 3333 philosophia,
2493 3274 2687 3335 quanta
2714 3266 2780 3321 ab
2807 3269 2873 3324 iis
2889 3269 2976 3338 qui
3003 3284 3141 3323 nunc
3162 3270 3345 3324 vivunt
3368 3288 3382 3325 :
3412 3270 3511 3325 de-

1940 3355 2061 3409 inde
2082 3355 2375 3423 patriarcha
2407 3357 2507 3411 hoc
2548 3373 2652 3412 non
2702 3360 3012 3429 simpliciter
3040 3361 3205 3415 voluit
3243 3362 3388 3429 fieri,
3416 3363 3509 3419 sed

1938 3461 2085 3514 Spem
2127 3448 2319 3503 bonam
2360 3450 2462 3503 illis
2492 3451 2770 3520 pollicens,
2796 3436 2907 3505 fore
2937 3462 2992 3505 ut
3018 3453 3100 3507 sui
3129 3454 3209 3507 vel
3249 3469 3374 3509 sero
3403 3462 3518 3509 tan-

1938 3539 2058 3593 dem
2109 3539 2345 3595 redirent
2392 3542 2445 3595 in
2494 3551 2687 3597 terram
2740 3544 3122 3612 promissionis.
3157 3546 3223 3600 Et
3260 3546 3398 3615 quod
3447 3548 3518 3601 ob

1939 3630 2075 3684 hanc
2101 3646 2313 3685 causam
2346 3631 2447 3686 hoc
2485 3634 2817 3701 praeceperit,
2866 3634 3194 3690 manifestius
3238 3652 3334 3691 nos
3360 3636 3517 3691 docet

1938 3721 2079 3774 illius
2109 3721 2276 3786 filius,
2316 3722 2497 3777 dicens
2531 3740 2544 3777 :
2586 3722 2847 3777 Visitaudo
2891 3724 3105 3777 risitabit
3148 3741 3235 3779 vos
3271 3724 3408 3780 Deus
3431 3736 3519 3789 ,ει

1937 3812 2089 3864 simul
2105 3812 2276 3881 feretis
2303 3829 2417 3866 ossa
2449 3829 2558 3866 mea
2584 3814 2700 3866 hinc
2727 3815 2745 3883 (
2768 3814 2893 3868 Gen.
2925 3817 3011 3870 50.
3037 3816 3167 3886 24).
3194 3817 3345 3883 Quod
3370 3818 3521 3871 enim

1937 3904 2104 3958 oculis
2134 3903 2255 3959 fidei
2282 3906 2454 3959 futura
2476 3906 2844 3975 prmviderent,
2869 3902 2991 3960 audi
3015 3908 3156 3961 illum
3183 3908 3291 3978 jam
3320 3924 3513 3964 vocare

1937 4006 2164 4051 mortem
2212 4012 2364 4051 suam
2411 3998 2779 4054 dormitionem
2809 4014 2822 4053 :
2851 4000 2979 4055 dicit
3022 4002 3196 4065 enim,
3249 4000 3523 4056 Dormiunt.

1938 4105 2052 4142 cum
2077 4088 2301 4157 patribus
2324 4092 2466 4145 meis.
2490 4090 2775 4160 Propterea
2799 4102 2853 4146 et
2879 4092 3074 4148 Paulus
3094 4091 3329 4147 diccbat:
3352 4092 3515 4148 Juxta

1937 4183 2090 4249 ﬁdem
2118 4184 2301 4236 mortui
2324 4192 2439 4237 sunt
2468 4184 2522 4237 hi
2550 4200 2738 4247 omnes,
2778 4202 2879 4238 non
2906 4196 3112 4256 accepta
3140 4186 3469 4254 promissione
3496 4202 3521 4239 εΔ

1936 4270 2025 4325 sed
2053 4278 2229 4342 procul
2268 4290 2378 4327 eam
2414 4275 2639 4328 viderunt
2676 4284 2721 4329 et
2747 4275 3033 4329 salutarunt
3061 4276 3081 4347 (
3110 4276 3265 4331 IIebr.
3292 4278 3379 4331 11.
3405 4278 3523 4347 I3).

1936 4363 2256 4429 Quomodo?
2294 4362 2472 4419 Oculis
2496 4365 2614 4420 ﬁdei
2642 4366 2815 4420 futura
2842 4367 3110 4422 videbant.
3146 4367 3336 4423 Nullus
3363 4369 3520 4437 igitur

1939 4464 2085 4524 putet
2122 4456 2563 4525 pusillanimitatis
2592 4474 2709 4513 esse
2754 4460 2854 4514 hoc
2896 4459 3239 4526 mandatum,
3279 4461 3371 4514 sed
3404 4469 3457 4514 et
3484 4477 3515 4513 a

1938 4556 2198 4617 tempore,
2229 4557 2335 4602 eta
2375 4550 2685 4616 praevisione
2732 4549 2891 4604 futuri
2933 4549 3159 4615 reditus,
3183 4550 3331 4604 omni
3356 4551 3510 4618 culpa

1942 4648 2158 4693 excuset
2174 4640 2396 4708 justum.
2415 4641 2564 4695 Nunc
2584 4640 2725 4697 enim
2746 4642 2992 4710 quoniam
3011 4656 3072 4695 ea
3090 4658 3207 4711 qua:
3226 4640 3291 4695 ad
3309 4642 3519 4710 sapien-

1938 4732 2125 4786 tiorem
2156 4733 2317 4786 vitam
2342 4733 2599 4798 attinent,
2645 4743 2761 4801 post
2816 4733 3097 4789 adventum
3145 4733 3340 4786 Christi
3362 4743 3521 4787 aucta,

1938 4834 2078 4890 sunt,
2095 4826 2282 4880 merito
2295 4828 2412 4895 quis
2431 4826 2959 4896 reprehenderiteum
2972 4827 3056 4881 cui
3072 4826 3192 4880 talia
3205 4834 3331 4880 sunt
3349 4840 3519 4881 curm.

2010 4915 2130 4970 Non
2160 4926 2230 4970 est
2259 4918 2494 4972 miserum
2520 4934 2722 4989 peregre
2746 4919 2894 4971 mori.
2921 4947 2989 4960 --
3018 4916 3198 4986 Neque
3221 4926 3369 4984 putet
3395 4918 3516 4985 quis

1940 5008 2192 5061 miserum
2238 5022 2359 5062 eum
2387 5022 2509 5062 esse
2550 5009 2638 5076 qui
2684 5010 2735 5061 in
2780 5008 2954 5062 alieno
2999 5006 3114 5060 solo
3140 5007 3300 5059 vitam
3342 5005 3509 5068 Iiniat,

1940 5111 2115 5164 neque
2159 5111 2279 5150 eum
2309 5097 2397 5166 qui
2442 5098 2495 5151 in
2539 5097 2824 5151 solitudine
2864 5113 2931 5151 ex
2978 5097 3077 5151 hac
3120 5097 3224 5150 vita
3265 5096 3508 5151 decedat.

1938 5186 2119 5255 Neque
2144 5187 2286 5241 enim
2317 5187 2405 5240 ille
2443 5188 2633 5257 dignus
2661 5196 2719 5241 ut
2748 5188 2910 5241 miser
2936 5186 3140 5241 dicatur
3160 5227 3176 5253 ,
3219 5184 3312 5240 sed
3341 5185 3430 5255 qui
3459 5187 3511 5238 in

1942 5278 2174 5347 peccatis
2208 5285 2447 5332 mortuus
2473 5288 2586 5341 est,
2618 5278 2823 5333 etiamsi
2860 5293 3020 5344 super
3047 5276 3238 5330 lectum
3264 5317 3279 5343 ,
3306 5276 3511 5330 etiamsi

1941 5370 2294 5439 praesentibus
2334 5369 2521 5423 amicis
2562 5368 2806 5423 omnibus
2847 5377 3070 5422 mortem
3110 5368 3285 5421 obeat.
3335 5367 3403 5423 Et
3446 5382 3512 5419 ne

1942 5464 2069 5516 mihi
2120 5462 2302 5531 frigida
2351 5462 2439 5515 illa
2484 5462 2682 5523 verba,
2725 5461 3052 5529 ridiculaque
3094 5469 3149 5514 et
3196 5460 3509 5527 insipientia

1942 5558 2093 5624 plena
2121 5555 2259 5609 dicat
2284 5553 2475 5623 aliquis
2503 5572 2515 5607 :
2546 5554 2636 5610 lllc
2663 5553 2782 5608 talis
2809 5568 2937 5607 cane
2965 5553 3115 5605 vilius
3143 5562 3221 5605 est
3249 5560 3502 5615 mortuus,

1942 5647 2085 5700 nullo
2113 5644 2449 5699 familiarium
2481 5655 2763 5713 praesente,
2786 5658 2957 5712 neque
2982 5642 3248 5710 sepultura
3274 5651 3328 5695 et
3353 5641 3509 5694 funus

1939 5738 1987 5791 ci
2018 5736 2391 5806 contigerunt;
2422 5733 2515 5789 sed
2541 5734 2820 5789 collectitia
2862 5733 2997 5802 stipe
3031 5732 3171 5801 justa
3200 5730 3335 5785 facta
3361 5742 3504 5784 sunt.

1943 5829 2057 5885 Non
2086 5839 2164 5885 est
2190 5829 2310 5896 hoc,
2339 5827 2410 5882 mi
2437 5826 2627 5897 homo,
2654 5841 2783 5882 cane
2815 5823 3212 5895 ignominiosius
3235 5826 3503 5876 mortuum
