4038 6358
465 370 570 428 567

465 502 608 542 esse.
655 486 791 555 Quid
824 485 979 540 enim
1006 484 1094 539 ille
1121 483 1302 539 damni
1348 484 1556 539 sensit?
1604 482 1736 540 lllud
1781 497 1964 547 unum,
2007 482 2053 535 si

471 579 684 634 virtutis
729 578 982 632 amictum
1029 592 1090 632 se
1139 586 1404 647 tegentem
1452 591 1558 631 non
1607 574 1871 629 habuerit.
1924 572 2057 628 Nam

464 671 605 740 quod
645 669 695 724 id
728 669 856 723 nihil
888 668 1049 724 lzedat
1086 668 1289 739 justum
1318 669 1515 723 virtute
1541 666 1822 738 praeditum
1842 708 1857 733 ,
1885 665 2055 733 disce,

466 764 587 832 quia
627 763 866 832 plerique
887 762 1176 832 justorum,
1216 761 1505 833 prephetas
1534 761 1657 816 dico
1682 769 1737 815 et
1763 760 2057 831 apostolos,

465 855 555 908 ubi
587 854 673 908 siti
703 854 830 919 sint,
863 854 1047 925 paucis
1075 855 1347 924 exceptis,
1377 855 1703 923 ignoramus.
1733 851 1943 907 Etenim
1969 850 2057 904 alii

466 946 681 1016 quidem
714 949 890 1017 capite
920 947 1170 1009 truncati,
1211 946 1302 1000 alii
1334 946 1551 1017 lapidati
1580 945 1775 1000 mortui
1812 953 1935 998 sunt
1964 960 1977 996 :
2007 952 2064 997 et

468 1040 554 1093 alii
598 1039 893 1094 innumeris
931 1049 984 1095 et
1019 1038 1182 1093 variis
1222 1038 1397 1107 poenis
1439 1037 1649 1106 seipsos
1692 1041 2062 1105 exposuerunt

466 1140 687 1201 propter
713 1131 962 1202 pietatem
984 1172 999 1196 ,
1044 1145 1231 1186 omnes
1260 1137 1476 1199 propter
1502 1128 1775 1183 Christum
1803 1135 2062 1197 martyres

468 1222 594 1276 lacti
622 1230 747 1277 sunt
774 1239 788 1277 :
818 1230 873 1276 et
909 1221 1084 1277 nullus
1113 1220 1180 1275 de
1207 1221 1312 1275 illis
1338 1220 1519 1275 dicere
1559 1218 1809 1283 audebit,
1840 1216 2064 1288 ignomi-

470 1314 677 1368 niosam
705 1328 825 1368 esse
852 1328 1038 1368 eormn
1083 1322 1309 1367 mortem
1349 1331 1363 1367 :
1405 1310 1500 1367 sed
1530 1321 1784 1381 sequetur
1826 1310 2060 1365 divinam

472 1406 803 1475 Scripturam
822 1446 838 1470 ,
870 1404 1136 1460 dicentem
1173 1421 1187 1457 :
1228 1402 1459 1457 Pretiosa
1482 1403 1535 1456 in
1559 1412 1829 1472 conspectu
1859 1399 2064 1454 Domini

468 1514 607 1553 mors
634 1507 926 1552 sanctorum
950 1499 1059 1567 ejus
1089 1496 1258 1568 (Psal.
1286 1496 1407 1550 115.
1436 1494 1549 1564 15).
1579 1493 1647 1548 Ει
1670 1496 1810 1548 sicut
1834 1501 2061 1547 mortem

470 1598 780 1643 sanctorum
809 1588 1097 1658 pretiosam
1126 1586 1353 1650 vocavit,
1377 1586 1502 1639 audi
1540 1583 1808 1655 quomodo
1840 1594 1894 1637 et
1920 1597 2065 1637 mor-

470 1689 582 1736 tem
625 1690 964 1749 peccatorum
1010 1679 1203 1732 malam
1243 1686 1416 1733 vocet.
1458 1676 1600 1731 Mors
1645 1677 1821 1743 enim,
1869 1675 2061 1744 inquit,

469 1781 789 1840 peccatorum
821 1770 959 1824 mala
987 1768 1159 1842 (Psal.
1185 1771 1271 1824 '55.
1302 1768 1416 1840 22).
1448 1769 1631 1839 Itaque
1659 1769 1820 1822 etiam
1848 1769 1891 1821 si
1917 1766 2063 1821 domi

467 1877 578 1918 suae
621 1864 950 1926 moriantur,
990 1870 1044 1917 et
1087 1877 1254 1917 uxore
1298 1869 1354 1917 et
1402 1861 1523 1916 ﬁliis
1572 1861 1962 1931 prccsentibns,
2010 1868 2064 1914 et

471 1955 826 2011 familiaribus
846 1997 860 2019 ,
889 1965 944 2009 et
982 1955 1123 2009 notis
1152 1955 1487 2009 adstantibus
1508 1996 1523 2020 ,
1553 1956 1749 2008 virtute
1773 1961 1950 2007 autent
1976 1967 2065 2006 ca-

468 2060 644 2115 reant,
676 2050 817 2106 mala
843 2049 1032 2105 horum
1065 2065 1211 2104 mors
1236 2059 1338 2105 est.
1370 2048 1458 2105 Sic
1481 2049 1583 2103 etsi
1611 2048 1664 2102 in
1692 2047 1867 2101 aliena
1898 2054 2059 2111 terra,

467 2145 569 2197 etsi
613 2158 776 2212 super
819 2143 1181 2212 pavimentum
1229 2141 1349 2211 quis
1389 2140 1575 2210 jaceus
1619 2148 1720 2193 :et
1764 2137 1891 2209 quid
1920 2136 2062 2203 dico,

470 2235 572 2291 etsi
595 2234 654 2288 in
682 2234 901 2289 aliena?
930 2234 1141 2289 etiamsi
1179 2235 1233 2287 iu
1264 2233 1500 2287 latrones
1536 2230 1737 2286 incidat
1755 2270 1769 2295 ,
1796 2229 2004 2286 etiamsi
2033 2243 2065 2283 a

467 2327 652 2382 bestiis
677 2326 983 2393 devoretur,
1012 2327 1208 2380 virtute
1230 2334 1406 2379 autem
1436 2324 1690 2394 praeditus
1711 2322 1800 2385 sit.
1832 2322 2064 2391 pretiosa

473 2422 593 2492 ejus
636 2437 780 2476 mors
822 2422 943 2476 erit.
978 2420 1073 2475 Dic
1115 2421 1279 2485 enim,
1314 2419 1577 2484 obsecro,
1610 2416 1882 2471 Zachariae
1926 2415 2066 2469 ﬁlius

472 2528 653 2568 nonne
676 2514 971 2567 decollatus
987 2512 1106 2568 est?
1122 2510 1426 2581 Stephanus
1450 2519 1626 2564 autem
1644 2509 1848 2579 primus
1872 2515 2067 2577 marty-

468 2607 535 2658 rii
554 2619 750 2657 corona
773 2602 1081 2669 redimitus,
1104 2617 1281 2657 nonne
1303 2601 1566 2671 lapidatus
1583 2601 1741 2655 vitam
1774 2599 1956 2654 ﬁniit?

539 2695 741 2750 Paulus
777 2696 943 2765 capite
970 2712 1171 2757 cessus;
1208 2693 1394 2748 Petrus
1420 2694 1618 2748 inverso
1650 2693 1815 2763 capite
1857 2691 2064 2761 cruciﬁ-

468 2804 588 2843 xus.
617 2818 685 2826 —
713 2788 907 2842 Paulus
947 2799 1125 2843 autem
1164 2796 1217 2843 et
1257 2786 1449 2842 Petrus
1470 2827 1486 2852 ,
1529 2800 1706 2840 nonne
1735 2785 1823 2840 ille
1849 2784 2063 2855 quidem

466 2880 640 2948 capite
662 2889 958 2947 truncatus,
978 2878 1064 2933 hic
1080 2887 1257 2933 autem
1280 2876 1440 2931 modo
1463 2877 1731 2931 contrario
1760 2891 1917 2945 quam
1946 2875 2067 2929 Do-

468 2973 643 3027 minus
664 2973 975 3040 erucilixus,
1002 2974 1069 3027 ita
1095 2972 1192 3026 hac
1213 2973 1318 3025 vita
1340 2972 1571 3026 excessit
1591 2970 1614 3023 ‘l
1634 2969 1823 3025 Nonne
1849 2978 2065 3040 pr0pter

469 3064 570 3119 hoc
601 3067 767 3135 magis
793 3066 843 3118 in
870 3073 981 3119 toto
1004 3064 1201 3119 mundo
1226 3063 1567 3119 celebrantur
1590 3072 1644 3118 et
1665 3062 2064 3133 praedicantur?

536 3158 592 3214 2.
636 3159 762 3213 llrcc
791 3168 969 3212 autem
997 3159 1174 3212 omnia
1202 3158 1498 3227 cogitantes
1524 3198 1540 3223 ,
1574 3172 1745 3226 neque
1770 3172 1864 3212 eos
1888 3157 1977 3226 qui
2010 3157 2062 3209 in

468 3252 641 3307 aliena
666 3262 806 3306 terra
834 3252 1156 3317 moriuntur,
1183 3250 1409 3304 miseros
1430 3249 1692 3314 dicamus,
1722 3264 1895 3318 neque
1919 3248 2063 3302 domi

468 3358 580 3398 stne
606 3344 899 3397 morientes
927 3343 1111 3397 beatos
1150 3342 1499 3412 prmdieemus
1530 3359 1543 3395 :
1571 3340 1665 3395 sed
1695 3340 1885 3395 divinae
1912 3339 2062 3394 Serio

473 3446 640 3507 plura:
668 3451 929 3492 canonem
959 3445 1264 3506 sequentes,
1298 3435 1474 3489 claros
1503 3433 1785 3488 virtutibus
1819 3433 1940 3487 hinc
1964 3432 2065 3485 mi-

469 3545 684 3604 grantes
714 3534 900 3588 beatos
924 3533 1165 3587 dicamus
1185 3573 1199 3596 ,
1243 3539 1298 3585 et
1321 3546 1416 3585 eos
1439 3530 1528 3600 qui
1558 3530 1609 3584 in
1638 3528 1869 3599 peccatis
1895 3527 2061 3581 mori-

474 3636 633 3681 untur
671 3628 899 3681 miseros
938 3625 1310 3696 praedicemus.
1354 3625 1503 3679 Sicut
1550 3623 1692 3677 enim
1732 3620 1822 3692 qui
1869 3623 2064 3674 virtute

469 3718 723 3788 praeditus
765 3726 848 3773 est
892 3720 944 3771 in
995 3718 1274 3772 meliorem
1315 3716 1477 3770 vitam
1519 3714 1744 3779 transit,
1794 3712 2064 3781 accipiens

472 3810 706 3880 laborum
736 3824 953 3863 suorum
985 3808 1201 3878 prmmia
1230 3825 1243 3861 :
1270 3809 1338 3861 ita
1360 3816 1413 3862 et
1430 3806 1519 3876 qui
1547 3805 1632 3860 illa
1655 3813 1819 3869 caret,
1841 3805 1986 3859 initia
2010 3812 2063 3858 et

474 3900 730 3971 prommia
765 3900 1144 3970 suppliciorum
1160 3900 1269 3968 jam
1292 3898 1505 3967 accipit,
1529 3906 1583 3952 et
1600 3906 1869 3967 gestorum
1900 3896 2061 3949 ratio-

467 4008 562 4049 nes
581 3992 805 4047 reddere
830 4001 1068 4058 eoactus,
1082 3989 1500 4045 intolerabilibus
1517 3989 1865 4058 complicatur
1886 3987 2059 4041 malis.

548 4085 660 4138 Vita
677 4101 897 4156 pra'sens
916 4084 1173 4152 paltestra.
1201 4082 1468 4149 Quomodo
1485 4080 1651 4135 Israel
1672 4080 1900 4134 adorarit
1914 4079 2064 4133 lose-

464 4177 849 4248 phum.—-Ideo
882 4185 1093 4245 Oportet
1119 4177 1235 4229 hazc
1274 4174 1568 4243 cogitantes
1589 4172 1839 4226 virtutum
1863 4170 2063 4227 habere

466 4287 672 4330 curam,
689 4276 743 4322 et
762 4268 816 4321 in
847 4268 1096 4337 praesenti
1120 4267 1224 4320 vita
1241 4265 1392 4335 quasi
1416 4264 1469 4319 in
1488 4264 1733 4333 palaestra
1751 4272 1978 4327 certare,
2005 4275 2063 4317 ut

466 4375 587 4415 eum
603 4360 831 4414 solutum
848 4359 1307 4423 ﬁterittheatrmn,
1325 4356 1599 4427 splendida
1615 4356 1849 4412 redimiri
1863 4370 2062 4411 corona

465 4465 747 4522 queamus,
771 4467 839 4505 ne
863 4450 1057 4504 frustra
1075 4450 1393 4520 pmnitentes
1420 4448 1773 4503 inveniamur.
1799 4448 2062 4514 Quamdiu

465 4544 607 4599 enim
636 4544 794 4598 durat
813 4552 1105 4608 certamen,
1137 4540 1388 4613 possibile
1412 4550 1496 4596 est
1518 4583 1533 4607 ,
1562 4541 1605 4595 si
1629 4540 1976 4606 voluerimus,
2006 4548 2061 4594 et

465 4635 726 4691 desidiam
741 4644 1013 4699 excutere,
1030 4634 1340 4688 etvirtutem
1358 4648 1632 4697 exercere,
1654 4641 1711 4685 ut
1733 4631 2059 4701 proiiositam

465 4744 815 4799 assequamur
841 4743 1116 4782 coronam.
1139 4729 1423 4789 Cmterum,
1447 4726 1493 4781 si
1518 4725 1748 4789 videtur,
1774 4723 2059 4779 redeamus

464 4820 532 4875 ad
563 4820 828 4874 sermonis
852 4820 1069 4875 seriem.
1097 4817 1229 4873 Nam
1256 4828 1536 4887 postquam
1562 4816 1829 4871 commisit
1856 4816 1967 4869 lilio
1994 4815 2063 4870 de

466 4914 743 4985 sepultura
766 4955 781 4978 ,
812 4922 867 4968 et
902 4912 1035 4966 dixit
1059 4912 1257 4982 .Iosepb
1290 4929 1304 4965 :
1334 4911 1444 4982 Ego
1474 4912 1660 4981 faciam
1680 4910 1833 4981 juxta
1858 4909 2063 4963 verbum

466 5019 647 5073 tuum,
675 5006 863 5072 addit,
889 5005 1021 5059 Iura
1049 5007 1193 5060 mihi.
1239 5004 1307 5058 Et
1343 5006 1537 5076 juravit
1580 5004 1642 5057 ei.
1699 5001 1767 5055 Et
1810 5002 2059 5068 adoravit,

463 5102 679 5171 inquit,
708 5098 875 5153 Israel
901 5100 969 5153 ad
999 5100 1264 5171 fastigium
1311 5100 1466 5168 uirga:
1490 5097 1649 5151 illius.
1679 5095 1811 5151 Vide
1852 5110 2059 5160 senem,

465 5195 833 5263 decrepitum,
866 5193 1222 5263 patriarcltam
1254 5190 1565 5246 adoratione
1607 5191 1863 5245 honorem
1894 5190 1945 5243 in
1972 5188 2063 5243 Jo-

467 5288 601 5355 seph
627 5285 925 5352 declarare,
956 5294 1011 5340 et
1047 5286 1222 5354 reipsa
1268 5284 1494 5352 implere
1531 5283 1753 5337 visionis
1789 5293 2057 5337 eventum.

470 5376 697 5444 Quando
724 5377 873 5432 enim
898 5376 1132 5431 narravit
1151 5375 1349 5444 Joseph
1372 5375 1657 5435 visionem,
1682 5373 1844 5438 Dixit,
1869 5372 2058 5442 inquit,

471 5467 739 5540 Numquid
768 5485 861 5540 ego
888 5478 935 5521 et
964 5478 1121 5522 mater
1150 5478 1237 5521 tua
1264 5467 1514 5521 veniemus
1532 5506 1547 5532 ,
1592 5475 1637 5519 et
1663 5462 1986 5518 adorabimus
2013 5472 2062 5519 te

471 5576 624 5629 super
653 5571 839 5615 terram
863 5561 889 5614 ?
914 5560 1017 5615 Sed
1045 5559 1180 5614 forte
1205 5560 1399 5615 dixerit
1438 5556 1628 5627 aliquis
1658 5575 1671 5613 :
1698 5555 1767 5612 Et
1791 5555 2060 5627 quomodo

474 5654 747 5722 impletum
775 5663 858 5711 est
895 5655 1162 5709 somnium
1202 5653 1257 5707 in
1290 5661 1481 5719 matre,
1527 5667 1646 5721 quae
1676 5650 1785 5719 jam
1809 5659 1932 5705 ante
1960 5649 2056 5703 de-

475 5746 650 5801 functa
687 5756 830 5813 erat,
858 5757 911 5801 et
948 5749 1112 5802 ﬁlimn
1152 5764 1257 5802 non
1284 5746 1568 5801 adoravit?
1596 5745 1889 5814 Perpetuus
1916 5742 2059 5798 Scri-

475 5850 643 5909 ptura:
670 5858 787 5898 mos
811 5851 893 5898 est
914 5886 927 5913 ,
960 5859 986 5896 a
1028 5842 1194 5913 magis
1220 5840 1493 5912 principali
1538 5848 1702 5896 totum
1732 5838 2047 5905 signiﬁcare.

1204 368 1261 425 S.
1302 368 1579 426 JOANNIS
1605 365 2078 424 CllRYSOSTOMI
2118 360 2438 419 ARCHIEP.
2479 359 3009 417 CONSTANTINOP.

3648 358 3782 413 568

2166 475 2426 543 Quoniam
2482 473 2656 544 igitur,
2701 472 2864 544 Caput
2890 472 3117 527 mulieris
3145 472 3221 527 vir
3242 489 3261 526 :
3289 468 3453 525 Erunt
3477 470 3639 535 enim,
3672 471 3783 523 in-

2166 570 2298 641 quit,
2330 569 2431 622 duo
2458 569 2510 621 in
2536 584 2738 620 carnem
2766 584 2919 619 unam
2947 568 3023 636 (l.
3049 566 3169 620 Cor.
3195 566 3280 620 11.
3306 565 3373 629 5;
3401 564 3524 618 Gen.
3547 564 3601 618 2.
3622 564 3733 631 25)
3761 579 3780 615 :

2166 674 2286 715 cum
2334 659 2576 714 adoravit
2616 670 2811 728 caput,
2855 656 3191 711 ntanilestum
3222 666 3305 711 est
3348 672 3541 725 corpus
3586 668 3788 709 totum

2167 762 2326 819 eaput
2352 761 2634 821 sequutum
2662 765 2803 805 esse.
2833 749 2889 803 Si
2916 750 3057 803 enim
3089 758 3240 821 pater
3272 749 3372 802 boc
3411 748 3555 812 fecit,
3589 746 3792 800 multo

2173 844 2342 913 magis
2368 844 2454 898 illa
2476 883 2492 909 ,
2525 842 2626 897 nisi
2654 858 2719 896 ex
2748 842 2846 897 hac
2872 842 2977 895 vita
3011 849 3270 910 prmrepta
3301 839 3511 904 luisset,
3545 840 3647 893 hoc
3684 838 3791 891 fe-

2168 934 2352 990 cisset.
2400 934 2466 988 Et
2505 933 2767 997 adoravit,
2818 932 3026 1003 inquit,
3055 932 3124 983 ad
3153 932 3411 1002 fastigium
3438 932 3592 1002 virgc
3625 931 3785 999 ejus.

2169 1024 2458 1094 Propterea
2484 1032 2538 1077 et
2566 1024 2763 1080 Paulus
2790 1023 2995 1078 dicebat
3030 1040 3041 1074 :
3073 1021 3204 1076 Fide
3222 1021 3381 1075 Jacob
3408 1022 3626 1076 moriens
3650 1022 3795 1075 siu-

2171 1119 2321 1185 gulos
2351 1116 2485 1186 filios
2511 1115 2705 1185 Joseph
2732 1116 3016 1179 benedixit,
3047 1126 3094 1167 et
3136 1114 3363 1167 adoravit
3391 1114 3458 1166 ad
3497 1115 3795 1183 fastigium

2168 1208 2324 1279 uirga
2367 1208 2507 1262 illius
2545 1205 2744 1276 (Hebr.
2770 1207 2940 1261 H.2l
2962 1206 3006 1275 ).
3050 1205 3208 1259 Vides
3250 1220 3372 1259 eum
3401 1205 3536 1259 istud
3585 1205 3795 1273 ipsum

2171 1299 2276 1354 ﬁde
2303 1308 2507 1353 motum
2536 1297 2748 1362 fecisse,
2780 1298 3189 1368 praevidentem,
3224 1297 3353 1366 regii
3377 1296 3587 1364 generis
3612 1294 3795 1348 futu—

2170 1408 2286 1447 rum
2313 1407 2434 1447 esse
2471 1407 2593 1447 eum
2635 1392 2722 1461 qui
2754 1406 2818 1445 ex
2854 1390 3057 1445 semine
3089 1390 3232 1443 illius
3263 1390 3559 1442 nasciturus
3600 1395 3747 1441 erat
3768 1386 3798 1439 τ

2176 1485 2357 1555 Itaque
2380 1499 2501 1539 cum
2530 1497 2877 1551 quaecumque
2904 1480 3116 1535 volebat
3144 1479 3253 1533 ﬁlio
3294 1479 3621 1547 imperasset,
3654 1492 3795 1529 non

2169 1578 2337 1632 multo
2368 1586 2485 1647 post
2523 1584 2580 1630 ut
2609 1574 2793 1629 didicit
2830 1571 3030 1643 Ioseph
3059 1580 3320 1642 aegrotare
3351 1578 3548 1638 patrem
3579 1584 3796 1629 suum,

2170 1679 2225 1724 et
2248 1668 2359 1737 jam
2397 1668 2450 1722 in
2480 1665 2685 1721 foribus
2722 1680 2842 1719 esse
2872 1674 3130 1728 mortem,
3158 1660 3280 1731 quia
3308 1659 3801 1729 appmpinquave-

2170 1768 2287 1813 rant
2316 1756 2433 1813 dies
2462 1756 2652 1811 mortis
2679 1756 2821 1810 illius
2841 1795 2856 1819 ,
2892 1754 2944 1809 1.
2968 1752 3201 1817 Acceptis
3244 1749 3439 1804 duobus
3481 1748 3603 1817 ﬁliis
3633 1747 3795 1810 suis,

2169 1850 2300 1903 venit
2331 1850 2398 1903 ad
2418 1847 2605 1902 Jacob.
2634 1847 2690 1901 2.
2716 1846 3085 1900 Annuutialum
3111 1852 3183 1897 cst
3211 1850 3376 1895 autem
3396 1840 3486 1894 hoc
3503 1839 3710 1901 Jacob,
3737 1848 3798 1893 et

2169 1939 2523 1995 corroboratus
2552 1937 2723 1991 Israel
2754 1937 2882 1991 sedit
2910 1951 3062 2004 super
3091 1933 3274 1988 lectum
3303 1930 3449 2004 (Cap.
3472 1932 3541 1985 b8
3556 1933 3598 2001 ).
3632 1930 3801 1984 Vide

2171 2031 2444 2103 quomodo
2472 2046 2623 2085 amor
2652 2044 2776 2098 erga
2810 2028 2975 2081 lilium
3018 2040 3203 2080 senem
3234 2024 3508 2088 ﬁrmabat,
3552 2030 3609 2076 et
3650 2024 3801 2075 ala-

2172 2126 2337 2180 critas
2366 2123 2611 2179 vincebat
2640 2119 3027 2175 inﬁrmitatem.
3060 2117 3256 2174 Audita
3281 2116 3423 2170 enim
3454 2115 3598 2169 illius
3625 2130 3799 2183 pra:-

2171 2216 2340 2271 scntia
2362 2256 2378 2281 ,
2410 2215 2603 2285 inquit,
2649 2213 2795 2269 Sedit
2824 2228 2976 2281 super
3004 2212 3207 2264 lectum.
3239 2209 3308 2264 Et
3335 2218 3392 2262 ut
3423 2207 3550 2261 vidit
3591 2207 3796 2270 illum.

2170 2316 2450 2379 paternam
2491 2305 2833 2361 dilectionem
2866 2303 2914 2358 ei
2943 2300 3200 2364 exhibet,
3243 2308 3298 2354 et
3325 2301 3443 2369 quia
3473 2299 3799 2353 moriturus

2170 2408 2322 2467 erat,
2370 2399 2743 2454 benedictione
2791 2410 2886 2451 sua
2932 2396 3109 2448 ﬁrmat
3151 2392 3310 2456 ﬁlios,
3358 2390 3624 2446 maximas
3678 2389 3797 2443 has

2171 2490 2451 2545 facultates
2478 2490 2806 2560 relinquens,
2834 2495 2888 2542 et
2913 2484 3127 2539 divitias
3151 2499 3269 2553 qua:
3295 2482 3498 2537 absumi
3530 2497 3643 2535 non
3680 2496 3795 2549 p0-

2173 2592 2368 2638 terant.
2402 2580 2470 2637 Et
2500 2581 2620 2636 vide
2650 2581 2921 2652 quomodo
2949 2577 3152 2648 incipit.
3185 2576 3419 2631 Primum
3456 2584 3645 2628 narrat
3676 2576 3793 2628 bc-

2171 2675 2531 2730 nevolcntiam
2563 2689 2683 2745 qua:
2726 2673 2827 2727 sibi
2870 2688 2902 2727 a
2947 2672 3057 2726 Deo
3095 2683 3349 2725 concessa
3376 2674 3521 2733 erat,
3558 2677 3619 2721 et
3646 2677 3794 2721 tunc

2170 2764 2571 2821 benedictiones
2615 2764 2738 2818 ﬁliis
2781 2762 3050 2832 impertit,
3081 2769 3135 2815 et
3173 2759 3342 2814 dicit:
3372 2758 3424 2813 '5.
3452 2754 3601 2813 Deus
3636 2773 3794 2810 mens

2170 2861 2409 2930 apparuit
2436 2858 2561 2911 mihi
2600 2858 2652 2910 in
2684 2855 2856 2923 Luza,
2888 2856 2941 2910 in
2971 2865 3104 2909 terra
3129 2853 3371 2907 Chanaan
3398 2892 3412 2915 ,
3440 2861 3485 2905 et
3511 2849 3793 2905 benedixit

2168 2952 2314 3016 mihi,
2342 2961 2388 3005 et
2412 2952 2541 3005 dixit
2571 2951 2694 3004 milii
2717 2965 2736 3004 :
2765 2951 2819 3004 4.
2848 2946 2959 3020 Ego
2990 2957 3035 3001 te
3065 2961 3284 3001 crescere
3314 2945 3499 3014 faciam
3520 2985 3536 3009 ,
3566 2953 3617 2998 et
3644 2945 3793 2997 mul-

2170 3044 2408 3115 tiplicabo
2438 3054 2485 3097 te
2505 3086 2519 3111 ,
2547 3055 2593 3099 et
2619 3043 2808 3113 faciam
2837 3053 2884 3095 te
2908 3042 2961 3094 in
2990 3039 3405 3109 congregationes
3430 3037 3664 3107 gentium
3682 3077 3697 3098 ,
3734 3044 3792 3088 et

2168 3136 2301 3189 dabo
2328 3134 2416 3188 tibi
2446 3146 2632 3189 terram
2659 3134 2790 3187 hanc
2809 3174 2824 3199 ,
2851 3141 2899 3186 et
2927 3132 3107 3185 semini
3134 3140 3219 3183 tuo
3250 3138 3365 3197 post
3390 3138 3455 3193 te,
3482 3128 3531 3180 in
3569 3141 3793 3196 possu-

2168 3228 2360 3281 sionem
2388 3236 2646 3281 (sternam.
2679 3224 2930 3279 Promisit
2956 3221 3107 3287 mihi,
3138 3221 3329 3290 inquit,
3361 3218 3516 3279 Deus,
3548 3217 3793 3279 quando

2168 3320 2223 3374 in
2254 3319 2395 3374 Luza
2435 3335 2466 3373 a
2508 3334 2592 3373 me
2617 3318 2764 3372 visus
2792 3324 2911 3379 est,
2960 3323 3163 3369 tantum
3193 3328 3251 3367 se
3291 3311 3790 3380 multiplicaturnm

2168 3426 2352 3467 semen
2377 3426 2577 3478 meum,
2603 3422 2659 3465 ut
2678 3410 3117 3480 congregationes
3136 3406 3373 3476 gentium
3395 3420 3457 3459 ex
3480 3420 3546 3459 eo
3579 3404 3793 3458 futurae

2167 3504 2296 3570 sint,
2326 3514 2380 3558 et
2421 3513 2614 3557 terram
2655 3502 2783 3556 mihi
2814 3511 2868 3555 et
2896 3500 3087 3555 semini
3114 3514 3235 3553 meo
3270 3512 3330 3551 se
3358 3496 3611 3550 daturum
3645 3510 3791 3564 pro-

2167 3595 2333 3650 misit.
2367 3595 2419 3649 5.
2449 3593 2607 3649 Nunc
2637 3594 2792 3665 igitur
2821 3593 2923 3646 duo
2947 3592 3026 3644 illi
3050 3591 3146 3660 ﬁlii
3166 3631 3179 3653 ,
3209 3590 3293 3657 qui
3315 3590 3425 3643 nati
3453 3597 3575 3641 sunt
3604 3587 3698 3640 tibi
3728 3590 3791 3641 in

2168 3686 2427 3759 Egypto,
2456 3688 2553 3741 mei
2577 3698 2696 3741 sunt
2723 3704 2737 3742 :
2767 3684 3017 3756 Ephmim
3045 3694 3095 3738 et
3124 3682 3409 3745 Monaeses,
3435 3684 3563 3735 sicut
3596 3681 3791 3735 Ruben

2169 3790 2217 3835 et
2244 3780 2489 3850 Symeon,
2520 3790 2668 3835 erunt
2692 3779 2807 3832 mei.
2836 3778 2967 3843 Hos,
3000 3776 3190 3846 inquit,
3219 3791 3352 3845 quos
3380 3774 3619 3827 habuisti
3649 3785 3793 3829 ante

2167 3874 2455 3929 adventum
2483 3890 2692 3940 meum,
2723 3888 2824 3943 ego
2867 3874 2920 3925 in
2950 3886 3193 3927 meorum
3223 3868 3450 3923 ﬁliorum
3479 3883 3790 3923 numerum

2167 3966 2365 4037 adopto
2385 4007 2399 4031 ,
2427 3976 2483 4022 et
2505 3982 2687 4037 parem
2716 3966 2782 4020 iis
2806 3966 2896 4036 qui
2925 3980 2991 4020 ex
3022 3979 3108 4019 me
3135 3963 3243 4017 nati
3278 3972 3401 4016 sunt
3425 3977 3453 4015 a
3485 3976 3575 4016 me
3602 3962 3790 4015 licue-

2167 4057 2457 4114 dictionem
2482 4059 2766 4129 accipient.
2810 4058 2861 4111 6.
2897 4057 3249 4125 Quoscumque
3275 4064 3439 4106 autem
3470 4064 3651 4122 postea
3682 4069 3791 4122 ge-

2166 4152 2370 4217 nueris,
2396 4151 2433 4204 ii
2464 4151 2536 4205 tui
2562 4160 2747 4215 erant;
2796 4150 2851 4203 in
2880 4152 3082 4201 nomine
3111 4150 3331 4219 fratrum
3370 4162 3581 4198 suorum
3624 4162 3785 4197 recn-

2167 4242 2352 4296 buntur
2393 4243 2445 4296 in
2488 4242 2696 4296 illorum
2739 4240 2977 4295 sortibus.
3024 4240 3077 4293 7.
3122 4238 3269 4293 Scias
3307 4248 3510 4300 autem,
3553 4236 3703 4303 quod
3736 4248 3791 4289 et

2166 4345 2327 4389 mater
2363 4343 2452 4387 tua
2481 4334 2712 4398 Rachel,
2754 4335 2958 4401 quando
3003 4330 3528 4401 apprOpinquaveram
3556 4326 3788 4380 Bethle-

2167 4426 2316 4492 bem,
2358 4436 2559 4479 mortua
2586 4434 2692 4491 est,
2738 4434 2783 4479 et
2820 4424 2991 4493 defodi
3030 4438 3141 4475 eam
3188 4420 3241 4474 in
3285 4421 3366 4474 eia
3398 4418 3787 4489 Hippodromi.

2166 4521 2223 4577 8.
2254 4519 2322 4573 Et
2350 4521 2522 4574 videns
2547 4520 2673 4573 duos
2712 4518 2847 4587 filios
2879 4515 3076 4587 Joseplt
3098 4557 3114 4581 ,
3156 4514 3285 4567 dixit
3315 4529 3334 4566 .·
3368 4512 3467 4577 Qui
3507 4522 3632 4567 sunt
3674 4513 3735 4563 Ιοὲ
3765 4513 3791 4545 ⁹

2166 4612 2221 4669 9.
2248 4611 2347 4667 Ille
2370 4623 2538 4667 autent
2564 4628 2581 4667 .'
2604 4610 2730 4666 Filii
2756 4609 2876 4677 mei,
2900 4625 3028 4679 quos
3049 4608 3186 4661 dedit
3212 4606 3336 4659 mihi
3359 4604 3515 4657 Deus.
3550 4602 3620 4656 Et
3644 4604 3789 4657 dixit

2165 4706 2329 4760 Jacob
2356 4722 2374 4759 :
2396 4705 2576 4759 Adduc
2611 4704 2735 4756 mihi
2761 4718 2843 4755 eos
2863 4742 2878 4767 ,
2909 4710 2965 4754 ut
3000 4699 3292 4754 benedicam
3319 4713 3423 4751 eos.
3457 4697 3543 4750 10.
3582 4695 3649 4748 Et
3678 4713 3789 4761 ap.

2170 4799 2511 4869 prOpinquare
2535 4813 2618 4849 eos
2642 4796 2721 4849 illi
2742 4796 2881 4865 fecit.
2909 4792 2976 4847 Et
3000 4792 3257 4846 osculatus
3279 4799 3351 4843 est
3373 4805 3475 4851 eos,
3504 4798 3552 4840 et
3576 4789 3789 4856 antple-

2166 4902 2322 4946 xatus
2348 4900 2421 4945 est
2447 4905 2553 4943 eos.
2582 4888 2733 4953 Vide,
2761 4887 3009 4951 obsecro,
3036 4898 3219 4938 senem
3248 4880 3523 4952 quomodo
3551 4880 3789 4935 festinat

2168 4993 2226 5038 et
2254 4993 2406 5052 urget
2433 4990 2490 5035 ut
2530 4980 2812 5035 benedicat
2841 4980 2982 5034 ﬁlios
3012 4977 3234 5045 Joseph.
3265 4975 3331 5029 Et
3354 4975 3793 5045 appropinquare

2168 5090 2252 5129 eos
2278 5074 2395 5146 fecit
2423 5072 2524 5137 illi,
2555 5072 2746 5141 inquit.
2774 5069 2842 5125 Et
2865 5072 3124 5124 osculatus
3147 5078 3219 5121 est
3245 5084 3349 5131 eos,
3374 5077 3421 5120 et
3445 5067 3787 5133 amplexatus

2167 5176 2240 5220 est
2264 5183 2368 5233 eos,
2398 5166 2486 5220 11.
2511 5174 2557 5219 et
2587 5165 2717 5218 dixit
2742 5163 2809 5215 ad
2833 5160 3029 5232 Ioseph
3053 5177 3071 5215 :
3098 5160 3227 5215 Ecce
3253 5160 3386 5231 facie
3411 5171 3501 5211 tua
3527 5175 3631 5211 non
3658 5175 3788 5211 sum

2168 5262 2430 5330 priuatus,
2472 5267 2519 5313 et
2561 5274 2674 5312 ecce
2716 5256 3011 5311 monstravit
3050 5254 3174 5307 mihi
3213 5250 3357 5305 Deus
3392 5267 3561 5306 semen
3600 5259 3784 5303 tuum.

2168 5354 2355 5424 Magna
2382 5351 2535 5418 mihi,
2569 5350 2759 5421 inquit,
2789 5348 3037 5417 prmstitit
3066 5346 3160 5401 Dei
3197 5344 3510 5409 clementia,
3533 5352 3589 5396 et
3616 5341 3787 5411 plura

2166 5462 2326 5517 quam
2368 5445 2671 5515 exspectavi
2695 5459 2710 5509 ;
2756 5444 2865 5497 imo
2893 5450 2949 5496 et
2979 5456 3098 5509 quae
3125 5452 3414 5507 numquam
3435 5443 3725 5504 exspectas
3743 5434 3785 5487 i.

2165 5537 2282 5593 Non
2305 5538 2448 5591 enim
2476 5536 2648 5591 solum
2675 5550 2778 5589 non
2805 5548 2921 5587 sum
2948 5533 3190 5602 privatus
3217 5530 3352 5583 facie
3377 5538 3488 5593 tua,
3516 5526 3611 5581 sed
3638 5541 3789 5581 ecce

2164 5631 2324 5685 etiam
2352 5628 2459 5684 vidi
2487 5643 2579 5682 eos
2608 5628 2698 5697 qui
2727 5642 2789 5681 ex
2829 5634 2882 5680 te
2911 5624 3019 5679 nati
3059 5633 3204 5677 sunt.
3238 5622 3324 5675 l2.
3354 5616 3422 5673 Et
3471 5619 3647 5672 eduxit
3682 5634 3787 5673 eos

2163 5720 2357 5792 Joseplt
2401 5737 2432 5773 a
2476 5719 2683 5790 genibus
2708 5759 2721 5783 ,
2768 5728 2815 5770 et
2843 5717 3180 5770 adoraverunt
3223 5729 3337 5766 eum
3362 5726 3518 5780 super
3560 5709 3787 5779 faciem,

2165 5833 2318 5885 super
2345 5824 2549 5869 terram.
2583 5812 2713 5870 Vide
2738 5809 3010 5883 quomodo
3038 5819 3090 5866 et
3123 5822 3316 5880 pueros
3357 5805 3537 5861 statim
3565 5803 3632 5858 ab
3662 5799 3783 5854 iui-
