  <div class='ocr_page' id='page_1' title='image "/cluster/home/n/w/nwhite01/storage/ocr_20150623/54/nnc1.0046978518/194.png"; bbox 0 0 4038 6358; ppageno 0'>
   <div class='ocr_carea' id='block_1_1' title="bbox 290 367 401 423">
    <p class='ocr_par' dir='ltr' id='par_1_1' title="bbox 290 367 401 423">
     <span class='ocr_line' id='line_1_1' title="bbox 290 367 401 423; baseline -0.036 0"><span class='ocrx_word' id='word_1_1' title='bbox 290 367 401 423; x_wconf 77' lang='lat'>567</span> 
     </span>
    </p>
   </div>
   <div class='ocr_carea' id='block_1_2' title="bbox 289 480 1872 567">
    <p class='ocr_par' dir='ltr' id='par_1_2' title="bbox 289 480 1872 567">
     <span class='ocr_line' id='line_1_2' title="bbox 289 480 1872 567; baseline 0.02 -35"><span class='ocrx_word' id='word_1_2' title='bbox 289 480 646 567; x_wconf 78' lang='grc' dir='ltr'>παρεϐλάϐης</span> <span class='ocrx_word' id='word_1_3' title='bbox 676 481 851 537; x_wconf 84' lang='grc' dir='ltr'>Μόνον</span> <span class='ocrx_word' id='word_1_4' title='bbox 877 485 926 538; x_wconf 89' lang='grc' dir='ltr'>εί</span> <span class='ocrx_word' id='word_1_5' title='bbox 958 484 1021 539; x_wconf 88' lang='grc' dir='ltr'>τδ</span> <span class='ocrx_word' id='word_1_6' title='bbox 1041 485 1142 556; x_wconf 77' lang='grc' dir='ltr'>τῆς</span> <span class='ocrx_word' id='word_1_7' title='bbox 1193 489 1390 560; x_wconf 79' lang='grc' dir='ltr'>ἀρετῆς</span> <span class='ocrx_word' id='word_1_8' title='bbox 1424 488 1628 562; x_wconf 74' lang='grc' dir='ltr'>ἔνδυμα</span> <span class='ocrx_word' id='word_1_9' title='bbox 1656 493 1731 565; x_wconf 78' lang='grc' dir='ltr'>μὴ</span> <span class='ocrx_word' id='word_1_10' title='bbox 1757 490 1872 567; x_wconf 75' lang='grc' dir='ltr'>εἶχε</span> 
     </span>
    </p>
   </div>
   <div class='ocr_carea' id='block_1_3' title="bbox 285 566 1872 648">
    <p class='ocr_par' dir='ltr' id='par_1_3' title="bbox 285 566 1872 648">
     <span class='ocr_line' id='line_1_3' title="bbox 285 566 1872 648; baseline 0.009 -29"><span class='ocrx_word' id='word_1_11' title='bbox 285 566 640 637; x_wconf 71' lang='grc' dir='ltr'>τεεριστέλλον</span> <span class='ocrx_word' id='word_1_12' title='bbox 667 567 854 621; x_wconf 79' lang='grc' dir='ltr'>αὐτόν.</span> <span class='ocrx_word' id='word_1_13' title='bbox 887 569 1010 623; x_wconf 86' lang='grc' dir='ltr'>Ὅτι</span> <span class='ocrx_word' id='word_1_14' title='bbox 1041 570 1148 642; x_wconf 80' lang='grc' dir='ltr'>γὰρ</span> <span class='ocrx_word' id='word_1_15' title='bbox 1183 571 1334 624; x_wconf 81' lang='grc' dir='ltr'>οὐδὲν</span> <span class='ocrx_word' id='word_1_16' title='bbox 1362 573 1522 628; x_wconf 86' lang='grc' dir='ltr'>τοῦτο</span> <span class='ocrx_word' id='word_1_17' title='bbox 1551 566 1872 648; x_wconf 83' lang='grc' dir='ltr'>λυμαίνεται</span> 
     </span>
    </p>
   </div>
   <div class='ocr_carea' id='block_1_4' title="bbox 281 652 1868 730">
    <p class='ocr_par' dir='ltr' id='par_1_4' title="bbox 281 652 1868 730">
     <span class='ocr_line' id='line_1_4' title="bbox 281 652 1868 730; baseline 0.008 -26"><span class='ocrx_word' id='word_1_18' title='bbox 281 652 378 705; x_wconf 71' lang='grc' dir='ltr'>τὸν</span> <span class='ocrx_word' id='word_1_19' title='bbox 408 653 682 725; x_wconf 79' lang='grc' dir='ltr'>ἐνάρετον,</span> <span class='ocrx_word' id='word_1_20' title='bbox 733 652 972 723; x_wconf 84' lang='grc' dir='ltr'>μάνθανε</span> <span class='ocrx_word' id='word_1_21' title='bbox 1019 655 1101 709; x_wconf 87' lang='grc' dir='ltr'>ὅτι</span> <span class='ocrx_word' id='word_1_22' title='bbox 1143 657 1192 708; x_wconf 84' lang='grc' dir='ltr'>οἱ</span> <span class='ocrx_word' id='word_1_23' title='bbox 1226 655 1450 720; x_wconf 88' lang='grc' dir='ltr'>πλείους</span> <span class='ocrx_word' id='word_1_24' title='bbox 1484 658 1594 712; x_wconf 89' lang='grc' dir='ltr'>τῶν</span> <span class='ocrx_word' id='word_1_25' title='bbox 1620 661 1868 730; x_wconf 87' lang='grc' dir='ltr'>δικαίων,</span> 
     </span>
    </p>
   </div>
   <div class='ocr_carea' id='block_1_5' title="bbox 280 733 1871 814">
    <p class='ocr_par' dir='ltr' id='par_1_5' title="bbox 280 733 1871 814">
     <span class='ocr_line' id='line_1_5' title="bbox 280 733 1871 814; baseline 0.008 -26"><span class='ocrx_word' id='word_1_26' title='bbox 280 733 395 788; x_wconf 85' lang='grc' dir='ltr'>τῶν</span> <span class='ocrx_word' id='word_1_27' title='bbox 418 735 714 805; x_wconf 74' lang='grc' dir='ltr'>προφητῶν</span> <span class='ocrx_word' id='word_1_28' title='bbox 745 735 889 805; x_wconf 86' lang='grc' dir='ltr'>λέγω</span> <span class='ocrx_word' id='word_1_29' title='bbox 922 739 1015 792; x_wconf 76' lang='grc' dir='ltr'>καὶ</span> <span class='ocrx_word' id='word_1_30' title='bbox 1060 738 1169 792; x_wconf 85' lang='grc' dir='ltr'>τῶν</span> <span class='ocrx_word' id='word_1_31' title='bbox 1201 739 1537 808; x_wconf 81' lang='grc' dir='ltr'>ἀποστόλων,</span> <span class='ocrx_word' id='word_1_32' title='bbox 1581 741 1720 814; x_wconf 83' lang='grc' dir='ltr'>πλὴν</span> <span class='ocrx_word' id='word_1_33' title='bbox 1763 747 1871 801; x_wconf 83' lang='grc' dir='ltr'>ὀλί-</span> 
     </span>
    </p>
   </div>
   <div class='ocr_carea' id='block_1_6' title="bbox 278 817 1869 903">
    <p class='ocr_par' dir='ltr' id='par_1_6' title="bbox 278 817 1869 903">
     <span class='ocr_line' id='line_1_6' title="bbox 278 817 1869 903; baseline 0.009 -34"><span class='ocrx_word' id='word_1_34' title='bbox 278 817 940 903; x_wconf 18' lang='grc' dir='ltr'>γωνηούδὲῇίσμενδπου</span> <span class='ocrx_word' id='word_1_35' title='bbox 987 822 1381 893; x_wconf 88' lang='grc' dir='ltr'>κατετέθησαν.</span> <span class='ocrx_word' id='word_1_36' title='bbox 1411 826 1474 878; x_wconf 79' lang='lat' dir='ltr'><strong><em>Ol</em></strong></span> <span class='ocrx_word' id='word_1_37' title='bbox 1518 827 1617 896; x_wconf 84' lang='grc' dir='ltr'>μὲν</span> <span class='ocrx_word' id='word_1_38' title='bbox 1639 829 1748 900; x_wconf 79' lang='grc' dir='ltr'>γὰρ</span> <span class='ocrx_word' id='word_1_39' title='bbox 1770 830 1869 903; x_wconf 79' lang='grc' dir='ltr'>τὴν</span> 
     </span>
    </p>
   </div>
   <div class='ocr_carea' id='block_1_7' title="bbox 275 899 1868 974">
    <p class='ocr_par' dir='ltr' id='par_1_7' title="bbox 275 899 1868 974">
     <span class='ocr_line' id='line_1_7' title="bbox 275 899 1868 974; baseline 0.01 -23"><span class='ocrx_word' id='word_1_40' title='bbox 275 899 528 970; x_wconf 77' lang='grc' dir='ltr'>κεφαλὴν</span> <span class='ocrx_word' id='word_1_41' title='bbox 579 901 1003 974; x_wconf 87' lang='grc' dir='ltr'>ἀπετμήθησαν,</span> <span class='ocrx_word' id='word_1_42' title='bbox 1038 904 1088 956; x_wconf 81' lang='grc' dir='ltr'>οἱ</span> <span class='ocrx_word' id='word_1_43' title='bbox 1122 904 1178 957; x_wconf 86' lang='grc' dir='ltr'>δὲ</span> <span class='ocrx_word' id='word_1_44' title='bbox 1213 905 1678 973; x_wconf 77' lang='grc' dir='ltr'>καταλευσθέντες</span> <span class='ocrx_word' id='word_1_45' title='bbox 1721 899 1868 967; x_wconf 77' lang='grc' dir='ltr'>οὕτω</span> 
     </span>
    </p>
   </div>
   <div class='ocr_carea' id='block_1_8' title="bbox 273 983 1868 1064">
    <p class='ocr_par' dir='ltr' id='par_1_8' title="bbox 273 983 1868 1064">
     <span class='ocr_line' id='line_1_8' title="bbox 273 983 1868 1064; baseline 0.008 -28"><span class='ocrx_word' id='word_1_46' title='bbox 273 983 375 1037; x_wconf 82' lang='grc' dir='ltr'>τοῦ</span> <span class='ocrx_word' id='word_1_47' title='bbox 411 983 528 1053; x_wconf 87' lang='grc' dir='ltr'>βίου</span> <span class='ocrx_word' id='word_1_48' title='bbox 555 985 916 1056; x_wconf 82' lang='grc' dir='ltr'>μετέστησαν,</span> <span class='ocrx_word' id='word_1_49' title='bbox 945 987 1038 1040; x_wconf 81' lang='grc' dir='ltr'>καὶ</span> <span class='ocrx_word' id='word_1_50' title='bbox 1070 987 1245 1058; x_wconf 74' lang='grc' dir='ltr'>ἕτεροι</span> <span class='ocrx_word' id='word_1_51' title='bbox 1288 989 1510 1060; x_wconf 80' lang='grc' dir='ltr'>μυρίαις</span> <span class='ocrx_word' id='word_1_52' title='bbox 1547 993 1643 1046; x_wconf 75' lang='grc' dir='ltr'>καὶ</span> <span class='ocrx_word' id='word_1_53' title='bbox 1680 993 1868 1064; x_wconf 71' lang='grc' dir='ltr'>διαφό-</span> 
     </span>
    </p>
   </div>
   <div class='ocr_carea' id='block_1_9' title="bbox 276 1067 1862 1145">
    <p class='ocr_par' dir='ltr' id='par_1_9' title="bbox 276 1067 1862 1145">
     <span class='ocr_line' id='line_1_9' title="bbox 276 1067 1862 1145; baseline 0.008 -28"><span class='ocrx_word' id='word_1_54' title='bbox 276 1082 402 1137; x_wconf 85' lang='grc' dir='ltr'>ροις</span> <span class='ocrx_word' id='word_1_55' title='bbox 443 1067 740 1139; x_wconf 82' lang='grc' dir='ltr'>τιμωρίαις</span> <span class='ocrx_word' id='word_1_56' title='bbox 781 1068 977 1133; x_wconf 78' lang='grc' dir='ltr'>αὐτοὺς</span> <span class='ocrx_word' id='word_1_57' title='bbox 1016 1069 1262 1132; x_wconf 83' lang='grc' dir='ltr'>ἐκδόντες</span> <span class='ocrx_word' id='word_1_58' title='bbox 1310 1071 1398 1124; x_wconf 86' lang='grc' dir='ltr'>διά</span> <span class='ocrx_word' id='word_1_59' title='bbox 1432 1073 1533 1145; x_wconf 75' lang='grc' dir='ltr'>τήν</span> <span class='ocrx_word' id='word_1_60' title='bbox 1557 1075 1862 1144; x_wconf 81' lang='grc' dir='ltr'>εὐσέϐειαν,</span> 
     </span>
    </p>
   </div>
   <div class='ocr_carea' id='block_1_10' title="bbox 273 1149 1864 1225">
    <p class='ocr_par' dir='ltr' id='par_1_10' title="bbox 273 1149 1864 1225">
     <span class='ocr_line' id='line_1_10' title="bbox 273 1149 1864 1225; baseline 0.008 -24"><span class='ocrx_word' id='word_1_61' title='bbox 273 1149 483 1212; x_wconf 73' lang='grc' dir='ltr'>πάντες</span> <span class='ocrx_word' id='word_1_62' title='bbox 515 1150 654 1221; x_wconf 82' lang='grc' dir='ltr'>ὑπὲρ</span> <span class='ocrx_word' id='word_1_63' title='bbox 703 1152 941 1220; x_wconf 80' lang='grc' dir='ltr'>Χριστοῦ</span> <span class='ocrx_word' id='word_1_64' title='bbox 987 1153 1406 1225; x_wconf 85' lang='grc' dir='ltr'>ἐμαρτύρησαν’</span> <span class='ocrx_word' id='word_1_65' title='bbox 1463 1157 1556 1210; x_wconf 75' lang='grc' dir='ltr'>καὶ</span> <span class='ocrx_word' id='word_1_66' title='bbox 1592 1159 1768 1224; x_wconf 74' lang='grc' dir='ltr'>οὐδεὶς</span> <span class='ocrx_word' id='word_1_67' title='bbox 1797 1161 1864 1215; x_wconf 84' lang='grc' dir='ltr'>ἂν</span> 
     </span>
    </p>
   </div>
   <div class='ocr_carea' id='block_1_11' title="bbox 270 1233 1865 1314">
    <p class='ocr_par' dir='ltr' id='par_1_11' title="bbox 270 1233 1865 1314">
     <span class='ocr_line' id='line_1_11' title="bbox 270 1233 1865 1314; baseline 0.009 -29"><span class='ocrx_word' id='word_1_68' title='bbox 270 1233 569 1303; x_wconf 76' lang='grc' dir='ltr'>τολμήσειε</span> <span class='ocrx_word' id='word_1_69' title='bbox 591 1235 721 1304; x_wconf 84' lang='grc' dir='ltr'>περὶ</span> <span class='ocrx_word' id='word_1_70' title='bbox 768 1235 878 1288; x_wconf 87' lang='grc' dir='ltr'>τῶν</span> <span class='ocrx_word' id='word_1_71' title='bbox 907 1237 1164 1291; x_wconf 85' lang='grc' dir='ltr'>τοιούτων</span> <span class='ocrx_word' id='word_1_72' title='bbox 1197 1241 1390 1305; x_wconf 74' lang='grc' dir='ltr'>εἰπεῖν,</span> <span class='ocrx_word' id='word_1_73' title='bbox 1424 1243 1506 1294; x_wconf 87' lang='grc' dir='ltr'>ὅτι</span> <span class='ocrx_word' id='word_1_74' title='bbox 1543 1242 1735 1314; x_wconf 82' lang='grc' dir='ltr'>ἄτιμος</span> <span class='ocrx_word' id='word_1_75' title='bbox 1767 1247 1865 1299; x_wconf 87' lang='grc' dir='ltr'>αὑ-</span> 
     </span>
    </p>
   </div>
   <div class='ocr_carea' id='block_1_12' title="bbox 271 1317 1862 1402">
    <p class='ocr_par' dir='ltr' id='par_1_12' title="bbox 271 1317 1862 1402">
     <span class='ocr_line' id='line_1_12' title="bbox 271 1317 1862 1402; baseline 0.009 -34"><span class='ocrx_word' id='word_1_76' title='bbox 271 1317 386 1402; x_wconf 65' lang='grc' dir='ltr'>τῶν</span> <span class='ocrx_word' id='word_1_77' title='bbox 437 1317 659 1402; x_wconf 79' lang='grc' dir='ltr'>γέγονεν</span> <span class='ocrx_word' id='word_1_78' title='bbox 693 1319 723 1370; x_wconf 88' lang='grc' dir='ltr'>ὁ</span> <span class='ocrx_word' id='word_1_79' title='bbox 771 1319 1025 1384; x_wconf 88' lang='grc' dir='ltr'>θάνατος,</span> <span class='ocrx_word' id='word_1_80' title='bbox 1061 1321 1196 1376; x_wconf 83' lang='grc' dir='ltr'>ἀλλά</span> <span class='ocrx_word' id='word_1_81' title='bbox 1223 1323 1579 1396; x_wconf 83' lang='grc' dir='ltr'>ἀκολουθήσει</span> <span class='ocrx_word' id='word_1_82' title='bbox 1629 1331 1696 1400; x_wconf 79' lang='grc' dir='ltr'>τῇ</span> <span class='ocrx_word' id='word_1_83' title='bbox 1743 1329 1862 1402; x_wconf 61' lang='grc' dir='ltr'>θείᾳ</span> 
     </span>
    </p>
   </div>
   <div class='ocr_carea' id='block_1_13' title="bbox 271 1399 1861 1480">
    <p class='ocr_par' dir='ltr' id='par_1_13' title="bbox 271 1399 1861 1480">
     <span class='ocr_line' id='line_1_13' title="bbox 271 1399 1861 1480; baseline 0.009 -27"><span class='ocrx_word' id='word_1_84' title='bbox 271 1399 467 1472; x_wconf 80' lang='grc' dir='ltr'>Γραφῇ</span> <span class='ocrx_word' id='word_1_85' title='bbox 490 1401 747 1474; x_wconf 79' lang='grc' dir='ltr'>λεγούσῃ,</span> <span class='ocrx_word' id='word_1_86' title='bbox 773 1403 968 1473; x_wconf 83' lang='grc' dir='ltr'>Τίμιος</span> <span class='ocrx_word' id='word_1_87' title='bbox 980 1404 1261 1460; x_wconf 69' lang='grc' dir='ltr'>ἐναντίον</span> <span class='ocrx_word' id='word_1_88' title='bbox 1286 1409 1508 1475; x_wconf 81' lang='grc' dir='ltr'>Κυρίου</span> <span class='ocrx_word' id='word_1_89' title='bbox 1542 1413 1576 1464; x_wconf 84' lang='grc' dir='ltr'>ό</span> <span class='ocrx_word' id='word_1_90' title='bbox 1603 1399 1861 1480; x_wconf 57' lang='grc' dir='ltr'>θάνατος</span> 
     </span>
    </p>
   </div>
   <div class='ocr_carea' id='block_1_14' title="bbox 267 1485 1862 1561">
    <p class='ocr_par' dir='ltr' id='par_1_14' title="bbox 267 1485 1862 1561">
     <span class='ocr_line' id='line_1_14' title="bbox 267 1485 1862 1561; baseline 0.008 -22"><span class='ocrx_word' id='word_1_91' title='bbox 267 1485 394 1539; x_wconf 82' lang='grc' dir='ltr'>τῶν</span> <span class='ocrx_word' id='word_1_92' title='bbox 421 1488 608 1540; x_wconf 85' lang='grc' dir='ltr'>ὁσίων</span> <span class='ocrx_word' id='word_1_93' title='bbox 635 1488 843 1542; x_wconf 78' lang='grc' dir='ltr'>αὐτοῦ.</span> <span class='ocrx_word' id='word_1_94' title='bbox 870 1490 978 1543; x_wconf 75' lang='grc' dir='ltr'>Καὶ</span> <span class='ocrx_word' id='word_1_95' title='bbox 1007 1487 1198 1561; x_wconf 84' lang='grc' dir='ltr'>ὥσπερ</span> <span class='ocrx_word' id='word_1_96' title='bbox 1230 1491 1322 1544; x_wconf 85' lang='grc' dir='ltr'>τὸν</span> <span class='ocrx_word' id='word_1_97' title='bbox 1353 1492 1463 1546; x_wconf 87' lang='grc' dir='ltr'>τῶν</span> <span class='ocrx_word' id='word_1_98' title='bbox 1492 1494 1862 1552; x_wconf 85' lang='grc' dir='ltr'>ὁσίωνθάνα-</span> 
     </span>
    </p>
   </div>
   <div class='ocr_carea' id='block_1_15' title="bbox 266 1569 1860 1653">
    <p class='ocr_par' dir='ltr' id='par_1_15' title="bbox 266 1569 1860 1653">
     <span class='ocr_line' id='line_1_15' title="bbox 266 1569 1860 1653; baseline 0.008 -31"><span class='ocrx_word' id='word_1_99' title='bbox 266 1585 364 1622; x_wconf 87' lang='grc' dir='ltr'>τον</span> <span class='ocrx_word' id='word_1_100' title='bbox 394 1569 576 1641; x_wconf 86' lang='grc' dir='ltr'>τίμιον</span> <span class='ocrx_word' id='word_1_101' title='bbox 602 1570 879 1636; x_wconf 79' lang='grc' dir='ltr'>ἐκάλεσεν,</span> <span class='ocrx_word' id='word_1_102' title='bbox 913 1570 1086 1636; x_wconf 80' lang='grc' dir='ltr'>οὕτως</span> <span class='ocrx_word' id='word_1_103' title='bbox 1115 1575 1278 1628; x_wconf 81' lang='grc' dir='ltr'>άκουε</span> <span class='ocrx_word' id='word_1_104' title='bbox 1307 1576 1401 1628; x_wconf 58' lang='grc' dir='ltr'>καὶ¹</span> <span class='ocrx_word' id='word_1_105' title='bbox 1430 1575 1520 1630; x_wconf 76' lang='grc' dir='ltr'>τὸν</span> <span class='ocrx_word' id='word_1_106' title='bbox 1548 1578 1658 1631; x_wconf 88' lang='grc' dir='ltr'>τῶν</span> <span class='ocrx_word' id='word_1_107' title='bbox 1680 1581 1860 1653; x_wconf 82' lang='grc' dir='ltr'>ἀμαρ-</span> 
     </span>
    </p>
   </div>
   <div class='ocr_carea' id='block_1_16' title="bbox 266 1654 1858 1732">
    <p class='ocr_par' dir='ltr' id='par_1_16' title="bbox 266 1654 1858 1732">
     <span class='ocr_line' id='line_1_16' title="bbox 266 1654 1858 1732; baseline 0.008 -26"><span class='ocrx_word' id='word_1_108' title='bbox 266 1654 462 1706; x_wconf 88' lang='grc' dir='ltr'>τωλῶν</span> <span class='ocrx_word' id='word_1_109' title='bbox 513 1656 747 1726; x_wconf 81' lang='grc' dir='ltr'>πονηρὸν</span> <span class='ocrx_word' id='word_1_110' title='bbox 796 1656 1091 1720; x_wconf 75' lang='grc' dir='ltr'>καλοῦντος</span> <span class='ocrx_word' id='word_1_111' title='bbox 1143 1657 1234 1710; x_wconf 74' lang='grc' dir='ltr'>τὸν</span> <span class='ocrx_word' id='word_1_112' title='bbox 1291 1658 1540 1714; x_wconf 85' lang='grc' dir='ltr'>θάνατον.</span> <span class='ocrx_word' id='word_1_113' title='bbox 1591 1663 1858 1732; x_wconf 82' lang='grc' dir='ltr'>Θάνατος</span> 
     </span>
    </p>
   </div>
   <div class='ocr_carea' id='block_1_17' title="bbox 266 1737 1858 1819">
    <p class='ocr_par' dir='ltr' id='par_1_17' title="bbox 266 1737 1858 1819">
     <span class='ocr_line' id='line_1_17' title="bbox 266 1737 1858 1819; baseline 0.008 -30"><span class='ocrx_word' id='word_1_114' title='bbox 266 1737 399 1808; x_wconf 86' lang='grc' dir='ltr'>γάρ,</span> <span class='ocrx_word' id='word_1_115' title='bbox 433 1739 617 1811; x_wconf 74' lang='grc' dir='ltr'>φησὶν,</span> <span class='ocrx_word' id='word_1_116' title='bbox 647 1739 1010 1807; x_wconf 80' lang='grc' dir='ltr'>ἁμαρτωλῶν</span> <span class='ocrx_word' id='word_1_117' title='bbox 1033 1741 1315 1810; x_wconf 79' lang='grc' dir='ltr'>πονηρός.</span> <span class='ocrx_word' id='word_1_118' title='bbox 1333 1743 1494 1797; x_wconf 85' lang='grc' dir='ltr'>Ὥστε</span> <span class='ocrx_word' id='word_1_119' title='bbox 1519 1745 1619 1799; x_wconf 76' lang='grc' dir='ltr'>κᾶν</span> <span class='ocrx_word' id='word_1_120' title='bbox 1643 1748 1736 1800; x_wconf 76' lang='grc' dir='ltr'>ἐπὶ</span> <span class='ocrx_word' id='word_1_121' title='bbox 1759 1750 1858 1819; x_wconf 86' lang='grc' dir='ltr'>τῆς</span> 
     </span>
    </p>
   </div>
   <div class='ocr_carea' id='block_1_18' title="bbox 265 1821 1857 1895">
    <p class='ocr_par' dir='ltr' id='par_1_18' title="bbox 265 1821 1857 1895">
     <span class='ocr_line' id='line_1_18' title="bbox 265 1821 1857 1895; baseline 0.008 -22"><span class='ocrx_word' id='word_1_122' title='bbox 265 1821 448 1883; x_wconf 74' lang='grc' dir='ltr'>οἰκίας</span> <span class='ocrx_word' id='word_1_123' title='bbox 470 1839 555 1884; x_wconf 87' lang='grc' dir='ltr'>τις</span> <span class='ocrx_word' id='word_1_124' title='bbox 583 1821 865 1895; x_wconf 78' lang='grc' dir='ltr'>καταλύσῃ</span> <span class='ocrx_word' id='word_1_125' title='bbox 886 1822 975 1876; x_wconf 86' lang='grc' dir='ltr'>τὸν</span> <span class='ocrx_word' id='word_1_126' title='bbox 1007 1822 1142 1893; x_wconf 89' lang='grc' dir='ltr'>βίον,</span> <span class='ocrx_word' id='word_1_127' title='bbox 1188 1826 1282 1878; x_wconf 77' lang='grc' dir='ltr'>καὶ</span> <span class='ocrx_word' id='word_1_128' title='bbox 1315 1829 1573 1894; x_wconf 78' lang='grc' dir='ltr'>γυναικὸς</span> <span class='ocrx_word' id='word_1_129' title='bbox 1605 1832 1698 1884; x_wconf 77' lang='grc' dir='ltr'>καὶ</span> <span class='ocrx_word' id='word_1_130' title='bbox 1727 1849 1857 1884; x_wconf 78' lang='grc' dir='ltr'>παι-</span> 
     </span>
    </p>
   </div>
   <div class='ocr_carea' id='block_1_19' title="bbox 263 1902 1857 1986">
    <p class='ocr_par' dir='ltr' id='par_1_19' title="bbox 263 1902 1857 1986">
     <span class='ocr_line' id='line_1_19' title="bbox 263 1902 1857 1986; baseline 0.007 -30"><span class='ocrx_word' id='word_1_131' title='bbox 263 1902 397 1956; x_wconf 86' lang='grc' dir='ltr'>δίων</span> <span class='ocrx_word' id='word_1_132' title='bbox 429 1904 734 1976; x_wconf 85' lang='grc' dir='ltr'>παρόντων,</span> <span class='ocrx_word' id='word_1_133' title='bbox 770 1907 862 1959; x_wconf 76' lang='grc' dir='ltr'>καὶ</span> <span class='ocrx_word' id='word_1_134' title='bbox 891 1906 1212 1976; x_wconf 80' lang='grc' dir='ltr'>ἐπιτηδείων</span> <span class='ocrx_word' id='word_1_135' title='bbox 1252 1911 1346 1962; x_wconf 73' lang='grc' dir='ltr'>καὶ</span> <span class='ocrx_word' id='word_1_136' title='bbox 1383 1912 1676 1983; x_wconf 84' lang='grc' dir='ltr'>γνωρίμων</span> <span class='ocrx_word' id='word_1_137' title='bbox 1716 1931 1857 1986; x_wconf 88' lang='grc' dir='ltr'>παρ-</span> 
     </span>
    </p>
   </div>
   <div class='ocr_carea' id='block_1_20' title="bbox 264 1986 1851 2067">
    <p class='ocr_par' dir='ltr' id='par_1_20' title="bbox 264 1986 1851 2067">
     <span class='ocr_line' id='line_1_20' title="bbox 264 1986 1851 2067; baseline 0.006 -30"><span class='ocrx_word' id='word_1_138' title='bbox 264 1986 540 2052; x_wconf 84' lang='grc' dir='ltr'>εστώτων,</span> <span class='ocrx_word' id='word_1_139' title='bbox 565 1989 763 2059; x_wconf 88' lang='grc' dir='ltr'>ἀρετῆς</span> <span class='ocrx_word' id='word_1_140' title='bbox 794 1988 852 2042; x_wconf 83' lang='grc' dir='ltr'>δὲ</span> <span class='ocrx_word' id='word_1_141' title='bbox 887 1988 1090 2058; x_wconf 78' lang='grc' dir='ltr'>ἕρημος</span> <span class='ocrx_word' id='word_1_142' title='bbox 1116 1990 1375 2064; x_wconf 82' lang='grc' dir='ltr'>τυγχάνῃ,</span> <span class='ocrx_word' id='word_1_143' title='bbox 1403 1994 1640 2065; x_wconf 75' lang='grc' dir='ltr'>πονηρὸς</span> <span class='ocrx_word' id='word_1_144' title='bbox 1674 1994 1738 2049; x_wconf 81' lang='grc' dir='ltr'>ἀν</span> <span class='ocrx_word' id='word_1_145' title='bbox 1766 1997 1851 2067; x_wconf 79' lang='grc' dir='ltr'>εἴη</span> 
     </span>
    </p>
   </div>
   <div class='ocr_carea' id='block_1_21' title="bbox 260 2069 1853 2160">
    <p class='ocr_par' dir='ltr' id='par_1_21' title="bbox 260 2069 1853 2160">
     <span class='ocr_line' id='line_1_21' title="bbox 260 2069 1853 2160; baseline 0.007 -37"><span class='ocrx_word' id='word_1_146' title='bbox 260 2071 294 2124; x_wconf 89' lang='lat'>6</span> <span class='ocrx_word' id='word_1_147' title='bbox 316 2069 509 2160; x_wconf 64' lang='grc' dir='ltr'>τούτου</span> <span class='ocrx_word' id='word_1_148' title='bbox 545 2071 794 2160; x_wconf 84' lang='grc' dir='ltr'>θάνατος.</span> <span class='ocrx_word' id='word_1_149' title='bbox 835 2071 994 2127; x_wconf 78' lang='grc' dir='ltr'>Οὕτω</span> <span class='ocrx_word' id='word_1_150' title='bbox 1031 2073 1135 2160; x_wconf 71' lang='grc' dir='ltr'>κάν</span> <span class='ocrx_word' id='word_1_151' title='bbox 1161 2075 1583 2160; x_wconf 15' lang='grc' dir='ltr'>ἐπ’λάλλοτρίας.</span> <span class='ocrx_word' id='word_1_152' title='bbox 1619 2078 1722 2160; x_wconf 68' lang='grc' dir='ltr'>κᾶν</span> <span class='ocrx_word' id='word_1_153' title='bbox 1762 2082 1853 2135; x_wconf 75' lang='grc' dir='ltr'>ἐπὶ</span> 
     </span>
    </p>
   </div>
   <div class='ocr_carea' id='block_1_22' title="bbox 261 2152 1849 2233">
    <p class='ocr_par' dir='ltr' id='par_1_22' title="bbox 261 2152 1849 2233">
     <span class='ocr_line' id='line_1_22' title="bbox 261 2152 1849 2233; baseline 0.006 -27"><span class='ocrx_word' id='word_1_154' title='bbox 261 2152 360 2207; x_wconf 83' lang='grc' dir='ltr'>τοῦ</span> <span class='ocrx_word' id='word_1_155' title='bbox 399 2153 630 2222; x_wconf 82' lang='grc' dir='ltr'>ἐδάφους</span> <span class='ocrx_word' id='word_1_156' title='bbox 662 2156 952 2224; x_wconf 79' lang='grc' dir='ltr'>κείμενοςο</span> <span class='ocrx_word' id='word_1_157' title='bbox 1003 2158 1097 2210; x_wconf 79' lang='grc' dir='ltr'>καὶ</span> <span class='ocrx_word' id='word_1_158' title='bbox 1130 2156 1182 2210; x_wconf 86' lang='grc' dir='ltr'>τί</span> <span class='ocrx_word' id='word_1_159' title='bbox 1215 2158 1358 2226; x_wconf 87' lang='grc' dir='ltr'>λέγω</span> <span class='ocrx_word' id='word_1_160' title='bbox 1395 2161 1481 2213; x_wconf 84' lang='grc' dir='ltr'>ἐπ’</span> <span class='ocrx_word' id='word_1_161' title='bbox 1539 2152 1849 2233; x_wconf 72' lang='grc' dir='ltr'>ἀλλοτρίας,</span> 
     </span>
    </p>
   </div>
   <div class='ocr_carea' id='block_1_23' title="bbox 262 2235 1851 2316">
    <p class='ocr_par' dir='ltr' id='par_1_23' title="bbox 262 2235 1851 2316">
     <span class='ocr_line' id='line_1_23' title="bbox 262 2235 1851 2316; baseline 0.004 -24"><span class='ocrx_word' id='word_1_162' title='bbox 262 2235 416 2309; x_wconf 77' lang='grc'>[650]</span> <span class='ocrx_word' id='word_1_163' title='bbox 443 2240 540 2292; x_wconf 75' lang='grc' dir='ltr'>καὶ</span> <span class='ocrx_word' id='word_1_164' title='bbox 572 2237 666 2291; x_wconf 90' lang='grc' dir='ltr'>τοῦ</span> <span class='ocrx_word' id='word_1_165' title='bbox 696 2239 968 2306; x_wconf 83' lang='grc' dir='ltr'>ἐδάφους;</span> <span class='ocrx_word' id='word_1_166' title='bbox 1005 2240 1108 2293; x_wconf 85' lang='grc' dir='ltr'>κᾶν</span> <span class='ocrx_word' id='word_1_167' title='bbox 1141 2239 1362 2311; x_wconf 73' lang='grc' dir='ltr'>λῃσταῖς</span> <span class='ocrx_word' id='word_1_168' title='bbox 1405 2244 1700 2316; x_wconf 78' lang='grc' dir='ltr'>περιπέσῃ.</span> <span class='ocrx_word' id='word_1_169' title='bbox 1746 2247 1851 2299; x_wconf 72' lang='grc' dir='ltr'>κᾶν</span> 
     </span>
    </p>
   </div>
   <div class='ocr_carea' id='block_1_24' title="bbox 261 2321 1846 2399">
    <p class='ocr_par' dir='ltr' id='par_1_24' title="bbox 261 2321 1846 2399">
     <span class='ocr_line' id='line_1_24' title="bbox 261 2321 1846 2399; baseline 0.008 -27"><span class='ocrx_word' id='word_1_170' title='bbox 261 2321 470 2394; x_wconf 80' lang='grc' dir='ltr'>Θηρίων</span> <span class='ocrx_word' id='word_1_171' title='bbox 498 2321 839 2394; x_wconf 82' lang='grc' dir='ltr'>κατάϐρωμα</span> <span class='ocrx_word' id='word_1_172' title='bbox 861 2322 1084 2394; x_wconf 84' lang='grc' dir='ltr'>γένηται</span> <span class='ocrx_word' id='word_1_173' title='bbox 1106 2325 1135 2376; x_wconf 89' lang='grc' dir='ltr'>ὁ</span> <span class='ocrx_word' id='word_1_174' title='bbox 1153 2325 1250 2394; x_wconf 81' lang='grc' dir='ltr'>τὴν</span> <span class='ocrx_word' id='word_1_175' title='bbox 1270 2325 1470 2396; x_wconf 82' lang='grc' dir='ltr'>ἀρετὴν</span> <span class='ocrx_word' id='word_1_176' title='bbox 1491 2329 1846 2399; x_wconf 79' lang='grc' dir='ltr'>κεκτημένος,</span> 
     </span>
    </p>
   </div>
   <div class='ocr_carea' id='block_1_25' title="bbox 259 2403 1846 2481">
    <p class='ocr_par' dir='ltr' id='par_1_25' title="bbox 259 2403 1846 2481">
     <span class='ocr_line' id='line_1_25' title="bbox 259 2403 1846 2481; baseline 0.004 -21"><span class='ocrx_word' id='word_1_177' title='bbox 259 2403 443 2476; x_wconf 85' lang='grc' dir='ltr'>τίμιος</span> <span class='ocrx_word' id='word_1_178' title='bbox 466 2403 532 2458; x_wconf 84' lang='grc' dir='ltr'>ἂν</span> <span class='ocrx_word' id='word_1_179' title='bbox 560 2408 645 2476; x_wconf 75' lang='grc' dir='ltr'>εἴη</span> <span class='ocrx_word' id='word_1_180' title='bbox 670 2410 698 2458; x_wconf 89' lang='grc' dir='ltr'>ὁ</span> <span class='ocrx_word' id='word_1_181' title='bbox 730 2404 956 2468; x_wconf 81' lang='grc' dir='ltr'>Θάνατος</span> <span class='ocrx_word' id='word_1_182' title='bbox 983 2405 1196 2460; x_wconf 91' lang='grc' dir='ltr'>τούτου.</span> <span class='ocrx_word' id='word_1_183' title='bbox 1232 2408 1366 2460; x_wconf 85' lang='grc' dir='ltr'>Εἰπέ</span> <span class='ocrx_word' id='word_1_184' title='bbox 1392 2410 1500 2478; x_wconf 89' lang='grc' dir='ltr'>γάρ</span> <span class='ocrx_word' id='word_1_185' title='bbox 1533 2427 1622 2481; x_wconf 92' lang='grc' dir='ltr'>μοι</span> <span class='ocrx_word' id='word_1_186' title='bbox 1644 2451 1658 2475; x_wconf 94' lang='grc'>,</span> <span class='ocrx_word' id='word_1_187' title='bbox 1699 2415 1726 2466; x_wconf 97' lang='lat'>6</span> <span class='ocrx_word' id='word_1_188' title='bbox 1752 2415 1846 2468; x_wconf 91' lang='grc' dir='ltr'>τοῦ</span> 
     </span>
    </p>
   </div>
   <div class='ocr_carea' id='block_1_26' title="bbox 258 2489 1848 2564">
    <p class='ocr_par' dir='ltr' id='par_1_26' title="bbox 258 2489 1848 2564">
     <span class='ocr_line' id='line_1_26' title="bbox 258 2489 1848 2564; baseline 0.006 -24"><span class='ocrx_word' id='word_1_189' title='bbox 258 2489 533 2559; x_wconf 83' lang='grc' dir='ltr'>Ζαχαρίου</span> <span class='ocrx_word' id='word_1_190' title='bbox 573 2491 701 2551; x_wconf 87' lang='grc' dir='ltr'>παῖς</span> <span class='ocrx_word' id='word_1_191' title='bbox 733 2489 794 2541; x_wconf 87' lang='grc' dir='ltr'>οὑ</span> <span class='ocrx_word' id='word_1_192' title='bbox 820 2489 920 2560; x_wconf 80' lang='grc' dir='ltr'>τὴν</span> <span class='ocrx_word' id='word_1_193' title='bbox 947 2489 1189 2560; x_wconf 78' lang='grc' dir='ltr'>κεφαλὴν</span> <span class='ocrx_word' id='word_1_194' title='bbox 1216 2491 1541 2564; x_wconf 83' lang='grc' dir='ltr'>ἀπετμήθη;</span> <span class='ocrx_word' id='word_1_195' title='bbox 1576 2495 1848 2564; x_wconf 70' lang='grc' dir='ltr'>Στέφανος</span> 
     </span>
    </p>
   </div>
   <div class='ocr_carea' id='block_1_27' title="bbox 255 2570 1848 2652">
    <p class='ocr_par' dir='ltr' id='par_1_27' title="bbox 255 2570 1848 2652">
     <span class='ocr_line' id='line_1_27' title="bbox 255 2570 1848 2652; baseline 0.007 -29"><span class='ocrx_word' id='word_1_196' title='bbox 255 2570 315 2624; x_wconf 85' lang='grc' dir='ltr'>δέ</span> <span class='ocrx_word' id='word_1_197' title='bbox 337 2573 366 2625; x_wconf 89' lang='lat'>6</span> <span class='ocrx_word' id='word_1_198' title='bbox 397 2572 614 2642; x_wconf 88' lang='grc' dir='ltr'>πρῶτος</span> <span class='ocrx_word' id='word_1_199' title='bbox 640 2571 734 2624; x_wconf 90' lang='grc' dir='ltr'>τοῦ</span> <span class='ocrx_word' id='word_1_200' title='bbox 764 2573 1066 2642; x_wconf 85' lang='grc' dir='ltr'>μαρτυρίου</span> <span class='ocrx_word' id='word_1_201' title='bbox 1094 2571 1187 2625; x_wconf 82' lang='grc' dir='ltr'>τὸν</span> <span class='ocrx_word' id='word_1_202' title='bbox 1215 2573 1475 2641; x_wconf 76' lang='grc' dir='ltr'>στέφανον</span> <span class='ocrx_word' id='word_1_203' title='bbox 1503 2579 1848 2652; x_wconf 83' lang='grc' dir='ltr'>ἀναδησάμε-</span> 
     </span>
    </p>
   </div>
   <div class='ocr_carea' id='block_1_28' title="bbox 255 2654 1711 2729">
    <p class='ocr_par' dir='ltr' id='par_1_28' title="bbox 255 2654 1711 2729">
     <span class='ocr_line' id='line_1_28' title="bbox 255 2654 1711 2729; baseline 0.005 -22"><span class='ocrx_word' id='word_1_204' title='bbox 255 2671 371 2720; x_wconf 81' lang='grc' dir='ltr'>νος,</span> <span class='ocrx_word' id='word_1_205' title='bbox 402 2655 524 2725; x_wconf 75' lang='grc' dir='ltr'>οὐχὶ</span> <span class='ocrx_word' id='word_1_206' title='bbox 558 2655 943 2718; x_wconf 72' lang='grc' dir='ltr'>καταλευσθεὶς</span> <span class='ocrx_word' id='word_1_207' title='bbox 971 2654 1114 2708; x_wconf 80' lang='grc' dir='ltr'>οὕτω</span> <span class='ocrx_word' id='word_1_208' title='bbox 1139 2655 1229 2708; x_wconf 85' lang='grc' dir='ltr'>τὸν</span> <span class='ocrx_word' id='word_1_209' title='bbox 1265 2657 1380 2726; x_wconf 87' lang='grc' dir='ltr'>βίον</span> <span class='ocrx_word' id='word_1_210' title='bbox 1416 2660 1711 2729; x_wconf 83' lang='grc' dir='ltr'>κατέλυσε;</span> 
     </span>
    </p>
   </div>
   <div class='ocr_carea' id='block_1_29' title="bbox 333 2736 1841 2814">
    <p class='ocr_par' dir='ltr' id='par_1_29' title="bbox 333 2736 1841 2814">
     <span class='ocr_line' id='line_1_29' title="bbox 333 2736 1841 2814; baseline 0.005 -24"><span class='ocrx_word' id='word_1_211' title='bbox 333 2736 547 2801; x_wconf 82' lang='grc' dir='ltr'>Παῦλος</span> <span class='ocrx_word' id='word_1_212' title='bbox 578 2737 638 2790; x_wconf 76' lang='grc' dir='ltr'>δὲ</span> <span class='ocrx_word' id='word_1_213' title='bbox 683 2739 776 2790; x_wconf 74' lang='grc' dir='ltr'>καὶ</span> <span class='ocrx_word' id='word_1_214' title='bbox 825 2737 1032 2809; x_wconf 84' lang='grc' dir='ltr'>Πέτρος</span> <span class='ocrx_word' id='word_1_215' title='bbox 1090 2739 1211 2809; x_wconf 76' lang='grc' dir='ltr'>ούχὶ</span> <span class='ocrx_word' id='word_1_216' title='bbox 1254 2739 1314 2803; x_wconf 83' lang='grc' dir='ltr'>ὃς</span> <span class='ocrx_word' id='word_1_217' title='bbox 1338 2740 1437 2809; x_wconf 88' lang='grc' dir='ltr'>μὲν</span> <span class='ocrx_word' id='word_1_218' title='bbox 1477 2743 1841 2814; x_wconf 75' lang='grc' dir='ltr'>ἀποτμηθεὶς,</span> 
     </span>
    </p>
   </div>
   <div class='ocr_carea' id='block_1_30' title="bbox 254 2821 1843 2900">
    <p class='ocr_par' dir='ltr' id='par_1_30' title="bbox 254 2821 1843 2900">
     <span class='ocr_line' id='line_1_30' title="bbox 254 2821 1843 2900; baseline 0.005 -25"><span class='ocrx_word' id='word_1_219' title='bbox 254 2821 317 2885; x_wconf 80' lang='grc' dir='ltr'>ὃς</span> <span class='ocrx_word' id='word_1_220' title='bbox 359 2822 417 2875; x_wconf 79' lang='grc' dir='ltr'>δὲ</span> <span class='ocrx_word' id='word_1_221' title='bbox 460 2823 556 2875; x_wconf 87' lang='grc' dir='ltr'>ἀπ’</span> <span class='ocrx_word' id='word_1_222' title='bbox 590 2823 837 2886; x_wconf 81' lang='grc' dir='ltr'>ἐναντίας</span> <span class='ocrx_word' id='word_1_223' title='bbox 894 2821 975 2893; x_wconf 83' lang='grc' dir='ltr'>τῷ</span> <span class='ocrx_word' id='word_1_224' title='bbox 1013 2824 1262 2895; x_wconf 88' lang='grc' dir='ltr'>Δεσπότῃ</span> <span class='ocrx_word' id='word_1_225' title='bbox 1313 2823 1409 2876; x_wconf 86' lang='grc' dir='ltr'>τοῦ</span> <span class='ocrx_word' id='word_1_226' title='bbox 1465 2828 1702 2898; x_wconf 86' lang='grc' dir='ltr'>σταυροῦ</span> <span class='ocrx_word' id='word_1_227' title='bbox 1743 2831 1843 2900; x_wconf 83' lang='grc' dir='ltr'>τὴν</span> 
     </span>
    </p>
   </div>
   <div class='ocr_carea' id='block_1_31' title="bbox 251 2904 1842 2984">
    <p class='ocr_par' dir='ltr' id='par_1_31' title="bbox 251 2904 1842 2984">
     <span class='ocr_line' id='line_1_31' title="bbox 251 2904 1842 2984; baseline 0.006 -26"><span class='ocrx_word' id='word_1_228' title='bbox 251 2906 528 2977; x_wconf 84' lang='grc' dir='ltr'>τιμωρίαν</span> <span class='ocrx_word' id='word_1_229' title='bbox 575 2907 891 2978; x_wconf 81' lang='grc' dir='ltr'>δεξάμενος,</span> <span class='ocrx_word' id='word_1_230' title='bbox 941 2904 1085 2960; x_wconf 79' lang='grc' dir='ltr'>οὕτω</span> <span class='ocrx_word' id='word_1_231' title='bbox 1133 2907 1368 2978; x_wconf 83' lang='grc' dir='ltr'>μετέστη</span> <span class='ocrx_word' id='word_1_232' title='bbox 1421 2910 1518 2979; x_wconf 85' lang='grc' dir='ltr'>τῆς</span> <span class='ocrx_word' id='word_1_233' title='bbox 1559 2913 1842 2984; x_wconf 78' lang='grc' dir='ltr'>παρούσης</span> 
     </span>
    </p>
   </div>
   <div class='ocr_carea' id='block_1_32' title="bbox 253 2988 1842 3066">
    <p class='ocr_par' dir='ltr' id='par_1_32' title="bbox 253 2988 1842 3066">
     <span class='ocr_line' id='line_1_32' title="bbox 253 2988 1842 3066; baseline 0.005 -24"><span class='ocrx_word' id='word_1_234' title='bbox 253 2988 436 3060; x_wconf 82' lang='grc' dir='ltr'>ζωῆς;</span> <span class='ocrx_word' id='word_1_235' title='bbox 475 2990 610 3060; x_wconf 75' lang='grc' dir='ltr'><strong>Οὐχὶ</strong></span> <span class='ocrx_word' id='word_1_236' title='bbox 642 2990 731 3043; x_wconf 88' lang='grc' dir='ltr'>διά</span> <span class='ocrx_word' id='word_1_237' title='bbox 753 2989 912 3043; x_wconf 89' lang='grc' dir='ltr'>τοῦτο</span> <span class='ocrx_word' id='word_1_238' title='bbox 939 2989 1176 3060; x_wconf 84' lang='grc' dir='ltr'>μάλιστα</span> <span class='ocrx_word' id='word_1_239' title='bbox 1199 2991 1478 3061; x_wconf 85' lang='grc' dir='ltr'>πανταχοῦ</span> <span class='ocrx_word' id='word_1_240' title='bbox 1522 2998 1622 3066; x_wconf 85' lang='grc' dir='ltr'>τῆς</span> <span class='ocrx_word' id='word_1_241' title='bbox 1663 2999 1842 3050; x_wconf 83' lang='grc' dir='ltr'>οἰκου-</span> 
     </span>
    </p>
   </div>
   <div class='ocr_carea' id='block_1_33' title="bbox 254 3073 1324 3146">
    <p class='ocr_par' dir='ltr' id='par_1_33' title="bbox 254 3073 1324 3146">
     <span class='ocr_line' id='line_1_33' title="bbox 254 3073 1324 3146; baseline -0.001 -19"><span class='ocrx_word' id='word_1_242' title='bbox 254 3073 429 3145; x_wconf 85' lang='grc' dir='ltr'>μένης</span> <span class='ocrx_word' id='word_1_243' title='bbox 458 3075 673 3146; x_wconf 75' lang='grc' dir='ltr'>ᾷδονται</span> <span class='ocrx_word' id='word_1_244' title='bbox 699 3075 794 3127; x_wconf 68' lang='grc' dir='ltr'>καὶ</span> <span class='ocrx_word' id='word_1_245' title='bbox 822 3075 1324 3145; x_wconf 89' lang='grc' dir='ltr'>ἀνακηρύττονται;</span> 
     </span>
    </p>
   </div>
   <div class='ocr_carea' id='block_1_34' title="bbox 325 3157 1842 3233">
    <p class='ocr_par' dir='ltr' id='par_1_34' title="bbox 325 3157 1842 3233">
     <span class='ocr_line' id='line_1_34' title="bbox 325 3157 1842 3233; baseline 0.004 -21"><span class='ocrx_word' id='word_1_246' title='bbox 325 3157 394 3228; x_wconf 88' lang='grc' dir='ltr'>β’.</span> <span class='ocrx_word' id='word_1_247' title='bbox 413 3158 600 3212; x_wconf 85' lang='grc' dir='ltr'>Ταῦτα</span> <span class='ocrx_word' id='word_1_248' title='bbox 627 3159 684 3212; x_wconf 83' lang='grc' dir='ltr'>δὲ</span> <span class='ocrx_word' id='word_1_249' title='bbox 714 3159 928 3213; x_wconf 78' lang='grc' dir='ltr'>ἅπαντα</span> <span class='ocrx_word' id='word_1_250' title='bbox 952 3157 1416 3229; x_wconf 76' lang='grc' dir='ltr'>ἀναλογιζόμενοι,</span> <span class='ocrx_word' id='word_1_251' title='bbox 1446 3163 1582 3233; x_wconf 88' lang='grc' dir='ltr'>μήτε</span> <span class='ocrx_word' id='word_1_252' title='bbox 1598 3157 1725 3226; x_wconf 77' lang='grc' dir='ltr'>τοὺς</span> <span class='ocrx_word' id='word_1_253' title='bbox 1749 3165 1842 3218; x_wconf 83' lang='grc' dir='ltr'>ἐπί</span> 
     </span>
    </p>
   </div>
   <div class='ocr_carea' id='block_1_35' title="bbox 249 3241 1840 3315">
    <p class='ocr_par' dir='ltr' id='par_1_35' title="bbox 249 3241 1840 3315">
     <span class='ocr_line' id='line_1_35' title="bbox 249 3241 1840 3315; baseline 0.004 -20"><span class='ocrx_word' id='word_1_254' title='bbox 249 3241 356 3312; x_wconf 86' lang='grc' dir='ltr'>τῆς</span> <span class='ocrx_word' id='word_1_255' title='bbox 387 3242 544 3314; x_wconf 81' lang='grc' dir='ltr'>ξένης</span> <span class='ocrx_word' id='word_1_256' title='bbox 571 3241 945 3305; x_wconf 83' lang='grc' dir='ltr'>τελευτῶντας</span> <span class='ocrx_word' id='word_1_257' title='bbox 979 3241 1378 3314; x_wconf 77' lang='grc' dir='ltr'>ταλανίζωμεν,</span> <span class='ocrx_word' id='word_1_258' title='bbox 1408 3249 1545 3315; x_wconf 88' lang='grc' dir='ltr'>μήτε</span> <span class='ocrx_word' id='word_1_259' title='bbox 1583 3249 1709 3312; x_wconf 80' lang='grc' dir='ltr'>τοὺς</span> <span class='ocrx_word' id='word_1_260' title='bbox 1749 3249 1840 3302; x_wconf 76' lang='grc' dir='ltr'>ἐπὶ</span> 
     </span>
    </p>
   </div>
   <div class='ocr_carea' id='block_1_36' title="bbox 248 3324 1841 3399">
    <p class='ocr_par' dir='ltr' id='par_1_36' title="bbox 248 3324 1841 3399">
     <span class='ocr_line' id='line_1_36' title="bbox 248 3324 1841 3399; baseline 0.004 -21"><span class='ocrx_word' id='word_1_261' title='bbox 248 3325 352 3396; x_wconf 88' lang='grc' dir='ltr'>τῆς</span> <span class='ocrx_word' id='word_1_262' title='bbox 379 3326 557 3390; x_wconf 78' lang='grc' dir='ltr'>οἰκίας</span> <span class='ocrx_word' id='word_1_263' title='bbox 586 3324 956 3389; x_wconf 80' lang='grc' dir='ltr'>καταλύοντας</span> <span class='ocrx_word' id='word_1_264' title='bbox 985 3325 1076 3378; x_wconf 88' lang='grc' dir='ltr'>τὸν</span> <span class='ocrx_word' id='word_1_265' title='bbox 1107 3324 1220 3394; x_wconf 84' lang='grc' dir='ltr'>βίον</span> <span class='ocrx_word' id='word_1_266' title='bbox 1254 3329 1648 3399; x_wconf 77' lang='grc' dir='ltr'>μακαρίζωμεν</span> <span class='ocrx_word' id='word_1_267' title='bbox 1668 3346 1680 3358; x_wconf 93' lang='grc'><strong>·</strong></span> <span class='ocrx_word' id='word_1_268' title='bbox 1705 3330 1841 3384; x_wconf 86' lang='grc' dir='ltr'>ἀλλὰ</span> 
     </span>
    </p>
   </div>
   <div class='ocr_carea' id='block_1_37' title="bbox 247 3407 1840 3480">
    <p class='ocr_par' dir='ltr' id='par_1_37' title="bbox 247 3407 1840 3480">
     <span class='ocr_line' id='line_1_37' title="bbox 247 3407 1840 3480; baseline 0.003 -18"><span class='ocrx_word' id='word_1_269' title='bbox 247 3407 329 3480; x_wconf 81' lang='grc' dir='ltr'>τῷ</span> <span class='ocrx_word' id='word_1_270' title='bbox 356 3409 458 3480; x_wconf 90' lang='grc' dir='ltr'>τῆς</span> <span class='ocrx_word' id='word_1_271' title='bbox 481 3408 633 3472; x_wconf 86' lang='grc' dir='ltr'>θείας</span> <span class='ocrx_word' id='word_1_272' title='bbox 675 3408 900 3478; x_wconf 80' lang='grc' dir='ltr'>Γραφῆς</span> <span class='ocrx_word' id='word_1_273' title='bbox 937 3408 1124 3461; x_wconf 83' lang='grc' dir='ltr'>κανόνι</span> <span class='ocrx_word' id='word_1_274' title='bbox 1167 3410 1713 3476; x_wconf 80' lang='grc' dir='ltr'>κατακολουθοῦντες.</span> <span class='ocrx_word' id='word_1_275' title='bbox 1746 3415 1840 3467; x_wconf 84' lang='grc' dir='ltr'>καὶ</span> 
     </span>
    </p>
   </div>
   <div class='ocr_carea' id='block_1_38' title="bbox 247 3491 1837 3566">
    <p class='ocr_par' dir='ltr' id='par_1_38' title="bbox 247 3491 1837 3566">
     <span class='ocr_line' id='line_1_38' title="bbox 247 3491 1837 3566; baseline 0.003 -22"><span class='ocrx_word' id='word_1_276' title='bbox 247 3494 380 3556; x_wconf 80' lang='grc' dir='ltr'>τοὺς</span> <span class='ocrx_word' id='word_1_277' title='bbox 402 3494 460 3546; x_wconf 91' lang='grc' dir='ltr'>ἐν</span> <span class='ocrx_word' id='word_1_278' title='bbox 488 3493 656 3563; x_wconf 81' lang='grc' dir='ltr'>ἀρετῇ</span> <span class='ocrx_word' id='word_1_279' title='bbox 689 3491 1038 3563; x_wconf 82' lang='grc' dir='ltr'>βεϐιωκότας,</span> <span class='ocrx_word' id='word_1_280' title='bbox 1073 3494 1168 3545; x_wconf 73' lang='grc' dir='ltr'>καὶ</span> <span class='ocrx_word' id='word_1_281' title='bbox 1199 3493 1340 3546; x_wconf 72' lang='grc' dir='ltr'>οὕτω</span> <span class='ocrx_word' id='word_1_282' title='bbox 1377 3494 1837 3566; x_wconf 81' lang='grc' dir='ltr'>μεθισταμένους,</span> 
     </span>
    </p>
   </div>
   <div class='ocr_carea' id='block_1_39' title="bbox 250 3574 1840 3647">
    <p class='ocr_par' dir='ltr' id='par_1_39' title="bbox 250 3574 1840 3647">
     <span class='ocr_line' id='line_1_39' title="bbox 250 3574 1840 3647; baseline 0.003 -19"><span class='ocrx_word' id='word_1_283' title='bbox 250 3574 690 3646; x_wconf 80' lang='grc' dir='ltr'>μακαρίζωμεν,</span> <span class='ocrx_word' id='word_1_284' title='bbox 729 3576 822 3628; x_wconf 72' lang='grc' dir='ltr'>καὶ</span> <span class='ocrx_word' id='word_1_285' title='bbox 867 3576 991 3637; x_wconf 82' lang='grc' dir='ltr'>τοὺς</span> <span class='ocrx_word' id='word_1_286' title='bbox 1039 3577 1096 3628; x_wconf 85' lang='grc' dir='ltr'>ἐν</span> <span class='ocrx_word' id='word_1_287' title='bbox 1129 3577 1428 3647; x_wconf 79' lang='grc' dir='ltr'>ἁμαρτίαις</span> <span class='ocrx_word' id='word_1_288' title='bbox 1473 3577 1840 3645; x_wconf 80' lang='grc' dir='ltr'>τελευτῶντας</span> 
     </span>
    </p>
   </div>
   <div class='ocr_carea' id='block_1_40' title="bbox 245 3657 1839 3731">
    <p class='ocr_par' dir='ltr' id='par_1_40' title="bbox 245 3657 1839 3731">
     <span class='ocr_line' id='line_1_40' title="bbox 245 3657 1839 3731; baseline 0.003 -19"><span class='ocrx_word' id='word_1_289' title='bbox 245 3657 890 3728; x_wconf 77' lang='grc' dir='ltr'>ταλανίζωμεν.“Ωσπερ</span> <span class='ocrx_word' id='word_1_290' title='bbox 939 3657 1048 3729; x_wconf 87' lang='grc' dir='ltr'>γὰρ</span> <span class='ocrx_word' id='word_1_291' title='bbox 1089 3661 1118 3711; x_wconf 89' lang='grc' dir='ltr'><strong>ὁ</strong></span> <span class='ocrx_word' id='word_1_292' title='bbox 1169 3660 1423 3730; x_wconf 82' lang='grc' dir='ltr'>ἐνάρετος</span> <span class='ocrx_word' id='word_1_293' title='bbox 1472 3662 1552 3723; x_wconf 88' lang='grc' dir='ltr'>εἰς</span> <span class='ocrx_word' id='word_1_294' title='bbox 1596 3662 1839 3731; x_wconf 81' lang='grc' dir='ltr'>βελτίονα</span> 
     </span>
    </p>
   </div>
   <div class='ocr_carea' id='block_1_41' title="bbox 246 3741 1838 3817">
    <p class='ocr_par' dir='ltr' id='par_1_41' title="bbox 246 3741 1838 3817">
     <span class='ocr_line' id='line_1_41' title="bbox 246 3741 1838 3817; baseline -0.004 -22"><span class='ocrx_word' id='word_1_295' title='bbox 246 3742 400 3814; x_wconf 79' lang='grc' dir='ltr'>ζωὴν</span> <span class='ocrx_word' id='word_1_296' title='bbox 431 3743 753 3813; x_wconf 89' lang='grc' dir='ltr'>μεθίσταται</span> <span class='ocrx_word' id='word_1_297' title='bbox 786 3742 895 3794; x_wconf 86' lang='grc' dir='ltr'>τῶν</span> <span class='ocrx_word' id='word_1_298' title='bbox 925 3741 1104 3795; x_wconf 91' lang='grc' dir='ltr'>πόνων</span> <span class='ocrx_word' id='word_1_299' title='bbox 1141 3743 1240 3807; x_wconf 84' lang='grc' dir='ltr'>τὰς</span> <span class='ocrx_word' id='word_1_300' title='bbox 1269 3744 1506 3814; x_wconf 77' lang='grc' dir='ltr'>ἀμοιϐὰς</span> <span class='ocrx_word' id='word_1_301' title='bbox 1540 3747 1838 3817; x_wconf 81' lang='grc' dir='ltr'>κομιζόμε-</span> 
     </span>
    </p>
   </div>
   <div class='ocr_carea' id='block_1_42' title="bbox 244 3825 1838 3900">
    <p class='ocr_par' dir='ltr' id='par_1_42' title="bbox 244 3825 1838 3900">
     <span class='ocr_line' id='line_1_42' title="bbox 244 3825 1838 3900; baseline 0.003 -20"><span class='ocrx_word' id='word_1_302' title='bbox 244 3843 370 3890; x_wconf 83' lang='grc' dir='ltr'>νος·</span> <span class='ocrx_word' id='word_1_303' title='bbox 404 3825 578 3890; x_wconf 79' lang='grc' dir='ltr'>οὕτως</span> <span class='ocrx_word' id='word_1_304' title='bbox 613 3830 643 3880; x_wconf 91' lang='lat'>6</span> <span class='ocrx_word' id='word_1_305' title='bbox 665 3825 870 3897; x_wconf 87' lang='grc' dir='ltr'>ταύτης</span> <span class='ocrx_word' id='word_1_306' title='bbox 894 3825 1098 3897; x_wconf 80' lang='grc' dir='ltr'>ἔρημος</span> <span class='ocrx_word' id='word_1_307' title='bbox 1131 3825 1229 3891; x_wconf 85' lang='grc' dir='ltr'>ῶν,</span> <span class='ocrx_word' id='word_1_308' title='bbox 1261 3827 1432 3898; x_wconf 87' lang='grc' dir='ltr'>ἀρχὰς</span> <span class='ocrx_word' id='word_1_309' title='bbox 1459 3828 1552 3880; x_wconf 80' lang='grc' dir='ltr'>καὶ</span> <span class='ocrx_word' id='word_1_310' title='bbox 1577 3831 1838 3900; x_wconf 84' lang='grc' dir='ltr'>προοίμια</span> 
     </span>
    </p>
   </div>
   <div class='ocr_carea' id='block_1_43' title="bbox 243 3908 1835 3981">
    <p class='ocr_par' dir='ltr' id='par_1_43' title="bbox 243 3908 1835 3981">
     <span class='ocr_line' id='line_1_43' title="bbox 243 3908 1835 3981; baseline 0.002 -18"><span class='ocrx_word' id='word_1_311' title='bbox 243 3910 360 3964; x_wconf 79' lang='grc' dir='ltr'>τῶν</span> <span class='ocrx_word' id='word_1_312' title='bbox 384 3909 668 3981; x_wconf 88' lang='grc' dir='ltr'>τιμωριῶν</span> <span class='ocrx_word' id='word_1_313' title='bbox 713 3909 815 3980; x_wconf 79' lang='grc' dir='ltr'>ήδη</span> <span class='ocrx_word' id='word_1_314' title='bbox 842 3908 1151 3978; x_wconf 84' lang='grc' dir='ltr'>δεχόμενος,</span> <span class='ocrx_word' id='word_1_315' title='bbox 1207 3911 1300 3962; x_wconf 73' lang='grc' dir='ltr'>καὶ</span> <span class='ocrx_word' id='word_1_316' title='bbox 1335 3910 1436 3973; x_wconf 82' lang='grc' dir='ltr'>τάς</span> <span class='ocrx_word' id='word_1_317' title='bbox 1463 3910 1696 3974; x_wconf 84' lang='grc' dir='ltr'>εὐθύνας</span> <span class='ocrx_word' id='word_1_318' title='bbox 1725 3914 1835 3966; x_wconf 84' lang='grc' dir='ltr'>τῶν</span> 
     </span>
    </p>
   </div>
   <div class='ocr_carea' id='block_1_44' title="bbox 245 3992 1836 4068">
    <p class='ocr_par' dir='ltr' id='par_1_44' title="bbox 245 3992 1836 4068">
     <span class='ocr_line' id='line_1_44' title="bbox 245 3992 1836 4068; baseline 0.001 -20"><span class='ocrx_word' id='word_1_319' title='bbox 245 3994 656 4067; x_wconf 77' lang='grc' dir='ltr'>πεπραγμένων</span> <span class='ocrx_word' id='word_1_320' title='bbox 685 3992 1108 4063; x_wconf 85' lang='grc' dir='ltr'>ἀπαιτούμενος,</span> <span class='ocrx_word' id='word_1_321' title='bbox 1156 3993 1478 4064; x_wconf 85' lang='grc' dir='ltr'>ἀνηκέστοις</span> <span class='ocrx_word' id='word_1_322' title='bbox 1512 3995 1836 4068; x_wconf 79' lang='grc' dir='ltr'>περιὸάλλε-</span> 
     </span>
    </p>
   </div>
   <div class='ocr_carea' id='block_1_45' title="bbox 242 4081 576 4140">
    <p class='ocr_par' dir='ltr' id='par_1_45' title="bbox 242 4081 576 4140">
     <span class='ocr_line' id='line_1_45' title="bbox 242 4081 576 4140; baseline 0.003 -9"><span class='ocrx_word' id='word_1_323' title='bbox 242 4094 338 4133; x_wconf 84' lang='grc' dir='ltr'>ται</span> <span class='ocrx_word' id='word_1_324' title='bbox 365 4081 576 4140; x_wconf 84' lang='grc' dir='ltr'>κακοῖς.</span> 
     </span>
    </p>
   </div>
   <div class='ocr_carea' id='block_1_46' title="bbox 317 4159 1830 4233">
    <p class='ocr_par' dir='ltr' id='par_1_46' title="bbox 317 4159 1830 4233">
     <span class='ocr_line' id='line_1_46' title="bbox 317 4159 1830 4233; baseline 0 -18"><span class='ocrx_word' id='word_1_325' title='bbox 317 4163 412 4215; x_wconf 85' lang='grc' dir='ltr'>Διὸ</span> <span class='ocrx_word' id='word_1_326' title='bbox 443 4162 552 4233; x_wconf 84' lang='grc' dir='ltr'>χρὴ</span> <span class='ocrx_word' id='word_1_327' title='bbox 587 4159 762 4215; x_wconf 86' lang='grc' dir='ltr'>ταῦτα</span> <span class='ocrx_word' id='word_1_328' title='bbox 811 4159 1129 4223; x_wconf 84' lang='grc' dir='ltr'>ἐννοοῦντας</span> <span class='ocrx_word' id='word_1_329' title='bbox 1177 4159 1381 4230; x_wconf 83' lang='grc' dir='ltr'>ἀρετῆς</span> <span class='ocrx_word' id='word_1_330' title='bbox 1431 4161 1830 4231; x_wconf 81' lang='grc' dir='ltr'>ἐπιμελεῖσθαι,</span> 
     </span>
    </p>
   </div>
   <div class='ocr_carea' id='block_1_47' title="bbox 241 4241 1831 4314">
    <p class='ocr_par' dir='ltr' id='par_1_47' title="bbox 241 4241 1831 4314">
     <span class='ocr_line' id='line_1_47' title="bbox 241 4241 1831 4314; baseline 0.001 -17"><span class='ocrx_word' id='word_1_331' title='bbox 241 4245 344 4298; x_wconf 72' lang='grc' dir='ltr'>καὶ</span> <span class='ocrx_word' id='word_1_332' title='bbox 374 4245 626 4314; x_wconf 82' lang='grc' dir='ltr'>καθάπερ</span> <span class='ocrx_word' id='word_1_333' title='bbox 658 4245 716 4296; x_wconf 90' lang='grc' dir='ltr'>ἐν</span> <span class='ocrx_word' id='word_1_334' title='bbox 766 4242 1081 4312; x_wconf 78' lang='grc' dir='ltr'>παλαίστρᾳ</span> <span class='ocrx_word' id='word_1_335' title='bbox 1123 4242 1218 4294; x_wconf 78' lang='grc' dir='ltr'>ἐπὶ</span> <span class='ocrx_word' id='word_1_336' title='bbox 1263 4241 1358 4295; x_wconf 90' lang='grc' dir='ltr'>τοῦ</span> <span class='ocrx_word' id='word_1_337' title='bbox 1394 4245 1662 4314; x_wconf 87' lang='grc' dir='ltr'>παρόντος</span> <span class='ocrx_word' id='word_1_338' title='bbox 1713 4245 1831 4314; x_wconf 87' lang='grc' dir='ltr'>βίου</span> 
     </span>
    </p>
   </div>
   <div class='ocr_carea' id='block_1_48' title="bbox 241 4325 1828 4400">
    <p class='ocr_par' dir='ltr' id='par_1_48' title="bbox 241 4325 1828 4400">
     <span class='ocr_line' id='line_1_48' title="bbox 241 4325 1828 4400; baseline -0.002 -16"><span class='ocrx_word' id='word_1_339' title='bbox 241 4328 655 4398; x_wconf 75' lang='grc' dir='ltr'>ἀγωνίζεσθαι,</span> <span class='ocrx_word' id='word_1_340' title='bbox 699 4328 788 4380; x_wconf 83' lang='grc' dir='ltr'>ἵνα</span> <span class='ocrx_word' id='word_1_341' title='bbox 850 4325 988 4398; x_wconf 85' lang='grc' dir='ltr'>μετά</span> <span class='ocrx_word' id='word_1_342' title='bbox 1045 4326 1107 4378; x_wconf 86' lang='grc' dir='ltr'>τὸ</span> <span class='ocrx_word' id='word_1_343' title='bbox 1157 4325 1384 4398; x_wconf 85' lang='grc' dir='ltr'>λυθῆναι</span> <span class='ocrx_word' id='word_1_344' title='bbox 1437 4327 1501 4380; x_wconf 83' lang='grc' dir='ltr'>τὸ</span> <span class='ocrx_word' id='word_1_345' title='bbox 1557 4327 1828 4400; x_wconf 87' lang='grc' dir='ltr'>θέατρον,</span> 
     </span>
    </p>
   </div>
   <div class='ocr_carea' id='block_1_49' title="bbox 241 4410 1831 4484">
    <p class='ocr_par' dir='ltr' id='par_1_49' title="bbox 241 4410 1831 4484">
     <span class='ocr_line' id='line_1_49' title="bbox 241 4410 1831 4484; baseline 0.001 -18"><span class='ocrx_word' id='word_1_346' title='bbox 241 4411 499 4484; x_wconf 72' lang='grc' dir='ltr'>λαμπρὸν</span> <span class='ocrx_word' id='word_1_347' title='bbox 531 4411 896 4480; x_wconf 87' lang='grc' dir='ltr'>ἀναδήσασθαι</span> <span class='ocrx_word' id='word_1_348' title='bbox 921 4410 1238 4481; x_wconf 88' lang='grc' dir='ltr'>δυνηθῶμεν</span> <span class='ocrx_word' id='word_1_349' title='bbox 1277 4411 1370 4464; x_wconf 75' lang='grc' dir='ltr'>τὸν</span> <span class='ocrx_word' id='word_1_350' title='bbox 1415 4411 1700 4481; x_wconf 83' lang='grc' dir='ltr'>στέφανον,</span> <span class='ocrx_word' id='word_1_351' title='bbox 1735 4414 1831 4468; x_wconf 84' lang='grc' dir='ltr'>καὶ</span> 
     </span>
    </p>
   </div>
   <div class='ocr_carea' id='block_1_50' title="bbox 243 4494 1829 4570">
    <p class='ocr_par' dir='ltr' id='par_1_50' title="bbox 243 4494 1829 4570">
     <span class='ocr_line' id='line_1_50' title="bbox 243 4494 1829 4570; baseline 0.001 -21"><span class='ocrx_word' id='word_1_352' title='bbox 243 4498 324 4570; x_wconf 80' lang='grc' dir='ltr'>μὴ</span> <span class='ocrx_word' id='word_1_353' title='bbox 343 4497 573 4568; x_wconf 86' lang='grc' dir='ltr'>ἀνόνητα</span> <span class='ocrx_word' id='word_1_354' title='bbox 607 4494 1060 4566; x_wconf 86' lang='grc' dir='ltr'>μεταμελώμεθα.</span> <span class='ocrx_word' id='word_1_355' title='bbox 1078 4494 1223 4556; x_wconf 87' lang='grc' dir='ltr'>Ἕως</span> <span class='ocrx_word' id='word_1_356' title='bbox 1250 4495 1358 4565; x_wconf 81' lang='grc' dir='ltr'>γὰρ</span> <span class='ocrx_word' id='word_1_357' title='bbox 1390 4497 1511 4548; x_wconf 82' lang='grc' dir='ltr'>ὅτου</span> <span class='ocrx_word' id='word_1_358' title='bbox 1543 4495 1829 4567; x_wconf 80' lang='grc' dir='ltr'>ἐνέστηκεν</span> 
     </span>
    </p>
   </div>
   <div class='ocr_carea' id='block_1_51' title="bbox 239 4577 1830 4651">
    <p class='ocr_par' dir='ltr' id='par_1_51' title="bbox 239 4577 1830 4651">
     <span class='ocr_line' id='line_1_51' title="bbox 239 4577 1830 4651; baseline -0.001 -16"><span class='ocrx_word' id='word_1_359' title='bbox 239 4585 270 4636; x_wconf 89' lang='lat'>6</span> <span class='ocrx_word' id='word_1_360' title='bbox 323 4579 495 4650; x_wconf 85' lang='grc' dir='ltr'>ἀγὼν,</span> <span class='ocrx_word' id='word_1_361' title='bbox 533 4579 759 4633; x_wconf 86' lang='grc' dir='ltr'>δυνατόν</span> <span class='ocrx_word' id='word_1_362' title='bbox 794 4581 964 4641; x_wconf 87' lang='grc' dir='ltr'>ἐστιν,</span> <span class='ocrx_word' id='word_1_363' title='bbox 1021 4579 1070 4631; x_wconf 87' lang='grc' dir='ltr'>εἰ</span> <span class='ocrx_word' id='word_1_364' title='bbox 1126 4577 1559 4650; x_wconf 84' lang='grc' dir='ltr'>βουληθείημεν,</span> <span class='ocrx_word' id='word_1_365' title='bbox 1608 4581 1700 4632; x_wconf 73' lang='grc' dir='ltr'>καὶ</span> <span class='ocrx_word' id='word_1_366' title='bbox 1729 4581 1830 4651; x_wconf 83' lang='grc' dir='ltr'>τὴν</span> 
     </span>
    </p>
   </div>
   <div class='ocr_carea' id='block_1_52' title="bbox 241 4661 1822 4736">
    <p class='ocr_par' dir='ltr' id='par_1_52' title="bbox 241 4661 1822 4736">
     <span class='ocr_line' id='line_1_52' title="bbox 241 4661 1822 4736; baseline -0.001 -18"><span class='ocrx_word' id='word_1_367' title='bbox 241 4665 384 4736; x_wconf 74' lang='grc' dir='ltr'>ρᾳθυ</span> <span class='ocrx_word' id='word_1_368' title='bbox 393 4664 524 4735; x_wconf 84' lang='grc' dir='ltr'>μίαν</span> <span class='ocrx_word' id='word_1_369' title='bbox 555 4663 1007 4730; x_wconf 76' lang='grc' dir='ltr'>ἀποτινάξασθαι,</span> <span class='ocrx_word' id='word_1_370' title='bbox 1027 4661 1234 4732; x_wconf 79' lang='grc' dir='ltr'>καὶτῆς</span> <span class='ocrx_word' id='word_1_371' title='bbox 1258 4662 1461 4733; x_wconf 85' lang='grc' dir='ltr'>ἀρετῆς</span> <span class='ocrx_word' id='word_1_372' title='bbox 1480 4663 1822 4733; x_wconf 87' lang='grc' dir='ltr'>ἀντέχεσθαι,</span> 
     </span>
    </p>
   </div>
   <div class='ocr_carea' id='block_1_53' title="bbox 241 4745 1830 4818">
    <p class='ocr_par' dir='ltr' id='par_1_53' title="bbox 241 4745 1830 4818">
     <span class='ocr_line' id='line_1_53' title="bbox 241 4745 1830 4818; baseline -0.002 -13"><span class='ocrx_word' id='word_1_373' title='bbox 241 4749 336 4805; x_wconf 79' lang='grc' dir='ltr'>τνα</span> <span class='ocrx_word' id='word_1_374' title='bbox 373 4748 468 4803; x_wconf 78' lang='grc' dir='ltr'>καὶ</span> <span class='ocrx_word' id='word_1_375' title='bbox 500 4748 610 4800; x_wconf 84' lang='grc' dir='ltr'>τῶν</span> <span class='ocrx_word' id='word_1_376' title='bbox 663 4746 1043 4817; x_wconf 83' lang='grc' dir='ltr'>ἀποκειμένων</span> <span class='ocrx_word' id='word_1_377' title='bbox 1100 4745 1378 4815; x_wconf 82' lang='grc' dir='ltr'>στεφάνων</span> <span class='ocrx_word' id='word_1_378' title='bbox 1425 4748 1703 4818; x_wconf 84' lang='grc' dir='ltr'>ἐπιτυχεῖν</span> <span class='ocrx_word' id='word_1_379' title='bbox 1738 4750 1830 4803; x_wconf 85' lang='grc' dir='ltr'>δυ-</span> 
     </span>
    </p>
   </div>
   <div class='ocr_carea' id='block_1_54' title="bbox 237 4829 1828 4905">
    <p class='ocr_par' dir='ltr' id='par_1_54' title="bbox 237 4829 1828 4905">
     <span class='ocr_line' id='line_1_54' title="bbox 237 4829 1828 4905; baseline -0.001 -17"><span class='ocrx_word' id='word_1_380' title='bbox 237 4833 517 4905; x_wconf 87' lang='grc' dir='ltr'>νηθῶμεν.</span> <span class='ocrx_word' id='word_1_381' title='bbox 546 4832 686 4885; x_wconf 81' lang='grc' dir='ltr'>Ἀλλ’</span> <span class='ocrx_word' id='word_1_382' title='bbox 712 4833 761 4886; x_wconf 76' lang='grc' dir='ltr'>εξ</span> <span class='ocrx_word' id='word_1_383' title='bbox 781 4833 948 4894; x_wconf 84' lang='grc' dir='ltr'>δοκεῖ,</span> <span class='ocrx_word' id='word_1_384' title='bbox 985 4829 1170 4882; x_wconf 77' lang='grc' dir='ltr'>λοιπὸν</span> <span class='ocrx_word' id='word_1_385' title='bbox 1193 4829 1578 4900; x_wconf 83' lang='grc' dir='ltr'>ἐπανέλθωμεν</span> <span class='ocrx_word' id='word_1_386' title='bbox 1608 4831 1701 4885; x_wconf 76' lang='grc' dir='ltr'>ἐπὶ</span> <span class='ocrx_word' id='word_1_387' title='bbox 1727 4834 1828 4904; x_wconf 77' lang='grc' dir='ltr'>τήν</span> 
     </span>
    </p>
   </div>
   <div class='ocr_carea' id='block_1_55' title="bbox 238 4911 1827 4987">
    <p class='ocr_par' dir='ltr' id='par_1_55' title="bbox 238 4911 1827 4987">
     <span class='ocr_line' id='line_1_55' title="bbox 238 4911 1827 4987; baseline -0.003 -15"><span class='ocrx_word' id='word_1_388' title='bbox 238 4916 565 4972; x_wconf 82' lang='grc' dir='ltr'>ἀκολουθίαν</span> <span class='ocrx_word' id='word_1_389' title='bbox 615 4915 712 4969; x_wconf 85' lang='grc' dir='ltr'>τοῦ</span> <span class='ocrx_word' id='word_1_390' title='bbox 761 4915 944 4982; x_wconf 88' lang='grc' dir='ltr'>λόγου.</span> <span class='ocrx_word' id='word_1_391' title='bbox 990 4911 1206 4984; x_wconf 81' lang='grc' dir='ltr'>Ἐπειδὴ</span> <span class='ocrx_word' id='word_1_392' title='bbox 1255 4913 1366 4985; x_wconf 72' lang='grc' dir='ltr'>γάρ</span> <span class='ocrx_word' id='word_1_393' title='bbox 1421 4913 1698 4984; x_wconf 79' lang='grc' dir='ltr'>ἐπέσκηψε</span> <span class='ocrx_word' id='word_1_394' title='bbox 1747 4917 1827 4987; x_wconf 82' lang='grc' dir='ltr'>τῷ</span> 
     </span>
    </p>
   </div>
   <div class='ocr_carea' id='block_1_56' title="bbox 239 4992 1827 5070">
    <p class='ocr_par' dir='ltr' id='par_1_56' title="bbox 239 4992 1827 5070">
     <span class='ocr_line' id='line_1_56' title="bbox 239 4992 1827 5070; baseline -0.003 -13"><span class='ocrx_word' id='word_1_395' title='bbox 239 5002 400 5057; x_wconf 77' lang='grc' dir='ltr'>παιδὶ</span> <span class='ocrx_word' id='word_1_396' title='bbox 433 5001 560 5070; x_wconf 75' lang='grc' dir='ltr'>περὶ</span> <span class='ocrx_word' id='word_1_397' title='bbox 590 5001 690 5070; x_wconf 83' lang='grc' dir='ltr'>τῆς</span> <span class='ocrx_word' id='word_1_398' title='bbox 741 4998 940 5068; x_wconf 81' lang='grc' dir='ltr'>ταφῆς,</span> <span class='ocrx_word' id='word_1_399' title='bbox 999 4997 1093 5050; x_wconf 77' lang='grc' dir='ltr'>καὶ</span> <span class='ocrx_word' id='word_1_400' title='bbox 1121 4992 1275 5050; x_wconf 78' lang='grc' dir='ltr'>εἶπεν</span> <span class='ocrx_word' id='word_1_401' title='bbox 1319 4997 1348 5048; x_wconf 90' lang='lat'>6</span> <span class='ocrx_word' id='word_1_402' title='bbox 1390 4999 1622 5068; x_wconf 83' lang='grc' dir='ltr'>Ἰωσήφ’</span> <span class='ocrx_word' id='word_1_403' title='bbox 1679 5000 1827 5069; x_wconf 75' lang='grc' dir='ltr'>Ἐγὼ</span> 
     </span>
    </p>
   </div>
   <div class='ocr_carea' id='block_1_57' title="bbox 237 5079 1826 5150">
    <p class='ocr_par' dir='ltr' id='par_1_57' title="bbox 237 5079 1826 5150">
     <span class='ocr_line' id='line_1_57' title="bbox 237 5079 1826 5150; baseline -0.003 -9"><span class='ocrx_word' id='word_1_404' title='bbox 237 5084 479 5149; x_wconf 66' lang='grc' dir='ltr'>ποιήσω</span> <span class='ocrx_word' id='word_1_405' title='bbox 497 5083 647 5136; x_wconf 83' lang='grc' dir='ltr'>κατὰ</span> <span class='ocrx_word' id='word_1_406' title='bbox 665 5082 732 5136; x_wconf 86' lang='grc' dir='ltr'>τὸ</span> <span class='ocrx_word' id='word_1_407' title='bbox 743 5081 913 5150; x_wconf 74' lang='grc' dir='ltr'>ῥῆμά</span> <span class='ocrx_word' id='word_1_408' title='bbox 927 5095 1067 5143; x_wconf 88' lang='grc' dir='ltr'>σου,</span> <span class='ocrx_word' id='word_1_409' title='bbox 1090 5079 1276 5150; x_wconf 80' lang='grc' dir='ltr'>φησὶν,</span> <span class='ocrx_word' id='word_1_410' title='bbox 1298 5082 1695 5150; x_wconf 76' lang='grc' dir='ltr'>Ὅμοσόνμοι.</span> <span class='ocrx_word' id='word_1_411' title='bbox 1713 5083 1826 5139; x_wconf 80' lang='grc' dir='ltr'>Καὶ</span> 
     </span>
    </p>
   </div>
   <div class='ocr_carea' id='block_1_58' title="bbox 236 5163 1823 5240">
    <p class='ocr_par' dir='ltr' id='par_1_58' title="bbox 236 5163 1823 5240">
     <span class='ocr_line' id='line_1_58' title="bbox 236 5163 1823 5240; baseline -0.004 -15"><span class='ocrx_word' id='word_1_412' title='bbox 236 5171 482 5240; x_wconf 77' lang='grc' dir='ltr'>ὤμοσεν</span> <span class='ocrx_word' id='word_1_413' title='bbox 506 5166 683 5232; x_wconf 85' lang='grc' dir='ltr'>αὐτῷ.</span> <span class='ocrx_word' id='word_1_414' title='bbox 715 5165 822 5220; x_wconf 87' lang='lat' dir='ltr'>Kal</span> <span class='ocrx_word' id='word_1_415' title='bbox 857 5164 1320 5234; x_wconf 77' lang='grc' dir='ltr'>προσεκύνησεν</span> <span class='ocrx_word' id='word_1_416' title='bbox 1357 5163 1598 5232; x_wconf 81' lang='grc' dir='ltr'>Ἰσραὴλ</span> <span class='ocrx_word' id='word_1_417' title='bbox 1624 5164 1725 5218; x_wconf 80' lang='grc' dir='ltr'>ἐπὶ</span> <span class='ocrx_word' id='word_1_418' title='bbox 1755 5167 1823 5220; x_wconf 84' lang='grc' dir='ltr'>τὸ</span> 
     </span>
    </p>
   </div>
   <div class='ocr_carea' id='block_1_59' title="bbox 235 5246 1825 5319">
    <p class='ocr_par' dir='ltr' id='par_1_59' title="bbox 235 5246 1825 5319">
     <span class='ocr_line' id='line_1_59' title="bbox 235 5246 1825 5319; baseline -0.001 -13"><span class='ocrx_word' id='word_1_419' title='bbox 235 5253 432 5319; x_wconf 67' lang='grc' dir='ltr'>ἀκρον</span> <span class='ocrx_word' id='word_1_420' title='bbox 475 5248 587 5316; x_wconf 78' lang='grc' dir='ltr'>τῆς</span> <span class='ocrx_word' id='word_1_421' title='bbox 617 5248 847 5317; x_wconf 82' lang='grc' dir='ltr'>ῥάϐδου</span> <span class='ocrx_word' id='word_1_422' title='bbox 881 5247 1089 5300; x_wconf 83' lang='grc' dir='ltr'>αὐτοῦ.</span> <span class='ocrx_word' id='word_1_423' title='bbox 1114 5247 1252 5316; x_wconf 84' lang='grc' dir='ltr'>Ὅρα</span> <span class='ocrx_word' id='word_1_424' title='bbox 1306 5246 1397 5301; x_wconf 83' lang='grc' dir='ltr'>τὸν</span> <span class='ocrx_word' id='word_1_425' title='bbox 1447 5247 1698 5319; x_wconf 86' lang='grc' dir='ltr'>γέροντα,</span> <span class='ocrx_word' id='word_1_426' title='bbox 1731 5249 1825 5304; x_wconf 81' lang='grc' dir='ltr'>τὸν</span> 
     </span>
    </p>
   </div>
   <div class='ocr_carea' id='block_1_60' title="bbox 237 5329 1824 5408">
    <p class='ocr_par' dir='ltr' id='par_1_60' title="bbox 237 5329 1824 5408">
     <span class='ocr_line' id='line_1_60' title="bbox 237 5329 1824 5408; baseline -0.001 -21"><span class='ocrx_word' id='word_1_427' title='bbox 237 5335 579 5408; x_wconf 75' lang='grc' dir='ltr'>πρεσϐύτην,</span> <span class='ocrx_word' id='word_1_428' title='bbox 612 5333 704 5385; x_wconf 77' lang='grc' dir='ltr'>τὸν</span> <span class='ocrx_word' id='word_1_429' title='bbox 732 5330 1079 5402; x_wconf 82' lang='grc' dir='ltr'>πατριάρχην</span> <span class='ocrx_word' id='word_1_430' title='bbox 1130 5329 1219 5382; x_wconf 82' lang='grc' dir='ltr'>διὰ</span> <span class='ocrx_word' id='word_1_431' title='bbox 1256 5329 1354 5399; x_wconf 88' lang='grc' dir='ltr'>τῆς</span> <span class='ocrx_word' id='word_1_432' title='bbox 1394 5333 1824 5402; x_wconf 87' lang='grc' dir='ltr'>προσκυνήσεως</span> 
     </span>
    </p>
   </div>
   <div class='ocr_carea' id='block_1_61' title="bbox 235 5410 1824 5490">
    <p class='ocr_par' dir='ltr' id='par_1_61' title="bbox 235 5410 1824 5490">
     <span class='ocr_line' id='line_1_61' title="bbox 235 5410 1824 5490; baseline 0 -21"><span class='ocrx_word' id='word_1_433' title='bbox 235 5421 340 5490; x_wconf 79' lang='grc' dir='ltr'>τὴν</span> <span class='ocrx_word' id='word_1_434' title='bbox 390 5420 469 5479; x_wconf 82' lang='grc' dir='ltr'>εἰς</span> <span class='ocrx_word' id='word_1_435' title='bbox 508 5416 602 5469; x_wconf 78' lang='grc' dir='ltr'>τὸν</span> <span class='ocrx_word' id='word_1_436' title='bbox 645 5415 839 5485; x_wconf 83' lang='grc' dir='ltr'>Ἰωσὴφ</span> <span class='ocrx_word' id='word_1_437' title='bbox 878 5413 1042 5484; x_wconf 78' lang='grc' dir='ltr'>τιμὴν</span> <span class='ocrx_word' id='word_1_438' title='bbox 1077 5410 1542 5480; x_wconf 89' lang='grc' dir='ltr'>ἐπιδεικνύμενον,</span> <span class='ocrx_word' id='word_1_439' title='bbox 1591 5415 1685 5466; x_wconf 79' lang='grc' dir='ltr'>καὶ</span> <span class='ocrx_word' id='word_1_440' title='bbox 1734 5415 1824 5469; x_wconf 64' lang='grc' dir='ltr'>διὰ</span> 
     </span>
    </p>
   </div>
   <div class='ocr_carea' id='block_1_62' title="bbox 234 5495 1823 5570">
    <p class='ocr_par' dir='ltr' id='par_1_62' title="bbox 234 5495 1823 5570">
     <span class='ocr_line' id='line_1_62' title="bbox 234 5495 1823 5570; baseline -0.005 -16"><span class='ocrx_word' id='word_1_441' title='bbox 234 5502 346 5554; x_wconf 84' lang='grc' dir='ltr'>τῶν</span> <span class='ocrx_word' id='word_1_442' title='bbox 377 5500 556 5570; x_wconf 75' lang='grc' dir='ltr'>ἔργων</span> <span class='ocrx_word' id='word_1_443' title='bbox 587 5497 767 5552; x_wconf 74' lang='grc' dir='ltr'>αὐτῶν</span> <span class='ocrx_word' id='word_1_444' title='bbox 793 5496 1102 5568; x_wconf 87' lang='grc' dir='ltr'>πληροῦντα</span> <span class='ocrx_word' id='word_1_445' title='bbox 1144 5495 1241 5548; x_wconf 90' lang='grc' dir='ltr'>νῦν</span> <span class='ocrx_word' id='word_1_446' title='bbox 1287 5495 1383 5547; x_wconf 91' lang='grc' dir='ltr'>τοῦ</span> <span class='ocrx_word' id='word_1_447' title='bbox 1416 5496 1692 5566; x_wconf 80' lang='grc' dir='ltr'>ὁράματος</span> <span class='ocrx_word' id='word_1_448' title='bbox 1722 5497 1823 5569; x_wconf 81' lang='grc' dir='ltr'>τὴν</span> 
     </span>
    </p>
   </div>
   <div class='ocr_carea' id='block_1_63' title="bbox 235 5578 1822 5651">
    <p class='ocr_par' dir='ltr' id='par_1_63' title="bbox 235 5578 1822 5651">
     <span class='ocr_line' id='line_1_63' title="bbox 235 5578 1822 5651; baseline -0.003 -13"><span class='ocrx_word' id='word_1_449' title='bbox 235 5585 484 5638; x_wconf 73' lang='grc' dir='ltr'>ἔκϐασιν.</span> <span class='ocrx_word' id='word_1_450' title='bbox 526 5583 724 5635; x_wconf 86' lang='grc' dir='ltr'>Ἥνίκα</span> <span class='ocrx_word' id='word_1_451' title='bbox 771 5582 881 5651; x_wconf 88' lang='grc' dir='ltr'>γὰρ</span> <span class='ocrx_word' id='word_1_452' title='bbox 926 5582 1225 5651; x_wconf 88' lang='grc' dir='ltr'>διηγήσατο</span> <span class='ocrx_word' id='word_1_453' title='bbox 1272 5578 1422 5648; x_wconf 71' lang='grc' dir='ltr'>αὐτῷ</span> <span class='ocrx_word' id='word_1_454' title='bbox 1463 5579 1492 5631; x_wconf 91' lang='lat'>6</span> <span class='ocrx_word' id='word_1_455' title='bbox 1536 5579 1732 5651; x_wconf 78' lang='grc' dir='ltr'>Ἰωσὴφ</span> <span class='ocrx_word' id='word_1_456' title='bbox 1761 5582 1822 5634; x_wconf 85' lang='grc' dir='ltr'>τὸ</span> 
     </span>
    </p>
   </div>
   <div class='ocr_carea' id='block_1_64' title="bbox 235 5658 1820 5740">
    <p class='ocr_par' dir='ltr' id='par_1_64' title="bbox 235 5658 1820 5740">
     <span class='ocr_line' id='line_1_64' title="bbox 235 5658 1820 5740; baseline -0.005 -18"><span class='ocrx_word' id='word_1_457' title='bbox 235 5669 443 5740; x_wconf 82' lang='grc' dir='ltr'>ὅραμα,</span> <span class='ocrx_word' id='word_1_458' title='bbox 477 5663 646 5727; x_wconf 81' lang='grc' dir='ltr'>Εἷπε,</span> <span class='ocrx_word' id='word_1_459' title='bbox 670 5665 856 5736; x_wconf 83' lang='grc' dir='ltr'>φησίν,</span> <span class='ocrx_word' id='word_1_460' title='bbox 875 5658 1019 5731; x_wconf 76' lang='grc' dir='ltr'>Ἀρά</span> <span class='ocrx_word' id='word_1_461' title='bbox 1044 5679 1112 5732; x_wconf 80' lang='grc' dir='ltr'>τε</span> <span class='ocrx_word' id='word_1_462' title='bbox 1139 5663 1422 5726; x_wconf 73' lang='grc' dir='ltr'>ἐλθόντες</span> <span class='ocrx_word' id='word_1_463' title='bbox 1444 5661 1560 5730; x_wconf 73' lang='grc' dir='ltr'>ἐγώ</span> <span class='ocrx_word' id='word_1_464' title='bbox 1583 5679 1646 5716; x_wconf 86' lang='grc' dir='ltr'>τε</span> <span class='ocrx_word' id='word_1_465' title='bbox 1667 5663 1820 5730; x_wconf 79' lang='grc' dir='ltr'>καὶή</span> 
     </span>
    </p>
   </div>
   <div class='ocr_carea' id='block_1_65' title="bbox 237 5745 1817 5824">
    <p class='ocr_par' dir='ltr' id='par_1_65' title="bbox 237 5745 1817 5824">
     <span class='ocr_line' id='line_1_65' title="bbox 237 5745 1817 5824; baseline -0.005 -17"><span class='ocrx_word' id='word_1_466' title='bbox 237 5753 433 5824; x_wconf 82' lang='grc' dir='ltr'>μήτηρ</span> <span class='ocrx_word' id='word_1_467' title='bbox 447 5765 565 5807; x_wconf 86' lang='grc' dir='ltr'>σου</span> <span class='ocrx_word' id='word_1_468' title='bbox 589 5746 1099 5817; x_wconf 60' lang='grc' dir='ltr'>προσκυνήσομεν</span> <span class='ocrx_word' id='word_1_469' title='bbox 1122 5761 1222 5800; x_wconf 90' lang='grc' dir='ltr'>σοι</span> <span class='ocrx_word' id='word_1_470' title='bbox 1237 5746 1335 5799; x_wconf 77' lang='grc' dir='ltr'>ἐπὶ</span> <span class='ocrx_word' id='word_1_471' title='bbox 1359 5746 1475 5812; x_wconf 78' lang='grc' dir='ltr'>τὴν</span> <span class='ocrx_word' id='word_1_472' title='bbox 1491 5745 1646 5815; x_wconf 71' lang='grc' dir='ltr'>γῆν;</span> <span class='ocrx_word' id='word_1_473' title='bbox 1675 5747 1817 5799; x_wconf 82' lang='grc' dir='ltr'>Ἀλλ’</span> 
     </span>
    </p>
   </div>
   <div class='ocr_carea' id='block_1_66' title="bbox 239 5825 1818 5896">
    <p class='ocr_par' dir='ltr' id='par_1_66' title="bbox 239 5825 1818 5896">
     <span class='ocr_line' id='line_1_66' title="bbox 239 5825 1818 5896; baseline -0.004 -12"><span class='ocrx_word' id='word_1_474' title='bbox 239 5833 374 5895; x_wconf 78' lang='grc' dir='ltr'>ἴσως</span> <span class='ocrx_word' id='word_1_475' title='bbox 399 5832 542 5885; x_wconf 85' lang='grc' dir='ltr'>είποι</span> <span class='ocrx_word' id='word_1_476' title='bbox 568 5846 650 5893; x_wconf 86' lang='grc' dir='ltr'>τις</span> <span class='ocrx_word' id='word_1_477' title='bbox 684 5829 769 5882; x_wconf 81' lang='grc' dir='ltr'>άν-</span> <span class='ocrx_word' id='word_1_478' title='bbox 799 5826 910 5880; x_wconf 75' lang='lat' dir='ltr'><strong><em>Kal.</em></strong></span> <span class='ocrx_word' id='word_1_479' title='bbox 943 5825 1057 5889; x_wconf 88' lang='grc' dir='ltr'>πῶς</span> <span class='ocrx_word' id='word_1_480' title='bbox 1096 5825 1290 5896; x_wconf 79' lang='grc' dir='ltr'>ἐξῆλθε</span> <span class='ocrx_word' id='word_1_481' title='bbox 1320 5825 1380 5877; x_wconf 87' lang='grc' dir='ltr'>τὸ</span> <span class='ocrx_word' id='word_1_482' title='bbox 1425 5825 1556 5894; x_wconf 76' lang='grc' dir='ltr'>ὄναρ</span> <span class='ocrx_word' id='word_1_483' title='bbox 1587 5827 1685 5895; x_wconf 84' lang='grc' dir='ltr'>τῆς</span> <span class='ocrx_word' id='word_1_484' title='bbox 1714 5843 1818 5896; x_wconf 78' lang='grc' dir='ltr'>μηο</span> 
     </span>
    </p>
   </div>
   <div class='ocr_carea' id='block_1_67' title="bbox 234 5903 1818 5982">
    <p class='ocr_par' dir='ltr' id='par_1_67' title="bbox 234 5903 1818 5982">
     <span class='ocr_line' id='line_1_67' title="bbox 234 5903 1818 5982; baseline -0.005 -18"><span class='ocrx_word' id='word_1_485' title='bbox 234 5911 370 5982; x_wconf 77' lang='grc' dir='ltr'>τρδς</span> <span class='ocrx_word' id='word_1_486' title='bbox 427 5906 896 5981; x_wconf 86' lang='grc' dir='ltr'>προαπελθούσης,</span> <span class='ocrx_word' id='word_1_487' title='bbox 949 5905 1154 5974; x_wconf 79' lang='grc' dir='ltr'>καὶμὴ</span> <span class='ocrx_word' id='word_1_488' title='bbox 1216 5905 1672 5974; x_wconf 85' lang='grc' dir='ltr'>προσκυνησάσης</span> <span class='ocrx_word' id='word_1_489' title='bbox 1726 5903 1818 5956; x_wconf 84' lang='grc' dir='ltr'>τὸν</span> 
     </span>
    </p>
   </div>
   <div class='ocr_carea' id='block_1_68' title="bbox 239 5982 1821 6054">
    <p class='ocr_par' dir='ltr' id='par_1_68' title="bbox 239 5982 1821 6054">
     <span class='ocr_line' id='line_1_68' title="bbox 239 5982 1821 6054; baseline -0.004 -11"><span class='ocrx_word' id='word_1_490' title='bbox 239 5989 439 6053; x_wconf 74' lang='grc' dir='ltr'>παῖδας</span> <span class='ocrx_word' id='word_1_491' title='bbox 479 5989 639 6048; x_wconf 79' lang='grc' dir='ltr'>Ἐθος</span> <span class='ocrx_word' id='word_1_492' title='bbox 671 5985 758 6038; x_wconf 77' lang='grc' dir='ltr'>ἀεὶ</span> <span class='ocrx_word' id='word_1_493' title='bbox 785 5987 852 6053; x_wconf 83' lang='grc' dir='ltr'>τῇ</span> <span class='ocrx_word' id='word_1_494' title='bbox 885 5983 1074 6054; x_wconf 62' lang='grc' dir='ltr'>Γραφῇ</span> <span class='ocrx_word' id='word_1_495' title='bbox 1131 5983 1237 6035; x_wconf 85' lang='grc' dir='ltr'>ἀπὸ</span> <span class='ocrx_word' id='word_1_496' title='bbox 1264 5982 1358 6035; x_wconf 85' lang='grc' dir='ltr'>τοῦ</span> <span class='ocrx_word' id='word_1_497' title='bbox 1395 5983 1735 6053; x_wconf 83' lang='grc' dir='ltr'>κυριωτέρου</span> <span class='ocrx_word' id='word_1_498' title='bbox 1760 5983 1821 6036; x_wconf 71' lang='grc' dir='ltr'>τὸ</span> 
     </span>
    </p>
   </div>
   <div class='ocr_carea' id='block_1_69' title="bbox 237 6059 1814 6139">
    <p class='ocr_par' dir='ltr' id='par_1_69' title="bbox 237 6059 1814 6139">
     <span class='ocr_line' id='line_1_69' title="bbox 237 6059 1814 6139; baseline -0.006 -14"><span class='ocrx_word' id='word_1_499' title='bbox 237 6069 350 6125; x_wconf 80' lang='grc' dir='ltr'>πᾶν</span> <span class='ocrx_word' id='word_1_500' title='bbox 369 6065 583 6139; x_wconf 79' lang='grc' dir='ltr'>δηλοῦν.</span> <span class='ocrx_word' id='word_1_501' title='bbox 616 6064 766 6120; x_wconf 74' lang='grc' dir='ltr'>Ἐπεὶ</span> <span class='ocrx_word' id='word_1_502' title='bbox 784 6059 876 6118; x_wconf 77' lang='grc' dir='ltr'>οὖν</span> <span class='ocrx_word' id='word_1_503' title='bbox 893 6061 1136 6132; x_wconf 62' lang='grc' dir='ltr'>Κεφαλὶι</span> <span class='ocrx_word' id='word_1_504' title='bbox 1155 6060 1260 6131; x_wconf 79' lang='grc' dir='ltr'>τῆς</span> <span class='ocrx_word' id='word_1_505' title='bbox 1283 6061 1566 6130; x_wconf 69' lang='grc' dir='ltr'>γυναικὸς</span> <span class='ocrx_word' id='word_1_506' title='bbox 1590 6065 1620 6117; x_wconf 90' lang='lat' dir='ltr'>o&#39;</span> <span class='ocrx_word' id='word_1_507' title='bbox 1639 6061 1814 6130; x_wconf 73' lang='grc' dir='ltr'>ἀνὴρ,</span> 
     </span>
    </p>
   </div>
   <div class='ocr_carea' id='block_1_70' title="bbox 1281 371 2580 453">
    <p class='ocr_par' dir='ltr' id='par_1_70' title="bbox 1281 371 2580 453">
     <span class='ocr_line' id='line_1_70' title="bbox 1281 371 2580 453; baseline 0.019 -25"><span class='ocrx_word' id='word_1_508' title='bbox 1281 371 1350 428; x_wconf 81' lang='lat' dir='ltr'>IN</span> <span class='ocrx_word' id='word_1_509' title='bbox 1387 374 1540 432; x_wconf 76' lang='lat' dir='ltr'><strong>CAP.</strong></span> <span class='ocrx_word' id='word_1_510' title='bbox 1583 377 1790 436; x_wconf 77' lang='lat' dir='ltr'>XLVIII</span> <span class='ocrx_word' id='word_1_511' title='bbox 1830 382 2078 442; x_wconf 80' lang='lat' dir='ltr'>GENES.</span> <span class='ocrx_word' id='word_1_512' title='bbox 2107 387 2348 447; x_wconf 77' lang='lat' dir='ltr'>IIOMI-L.</span> <span class='ocrx_word' id='word_1_513' title='bbox 2391 394 2580 453; x_wconf 75' lang='lat' dir='ltr'>LXVI.</span> 
     </span>
    </p>
   </div>
   <div class='ocr_carea' id='block_1_71' title="bbox 1983 502 3560 592">
    <p class='ocr_par' dir='ltr' id='par_1_71' title="bbox 1983 502 3560 592">
     <span class='ocr_line' id='line_1_71' title="bbox 1983 502 3560 592; baseline 0.022 -38"><span class='ocrx_word' id='word_1_514' title='bbox 1983 502 2094 555; x_wconf 96' lang='lat' dir='ltr'>Kal</span> <span class='ocrx_word' id='word_1_515' title='bbox 2121 503 2388 592; x_wconf 61' lang='grc' dir='ltr'>ξονονται,</span> <span class='ocrx_word' id='word_1_516' title='bbox 2429 509 2616 581; x_wconf 78' lang='grc' dir='ltr'>φησὶν,</span> <span class='ocrx_word' id='word_1_517' title='bbox 2658 513 2714 568; x_wconf 85' lang='grc' dir='ltr'>οι</span> <span class='ocrx_word' id='word_1_518' title='bbox 2744 511 2856 568; x_wconf 81' lang='grc' dir='ltr'>δύο</span> <span class='ocrx_word' id='word_1_519' title='bbox 2885 516 2973 583; x_wconf 82' lang='grc' dir='ltr'>είς</span> <span class='ocrx_word' id='word_1_520' title='bbox 3011 515 3210 585; x_wconf 82' lang='grc' dir='ltr'>σάρκα</span> <span class='ocrx_word' id='word_1_521' title='bbox 3233 519 3383 587; x_wconf 76' lang='grc' dir='ltr'>μίαν</span> <span class='ocrx_word' id='word_1_522' title='bbox 3406 537 3419 550; x_wconf 84' lang='grc'><em>’</em></span> <span class='ocrx_word' id='word_1_523' title='bbox 3462 525 3560 592; x_wconf 73' lang='grc' dir='ltr'>τῆς</span> 
     </span>
    </p>
   </div>
   <div class='ocr_carea' id='block_1_72' title="bbox 1981 585 3561 672">
    <p class='ocr_par' dir='ltr' id='par_1_72' title="bbox 1981 585 3561 672">
     <span class='ocr_line' id='line_1_72' title="bbox 1981 585 3561 672; baseline 0.015 -37"><span class='ocrx_word' id='word_1_524' title='bbox 1981 585 2223 672; x_wconf 66' lang='grc' dir='ltr'>κεφαλῆς</span> <span class='ocrx_word' id='word_1_525' title='bbox 2255 595 2733 666; x_wconf 65' lang='grc' dir='ltr'>προσκυνησάσης,</span> <span class='ocrx_word' id='word_1_526' title='bbox 2761 596 2999 669; x_wconf 80' lang='grc' dir='ltr'>δηλονότι</span> <span class='ocrx_word' id='word_1_527' title='bbox 3037 602 3210 654; x_wconf 78' lang='grc' dir='ltr'>καὶτὸ</span> <span class='ocrx_word' id='word_1_528' title='bbox 3234 585 3398 672; x_wconf 60' lang='grc' dir='ltr'>σῶμα</span> <span class='ocrx_word' id='word_1_529' title='bbox 3415 585 3561 659; x_wconf 72' lang='grc' dir='ltr'>ἅπαν</span> 
     </span>
    </p>
   </div>
   <div class='ocr_carea' id='block_1_73' title="bbox 1977 668 3560 758">
    <p class='ocr_par' dir='ltr' id='par_1_73' title="bbox 1977 668 3560 758">
     <span class='ocr_line' id='line_1_73' title="bbox 1977 668 3560 758; baseline 0.013 -38"><span class='ocrx_word' id='word_1_530' title='bbox 1977 668 2149 758; x_wconf 58' lang='grc' dir='ltr'>ταύτῃ</span> <span class='ocrx_word' id='word_1_531' title='bbox 2181 673 2386 758; x_wconf 78' lang='grc' dir='ltr'>εἵπετο.</span> <span class='ocrx_word' id='word_1_532' title='bbox 2413 677 2474 728; x_wconf 85' lang='grc' dir='ltr'><strong>Εἰ</strong></span> <span class='ocrx_word' id='word_1_533' title='bbox 2504 678 2613 748; x_wconf 82' lang='grc' dir='ltr'>γὰρ</span> <span class='ocrx_word' id='word_1_534' title='bbox 2641 668 2869 751; x_wconf 82' lang='grc' dir='ltr'>ὁπατήρ</span> <span class='ocrx_word' id='word_1_535' title='bbox 2897 682 3054 735; x_wconf 88' lang='grc' dir='ltr'>τοῦτο</span> <span class='ocrx_word' id='word_1_536' title='bbox 3069 668 3560 758; x_wconf 79' lang='grc' dir='ltr'>πεποίηκε,πολλῷ</span> 
     </span>
    </p>
   </div>
   <div class='ocr_carea' id='block_1_74' title="bbox 1981 753 3555 840">
    <p class='ocr_par' dir='ltr' id='par_1_74' title="bbox 1981 753 3555 840">
     <span class='ocr_line' id='line_1_74' title="bbox 1981 753 3555 840; baseline 0.02 -38"><span class='ocrx_word' id='word_1_537' title='bbox 1981 753 2184 840; x_wconf 60' lang='grc' dir='ltr'>μάλλον</span> <span class='ocrx_word' id='word_1_538' title='bbox 2226 757 2486 830; x_wconf 88' lang='grc' dir='ltr'>κάκείνη,</span> <span class='ocrx_word' id='word_1_539' title='bbox 2534 763 2583 813; x_wconf 83' lang='grc' dir='ltr'>εί</span> <span class='ocrx_word' id='word_1_540' title='bbox 2627 761 2703 832; x_wconf 82' lang='grc' dir='ltr'>μὴ</span> <span class='ocrx_word' id='word_1_541' title='bbox 2748 764 2848 834; x_wconf 84' lang='grc' dir='ltr'>τῆς</span> <span class='ocrx_word' id='word_1_542' title='bbox 2906 763 3052 836; x_wconf 79' lang='grc' dir='ltr'>ζωῆς</span> <span class='ocrx_word' id='word_1_543' title='bbox 3100 753 3555 840; x_wconf 61' lang='grc' dir='ltr'>προεξηρπάσθτί.</span> 
     </span>
    </p>
   </div>
   <div class='ocr_carea' id='block_1_75' title="bbox 1975 836 3554 921">
    <p class='ocr_par' dir='ltr' id='par_1_75' title="bbox 1975 836 3554 921">
     <span class='ocr_line' id='line_1_75' title="bbox 1975 836 3554 921; baseline 0.012 -33"><span class='ocrx_word' id='word_1_544' title='bbox 1975 836 2132 890; x_wconf 87' lang='grc' dir='ltr'>τοῦτο</span> <span class='ocrx_word' id='word_1_545' title='bbox 2165 841 2466 911; x_wconf 85' lang='grc' dir='ltr'>πεποίηκεν</span> <span class='ocrx_word' id='word_1_546' title='bbox 2496 843 2581 897; x_wconf 80' lang='grc' dir='ltr'>ἄν.</span> <span class='ocrx_word' id='word_1_547' title='bbox 2617 845 2724 897; x_wconf 88' lang='lat' dir='ltr'>Kal</span> <span class='ocrx_word' id='word_1_548' title='bbox 2756 849 3202 916; x_wconf 81' lang='grc' dir='ltr'>προσεκύνησε,</span> <span class='ocrx_word' id='word_1_549' title='bbox 3240 836 3425 921; x_wconf 68' lang='grc' dir='ltr'>φησὶν,</span> <span class='ocrx_word' id='word_1_550' title='bbox 3456 836 3554 909; x_wconf 70' lang='grc' dir='ltr'>ἐπὶ</span> 
     </span>
    </p>
   </div>
   <div class='ocr_carea' id='block_1_76' title="bbox 1975 919 3558 1000">
    <p class='ocr_par' dir='ltr' id='par_1_76' title="bbox 1975 919 3558 1000">
     <span class='ocr_line' id='line_1_76' title="bbox 1975 919 3558 1000; baseline 0.011 -27"><span class='ocrx_word' id='word_1_551' title='bbox 1975 919 2041 973; x_wconf 82' lang='grc' dir='ltr'>τὸ</span> <span class='ocrx_word' id='word_1_552' title='bbox 2077 921 2265 990; x_wconf 82' lang='grc' dir='ltr'>ἄκρον</span> <span class='ocrx_word' id='word_1_553' title='bbox 2291 922 2397 991; x_wconf 80' lang='grc' dir='ltr'>τῆς</span> <span class='ocrx_word' id='word_1_554' title='bbox 2409 925 2638 993; x_wconf 78' lang='grc' dir='ltr'>ῥάϐδου</span> <span class='ocrx_word' id='word_1_555' title='bbox 2659 929 2864 984; x_wconf 84' lang='grc' dir='ltr'>αὐτοῦ.</span> <span class='ocrx_word' id='word_1_556' title='bbox 2883 930 2983 983; x_wconf 86' lang='grc' dir='ltr'>Διά</span> <span class='ocrx_word' id='word_1_557' title='bbox 3002 931 3160 985; x_wconf 86' lang='grc' dir='ltr'>τοῦτο</span> <span class='ocrx_word' id='word_1_558' title='bbox 3175 937 3268 986; x_wconf 79' lang='grc' dir='ltr'>καὶ</span> <span class='ocrx_word' id='word_1_559' title='bbox 3293 919 3319 986; x_wconf 87' lang='lat'>6</span> <span class='ocrx_word' id='word_1_560' title='bbox 3344 935 3558 1000; x_wconf 82' lang='grc' dir='ltr'>Παῦλος</span> 
     </span>
    </p>
   </div>
   <div class='ocr_carea' id='block_1_77' title="bbox 1973 1002 3560 1079">
    <p class='ocr_par' dir='ltr' id='par_1_77' title="bbox 1973 1002 3560 1079">
     <span class='ocr_line' id='line_1_77' title="bbox 1973 1002 3560 1079; baseline 0.011 -24"><span class='ocrx_word' id='word_1_561' title='bbox 1973 1002 2157 1072; x_wconf 81' lang='grc' dir='ltr'>ἔλεγε·</span> <span class='ocrx_word' id='word_1_562' title='bbox 2193 1005 2398 1060; x_wconf 85' lang='grc' dir='ltr'>Πίστει</span> <span class='ocrx_word' id='word_1_563' title='bbox 2449 1008 2651 1063; x_wconf 85' lang='grc' dir='ltr'>Ἰακὼϐ</span> <span class='ocrx_word' id='word_1_564' title='bbox 2692 1012 3096 1079; x_wconf 83' lang='grc' dir='ltr'>ἀποθνήσκων</span> <span class='ocrx_word' id='word_1_565' title='bbox 3126 1015 3387 1071; x_wconf 82' lang='grc' dir='ltr'>ἕκαστον</span> <span class='ocrx_word' id='word_1_566' title='bbox 3436 1018 3560 1072; x_wconf 82' lang='grc' dir='ltr'>τῶν</span> 
     </span>
    </p>
   </div>
   <div class='ocr_carea' id='block_1_78' title="bbox 1971 1089 3555 1170">
    <p class='ocr_par' dir='ltr' id='par_1_78' title="bbox 1971 1089 3555 1170">
     <span class='ocr_line' id='line_1_78' title="bbox 1971 1089 3555 1170; baseline 0.009 -26"><span class='ocrx_word' id='word_1_567' title='bbox 1971 1089 2119 1145; x_wconf 85' lang='grc' dir='ltr'>υίῶν</span> <span class='ocrx_word' id='word_1_568' title='bbox 2152 1093 2364 1164; x_wconf 72' lang='grc' dir='ltr'>Ἰωσὴφ</span> <span class='ocrx_word' id='word_1_569' title='bbox 2393 1097 2713 1166; x_wconf 78' lang='grc' dir='ltr'>εἰσλόγησε,</span> <span class='ocrx_word' id='word_1_570' title='bbox 2733 1100 2832 1153; x_wconf 78' lang='grc' dir='ltr'>καὶ</span> <span class='ocrx_word' id='word_1_571' title='bbox 2861 1103 3327 1170; x_wconf 83' lang='grc' dir='ltr'>προσεκύνησεν</span> <span class='ocrx_word' id='word_1_572' title='bbox 3364 1105 3463 1158; x_wconf 76' lang='grc' dir='ltr'>ἐπὶ</span> <span class='ocrx_word' id='word_1_573' title='bbox 3487 1107 3555 1159; x_wconf 82' lang='grc' dir='ltr'>τὸ</span> 
     </span>
    </p>
   </div>
   <div class='ocr_carea' id='block_1_79' title="bbox 1971 1172 3558 1254">
    <p class='ocr_par' dir='ltr' id='par_1_79' title="bbox 1971 1172 3558 1254">
     <span class='ocr_line' id='line_1_79' title="bbox 1971 1172 3558 1254; baseline 0.011 -29"><span class='ocrx_word' id='word_1_574' title='bbox 1971 1172 2159 1241; x_wconf 82' lang='grc' dir='ltr'>ἄκρον</span> <span class='ocrx_word' id='word_1_575' title='bbox 2183 1175 2293 1243; x_wconf 83' lang='grc' dir='ltr'>τῆς</span> <span class='ocrx_word' id='word_1_576' title='bbox 2320 1177 2548 1245; x_wconf 75' lang='grc' dir='ltr'>ῥάϐδου</span> <span class='ocrx_word' id='word_1_577' title='bbox 2571 1181 2779 1236; x_wconf 82' lang='grc' dir='ltr'>αὐτοῦ.</span> <span class='ocrx_word' id='word_1_578' title='bbox 2821 1184 2981 1254; x_wconf 84' lang='grc' dir='ltr'>Ὁρᾷς</span> <span class='ocrx_word' id='word_1_579' title='bbox 3013 1185 3095 1238; x_wconf 83' lang='grc' dir='ltr'>ὃτι</span> <span class='ocrx_word' id='word_1_580' title='bbox 3116 1185 3211 1238; x_wconf 74' lang='grc' dir='ltr'>καὶ</span> <span class='ocrx_word' id='word_1_581' title='bbox 3233 1186 3392 1239; x_wconf 88' lang='grc' dir='ltr'>τοῦτο</span> <span class='ocrx_word' id='word_1_582' title='bbox 3421 1190 3558 1243; x_wconf 80' lang='grc' dir='ltr'>αὐτὸ</span> 
     </span>
    </p>
   </div>
   <div class='ocr_carea' id='block_1_80' title="bbox 1971 1261 3554 1346">
    <p class='ocr_par' dir='ltr' id='par_1_80' title="bbox 1971 1261 3554 1346">
     <span class='ocr_line' id='line_1_80' title="bbox 1971 1261 3554 1346; baseline 0.01 -34"><span class='ocrx_word' id='word_1_583' title='bbox 1971 1261 2154 1315; x_wconf 88' lang='grc' dir='ltr'>πίστει</span> <span class='ocrx_word' id='word_1_584' title='bbox 2189 1265 2382 1322; x_wconf 83' lang='grc' dir='ltr'>ἐποίει.</span> <span class='ocrx_word' id='word_1_585' title='bbox 2424 1269 2673 1339; x_wconf 91' lang='grc' dir='ltr'>προορῶν</span> <span class='ocrx_word' id='word_1_586' title='bbox 2711 1270 2792 1322; x_wconf 79' lang='grc' dir='ltr'>ὅτι</span> <span class='ocrx_word' id='word_1_587' title='bbox 2843 1269 3124 1340; x_wconf 84' lang='grc' dir='ltr'>βασιλικοῦ</span> <span class='ocrx_word' id='word_1_588' title='bbox 3164 1273 3354 1341; x_wconf 83' lang='grc' dir='ltr'>γένους</span> <span class='ocrx_word' id='word_1_589' title='bbox 3392 1279 3554 1346; x_wconf 90' lang='grc' dir='ltr'>γενή-</span> 
     </span>
    </p>
   </div>
   <div class='ocr_carea' id='block_1_81' title="bbox 1967 1346 3553 1424">
    <p class='ocr_par' dir='ltr' id='par_1_81' title="bbox 1967 1346 3553 1424">
     <span class='ocr_line' id='line_1_81' title="bbox 1967 1346 3553 1424; baseline 0.01 -28"><span class='ocrx_word' id='word_1_590' title='bbox 1967 1360 2123 1398; x_wconf 84' lang='grc' dir='ltr'>σεται</span> <span class='ocrx_word' id='word_1_591' title='bbox 2150 1346 2178 1397; x_wconf 91' lang='lat'>6</span> <span class='ocrx_word' id='word_1_592' title='bbox 2205 1349 2270 1400; x_wconf 90' lang='grc' dir='ltr'>ἐκ</span> <span class='ocrx_word' id='word_1_593' title='bbox 2296 1347 2391 1400; x_wconf 87' lang='grc' dir='ltr'>τοῦ</span> <span class='ocrx_word' id='word_1_594' title='bbox 2428 1351 2742 1421; x_wconf 87' lang='grc' dir='ltr'>σπέρματος</span> <span class='ocrx_word' id='word_1_595' title='bbox 2771 1354 2938 1407; x_wconf 86' lang='grc' dir='ltr'>αὐτοῦ</span> <span class='ocrx_word' id='word_1_596' title='bbox 2969 1355 3214 1424; x_wconf 87' lang='grc' dir='ltr'>τεχθείς;</span> <span class='ocrx_word' id='word_1_597' title='bbox 3262 1357 3413 1410; x_wconf 68' lang='grc' dir='ltr'>Ἐπεὶ</span> <span class='ocrx_word' id='word_1_598' title='bbox 3458 1355 3553 1412; x_wconf 86' lang='grc' dir='ltr'>οὖν</span> 
     </span>
    </p>
   </div>
   <div class='ocr_carea' id='block_1_82' title="bbox 1968 1429 3549 1509">
    <p class='ocr_par' dir='ltr' id='par_1_82' title="bbox 1968 1429 3549 1509">
     <span class='ocr_line' id='line_1_82' title="bbox 1968 1429 3549 1509; baseline 0.009 -28"><span class='ocrx_word' id='word_1_599' title='bbox 1968 1429 2250 1495; x_wconf 80' lang='grc' dir='ltr'>ἐπέταξεν,</span> <span class='ocrx_word' id='word_1_600' title='bbox 2294 1432 2438 1502; x_wconf 78' lang='grc' dir='ltr'>άπερ</span> <span class='ocrx_word' id='word_1_601' title='bbox 2473 1433 2748 1496; x_wconf 76' lang='grc' dir='ltr'>ἐϐούλετο,</span> <span class='ocrx_word' id='word_1_602' title='bbox 2797 1436 2876 1507; x_wconf 86' lang='grc' dir='ltr'>τῷ</span> <span class='ocrx_word' id='word_1_603' title='bbox 2923 1440 3097 1502; x_wconf 83' lang='grc' dir='ltr'>παιδί,</span> <span class='ocrx_word' id='word_1_604' title='bbox 3132 1441 3250 1508; x_wconf 88' lang='grc' dir='ltr'>μετ’</span> <span class='ocrx_word' id='word_1_605' title='bbox 3276 1441 3340 1492; x_wconf 75' lang='grc' dir='ltr'>οὐ</span> <span class='ocrx_word' id='word_1_606' title='bbox 3389 1443 3549 1509; x_wconf 79' lang='grc' dir='ltr'>πολὺ,</span> 
     </span>
    </p>
   </div>
   <div class='ocr_carea' id='block_1_83' title="bbox 1967 1517 3548 1598">
    <p class='ocr_par' dir='ltr' id='par_1_83' title="bbox 1967 1517 3548 1598">
     <span class='ocr_line' id='line_1_83' title="bbox 1967 1517 3548 1598; baseline 0.009 -30"><span class='ocrx_word' id='word_1_607' title='bbox 1967 1517 2126 1587; x_wconf 78' lang='grc' dir='ltr'>φησὶ,</span> <span class='ocrx_word' id='word_1_608' title='bbox 2155 1517 2345 1588; x_wconf 88' lang='grc' dir='ltr'>μαθὼν</span> <span class='ocrx_word' id='word_1_609' title='bbox 2387 1521 2605 1592; x_wconf 74' lang='grc' dir='ltr'>Ἰωσὴφ,</span> <span class='ocrx_word' id='word_1_610' title='bbox 2657 1523 2738 1576; x_wconf 77' lang='grc' dir='ltr'>ὅτι</span> <span class='ocrx_word' id='word_1_611' title='bbox 2764 1523 3064 1595; x_wconf 88' lang='grc' dir='ltr'>ἐνοχλεῖται</span> <span class='ocrx_word' id='word_1_612' title='bbox 3091 1528 3120 1579; x_wconf 93' lang='lat'>6</span> <span class='ocrx_word' id='word_1_613' title='bbox 3147 1527 3332 1598; x_wconf 83' lang='grc' dir='ltr'>πατὴρ</span> <span class='ocrx_word' id='word_1_614' title='bbox 3361 1529 3548 1594; x_wconf 84' lang='grc' dir='ltr'>αὐτοῦ,</span> 
     </span>
    </p>
   </div>
   <div class='ocr_carea' id='block_1_84' title="bbox 1966 1604 3550 1689">
    <p class='ocr_par' dir='ltr' id='par_1_84' title="bbox 1966 1604 3550 1689">
     <span class='ocr_line' id='line_1_84' title="bbox 1966 1604 3550 1689; baseline 0.007 -31"><span class='ocrx_word' id='word_1_615' title='bbox 1966 1604 2050 1659; x_wconf 82' lang='grc' dir='ltr'>ὅτι</span> <span class='ocrx_word' id='word_1_616' title='bbox 2101 1608 2196 1660; x_wconf 78' lang='grc' dir='ltr'>ἐπὶ</span> <span class='ocrx_word' id='word_1_617' title='bbox 2234 1608 2428 1681; x_wconf 88' lang='grc' dir='ltr'>θύραις</span> <span class='ocrx_word' id='word_1_618' title='bbox 2479 1610 2597 1664; x_wconf 79' lang='grc' dir='ltr'>ἐστὶ</span> <span class='ocrx_word' id='word_1_619' title='bbox 2629 1611 2724 1664; x_wconf 89' lang='grc' dir='ltr'>τοῦ</span> <span class='ocrx_word' id='word_1_620' title='bbox 2767 1611 3021 1679; x_wconf 86' lang='grc' dir='ltr'>θανάτου,</span> <span class='ocrx_word' id='word_1_621' title='bbox 3071 1614 3154 1666; x_wconf 87' lang='grc' dir='ltr'>ὃτι</span> <span class='ocrx_word' id='word_1_622' title='bbox 3184 1614 3420 1685; x_wconf 76' lang='grc' dir='ltr'>ἤγγισαν</span> <span class='ocrx_word' id='word_1_623' title='bbox 3449 1618 3550 1689; x_wconf 82' lang='grc' dir='ltr'>τῆς</span> 
     </span>
    </p>
   </div>
   <div class='ocr_carea' id='block_1_85' title="bbox 1965 1689 3548 1768">
    <p class='ocr_par' dir='ltr' id='par_1_85' title="bbox 1965 1689 3548 1768">
     <span class='ocr_line' id='line_1_85' title="bbox 1965 1689 3548 1768; baseline 0.009 -26"><span class='ocrx_word' id='word_1_624' title='bbox 1965 1689 2223 1760; x_wconf 82' lang='grc' dir='ltr'>τελευτῆς</span> <span class='ocrx_word' id='word_1_625' title='bbox 2247 1695 2302 1745; x_wconf 85' lang='grc' dir='ltr'>αἱ</span> <span class='ocrx_word' id='word_1_626' title='bbox 2335 1693 2560 1764; x_wconf 81' lang='grc' dir='ltr'>ἡμέραι,</span> <span class='ocrx_word' id='word_1_627' title='bbox 2598 1694 2810 1749; x_wconf 87' lang='grc' dir='ltr'>Λαϐὼν</span> <span class='ocrx_word' id='word_1_628' title='bbox 2825 1695 2967 1762; x_wconf 84' lang='grc' dir='ltr'>τοὺς</span> <span class='ocrx_word' id='word_1_629' title='bbox 2989 1697 3100 1751; x_wconf 80' lang='grc' dir='ltr'>δύο</span> <span class='ocrx_word' id='word_1_630' title='bbox 3130 1699 3304 1766; x_wconf 74' lang='grc' dir='ltr'>υἱοὺς</span> <span class='ocrx_word' id='word_1_631' title='bbox 3334 1703 3548 1768; x_wconf 84' lang='grc' dir='ltr'>αὐτοῦ,</span> 
     </span>
    </p>
   </div>
   <div class='ocr_carea' id='block_1_86' title="bbox 1963 1773 3550 1855">
    <p class='ocr_par' dir='ltr' id='par_1_86' title="bbox 1963 1773 3550 1855">
     <span class='ocr_line' id='line_1_86' title="bbox 1963 1773 3550 1855; baseline 0.008 -24"><span class='ocrx_word' id='word_1_632' title='bbox 1963 1773 2114 1846; x_wconf 82' lang='grc' dir='ltr'>ἦλθε</span> <span class='ocrx_word' id='word_1_633' title='bbox 2140 1777 2290 1851; x_wconf 78' lang='lat'>[631]</span> <span class='ocrx_word' id='word_1_634' title='bbox 2328 1779 2479 1848; x_wconf 83' lang='grc' dir='ltr'>πρὸς</span> <span class='ocrx_word' id='word_1_635' title='bbox 2517 1780 2730 1838; x_wconf 86' lang='grc' dir='ltr'>Ἰακώϐ.</span> <span class='ocrx_word' id='word_1_636' title='bbox 2776 1783 3115 1854; x_wconf 73' lang='grc' dir='ltr'>Ἀπητγέλη</span> <span class='ocrx_word' id='word_1_637' title='bbox 3156 1785 3225 1838; x_wconf 83' lang='grc' dir='ltr'>δὲ</span> <span class='ocrx_word' id='word_1_638' title='bbox 3252 1787 3429 1842; x_wconf 85' lang='grc' dir='ltr'>τοῦτο</span> <span class='ocrx_word' id='word_1_639' title='bbox 3467 1788 3550 1855; x_wconf 81' lang='grc' dir='ltr'>τῷ</span> 
     </span>
    </p>
   </div>
   <div class='ocr_carea' id='block_1_87' title="bbox 1977 1862 3548 1940">
    <p class='ocr_par' dir='ltr' id='par_1_87' title="bbox 1977 1862 3548 1940">
     <span class='ocr_line' id='line_1_87' title="bbox 1977 1862 3548 1940; baseline 0.008 -27"><span class='ocrx_word' id='word_1_640' title='bbox 1977 1862 2204 1926; x_wconf 78' lang='grc' dir='ltr'>Ἰακὼϐ,</span> <span class='ocrx_word' id='word_1_641' title='bbox 2233 1864 2331 1917; x_wconf 79' lang='grc' dir='ltr'>καὶ</span> <span class='ocrx_word' id='word_1_642' title='bbox 2362 1864 2698 1933; x_wconf 80' lang='grc' dir='ltr'>ἐνισχύσας</span> <span class='ocrx_word' id='word_1_643' title='bbox 2731 1867 2982 1935; x_wconf 79' lang='grc' dir='ltr'>Ἰσραὴλ</span> <span class='ocrx_word' id='word_1_644' title='bbox 3003 1868 3288 1924; x_wconf 76' lang='grc' dir='ltr'>ἐκάθισεν</span> <span class='ocrx_word' id='word_1_645' title='bbox 3312 1872 3410 1925; x_wconf 76' lang='grc' dir='ltr'>ἐπὶ</span> <span class='ocrx_word' id='word_1_646' title='bbox 3432 1873 3548 1940; x_wconf 80' lang='grc' dir='ltr'>τὴν</span> 
     </span>
    </p>
   </div>
   <div class='ocr_carea' id='block_1_88' title="bbox 1961 1943 3548 2026">
    <p class='ocr_par' dir='ltr' id='par_1_88' title="bbox 1961 1943 3548 2026">
     <span class='ocr_line' id='line_1_88' title="bbox 1961 1943 3548 2026; baseline 0.007 -31"><span class='ocrx_word' id='word_1_647' title='bbox 1961 1943 2204 2010; x_wconf 83' lang='grc' dir='ltr'>κλίνην.</span> <span class='ocrx_word' id='word_1_648' title='bbox 2234 1943 2379 2013; x_wconf 86' lang='grc' dir='ltr'>Ὅρα</span> <span class='ocrx_word' id='word_1_649' title='bbox 2417 1944 2599 2015; x_wconf 87' lang='grc' dir='ltr'>πῶςή</span> <span class='ocrx_word' id='word_1_650' title='bbox 2651 1946 2782 2016; x_wconf 76' lang='grc' dir='ltr'>περὶ</span> <span class='ocrx_word' id='word_1_651' title='bbox 2832 1946 2924 1998; x_wconf 75' lang='grc' dir='ltr'>τὸν</span> <span class='ocrx_word' id='word_1_652' title='bbox 2980 1949 3146 2026; x_wconf 78' lang='grc' dir='ltr'>παῖδα</span> <span class='ocrx_word' id='word_1_653' title='bbox 3195 1949 3548 2023; x_wconf 77' lang='grc' dir='ltr'>φιλοστοργία</span> 
     </span>
    </p>
   </div>
   <div class='ocr_carea' id='block_1_89' title="bbox 1959 2026 3546 2107">
    <p class='ocr_par' dir='ltr' id='par_1_89' title="bbox 1959 2026 3546 2107">
     <span class='ocr_line' id='line_1_89' title="bbox 1959 2026 3546 2107; baseline 0.008 -29"><span class='ocrx_word' id='word_1_654' title='bbox 1959 2026 2052 2078; x_wconf 85' lang='grc' dir='ltr'>τὸν</span> <span class='ocrx_word' id='word_1_655' title='bbox 2081 2026 2396 2098; x_wconf 78' lang='grc' dir='ltr'>πρεσϐύτην</span> <span class='ocrx_word' id='word_1_656' title='bbox 2436 2027 2679 2100; x_wconf 85' lang='grc' dir='ltr'>ἐνεύρου,</span> <span class='ocrx_word' id='word_1_657' title='bbox 2727 2029 2822 2082; x_wconf 72' lang='grc' dir='ltr'>καὶ</span> <span class='ocrx_word' id='word_1_658' title='bbox 2854 2032 2886 2100; x_wconf 88' lang='grc' dir='ltr'>ή</span> <span class='ocrx_word' id='word_1_659' title='bbox 2927 2031 3208 2102; x_wconf 86' lang='grc' dir='ltr'>προθυμία</span> <span class='ocrx_word' id='word_1_660' title='bbox 3252 2035 3408 2088; x_wconf 84' lang='grc' dir='ltr'>ἐνίκα</span> <span class='ocrx_word' id='word_1_661' title='bbox 3446 2037 3546 2107; x_wconf 77' lang='grc' dir='ltr'>τὴν</span> 
     </span>
    </p>
   </div>
   <div class='ocr_carea' id='block_1_90' title="bbox 1959 2108 3540 2187">
    <p class='ocr_par' dir='ltr' id='par_1_90' title="bbox 1959 2108 3540 2187">
     <span class='ocr_line' id='line_1_90' title="bbox 1959 2108 3540 2187; baseline 0.006 -27"><span class='ocrx_word' id='word_1_662' title='bbox 1959 2108 2264 2164; x_wconf 83' lang='grc' dir='ltr'>ἀσθένειαν.</span> <span class='ocrx_word' id='word_1_663' title='bbox 2330 2111 2597 2175; x_wconf 81' lang='grc' dir='ltr'>Ἀκούσας</span> <span class='ocrx_word' id='word_1_664' title='bbox 2649 2111 2758 2182; x_wconf 84' lang='grc' dir='ltr'>γὰρ</span> <span class='ocrx_word' id='word_1_665' title='bbox 2817 2113 2980 2166; x_wconf 79' lang='grc' dir='ltr'>αὑτοῦ</span> <span class='ocrx_word' id='word_1_666' title='bbox 3031 2115 3128 2185; x_wconf 81' lang='grc' dir='ltr'>τὴν</span> <span class='ocrx_word' id='word_1_667' title='bbox 3189 2117 3540 2187; x_wconf 89' lang='grc' dir='ltr'>παρουσίαν,</span> 
     </span>
    </p>
   </div>
   <div class='ocr_carea' id='block_1_91' title="bbox 1960 2192 3544 2268">
    <p class='ocr_par' dir='ltr' id='par_1_91' title="bbox 1960 2192 3544 2268">
     <span class='ocr_line' id='line_1_91' title="bbox 1960 2192 3544 2268; baseline 0.006 -25"><span class='ocrx_word' id='word_1_668' title='bbox 1960 2192 2145 2262; x_wconf 76' lang='grc' dir='ltr'>φησὶν,</span> <span class='ocrx_word' id='word_1_669' title='bbox 2185 2193 2498 2247; x_wconf 82' lang='grc' dir='ltr'>Ἐκάθισεν</span> <span class='ocrx_word' id='word_1_670' title='bbox 2523 2193 2624 2247; x_wconf 81' lang='grc' dir='ltr'>ἐπὶ</span> <span class='ocrx_word' id='word_1_671' title='bbox 2658 2196 2774 2262; x_wconf 79' lang='grc' dir='ltr'>τὴν</span> <span class='ocrx_word' id='word_1_672' title='bbox 2801 2197 3040 2263; x_wconf 84' lang='grc' dir='ltr'>κλίνην.</span> <span class='ocrx_word' id='word_1_673' title='bbox 3063 2199 3171 2250; x_wconf 80' lang='grc' dir='ltr'>Καὶ</span> <span class='ocrx_word' id='word_1_674' title='bbox 3213 2198 3334 2252; x_wconf 87' lang='grc' dir='ltr'>ἰδὼν</span> <span class='ocrx_word' id='word_1_675' title='bbox 3358 2199 3544 2268; x_wconf 76' lang='grc' dir='ltr'>αὑτὸν,</span> 
     </span>
    </p>
   </div>
   <div class='ocr_carea' id='block_1_92' title="bbox 1957 2275 3534 2350">
    <p class='ocr_par' dir='ltr' id='par_1_92' title="bbox 1957 2275 3534 2350">
     <span class='ocr_line' id='line_1_92' title="bbox 1957 2275 3534 2350; baseline 0.005 -22"><span class='ocrx_word' id='word_1_676' title='bbox 1957 2276 2058 2347; x_wconf 83' lang='grc' dir='ltr'>τὴν</span> <span class='ocrx_word' id='word_1_677' title='bbox 2084 2275 2357 2348; x_wconf 85' lang='grc' dir='ltr'>πατρικὴν</span> <span class='ocrx_word' id='word_1_678' title='bbox 2383 2277 2770 2349; x_wconf 85' lang='grc' dir='ltr'>φιλοστοργίαν</span> <span class='ocrx_word' id='word_1_679' title='bbox 2797 2280 2927 2350; x_wconf 82' lang='grc' dir='ltr'>περὶ</span> <span class='ocrx_word' id='word_1_680' title='bbox 2954 2281 3116 2332; x_wconf 78' lang='grc' dir='ltr'>αύτδν</span> <span class='ocrx_word' id='word_1_681' title='bbox 3140 2282 3534 2344; x_wconf 87' lang='grc' dir='ltr'>ἐπιδείκνυται,</span> 
     </span>
    </p>
   </div>
   <div class='ocr_carea' id='block_1_93' title="bbox 1957 2363 3541 2441">
    <p class='ocr_par' dir='ltr' id='par_1_93' title="bbox 1957 2363 3541 2441">
     <span class='ocr_line' id='line_1_93' title="bbox 1957 2363 3541 2441; baseline 0.006 -26"><span class='ocrx_word' id='word_1_682' title='bbox 1957 2364 2052 2416; x_wconf 81' lang='grc' dir='ltr'>καὶ</span> <span class='ocrx_word' id='word_1_683' title='bbox 2088 2363 2274 2435; x_wconf 85' lang='grc' dir='ltr'>ἐπειδὴ</span> <span class='ocrx_word' id='word_1_684' title='bbox 2324 2363 2517 2436; x_wconf 78' lang='grc' dir='ltr'>ἔμελλε</span> <span class='ocrx_word' id='word_1_685' title='bbox 2565 2366 2858 2438; x_wconf 83' lang='grc' dir='ltr'>τελευτᾷν,</span> <span class='ocrx_word' id='word_1_686' title='bbox 2907 2370 2974 2439; x_wconf 82' lang='grc' dir='ltr'>τῇ</span> <span class='ocrx_word' id='word_1_687' title='bbox 3017 2367 3239 2441; x_wconf 75' lang='grc' dir='ltr'>εὐλογία</span> <span class='ocrx_word' id='word_1_688' title='bbox 3273 2372 3339 2441; x_wconf 80' lang='grc' dir='ltr'>τῇ</span> <span class='ocrx_word' id='word_1_689' title='bbox 3375 2369 3541 2424; x_wconf 79' lang='grc' dir='ltr'>αὑτοῦ</span> 
     </span>
    </p>
   </div>
   <div class='ocr_carea' id='block_1_94' title="bbox 1955 2448 3544 2526">
    <p class='ocr_par' dir='ltr' id='par_1_94' title="bbox 1955 2448 3544 2526">
     <span class='ocr_line' id='line_1_94' title="bbox 1955 2448 3544 2526; baseline 0.006 -26"><span class='ocrx_word' id='word_1_690' title='bbox 1955 2448 2180 2519; x_wconf 79' lang='grc' dir='ltr'>τειχίζει</span> <span class='ocrx_word' id='word_1_691' title='bbox 2227 2453 2356 2515; x_wconf 73' lang='grc' dir='ltr'>τοὺς</span> <span class='ocrx_word' id='word_1_692' title='bbox 2408 2449 2624 2514; x_wconf 82' lang='grc' dir='ltr'>παῖδας,</span> <span class='ocrx_word' id='word_1_693' title='bbox 2679 2451 2942 2523; x_wconf 83' lang='grc' dir='ltr'>μεγίστην</span> <span class='ocrx_word' id='word_1_694' title='bbox 2988 2454 3172 2518; x_wconf 81' lang='grc' dir='ltr'>αὐτοῖς</span> <span class='ocrx_word' id='word_1_695' title='bbox 3203 2455 3407 2526; x_wconf 86' lang='grc' dir='ltr'>ταύτην</span> <span class='ocrx_word' id='word_1_696' title='bbox 3445 2474 3544 2510; x_wconf 88' lang='grc' dir='ltr'>πε-</span> 
     </span>
    </p>
   </div>
   <div class='ocr_carea' id='block_1_95' title="bbox 1957 2535 3546 2610">
    <p class='ocr_par' dir='ltr' id='par_1_95' title="bbox 1957 2535 3546 2610">
     <span class='ocr_line' id='line_1_95' title="bbox 1957 2535 3546 2610; baseline 0.006 -24"><span class='ocrx_word' id='word_1_697' title='bbox 1957 2535 2206 2603; x_wconf 90' lang='grc' dir='ltr'>ριουσίαν</span> <span class='ocrx_word' id='word_1_698' title='bbox 2239 2535 2668 2606; x_wconf 85' lang='grc' dir='ltr'>καταλιμπάνων</span> <span class='ocrx_word' id='word_1_699' title='bbox 2693 2577 2708 2601; x_wconf 94' lang='grc'>,</span> <span class='ocrx_word' id='word_1_700' title='bbox 2757 2539 2852 2592; x_wconf 64' lang='grc' dir='ltr'>καλ⁵</span> <span class='ocrx_word' id='word_1_701' title='bbox 2885 2539 3114 2593; x_wconf 87' lang='grc' dir='ltr'>πλοῦτον</span> <span class='ocrx_word' id='word_1_702' title='bbox 3149 2541 3419 2610; x_wconf 88' lang='grc' dir='ltr'>μηδέποτε</span> <span class='ocrx_word' id='word_1_703' title='bbox 3447 2543 3546 2595; x_wconf 84' lang='grc' dir='ltr'>δα-</span> 
     </span>
    </p>
   </div>
   <div class='ocr_carea' id='block_1_96' title="bbox 1955 2619 3544 2696">
    <p class='ocr_par' dir='ltr' id='par_1_96' title="bbox 1955 2619 3544 2696">
     <span class='ocr_line' id='line_1_96' title="bbox 1955 2619 3544 2696; baseline 0.006 -25"><span class='ocrx_word' id='word_1_704' title='bbox 1955 2619 2263 2690; x_wconf 89' lang='grc' dir='ltr'>πανηθῆναι</span> <span class='ocrx_word' id='word_1_705' title='bbox 2286 2619 2602 2690; x_wconf 87' lang='grc' dir='ltr'>δυνάμενον.</span> <span class='ocrx_word' id='word_1_706' title='bbox 2638 2622 2748 2674; x_wconf 81' lang='grc' dir='ltr'>Καὶ</span> <span class='ocrx_word' id='word_1_707' title='bbox 2773 2622 2875 2693; x_wconf 83' lang='grc' dir='ltr'>δρα</span> <span class='ocrx_word' id='word_1_708' title='bbox 2903 2623 3021 2686; x_wconf 84' lang='grc' dir='ltr'>πῶς</span> <span class='ocrx_word' id='word_1_709' title='bbox 3048 2623 3294 2694; x_wconf 73' lang='grc' dir='ltr'>ἄρχεταιο</span> <span class='ocrx_word' id='word_1_710' title='bbox 3320 2625 3544 2696; x_wconf 86' lang='grc' dir='ltr'>Πρῶτον</span> 
     </span>
    </p>
   </div>
   <div class='ocr_carea' id='block_1_97' title="bbox 1951 2702 3542 2776">
    <p class='ocr_par' dir='ltr' id='par_1_97' title="bbox 1951 2702 3542 2776">
     <span class='ocr_line' id='line_1_97' title="bbox 1951 2702 3542 2776; baseline 0.005 -22"><span class='ocrx_word' id='word_1_711' title='bbox 1951 2702 2220 2774; x_wconf 87' lang='grc' dir='ltr'>διηγεῖται</span> <span class='ocrx_word' id='word_1_712' title='bbox 2252 2703 2351 2774; x_wconf 82' lang='grc' dir='ltr'>τὴν</span> <span class='ocrx_word' id='word_1_713' title='bbox 2386 2704 2538 2773; x_wconf 81' lang='grc' dir='ltr'>παρά</span> <span class='ocrx_word' id='word_1_714' title='bbox 2561 2703 2656 2758; x_wconf 88' lang='grc' dir='ltr'>τοῦ</span> <span class='ocrx_word' id='word_1_715' title='bbox 2691 2704 2827 2758; x_wconf 87' lang='grc' dir='ltr'>Θεοῦ</span> <span class='ocrx_word' id='word_1_716' title='bbox 2871 2707 3245 2776; x_wconf 84' lang='grc' dir='ltr'>γεγενημένην</span> <span class='ocrx_word' id='word_1_717' title='bbox 3273 2709 3352 2771; x_wconf 83' lang='grc' dir='ltr'>είς</span> <span class='ocrx_word' id='word_1_718' title='bbox 3380 2708 3542 2762; x_wconf 82' lang='grc' dir='ltr'>αὐτὸν</span> 
     </span>
    </p>
   </div>
   <div class='ocr_carea' id='block_1_98' title="bbox 1951 2785 3542 2858">
    <p class='ocr_par' dir='ltr' id='par_1_98' title="bbox 1951 2785 3542 2858">
     <span class='ocr_line' id='line_1_98' title="bbox 1951 2785 3542 2858; baseline 0.004 -20"><span class='ocrx_word' id='word_1_719' title='bbox 1951 2785 2188 2846; x_wconf 81' lang='grc' dir='ltr'>εὔνοιαν.</span> <span class='ocrx_word' id='word_1_720' title='bbox 2220 2788 2317 2840; x_wconf 79' lang='grc' dir='ltr'>καὶ</span> <span class='ocrx_word' id='word_1_721' title='bbox 2337 2787 2458 2840; x_wconf 88' lang='grc' dir='ltr'>τότε</span> <span class='ocrx_word' id='word_1_722' title='bbox 2483 2786 2581 2851; x_wconf 84' lang='grc' dir='ltr'>τὰς</span> <span class='ocrx_word' id='word_1_723' title='bbox 2606 2789 2686 2849; x_wconf 85' lang='grc' dir='ltr'>εἰς</span> <span class='ocrx_word' id='word_1_724' title='bbox 2714 2789 2842 2852; x_wconf 77' lang='grc' dir='ltr'>τοὺς</span> <span class='ocrx_word' id='word_1_725' title='bbox 2872 2789 3066 2852; x_wconf 88' lang='grc' dir='ltr'>παῖδας</span> <span class='ocrx_word' id='word_1_726' title='bbox 3099 2789 3350 2858; x_wconf 84' lang='grc' dir='ltr'>εὐλογίας</span> <span class='ocrx_word' id='word_1_727' title='bbox 3369 2795 3542 2844; x_wconf 90' lang='grc' dir='ltr'>ποιεῖ-</span> 
     </span>
    </p>
   </div>
   <div class='ocr_carea' id='block_1_99' title="bbox 1951 2869 3541 2940">
    <p class='ocr_par' dir='ltr' id='par_1_99' title="bbox 1951 2869 3541 2940">
     <span class='ocr_line' id='line_1_99' title="bbox 1951 2869 3541 2940; baseline 0.006 -23"><span class='ocrx_word' id='word_1_728' title='bbox 1951 2887 2062 2935; x_wconf 82' lang='grc' dir='ltr'>ται,</span> <span class='ocrx_word' id='word_1_729' title='bbox 2112 2869 2204 2922; x_wconf 87' lang='grc' dir='ltr'>καί</span> <span class='ocrx_word' id='word_1_730' title='bbox 2235 2887 2399 2940; x_wconf 77' lang='grc' dir='ltr'>φησιν</span> <span class='ocrx_word' id='word_1_731' title='bbox 2420 2885 2434 2901; x_wconf 85' lang='grc'>⁶</span> <span class='ocrx_word' id='word_1_732' title='bbox 2482 2871 2543 2924; x_wconf 86' lang='lat'>&#39;0</span> <span class='ocrx_word' id='word_1_733' title='bbox 2577 2872 2721 2936; x_wconf 86' lang='grc' dir='ltr'>Θεός</span> <span class='ocrx_word' id='word_1_734' title='bbox 2747 2889 2868 2940; x_wconf 80' lang='grc' dir='ltr'>μου</span> <span class='ocrx_word' id='word_1_735' title='bbox 2901 2871 3067 2940; x_wconf 65' lang='grc' dir='ltr'>ὤφθη</span> <span class='ocrx_word' id='word_1_736' title='bbox 3115 2889 3218 2940; x_wconf 81' lang='grc' dir='ltr'>μοι</span> <span class='ocrx_word' id='word_1_737' title='bbox 3257 2873 3325 2925; x_wconf 82' lang='grc' dir='ltr'>ἐν</span> <span class='ocrx_word' id='word_1_738' title='bbox 3349 2873 3541 2940; x_wconf 79' lang='grc' dir='ltr'>Λουζᾷ</span> 
     </span>
    </p>
   </div>
   <div class='ocr_carea' id='block_1_100' title="bbox 1949 2950 3537 3024">
    <p class='ocr_par' dir='ltr' id='par_1_100' title="bbox 1949 2950 3537 3024">
     <span class='ocr_line' id='line_1_100' title="bbox 1949 2950 3537 3024; baseline 0.001 -18"><span class='ocrx_word' id='word_1_739' title='bbox 1949 2955 2021 3006; x_wconf 85' lang='grc' dir='ltr'>ἐν</span> <span class='ocrx_word' id='word_1_740' title='bbox 2065 2951 2143 3022; x_wconf 73' lang='grc' dir='ltr'>τῇ</span> <span class='ocrx_word' id='word_1_741' title='bbox 2175 2954 2438 3022; x_wconf 80' lang='grc' dir='ltr'>Χαναὰν,</span> <span class='ocrx_word' id='word_1_742' title='bbox 2478 2957 2578 3008; x_wconf 78' lang='grc' dir='ltr'>καὶ</span> <span class='ocrx_word' id='word_1_743' title='bbox 2631 2953 2932 3024; x_wconf 78' lang='grc' dir='ltr'>εὐλόγησέ</span> <span class='ocrx_word' id='word_1_744' title='bbox 2953 2972 3051 3023; x_wconf 83' lang='grc' dir='ltr'>με,</span> <span class='ocrx_word' id='word_1_745' title='bbox 3098 2954 3196 3008; x_wconf 77' lang='grc' dir='ltr'>καί</span> <span class='ocrx_word' id='word_1_746' title='bbox 3237 2950 3364 3008; x_wconf 78' lang='grc' dir='ltr'>εἶπέ</span> <span class='ocrx_word' id='word_1_747' title='bbox 3393 2971 3537 3024; x_wconf 79' lang='grc' dir='ltr'>μοι’</span> 
     </span>
    </p>
   </div>
   <div class='ocr_carea' id='block_1_101' title="bbox 1965 3037 3539 3107">
    <p class='ocr_par' dir='ltr' id='par_1_101' title="bbox 1965 3037 3539 3107">
     <span class='ocr_line' id='line_1_101' title="bbox 1965 3037 3539 3107; baseline 0.001 -16"><span class='ocrx_word' id='word_1_748' title='bbox 1965 3037 2110 3107; x_wconf 71' lang='grc' dir='ltr'>Ἐγὼ</span> <span class='ocrx_word' id='word_1_749' title='bbox 2143 3037 2387 3101; x_wconf 76' lang='grc' dir='ltr'>αὑξανῶ</span> <span class='ocrx_word' id='word_1_750' title='bbox 2435 3056 2530 3104; x_wconf 85' lang='grc' dir='ltr'>σε,</span> <span class='ocrx_word' id='word_1_751' title='bbox 2580 3039 2678 3092; x_wconf 81' lang='grc' dir='ltr'>καί</span> <span class='ocrx_word' id='word_1_752' title='bbox 2711 3038 3000 3106; x_wconf 75' lang='grc' dir='ltr'>πληθυνῶ</span> <span class='ocrx_word' id='word_1_753' title='bbox 3032 3053 3128 3102; x_wconf 83' lang='grc' dir='ltr'>σε,</span> <span class='ocrx_word' id='word_1_754' title='bbox 3161 3037 3259 3091; x_wconf 78' lang='grc' dir='ltr'>καὶ</span> <span class='ocrx_word' id='word_1_755' title='bbox 3303 3038 3539 3105; x_wconf 68' lang='grc' dir='ltr'>ποιήσω</span> 
     </span>
    </p>
   </div>
   <div class='ocr_carea' id='block_1_102' title="bbox 1950 3121 3540 3192">
    <p class='ocr_par' dir='ltr' id='par_1_102' title="bbox 1950 3121 3540 3192">
     <span class='ocr_line' id='line_1_102' title="bbox 1950 3121 3540 3192; baseline 0.001 -16"><span class='ocrx_word' id='word_1_756' title='bbox 1950 3139 2025 3176; x_wconf 92' lang='grc' dir='ltr'>σε</span> <span class='ocrx_word' id='word_1_757' title='bbox 2055 3125 2143 3188; x_wconf 84' lang='grc' dir='ltr'>εἱς</span> <span class='ocrx_word' id='word_1_758' title='bbox 2171 3123 2526 3192; x_wconf 71' lang='grc' dir='ltr'>συναγωγὰς</span> <span class='ocrx_word' id='word_1_759' title='bbox 2553 3123 2766 3186; x_wconf 84' lang='grc' dir='ltr'>ἐθνῶν,</span> <span class='ocrx_word' id='word_1_760' title='bbox 2798 3125 2895 3178; x_wconf 77' lang='grc' dir='ltr'>καί</span> <span class='ocrx_word' id='word_1_761' title='bbox 2932 3121 3104 3176; x_wconf 87' lang='grc' dir='ltr'>δώσω</span> <span class='ocrx_word' id='word_1_762' title='bbox 3147 3139 3246 3176; x_wconf 91' lang='grc' dir='ltr'>σοι</span> <span class='ocrx_word' id='word_1_763' title='bbox 3277 3123 3389 3190; x_wconf 81' lang='grc' dir='ltr'>τὴν</span> <span class='ocrx_word' id='word_1_764' title='bbox 3429 3121 3540 3192; x_wconf 66' lang='grc' dir='ltr'>γῆν</span> 
     </span>
    </p>
   </div>
   <div class='ocr_carea' id='block_1_103' title="bbox 1950 3205 3541 3275">
    <p class='ocr_par' dir='ltr' id='par_1_103' title="bbox 1950 3205 3541 3275">
     <span class='ocr_line' id='line_1_103' title="bbox 1950 3205 3541 3275; baseline 0.001 -17"><span class='ocrx_word' id='word_1_765' title='bbox 1950 3207 2177 3270; x_wconf 82' lang='grc' dir='ltr'>ταύτην</span> <span class='ocrx_word' id='word_1_766' title='bbox 2225 3208 2322 3259; x_wconf 80' lang='grc' dir='ltr'>καὶ</span> <span class='ocrx_word' id='word_1_767' title='bbox 2351 3205 2432 3271; x_wconf 82' lang='grc' dir='ltr'>τῷ</span> <span class='ocrx_word' id='word_1_768' title='bbox 2457 3205 2754 3274; x_wconf 83' lang='grc' dir='ltr'>σπέρματί</span> <span class='ocrx_word' id='word_1_769' title='bbox 2781 3223 2898 3260; x_wconf 75' lang='grc' dir='ltr'>σου</span> <span class='ocrx_word' id='word_1_770' title='bbox 2924 3205 3075 3275; x_wconf 81' lang='grc' dir='ltr'>μετὰ</span> <span class='ocrx_word' id='word_1_771' title='bbox 3116 3206 3192 3258; x_wconf 84' lang='grc' dir='ltr'>σὲ</span> <span class='ocrx_word' id='word_1_772' title='bbox 3227 3209 3316 3270; x_wconf 84' lang='grc' dir='ltr'>είς</span> <span class='ocrx_word' id='word_1_773' title='bbox 3360 3206 3541 3260; x_wconf 82' lang='grc' dir='ltr'>κατά·</span> 
     </span>
    </p>
   </div>
   <div class='ocr_carea' id='block_1_104' title="bbox 1950 3288 3536 3360">
    <p class='ocr_par' dir='ltr' id='par_1_104' title="bbox 1950 3288 3536 3360">
     <span class='ocr_line' id='line_1_104' title="bbox 1950 3288 3536 3360; baseline 0 -18"><span class='ocrx_word' id='word_1_774' title='bbox 1950 3305 2174 3357; x_wconf 86' lang='grc' dir='ltr'>σχεσιν</span> <span class='ocrx_word' id='word_1_775' title='bbox 2210 3288 2471 3344; x_wconf 72' lang='grc' dir='ltr'>αἰώνιον.</span> <span class='ocrx_word' id='word_1_776' title='bbox 2526 3288 2892 3360; x_wconf 85' lang='grc' dir='ltr'>Ἐπήγγελταί</span> <span class='ocrx_word' id='word_1_777' title='bbox 2934 3306 3045 3360; x_wconf 89' lang='grc' dir='ltr'>μοι,</span> <span class='ocrx_word' id='word_1_778' title='bbox 3077 3288 3242 3360; x_wconf 78' lang='grc' dir='ltr'>φησὶν</span> <span class='ocrx_word' id='word_1_779' title='bbox 3262 3328 3276 3354; x_wconf 91' lang='grc'>,</span> <span class='ocrx_word' id='word_1_780' title='bbox 3309 3291 3336 3342; x_wconf 87' lang='lat'>6</span> <span class='ocrx_word' id='word_1_781' title='bbox 3361 3288 3494 3354; x_wconf 84' lang='grc' dir='ltr'>Θεὸς</span> <span class='ocrx_word' id='word_1_782' title='bbox 3519 3327 3536 3352; x_wconf 97' lang='grc'>,</span> 
     </span>
    </p>
   </div>
   <div class='ocr_carea' id='block_1_105' title="bbox 1951 3372 3539 3446">
    <p class='ocr_par' dir='ltr' id='par_1_105' title="bbox 1951 3372 3539 3446">
     <span class='ocr_line' id='line_1_105' title="bbox 1951 3372 3539 3446; baseline 0.001 -20"><span class='ocrx_word' id='word_1_783' title='bbox 1951 3375 2115 3446; x_wconf 85' lang='grc' dir='ltr'>ήνίκα</span> <span class='ocrx_word' id='word_1_784' title='bbox 2147 3377 2205 3429; x_wconf 84' lang='grc' dir='ltr'>ἐν</span> <span class='ocrx_word' id='word_1_785' title='bbox 2234 3374 2414 3446; x_wconf 78' lang='grc' dir='ltr'>Λουζᾷ</span> <span class='ocrx_word' id='word_1_786' title='bbox 2436 3373 2592 3443; x_wconf 75' lang='grc' dir='ltr'>ὤφθη</span> <span class='ocrx_word' id='word_1_787' title='bbox 2639 3391 2750 3443; x_wconf 89' lang='grc' dir='ltr'>μοι,</span> <span class='ocrx_word' id='word_1_788' title='bbox 2782 3373 3033 3427; x_wconf 84' lang='grc' dir='ltr'>τοσοῦτον</span> <span class='ocrx_word' id='word_1_789' title='bbox 3060 3372 3330 3445; x_wconf 83' lang='grc' dir='ltr'>πληθῦναί</span> <span class='ocrx_word' id='word_1_790' title='bbox 3359 3391 3449 3445; x_wconf 93' lang='grc' dir='ltr'>μοι</span> <span class='ocrx_word' id='word_1_791' title='bbox 3478 3375 3539 3427; x_wconf 82' lang='grc' dir='ltr'>τὸ</span> 
     </span>
    </p>
   </div>
   <div class='ocr_carea' id='block_1_106' title="bbox 1953 3456 3538 3530">
    <p class='ocr_par' dir='ltr' id='par_1_106' title="bbox 1953 3456 3538 3530">
     <span class='ocr_line' id='line_1_106' title="bbox 1953 3456 3538 3530; baseline 0.001 -19"><span class='ocrx_word' id='word_1_792' title='bbox 1953 3459 2195 3530; x_wconf 76' lang='grc' dir='ltr'>σπέρμα,</span> <span class='ocrx_word' id='word_1_793' title='bbox 2227 3458 2302 3520; x_wconf 86' lang='grc' dir='ltr'>ὡς</span> <span class='ocrx_word' id='word_1_794' title='bbox 2333 3456 2656 3524; x_wconf 78' lang='grc' dir='ltr'>συναγωγὰς</span> <span class='ocrx_word' id='word_1_795' title='bbox 2680 3456 2850 3509; x_wconf 78' lang='grc' dir='ltr'>ἐθνῶν</span> <span class='ocrx_word' id='word_1_796' title='bbox 2875 3457 3128 3524; x_wconf 83' lang='grc' dir='ltr'>γενέσθαι</span> <span class='ocrx_word' id='word_1_797' title='bbox 3148 3456 3205 3522; x_wconf 81' lang='grc' dir='ltr'>ἐξ</span> <span class='ocrx_word' id='word_1_798' title='bbox 3223 3458 3408 3520; x_wconf 84' lang='grc' dir='ltr'>αὑτοῦ,</span> <span class='ocrx_word' id='word_1_799' title='bbox 3441 3459 3538 3512; x_wconf 73' lang='grc' dir='ltr'>καὶ</span> 
     </span>
    </p>
   </div>
   <div class='ocr_carea' id='block_1_107' title="bbox 1948 3539 3538 3612">
    <p class='ocr_par' dir='ltr' id='par_1_107' title="bbox 1948 3539 3538 3612">
     <span class='ocr_line' id='line_1_107' title="bbox 1948 3539 3538 3612; baseline 0.001 -19"><span class='ocrx_word' id='word_1_800' title='bbox 1948 3540 2046 3612; x_wconf 84' lang='grc' dir='ltr'>τὴν</span> <span class='ocrx_word' id='word_1_801' title='bbox 2085 3543 2188 3610; x_wconf 80' lang='grc' dir='ltr'>γῆν</span> <span class='ocrx_word' id='word_1_802' title='bbox 2220 3540 2276 3592; x_wconf 82' lang='grc' dir='ltr'>δέ</span> <span class='ocrx_word' id='word_1_803' title='bbox 2307 3539 2510 3608; x_wconf 85' lang='grc' dir='ltr'>ταύτην</span> <span class='ocrx_word' id='word_1_804' title='bbox 2542 3540 2666 3608; x_wconf 81' lang='grc' dir='ltr'>ἐμοὶ</span> <span class='ocrx_word' id='word_1_805' title='bbox 2693 3540 2786 3592; x_wconf 76' lang='grc' dir='ltr'>καὶ</span> <span class='ocrx_word' id='word_1_806' title='bbox 2811 3539 2888 3610; x_wconf 82' lang='grc' dir='ltr'>τῷ</span> <span class='ocrx_word' id='word_1_807' title='bbox 2912 3540 3185 3611; x_wconf 88' lang='grc' dir='ltr'>σπέρματί</span> <span class='ocrx_word' id='word_1_808' title='bbox 3222 3558 3322 3611; x_wconf 92' lang='grc' dir='ltr'>μου</span> <span class='ocrx_word' id='word_1_809' title='bbox 3344 3540 3538 3595; x_wconf 81' lang='grc' dir='ltr'>δώσειν</span> 
     </span>
    </p>
   </div>
   <div class='ocr_carea' id='block_1_108' title="bbox 1950 3618 3535 3694">
    <p class='ocr_par' dir='ltr' id='par_1_108' title="bbox 1950 3618 3535 3694">
     <span class='ocr_line' id='line_1_108' title="bbox 1950 3618 3535 3694; baseline 0.001 -18"><span class='ocrx_word' id='word_1_810' title='bbox 1950 3625 2239 3694; x_wconf 84' lang='grc' dir='ltr'>ὑπέσχετο.</span> <span class='ocrx_word' id='word_1_811' title='bbox 2269 3624 2400 3677; x_wconf 77' lang='grc' dir='ltr'>Νῦν</span> <span class='ocrx_word' id='word_1_812' title='bbox 2435 3618 2603 3676; x_wconf 84' lang='grc' dir='ltr'>οὗτοι</span> <span class='ocrx_word' id='word_1_813' title='bbox 2635 3625 2691 3675; x_wconf 86' lang='grc' dir='ltr'>οἱ</span> <span class='ocrx_word' id='word_1_814' title='bbox 2721 3622 2830 3676; x_wconf 84' lang='grc' dir='ltr'>δύο</span> <span class='ocrx_word' id='word_1_815' title='bbox 2862 3625 2980 3676; x_wconf 82' lang='grc' dir='ltr'>υἱοί</span> <span class='ocrx_word' id='word_1_816' title='bbox 3024 3639 3162 3686; x_wconf 88' lang='grc' dir='ltr'>σου,</span> <span class='ocrx_word' id='word_1_817' title='bbox 3193 3627 3247 3677; x_wconf 86' lang='lat' dir='ltr'><strong><em>ol</em></strong></span> <span class='ocrx_word' id='word_1_818' title='bbox 3289 3625 3535 3694; x_wconf 78' lang='grc' dir='ltr'>γενόμε-</span> 
     </span>
    </p>
   </div>
   <div class='ocr_carea' id='block_1_109' title="bbox 1947 3707 3533 3776">
    <p class='ocr_par' dir='ltr' id='par_1_109' title="bbox 1947 3707 3533 3776">
     <span class='ocr_line' id='line_1_109' title="bbox 1947 3707 3533 3776; baseline 0 -13"><span class='ocrx_word' id='word_1_819' title='bbox 1947 3710 2044 3764; x_wconf 89' lang='grc' dir='ltr'>νοί</span> <span class='ocrx_word' id='word_1_820' title='bbox 2080 3725 2178 3761; x_wconf 90' lang='grc' dir='ltr'>σοι</span> <span class='ocrx_word' id='word_1_821' title='bbox 2235 3709 2305 3760; x_wconf 83' lang='grc' dir='ltr'>ἐν</span> <span class='ocrx_word' id='word_1_822' title='bbox 2351 3708 2660 3776; x_wconf 80' lang='grc' dir='ltr'>Αἰγύπτῳ,</span> <span class='ocrx_word' id='word_1_823' title='bbox 2715 3707 2848 3774; x_wconf 83' lang='grc' dir='ltr'>ἐμοί</span> <span class='ocrx_word' id='word_1_824' title='bbox 2900 3707 3093 3759; x_wconf 76' lang='grc' dir='ltr'>εἰσιν·</span> <span class='ocrx_word' id='word_1_825' title='bbox 3153 3707 3398 3776; x_wconf 68' lang='grc' dir='ltr'>Ἐφραῒμ</span> <span class='ocrx_word' id='word_1_826' title='bbox 3434 3709 3533 3763; x_wconf 75' lang='grc' dir='ltr'>καί</span> 
     </span>
    </p>
   </div>
   <div class='ocr_carea' id='block_1_110' title="bbox 1947 3787 3530 3860">
    <p class='ocr_par' dir='ltr' id='par_1_110' title="bbox 1947 3787 3530 3860">
     <span class='ocr_line' id='line_1_110' title="bbox 1947 3787 3530 3860; baseline 0 -14"><span class='ocrx_word' id='word_1_827' title='bbox 1947 3789 2309 3860; x_wconf 78' lang='grc' dir='ltr'>Μανασσῆς,</span> <span class='ocrx_word' id='word_1_828' title='bbox 2340 3790 2420 3856; x_wconf 87' lang='grc' dir='ltr'>ὠς</span> <span class='ocrx_word' id='word_1_829' title='bbox 2457 3787 2716 3856; x_wconf 83' lang='grc' dir='ltr'>Ῥουϐὴν</span> <span class='ocrx_word' id='word_1_830' title='bbox 2737 3788 2834 3840; x_wconf 79' lang='grc' dir='ltr'>καὶ</span> <span class='ocrx_word' id='word_1_831' title='bbox 2854 3788 3118 3857; x_wconf 81' lang='grc' dir='ltr'>Συμεὼν,</span> <span class='ocrx_word' id='word_1_832' title='bbox 3141 3789 3388 3844; x_wconf 78' lang='grc' dir='ltr'>ἔσονταί</span> <span class='ocrx_word' id='word_1_833' title='bbox 3409 3809 3530 3860; x_wconf 78' lang='grc' dir='ltr'>μοι.</span> 
     </span>
    </p>
   </div>
   <div class='ocr_carea' id='block_1_111' title="bbox 1947 3870 3533 3944">
    <p class='ocr_par' dir='ltr' id='par_1_111' title="bbox 1947 3870 3533 3944">
     <span class='ocr_line' id='line_1_111' title="bbox 1947 3870 3533 3944; baseline 0 -19"><span class='ocrx_word' id='word_1_834' title='bbox 1947 3873 2204 3935; x_wconf 84' lang='grc' dir='ltr'>Τούτους.</span> <span class='ocrx_word' id='word_1_835' title='bbox 2260 3875 2446 3942; x_wconf 72' lang='grc' dir='ltr'>φησὶν,</span> <span class='ocrx_word' id='word_1_836' title='bbox 2477 3871 2572 3935; x_wconf 85' lang='grc' dir='ltr'>οὓς</span> <span class='ocrx_word' id='word_1_837' title='bbox 2604 3870 2764 3941; x_wconf 73' lang='grc' dir='ltr'>ἔσχες</span> <span class='ocrx_word' id='word_1_838' title='bbox 2795 3871 2902 3941; x_wconf 86' lang='grc' dir='ltr'>πρὸ</span> <span class='ocrx_word' id='word_1_839' title='bbox 2933 3874 3032 3941; x_wconf 85' lang='grc' dir='ltr'>τῆς</span> <span class='ocrx_word' id='word_1_840' title='bbox 3080 3873 3384 3942; x_wconf 77' lang='grc' dir='ltr'>παρουσίας</span> <span class='ocrx_word' id='word_1_841' title='bbox 3432 3873 3533 3944; x_wconf 87' lang='grc' dir='ltr'>τῆς</span> 
     </span>
    </p>
   </div>
   <div class='ocr_carea' id='block_1_112' title="bbox 1945 3955 3531 4028">
    <p class='ocr_par' dir='ltr' id='par_1_112' title="bbox 1945 3955 3531 4028">
     <span class='ocr_line' id='line_1_112' title="bbox 1945 3955 3531 4028; baseline -0.002 -18"><span class='ocrx_word' id='word_1_842' title='bbox 1945 3959 2108 4028; x_wconf 79' lang='grc' dir='ltr'>ἐμῆς,</span> <span class='ocrx_word' id='word_1_843' title='bbox 2163 3955 2276 4024; x_wconf 83' lang='grc' dir='ltr'>ἐγὼ</span> <span class='ocrx_word' id='word_1_844' title='bbox 2325 3957 2405 4018; x_wconf 85' lang='grc' dir='ltr'>εἰς</span> <span class='ocrx_word' id='word_1_845' title='bbox 2436 3956 2528 4009; x_wconf 80' lang='grc' dir='ltr'>τὸν</span> <span class='ocrx_word' id='word_1_846' title='bbox 2558 3956 2666 4008; x_wconf 88' lang='grc' dir='ltr'>τῶν</span> <span class='ocrx_word' id='word_1_847' title='bbox 2710 3955 2860 4026; x_wconf 82' lang='grc' dir='ltr'>ἐμῶν</span> <span class='ocrx_word' id='word_1_848' title='bbox 2894 3955 3098 4008; x_wconf 84' lang='grc' dir='ltr'>τέκνων</span> <span class='ocrx_word' id='word_1_849' title='bbox 3147 3955 3379 4027; x_wconf 73' lang='grc' dir='ltr'>ἀριθμὸν</span> <span class='ocrx_word' id='word_1_850' title='bbox 3417 3958 3531 4008; x_wconf 84' lang='grc' dir='ltr'>είσ-</span> 
     </span>
    </p>
   </div>
   <div class='ocr_carea' id='block_1_113' title="bbox 1943 4039 3531 4111">
    <p class='ocr_par' dir='ltr' id='par_1_113' title="bbox 1943 4039 3531 4111">
     <span class='ocr_line' id='line_1_113' title="bbox 1943 4039 3531 4111; baseline -0.001 -18"><span class='ocrx_word' id='word_1_851' title='bbox 1943 4041 2225 4111; x_wconf 87' lang='grc' dir='ltr'>ποιοῦμαι,</span> <span class='ocrx_word' id='word_1_852' title='bbox 2251 4041 2344 4092; x_wconf 78' lang='grc' dir='ltr'>καὶ</span> <span class='ocrx_word' id='word_1_853' title='bbox 2391 4039 2590 4111; x_wconf 86' lang='grc' dir='ltr'>ὁμοίως</span> <span class='ocrx_word' id='word_1_854' title='bbox 2617 4042 2729 4102; x_wconf 89' lang='grc' dir='ltr'>τοῖς</span> <span class='ocrx_word' id='word_1_855' title='bbox 2763 4039 2821 4103; x_wconf 79' lang='grc' dir='ltr'>ἐξ</span> <span class='ocrx_word' id='word_1_856' title='bbox 2848 4039 2980 4108; x_wconf 87' lang='grc' dir='ltr'>ἐμοῦ</span> <span class='ocrx_word' id='word_1_857' title='bbox 3017 4042 3254 4110; x_wconf 87' lang='grc' dir='ltr'>τεχθεῖσι</span> <span class='ocrx_word' id='word_1_858' title='bbox 3281 4040 3381 4110; x_wconf 76' lang='grc' dir='ltr'>τῆς</span> <span class='ocrx_word' id='word_1_859' title='bbox 3398 4043 3531 4110; x_wconf 84' lang='grc' dir='ltr'>παρ’</span> 
     </span>
    </p>
   </div>
   <div class='ocr_carea' id='block_1_114' title="bbox 1942 4123 3531 4196">
    <p class='ocr_par' dir='ltr' id='par_1_114' title="bbox 1942 4123 3531 4196">
     <span class='ocr_line' id='line_1_114' title="bbox 1942 4123 3531 4196; baseline 0.001 -19"><span class='ocrx_word' id='word_1_860' title='bbox 1942 4125 2078 4196; x_wconf 84' lang='grc' dir='ltr'>ἐμοῦ</span> <span class='ocrx_word' id='word_1_861' title='bbox 2125 4125 2377 4192; x_wconf 78' lang='grc' dir='ltr'>εὐλογίας</span> <span class='ocrx_word' id='word_1_862' title='bbox 2435 4123 2824 4178; x_wconf 83' lang='grc' dir='ltr'>ἀπολαύσουσι.</span> <span class='ocrx_word' id='word_1_863' title='bbox 2898 4125 2974 4178; x_wconf 82' lang='grc' dir='ltr'>Τὰ</span> <span class='ocrx_word' id='word_1_864' title='bbox 3027 4123 3095 4176; x_wconf 82' lang='grc' dir='ltr'>δὲ</span> <span class='ocrx_word' id='word_1_865' title='bbox 3136 4128 3223 4190; x_wconf 80' lang='grc' dir='ltr'>εἰς</span> <span class='ocrx_word' id='word_1_866' title='bbox 3257 4124 3324 4177; x_wconf 84' lang='grc' dir='ltr'>τὸ</span> <span class='ocrx_word' id='word_1_867' title='bbox 3381 4125 3531 4194; x_wconf 80' lang='grc' dir='ltr'>ἑξῆς</span> 
     </span>
    </p>
   </div>
   <div class='ocr_carea' id='block_1_115' title="bbox 1939 4207 3530 4278">
    <p class='ocr_par' dir='ltr' id='par_1_115' title="bbox 1939 4207 3530 4278">
     <span class='ocr_line' id='line_1_115' title="bbox 1939 4207 3530 4278; baseline 0 -16"><span class='ocrx_word' id='word_1_868' title='bbox 1939 4210 2181 4277; x_wconf 68' lang='grc' dir='ltr'>ἔκγονα,</span> <span class='ocrx_word' id='word_1_869' title='bbox 2213 4208 2331 4262; x_wconf 86' lang='grc' dir='ltr'>ὅσα</span> <span class='ocrx_word' id='word_1_870' title='bbox 2362 4207 2440 4262; x_wconf 84' lang='grc' dir='ltr'>ἂν</span> <span class='ocrx_word' id='word_1_871' title='bbox 2461 4207 2766 4278; x_wconf 73' lang='grc' dir='ltr'>γεννήσῃς</span> <span class='ocrx_word' id='word_1_872' title='bbox 2793 4208 2947 4276; x_wconf 82' lang='grc' dir='ltr'>μετά</span> <span class='ocrx_word' id='word_1_873' title='bbox 2987 4208 3194 4270; x_wconf 83' lang='grc' dir='ltr'>ταῦτα,</span> <span class='ocrx_word' id='word_1_874' title='bbox 3222 4209 3320 4262; x_wconf 79' lang='grc' dir='ltr'>σοὶ</span> <span class='ocrx_word' id='word_1_875' title='bbox 3348 4208 3530 4262; x_wconf 77' lang='grc' dir='ltr'>ἔσον-</span> 
     </span>
    </p>
   </div>
   <div class='ocr_carea' id='block_1_116' title="bbox 1941 4289 3530 4362">
    <p class='ocr_par' dir='ltr' id='par_1_116' title="bbox 1941 4289 3530 4362">
     <span class='ocr_line' id='line_1_116' title="bbox 1941 4289 3530 4362; baseline 0.001 -18"><span class='ocrx_word' id='word_1_876' title='bbox 1941 4309 2036 4345; x_wconf 79' lang='grc' dir='ltr'>ται</span> <span class='ocrx_word' id='word_1_877' title='bbox 2059 4307 2073 4322; x_wconf 78' lang='grc'><strong><em>⁸</em></strong></span> <span class='ocrx_word' id='word_1_878' title='bbox 2115 4292 2216 4346; x_wconf 82' lang='grc' dir='ltr'>ἐπὶ.</span> <span class='ocrx_word' id='word_1_879' title='bbox 2271 4291 2350 4356; x_wconf 86' lang='grc' dir='ltr'>τῷ</span> <span class='ocrx_word' id='word_1_880' title='bbox 2392 4293 2638 4361; x_wconf 81' lang='grc' dir='ltr'>ὀνόματι</span> <span class='ocrx_word' id='word_1_881' title='bbox 2671 4291 2791 4345; x_wconf 83' lang='grc' dir='ltr'>τῶν</span> <span class='ocrx_word' id='word_1_882' title='bbox 2821 4291 3101 4362; x_wconf 75' lang='grc' dir='ltr'>ἀδελφῶν</span> <span class='ocrx_word' id='word_1_883' title='bbox 3149 4289 3351 4346; x_wconf 82' lang='grc' dir='ltr'>αὐτῶν</span> <span class='ocrx_word' id='word_1_884' title='bbox 3379 4296 3530 4361; x_wconf 84' lang='grc' dir='ltr'>κλη-</span> 
     </span>
    </p>
   </div>
   <div class='ocr_carea' id='block_1_117' title="bbox 1940 4375 3528 4444">
    <p class='ocr_par' dir='ltr' id='par_1_117' title="bbox 1940 4375 3528 4444">
     <span class='ocr_line' id='line_1_117' title="bbox 1940 4375 3528 4444; baseline -0.001 -13"><span class='ocrx_word' id='word_1_885' title='bbox 1940 4375 2231 4442; x_wconf 82' lang='grc' dir='ltr'>θήσονται</span> <span class='ocrx_word' id='word_1_886' title='bbox 2269 4377 2341 4430; x_wconf 80' lang='grc' dir='ltr'>ἐν</span> <span class='ocrx_word' id='word_1_887' title='bbox 2380 4376 2505 4443; x_wconf 85' lang='grc' dir='ltr'>τοῖς</span> <span class='ocrx_word' id='word_1_888' title='bbox 2545 4377 2795 4430; x_wconf 77' lang='grc' dir='ltr'>ἐκείνων</span> <span class='ocrx_word' id='word_1_889' title='bbox 2836 4375 3103 4444; x_wconf 80' lang='grc' dir='ltr'>κλήροις.</span> <span class='ocrx_word' id='word_1_890' title='bbox 3143 4377 3288 4429; x_wconf 86' lang='grc' dir='ltr'>Ἵσθι</span> <span class='ocrx_word' id='word_1_891' title='bbox 3329 4375 3397 4429; x_wconf 78' lang='grc' dir='ltr'>δὲ</span> <span class='ocrx_word' id='word_1_892' title='bbox 3437 4376 3528 4430; x_wconf 83' lang='grc' dir='ltr'>ὅτι</span> 
     </span>
    </p>
   </div>
   <div class='ocr_carea' id='block_1_118' title="bbox 1938 4460 3530 4530">
    <p class='ocr_par' dir='ltr' id='par_1_118' title="bbox 1938 4460 3530 4530">
     <span class='ocr_line' id='line_1_118' title="bbox 1938 4460 3530 4530; baseline 0 -16"><span class='ocrx_word' id='word_1_893' title='bbox 1938 4461 2039 4514; x_wconf 81' lang='grc' dir='ltr'>καὶ</span> <span class='ocrx_word' id='word_1_894' title='bbox 2077 4461 2129 4528; x_wconf 72' lang='grc' dir='ltr'>η¹</span> <span class='ocrx_word' id='word_1_895' title='bbox 2146 4460 2344 4530; x_wconf 82' lang='grc' dir='ltr'>μήτηρ</span> <span class='ocrx_word' id='word_1_896' title='bbox 2385 4477 2503 4516; x_wconf 92' lang='grc' dir='ltr'>σου</span> <span class='ocrx_word' id='word_1_897' title='bbox 2544 4461 2794 4530; x_wconf 80' lang='grc' dir='ltr'>Ῥαχὴλ,</span> <span class='ocrx_word' id='word_1_898' title='bbox 2830 4460 3010 4527; x_wconf 75' lang='grc' dir='ltr'>ἡνίκα</span> <span class='ocrx_word' id='word_1_899' title='bbox 3033 4461 3256 4530; x_wconf 65' lang='grc' dir='ltr'>ἥγνισα</span> <span class='ocrx_word' id='word_1_900' title='bbox 3289 4463 3377 4527; x_wconf 82' lang='grc' dir='ltr'>είς</span> <span class='ocrx_word' id='word_1_901' title='bbox 3410 4460 3530 4528; x_wconf 75' lang='grc' dir='ltr'>τὴν</span> 
     </span>
    </p>
   </div>
   <div class='ocr_carea' id='block_1_119' title="bbox 1937 4543 3526 4615">
    <p class='ocr_par' dir='ltr' id='par_1_119' title="bbox 1937 4543 3526 4615">
     <span class='ocr_line' id='line_1_119' title="bbox 1937 4543 3526 4615; baseline -0.001 -16"><span class='ocrx_word' id='word_1_902' title='bbox 1937 4546 2228 4615; x_wconf 78' lang='grc' dir='ltr'>Βηθλεὲμ,</span> <span class='ocrx_word' id='word_1_903' title='bbox 2260 4546 2544 4609; x_wconf 84' lang='grc' dir='ltr'>ἀπέθανε,</span> <span class='ocrx_word' id='word_1_904' title='bbox 2605 4545 2705 4598; x_wconf 77' lang='grc' dir='ltr'>καὶ</span> <span class='ocrx_word' id='word_1_905' title='bbox 2756 4543 3070 4612; x_wconf 76' lang='grc' dir='ltr'>κατώρυξα</span> <span class='ocrx_word' id='word_1_906' title='bbox 3117 4543 3312 4611; x_wconf 77' lang='grc' dir='ltr'>αὐτὴν</span> <span class='ocrx_word' id='word_1_907' title='bbox 3341 4546 3412 4597; x_wconf 83' lang='grc' dir='ltr'>ἐν</span> <span class='ocrx_word' id='word_1_908' title='bbox 3448 4544 3526 4613; x_wconf 75' lang='grc' dir='ltr'>τῇ</span> 
     </span>
    </p>
   </div>
   <div class='ocr_carea' id='block_1_120' title="bbox 1937 4626 3522 4697">
    <p class='ocr_par' dir='ltr' id='par_1_120' title="bbox 1937 4626 3522 4697">
     <span class='ocr_line' id='line_1_120' title="bbox 1937 4626 3522 4697; baseline -0.003 -15"><span class='ocrx_word' id='word_1_909' title='bbox 1937 4627 2056 4694; x_wconf 82' lang='grc' dir='ltr'>ὀδῷ</span> <span class='ocrx_word' id='word_1_910' title='bbox 2079 4629 2185 4683; x_wconf 82' lang='grc' dir='ltr'>τοῦ</span> <span class='ocrx_word' id='word_1_911' title='bbox 2218 4628 2632 4697; x_wconf 82' lang='grc' dir='ltr'>Ἱπποδρόμου.</span> <span class='ocrx_word' id='word_1_912' title='bbox 2648 4629 2752 4682; x_wconf 82' lang='grc' dir='ltr'>Καὶ</span> <span class='ocrx_word' id='word_1_913' title='bbox 2774 4627 2916 4680; x_wconf 86' lang='grc' dir='ltr'>ίδὼν</span> <span class='ocrx_word' id='word_1_914' title='bbox 2933 4626 3076 4693; x_wconf 85' lang='grc' dir='ltr'>τοὺς</span> <span class='ocrx_word' id='word_1_915' title='bbox 3095 4627 3264 4693; x_wconf 74' lang='grc' dir='ltr'>υἱοὺς</span> <span class='ocrx_word' id='word_1_916' title='bbox 3285 4626 3522 4696; x_wconf 74' lang='grc' dir='ltr'>Ἰωσὴφ.</span> 
     </span>
    </p>
   </div>
   <div class='ocr_carea' id='block_1_121' title="bbox 1935 4706 3522 4778">
    <p class='ocr_par' dir='ltr' id='par_1_121' title="bbox 1935 4706 3522 4778">
     <span class='ocr_line' id='line_1_121' title="bbox 1935 4706 3522 4778; baseline -0.002 -13"><span class='ocrx_word' id='word_1_917' title='bbox 1935 4709 2100 4766; x_wconf 83' lang='grc' dir='ltr'>εἷπε·</span> <span class='ocrx_word' id='word_1_918' title='bbox 2137 4712 2303 4778; x_wconf 83' lang='grc' dir='ltr'>Τίνες</span> <span class='ocrx_word' id='word_1_919' title='bbox 2331 4726 2429 4765; x_wconf 85' lang='grc' dir='ltr'>σοι</span> <span class='ocrx_word' id='word_1_920' title='bbox 2455 4708 2656 4775; x_wconf 82' lang='grc' dir='ltr'>οὗτοι;</span> <span class='ocrx_word' id='word_1_921' title='bbox 2699 4711 2808 4764; x_wconf 74' lang='grc' dir='ltr'>Καὶ</span> <span class='ocrx_word' id='word_1_922' title='bbox 2842 4706 3044 4764; x_wconf 81' lang='grc' dir='ltr'>εἶπεν·</span> <span class='ocrx_word' id='word_1_923' title='bbox 3080 4710 3200 4763; x_wconf 80' lang='grc' dir='ltr'>Υίοί</span> <span class='ocrx_word' id='word_1_924' title='bbox 3233 4727 3366 4775; x_wconf 72' lang='grc' dir='ltr'>μου,</span> <span class='ocrx_word' id='word_1_925' title='bbox 3412 4710 3522 4775; x_wconf 84' lang='grc' dir='ltr'>οὓς</span> 
     </span>
    </p>
   </div>
   <div class='ocr_carea' id='block_1_122' title="bbox 1935 4784 3523 4858">
    <p class='ocr_par' dir='ltr' id='par_1_122' title="bbox 1935 4784 3523 4858">
     <span class='ocr_line' id='line_1_122' title="bbox 1935 4784 3523 4858; baseline -0.003 -16"><span class='ocrx_word' id='word_1_926' title='bbox 1935 4790 2123 4843; x_wconf 79' lang='grc' dir='ltr'>ἐδωκέ</span> <span class='ocrx_word' id='word_1_927' title='bbox 2149 4808 2250 4858; x_wconf 85' lang='grc' dir='ltr'>μοι</span> <span class='ocrx_word' id='word_1_928' title='bbox 2276 4794 2310 4844; x_wconf 85' lang='grc' dir='ltr'>ό</span> <span class='ocrx_word' id='word_1_929' title='bbox 2341 4791 2506 4854; x_wconf 87' lang='grc' dir='ltr'>Θεός.</span> <span class='ocrx_word' id='word_1_930' title='bbox 2553 4790 2661 4843; x_wconf 89' lang='lat' dir='ltr'>Kal</span> <span class='ocrx_word' id='word_1_931' title='bbox 2693 4784 2864 4841; x_wconf 82' lang='grc' dir='ltr'>εἶπεν</span> <span class='ocrx_word' id='word_1_932' title='bbox 2910 4786 3110 4841; x_wconf 83' lang='grc' dir='ltr'>Ἰακώϐ</span> <span class='ocrx_word' id='word_1_933' title='bbox 3126 4801 3139 4814; x_wconf 86' lang='grc'><strong>·</strong></span> <span class='ocrx_word' id='word_1_934' title='bbox 3172 4785 3523 4855; x_wconf 70' lang='grc' dir='ltr'>Προσάγαγέ</span> 
     </span>
    </p>
   </div>
   <div class='ocr_carea' id='block_1_123' title="bbox 1928 4865 3523 4938">
    <p class='ocr_par' dir='ltr' id='par_1_123' title="bbox 1928 4865 3523 4938">
     <span class='ocr_line' id='line_1_123' title="bbox 1928 4865 3523 4938; baseline -0.003 -16"><span class='ocrx_word' id='word_1_935' title='bbox 1928 4887 2030 4938; x_wconf 83' lang='grc' dir='ltr'>μοι</span> <span class='ocrx_word' id='word_1_936' title='bbox 2064 4868 2306 4933; x_wconf 80' lang='grc' dir='ltr'>αὐτοὺς,</span> <span class='ocrx_word' id='word_1_937' title='bbox 2356 4868 2456 4920; x_wconf 82' lang='grc' dir='ltr'>ἵνα</span> <span class='ocrx_word' id='word_1_938' title='bbox 2485 4866 2802 4936; x_wconf 73' lang='grc' dir='ltr'>εὐλογήσω</span> <span class='ocrx_word' id='word_1_939' title='bbox 2834 4867 3076 4930; x_wconf 86' lang='grc' dir='ltr'>αὐτούς.</span> <span class='ocrx_word' id='word_1_940' title='bbox 3115 4865 3224 4919; x_wconf 81' lang='grc' dir='ltr'>Καὶ</span> <span class='ocrx_word' id='word_1_941' title='bbox 3267 4865 3523 4934; x_wconf 72' lang='grc' dir='ltr'>ἤγγισεν</span> 
     </span>
    </p>
   </div>
   <div class='ocr_carea' id='block_1_124' title="bbox 1933 4941 3524 5013">
    <p class='ocr_par' dir='ltr' id='par_1_124' title="bbox 1933 4941 3524 5013">
     <span class='ocr_line' id='line_1_124' title="bbox 1933 4941 3524 5013; baseline -0.003 -11"><span class='ocrx_word' id='word_1_942' title='bbox 1933 4947 2156 5012; x_wconf 83' lang='grc' dir='ltr'>αὐτοὺς</span> <span class='ocrx_word' id='word_1_943' title='bbox 2203 4947 2353 5013; x_wconf 80' lang='grc' dir='ltr'>πρὸς</span> <span class='ocrx_word' id='word_1_944' title='bbox 2397 4948 2603 5000; x_wconf 86' lang='grc' dir='ltr'>αὐτόν.</span> <span class='ocrx_word' id='word_1_945' title='bbox 2651 4945 2763 4999; x_wconf 88' lang='lat' dir='ltr'>Kal</span> <span class='ocrx_word' id='word_1_946' title='bbox 2804 4945 3100 5013; x_wconf 69' lang='grc' dir='ltr'>ἐφίλησεν</span> <span class='ocrx_word' id='word_1_947' title='bbox 3138 4943 3381 5008; x_wconf 86' lang='grc' dir='ltr'>αὐτοὺς,</span> <span class='ocrx_word' id='word_1_948' title='bbox 3420 4941 3524 4998; x_wconf 64' lang='grc' dir='ltr'>καὶ</span> 
     </span>
    </p>
   </div>
   <div class='ocr_carea' id='block_1_125' title="bbox 1934 5022 3518 5096">
    <p class='ocr_par' dir='ltr' id='par_1_125' title="bbox 1934 5022 3518 5096">
     <span class='ocr_line' id='line_1_125' title="bbox 1934 5022 3518 5096; baseline -0.004 -15"><span class='ocrx_word' id='word_1_949' title='bbox 1934 5026 2292 5094; x_wconf 81' lang='grc' dir='ltr'>περιέλαϐεν</span> <span class='ocrx_word' id='word_1_950' title='bbox 2326 5027 2569 5092; x_wconf 82' lang='grc' dir='ltr'>αὐτούς.</span> <span class='ocrx_word' id='word_1_951' title='bbox 2607 5025 2750 5096; x_wconf 85' lang='grc' dir='ltr'>Ὅρα</span> <span class='ocrx_word' id='word_1_952' title='bbox 2779 5042 2868 5096; x_wconf 90' lang='grc' dir='ltr'>μοι</span> <span class='ocrx_word' id='word_1_953' title='bbox 2889 5023 2980 5076; x_wconf 79' lang='grc' dir='ltr'>τὸν</span> <span class='ocrx_word' id='word_1_954' title='bbox 3017 5022 3518 5092; x_wconf 79' lang='grc' dir='ltr'>πρεσϐύτην,ὄπως</span> 
     </span>
    </p>
   </div>
   <div class='ocr_carea' id='block_1_126' title="bbox 1935 5102 3518 5175">
    <p class='ocr_par' dir='ltr' id='par_1_126' title="bbox 1935 5102 3518 5175">
     <span class='ocr_line' id='line_1_126' title="bbox 1935 5102 3518 5175; baseline -0.002 -14"><span class='ocrx_word' id='word_1_955' title='bbox 1935 5107 2157 5162; x_wconf 86' lang='grc' dir='ltr'>σπεύδει</span> <span class='ocrx_word' id='word_1_956' title='bbox 2206 5107 2302 5160; x_wconf 76' lang='grc' dir='ltr'>καὶ</span> <span class='ocrx_word' id='word_1_957' title='bbox 2352 5107 2635 5175; x_wconf 88' lang='grc' dir='ltr'>ἐπείγεται</span> <span class='ocrx_word' id='word_1_958' title='bbox 2687 5105 2980 5174; x_wconf 81' lang='grc' dir='ltr'>εὐλογῆσαι</span> <span class='ocrx_word' id='word_1_959' title='bbox 3010 5104 3136 5166; x_wconf 86' lang='grc' dir='ltr'>τοὺς</span> <span class='ocrx_word' id='word_1_960' title='bbox 3184 5102 3378 5166; x_wconf 87' lang='grc' dir='ltr'>παῖδας</span> <span class='ocrx_word' id='word_1_961' title='bbox 3418 5105 3518 5158; x_wconf 84' lang='grc' dir='ltr'>τοῦ</span> 
     </span>
    </p>
   </div>
   <div class='ocr_carea' id='block_1_127' title="bbox 1944 5182 3512 5258">
    <p class='ocr_par' dir='ltr' id='par_1_127' title="bbox 1944 5182 3512 5258">
     <span class='ocr_line' id='line_1_127' title="bbox 1944 5182 3512 5258; baseline -0.001 -17"><span class='ocrx_word' id='word_1_962' title='bbox 1944 5188 2177 5258; x_wconf 84' lang='grc' dir='ltr'>Ἰωσήφ·</span> <span class='ocrx_word' id='word_1_963' title='bbox 2211 5187 2316 5240; x_wconf 87' lang='lat' dir='ltr'>Kal</span> <span class='ocrx_word' id='word_1_964' title='bbox 2352 5185 2605 5256; x_wconf 65' lang='grc' dir='ltr'>ἤγγισεν</span> <span class='ocrx_word' id='word_1_965' title='bbox 2646 5183 2890 5249; x_wconf 79' lang='grc' dir='ltr'>αὐτοὺς.</span> <span class='ocrx_word' id='word_1_966' title='bbox 2932 5183 3088 5252; x_wconf 70' lang='grc' dir='ltr'>φησὶ,</span> <span class='ocrx_word' id='word_1_967' title='bbox 3119 5182 3268 5248; x_wconf 83' lang='grc' dir='ltr'>πρὸς</span> <span class='ocrx_word' id='word_1_968' title='bbox 3303 5183 3512 5240; x_wconf 83' lang='grc' dir='ltr'>αὐτόν.</span> 
     </span>
    </p>
   </div>
   <div class='ocr_carea' id='block_1_128' title="bbox 1931 5261 3524 5335">
    <p class='ocr_par' dir='ltr' id='par_1_128' title="bbox 1931 5261 3524 5335">
     <span class='ocr_line' id='line_1_128' title="bbox 1931 5261 3524 5335; baseline -0.006 -13"><span class='ocrx_word' id='word_1_969' title='bbox 1931 5267 2042 5322; x_wconf 85' lang='lat' dir='ltr'>Kal</span> <span class='ocrx_word' id='word_1_970' title='bbox 2095 5267 2390 5335; x_wconf 66' lang='grc' dir='ltr'>ἐφίλησεν</span> <span class='ocrx_word' id='word_1_971' title='bbox 2441 5262 2683 5328; x_wconf 80' lang='grc' dir='ltr'>αὐτοὺς,</span> <span class='ocrx_word' id='word_1_972' title='bbox 2731 5262 2829 5318; x_wconf 76' lang='grc' dir='ltr'>καὶ</span> <span class='ocrx_word' id='word_1_973' title='bbox 2864 5261 3215 5330; x_wconf 84' lang='grc' dir='ltr'>περιέλαϐεν</span> <span class='ocrx_word' id='word_1_974' title='bbox 3255 5262 3477 5328; x_wconf 83' lang='grc' dir='ltr'>αὐτοὺς</span> <span class='ocrx_word' id='word_1_975' title='bbox 3493 5298 3524 5330; x_wconf 79' lang='lat'>,-</span> 
     </span>
    </p>
   </div>
   <div class='ocr_carea' id='block_1_129' title="bbox 1931 5340 3516 5414">
    <p class='ocr_par' dir='ltr' id='par_1_129' title="bbox 1931 5340 3516 5414">
     <span class='ocr_line' id='line_1_129' title="bbox 1931 5340 3516 5414; baseline -0.003 -13"><span class='ocrx_word' id='word_1_976' title='bbox 1931 5346 2032 5402; x_wconf 77' lang='grc' dir='ltr'>καί</span> <span class='ocrx_word' id='word_1_977' title='bbox 2053 5342 2184 5400; x_wconf 84' lang='grc' dir='ltr'>εἷπε</span> <span class='ocrx_word' id='word_1_978' title='bbox 2221 5346 2370 5413; x_wconf 74' lang='grc' dir='ltr'>πρὸς</span> <span class='ocrx_word' id='word_1_979' title='bbox 2400 5343 2612 5414; x_wconf 66' lang='grc' dir='ltr'>Ἰωσήφ</span> <span class='ocrx_word' id='word_1_980' title='bbox 2639 5360 2654 5375; x_wconf 80' lang='grc'><strong>⁸</strong></span> <span class='ocrx_word' id='word_1_981' title='bbox 2689 5342 2852 5397; x_wconf 85' lang='grc' dir='ltr'>Ἰδοὺ</span> <span class='ocrx_word' id='word_1_982' title='bbox 2882 5341 2988 5395; x_wconf 85' lang='grc' dir='ltr'>τοῦ</span> <span class='ocrx_word' id='word_1_983' title='bbox 3021 5340 3344 5410; x_wconf 80' lang='grc' dir='ltr'>προσώπου</span> <span class='ocrx_word' id='word_1_984' title='bbox 3393 5357 3516 5397; x_wconf 91' lang='grc' dir='ltr'>σου</span> 
     </span>
    </p>
   </div>
   <div class='ocr_carea' id='block_1_130' title="bbox 1930 5421 3514 5491">
    <p class='ocr_par' dir='ltr' id='par_1_130' title="bbox 1930 5421 3514 5491">
     <span class='ocr_line' id='line_1_130' title="bbox 1930 5421 3514 5491; baseline -0.003 -11"><span class='ocrx_word' id='word_1_985' title='bbox 1930 5429 2042 5480; x_wconf 85' lang='grc' dir='ltr'>οὐκ</span> <span class='ocrx_word' id='word_1_986' title='bbox 2061 5425 2416 5491; x_wconf 79' lang='grc' dir='ltr'>ἐστερήθην.</span> <span class='ocrx_word' id='word_1_987' title='bbox 2449 5424 2548 5478; x_wconf 76' lang='grc' dir='ltr'>καὶ</span> <span class='ocrx_word' id='word_1_988' title='bbox 2585 5423 2713 5477; x_wconf 85' lang='grc' dir='ltr'>ιδοὺ</span> <span class='ocrx_word' id='word_1_989' title='bbox 2742 5421 2934 5486; x_wconf 78' lang='grc' dir='ltr'>ἐδειξέ</span> <span class='ocrx_word' id='word_1_990' title='bbox 2952 5439 3054 5490; x_wconf 83' lang='grc' dir='ltr'>μοι</span> <span class='ocrx_word' id='word_1_991' title='bbox 3079 5425 3112 5475; x_wconf 88' lang='grc' dir='ltr'>ό</span> <span class='ocrx_word' id='word_1_992' title='bbox 3137 5421 3282 5485; x_wconf 85' lang='grc' dir='ltr'>Θεὸς</span> <span class='ocrx_word' id='word_1_993' title='bbox 3305 5421 3403 5473; x_wconf 79' lang='grc' dir='ltr'>καὶ</span> <span class='ocrx_word' id='word_1_994' title='bbox 3441 5421 3514 5475; x_wconf 82' lang='grc' dir='ltr'>τὸ</span> 
     </span>
    </p>
   </div>
   <div class='ocr_carea' id='block_1_131' title="bbox 1931 5502 3511 5578">
    <p class='ocr_par' dir='ltr' id='par_1_131' title="bbox 1931 5502 3511 5578">
     <span class='ocr_line' id='line_1_131' title="bbox 1931 5502 3511 5578; baseline -0.004 -14"><span class='ocrx_word' id='word_1_995' title='bbox 1931 5509 2170 5578; x_wconf 82' lang='grc' dir='ltr'>σπέρμα</span> <span class='ocrx_word' id='word_1_996' title='bbox 2215 5525 2351 5563; x_wconf 90' lang='grc' dir='ltr'>σου.</span> <span class='ocrx_word' id='word_1_997' title='bbox 2404 5509 2632 5578; x_wconf 86' lang='grc' dir='ltr'>Μεγάλα</span> <span class='ocrx_word' id='word_1_998' title='bbox 2681 5524 2792 5577; x_wconf 85' lang='grc' dir='ltr'>μοι,</span> <span class='ocrx_word' id='word_1_999' title='bbox 2838 5505 3007 5576; x_wconf 74' lang='grc' dir='ltr'>φησὶ,</span> <span class='ocrx_word' id='word_1_1000' title='bbox 3050 5502 3328 5575; x_wconf 88' lang='grc' dir='ltr'>παρέσχεν</span> <span class='ocrx_word' id='word_1_1001' title='bbox 3353 5507 3386 5574; x_wconf 86' lang='grc' dir='ltr'>ή</span> <span class='ocrx_word' id='word_1_1002' title='bbox 3415 5505 3511 5558; x_wconf 89' lang='grc' dir='ltr'>τοῦ</span> 
     </span>
    </p>
   </div>
   <div class='ocr_carea' id='block_1_132' title="bbox 1927 5583 3524 5658">
    <p class='ocr_par' dir='ltr' id='par_1_132' title="bbox 1927 5583 3524 5658">
     <span class='ocr_line' id='line_1_132' title="bbox 1927 5583 3524 5658; baseline -0.002 -17"><span class='ocrx_word' id='word_1_1003' title='bbox 1927 5589 2062 5641; x_wconf 86' lang='grc' dir='ltr'>Θεοῦ</span> <span class='ocrx_word' id='word_1_1004' title='bbox 2097 5587 2501 5658; x_wconf 82' lang='grc' dir='ltr'>φιλανθρωπία,</span> <span class='ocrx_word' id='word_1_1005' title='bbox 2522 5588 2616 5640; x_wconf 78' lang='grc' dir='ltr'>καὶ</span> <span class='ocrx_word' id='word_1_1006' title='bbox 2637 5585 2796 5640; x_wconf 86' lang='grc' dir='ltr'>πλέον</span> <span class='ocrx_word' id='word_1_1007' title='bbox 2820 5586 2852 5656; x_wconf 81' lang='grc' dir='ltr'>ἢ</span> <span class='ocrx_word' id='word_1_1008' title='bbox 2876 5585 3280 5657; x_wconf 78' lang='grc' dir='ltr'>προσεδόκησαο</span> <span class='ocrx_word' id='word_1_1009' title='bbox 3309 5583 3524 5654; x_wconf 68' lang='grc' dir='ltr'>μᾶλλονυ</span> 
     </span>
    </p>
   </div>
   <div class='ocr_carea' id='block_1_133' title="bbox 1927 5662 3508 5739">
    <p class='ocr_par' dir='ltr' id='par_1_133' title="bbox 1927 5662 3508 5739">
     <span class='ocr_line' id='line_1_133' title="bbox 1927 5662 3508 5739; baseline -0.002 -19"><span class='ocrx_word' id='word_1_1010' title='bbox 1927 5667 1983 5720; x_wconf 86' lang='grc' dir='ltr'>δέ</span> <span class='ocrx_word' id='word_1_1011' title='bbox 2019 5668 2165 5739; x_wconf 73' lang='grc' dir='ltr'>άπερ</span> <span class='ocrx_word' id='word_1_1012' title='bbox 2213 5667 2470 5720; x_wconf 83' lang='grc' dir='ltr'>οὐδέποτε</span> <span class='ocrx_word' id='word_1_1013' title='bbox 2516 5665 2912 5736; x_wconf 88' lang='grc' dir='ltr'>προσεδόκησα.</span> <span class='ocrx_word' id='word_1_1014' title='bbox 2966 5666 3042 5717; x_wconf 88' lang='grc' dir='ltr'>Οὐ</span> <span class='ocrx_word' id='word_1_1015' title='bbox 3074 5664 3182 5734; x_wconf 91' lang='grc' dir='ltr'>γάρ</span> <span class='ocrx_word' id='word_1_1016' title='bbox 3213 5663 3370 5733; x_wconf 84' lang='grc' dir='ltr'>μόνον</span> <span class='ocrx_word' id='word_1_1017' title='bbox 3410 5662 3508 5717; x_wconf 86' lang='grc' dir='ltr'>τοῦ</span> 
     </span>
    </p>
   </div>
   <div class='ocr_carea' id='block_1_134' title="bbox 1929 5743 3508 5817">
    <p class='ocr_par' dir='ltr' id='par_1_134' title="bbox 1929 5743 3508 5817">
     <span class='ocr_line' id='line_1_134' title="bbox 1929 5743 3508 5817; baseline -0.001 -19"><span class='ocrx_word' id='word_1_1018' title='bbox 1929 5746 2220 5817; x_wconf 82' lang='grc' dir='ltr'>προσώπου</span> <span class='ocrx_word' id='word_1_1019' title='bbox 2255 5764 2348 5798; x_wconf 91' lang='grc' dir='ltr'>σου</span> <span class='ocrx_word' id='word_1_1020' title='bbox 2375 5747 2472 5798; x_wconf 80' lang='grc' dir='ltr'>οὐκ</span> <span class='ocrx_word' id='word_1_1021' title='bbox 2511 5743 2831 5815; x_wconf 82' lang='grc' dir='ltr'>ἐστερήθην,</span> <span class='ocrx_word' id='word_1_1022' title='bbox 2864 5743 2978 5796; x_wconf 80' lang='grc' dir='ltr'>ἀλλ’</span> <span class='ocrx_word' id='word_1_1023' title='bbox 3017 5743 3126 5796; x_wconf 77' lang='grc' dir='ltr'>ἰδοὺ</span> <span class='ocrx_word' id='word_1_1024' title='bbox 3157 5744 3251 5795; x_wconf 77' lang='grc' dir='ltr'>καὶ</span> <span class='ocrx_word' id='word_1_1025' title='bbox 3282 5744 3408 5806; x_wconf 75' lang='grc' dir='ltr'>τοὺς</span> <span class='ocrx_word' id='word_1_1026' title='bbox 3441 5744 3508 5797; x_wconf 84' lang='grc' dir='ltr'>ἐκ</span> 
     </span>
    </p>
   </div>
   <div class='ocr_carea' id='block_1_135' title="bbox 1930 5821 3505 5894">
    <p class='ocr_par' dir='ltr' id='par_1_135' title="bbox 1930 5821 3505 5894">
     <span class='ocr_line' id='line_1_135' title="bbox 1930 5821 3505 5894; baseline -0.003 -17"><span class='ocrx_word' id='word_1_1027' title='bbox 1930 5825 2023 5878; x_wconf 87' lang='grc' dir='ltr'>σοῦ</span> <span class='ocrx_word' id='word_1_1028' title='bbox 2073 5824 2361 5894; x_wconf 78' lang='grc' dir='ltr'>τεχθέντος</span> <span class='ocrx_word' id='word_1_1029' title='bbox 2410 5824 2744 5892; x_wconf 82' lang='grc' dir='ltr'>ἐθεασάμην.</span> <span class='ocrx_word' id='word_1_1030' title='bbox 2790 5821 2900 5874; x_wconf 83' lang='lat' dir='ltr'>Kal</span> <span class='ocrx_word' id='word_1_1031' title='bbox 2934 5821 3231 5890; x_wconf 77' lang='grc' dir='ltr'>ἐξήγαγεν</span> <span class='ocrx_word' id='word_1_1032' title='bbox 3261 5823 3505 5887; x_wconf 85' lang='grc' dir='ltr'>αὐτοὺς,</span> 
     </span>
    </p>
   </div>
   <div class='ocr_carea' id='block_1_136' title="bbox 1932 5900 3509 5972">
    <p class='ocr_par' dir='ltr' id='par_1_136' title="bbox 1932 5900 3509 5972">
     <span class='ocr_line' id='line_1_136' title="bbox 1932 5900 3509 5972; baseline -0.001 -16"><span class='ocrx_word' id='word_1_1033' title='bbox 1932 5905 2117 5972; x_wconf 62' lang='grc' dir='ltr'>φησιν,</span> <span class='ocrx_word' id='word_1_1034' title='bbox 2138 5903 2358 5972; x_wconf 59' lang='grc' dir='ltr'>Ἰωσὴφ</span> <span class='ocrx_word' id='word_1_1035' title='bbox 2385 5903 2502 5956; x_wconf 82' lang='grc' dir='ltr'>ἀπὸ</span> <span class='ocrx_word' id='word_1_1036' title='bbox 2527 5901 2645 5954; x_wconf 84' lang='grc' dir='ltr'>τῶν</span> <span class='ocrx_word' id='word_1_1037' title='bbox 2668 5900 2933 5970; x_wconf 76' lang='grc' dir='ltr'>γονάτων</span> <span class='ocrx_word' id='word_1_1038' title='bbox 2957 5901 3166 5961; x_wconf 76' lang='grc' dir='ltr'>αὑτοῦ,</span> <span class='ocrx_word' id='word_1_1039' title='bbox 3195 5901 3292 5955; x_wconf 82' lang='grc' dir='ltr'>καὶ</span> <span class='ocrx_word' id='word_1_1040' title='bbox 3319 5918 3509 5969; x_wconf 65' lang='grc' dir='ltr'>προσ-τ</span> 
     </span>
    </p>
   </div>
   <div class='ocr_carea' id='block_1_137' title="bbox 1928 5979 3506 6052">
    <p class='ocr_par' dir='ltr' id='par_1_137' title="bbox 1928 5979 3506 6052">
     <span class='ocr_line' id='line_1_137' title="bbox 1928 5979 3506 6052; baseline -0.001 -17"><span class='ocrx_word' id='word_1_1041' title='bbox 1928 5983 2240 6048; x_wconf 78' lang='grc' dir='ltr'>εκύνησαν</span> <span class='ocrx_word' id='word_1_1042' title='bbox 2261 5981 2421 6046; x_wconf 78' lang='grc' dir='ltr'>αὐτῷ</span> <span class='ocrx_word' id='word_1_1043' title='bbox 2449 5980 2546 6034; x_wconf 79' lang='grc' dir='ltr'>ἐπὶ</span> <span class='ocrx_word' id='word_1_1044' title='bbox 2583 5981 2907 6046; x_wconf 75' lang='grc' dir='ltr'>πρόσωπον</span> <span class='ocrx_word' id='word_1_1045' title='bbox 2937 5980 3034 6032; x_wconf 71' lang='grc' dir='ltr'>ἐπὶ</span> <span class='ocrx_word' id='word_1_1046' title='bbox 3072 5979 3178 6046; x_wconf 86' lang='grc' dir='ltr'>τῆς</span> <span class='ocrx_word' id='word_1_1047' title='bbox 3210 5979 3334 6048; x_wconf 78' lang='grc' dir='ltr'>γῆς</span> <span class='ocrx_word' id='word_1_1048' title='bbox 3363 5981 3506 6052; x_wconf 84' lang='grc' dir='ltr'>Ὅρα</span> 
     </span>
    </p>
   </div>
   <div class='ocr_carea' id='block_1_138' title="bbox 1933 6059 3523 6131">
    <p class='ocr_par' dir='ltr' id='par_1_138' title="bbox 1933 6059 3523 6131">
     <span class='ocr_line' id='line_1_138' title="bbox 1933 6059 3523 6131; baseline -0.003 -16"><span class='ocrx_word' id='word_1_1049' title='bbox 1933 6064 2026 6115; x_wconf 74' lang='grc' dir='ltr'>καὶ</span> <span class='ocrx_word' id='word_1_1050' title='bbox 2071 6062 2197 6126; x_wconf 76' lang='grc' dir='ltr'>τοῦς</span> <span class='ocrx_word' id='word_1_1051' title='bbox 2248 6061 2442 6125; x_wconf 67' lang='grc' dir='ltr'>παῖδας</span> <span class='ocrx_word' id='word_1_1052' title='bbox 2486 6060 2598 6124; x_wconf 78' lang='grc' dir='ltr'>πῶς</span> <span class='ocrx_word' id='word_1_1053' title='bbox 2639 6059 2696 6127; x_wconf 79' lang='grc' dir='ltr'>ἐξ</span> <span class='ocrx_word' id='word_1_1054' title='bbox 2731 6059 2918 6131; x_wconf 78' lang='grc' dir='ltr'>ἀρχῆς,</span> <span class='ocrx_word' id='word_1_1055' title='bbox 2950 6061 3040 6114; x_wconf 70' lang='grc' dir='ltr'>καὶ</span> <span class='ocrx_word' id='word_1_1056' title='bbox 3100 6062 3161 6114; x_wconf 79' lang='grc' dir='ltr'>ἐκ</span> <span class='ocrx_word' id='word_1_1057' title='bbox 3206 6059 3523 6131; x_wconf 59' lang='grc' dir='ltr'>προοιμίων*</span> 
     </span>
    </p>
   </div>
  </div>
