4038 6358
268 441 378 497 569

271 564 352 607 tiu
378 548 615 606 debitum
641 549 757 604 seni
784 548 1038 603 honorem
1069 545 1291 601 reddere
1316 546 1516 600 docuit.
1549 544 1613 598 Et
1636 542 1858 611 Juseph,

275 645 490 712 inquit,
518 640 813 697 secundum
839 639 1149 709 dignitatem
1189 635 1619 708 primogenitum
1644 632 1865 688 adduxit

272 735 580 798 Manassen,
624 741 679 787 et
720 741 847 785 tunc
882 730 1157 799 Ephraim.
1764 780 1769 786 ,

350 829 404 882 5.
427 826 588 879 Iacob
616 825 774 879 oculis
801 827 976 878 mentis
1001 823 1304 878 uidebat.—
1323 821 1456 877 Vide
1488 821 1575 875 hic
1598 819 1866 891 quomodo

270 916 452 985 justus
474 916 718 985 corporis
760 915 946 970 oculos
987 930 1096 983 prie
1134 922 1407 969 senectute
1447 927 1588 965 nunc
1627 912 1867 965 inﬁrmus

278 1007 525 1073 haberet,
552 1008 571 1076 (
587 1007 665 1061 l0.
691 1005 895 1060 (Σηιυωί
924 1007 1057 1059 enim
1082 1014 1225 1058 erant
1266 1004 1400 1057 oculi
1434 1004 1546 1073 ejus
1573 1019 1680 1073 pra:
1706 1002 1865 1066 senio,

273 1110 325 1156 et
353 1117 454 1155 non
481 1109 675 1169 poterat
701 1096 911 1169 videre),
945 1098 1146 1151 valeret
1170 1104 1347 1149 autem
1372 1095 1542 1148 oculis
1571 1092 1786 1159 mentis,
1814 1101 1870 1146 et

282 1191 392 1245 ﬁde
418 1190 735 1260 praevideret
775 1190 966 1243 futura.
1004 1187 1188 1257 Neque
1226 1186 1367 1241 enim
1404 1184 1745 1253 tulitJoseph
1775 1198 1867 1236 or-

281 1281 490 1345 dinem,
533 1280 626 1334 sed
666 1280 881 1334 mutatis
903 1278 1144 1333 manibus
1183 1277 1525 1339 benedicens,
1556 1275 1866 1344 dignitatem

275 1373 479 1442 juniori
522 1372 782 1437 contulit,
834 1370 1123 1439 prteferens
1185 1368 1408 1437 Manassi
1456 1366 1710 1441 prraim
1758 1384 1770 1419 :
1814 1374 1872 1421 et

281 1462 423 1516 dixit
455 1478 467 1515 :
500 1464 591 1519 15.
619 1461 751 1515 Deus
774 1503 789 1527 ,
820 1462 900 1515 cui
940 1463 1061 1516 bene
1103 1462 1397 1532 placueth
1426 1471 1592 1530 patres
1626 1459 1738 1511 mei.
1773 1460 1870 1512 At-

284 1552 451 1607 tende
495 1552 808 1606 modestiam
853 1551 1049 1615 .laeob,
1090 1550 1213 1606 vide
1260 1554 1492 1605 animam
1541 1550 1865 1619 religiosam.

284 1642 402 1696 Non
427 1642 656 1698 audebat
680 1642 879 1707 dicere,
908 1642 1049 1697 Deus
1074 1642 1157 1697 cui
1185 1643 1319 1697 bene
1344 1643 1514 1711 placui
1546 1661 1560 1698 :
1588 1642 1681 1696 sed
1705 1643 1873 1714 quid?

286 1735 383 1789 Cui
410 1734 533 1787 bene
566 1734 864 1803 placuerunt
903 1744 1071 1804 patres
1104 1733 1221 1787 mei.
1254 1733 1445 1789 Vidisti
1484 1734 1713 1788 animam
1754 1750 1873 1803 gra-

286 1826 442 1879 tam?
474 1826 683 1879 tametsi
715 1823 869 1894 paulo
910 1833 1063 1879 antea
1108 1840 1330 1881 narrans
1362 1826 1573 1881 dicebat
1598 1846 1611 1881 ε
1641 1824 1707 1880 1η
1733 1826 1872 1879 Luza

283 1915 528 1985 apparuit
568 1915 710 1979 mihi,
746 1924 793 1969 et
823 1914 1051 1985 promisit
1085 1915 1321 1969 daturum
1357 1933 1412 1971 se
1450 1918 1570 1970 milii
1610 1928 1657 1971 et
1695 1917 1873 1971 semini

288 2024 399 2061 meo
442 2023 637 2060 omnem
682 2016 899 2073 terram,
946 2017 993 2061 et
1033 2008 1085 2061 in
1125 2010 1532 2079 congregationes
1560 2011 1780 2080 gentium
1820 2026 1874 2063 se

286 2101 550 2167 facturum
576 2113 740 2151 semen
766 2113 949 2151 meum.
995 2097 1062 2151 Et
1104 2107 1209 2152 tant
1248 2099 1519 2155 evidentia
1548 2101 1750 2156 habens
1789 2101 1873 2155 in-

287 2186 427 2241 dicia
474 2186 669 2241 divinae
716 2202 841 2257 erga
896 2203 955 2243 se
997 2188 1419 2255 benevolentize,
1464 2191 1639 2246 adhuc
1696 2202 1873 2247 tamen

286 2277 625 2331 hmniliatam
656 2278 839 2331 habuit
882 2288 1114 2333 mentem
1136 2320 1152 2345 ,
1181 2288 1235 2333 et
1269 2280 1439 2335 dicit:
1466 2280 1607 2337 Deus
1639 2285 1719 2336 cui
1754 2286 1876 2339 bene

291 2371 593 2441 placuerunt
632 2380 797 2441 patres
824 2373 918 2426 mei
946 2389 1115 2427 coram
1156 2375 1289 2443 ipso,
1329 2374 1585 2429 Abraham
1621 2385 1670 2430 et
1700 2376 1871 2430 Isaac.

293 2459 498 2515 Deinde
526 2461 716 2516 iterum
743 2479 756 2515 :
785 2462 886 2530 Qui
912 2465 1073 2535 pascit
1094 2481 1172 2518 me
1196 2482 1228 2519 a
1246 2468 1508 2534 juventute
1529 2483 1657 2520 mea.
1682 2467 1875 2536 Accipe

288 2561 344 2603 et
375 2566 442 2604 ex
478 2550 579 2605 hoc
613 2553 973 2621 gratissimum
995 2554 1109 2622 ejus
1130 2556 1388 2609 animum.
1432 2555 1545 2610 Non
1590 2557 1719 2611 dicit
1755 2572 1878 2626 pro-

292 2640 463 2707 priam
489 2641 757 2708 virtutem,
787 2643 881 2697 sed
903 2659 963 2698 ea
1003 2660 1123 2713 qua:
1149 2645 1249 2699 sibi
1286 2661 1315 2699 a
1339 2645 1450 2700 Deo
1474 2646 1687 2700 fuerunt
1716 2647 1873 2702 facta.

294 2733 395 2797 Qui
422 2733 589 2802 pascit
626 2750 705 2788 me
741 2751 772 2786 a
805 2737 1067 2804 juventute
1113 2752 1223 2790 mea
1265 2753 1422 2807 usque
1457 2739 1510 2790 in
1548 2738 1678 2791 diem
1722 2738 1873 2792 hanc.

291 2823 412 2891 Ipse
439 2823 605 2887 enim,
635 2824 823 2894 inquit,
852 2836 935 2880 est
962 2827 1051 2896 qui
1082 2827 1149 2880 ab
1177 2827 1328 2881 initio
1355 2843 1522 2897 usque
1548 2828 1613 2883 ad
1642 2843 1877 2898 praesens

292 2928 384 2967 res
412 2929 559 2968 meas
588 2914 945 2984 dispensavit,
978 2926 1032 2972 et
1060 2917 1364 2973 moderatus
1388 2927 1489 2974 est.
1536 2920 1613 2974 Ita
1650 2929 1703 2973 et
1733 2920 1877 2988 prius

291 3003 504 3058 dicebat
546 3022 560 3057 :
597 3004 664 3058 In
695 3007 835 3076 virga
872 3009 1007 3060 enim
1038 3025 1148 3061 mea
1187 3008 1283 3061 hac
1323 3011 1527 3063 transivi
1551 3010 1829 3064 Jordanem
1856 3026 1877 3064 :

290 3105 335 3148 et
364 3111 477 3148 ecce
500 3112 633 3149 nunc
663 3100 828 3166 factus
873 3115 983 3151 sum
1025 3099 1079 3153 in
1116 3098 1218 3153 duo
1256 3109 1423 3154 castra
1450 3100 1600 3172 (Gen.
1632 3102 1722 3156 52.
1755 3102 1874 3173 10).

293 3188 359 3243 Et
400 3203 541 3242 nunc
585 3190 775 3247 iterum
820 3189 939 3245 aliis
966 3190 1143 3246 verbis
1171 3191 1298 3247 dicit
1330 3209 1345 3246 :
1384 3193 1486 3259 Qui
1527 3195 1688 3262 pascit
1729 3210 1807 3247 nte
1845 3210 1878 3247 a

283 3282 549 3349 jurentute
570 3298 680 3335 mea
702 3298 858 3351 usque
883 3282 934 3335 in
958 3283 1089 3336 diem
1114 3284 1267 3349 hunc,
1297 3284 1383 3338 16.
1406 3286 1619 3356 angelus
1642 3286 1729 3356 qui
1754 3284 1879 3339 libe-

289 3372 420 3424 ravit
454 3389 533 3425 me
557 3373 621 3426 de
659 3373 890 3427 omnibus
930 3374 1098 3427 ntalis.
1143 3373 1319 3429 Grata:
1345 3376 1532 3430 animae
1564 3392 1628 3431 ac
1656 3378 1753 3448 pia:
1778 3418 1792 3441 ,
1823 3386 1878 3433 et

287 3464 428 3519 bene
464 3466 719 3520 memoris
745 3466 1120 3521 beneﬁciorum
1151 3467 1264 3533 Dei,
1290 3469 1477 3523 verba.
1528 3469 1622 3524 llle
1641 3509 1656 3536 ,
1687 3470 1874 3541 inquit,

287 3556 375 3610 cui
416 3566 595 3627 patres
624 3562 727 3612 mei
758 3557 894 3613 bene
924 3558 1249 3627 placuerunt,
1296 3560 1385 3629 qui
1413 3576 1499 3614 me
1535 3575 1566 3615 a
1602 3561 1877 3631 iuventute

287 3664 409 3704 mea
438 3664 607 3720 usque
644 3651 697 3705 in
740 3661 1056 3721 praesentem
1086 3651 1227 3707 diem
1270 3653 1550 3719 educavit,
1580 3656 1671 3725 qui
1699 3671 1785 3710 me
1808 3657 1877 3712 ab

289 3738 443 3792 initio
464 3740 530 3793 ab
555 3740 801 3795 omnibus
827 3741 980 3794 malis
1010 3742 1268 3805 liberavit,
1300 3743 1388 3813 qui
1413 3752 1610 3798 tantam
1640 3761 1762 3815 erga
1790 3760 1876 3801 me

285 3830 578 3885 declaravit
616 3830 1028 3901 providentiam,
1076 3834 1187 3904 ipse
1212 3834 1481 3890 Benedicet
1518 3837 1610 3890 hos
1648 3854 1829 3907 pueros
1856 3855 1876 3893 :

286 3931 338 3975 et
375 3922 685 3975 insocabitur
712 3922 765 3976 in
792 3925 865 3978 eis
906 3941 1085 3978 nomen
1126 3942 1290 3979 meum
1312 3968 1326 3991 ,
1367 3936 1415 3980 et
1452 3944 1633 3982 nomen
1676 3939 1876 3997 patrunt

287 4030 539 4082 meorum,
579 4016 834 4069 Abraham
858 4026 903 4071 et
935 4016 1107 4083 Isaac,
1152 4027 1199 4072 et
1238 4021 1635 4089 mnltiplicentur
1658 4022 1709 4074 in
1740 4022 1874 4076 mul—

288 4107 555 4161 titudinem
584 4125 820 4179 magnam
847 4126 999 4181 super
1026 4121 1227 4164 terram.
1252 4112 1436 4167 Vidisti
1461 4114 1618 4168 simul
1643 4124 1697 4168 et
1724 4116 1878 4171 intel-

290 4196 601 4266 ligentiam,
648 4208 703 4255 et
760 4202 1126 4256 modestiam?
1174 4203 1577 4275 Intelligentiam
1624 4207 1872 4276 quidem,

286 4288 411 4355 quia
436 4286 559 4343 ﬁdei
581 4290 751 4344 oculis
770 4292 1067 4360 praevidens
1089 4292 1340 4362 Ephraim
1362 4296 1593 4366 praetulit
1613 4296 1836 4352 Manassi
1858 4317 1872 4353 :

286 4380 609 4437 modestiam
625 4397 772 4448 vero,
786 4385 908 4453 quia
930 4398 1187 4455 nusquam
1202 4400 1311 4441 sum
1323 4388 1533 4442 virtutis
1549 4391 1873 4446 mentionem

289 4475 452 4540 fecit;
481 4475 577 4530 sed
603 4491 671 4530 ex
699 4475 922 4545 probata
954 4488 1161 4547 patrum
1187 4480 1315 4546 vita,
1347 4488 1404 4536 et
1425 4495 1495 4535 ex
1525 4482 1794 4537 beneﬁciis
1821 4485 1872 4538 in

288 4580 353 4619 se
380 4565 588 4620 collatis
618 4566 732 4636 ipse
777 4582 961 4636 preces
1005 4567 1158 4637 fudit,
1203 4580 1257 4624 et
1285 4570 1708 4627 benedictionem
1752 4574 1874 4629 ﬁliis

288 4668 542 4725 precatus
567 4667 668 4714 est.
703 4658 899 4713 Verum
921 4659 1085 4715 Jacob
1110 4662 1322 4732 quidem
1351 4662 1648 4733 praevidens
1675 4664 1872 4732 futura,

288 4747 363 4802 ita
396 4748 499 4802 illis
531 4749 801 4805 benedixit
843 4768 856 4804 :
890 4751 978 4806 17.
1013 4750 1208 4822 Joseph
1252 4770 1367 4808 vero
1408 4755 1581 4809 videns
1615 4757 1875 4826 juniorent

288 4841 561 4909 praelatum
584 4844 790 4908 seniori,
821 4861 973 4915 grave
999 4854 1043 4899 et
1066 4846 1327 4916 indignum
1354 4862 1461 4902 esse
1489 4859 1692 4917 putans,
1721 4849 1875 4903 dicit:

290 4933 382 4987 18.
416 4933 513 4986 Hic
533 4944 607 4988 est
645 4936 1049 5007 primogenitus;
1088 4954 1217 5008 pone
1250 4938 1509 4993 dexteram
1549 4951 1686 4994 tuam
1726 4958 1877 5011 super

286 5035 444 5093 caput
468 5026 594 5094 ejus.
624 5027 710 5081 19.
738 5026 805 5080 Et
827 5029 988 5081 noluit
1008 5071 1021 5092 ,
1048 5029 1139 5082 sed
1158 5030 1283 5083 dixit
1307 5048 1325 5083 :
1349 5032 1498 5096 Scio,
1523 5033 1600 5100 [ili
1617 5074 1631 5096 ,
1659 5033 1780 5087 scio.
1808 5031 1877 5085 Et

287 5118 372 5169 hic
398 5117 490 5170 erit
514 5119 565 5170 in
593 5120 866 5187 populum,
896 5130 942 5173 et
969 5121 1048 5174 hic
1076 5123 1414 5189 exaltabitur;
1454 5126 1542 5180 sed
1575 5129 1736 5195 frater
1767 5127 1876 5193 ejus

276 5208 462 5277 junior
484 5209 649 5277 major
668 5224 725 5262 eo
755 5211 869 5277 erit,
898 5221 944 5265 et
966 5228 1133 5266 semen
1159 5214 1267 5283 ejus
1297 5226 1389 5267 erit
1419 5216 1471 5269 in
1498 5216 1875 5272 multitudinem

284 5300 533 5368 gentium.
576 5300 654 5354 Ne
686 5311 837 5370 putes
865 5319 986 5369 me,
1020 5304 1223 5372 inquit,
1261 5320 1386 5359 casu
1426 5322 1489 5360 ac
1529 5308 1744 5363 fortuito
1776 5310 1877 5367 hoc

286 5389 502 5453 fecisse,
533 5390 616 5444 vel
645 5407 738 5461 per
765 5393 1138 5462 ignorantiam.
1170 5393 1293 5449 Scio
1314 5396 1477 5461 enim,
1502 5408 1556 5453 et
1581 5401 1876 5469 praevidens

284 5481 464 5538 futura
485 5527 501 5549 ,
533 5484 604 5539 ita
633 5486 681 5541 ei
712 5487 1137 5543 benedictionem
1167 5489 1311 5543 dedi.
1354 5490 1482 5544 Nam
1524 5492 1649 5547 licet
1687 5506 1873 5550 natura

284 5579 573 5646 primatum
604 5579 797 5634 habeat
828 5580 1097 5636 Manasses
1116 5621 1131 5644 ,
1161 5581 1254 5635 sed
1283 5581 1490 5637 Iuvenis
1516 5585 1603 5638 ille
1630 5589 1794 5657 major
1819 5605 1876 5643 eo

285 5668 404 5732 erit,
433 5678 479 5721 et
501 5686 670 5723 semen
692 5671 802 5740 ejus
828 5671 881 5724 in
904 5672 1277 5726 multitudinem
1298 5676 1539 5744 gentium.
1564 5675 1676 5731 Hoc
1700 5688 1874 5733 autem

288 5769 458 5813 totum
491 5760 684 5816 factum
715 5774 818 5829 est,
850 5766 971 5834 quia
1003 5765 1125 5820 hinc
1153 5782 1373 5837 regnum
1402 5767 1873 5829 demonstrabatur

283 5854 637 5912 moriturum.
688 5857 974 5929 Propterea
1027 5857 1345 5931 praedicens
1372 5860 1541 5917 futura
1568 5903 1582 5931 ,
1629 5863 1706 5921 sic
1749 5880 1871 5922 eum

1297 431 1367 487 ΙΝ
1407 430 1557 485 CAP.
1588 427 1818 483 XLVlil.
1862 425 2103 481 GENES.
2146 425 2375 482 HOMIL.
2416 424 2601 483 LXVI.

3454 422 3560 480 570

1971 540 2255 595 benedicit.
2285 541 2375 595 20.
2408 540 2470 594 Et
2494 538 2745 594 benedixit
2770 554 2872 604 eos,
2899 538 3071 593 dicens
3093 554 3113 592 :
3137 535 3203 591 In
3229 537 3365 592 vobis
3400 539 3547 590 bene-

1971 630 2136 685 dicent
2160 630 2343 695 Israel,
2388 631 2607 685 dicentes
2633 646 2653 686 :
2680 629 2857 685 Faciat
2881 640 2928 683 te
2968 629 3104 683 Deus
3146 630 3274 683 sicut
3306 628 3557 698 Epitraint

1969 732 2017 774 et
2057 720 2315 776 Manasse.
2357 720 2427 775 Et
2468 723 2634 792 posuit
2680 720 2929 791 Epitraim
2966 730 3084 775 ante
3126 719 3418 774 Manassen.
3458 719 3560 785 lla,

1974 812 2165 882 inquit,
2197 814 2355 867 ambo
2383 823 2542 867 erunt
2567 813 2824 883 gloriosi,
2854 823 2911 867 ut
2935 827 3124 866 omnes
3154 813 3206 866 in
3236 812 3431 881 optatis
3460 810 3557 863 ha-

1973 906 2131 959 beant
2159 906 2222 958 atl
2251 906 2492 960 eamdem
2518 922 2639 960 cum
2681 906 2787 960 illis
2813 906 3033 976 gloriam
3064 905 3344 977 pervenire
3373 922 3386 958 :
3417 914 3559 955 atta—

1972 1011 2095 1051 men
2140 997 2291 1067 prior
2334 998 2436 1052 erit
2481 997 2733 1066 Ephraim
2778 997 3037 1050 Manasse.
3090 996 3248 1050 Vides
3290 994 3561 1064 quomodo

1973 1087 2141 1155 gratia
2187 1087 2281 1141 Dei
2332 1087 2772 1156 praemonstrabat
2802 1088 2851 1142 ei
2901 1086 3109 1150 futura,
3155 1101 3218 1139 ac
3247 1084 3562 1157 prephetico

1974 1176 2185 1230 alﬁatns
2208 1175 2395 1245 spiritu
2430 1176 2548 1230 ﬁliis
2578 1176 2777 1247 Joscph
2808 1174 3157 1242 benedixerit,
3189 1184 3243 1229 et
3270 1175 3411 1245 quod
3440 1183 3557 1228 tan-

1975 1268 2042 1321 tis
2070 1268 2394 1336 temporibus
2413 1268 2616 1334 aberat,
2648 1278 2914 1338 tamquam
2938 1282 3173 1338 praesens
3197 1277 3251 1322 et
3274 1280 3395 1322 ante
3426 1284 3558 1322 ocu~

1962 1358 2055 1412 ‘los
2078 1359 2236 1412 situm
2264 1358 2495 1412 viderit?
2518 1359 2627 1413 lloc
2646 1359 2787 1413 enim
2806 1358 2963 1413 modo
2985 1374 3044 1413 se
3072 1358 3232 1413 habet
3259 1358 3556 1429 prophetia.

2053 1447 2201 1501 Oculi
2224 1448 2343 1516 ﬁdei
2368 1450 2760 1519 perspicaciores
2781 1450 3052 1520 corporeis.
3077 1449 3291 1503 Moralis
3311 1450 3559 1520 epilogus.

1974 1568 2046 1580 -—
2070 1540 2198 1594 Nam
2231 1541 2367 1595 sicut
2404 1541 2542 1595 oculi
2586 1541 2893 1612 corporales
2920 1540 3050 1595 nihil
3080 1540 3305 1611 amplius
3334 1550 3556 1611 printer-

1976 1645 2133 1699 quam
2160 1631 2387 1685 visibilia
2423 1640 2665 1703 spectare
2694 1641 2935 1702 possunt,
2962 1634 3032 1686 ita
3062 1640 3115 1687 et
3141 1631 3281 1686 oculi
3305 1631 3423 1685 ﬁdei
3452 1647 3560 1685 non

1977 1739 2096 1793 qua:
2118 1724 2364 1778 videntur
2380 1734 2642 1796 spectant,
2665 1724 2759 1779 sed
2789 1726 2871 1778 illa
2890 1724 3089 1786 vident,
3113 1738 3232 1794 quae
3255 1724 3420 1778 multo
3445 1732 3564 1793 post

1978 1813 2151 1869 futura
2177 1824 2321 1868 sunt.
2356 1816 2422 1869 Et
2450 1815 2553 1870 hoc
2578 1815 2907 1871 manifestius
2935 1816 3116 1870 scietis
3140 1831 3204 1870 ex
3234 1815 3564 1870 benedictio-

1978 1908 2154 1971 nibus,
2179 1922 2310 1977 quas
2333 1908 2442 1962 suis
2467 1908 2588 1962 ﬁliis
2608 1908 2718 1962 dat.
2747 1907 3008 1963 Caeterum
3035 1924 3099 1962 ne
3120 1909 3337 1978 longum
3362 1923 3566 1963 sermo-

1979 2014 2102 2053 nem
2131 1998 2387 2054 iaciamus
2409 2042 2424 2068 ,
2454 2000 2727 2069 multoque
2752 2014 2847 2054 vos
2870 2015 3156 2054 oneremus
3187 2000 3369 2055 labore
3392 2042 3406 2065 ,
3436 2015 3565 2054 con-

1979 2096 2110 2147 tenti
2150 2092 2348 2159 dictis,
2380 2093 2433 2146 in
2474 2101 2786 2163 sequentem
2831 2108 3132 2147 sermonem
3174 2092 3567 2147 res-errabimus

1980 2184 2211 2237 ﬁliorum
2242 2184 2358 2252 ejus
2386 2184 2831 2239 benedictionem.
2884 2183 3016 2238 lllud
3050 2192 3224 2238 tamen
3251 2184 3569 2239 obsecrave—

1978 2276 2079 2331 rim
2107 2286 2335 2331 vestram
2363 2276 2669 2343 caritatem,
2699 2286 2756 2329 ut
2780 2275 3055 2330 imitemini
3082 2277 3283 2346 justum
3314 2277 3481 2339 ltunc,
3510 2283 3569 2329 et

1983 2368 2114 2422 tales
2142 2368 2465 2423 hereditates
2492 2368 2613 2421 ﬁliis
2634 2366 2825 2421 vestris
2852 2366 3160 2437 relinquatis
3181 2408 3195 2430 ,
3224 2382 3339 2436 quae
3367 2381 3396 2419 a
3424 2364 3569 2419 nullo

1979 2476 2233 2529 umquam
2254 2460 2506 2514 damnum
2523 2460 2767 2527 accipere
2784 2460 3008 2529 possint.
3034 2458 3234 2513 Divitiae
3253 2459 3391 2513 enim
3415 2472 3558 2527 smpe

1980 2550 2142 2604 etiam
2168 2551 2549 2619 accipientibus
2572 2550 2859 2618 perniciem
2884 2559 3225 2620 pepererunt,
3251 2562 3298 2604 et
3326 2548 3565 2613 insidias,

1978 2648 2038 2693 et
2066 2640 2229 2693 multa
2262 2640 2493 2709 pericula
2530 2656 2542 2692 :
2575 2638 2657 2694 hic
2688 2649 2865 2694 autem
2886 2639 3018 2693 nihil
3054 2641 3154 2694 tale
3179 2639 3433 2709 suspicari
3470 2654 3571 2708 pu-

1980 2732 2111 2786 teris
2150 2748 2419 2802 umquam.
2473 2732 2779 2787 Thesaurus
2815 2733 2958 2787 enim
2997 2742 3118 2800 est,
3154 2734 3242 2802 qui
3282 2748 3569 2803 numquam

1981 2827 2270 2891 exhauriri,
2302 2842 2589 2895 numquam
2617 2834 2792 2895 potest
2819 2827 3093 2884 consumi;
3127 2827 3439 2892 thesaurus,
3472 2828 3565 2896 qui

1980 2935 2087 2973 non
2118 2918 2391 2973 hominum
2413 2918 2573 2984 dolis,
2601 2933 2700 2973 nec
2725 2918 2988 2974 latronum
3015 2917 3238 2983 insidiis,
3265 2934 3369 2972 non
3400 2918 3571 2971 fatnuo

1983 3009 2161 3064 lorum
2190 3010 2409 3075 malitia,
2435 3025 2539 3064 non
2570 3010 2672 3065 alio
2699 3009 2946 3080 quopiam
2973 3008 3214 3063 imminui
3244 3019 3448 3079 potest,
3473 3010 3568 3064 sed
3602 2990 3609 2999 ’

1982 3113 2241 3173 perpetuo
2274 3112 2452 3158 manet
2485 3121 2497 3155 :
2527 3102 2816 3172 spiritualis
2854 3103 2997 3155 enim
3030 3110 3108 3156 est
3134 3143 3148 3167 ,
3182 3101 3425 3158 humanis
3461 3118 3568 3157 non

1980 3193 2177 3247 cedens
2217 3192 2422 3247 insidiis
2446 3232 2462 3257 ,
2495 3192 2589 3247 sed
2630 3207 2755 3247 cum
2784 3192 2847 3245 iis
2872 3191 2963 3261 qui
3003 3192 3148 3245 illum
3177 3192 3447 3261 accipiunt
3468 3233 3482 3254 ,
3515 3202 3571 3247 et

1979 3282 2145 3337 sobrii
2174 3297 2293 3337 esse
2333 3283 2514 3336 volunt
2557 3297 2620 3337 ac
2659 3283 2986 3352 prudentes,
3030 3281 3082 3334 in
3133 3281 3359 3336 futuram
3403 3282 3568 3337 vitam

1980 3374 2248 3444 migrabit,
2282 3383 2335 3429 et
2357 3376 2436 3431 eis
2463 3384 2661 3430 mterna
2689 3375 3009 3445 prteparabit
3035 3374 3393 3430 tabernacula.

2051 3467 2106 3521 4.
2144 3465 2223 3521 Ne
2258 3467 2419 3537 igitur
2455 3480 2670 3536 operam
2713 3475 2947 3520 nostram
2989 3467 3037 3519 in
3078 3465 3407 3536 colligendas
3435 3480 3567 3537 opes

1980 3560 2306 3614 collocemus
2329 3600 2344 3626 ,
2376 3574 2509 3629 quas
2550 3558 2915 3628 relinquamus
2951 3557 3105 3621 ﬁliis;
3154 3557 3246 3612 sed
3282 3556 3571 3613 doceamus

1976 3667 2075 3707 eos
2102 3653 2373 3718 virtutem,
2398 3660 2452 3705 et
2477 3650 2898 3705 benedictionem
2929 3650 3022 3705 Dei
3055 3651 3159 3704 illis
3186 3664 3557 3719 apprecemur.

1980 3740 2099 3796 Ista:
2135 3742 2277 3796 enim
2303 3783 2319 3805 ,
2358 3742 2475 3796 ista:
2519 3742 2764 3796 maximae
2791 3751 2913 3795 sunt
2942 3740 3218 3795 facultates
3247 3758 3261 3794 :
3294 3741 3409 3794 istae
3438 3749 3567 3795 sunt

1980 3834 2275 3890 ineﬁ‘abiles
2301 3833 2497 3888 divitiae
2517 3874 2533 3899 ,
2560 3848 2679 3903 qua:
2708 3848 2812 3886 non
2838 3834 3210 3899 absumuntur,
3237 3848 3358 3903 qua:
3386 3836 3567 3901 quoti-

1980 3925 2068 3980 die
2110 3924 2461 3979 substantiam
2500 3933 2735 3978 nostram
2776 3932 2992 3993 augent.
3038 3923 3177 3978 Nihil
3204 3923 3347 3978 enim
3386 3922 3567 3977 virtuti

1981 4032 2112 4088 par,
2149 4014 2282 4070 nihil
2307 4016 2503 4069 virtute
2542 4014 2806 4085 potentius
2837 4030 2854 4067 :
2880 4015 3086 4069 etiamsi
3113 4014 3241 4068 mihi
3270 4014 3417 4069 dicas
3441 4029 3565 4068 eum

1979 4110 2068 4181 qui
2093 4125 2314 4179 regnum
2339 4108 2517 4173 habet,
2540 4124 2602 4164 ac
2626 4108 2864 4162 diadema
2888 4110 3042 4179 gerit,
3067 4108 3165 4162 nisi
3193 4107 3328 4161 hanc
3350 4106 3564 4173 habeat,

1979 4202 2169 4273 quovis
2198 4201 2545 4271 panniculoso
2572 4215 2806 4270 paupere
2831 4201 3076 4255 miserior
3103 4201 3224 4254 erit.
3259 4199 3394 4266 Quid
3421 4199 3565 4254 enim

1979 4294 2057 4349 illi
2086 4292 2339 4364 prodesse
2378 4292 2571 4361 poterit
2604 4291 2846 4346 diadema
2876 4301 2967 4346 aut
2994 4306 3242 4361 purpura,
3274 4292 3361 4361 qui
3392 4291 3568 4346 virtu-

1980 4395 2089 4441 tem
2130 4400 2224 4439 sua
2254 4384 2451 4439 desidia
2482 4383 2693 4453 perdit?
2738 4383 2999 4454 Numquid
3029 4384 3285 4438 Dominus
3310 4393 3565 4438 externa-

1978 4494 2097 4533 rum
2128 4478 2441 4548 dignitatum
2466 4477 2775 4531 varietatem
2807 4476 3048 4544 spectat?
3076 4476 3329 4545 numquid
3373 4490 3563 4544 persoa

1980 4587 2167 4626 narum
2194 4570 2359 4642 gloria
2390 4571 2768 4640 permovetur?
2798 4568 2969 4624 Unum
3000 4578 3083 4624 est
3111 4568 3218 4623 illic
3245 4568 3387 4639 quod
3417 4584 3563 4637 quaa—

1979 4664 2114 4718 ritur
2136 4705 2151 4729 ,
2183 4673 2241 4717 ut
2285 4678 2380 4732 per
2408 4663 2769 4731 operationem
2800 4663 3054 4716 virtutum
3084 4670 3296 4731 apertas
3326 4661 3566 4716 invenire

1981 4757 2248 4826 possimus
2288 4756 2480 4825 januas
2525 4756 2726 4811 ﬁducita
2777 4755 2829 4810 in
2881 4755 3048 4810 Deum
3083 4770 3245 4815 :nam
3291 4756 3380 4825 qui
3432 4754 3565 4808 nihil

1983 4850 2188 4904 ﬁducia:
2217 4849 2339 4902 hinc
2359 4850 2546 4915 defert,
2576 4849 2714 4904 inter
2741 4848 3119 4918 ignominiosos
3141 4857 3195 4903 et
3219 4847 3565 4917 desperantes

1982 4943 2154 4996 locum
2184 4942 2415 4995 habebit.

2058 5034 2294 5087 Pecunia:
2335 5033 2507 5087 virtuti
2534 5033 2753 5088 obstant.
2793 5061 2865 5073 —-
2892 5032 3001 5086 Hoc
3027 5031 3184 5101 igitur
3212 5044 3402 5085 omnes
3430 5044 3558 5084 con-

1981 5127 2275 5181 sideremus
2299 5165 2314 5189 ,
2352 5135 2405 5179 et
2434 5134 2645 5180 nostros
2690 5125 2825 5178 lilios
2865 5124 3148 5177 doceamus
3175 5163 3190 5187 ,
3223 5129 3281 5175 ut
3307 5122 3561 5175 virtutem

1981 5219 2140 5274 rebus
2156 5219 2401 5273 omnibus
2413 5218 2715 5287 prmferant,
2735 5216 2989 5285 nihilique
3003 5214 3195 5269 faciant
3212 5214 3560 5284 pecuniarum

1981 5310 2379 5365 abundantiam.
2411 5310 2537 5363 llaec
2566 5311 2741 5373 enim,
2773 5309 2886 5363 haec
2924 5316 3007 5363 est
3044 5324 3161 5377 qure
3204 5307 3385 5361 virtuti
3423 5322 3569 5377 smpe

1984 5404 2268 5471 plurimum
2314 5402 2489 5456 obstat
2519 5420 2532 5457 :
2560 5400 2985 5471 quandoquidem
3034 5400 3279 5455 nesciunt
3327 5400 3567 5469 pecuniis

1985 5496 2059 5548 uti
2098 5495 2324 5563 juvenes
2368 5503 2427 5548 ut
2470 5501 2701 5564 oportet.
2733 5494 2801 5547 Et
2843 5494 2980 5547 sicut
3016 5493 3162 5562 parvi
3203 5492 3353 5561 pueri
3381 5508 3565 5562 smpe,

1982 5588 2195 5659 quando
2215 5588 2458 5642 cultellos
2477 5599 2528 5643 et
2549 5588 2749 5658 gladios
2771 5589 3050 5657 arripiunt,
3073 5600 3139 5640 eo
3160 5585 3298 5656 quod
3324 5589 3565 5643 nesciunt

1983 5682 2118 5735 bene
2148 5680 2251 5735 illis
2277 5681 2372 5744 uti,
2406 5679 2789 5749 periclitantur,
2822 5678 2962 5733 umle
2992 5689 3190 5734 matres
3213 5694 3318 5733 non
3346 5680 3561 5749 permit-

1984 5784 2103 5830 tunt
2132 5774 2233 5829 illis
2264 5789 2357 5831 eos
2392 5775 2607 5842 impune
2635 5774 2895 5844 attingere
2925 5793 2937 5826 :
2969 5775 3035 5828 ita
3064 5772 3303 5843 profecto
3333 5783 3386 5828 et
3412 5776 3565 5843 juve-

1984 5881 2101 5934 nes,
2132 5864 2220 5937 qui
2274 5867 2614 5936 pecuniarum
2657 5863 3030 5922 abundantiam
3069 5865 3402 5937 susceperint
3444 5878 3567 5921 cum
