4038 6358
317 315 425 373 875

308 451 671 511 migraturus,
691 436 812 499 volo
832 444 1126 515 unicuique
1143 455 1381 502 vestrum
1409 448 1563 517 quasi
1584 448 1639 501 in
1659 448 1819 501 titulo
1837 458 1890 502 et

308 534 565 587 columna
576 548 714 589 aerea
728 536 1044 590 memoriam
1057 538 1381 606 insculpere.
1395 539 1689 593 Considera
1706 548 1886 592 autem

301 624 543 693 justum,
564 626 840 695 quomodo
862 631 1210 699 congregatis
1234 630 1446 694 liberis,
1467 631 1726 684 natalium
1768 646 1888 685 ser-

306 724 437 769 vato
460 716 675 779 ordine,
700 718 998 788 unicuique
1017 730 1406 791 congruentem
1442 723 1531 775 det
1548 723 1630 776 vel
1652 723 1883 776 maledi-

305 805 548 860 ctionem
562 807 643 860 vel
670 806 1101 863 benedictionem
1124 819 1210 864 :et
1233 808 1285 865 in
1308 812 1408 865 hoc
1432 823 1745 867 monstrans
1772 828 1884 868 suae

304 896 531 950 virtutis
551 897 934 962 eminentiam,
953 898 1180 968 incipiat
1207 916 1237 954 a
1272 902 1465 971 primo.
1496 903 1549 958 3.
1573 901 1770 965 Ruben,
1799 904 1854 957 in

303 988 445 1057 quit,
464 989 863 1058 primogenitus,
893 991 1151 1059 fortitudo
1174 1005 1371 1054 mea,et
1386 996 1705 1065 principium
1740 997 1883 1066 ﬁlio-

300 1095 425 1131 rum
456 1080 910 1136 meorumuiurus
943 1083 1013 1136 ad
1027 1084 1321 1152 ferendum,
1346 1086 1513 1141 durus
1544 1098 1593 1140 et
1612 1092 1876 1155 pervicax.

302 1168 443 1225 Vide
459 1180 666 1242 quanta
698 1174 969 1243 sapientia
987 1175 1144 1244 justi.
1173 1177 1375 1233 Volens
1400 1180 1544 1233 enim
1570 1182 1881 1236 accusatio-

302 1277 429 1316 nem
456 1263 628 1332 magis
661 1263 888 1327 intendi,
912 1267 1063 1335 prius
1082 1269 1217 1323 dixit
1239 1271 1519 1342 privilegia
1546 1272 1596 1326 ei
1622 1288 1652 1326 a
1686 1282 1879 1328 natura

300 1367 594 1416 concessa,
622 1365 675 1409 et
709 1355 1032 1427 dignitatem
1062 1376 1227 1431 quam
1254 1363 1495 1427 tenebat,
1529 1379 1654 1419 eum
1684 1380 1880 1436 nempe

300 1444 633 1515 principium
654 1446 971 1511 filiorum,et
990 1454 1431 1524 primogenitum
1443 1457 1650 1512 honore
1666 1462 1876 1511 clarqu

298 1549 457 1589 esse:
486 1545 542 1591 et
563 1549 751 1606 postea
773 1551 998 1609 peccata
1027 1543 1173 1599 illius
1194 1547 1350 1615 quasi
1374 1548 1428 1600 in
1452 1562 1590 1601 terea
1621 1549 1875 1603 columna

300 1621 597 1680 inscribit:
630 1638 946 1685 monstrans
977 1632 1113 1685 nihil
1145 1635 1429 1703 profutura
1456 1637 1616 1692 nobis
1651 1654 1772 1693 esse
1806 1654 1872 1693 ea

296 1730 423 1784 quae
452 1731 483 1768 a
518 1725 713 1771 natura
737 1719 947 1785 insunt,
978 1722 1082 1775 nisi
1119 1732 1173 1776 et
1204 1726 1504 1781 voluntatis
1536 1727 1677 1781 bona
1707 1742 1873 1798 opera

298 1814 607 1875 sequantur
641 1828 653 1861 :
680 1810 793 1864 haec
819 1812 963 1864 enim
984 1820 1113 1867 sunt
1136 1829 1257 1883 qua:
1275 1824 1327 1868 et
1353 1815 1566 1870 laudem
1594 1817 1792 1872 habent
1821 1826 1875 1871 et

298 1898 660 1971 vituperium.
700 1900 901 1964 Durus,
938 1903 1136 1973 inquit,
1191 1906 1258 1959 ad
1291 1907 1588 1975 ferendum,
1618 1909 1785 1963 durus
1820 1918 1873 1964 et

290 1990 812 2057 pervicax.Naturae,
846 1995 1042 2064 inquit,
1068 1994 1385 2067 dignitatem
1412 1999 1507 2052 tibi
1532 2000 1712 2054 datam
1734 2000 1872 2054 ami-

294 2079 422 2133 sisti
444 2083 664 2150 propria
688 2089 781 2136 tua
815 2086 1142 2142 temeritate.
1168 2088 1374 2144 Deinde
1405 2097 1461 2143 et
1490 2092 1727 2161 speciem
1754 2107 1872 2161 pec-

294 2172 406 2224 cati
438 2172 578 2228 bene
609 2175 870 2246 scriptam
895 2178 1174 2248 relinquit,
1210 2181 1284 2233 ita
1315 2188 1373 2235 ut
1400 2182 1546 2251 quod
1576 2183 1666 2238 ille
1705 2198 1868 2239 accu-

295 2268 455 2315 satus
474 2264 948 2335 reprehensusque
980 2267 1074 2331 sit,
1100 2272 1336 2338 posteris
1358 2287 1552 2342 magna
1582 2274 1655 2327 sit
1676 2275 1866 2329 erudi-

293 2350 394 2416 tio,
420 2367 489 2405 ne
520 2352 719 2407 similia
734 2364 1021 2411 attenteut.
1062 2359 1117 2413 4.
1150 2359 1486 2416 Contumelia
1520 2364 1768 2433 a/j‘ecisti,
1799 2368 1866 2420 si—

291 2450 384 2495 cut
416 2459 559 2511 aqua
587 2461 689 2498 non
712 2447 1038 2514 elfcrrescas.
1061 2450 1527 2519 Ascendistienim,
1552 2456 1750 2526 inquit,
1772 2474 1865 2511 su—

285 2546 385 2599 per
428 2531 618 2586 lectum
648 2539 818 2603 patris
856 2539 933 2591 tui
970 2555 988 2592 :
1038 2549 1162 2594 tunc
1204 2543 1443 2610 polluisti
1469 2556 1696 2600 stratum
1722 2549 1860 2618 quod

286 2625 600 2681 ascendisti.
637 2625 920 2697 Significat
949 2633 1301 2687 concubitum
1326 2635 1446 2703 ejus
1480 2652 1601 2691 cum
1638 2638 1804 2693 Balla.

359 2709 415 2763 2.
456 2711 584 2767 Vide
619 2714 884 2783 quomodo
914 2731 1009 2786 per
1034 2719 1346 2788 sapientiam
1376 2737 1405 2775 a
1445 2721 1640 2791 Spiritu
1681 2733 1864 2779 sancto

288 2802 392 2857 sibi
419 2802 616 2873 datam,
642 2806 784 2873 prius
804 2808 934 2862 dixit
960 2808 1011 2863 id
1043 2810 1180 2879 quod
1212 2822 1391 2880 postea
1423 2813 1597 2868 Moses
1627 2814 1762 2869 inter
1792 2818 1864 2871 le-

295 2908 393 2962 ges
420 2896 776 2951 recensiturus
802 2908 938 2967 erat,
966 2915 1069 2955 non
1103 2902 1258 2957 licere
1283 2919 1401 2957 cum
1432 2905 1613 2960 eadem
1643 2908 1863 2964 muliere

290 2994 494 3052 patrem
541 2994 596 3040 et
641 2987 804 3041 lilium
854 3004 964 3044 rem
993 2990 1188 3046 habere
1231 2992 1371 3063 (Lev.
1404 2995 1485 3050 t8.
1519 2996 1593 3067 8).
1630 2997 1696 3051 Ει
1724 3015 1862 3053 nunc

288 3075 430 3130 istud
453 3077 587 3147 ipse,
617 3078 781 3134 filium
813 3097 965 3137 suum
989 3082 1327 3153 increpando,
1356 3087 1431 3141 sic
1455 3090 1713 3156 prohibet.
1741 3090 1865 3145 Pol-

287 3166 452 3233 luisti,
482 3169 668 3239 inquit,
699 3182 931 3238 stratum,
971 3174 1264 3229 ascendens
1290 3192 1451 3246 super
1477 3178 1670 3234 lectum
1698 3184 1861 3251 patris

290 3261 388 3315 tui.
420 3262 553 3317 Rem
574 3279 876 3334 perversam
905 3268 1087 3322 fecisti.
1112 3268 1333 3338 Propter
1352 3269 1455 3326 hoc
1478 3272 1615 3341 quod
1644 3274 1709 3327 ita
1730 3273 1864 3328 Con-

290 3355 500 3407 tumelia
537 3371 624 3409 me
665 3356 898 3423 effecisti,
929 3360 1054 3412 sicut
1095 3377 1224 3430 aqua
1252 3377 1351 3415 non
1391 3361 1699 3429 elfervescas.
1744 3364 1861 3419 Inu-

286 3448 397 3503 tilis
414 3449 537 3516 erit,
564 3452 751 3521 inquit,
777 3451 864 3507 ille
888 3461 1106 3507 conatus
1128 3463 1244 3509 tuus
1269 3472 1282 3507 :
1307 3456 1444 3525 quod
1471 3472 1639 3526 neque
1661 3467 1859 3526 patrem

286 3540 567 3607 reveritus,
594 3543 829 3611 polluere
853 3543 968 3612 ejus
992 3545 1183 3598 lectum
1211 3560 1370 3600 ausus
1396 3546 1577 3601 fueris.
1612 3546 1676 3601 Ut
1704 3546 1861 3617 igitur

284 3616 430 3684 nunc.
470 3632 519 3684 in
551 3634 890 3700 sequentibus
928 3635 1357 3703 generationibus
1388 3636 1507 3690 talia
1551 3652 1706 3690 nemo
1737 3637 1859 3690 imi-

286 3729 458 3786 tctur,
493 3734 770 3792 prepterea
799 3724 1027 3794 Spiritus
1055 3736 1268 3780 sanctus
1295 3727 1576 3793 ordinavit,
1608 3738 1663 3782 ut
1696 3730 1860 3784 literis

283 3813 685 3868 commendetur
720 3813 835 3869 ιιωο
862 3819 1164 3870 accusatio:
1209 3826 1264 3871 et
1292 3833 1477 3872 omnes
1506 3820 1593 3888 qui
1642 3821 1861 3876 audiunt

284 3902 595 3956 erudiantur
616 3943 633 3966 ,
663 3904 937 3975 sciantque
967 3906 1245 3961 manifeste
1266 3949 1281 3971 ,
1314 3906 1444 3961 nihil
1487 3910 1736 3978 prodesse
1774 3913 1857 3966 di-

285 3993 546 4061 gnitatem
567 4004 764 4049 natura:
778 4011 1105 4065 concessam,
1122 3998 1222 4051 nisi
1243 4009 1292 4053 et
1309 4000 1594 4054 voluntatis
1609 4002 1858 4058 accedant

285 4093 624 4138 ornamenta.
648 4084 845 4142 Deinde
865 4087 985 4157 quia
1007 4089 1137 4144 satis
1156 4089 1458 4145 traduxerat
1480 4092 1735 4147 nefarium
1760 4094 1860 4149 hoc

285 4188 445 4241 opus,
478 4177 621 4230 venit
644 4176 710 4230 ad
735 4177 1052 4248 Symeonem
1078 4190 1133 4236 et
1157 4181 1306 4236 Levi.
1334 4183 1387 4238 5.
1420 4184 1641 4254 Symeon
1671 4195 1716 4239 et
1740 4186 1861 4240 Levi

281 4265 659 4334 compleverunt
680 4269 981 4340 injustitiam
999 4272 1269 4327 voluntatis
1294 4291 1420 4327 sum.
1451 4277 1733 4331 Coutentio
1760 4293 1857 4332 eo-

284 4369 428 4421 rum,
459 4373 615 4426 quam
664 4370 876 4428 prOpter
916 4378 1153 4419 sororem
1186 4379 1336 4419 suam
1365 4366 1718 4435 declararunt,
1765 4386 1859 4425 eos

284 4447 339 4501 iu
368 4446 674 4515 injustitiam
706 4451 847 4506 illam
878 4452 1100 4523 impulit.
1146 4456 1345 4512 Deinde
1373 4457 1649 4514 declarans
1680 4477 1771 4517 eos
1801 4478 1859 4518 se

282 4537 471 4608 ignaro
498 4555 609 4594 rem
639 4540 840 4607 fecisse,
870 4544 1033 4601 dicit:
1075 4546 1127 4600 6.
1165 4546 1230 4600 In
1265 4550 1529 4603 consilium
1561 4567 1732 4605 eorum
1758 4569 1859 4607 non

280 4629 449 4682 veniat
473 4631 643 4684 anima
667 4649 796 4699 mea,
824 4643 871 4687 et
904 4636 955 4688 in
994 4647 1121 4689 coetu
1148 4655 1319 4692 eorum
1353 4657 1453 4694 non
1492 4643 1756 4710 ﬁrmentur
1770 4644 1857 4715 je-

281 4734 406 4772 cora
442 4737 568 4774 mea.
596 4721 765 4785 Absit,
797 4725 984 4795 inquit,
1013 4739 1070 4782 ut
1096 4732 1479 4786 communicem
1511 4749 1693 4788 eorum
1731 4751 1859 4790 sen-

283 4811 486 4877 tentiae,
519 4821 573 4867 et
607 4813 869 4885 obsequar
909 4819 987 4871 eis
1025 4819 1076 4872 in
1125 4821 1188 4873 iis
1228 4837 1346 4891 quae
1387 4822 1579 4892 injuste
1613 4837 1853 4895 egerunt.

285 4898 421 4963 Quia
448 4901 503 4954 in
532 4906 705 4972 furore
730 4922 821 4959 suo
848 4907 1139 4961 occiderunt
1169 4911 1411 4967 homines.
1448 4913 1855 4982 lrrationabilis,

284 4990 478 5058 inquit,
506 4991 601 5045 fuit
625 5008 808 5048 eorum
830 4996 1139 5064 indignatio.
1168 4999 1298 5055 Nam
1325 5002 1448 5057 licet
1474 5017 1746 5073 peccasset
1768 5008 1860 5078 Syé

283 5082 442 5138 ehem
461 5126 479 5150 ,
509 5096 740 5142 attamen
771 5104 874 5143 nou
901 5091 1178 5158 oportebat
1203 5102 1401 5148 tantam
1427 5106 1657 5167 stragem
1687 5097 1860 5155 facere

281 5183 342 5228 et
361 5190 548 5229 omnes
573 5177 813 5246 perdere.
848 5178 913 5231 Et
942 5181 992 5233 in
1017 5183 1415 5250 concupiscentia
1450 5203 1545 5240 sua
1586 5187 1859 5242 subnerva-

283 5275 464 5318 verunt
505 5270 763 5321 tauram'.
801 5268 991 5323 Filium
1033 5271 1249 5325 Emmor
1293 5271 1378 5328 hic
1418 5276 1696 5345 significat.
1727 5278 1858 5333 Nam

282 5356 410 5424 quia
447 5357 500 5409 in
539 5356 745 5412 florenti
774 5370 929 5414 aetate
963 5370 1108 5426 erat,
1141 5371 1347 5417 taurum
1384 5379 1504 5420 eum
1550 5369 1859 5423 nominavit.

286 5444 491 5502 Deinde
516 5460 572 5501 ut
594 5449 725 5504 dixit
750 5466 812 5505 ea
840 5467 956 5521 qua:
977 5450 1227 5519 fecerant,
1250 5455 1407 5509 etiam
1438 5458 1863 5516 maledictionem

284 5540 507 5607 apponit
529 5548 583 5594 et
604 5540 764 5594 dicit:
793 5543 847 5596 7.
876 5541 1175 5598 Maledictus
1203 5549 1346 5616 furor
1368 5563 1540 5602 eorum
1558 5589 1574 5615 ,
1604 5552 1720 5619 quia
1746 5570 1860 5622 per-

356 5639 840 5755 ttAlii,sufroderunt
880 5658 1108 5711 murum;
1148 5648 1219 5697 sic
1250 5648 1465 5712 Vulgata.
1502 5650 1604 5701 Vid.
1646 5654 1861 5719 Hexapla

356 5720 379 5755 s
404 5721 474 5755 ra.

288 5720 452 5757 DOSll‘a
460 5741 474 5754 .

1284 324 1349 382 ΙΝ
1388 325 1539 384 CAP.
1584 326 1762 381 XLIX.
1800 323 2034 381 GENES.
2077 328 2300 385 llOillL.
2346 332 2532 388 LXVI!

3465 352 3567 408 574

1994 447 2135 500 ricam
2172 464 2190 501 :
2216 461 2263 510 et
2288 451 2364 502 ira
2390 468 2582 519 eorum,
2613 454 2732 523 quia
2762 456 3006 511 obdurata
3030 471 3121 514 est.
3159 462 3343 516 Delum
3369 466 3567 535 signifi-

1989 547 2094 599 cat,
2140 553 2244 605 quo
2288 540 2411 594 illos
2448 542 2941 611 circumvenerunt,
2987 564 3049 602 ac
3084 565 3202 604 cum
3251 552 3375 606 dolo
3419 557 3562 625 ipsos

1988 627 2155 680 adorti
2186 639 2326 682 sunt.
2358 630 2607 686 Pervicax
2635 634 2774 687 enim
2796 675 2815 702 ,
2849 637 3036 707 inquit,
3069 640 3217 696 furor
3245 659 3451 711 eorum,
3482 658 3563 702 te-

1987 721 2262 783 merarius,
2294 723 2638 791 impetuosus,
2667 728 2870 784 ratione
2897 747 3102 788 carens.
3138 734 3203 788 Et
3250 738 3327 791 ira
3362 757 3559 805 eorum,

1985 810 2102 877 quia
2137 811 2381 863 obdurato
2414 824 2505 866 est.
2535 815 2756 880 Quando
2787 821 2925 874 enim
2951 822 3213 879 Secitnita:
3239 839 3556 896 putaverunt

1984 913 2076 954 eos
2105 901 2203 954 sibi
2233 903 2382 957 valde
2412 906 2630 970 amicos,
2665 918 2788 962 tunc
2817 914 2961 981 gravi
2993 915 3067 968 ira
3097 927 3149 970 et
3178 917 3317 972 bello
3342 937 3434 976 eos
3459 939 3557 993 op-

1982 1000 2310 1057 presserunt.
2355 994 2417 1047 Et
2441 995 2581 1049 dicto
2610 1012 2791 1053 eorum
2833 1013 3072 1071 peccato,
3117 1008 3244 1063 dicit
3272 1021 3326 1066 et
3348 1016 3557 1083 suppli—

1981 1078 2119 1132 cium
2149 1082 2287 1148 quod
2317 1083 2494 1138 luituri
2522 1097 2686 1141 erant.
2720 1089 2929 1145 Partiar
2957 1113 3039 1148 eos
3068 1099 3118 1150 in
3147 1099 3325 1165 Jacob,
3367 1078 3556 1159 et-dis-

1980 1169 2231 1224 seminabo
2259 1189 2342 1226 eos
2371 1175 2424 1227 in
2444 1174 2627 1231 Israel.
2660 1179 2882 1251 Ubique,
2911 1185 3097 1255 inquit,
3126 1190 3348 1260 dispersi
3379 1210 3560 1263 erunt,

1982 1267 2037 1311 ut
2063 1261 2201 1315 istud
2228 1264 2398 1333 ipsum
2430 1270 2762 1326 manifestum
2802 1274 2927 1341 fiat,
2972 1294 3065 1333 eos
3102 1296 3316 1352 propter
3356 1261 3557 1346 facinus

1978 1355 2316 1411 commissum
2348 1358 2397 1412 id
2425 1375 2610 1429 passos
2655 1364 2833 1420 fuisse.
2866 1369 2918 1423 8.
2944 1369 3103 1434 Iuda,
3140 1383 3186 1427 te
3211 1376 3417 1432 laudent
3446 1383 3555 1449 fra-

1979 1451 2075 1495 tres
2102 1445 2192 1497 tui.
2217 1445 2521 1503 Benedictio
2549 1452 2697 1507 Juda:
2718 1456 2833 1510 data
2865 1462 3081 1530 mystica
3105 1476 3205 1531 est,
3231 1445 3553 1539 prmsiguaos

1976 1534 2150 1585 omnia
2177 1551 2293 1603 qua:
2319 1538 2382 1591 ad
2416 1539 2680 1597 Christum
2701 1547 2946 1603 attinent.
2970 1552 3131 1617 Juda,
3156 1556 3340 1625 inquit,
3370 1534 3416 1613 te
3440 1562 3554 1615 lau-

1975 1620 2092 1674 dent
2136 1624 2319 1693 fratres
2367 1630 2454 1681 tui.
2505 1631 2633 1698 Quia
2683 1650 2745 1689 ex
2795 1636 2891 1691 hac
2922 1642 3055 1695 tribu
3086 1647 3385 1702 exon-iturus
3434 1666 3546 1708 erat

1973 1708 2215 1768 Christus
2244 1719 2530 1773 secundum
2561 1722 2969 1791 dispensationis
2986 1734 3266 1799 rationem,
3297 1752 3546 1809 propter-

1973 1815 2033 1854 ea
2062 1801 2254 1871 Spiritu
2286 1820 2470 1863 sancto
2494 1811 2701 1868 afflatus
2726 1815 2909 1884 Jacob,
2935 1822 3173 1889 prmdicit
3200 1801 3546 1898 peremptae

1973 1890 2023 1944 in
2053 1892 2240 1950 Judam
2267 1898 2536 1967 dicuntur,
2565 1919 2666 1957 non
2699 1907 2867 1961 solum
2899 1909 3213 1969 descensum
3247 1918 3454 1973 Domini
3477 1923 3544 1976 ad

1972 1979 2233 2049 homines,
2258 1989 2347 2042 sed
2372 2001 2423 2044 et
2444 1996 2773 2062 mysterium,
2802 2008 2854 2053 et
2873 2016 3103 2068 crucem,
3128 2015 3180 2060 et
3199 2011 3549 2079 sepulturam,

1972 2082 2025 2126 et
2054 2079 2521 2148 resurrectionem,
2560 2094 2615 2138 et
2644 2095 2700 2140 ut
2738 2090 2903 2144 semel
2938 2092 3132 2160 dicam,
3164 2100 3360 2154 omnia.
3408 2102 3549 2157 Jmla

1970 2165 2131 2227 enim,
2163 2167 2353 2236 inquit,
2379 2180 2427 2224 te
2450 2173 2656 2229 laudent
2676 2181 2857 2247 fratres
2875 2183 2947 2233 tui
2968 2199 2987 2235 :
3010 2201 3188 2238 manus
3213 2201 3311 2242 tua:
3332 2191 3382 2244 in
3407 2184 3551 2264 tergo

1968 2253 2287 2310 inimicorum
2330 2268 2533 2316 tuorum
2564 2281 2584 2318 :
2625 2277 2673 2320 et
2712 2270 2995 2325 adorabunt
3037 2284 3084 2328 te
3126 2277 3223 2345 ﬁlii
3250 2284 3406 2348 patris
3449 2253 3545 2339 tui.

1968 2340 2167 2409 Quibus
2193 2348 2444 2417 declarat,
2476 2368 2569 2408 eos
2598 2358 2953 2426 subjiciendos
2980 2365 3051 2418 illi
3084 2340 3222 2421 esse.
3334 2371 3542 2428 Catulus

1969 2433 2124 2487 leonis
2149 2435 2307 2494 Iuda.
2351 2440 2429 2495 De
2473 2447 2714 2514 germine,
2746 2451 2821 2516 fili
2862 2454 2949 2517 mi,
2983 2459 3269 2511 ascendisti.
3302 2460 3551 2532 Regnum

1968 2524 2083 2590 ejus
2124 2528 2378 2593 przedicit.
2408 2532 2629 2603 Semper
2662 2539 2801 2592 enim
2843 2539 3128 2613 Scriptura:
3158 2564 3271 2602 mos
3309 2524 3417 2615 estw,
3452 2570 3545 2623 per

1970 2612 2186 2682 figuram
2218 2617 2375 2687 hujus
2400 2623 2642 2680 animalis
2672 2631 2870 2699 regiam
2900 2641 3263 2695 auctoritatem
3307 2643 3539 2699 insinua-

1968 2717 2045 2756 re.
2076 2704 2384 2763 Recumbens
2409 2712 2682 2770 dormivisti
2719 2731 2771 2772 ut
2799 2723 2895 2789 leo,
2926 2736 2972 2778 et
3011 2729 3137 2782 sicut
3164 2734 3380 2787 catulus.
3411 2737 3537 2801 Quis

1967 2794 2199 2848 excitabit
2242 2801 2396 2853 eum?
2453 2804 2672 2860 Crucem
2737 2819 2791 2864 et
2840 2812 3175 2883 ‘sepulturam
3238 2821 3322 2876 hic
3369 2794 3537 2896 signi-

1967 2881 2105 2937 fleat.
2162 2886 2285 2952 Quis
2328 2893 2578 2960 excitabit,
2628 2897 2827 2968 inquit,
2865 2881 3023 2959 eum?
3066 2908 3210 2962 Sicut
3239 2913 3380 2968 enim
3414 2881 3537 2971 leo-

1966 2988 2087 3027 nem
2115 2978 2196 3031 vel
2225 2983 2452 3037 catulum
2493 2986 2842 3048 dormientem
2876 2999 3048 3051 nullus
3074 3002 3233 3057 audet
3270 3008 3498 3064 excitare
3518 3052 3537 3075 ,

1966 3065 2035 3118 ita
2066 3065 2358 3126 Dormivisti
2385 3085 2438 3128 ut
2464 3077 2560 3145 leo,
2593 3090 2640 3133 et
2665 3095 2717 3136 ut
2737 3088 2952 3143 catulus.
2980 3090 3103 3155 Quis
3128 3096 3360 3151 excitabit
3389 3065 3541 3158 eum}

1968 3156 2084 3227 Ipse
2130 3163 2270 3217 enim
2323 3176 2401 3221 est
2442 3171 2529 3239 qui
2574 3172 2743 3228 dicit:
2791 3176 3094 3236 Potestatem
3132 3187 3287 3242 habeo
3326 3196 3545 3257 ponendi

1964 3252 2185 3305 animam
2213 3272 2397 3321 meam,
2443 3271 2491 3313 et
2532 3274 2821 3331 potestatem
2864 3272 3020 3325 habeo
3046 3275 3223 3331 iterant
3268 3282 3540 3346 recipiendi

1964 3356 2072 3437 eam
2099 3341 2276 3437 (lana.
2305 3348 2392 3401 i0.
2436 3349 2754 3421 i8).Postea
2791 3368 2845 3412 et
2873 3369 3077 3430 tempus
3117 3382 3324 3437 quoque
3366 3341 3541 3426 inani-

1967 3426 2098 3485 feste
2124 3432 2393 3501 declarat,
2423 3456 2527 3506 quo
2546 3443 2865 3503 adventuros
2887 3451 2948 3503 sit
2980 3454 3220 3510 Christus
3248 3460 3537 3517 secundum

1963 3517 2369 3589 dispensationis
2426 3532 2702 3587 rationem.
2757 3537 2841 3591 10.
2875 3538 2995 3593 Νοη
3050 3542 3273 3612 deﬁciet,
3327 3550 3533 3620 inquit,

1963 3611 2194 3683 princeps
2221 3615 2283 3668 de
2307 3615 2466 3684 Juda,
2500 3638 2657 3691 neque
2691 3626 2795 3679 dua:
2830 3628 2891 3679 de
2918 3633 3188 3698 femoribus
3217 3637 3343 3705 ejus,
3376 3640 3541 3696 donec:

1967 3703 2153 3768 ueniat,
2182 3708 2261 3757 cui
2287 3710 2557 3776 repositum
2584 3723 2655 3767 est
2680 3732 2700 3768 .'
2729 3727 2775 3769 et
2799 3718 2907 3785 ipse
2948 3723 3041 3775 erit
3079 3703 3378 3793 exspectatio
3414 3750 3538 3802 gen-

1964 3794 2111 3850 tium.
2143 3796 2385 3866 Tamdiu,
2417 3803 2615 3872 inquit,
2642 3806 2903 3864 durabunt
2930 3811 3164 3882 Judaica,
3192 3827 3244 3872 et
3266 3794 3529 3893 principes

1961 3884 2283 3953 Judworum,
2309 3891 2477 3947 donec
2499 3895 2586 3947 ille
2606 3899 2827 3951 venerit.
2851 3901 2913 3955 Et
2938 3902 3235 3974 benedixit,
3260 3884 3532 3968 bonec-ille

1961 3977 2167 4043 venerit,
2198 3981 2279 4032 cui
2297 3982 2569 4050 repositum
2594 4000 2706 4040 est:
2730 3991 2878 4057 quasi
2903 3990 3059 4059 dicat,
3093 3995 3187 4051 llle
3212 4000 3295 4052 cui
3326 4017 3549 4072 prama-

1962 4074 2132 4121 ratum
2158 4078 2239 4122 est
2263 4086 2481 4141 regnum
2506 4091 2519 4127 :
2553 4087 2830 4147 propterea
2854 4082 2882 4133 1
2886 4099 2974 4149 pse
2999 4094 3074 4138 est
3096 4092 3394 4158 exspectatio
3417 4111 3537 4164 ρεη-

1962 4158 2105 4212 tium.
2138 4160 2268 4215 Vide
2295 4166 2559 4232 quomodo
2580 4169 2687 4236 jam
2712 4170 2838 4225 dicit
2856 4175 3013 4228 etiam
3031 4187 3215 4245 gentes
3242 4158 3535 4237 salutevdo-

1962 4250 2180 4305 nandas.
2207 4252 2273 4306 Et
2296 4256 2404 4322 ipse
2425 4258 2535 4323 erit,
2562 4259 2730 4330 inquit
2754 4268 3059 4332 exspectatio
3087 4270 3329 4337 gentium.
3360 4274 3532 4343 Hujus

1961 4342 2240 4399 adventum
2267 4359 2449 4416 gentes
2473 4362 2803 4421 exspectant.
2831 4357 2917 4409 ll.
2939 4356 3127 4427 Ligans
3154 4362 3221 4413 ad
3250 4364 3392 4417 vitem
3423 4342 3538 4435 put-

1962 4433 2066 4486 lum
2092 4451 2257 4501 suum,
2287 4447 2333 4490 ct
2355 4440 2422 4491 ad
2450 4441 2703 4509 palmitem
2732 4445 2928 4512 pullum
2953 4449 3112 4502 asina
3136 4466 3259 4505 suae.
3286 4453 3391 4508 Per
3413 4433 3543 4526 pul~'

1965 4526 2071 4579 lunt
2097 4527 2283 4581 iterum
2310 4532 2544 4598 gentium
2566 4534 2826 4601 signiﬁcat
2850 4537 3236 4595 adductiouein.
3264 4543 3395 4598 Nam
3416 4546 3537 4615 quia

1962 4619 2142 4674 asinus
2171 4621 2497 4678 immundum
2535 4635 2649 4679 crat
2678 4628 2894 4693 animal,
2926 4642 3205 4699 propterea
3235 4635 3361 4689 dicit
3386 4655 3397 4689 :
3434 4637 3539 4693 illa:

1964 4709 2248 4764 immunda:
2291 4724 2475 4780 gentes
2515 4729 2634 4767 cum
2690 4725 2831 4771 tanta
2876 4716 3124 4775 facilitate
3172 4724 3499 4780 adducentur
3528 4769 3543 4792 ,

1961 4800 2109 4868 quasi
2147 4801 2267 4870 quis
2306 4802 2371 4855 ad
2417 4803 2683 4871 palmitem
2724 4807 2849 4860 vitis
2877 4809 3082 4862 asinum
3121 4812 3334 4881 alliget:
3375 4815 3533 4870 simul

1963 4890 2235 4946 insinuans
2270 4901 2324 4946 et
2366 4895 2642 4961 potestatis
2665 4896 3031 4951 excellentiam
3059 4910 3112 4953 et
3147 4904 3381 4970 gentium
3408 4905 3542 4959 obe-

1963 4982 2234 5039 dientiam.
2251 4984 2449 5055 Magnae
2465 4986 2606 5040 enim
2629 4989 3047 5045 mansuetudinis
3070 5000 3171 5055 est,
3197 4993 3335 5061 quod
3356 4995 3540 5048 asinus

1971 5077 2198 5144 patiatur
2219 5091 2280 5131 se
2304 5078 2371 5130 ad
2403 5078 2670 5145 palmitem
2704 5079 2825 5133 vitis
2852 5081 3020 5150 ligari.
3050 5080 3153 5135 Viti
3185 5092 3361 5137 autem
3388 5099 3542 5140 suam

1965 5164 2258 5220 doctrinam
2273 5178 2583 5237 comparat:
2600 5168 2709 5239 Ego
2733 5169 2873 5225 enim
2893 5187 3024 5237 sum,
3047 5171 3234 5240 inquit,
3257 5174 3371 5228 ritis
3394 5190 3531 5240 uera,

1965 5267 2011 5310 et
2037 5268 2178 5327 pater
2196 5274 2335 5312 meus
2361 5260 2587 5329 agricola
2614 5270 2687 5313 est
2730 5260 2913 5331 (Joan.
2936 5262 3023 5317 15.
3057 5264 3135 5331 1).
3168 5263 3417 5320 Palmites
3441 5282 3539 5319 au-

1966 5354 2071 5400 tem
2099 5350 2311 5402 vocavit
2339 5350 2746 5405 teneritudinem
2791 5362 3203 5421 praeceptorum,
3225 5363 3281 5409 et
3316 5355 3540 5412 facilita-

1965 5443 2072 5489 tem
2116 5437 2245 5506 legis
2285 5437 2517 5492 ferendze
2548 5457 2563 5493 :
2603 5451 2662 5493 ut
2699 5440 2809 5508 jam
2852 5442 3138 5509 praesignet
3159 5452 3343 5510 gentes
3374 5448 3545 5510 magis

1965 5526 2205 5581 credulas
2246 5527 2377 5594 fore,
2420 5544 2580 5599 quam
2608 5529 2845 5584 Judaaos.
2869 5529 3074 5585 Lavabit
3115 5533 3168 5585 in
3203 5534 3316 5587 vino
3358 5536 3541 5589 stulam

1965 5637 2132 5686 suam,
2163 5631 2212 5673 et
2241 5622 2292 5674 in
2321 5624 2569 5693 sanguine
2591 5638 2700 5677 uva:
2726 5623 2963 5675 amictum
2993 5641 3158 5679 suum.

2038 5712 2092 5766 3.
2124 5709 2419 5783 Mysterium
2445 5710 2779 5766 Eucltaristia:
2801 5715 3154 5783 prtcsignatur.
3173 5744 3239 5755 —
3260 5713 3390 5771 Vide
3410 5731 3537 5786 quo-
