4038 6358
518 289 624 345 575

519 426 678 482 modo
715 425 868 479 nobis
903 434 1068 478 totum
1109 427 1417 494 mysterium
1463 425 1764 478 insinuavit.
1793 425 1978 480 Sciunt
2008 426 2096 494 qui

519 523 709 576 initiati
741 531 882 584 sunt,
913 519 1051 589 quod
1084 519 1280 572 dictmn
1309 529 1392 573 est
1418 537 1430 572 :
1464 517 1674 573 Lavabit
1703 520 1754 572 in
1776 521 1889 572 vino
1916 520 2100 572 stolam

516 632 682 669 suam.
707 613 905 668 Stolam
935 622 1059 681 puto
1087 625 1278 680 corpus
1305 610 1431 675 dici,
1462 612 1600 681 quod
1633 619 1850 681 propter
1877 611 2099 678 diSpen-

517 707 776 761 sationem
816 705 954 758 ferre
985 704 1227 773 dignatus
1252 712 1354 757 est.
1389 703 1588 757 Deinde
1635 713 1691 756 ut
1715 703 1996 772 diligenter
2017 702 2100 756 di-

514 814 630 852 scas
649 798 822 851 vinmn
844 797 968 866 quid
995 796 1298 866 appellavit,
1327 796 1503 850 subdit
1527 814 1540 849 :
1571 795 1700 848 Etin
1723 799 1968 866 sanguine
1989 812 2098 850 uva:

510 890 750 940 amictum
779 905 946 940 suum.
979 887 1110 941 Vide
1135 887 1402 956 quomodo
1432 887 1703 957 sanguinis
1730 888 1942 941 nomine
1971 903 2096 941 cru-

507 994 624 1034 cem
655 979 806 1033 nobis
832 989 884 1033 et
910 979 1230 1033 occisionem
1261 977 1540 1046 signiticet,
1573 988 1627 1032 et
1652 994 1864 1032 onmem
1891 989 2095 1049 myste-

511 1072 712 1125 riorum
762 1072 1232 1141 dispensationem.
1286 1069 1370 1124 12.
1416 1070 1753 1125 .lucundiores
1801 1073 1933 1125 oculi
1982 1075 2094 1142 ejus

508 1165 620 1216 vino
643 1181 660 1229 ;
683 1175 727 1216 et
742 1165 1061 1216 candidiores
1087 1164 1256 1218 dentes
1273 1163 1379 1234 ejus
1395 1164 1542 1217 lacte.
1566 1165 1661 1218 Hic
1689 1165 1909 1234 gloriam
1938 1166 2094 1220 nobis

508 1255 874 1308 demonstrare
911 1254 1023 1306 vult
1047 1270 1143 1324 per
1170 1254 1535 1323 metaphoram
1574 1256 1680 1309 vini
1711 1267 1764 1310 et
1793 1257 2089 1310 oculormn.

511 1347 577 1399 Et
621 1346 937 1398 candidiores
969 1345 1138 1398 dentes
1179 1347 1288 1415 ejus
1332 1347 1480 1401 lacte.
1525 1345 1790 1401 Justitiam
1827 1348 1999 1417 signat
2039 1357 2095 1402 et

506 1443 802 1496 claritatem
833 1442 1043 1511 judicis.
1089 1441 1220 1496 Nam
1254 1458 1346 1511 per
1374 1442 1564 1496 dentes
1589 1452 1642 1496 et
1672 1442 1752 1495 lac
1779 1441 1906 1494 nihil
1945 1440 2090 1494 aliud

508 1533 805 1602 significare
836 1534 945 1586 vult
988 1548 1143 1601 quam
1173 1534 1284 1587 fore
1326 1532 1610 1588 candidum
1654 1542 1709 1587 et
1751 1532 2088 1586 manifestum

501 1624 755 1694 judicium
776 1632 829 1676 ut
846 1633 926 1677 est
946 1623 1092 1676 lactis
1112 1633 1164 1676 et
1188 1623 1424 1676 dentium
1445 1623 1697 1677 conditio.
1725 1623 1809 1676 i5.
1835 1622 2087 1687 Zabulon,

504 1716 691 1784 inquit,
737 1715 788 1766 in
814 1716 1062 1766 maritimo
1100 1715 1356 1780 habitabit,
1401 1727 1448 1768 et
1489 1717 1597 1785 ipse
1639 1717 1780 1786 apud
1822 1716 2088 1768 stationem

502 1809 725 1869 navium,
773 1817 815 1858 et
858 1805 1148 1859 extendetur
1192 1822 1346 1874 usque
1380 1806 1446 1858 ad
1489 1807 1751 1859 Sidonem.
1783 1805 1912 1859 Vide
1951 1821 2086 1874 quo-

505 1897 666 1950 modo
694 1904 746 1949 et
777 1896 899 1949 huic
941 1896 1177 1965 praedicit
1206 1896 1293 1949 ubi
1325 1897 1648 1950 domicilium
1682 1897 1957 1950 habiturus
1987 1897 2084 1964 sit,

501 1999 552 2042 et
583 1987 723 2056 quod
756 2001 922 2056 usque
958 1986 1024 2040 ad
1062 1986 1313 2042 Sidonem
1353 1987 1686 2041 extendetur.
1717 1988 1804 2041 H.
1847 1985 2086 2040 Issachar

499 2080 680 2132 bonum
709 2079 1025 2142 desideravit,
1051 2080 1344 2133 recumbens
1367 2081 1494 2132 inter
1519 2093 1676 2132 sortes
1694 2095 1712 2132 :
1737 2079 1822 2132 15.
1847 2089 1891 2132 et
1913 2079 2084 2132 videns

497 2173 718 2242 requiem
753 2170 887 2240 quod
913 2170 1063 2234 bona,
1096 2180 1144 2224 et
1181 2181 1365 2224 terram
1402 2170 1537 2240 quod
1568 2171 1787 2240 pinguis,
1819 2171 2083 2240 supposuit

499 2267 761 2319 humerum
791 2281 936 2318 suum
966 2268 1031 2319 ad
1063 2264 1419 2331 laborandum,
1461 2274 1508 2316 et
1546 2264 1710 2332 [actus
1738 2276 1808 2317 est
1839 2265 1913 2316 vir
1940 2264 2081 2332 agri-

496 2357 629 2410 cola.
659 2355 863 2411 Laudat
902 2357 1043 2410 hunc
1071 2355 1208 2424 quod
1239 2357 1603 2425 Operationem
1638 2367 1792 2410 terra:
1828 2357 2077 2425 elegerit,

497 2460 554 2503 et
584 2449 721 2503 hanc
760 2448 1005 2502 omnibus
1043 2449 1161 2501 aliis
1204 2448 1510 2517 pra-tulerit.
1555 2448 1641 2502 16.
1681 2445 1796 2500 Dan
1826 2447 2080 2518 judicabit

497 2541 739 2608 populum
778 2556 945 2605 suum,
992 2540 1121 2592 sicut
1158 2547 1204 2592 et
1231 2554 1333 2591 una
1375 2537 1532 2591 tribus
1571 2539 1622 2590 in
1654 2535 1836 2591 Israel.
1879 2540 1964 2592 17.
2011 2539 2079 2594 Et

497 2635 588 2701 fiat
617 2631 734 2685 Dan
759 2649 962 2700 serpens
984 2633 1035 2685 in
1057 2633 1155 2696 via,
1183 2633 1402 2686 insidens
1427 2633 1479 2684 in
1507 2633 1703 2697 semita,
1732 2633 1966 2687 mordens
1983 2651 2078 2686 un-

493 2725 666 2795 gulam
707 2724 856 2794 equi:
886 2733 932 2776 et
955 2724 1098 2776 cadet
1127 2740 1271 2792 eques
1300 2734 1597 2790 retrorsum,
1630 2724 1717 2778 18.
1755 2725 1968 2779 salutem
1997 2742 2079 2780 ea:-

491 2827 720 2886 spectans
744 2815 968 2870 Domini.
1002 2817 1223 2885 Dignum
1252 2825 1308 2870 ut
1336 2817 1452 2884 quis
1481 2815 1775 2871 admiretur
1804 2827 1858 2872 et
1885 2819 2075 2872 obstu-

489 2918 687 2979 pescat,
713 2908 976 2979 quomodo
1001 2909 1173 2977 justus
1195 2909 1281 2963 ille
1302 2908 1465 2964 oculs
1493 2909 1712 2978 spiritus
1731 2912 1907 2966 omnia
1933 2929 2072 2982 pra:-

487 3003 694 3066 videns,
728 3002 848 3056 liliis
873 3002 982 3056 suis
1006 3001 1434 3070 prwnnntiaveiit
1459 3003 1583 3070 quid
1609 3003 1889 3074 unicuique
1911 3021 2079 3060 even-

487 3103 661 3147 turum
688 3094 792 3146 sit:
823 3108 943 3148 nam
966 3093 1124 3148 etiam
1155 3094 1239 3147 illa
1270 3109 1387 3160 qua:
1418 3104 1535 3162 post
1565 3095 1787 3149 tnultutn
1817 3099 2072 3166 temporis

487 3186 660 3238 futura
691 3192 815 3239 sunt
857 3184 1116 3253 przedicit.
1149 3184 1235 3239 19.
1277 3183 1409 3249 God,
1451 3186 1656 3239 tentatio
1686 3188 1892 3240 tentabit
1921 3205 2071 3255 eum;

486 3279 594 3346 ipse
634 3286 798 3329 autem
824 3276 1029 3329 tentabit
1068 3276 1212 3328 illum
1251 3277 1318 3328 ad
1359 3277 1528 3346 pedes.
1555 3276 1641 3331 20.
1675 3277 1820 3340 Aser,
1870 3280 2072 3349 pinguis

483 3371 591 3440 ejus
615 3370 782 3438 panis,
813 3377 857 3420 et
894 3369 1000 3437 ipse
1033 3367 1173 3421 dabit
1201 3368 1363 3421 cibum
1404 3369 1736 3438 principibus.
1765 3369 1854 3424 21.
1887 3370 2070 3442 Neph-

482 3460 682 3524 thulim,
716 3459 988 3529 virgultum
1019 3459 1316 3524 resolutum,
1347 3459 1474 3512 dans
1503 3460 1556 3514 in
1586 3462 1808 3530 germine
1838 3463 2068 3533 pulchri-

483 3552 727 3604 tudinem.
775 3551 841 3604 Et
883 3551 1004 3619 quia
1051 3552 1230 3619 paucis
1277 3551 1466 3604 transit
1508 3551 1658 3617 illos,
1689 3554 1834 3607 venit
1873 3569 2067 3610 conse-

480 3654 704 3712 quenter
730 3642 794 3696 ad
828 3642 1048 3712 Joseph,
1089 3652 1143 3697 et
1166 3644 1282 3696 ait:
1327 3644 1417 3696 22.
1459 3643 1652 3713 Joseph
1693 3645 1831 3714 [ilius
1865 3657 2064 3713 auctus,

479 3737 753 3788 invidiosus
774 3751 792 3788 :
818 3734 1010 3803 Joseph
1037 3735 1175 3802 [ilius
1199 3745 1394 3799 auctus,
1421 3737 1558 3805 lius
1596 3753 1735 3790 meus
1748 3738 1949 3808 junior,
1984 3739 2067 3794 ln-

481 3829 737 3893 vidiosus,
762 3827 946 3896 inquit,
973 3827 1139 3881 factus
1157 3843 1215 3881 es
1226 3828 1294 3881 ab
1311 3829 1437 3897 ipsis
1455 3829 1633 3884 initiis.
1650 3829 1738 3884 25.
1766 3831 1924 3895 Quem
1945 3849 2063 3886 con-

477 3920 591 3973 silio
619 3919 987 3972 communicato
1009 3919 1246 3972 conviciis
1274 3920 1599 3973 incesserunt.
1629 3920 1872 3976 Fratrum
1901 3925 2064 3994 signi-

481 4010 602 4062 licat
638 4008 1084 4076 conspirationem
1123 4017 1307 4062 contra
1346 4024 1488 4063 eum.
1537 4011 1601 4065 Et
1632 4011 1684 4065 id
1724 4013 1864 4082 quod
1900 4029 2060 4084 supra

476 4099 684 4158 dicebat
711 4100 1004 4170 Scriptura,
1035 4117 1127 4155 eos
1154 4102 1376 4157 crimine
1408 4106 1546 4158 malo
1579 4105 1832 4162 detulisse
1859 4107 2060 4177 Joscph

474 4189 612 4257 apud
640 4198 840 4259 patrem
872 4207 1026 4244 suum
1054 4191 1201 4260 (lien.
1234 4193 1321 4244 57.
1354 4193 1432 4261 2),
1460 4193 1560 4248 hoc
1582 4195 1680 4249 iste
1702 4195 1831 4250 dicit
1855 4215 1868 4250 :
1897 4197 2056 4262 Quem

474 4282 834 4335 communicato
871 4285 1081 4336 consilio
1117 4285 1350 4338 conviciis
1378 4286 1704 4352 incesserunt,
1751 4301 1795 4341 et
1830 4289 2060 4342 intende-

473 4372 592 4425 bant
628 4375 678 4425 in
714 4391 824 4427 eum
853 4375 1044 4428 domini
1082 4378 1478 4447 sagittationum.
1503 4378 1908 4449 Sanguinarium
1939 4381 2056 4434 illo-

473 4479 590 4518 rmn
617 4466 873 4535 signicat
899 4469 1155 4522 animum.
1181 4469 1269 4523 24.
1300 4467 1367 4522 Et
1392 4473 1593 4524 contriti
1620 4481 1736 4525 sunt
1761 4490 1874 4526 cum
1905 4475 2052 4544 forti-

476 4556 646 4608 tudine
673 4573 820 4609 arcus
845 4574 1036 4611 eorum.
1071 4558 1202 4614 Vide
1229 4562 1494 4630 quomodo
1525 4571 1801 4633 postquam
1833 4565 1966 4620 dixit
1990 4583 2053 4621 ea

472 4665 590 4717 qua:
626 4659 812 4703 contra
845 4648 1045 4720 Joseph
1085 4659 1432 4719 attentarunt,
1476 4654 1603 4709 dicit
1643 4667 1696 4710 et
1729 4672 1790 4710 ea
1820 4673 1937 4727 quae
1973 4659 2053 4713 eis

473 4743 823 4808 contigerunt.
855 4743 1247 4810 Contritienlm,
1278 4747 1466 4814 inquit,
1494 4764 1641 4802 arcus
1661 4765 1852 4811 eorum,
1875 4760 1921 4803 et
1946 4752 2048 4806 dis-

469 4833 621 4886 soluti
649 4844 766 4886 sunt
807 4836 941 4887 nervi
969 4835 1284 4890 brachiorum
1313 4855 1552 4892 manuum
1579 4857 1772 4894 eorum.
1799 4842 1899 4910 Ipsi
1923 4844 2044 4910 qni-

468 4923 588 4976 dem
611 4924 854 4978 occidere
883 4935 935 4979 te
961 4926 1135 4980 conati
1162 4937 1302 4991 sunt,
1326 4938 1380 4983 et
1403 4939 1656 4998 quantum
1678 4948 1740 4985 ex
1771 4932 1898 5000 ipsis
1920 4948 2050 5001 pen-

469 5016 648 5080 debat,
676 5031 836 5084 opere
864 5017 1223 5087 complessent
1256 5036 1271 5074 :
1307 5018 1403 5074 sed
1441 5029 1494 5074 et
1517 5036 1672 5075 arcus
1700 5038 1884 5076 eorum
1911 5037 2045 5077 con-

471 5108 578 5161 triti
609 5119 752 5171 sunt,
776 5117 829 5164 et
857 5109 1098 5164 dissoluti
1127 5120 1251 5165 sunt
1275 5125 1458 5166 eorum
1491 5113 1656 5166 nervi.
1686 5112 1774 5169 Sic
1796 5115 1939 5169 enim
1966 5116 2045 5170 eis

465 5199 673 5262 accidit,
707 5200 919 5268 quando
938 5201 1221 5257 audierunt
1247 5202 1444 5272 Joseph
1473 5203 1737 5259 dicentem
1766 5223 1778 5258 :
1802 5203 1915 5274 Ego
1931 5223 2044 5259 sum

464 5293 620 5358 frater
662 5299 819 5342 vester
853 5290 1077 5361 Joseph,
1123 5309 1269 5362 quem
1309 5293 1599 5347 vendidistis
1641 5296 1696 5347 in
1759 5295 2043 5367 nggptum

463 5381 617 5446 (Gen.
666 5382 758 5437 45.
799 5384 879 5451 5).
907 5384 1057 5440 Tunc
1089 5385 1254 5452 enim,
1287 5395 1412 5440 tunc
1455 5387 1686 5441 maxime
1721 5387 1878 5441 soluti
1916 5400 2041 5444 sunt

462 5471 608 5525 nervi
653 5487 872 5539 eorum,
922 5473 1024 5527 Per
1061 5492 1266 5528 manum
1294 5477 1509 5546 potentis
1547 5475 1727 5531 Iacob.
1771 5477 1858 5533 25.
1907 5477 2040 5534 Inde

461 5560 546 5621 qui
572 5562 912 5616 corroboravit
949 5563 1112 5619 Israel
1195 5565 1304 5619 Deo
1344 5568 1500 5636 patris
1533 5569 1638 5632 tui,
1669 5578 1716 5620 et
1755 5569 1950 5640 adjuvit
1990 5584 2037 5625 te

462 5647 598 5702 Deus
617 5668 772 5706 meus.
797 5654 895 5718 Qui
920 5653 1161 5708 dissolvit
1179 5671 1362 5712 eorum
1393 5673 1604 5722 nervos,
1631 5659 1819 5728 inquit,
1846 5671 2034 5730 potens

454 5752 556 5794 est.
608 5759 692 5811 pse
706 5746 834 5798 cnim
851 5747 1039 5815 adjuvit
1054 5756 1099 5800 te
1115 5745 1250 5802 Deus
1267 5765 1421 5804 meus.
1442 5749 1572 5806 Vide
1587 5767 1891 5822 germanam
1905 5755 2034 5823 justi

1257 290 1315 344 S.
1356 288 1631 346 JOANNIS
1669 289 2138 346 CIIRYSOSTO.
2180 293 2500 351 ARCHIEP.
2541 298 3074 362 CONSTANTINOP.

3690 320 3796 378 575

2211 421 2334 476 erga
2367 408 2645 466 Dominum
2674 414 3029 483 dilectionem,
3051 421 3320 489 quomodo
3345 425 3490 480 orbis
3516 426 3796 483 Dominum

2207 512 2361 551 suum
2383 514 2503 556 esse
2528 502 2689 557 Deum
2706 505 2866 572 dicat,
2889 523 2992 562 non
3011 512 3333 568 concludens
3353 516 3467 585 ejus
3481 518 3795 590 dominium,

2209 605 2378 660 neque
2397 595 2607 662 privans
2624 611 2742 652 eum
2763 610 3019 668 potestate
3033 606 3341 675 universali,
3354 610 3445 664 sed
3463 627 3617 668 suum
3631 615 3800 670 decla-

2206 700 2331 738 rans
2347 703 2604 744 amorem.
2627 690 2691 744 Et
2721 694 2969 748 benedixit
2985 698 3075 750 tibi
3087 699 3428 756 benedictione
3447 707 3558 758 cwli
3576 723 3604 760 e
3622 724 3800 776 super-

2206 775 2303 829 nis.
2325 775 2435 831 Non
2455 779 2645 845 solum,
2672 783 2859 853 inquit,
2881 785 3079 855 adjuvit
3100 797 3171 854 te,
3189 791 3283 845 sed
3296 802 3349 846 et
3369 792 3636 848 Benedixit
3654 775 3700 850 te
3718 797 3800 852 be-

2205 868 2483 922 nedictione
2499 881 2644 926 terra:
2663 877 2832 928 omnia
2846 879 3164 941 continentis,
3186 895 3390 950 prapter
3405 885 3798 943 benedictionem

2204 958 2411 1012 uberum
2439 973 2485 1014 et
2513 963 2692 1031 vulvw,
2720 967 2808 1021 26.
2837 967 3226 1025 benedictionem
3255 977 3412 1042 patris
3441 979 3518 1030 tui
3542 989 3590 1032 et
3620 984 3798 1035 matris

2201 1061 2319 1105 tute.
2347 1051 2618 1109 Prwvalutt
2645 1059 3068 1117 benedictionibus
3084 1067 3326 1118 montium
3344 1068 3631 1137 rmarunt,
3650 1081 3696 1124 et
3718 1074 3781 1125 de

2201 1146 2399 1199 sideriis
2425 1151 2628 1203 collium
2659 1163 2978 1209 atternorum.
3005 1157 3106 1212 Per
3120 1160 3287 1215 colles
3307 1171 3538 1217 arternos
3565 1167 3793 1236 gloriam

2199 1247 2254 1290 et
2300 1238 2652 1307 majestatem,
2696 1254 2750 1297 et
2796 1259 3017 1314 regnum
3057 1248 3274 1319 Egypti
3312 1269 3449 1322 :per
3482 1266 3694 1312 montes
3739 1270 3787 1314 et

2199 1334 2383 1398 colles,
2426 1339 2803 1395 sublimitatem
2848 1351 2901 1396 et
2940 1343 3300 1401 fortitudinem
3338 1348 3598 1420 designat.
3643 1365 3695 1406 et
3742 1355 3787 1408 in

2198 1441 2466 1483 summmn
2495 1433 2756 1502 fastigium
2784 1435 3104 1504 principatus
3131 1450 3370 1493 evectum
3397 1457 3518 1496 esse
3545 1443 3634 1498 hic
3661 1445 3791 1499 insi-

2198 1531 2343 1574 nuat.
2381 1521 2478 1575 [Iw
2511 1527 2663 1590 enim,
2703 1527 2891 1596 inquit,
2925 1530 3292 1586 benedictiones
3320 1545 3463 1588 erunt
3504 1553 3660 1605 super
3703 1556 3790 1590 ca-

2196 1624 2286 1680 put
2319 1613 2531 1682 Joseph,
2563 1628 2610 1670 et
2643 1619 2692 1670 in
2724 1620 2902 1672 vertice
2929 1622 3163 1687 fratrum,
3194 1639 3406 1692 quorum
3437 1627 3543 1680 dux
3569 1640 3664 1682 est.
3694 1629 3784 1682 lia:

2193 1705 2416 1769 scilicet,
2443 1707 2630 1776 inquit,
2657 1708 3051 1764 benedictiones
3076 1723 3229 1765 erunt
3251 1729 3412 1782 super
3431 1728 3591 1786 caput
3614 1730 3781 1772 tuum.

2193 1794 2280 1848 27.
2310 1796 2577 1866 Benjatnin
2609 1801 2758 1870 lupus
2785 1819 2970 1871 rapax,
3004 1820 3149 1856 mane
3171 1807 3411 1871 comedet,
3447 1821 3495 1862 et
3518 1811 3586 1861 ad
3608 1826 3786 1880 vespe-

2192 1907 2301 1943 ram
2339 1893 2598 1946 distribuet
2635 1912 2818 1948 escam.
2849 1897 2913 1950 Et
2943 1897 3026 1950 hic
3063 1899 3346 1967 praesignat
3371 1901 3418 1955 ei
3449 1903 3591 1971 quod
3626 1903 3786 1971 longo

2191 1991 2313 2051 post
2343 1991 2580 2052 tempore
2605 1985 2839 2040 futurum
2866 1999 2999 2050 erat,
3033 1998 3084 2042 et
3107 1991 3246 2058 quod
3273 2003 3610 2060 graSSaturus
3638 2007 3785 2050 esset

2189 2074 2327 2127 sicut
2371 2075 2525 2144 lupus
2565 2077 2794 2145 rapiens,
2829 2079 3080 2134 occidens
3110 2088 3164 2133 et
3208 2081 3486 2136 innumera
3519 2085 3656 2138 mala
3703 2089 3784 2139 ta-

2189 2167 2354 2220 ciens.
2379 2168 2638 2235 Quoniam
2662 2178 2838 2222 autem
2865 2171 3110 2224 omnibus
3140 2172 3260 2225 liliis
3296 2186 3654 2243 congruentes
3687 2179 3788 2232 beo

2187 2259 2516 2313 llCdlCllOlleS
2542 2262 2895 2330 pricsignavit,
2925 2261 3014 2316 28.
3053 2261 3114 2314 Et
3146 2264 3415 2330 benedixit,
3448 2266 3638 2335 inquit,
3665 2268 3785 2320 sin

2186 2351 2319 2419 gulis
2336 2351 2489 2420 juxlu
2529 2350 2914 2405 benedictionem
2953 2371 3116 2416 suam,
3159 2372 3257 2422 qua
3299 2357 3623 2412 benedirerat
3661 2361 3779 2414 eis:

2187 2444 2287 2498 hoc
2314 2455 2415 2511 est,
2448 2445 2729 2515 unicuique
2755 2447 3074 2516 prmdicebat
3093 2464 3209 2517 qua:
3231 2449 3469 2516 decebat,
3504 2461 3554 2505 et
3576 2468 3697 2521 quae
3721 2454 3775 2506 in

2185 2551 2498 2607 unaquaque
2531 2536 2670 2591 tribu
2698 2550 2953 2592 eventura
2983 2550 3159 2594 essent
3189 2543 3450 2610 praedixit.
3483 2543 3774 2613 Postquam

2182 2640 2360 2684 autem
2388 2629 2652 2684 ordinavit
2678 2645 2737 2684 ea
2763 2647 2879 2699 qua:
2905 2645 2932 2683 a
2960 2631 3160 2699 Spiritu
3185 2633 3280 2702 ipsi
3312 2635 3622 2704 pra-signata
3649 2635 3776 2691 fue-

2184 2733 2322 2787 rant,
2355 2721 2483 2776 dicit
2520 2723 2635 2776 eis:
2678 2721 2766 2776 29.
2799 2721 2907 2791 Ego
2946 2739 3175 2791 apponor
3202 2724 3270 2776 ad
3295 2727 3538 2794 populum
3577 2743 3771 2793 meum,

2179 2824 2226 2868 et
2264 2815 2508 2883 sepelietis
2537 2831 2614 2866 me
2641 2830 2756 2866 cum
2779 2814 3003 2882 patribus
3025 2815 3166 2867 meis.

2249 2907 2302 2960 4.
2338 2905 2465 2958 Vide
2494 2904 2762 2974 quomodo
2790 2921 2883 2975 per
2912 2905 3216 2958 tnandatum
3247 2905 3346 2960 hoc
3376 2909 3658 2962 maximam
3683 2909 3768 2964 eis

2177 2996 2598 3050 consolationem
2639 2995 2846 3050 alferat.
2895 2994 3318 3052 Considerabant
3356 2999 3533 3064 enim,
3559 3000 3769 3068 justmn

2178 3087 2279 3142 hoc
2306 3103 2412 3141 non
2455 3088 2828 3142 mandaturum
2875 3087 3069 3152 fuisse,
3117 3087 3220 3142 nisi
3259 3089 3476 3143 omnino
3517 3093 3772 3146 sciviSset

2176 3179 2405 3234 reditum
2437 3179 2672 3250 ipsorum
2699 3178 2933 3233 futurum
2958 3219 2972 3244 ,
3005 3188 3059 3234 et
3094 3179 3397 3233 liberandos
3439 3197 3498 3235 se
3535 3197 3565 3234 a
3598 3184 3773 3235 servi-

2177 3281 2286 3325 tute
2317 3270 2553 3341 }Egypti.
2589 3270 2778 3324 Postea
2810 3286 3019 3340 quoque
3041 3272 3214 3324 locum
3245 3273 3485 3324 nominat
3515 3289 3526 3322 :
3556 3271 3622 3324 1n
3648 3289 3772 3342 spe-

2174 3362 2344 3425 lunca,
2384 3362 2584 3430 inquit,
2610 3377 2721 3428 qua:
2748 3372 2818 3414 est
2845 3364 2896 3414 in
2923 3378 3046 3431 agro
3071 3359 3286 3431 Ephron
3309 3363 3538 3416 Chetta'i.
3572 3364 3656 3417 55.
3700 3364 3771 3417 Et

2173 3464 2226 3506 ut
2255 3455 2359 3507 hwc
2388 3455 2544 3520 dixit,
2574 3455 2782 3508 cessavit
2825 3456 3072 3523 imperare
3103 3457 3222 3524 [iliis
3247 3459 3370 3510 suis.
3396 3455 3463 3509 Et
3487 3457 3769 3513 sublevavit

2171 3546 2330 3601 Jacob
2359 3549 2509 3617 pedes
2537 3565 2654 3601 suos
2683 3565 2832 3615 super
2854 3549 3035 3601 lectum
3055 3590 3068 3614 ,
3104 3561 3148 3601 et
3179 3551 3392 3617 defecit,
3421 3561 3466 3604 et
3495 3551 3768 3618 appositus

2169 3650 2241 3693 est
2268 3641 2337 3693 ad
2363 3641 2606 3709 populum
2633 3657 2799 3692 suum.
2822 3640 2949 3694 Vide
2976 3651 3201 3694 mortem
3221 3641 3346 3708 justi
3375 3642 3533 3694 etiam
3563 3656 3766 3712 magno

2169 3732 2425 3785 miraculo
2474 3732 2703 3800 plenam.
2755 3730 2887 3785 Nam
2933 3743 3210 3801 postquam
3259 3734 3538 3802 imperavit
3578 3736 3766 3804 pueris

2167 3823 2300 3888 suis,
2335 3822 2622 3876 Sublevavit
2648 3824 2798 3892 pedes
2823 3825 2874 3876 in
2899 3825 3083 3876 lectum
3121 3841 3289 3891 suum,
3321 3827 3470 3895 quasi
3500 3842 3620 3881 cum
3653 3843 3762 3881 vo-

2167 3917 2369 3986 lnptate
2400 3932 2511 3971 rem
2538 3919 2817 3986 reciperet.
2869 3917 2943 3972 Ita
2994 3918 3225 3988 impletis
3267 3920 3542 3983 omnibus,
3586 3919 3764 3976 Pedes

2165 4010 2368 4064 sustulit
2395 4025 2414 4063 :
2447 4010 2547 4064 hoc
2574 4021 2676 4075 est,
2709 4011 2895 4079 planos
2923 4021 2976 4064 et
3006 4020 3178 4064 rei-tos
3208 4011 3351 4069 fecit.
3384 4023 3436 4065 et
3463 4012 3707 4067 extendit
3739 4031 3757 4069 :

2165 4099 2384 4171 Defecit,
2417 4101 2516 4154 hoc
2539 4111 2640 4166 est,
2675 4101 2844 4155 nivit
2869 4101 3050 4167 vitam,
3091 4102 3152 4154 Et
3181 4106 3443 4172 appositus
3469 4115 3539 4158 est
3569 4106 3637 4157 ad
3659 4124 3760 4176 po-

2163 4194 2342 4261 pulum
2368 4210 2532 4246 suum.
2567 4194 2618 4248 1.
2650 4192 2716 4246 Et
2757 4195 2931 4248 recidit
2966 4194 3159 4264 .loseplt
3201 4213 3354 4265 super
3381 4197 3561 4265 faciem
3592 4201 3761 4266 patris

2160 4285 2258 4348 sui,
2284 4294 2332 4338 et
2357 4285 2490 4354 evit
2511 4301 2663 4350 super
2683 4303 2812 4349 eum,
2834 4296 2878 4339 et
2905 4286 3159 4339 osculatus
3183 4297 3254 4339 est
3271 4304 3382 4339 eum
3415 4289 3600 4358 (Caput
3629 4291 3754 4349 50).

2163 4377 2353 4431 Vidisti
2396 4378 2487 4432 lilii
2515 4379 2900 4434 dilectionem?
2950 4379 3122 4432 vidisti
3173 4380 3388 4450 ignitum
3424 4383 3757 4438 caritatem?

2159 4469 2226 4524 Et
2253 4481 2370 4539 post
2400 4472 2591 4525 anima:
2617 4488 2884 4527 recessum
2926 4472 3126 4527 Recidit
3155 4474 3348 4543 Joseph
3386 4492 3537 4545 super
3565 4480 3756 4547 [aciem

2157 4566 2267 4634 ejus
2290 4605 2306 4632 ,
2337 4575 2383 4619 et
2409 4565 2661 4620 osculatus
2685 4575 2756 4619 est
2778 4607 2792 4629 ,
2830 4574 2875 4618 et
2907 4567 3045 4635 evit
3073 4582 3223 4634 super
3249 4584 3324 4620 co.
3355 4567 3449 4621 llis
3476 4568 3628 4623 iactis
3649 4571 3750 4624 ,-

2156 4660 2284 4727 sepli
2316 4675 2435 4729 quae
2477 4673 2505 4711 a
2553 4669 2700 4728 patre
2731 4657 2976 4712 mandata
3009 4668 3161 4713 erant
3186 4662 3404 4729 exsequi
3433 4664 3660 4716 curavit.
3692 4667 3748 4717 2.

2155 4749 2221 4803 Et
2250 4766 2370 4804 mox
2401 4751 2655 4804 mandavit
2680 4750 3062 4821 pollinctoribus
3087 4792 3102 4816 ,
3145 4761 3200 4804 ut
3243 4754 3509 4821 sepelirent
3549 4767 3751 4822 patrem

2152 4858 2317 4894 suum.
2347 4842 2398 4896 5.
2431 4840 2498 4894 Et-
2523 4842 2630 4909 ipse
2651 4839 2851 4912 quidem
2872 4842 3208 4912 quadraginta
3236 4843 3409 4897 diebus
3429 4885 3444 4908 ,
3479 4843 3750 4915 (Egyplus

2153 4947 2319 4986 autem
2343 4934 2662 5004 septuaginta
2691 4933 2863 4987 diebus
2883 4951 2996 4986 eum
3019 4935 3167 4987 luxit.
3203 4935 3267 4989 Et
3293 4947 3576 5006 postquam
3597 4940 3748 5007 justa

2151 5028 2328 5080 omnia
2356 5026 2620 5096 persoluta
2653 5036 2796 5090 sunt,
2826 5027 3143 5097 significavit
3165 5027 3453 5092 Pharaoni,
3483 5040 3535 5085 et
3562 5031 3626 5085 iis
3650 5033 3744 5102 qui

2148 5133 2266 5173 cum
2295 5133 2360 5171 eo
2386 5124 2537 5171 erant
2557 5157 2569 5178 ,
2610 5132 2728 5187 quae
2772 5118 2843 5170 illi
2875 5127 3025 5186 pater
3049 5117 3224 5173 adhuc
3261 5121 3412 5175 vivus
3441 5121 3743 5176 demanda-

2148 5219 2247 5269 rat,
2277 5218 2330 5261 et
2353 5207 2486 5262 dixit
2517 5225 2528 5260 :
2562 5208 2614 5263 5.
2645 5207 2910 5273 Adiuravit
2937 5225 3016 5262 me
3043 5219 3185 5275 pater
3209 5228 3350 5265 meus
3372 5252 3388 5277 ,
3421 5213 3595 5266 dicens
3620 5231 3637 5266 :
3670 5214 3741 5268 In

2145 5296 2406 5367 sepulcro,
2433 5297 2567 5366 quod
2593 5299 2699 5368 fodi
2724 5299 2846 5351 mihi
2873 5299 2927 5351 in
2950 5309 3083 5353 terra
3111 5301 3356 5356 Chanaan
3375 5343 3390 5368 ,
3425 5304 3529 5358 illic
3554 5323 3629 5357 me
3648 5322 3740 5359 se-

2145 5391 2316 5460 pelies.
2336 5388 2488 5442 Nunc
2512 5389 2665 5460 igitur
2685 5390 2973 5455 ascendam,
2996 5401 3042 5444 et
3063 5392 3305 5460 sepeliam
3325 5403 3519 5464 patrem
3543 5412 3735 5460 meum,

2143 5494 2189 5536 et
2218 5483 2405 5536 redibo.
2437 5481 2665 5552 Equum
2687 5491 2769 5537 est
2786 5524 2800 5544 ,
2843 5483 3033 5553 inquit,
3059 5494 3116 5537 ut
3135 5500 3257 5553 qute
3281 5486 3348 5540 ab
3373 5501 3443 5540 eo
3466 5501 3738 5558 prmcepta

2142 5583 2285 5640 Sunt,
2319 5575 2584 5645 impleam.
2622 5573 2719 5628 Ubi
2750 5575 2908 5647 igitur
2930 5590 2992 5630 ea
3023 5575 3202 5630 fecero
3231 5593 3349 5647 qua:
3369 5579 3608 5646 jusserit.
3641 5597 3735 5636 re-

2143 5666 2283 5720 dibo.
2314 5663 2436 5718 H:ec
2460 5675 2516 5719 ut
2534 5665 2701 5718 audiit
2720 5704 2735 5729 ,
2770 5664 3010 5732 permisit
3038 5665 3263 5720 Pharao.
3295 5668 3343 5720 7.
3375 5666 3443 5720 Et
3469 5674 3732 5737 ascendit,

2140 5756 2330 5826 inquit,
2357 5757 2545 5826 Joseph
2574 5769 2623 5812 ut
2650 5759 2879 5828 sepeliret
2903 5769 3095 5830 patrem
3117 5776 3282 5830 suum,
3307 5773 3351 5815 et
3376 5762 3530 5816 simul
3550 5779 3726 5818 ascen-
