4038 6358
231 439 382 497 ξατο.
423 442 635 495 Ἴσασιν
669 443 717 494 οἱ
751 441 1093 513 μεμυημένοι
1132 443 1194 496 τὸ
1225 443 1514 512 λεγόμενον
1539 457 1552 470 ο
1589 439 1815 493 Πλυνεῖ

229 521 304 576 ἐν
339 524 485 588 οἴνῳ
538 523 653 592 τὴν
691 526 925 592 στολὴν
973 525 1159 579 αὐτοῦ
1190 540 1204 557 ⁶
1264 525 1474 596 στολὴν,
1529 519 1706 594 οἶμαι,
1752 522 1814 576 τὸ

234 605 400 675 σῶμα
429 605 622 674 λέγων,
657 607 685 659 ὂ
714 608 801 661 διὰ
827 609 925 678 τὴν
953 609 1264 679 οἰκονομίαν
1292 609 1517 680 φορέσαι
1545 605 1813 677 κατηξίω-

236 707 350 744 σεν.
379 687 516 745 Εἶτα
540 693 627 745 ἵνα
656 693 833 766 μάθῃς
860 694 1102 764 ἀκριϐῶς
1121 691 1260 748 οἶνον
1279 695 1330 747 τί
1353 693 1812 766 προσηγόρευσεν,

234 774 486 843 ἐπήγαγε
513 790 526 803 ”
553 775 664 827 Καὶ
691 776 760 827 ἐν
781 776 974 844 αἵματι
1010 774 1329 845 σταφυλῆς
1353 775 1467 844 τὴν
1490 773 1816 842 περιϐολὴν

231 860 446 912 αὐτοῦ.
480 859 620 931 ’Ὅρα
660 859 777 922 πῶς
810 859 887 928 τῷ
915 859 1008 912 τοῦ
1039 860 1270 929 αἵματος
1304 860 1526 929 ὀνόματι
1559 859 1654 928 τὴν
1680 873 1816 922 σφα-

231 941 342 1010 γὴν
382 943 515 1011 ήμῖν
559 943 652 994 καὶ
700 942 790 995 τὸν
827 944 1054 1013 σταυρὸν
1098 943 1333 1013 ᾐνίξατο,
1362 944 1454 996 καὶ
1499 943 1678 994 πᾶσαν
1707 940 1815 991 τῶν

236 1023 560 1094 μυστηρίων
615 1025 714 1096 τὴν
748 1026 1082 1095 οἰκονομίαν.
1122 1023 1378 1092 Χαροποὶ
1425 1027 1478 1078 οἱ
1523 1022 1816 1092 ὀφθαλμοὶ

232 1106 426 1159 αὐτοῦ
453 1106 573 1160 ἀπὸ
604 1108 792 1170 οἴνου,
820 1108 916 1162 καί
949 1106 1097 1179 [659]
1130 1107 1332 1160 λευκοὶ
1365 1110 1419 1159 οί
1447 1107 1685 1169 ὀδόντες
1712 1107 1817 1157 (ιύ-

232 1191 344 1242 τοῦ
377 1189 418 1256 ἣ
459 1189 632 1259 γάλα.
672 1189 938 1244 Ἐνταῦθα
975 1191 1035 1242 τὸ
1069 1191 1291 1262 φαιδρὸν
1327 1192 1457 1261 ήμῖν
1481 1187 1816 1255 ἐνδείξασθαι

235 1273 490 1343 βούλεται
516 1274 604 1326 διά
626 1275 724 1344 τῆς
757 1276 1068 1344 μεταφορᾶς
1089 1274 1184 1327 τοῦ
1207 1274 1348 1326 οἴνου
1379 1275 1473 1326 καὶ
1497 1272 1603 1325 τῶν
1627 1271 1819 1339 ὀφθαλ-

235 1357 379 1424 μῶν.
405 1357 515 1409 Kal
544 1357 750 1410 λευκοὶ
782 1361 834 1409 οἱ
869 1357 1112 1422 ὀδόντες
1140 1356 1324 1410 αὐτοῦ
1363 1356 1400 1423 ἣ
1425 1354 1608 1423 γάλα·
1645 1353 1706 1404 τὸ
1737 1352 1816 1404 δί-

232 1454 394 1491 καιον
421 1439 514 1491 καὶ
542 1435 601 1490 τὸ
625 1438 876 1508 λαμπρὸν
903 1438 996 1490 τοῦ
1030 1436 1238 1508 κριτοῦ.
1272 1438 1369 1490 Διά
1394 1437 1500 1507 γὰρ
1535 1437 1641 1488 τῶν
1673 1435 1817 1487 ὀδόν-

232 1538 343 1574 των
382 1522 477 1573 καὶ
520 1521 614 1573 τοῦ
643 1521 914 1588 γάλακτος
952 1521 1105 1573 οὐδὲν
1145 1519 1330 1591 ἓτερον
1360 1522 1493 1589 ήμῐν
1533 1517 1816 1587 σημαίνειν

232 1606 538 1676 ἠϐουλήθη,
570 1606 603 1674 ἢ
651 1606 732 1657 ὅτι
763 1605 935 1668 οῦτως
976 1605 1131 1657 ἔσται
1174 1602 1364 1656 λευκὸν
1394 1604 1487 1656 καὶ
1521 1601 1817 1673 περιφανὲς

231 1689 294 1740 τὸ
326 1690 636 1759 κριτήριον,
667 1689 916 1760 καθάπερ
945 1689 977 1757 ἡ
1009 1687 1102 1740 τοῦ
1132 1688 1401 1756 γάλακτος
1425 1686 1516 1739 καὶ
1541 1685 1648 1737 τῶν
1673 1683 1816 1736 ὀδόν-

229 1790 341 1824 των
387 1773 630 1842 ποιότης.
671 1770 1013 1834 Ζαϐουλὼν,
1043 1771 1197 1840 φησὶ,
1232 1767 1522 1837 παράλιος
1548 1764 1816 1829 κατοική-

231 1870 352 1919 σει,
380 1855 478 1908 καὶ
514 1855 696 1920 αὐτὸς
727 1857 860 1924 παρ’
893 1854 1075 1923 ὅρμον
1101 1853 1350 1917 πλοίων,
1374 1851 1470 1904 καὶ
1504 1847 1822 1916 παρατενεῖ

229 1937 346 2001 ἕως
382 1937 659 2002 Σιδῶνος.
698 1939 840 2009 Ὅρα
875 1939 992 2001 πῶς
1023 1939 1116 1991 καὶ
1149 1936 1322 2006 τούτῳ
1351 1933 1656 2006 προμηνύει
1688 1932 1816 1985 ἔνθα

229 2022 334 2088 τὴν
359 2022 576 2090 οἴκησιν
603 2019 735 2086 ἕξει,
764 2021 857 2074 καὶ
885 2021 967 2072 ὅτι
1001 2019 1160 2090 μέχρι
1184 2019 1411 2081 Σιδῶνος
1433 2015 1815 2086 ἐκταθήσεται.

245 2103 542 2172 ’Ῑσσάχαρ
592 2104 656 2157 τὸ
693 2103 888 2157 καλὸν
928 2103 1325 2171 ἐπεθύμησεν,
1362 2099 1818 2166 ἀναπαυόμενος

231 2186 353 2240 ἀνὰ
377 2187 572 2256 μέσον
591 2184 710 2239 τῶν
737 2186 979 2254 κλήρων
998 2203 1010 2214 ·
1035 2185 1133 2238 καὶ
1160 2185 1302 2238 ἰδὼν
1331 2183 1445 2250 τὴν
1472 2180 1817 2236 ἀνάπαυσιν

232 2270 325 2324 ὅτι
376 2270 571 2339 καλὴ,
624 2270 722 2324 καὶ
761 2271 874 2332 τὴν
904 2269 1021 2339 γῆν
1049 2269 1138 2322 ὅτι
1181 2271 1365 2332 πίων,
1405 2269 1668 2333 ὑπέθηκε
1710 2263 1817 2316 τόν

231 2349 398 2423 ὦμον
447 2353 633 2408 αὐτοῦ
683 2355 770 2419 είς
815 2355 879 2406 τὸ
935 2352 1174 2417 πονεῖν,
1225 2352 1323 2404 καί
1369 2351 1604 2420 ἐγένετο
1662 2345 1816 2412 ἀνὴρ

232 2437 516 2506 γεωργός.
557 2437 799 2489 Ἐπαινεῖ
818 2435 1024 2499 τοῦτον,
1062 2435 1137 2497 ὡς
1166 2435 1265 2505 τὴν
1299 2434 1399 2504 τῆς
1425 2437 1526 2502 γῆς
1556 2431 1815 2499 ἐργασίαν

234 2519 514 2589 ἑλόμενον,
571 2519 666 2572 καὶ
723 2518 782 2571 τὸ
809 2518 937 2587 περὶ
993 2516 1090 2588 τὴν
1140 2519 1244 2588 γῆν
1275 2514 1554 2568 πονεῖσθαι
1599 2512 1815 2565 πάντων

235 2601 698 2674 προτετιμηκότα.
735 2599 857 2653 Δὰν
886 2600 1077 2667 κρινεῖ
1099 2599 1207 2652 τὸν
1235 2597 1450 2652 ἑαυτοῦ
1478 2596 1649 2661 λαὸν,
1673 2595 1816 2648 ὡσεὶ

235 2684 338 2736 καὶ
396 2685 506 2752 μία
543 2683 709 2752 φυλὴ
766 2683 836 2735 ἑν
878 2681 1135 2748 Ἰσραήλ.
1182 2680 1292 2734 Καὶ
1345 2679 1644 2750 γενηθήτω
1699 2677 1818 2732 Δὰν

236 2769 380 2836 ὄφις
416 2767 508 2836 ἐφ’
535 2766 697 2830 ὀδοῦ,
745 2763 1150 2835 ἐγκαθήμενος
1183 2763 1281 2816 ἐπὶ
1320 2763 1541 2830 τρίϐου,
1579 2761 1818 2814 δάκνων

237 2852 507 2919 πτέρναν
528 2851 717 2904 ἵππου
740 2867 751 2878 ·
778 2848 877 2902 καὶ
897 2849 1164 2902 πεσεῖται
1188 2851 1220 2902 ό
1261 2847 1473 2912 ἱππεὺς
1494 2848 1580 2910 εἰς
1600 2845 1670 2898 τὰ
1697 2847 1821 2898 ὀπί.

237 2936 404 2996 σθια,
428 2933 542 3000 τὴν
563 2932 868 3000 σωτηρίαν
905 2932 1236 2999 περιμένων
1263 2927 1505 2996 Κυρίου.
1531 2927 1820 2998 Θαυμάσαι

237 3019 393 3082 ἄξιον
427 3019 524 3071 καὶ
553 3016 896 3086 ἐκπλαγῆναι
929 3016 1018 3068 τὸν
1047 3015 1255 3068 δίκαιον
1285 3013 1500 3076 τοῦτον,
1535 3013 1684 3076 ὅπως
1709 3014 1821 3075 τοῖς

237 3105 335 3158 τοῦ
362 3103 675 3173 πνεύματος
696 3102 996 3174 ὀφθαλμοῖς
1020 3101 1236 3155 ἅπαντα
1252 3101 1503 3171 προορῶν
1522 3103 1641 3162 τοῖς
1662 3099 1820 3151 παισὶ

240 3190 665 3260 περιεσήμαινε,
688 3189 782 3242 καὶ
795 3188 862 3240 τὰ
882 3187 1098 3256 ἐκάστῳ
1122 3202 1183 3237 συ
1193 3184 1513 3254 μϐησόιιενα
1534 3183 1816 3252 προέλεγε·

238 3273 309 3326 τὰ
339 3273 447 3343 γὰρ
485 3273 624 3342 μετά
660 3271 829 3324 πολὺν
861 3271 1098 3340 ἐσόμενα
1124 3269 1318 3339 χρόνον
1357 3267 1458 3337 ήδη
1488 3284 1819 3336 προαναφω-

241 3359 348 3408 νεῖ.
383 3355 532 3419 Γὰδ,
567 3355 951 3423 πειρατήριον
981 3352 1356 3420 πειρατεύσει
1382 3350 1570 3402 αὐτόν
1590 3365 1603 3377 ·
1637 3350 1820 3414 αὐτὸς

240 3438 312 3491 δὲ
342 3439 716 3506 πειρατεύσει
750 3437 936 3492 αὐτὸν
975 3437 1126 3490 κατὰ
1169 3434 1378 3499 πόδας.
1425 3432 1630 3500 Ἀσήρ,
1669 3433 1822 3485 πίων

241 3523 432 3576 αὐτοῦ
454 3527 485 3576 ό
508 3523 706 3589 ἄρτος,
743 3523 839 3576 καὶ
869 3521 1052 3586 αὐτὸς
1082 3519 1262 3572 δώσει
1284 3515 1517 3585 τροφὴν
1543 3516 1817 3584 ἄρχουσι.

241 3606 606 3674 Νεφθαλείμ,
640 3606 932 3672 στέλεχος
957 3601 1292 3670 ἀνειμένον,
1317 3598 1621 3664 ἐπιδιδοὺς
1647 3599 1716 3651 ἑν
1741 3597 1822 3662 τῷ

244 3688 573 3757 γεννήματι
623 3687 872 3752 κάλλος.
918 3686 1026 3738 Kal
1057 3682 1245 3753 ἐπειδὴ
1288 3685 1346 3734 ἐν
1395 3682 1642 3752 συντόμῳ
1680 3697 1823 3750 παρ-

247 3772 456 3842 έδραμε
495 3770 740 3834 τούτους,
773 3769 995 3840 ἔρχεται
1024 3766 1210 3820 λοιπὸν
1241 3765 1335 3818 ἐπὶ
1366 3765 1454 3818 τὸν
1489 3763 1705 3833 Ἰωσὴφ,
1731 3763 1825 3815 καί

247 3871 414 3924 φησιν
433 3872 447 3886 ·
489 3853 711 3921 Ἰωσὴφ
728 3852 859 3915 υἱὸς
886 3848 1249 3919 ηὐξημένος,
1280 3846 1568 3914 ζηλωτόςο
1597 3844 1820 3913 Ἰωσὴφ

244 3938 381 4002 υἱὸς
426 3935 790 4004 ηὐξημένος,
830 3936 958 4000 υίός
979 3951 1100 4003 μου
1141 3930 1445 3999 νεώτερος.
1504 3929 1824 3996 Ἐπίφθονος

245 4018 502 4088 γέγονας,
534 4019 719 4088 φησὶν,
743 4018 802 4084 ἐξ
828 4017 1005 4070 αὐτῶν
1026 4015 1136 4068 τῶν
1155 4014 1477 4086 προοιμίων.
1503 4013 1594 4075 El;
1620 4012 1678 4064 ὃν
1711 4012 1824 4064 δια-

248 4102 629 4173 ϐουλευόμενοι
661 4101 982 4170 ἐλοιδόρουν.
1016 4098 1136 4151 Τῶν
1172 4096 1416 4164 ἀδελφῶν
1441 4095 1539 4166 τήν
1573 4095 1692 4148 κατ’
1724 4095 1824 4147 αύ-

246 4185 344 4239 τοῦ
379 4187 702 4255 συμφωνίαν
741 4184 1058 4236 αἰνίττεται.
1094 4182 1203 4235 Καὶ
1242 4182 1377 4250 ὅπερ
1415 4179 1672 4250 ἀνωτέρω
1707 4179 1822 4232 ἕλε-

247 4288 346 4338 γεν
375 4271 406 4340 ἡ
435 4270 646 4340 Γραφὴ,
676 4269 756 4321 ὅτι
781 4267 950 4336 ψόγον
977 4257 1586 4340 πονηρδνκατήνεγκαν
1627 4263 1824 4332 Ἰωσήφ

246 4339 403 4422 πρὸς
423 4351 515 4404 τὸν
547 4339 758 4420 πατέρα
780 4349 969 4410 αὑτοῦ,
997 4346 1155 4400 τοῦτο
1189 4339 1344 4409 οὗτος
1373 4345 1609 4422 ἐνταῦθά
1629 4361 1820 4413 φησιν’

244 4417 349 4500 Είς
387 4434 461 4487 ὃν
491 4417 1012 4500 διαϐουλευόμενοι
1049 4428 1418 4496 ἐλοιδόρουν,
1465 4417 1562 4480 καί
1590 4427 1825 4495 ἐνεῖχον

245 4516 412 4582 αὐτῷ
433 4517 622 4584 κύριοι
661 4514 1038 4584 τοξευμάτων
1061 4530 1073 4542 ’
1099 4513 1196 4584 τὴν
1218 4511 1443 4580 φονικὴν
1459 4511 1638 4564 αὐτῶν
1659 4513 1826 4563 αἰνιτ-

247 4602 481 4671 τόμενος
519 4600 763 4670 γνώμην.
801 4598 908 4652 Kal
944 4597 1268 4663 συνετρίϐη
1293 4596 1444 4663 μετά
1471 4592 1728 4661 κράτους
1755 4593 1828 4646 τὰ

246 4686 400 4747 τόξα
435 4683 652 4738 αὐτῶν.
687 4685 827 4753 Ὅρα
857 4681 996 4744 πῶς,
1029 4680 1220 4749 ἐπειδὴ
1249 4676 1368 4731 εἷπε
1395 4678 1463 4731 τὰ
1489 4679 1618 4749 παρ’
1647 4677 1826 4730 αὐτῶν

248 4767 401 4821 κατά
427 4764 522 4818 τοῦ
571 4765 769 4834 Ἰωσήφ
805 4763 1171 4833 τολμηθέντα,
1206 4763 1354 4827 λέγει
1399 4762 1492 4814 καὶ
1527 4762 1596 4814 τὰ
1645 4763 1827 4823 αὐτοῖς

250 4868 318 4903 συ
328 4849 660 4920 μϐεϐηκότα.
683 4851 728 4901 Σ
733 4847 1006 4913 υνετρίϐη
1022 4844 1150 4916 γὰρ,
1175 4845 1330 4914 φησι,
1357 4843 1428 4895 τὰ
1445 4843 1590 4905 τόξα
1608 4842 1822 4905 αὐτῶν,

247 4933 352 4986 καὶ
384 4933 640 4998 ἐξελύθη
678 4931 750 4984 τὰ
776 4931 959 4998 νεῦρα
991 4929 1336 4996 βραχιόνων
1363 4926 1578 4996 χειρῶν
1609 4927 1825 4980 αὐτῶν.

247 5016 421 5070 Αὐτοὶ
457 5016 556 5084 μὲν
597 5014 806 5067 ἀνελεῖν
840 5013 1230 5082 ἐπεχείρησαν,
1269 5012 1362 5064 καὶ
1389 5011 1450 5062 τό
1481 5027 1545 5077 γε
1571 5005 1705 5084 ἧκον
1749 5011 1828 5072 εἰς

247 5080 475 5162 αὐτοὺς,
500 5099 577 5158 εἰς
600 5095 762 5166 ἔργον
788 5094 886 5164 τήν
917 5080 1142 5162 γνώμην
1172 5091 1438 5162 ἐξήγαγον
1459 5110 1471 5123 ·
1492 5080 1634 5145 ἀλλά
1646 5091 1740 5145 καὶ
1759 5093 1827 5145 τὰ

251 5181 385 5245 τόξα
412 5179 593 5230 αὐτῶν
627 5177 940 5246 συνετρίϐη,
972 5175 1067 5228 καὶ
1096 5173 1321 5242 ἐξελύθη
1341 5175 1520 5227 αὐτῶν
1544 5174 1614 5226 τὰ
1637 5173 1823 5243 νεῦρα.

252 5263 380 5325 Πῶς
422 5263 532 5332 γάρ
578 5263 699 5332 ούχί
731 5262 890 5313 τοῦτο
946 5258 1298 5322 πεπόνθασιν,
1354 5259 1442 5310 ὅτε
1492 5259 1689 5329 ἢκουον
1733 5256 1826 5310 τοῦ

259 5345 464 5415 Ἰωσὴφ
484 5345 759 5414 λέγοντος·
777 5343 1051 5412 Ἐγώείμι
1068 5345 1098 5394 ὁ
1120 5340 1382 5408 ἀδελφὸς
1403 5339 1567 5408 ὑμῶν
1581 5339 1826 5409 Ἰωσὴφ,

247 5431 326 5483 ὃν
349 5429 655 5484 ἀπέδοσθε
672 5431 761 5492 είς
777 5430 1080 5498 Αιγυπτον
1100 5443 1118 5491 ;
1135 5426 1270 5477 Τότε
1291 5424 1399 5493 γὰρ
1430 5425 1683 5495 μάλιστα,
1707 5427 1828 5478 τότε

250 5511 482 5582 ἐξελύθη
534 5511 716 5566 αὐτῶν
763 5511 834 5564 τὰ
884 5509 1087 5579 νεῦρα,
1150 5507 1251 5560 Διὰ
1301 5506 1468 5575 χεῖρα
1522 5507 1828 5560 δυνάστου

265 5593 500 5650 Ἰακώϐ.
569 5596 828 5650 Ἐκεῖθεν
871 5599 902 5648 ό
947 5591 1326 5660 κατισχύσας
1373 5591 1619 5657 Ἰσραὴλ
1671 5594 1829 5660 παρὰ

254 5679 408 5734 Θεοῦ
434 5677 540 5734 τοῦ
571 5681 798 5748 πατρός
823 5694 960 5742 σου,
997 5676 1094 5729 καί
1127 5672 1420 5741 ἐϐοήθησέ
1444 5689 1542 5726 σοι
1572 5677 1604 5727 ό
1634 5674 1775 5740 Θεὸς
1798 5678 1830 5728 ὁ

249 5763 418 5832 ἐμός.
469 5764 526 5815 '0
553 5763 608 5815 δὲ
637 5761 870 5823 ἐκλύσας
901 5759 1079 5826 αὐτῶν
1117 5758 1186 5810 τὰ
1223 5757 1410 5827 νεῦρα,
1452 5756 1636 5828 φησὶν,
1683 5761 1711 5812 ὁ
1739 5759 1831 5812 δυ-

252 5846 463 5914 νάστης
488 5847 654 5899 ἐστίν.
689 5845 856 5906 Αὐτὸς
879 5843 985 5913 γὰρ
1008 5841 1271 5912 ἐϐοήθησέ
1302 5858 1382 5893 σοι
1410 5842 1438 5893 ό
1461 5841 1589 5904 Θεὸς
1621 5842 1648 5893 ὁ
1670 5843 1821 5910 ἐμός.

256 5929 406 5999 Ὅρα
427 5928 518 5982 τοῦ
542 5929 754 5982 δικαίου
786 5927 847 5978 τὸ
876 5927 1095 5995 γνήσιον
1119 5924 1246 5994 περὶ
1279 5924 1368 5977 τὸν
1399 5924 1674 5994 Δεσπότην
1708 5924 1826 5994 φίλ-

590 6023 855 6080 Ρετιιοι..
895 6019 1010 6078 Gn.
1050 6016 1208 6077 LIV.

1207 325 1272 384 IN
1309 329 1460 386 CAP.
1497 323 1660 382 XLIX
1697 321 1943 382 GENES.
1986 320 2215 381 HOMIL.
2257 321 2480 382 LXVIL.

3373 322 3478 398 ετξ

1913 467 2061 522 τρον,
2096 451 2244 515 ὅπως
2282 451 2370 504 τὸν
2409 450 2510 520 τῆς
2546 445 2865 516 οἰκουμένης
2887 443 3161 514 Δεσπότην
3184 442 3347 498 αὐτοῦ
3376 447 3476 516 μό-

1913 549 2006 584 νου
2047 532 2191 601 λέγει
2224 528 2360 586 εἷναι
2391 532 2544 594 Θεὸν,
2589 529 2708 599 οὐχὶ
2737 526 3036 594 συγκλείων
3075 525 3237 579 αὐτοῦ
3268 525 3364 598 τὴν
3390 527 3479 580 δε-

1919 615 2195 678 σποτείαν,
2226 614 2379 687 [640]
2405 614 2526 667 ούδέ
2555 610 2872 681 ἀποστερῶν
2913 609 3068 662 αὐτὸν
3105 609 3203 678 τῆς
3233 607 3480 675 ἐξουσίας

1917 698 2015 767 τῆς
2055 699 2400 768 οἰκουμένης,
2447 696 2583 748 ἀλλά
2616 695 2705 747 τὸν
2746 695 2944 747 οἰκεῖον
2986 692 3265 762 ἐμφαίνων
3291 693 3481 746 πόθον⁴

1921 781 2024 833 Καὶ
2053 780 2351 849 εὐλόγησέ
2394 794 2466 832 σε
2513 779 2795 846 εὐλογίαν
2827 775 3085 843 οὐρανοῦ
3118 777 3362 830 ἀνωθεν.
3404 776 3479 828 Ού

1917 863 2098 932 μόνον,
2149 863 2332 933 φησὶν,
2381 862 2695 932 ἐϐοήθησεν,
2741 859 2874 911 ἀλλά
2914 859 3006 910 καὶ
3044 859 3362 928 Εὐλόγησέ
3409 876 3484 912 σε

1913 948 2199 1014 εὐλογίαν
2245 944 2354 1014 γῆς
2391 945 2655 1013 ἐχούσης
2687 941 2904 1004 πάντα,
2947 941 3156 994 ἕνεκεν
3203 943 3483 1012 εὐλογίας

1910 1027 2160 1096 μαστῶν
2185 1029 2282 1081 καί
2306 1029 2556 1096 μήτρας,
2575 1026 2855 1092 εὐλογίας
2877 1026 3099 1092 πατρός
3117 1040 3232 1078 σου
3257 1027 3356 1079 καὶ
3367 1043 3486 1094 μη-

1914 1112 2051 1177 τρός
2072 1128 2204 1164 σου.
2250 1112 2687 1178 ’Υπερίσχυσεν
2718 1108 2808 1160 ἐπ’
2841 1107 3143 1174 εὐλογίαις
3176 1107 3359 1175 ὀρέων
3377 1126 3486 1178 μο-

1915 1193 2122 1260 νίμων,
2158 1194 2252 1246 καὶ
2285 1193 2621 1260 ἐπιθυμίαις
2655 1187 2832 1244 θινῶν
2870 1190 3143 1241 αἰωνίων.
3176 1190 3285 1260 Τὴν
3329 1188 3486 1252 δόξαν

1918 1277 2011 1327 καὶ
2043 1276 2142 1346 τὴν
2173 1276 2531 1346 περιφάνειαν
2555 1273 2788 1327 ἐνταῦθα
2819 1272 3113 1324 αἰνίττεται
3145 1274 3238 1325 καὶ
3264 1273 3361 1342 τήν
3388 1272 3485 1342 βα-

1920 1357 2124 1410 σιλείαν
2162 1359 2261 1428 τῆς
2279 1357 2578 1424 Αἰγύπτου,
2611 1356 2700 1409 διὰ
2732 1354 2838 1407 τῶν
2869 1355 3038 1425 ὀρέων
3073 1355 3165 1407 καὶ
3195 1355 3302 1407 τῶν
3326 1354 3486 1407 θινῶν

1916 1439 1978 1491 τὸ
2007 1439 2207 1509 ὑψηλόν
2225 1458 2282 1492 τε
2308 1441 2399 1492 καὶ
2429 1439 2648 1510 ἰσχυρὸν
2668 1437 2969 1514 ἐμφαίνων,
3002 1436 3076 1500 ὡς
3095 1437 3188 1491 καὶ
3220 1439 3300 1500 εἰς
3319 1437 3488 1508 αὐτὴν

1915 1521 2013 1591 τὴν
2042 1523 2301 1576 ἀνωτάτω
2343 1524 2587 1593 κορυφήν
2608 1525 2716 1592 ,τῆς
2745 1522 2918 1593 ἀρχῆς
2949 1521 3340 1592 ἀνενεχθῆναιυ·
3367 1517 3488 1577 Αὖ⁶

1916 1621 2029 1665 ται,
2057 1607 2240 1674 φησὶν,
2273 1609 2331 1658 αἱ
2360 1606 2625 1674 εὐλογίαι
2659 1604 2756 1657 ἐπὶ
2796 1601 2908 1671 τὴν
2936 1604 3212 1672 κεφαλὴν
3243 1604 3490 1658 ἔσονται

1930 1686 2171 1755 Ἰωσὴφ,
2200 1689 2296 1740 καί
2328 1688 2426 1740 ἐπὶ
2458 1686 2727 1756 κορυφῆς
2756 1681 2845 1739 ὧν
2882 1685 3154 1753 ἡγήσατο
3185 1686 3485 1755 ἀδελφῶν.

1915 1764 2108 1832 Λῦται,
2139 1772 2325 1840 φησὶν,
2356 1773 2412 1822 αἱ
2445 1771 2687 1838 εὐλογίαι
2719 1769 2814 1821 ἐπὶ
2853 1769 2952 1839 τὴν
2994 1769 3237 1840 κεφαλὴν
3275 1770 3490 1822 ἔσονται

1916 1853 2014 1919 τὴν
2050 1854 2166 1922 σήν.
2201 1854 2482 1922 Βενιαμίν
2521 1854 2708 1917 λύκος
2731 1853 2930 1920 ἅρπαξ
2938 1891 2952 1913 ,
2980 1851 3044 1905 τὸ
3073 1853 3333 1920 πρωϊνὸν
3360 1853 3490 1906 ἕδε-

1919 1953 2033 1997 ται,
2061 1936 2157 1988 καί
2189 1938 2277 2000 εὶς
2314 1936 2382 1989 τὸ
2411 1935 2672 2004 ἑσπέρας
2691 1935 2969 1988 διαδώσει
2996 1935 3245 2003 τροφήν.
3277 1936 3385 1990 Kal
3413 1938 3492 1988 ἐνο

1916 2019 2092 2072 ταῦθα
2121 2018 2428 2090 προμηνύει
2459 2019 2608 2088 αύτῷ
2634 2018 2703 2071 τά
2727 2019 2863 2088 μετὰ
2889 2019 3083 2090 μικρὸν
3109 2020 3342 2090 ἐσόμενα
3365 2020 3492 2090 χρό-

1917 2118 2027 2165 νον,
2056 2102 2152 2154 καὶ
2173 2102 2274 2165 ὅτι,
2314 2101 2566 2172 καθάπερ
2593 2100 2773 2164 λύκος,
2794 2094 2946 2164 οὗτος
2978 2101 3294 2172 ἐπιϐήσεται
3316 2103 3492 2173 ἁρπά-

1919 2184 2046 2248 ζων,
2086 2183 2348 2254 ἀναιρῶν,
2379 2185 2473 2236 καὶ
2496 2185 2663 2254 μυρία
2699 2185 2842 2238 κακά
2871 2185 3151 2248 διατιθείς.
3197 2185 3416 2256 Ἐπειδὴ
3433 2186 3491 2238 δὲ

1922 2269 2054 2319 πᾶσι
2102 2270 2215 2330 τοῖς
2244 2269 2380 2330 υἱοῖς
2419 2268 2789 2338 καταλλήλους
2819 2269 2918 2332 τὰς
2963 2268 3211 2336 εὐλογίας
3243 2271 3490 2340 προεμή-

1921 2366 2070 2415 νυσε,
2091 2350 2198 2403 Kal
2225 2352 2548 2420 εὐλόγησε,
2581 2353 2766 2420 φησὶν,
2791 2349 3051 2402 ἕκαστον
3081 2353 3227 2404 κατὰ
3250 2351 3365 2418 τὴν
3389 2355 3492 2406 εὐ-

1917 2432 2130 2501 λογίαν
2173 2433 2382 2499 αὐτοῦ,
2417 2432 2498 2501 ἣν
2534 2435 2872 2503 εὐλόγησεν
2911 2433 3132 2500 αὐτούς
3157 2450 3170 2463 ·
3220 2434 3341 2487 ἀντὶ
3373 2433 3488 2498 τοῦ,

1919 2513 2062 2585 ἅπερ
2091 2517 2254 2587 ἐχρῆν
2274 2517 2490 2587 ἑκάστῳ
2519 2519 2884 2588 προεμήνυσε,
2915 2517 3008 2569 καὶ
3039 2517 3107 2569 τά
3129 2516 3216 2586 ἐφ’
3251 2518 3491 2589 ἐκάστης

1921 2599 2096 2670 φυλῆς
2132 2598 2522 2669 συμϐησόμενα
2572 2599 3027 2671 προανεφώνησεν
3050 2617 3062 2628 ·
3101 2603 3288 2673 ἐπειδὴ
3317 2602 3494 2655 διετά-

1922 2684 2049 2748 ξατο
2085 2683 2152 2736 τὰ
2197 2682 2300 2734 ὑπὸ
2337 2683 2430 2734 τοῦ
2483 2682 2798 2750 Πνεῦματος
2844 2683 2992 2753 αὐτῷ
3049 2685 3489 2755 προμηνυθέντα,

1921 2767 2054 2836 φησὶ
2101 2765 2238 2834 πρὸς
2283 2765 2511 2827 αὐτούς·
2568 2763 2717 2834 Ἐγὼ
2756 2767 3140 2833 προστίθεμαι
3194 2768 3344 2835 πρὸς
3385 2768 3494 2822 τὸν

1919 2848 2066 2918 ἐμὸν
2095 2848 2266 2909 λαὸν,
2301 2849 2397 2900 καὶ
2426 2847 2645 2914 θάψἐτέ
2659 2866 2735 2918 με
2751 2848 2900 2916 μετὰ
2922 2847 3040 2900 τῶν
3068 2849 3338 2916 πατέρων
3346 2869 3491 2917 μου.

1990 2931 2052 2983 δ’.
2078 2932 2218 3001 Ὅρα
2240 2931 2355 2993 πῶς
2387 2931 2472 2983 διὰ
2489 2931 2588 2994 τῆς
2606 2931 2952 3002 ἐπισκήψεως
2987 2932 3189 3001 ταύτης
3231 2933 3492 3005 μεγίστην

1923 3016 2106 3076 αὐτοῖς
2131 3013 2485 3084 παραμυθίαν
2513 3012 2815 3084 χαρίζεται.
2861 3014 3132 3066 Ἐνενόουν
3148 3015 3276 3085 γὰρ,
3294 3017 3374 3068 ὅτι
3393 3019 3495 3071 οὐκ

1921 3102 1986 3154 ἂν
2012 3102 2038 3152 ὁ
2061 3101 2263 3162 δίκαιος
2289 3099 2446 3152 τοῦτο
2470 3099 2820 3164 διεστείλατο,
2843 3101 2890 3152 εἰ
2912 3100 2985 3169 μὴ
3014 3101 3229 3164 πάντως
3256 3103 3371 3172 ᾔδει
3395 3103 3491 3177 τῂν

1922 3184 2103 3237 ἄνοδον
2134 3183 2310 3235 αὐτῶν
2340 3183 2623 3253 ἐσομένην,
2663 3183 2755 3234 καὶ
2781 3186 2878 3254 τῆς
2908 3183 3149 3247 δουλείας
3181 3187 3278 3256 τῆς
3307 3187 3365 3239 ἐν
3396 3188 3492 3239 Αἰ-

1920 3268 2114 3337 γύπτῳ
2159 3266 2256 3335 τήν
2300 3266 2639 3336 ἀπαλλαγήν.
2684 3261 2815 3318 Εἶτα
2847 3266 3061 3319 καὶτὸν
3100 3268 3261 3321 τόπον
3305 3269 3489 3339 λέγει·

1935 3353 2030 3401 Ἐν
2080 3350 2160 3415 τῷ
2209 3351 2510 3417 σπηλαίῳ,
2569 3350 2752 3419 φησὶν,
2806 3348 2841 3402 ὅ
2891 3351 3060 3403 ἐστιν
3102 3352 3172 3404 ἑν
3215 3351 3295 3418 τῷ
3335 3355 3495 3425 ἀπρῷ

1935 3433 2157 3500 Ἐρρὼν
2209 3435 2315 3486 τοῦ
2379 3434 2682 3486 Χετταίου.
2723 3433 2832 3485 Καὶ
2883 3433 3070 3486 ταῦτα
3114 3435 3298 3489 εἰπὼν
3354 3455 3495 3492 κατ-

1919 3515 2170 3575 έπαυσε,
2208 3517 2391 3586 φησὶν,
2415 3513 2760 3568 ἐπιτάσσων
2801 3513 2928 3578 τοῖς
2960 3515 3114 3581 υἱοῖς
3144 3517 3350 3572 αὐτοῦ.
3383 3520 3495 3575 Kal

1922 3597 2144 3664 ἐξάρας
2183 3598 2384 3651 Ἰακὼϐ
2398 3597 2540 3662 τοὺς
2568 3597 2759 3663 πόδας
2785 3598 2972 3651 αὐτοῦ
2993 3599 3091 3650 ἐπὶ
3117 3599 3230 3667 τὴν
3251 3603 3492 3670 κλίνην,

1923 3680 2186 3742 ἐξέλιπε,
2203 3681 2303 3733 καὶ
2323 3679 2655 3747 προσετέθη
2677 3683 2825 3745 πρὸς
2844 3679 2950 3731 τὸν
2964 3679 3117 3733 λαὸν
3129 3684 3333 3736 αὐτοῦ.
3352 3686 3495 3754 Ὅρα

1925 3762 2024 3815 καὶ
2054 3762 2152 3832 τὴν
2184 3762 2442 3832 τελευτὴν
2488 3761 2584 3813 τοῦ
2621 3762 2830 3813 δικαίου
2865 3761 3058 3815 πολλοῦ
3097 3764 3370 3834 θαύματος
3403 3768 3495 3836 γέ-

1933 3863 2159 3915 μουσαν.
2189 3844 2594 3914 Διαταξάμενος
2624 3845 2750 3912 γὰρ,
2780 3845 2934 3916 φησὶ,
2960 3847 3071 3909 τοῖς
3095 3849 3280 3902 παισὶν
3304 3851 3492 3915 αὑτοῦ,

1939 3929 2172 4000 ,Εξάρας
2215 3930 2339 3991 τοὺς
2380 3927 2545 3988 πόδας
2593 3928 2685 3978 ἐπὶ
2723 3927 2821 3997 τὴν
2870 3927 3076 3997 κλίνην,
3133 3930 3321 4002 ῶσπερ
3375 3934 3492 4003 μεθ’

1924 4016 2120 4086 ἡδονῆς
2137 4017 2196 4068 τὸ
2211 4016 2440 4086 πρᾶγμα
2459 4013 2902 4083 καταδεχόμενος.
2921 4016 3075 4069 Οῦτω
3091 4019 3226 4087 μετὰ
3244 4020 3302 4072 τὸ
3318 4021 3492 4073 πάντα

1928 4097 2301 4162 διατάξασθαι,
2336 4097 2480 4161 Τοὺς
2499 4097 2687 4161 πόδας
2705 4097 2943 4166 ἐξάρας,
2968 4100 3086 4152 ἀντὶ⁵
3107 4099 3219 4164 τοῦ,
3245 4102 3496 4170 ἐφαπλώ-

1928 4199 2046 4245 σας,
2077 4182 2110 4251 ἢ
2134 4181 2336 4246 τείνας,
2359 4180 2433 4242 ὡς
2457 4180 2522 4234 ἂν
2553 4181 2694 4233 εἴποι
2720 4199 2822 4245 τις,
2861 4181 3153 4246 Ἐξέλιπε,
3181 4185 3337 4239 τοῦτό
3356 4188 3492 4249 ἐστι,

1926 4263 2189 4316 κατέλυσε
2227 4263 2326 4334 τὴν
2361 4263 2526 4333 ζωὴν,
2557 4263 2666 4316 Kal
2694 4263 3025 4331 προσετέθη
3047 4265 3194 4334 πρὸς
3213 4267 3322 4320 τὸν
3344 4269 3496 4323 λαὸν

1924 4346 2131 4400 αὐτοῦ.
2166 4346 2274 4399 Kal
2299 4344 2628 4410 ἐπιπεσὼν,
2679 4347 2865 4416 φησὶν,
2908 4348 3126 4416 Ἰωσὴφ
3178 4350 3275 4402 ἐπὶ
3311 4355 3497 4419 πρόσ-

1926 4447 2090 4484 ωπον
2111 4430 2216 4483 τοῦ
2255 4430 2479 4498 πατρὸς
2506 4430 2712 4493 αὐτοῦ,
2747 4432 3051 4485 ἔκλαυσεν
3075 4433 3166 4484 ἐπ’
3193 4433 3371 4499 αὐτῷ,
3397 4437 3498 4489 καὶ

1927 4515 2333 4582 κατεφίλησεν
2351 4513 2556 4566 αὐτόν.
2591 4510 2745 4576 Εἶδες
2771 4514 2956 4577 παιδὸς
2983 4514 3392 4587 φιλοστοργίαν;
3421 4517 3499 4572 εἷ-

1925 4597 2014 4660 δες
2047 4596 2452 4665 πεπυρωμένην
2481 4595 2739 4666 ἀγάπην;
2767 4598 2876 4649 Καὶ
2905 4597 3044 4665 μετά
3065 4597 3163 4668 τὴν
3192 4599 3291 4669 τῆς
3320 4599 3500 4671 ψυχῆς

1928 4679 2276 4751 ἀναχώρησιν
2319 4679 2657 4733 Ἐπιπεσὼν
2681 4679 2778 4732 ἐπὶ
2812 4680 2878 4733 τὸ
2898 4682 3245 4746 πρόσωπον,
3268 4684 3366 4736 καὶ
3391 4701 3500 4738 κα-

1928 4763 2285 4832 ταφιλήσας,
2318 4763 2620 4815 ἔκλαυσεν
2654 4762 2746 4814 ἐπ’
2780 4762 2958 4828 αὐτῷ.
2993 4766 3102 4817 Kal
3123 4766 3314 4819 τούτου
3340 4784 3500 4835 γενο-

1933 4847 2093 4916 μένου
2135 4843 2334 4914 Ἰωσὴφ
2373 4844 2438 4897 τὰ
2477 4844 2627 4915 παρά
2662 4845 2755 4896 τοῦ
2805 4846 3009 4916 πατρὸς
3049 4849 3372 4903 ἐνταλθέντα
3420 4853 3501 4914 εἰς

1929 4929 2088 4999 ἔργον
2103 4927 2287 4979 λοιπὸν
2306 4926 2634 4990 ἐσπούδαζεν
2653 4929 2900 4995 ἀγαγεῖν.
2923 4929 3070 4993 Τέως
3083 4931 3138 4983 δὲ
3161 4932 3499 4998 Προσέταξε

1929 5012 2051 5074 τοῖς
2080 5008 2504 5076 ἐνταφιασταῖς
2524 5009 2881 5077 ἐνταφιάσαι
2903 5012 3009 5062 τὸν
3039 5012 3262 5081 πατέρα
3290 5015 3494 5068 αὐτοῦ.

1929 5095 2036 5149 Kal
2063 5094 2245 5156 αὐτὸς
2267 5089 2383 5160 μὲν
2402 5092 2859 5160 τεσσαράκοντα
2883 5095 3106 5163 ἡμέρας
3129 5097 3232 5162 τὰς
3261 5096 3370 5164 τῆς
3403 5115 3500 5149 ττι-

1931 5176 2070 5246 φῆς,
2109 5177 2148 5242 η
2200 5175 2268 5227 δὲ
2297 5175 2597 5244 Αἴγυπτος
2621 5175 3027 5244 ἐϐδομήκοντα
3060 5178 3282 5246 ἡμέρας
3315 5179 3502 5232 αὐτὸν

1930 5258 2246 5324 ἐπένθησε.
2279 5258 2390 5309 Kal
2410 5258 2597 5328 ἐπειδὴ
2624 5258 2693 5310 τὰ
2717 5259 3080 5328 νενομισμένα
3101 5260 3314 5314 ἅπαντα
3344 5262 3501 5329 γεγέ-

1933 5358 2113 5410 νηται,
2134 5341 2316 5393 λοιπὸν
2340 5340 2595 5409 γνωρίζει
2613 5341 2693 5411 τῷ
2719 5341 2918 5414 Φαραὼ
2943 5344 3036 5395 καὶ
3060 5345 3174 5406 τοῖς
3201 5346 3318 5412 μετ’
3337 5344 3500 5396 αὐτοῦ

1931 5426 1998 5478 τὰ
2019 5424 2123 5477 ὑπὸ
2140 5423 2234 5476 τοῦ
2265 5424 2468 5495 πατρὸς
2497 5425 2875 5491 κελευσθέντα,
2903 5426 2994 5478 καί
3017 5443 3181 5496 φησιν
3201 5443 3213 5456 ⁸
3236 5427 3502 5494 ’Ὧρκωσε

1925 5527 2001 5578 με
2033 5512 2064 5562 ὀ
2089 5507 2282 5575 πατήρ
2309 5526 2429 5576 μου
2484 5508 2632 5580 [641]
2655 5509 2848 5577 λέγων
2867 5527 2879 5538 ·
2925 5510 3020 5563 Ἐν
3048 5507 3128 5573 τῷ
3147 5511 3432 5579 μνημείῳ,
3455 5501 3501 5576 ᾧ

1931 5592 2131 5662 ὧρυξα
2156 5589 2385 5660 ἐμαυτῷ
2406 5593 2474 5644 ἐν
2496 5592 2571 5660 γῇ
2593 5593 2850 5654 Χαναὰν,
2872 5592 3001 5646 ἐκεῖ
3014 5610 3092 5662 με
3114 5594 3344 5660 θάψεις.
3374 5593 3500 5646 Νῦν

1933 5672 2046 5730 οὖν
2076 5675 2425 5740 συναναϐὰς
2448 5676 2616 5743 θάψω
2637 5677 2742 5729 τόν
2768 5677 2996 5746 πατέρα
3014 5696 3156 5746 μου,
3190 5679 3285 5730 καὶ
3316 5679 3500 5730 ἐπαν-

1935 5760 2289 5828 ελεύσομαι.⁸
2329 5759 2609 5830 Προσῆκόν
2657 5761 2794 5823 ἐστι,
2843 5762 2998 5830 φησὶ,
3052 5762 3119 5813 τὰ
3167 5762 3293 5831 παρ’
3336 5757 3498 5812 αὐτοῦ

1934 5841 2257 5908 διαταγέντα
2290 5841 2642 5912 πληρωθῆναι
2670 5843 2796 5914 παρ’
2841 5842 2998 5912 ἐμοῦ.
3043 5844 3281 5914 Ποιήσας
3314 5838 3406 5896 οῦν
3436 5839 3506 5894 τὰ

1935 5923 2161 5986 δόξαντα
2207 5923 2376 5994 αὐτῷ,
2423 5925 2878 5995 ἐπανελεύσομαι.
2919 5926 3103 5979 Ταῦτα
3139 5927 3374 5988 ἀκούσας
3414 5927 3498 5978 ἐπι

3080 6021 3156 6079 13
