4028 6360
569 472 796 543 ἔτρεψεν
823 473 850 524 6
879 466 1100 544 Φαραώ.
1137 471 1246 525 Kal
1279 473 1483 541 ἀνέϐη,
1503 475 1685 544 φησὶν,
1727 475 1946 543 Ἰωσὴφ
1966 472 2150 542 θάψαι

568 557 676 607 τὸν
701 553 922 621 πατέρα
957 555 1164 618 αὑτοῦ,
1209 555 1307 608 καὶ
1340 557 1769 624 συνανέϐησαν
1794 559 1920 626 μετ’
1965 557 2150 610 αὑτοῦ

568 637 792 703 πάντες
814 641 867 690 οί
887 637 1096 704 παῖδες
1122 637 1350 707 Φαραὼ.
1376 641 1483 693 Καὶ
1505 640 1620 707 τὴν
1643 640 2020 710 συγγένειαν,
2053 639 2152 693 καὶ

567 721 708 784 τοὺς
735 721 892 786 ,βόας
920 721 1018 774 καὶ
1049 720 1122 774 τὰ
1140 724 1405 789 πρόϐατα
1428 723 1850 776 ὑπελείποντο.
1874 723 1982 776 Kal
1997 739 2149 776 συν-

565 802 877 872 ανέϐησαν
905 806 1033 873 μετ’
1055 805 1242 858 αὑτοῦ
1267 805 1496 874 ἅρματα
1520 806 1618 859 καὶ
1655 806 1872 872 ἱππεῖς,
1904 805 1998 859 καὶ
2026 805 2150 874 ἐγέ-

569 903 711 939 νετο
744 887 782 955 ἠ
822 888 1170 956 παρεμϐολὴ
1211 888 1444 957 μεγάλη
1475 889 1728 956 σφόδρα.
1767 890 1909 960 Ὅρα
1934 889 2022 941 διὰ
2050 889 2147 958 τὴν

566 973 646 1032 εἰς
671 970 764 1022 τδν
803 970 1002 1041 Ἰωσὴφ
1028 970 1194 1041 τιμὴν
1221 971 1396 1041 πόσην
1423 972 1819 1025 ἐπιδείκνυνται
1845 973 2080 1042 σπουδὴν
2099 973 2145 1023 οί

564 1052 883 1120 Αίγύπτ-ιοι,
915 1053 1009 1104 καὶ
1031 1052 1452 1122 συνανέρχονται
1477 1052 1553 1122 τῷ
1589 1053 1806 1124 Ἰωσὴφ,
1832 1053 1971 1108 ῶστε
1998 1054 2148 1121 γενέ-

568 1137 692 1190 σθαι
721 1137 922 1200 αὐτοὺς
948 1136 1304 1207 παρεμϐολὴν
1334 1137 1596 1208 μεγάλην.
1617 1137 1724 1190 Καὶ
1749 1137 2148 1206 παραγενόμε-

565 1236 660 1272 νοι
697 1220 768 1272 έν
796 1230 911 1272 τινι
938 1220 1117 1285 τόπῳ,
1147 1218 1449 1286 ἐκόψαντο
1475 1220 1660 1273 αὐτόν
1681 1220 1939 1274 κοπετὸν
1955 1219 2147 1288 μέγαν

567 1303 663 1353 καὶ
698 1301 952 1371 ἰσχυρὸν
993 1301 1249 1370 σφόδρα.
1297 1301 1405 1355 Καὶ
1433 1303 1684 1368 ἐποίησε
1719 1303 1784 1355 τὸ
1811 1301 2032 1365 πένθος
2065 1299 2146 1366 τῷ

506 1440 526 1458 ι
567 1387 741 1452 πατρί
760 1382 946 1438 αὑτοῦ
962 1380 1117 1436 ¹ιὲπτὰ
1143 1383 1388 1453 ἡμέρας.
1406 1383 1517 1437 Kal
1543 1381 1709 1438 εἶδον
1731 1387 1784 1438 οὶ
1801 1383 2145 1436 κατοικοῦν-

564 1485 663 1533 τες
706 1468 966 1531 Χαναὰν,
1011 1466 1108 1518 καὶ
1136 1462 1349 1520 εἶπαν·
1395 1466 1623 1533 Πένθος
1657 1467 1810 1536 μέγα
1854 1465 1985 1520 ἐστὶ
2022 1465 2145 1530 τοῖς

562 1552 929 1620 Αἰγυπτίοις.
965 1549 1068 1602 Διὰ
1100 1550 1277 1604 τοῦτο
1306 1550 1563 1603 ἐκάλεσε
1600 1543 1883 1618 τὸ’ὅνομτι
1911 1549 2015 1602 τοῦ
2045 1551 2142 1601 τό·

562 1651 702 1696 που,
718 1633 942 1697 Πένθος
957 1633 1281 1700 Αἰγύπτου,
1301 1633 1332 1685 ὅ
1345 1634 1476 1687 ἐστι
1494 1637 1683 1701 πέραν
1695 1633 1800 1686 τοῦ
1827 1631 2139 1699 Ἰορδάνου.

651 1716 811 1768 Ἀλλὰ
841 1717 905 1767 σὺ
938 1715 1110 1767 ταῦτα
1139 1715 1372 1780 ἁκούων,
1410 1717 1680 1786 ἁγαπητέ,
1717 1715 1791 1786 μὴ
1814 1713 2002 1778 ἁπλῶς
2038 1733 2142 1768 πα-

567 1799 819 1870 ράτρεχε,
843 1797 978 1851 ἀλλὰ
1003 1797 1093 1850 τὸν
1116 1798 1306 1868 καιρὸν
1337 1799 1550 1863 ἐννοῶν,
1570 1797 1690 1851 καθ’
1709 1798 1767 1850 ὃν
1782 1799 2007 1866 ἐγίνετο,
2040 1797 2145 1850 πά-

566 1901 665 1952 σης
695 1883 874 1945 αἰτίας
903 1882 1214 1936 ἀπάλλαττε
1235 1883 1327 1938 τὸν
1359 1883 1578 1952 Ἰωσήφ.
1613 1881 1840 1935 Οὐδέπω
1863 1881 1972 1952 γὰρ
2000 1875 2142 1950 ἦσαν

561 1963 656 2017 τοῦ
693 1965 818 2034 ᾅδου
846 1967 899 2018 αἱ
940 1964 1105 2018 πύλαι
1149 1965 1591 2032 συγκλασθεῖσαι,
1632 1964 1754 2018 οὐδέ
1785 1963 1878 2016 τοῦ
1909 1962 2140 2016 θανάτου

558 2035 630 2100 τὰ
665 2047 840 2117 δεσμά
875 2047 1214 2110 διαλυθέντα,
1239 2048 1359 2100 οὐδὲ
1385 2047 1642 2116 κοίμησις
1673 2048 1700 2098 6
1727 2045 1955 2108 θάνατος
1986 2043 2141 2112 λεγό-

564 2148 722 2201 μενος
754 2127 844 2200 ἦν.
870 2131 968 2183 Διά
991 2130 1148 2183 τοῦτο
1171 2131 1358 2201 ἐπειδὴ
1390 2130 1751 2183 ἐδεδοίκεισαν
1773 2129 1863 2180 τὸν
1889 2129 2137 2194 θάνατον,

559 2214 733 2268 ταῦτα
754 2213 972 2266 ἐποίουν
995 2230 1010 2244 ο
1029 2214 1147 2266 νυνὶ
1166 2213 1222 2266 δὲ
1250 2212 1336 2265 διὰ
1350 2213 1448 2282 τὴν
1464 2213 1558 2265 τοῦ
1580 2211 1714 2265 Θεοῦ
1741 2213 1922 2282 χάριν,
1951 2212 2138 2284 ἐπειδὴ

563 2298 732 2359 ὕπνος
758 2300 787 2350 ό
821 2296 1053 2359 θάνατος
1085 2295 1296 2362 γέγονε,
1321 2297 1416 2348 καὶ
1443 2295 1701 2365 κοίμησις
1726 2297 1759 2364 ἡ
1786 2295 2026 2366 τελευτὴ,
2045 2296 2141 2348 καὶ

561 2380 732 2450 πολλὴ
754 2379 854 2450 τῆς
882 2379 1241 2443 ,ἀναστάσεως
1278 2379 1312 2448 ἡ
1354 2378 1719 2449 πληροφορία,
1752 2378 1827 2440 ὼς
1855 2377 1963 2430 ἀπὸ
1995 2377 2140 2447 ζωῆς

564 2466 644 2526 εἰς
680 2461 824 2532 ζωὴν
859 2461 1268 2532 μεθιστάμενοι,
1297 2460 1473 2525 οὕτως
1515 2461 1866 2532 ἀγαλλόμεθα
1909 2462 2004 2514 καὶ
2045 2463 2138 2514 εὐ-

561 2544 925 2617 φραινόμεθα.
962 2545 1071 2596 Καὶ
1103 2543 1156 2596 τί
1183 2543 1326 2611 λέγω
1355 2545 1463 2596 ἀπὸ
1496 2545 1642 2612 ζωῆς
1665 2546 1744 2606 εἰς
1777 2543 1955 2615 ζωήν;
2004 2543 2139 2597 Ἀπὸ

558 2627 657 2696 τῆς
690 2627 930 2696 χείρονος
963 2626 1056 2678 ἐπὶ
1091 2625 1189 2696 τὴν
1221 2625 1485 2694 βελτίονα,
1519 2626 1626 2678 ἀπὸ
1665 2627 1764 2696 τῆς
1800 2625 2135 2697 προσκαίρου

560 2710 654 2761 ἐπὶ
672 2709 768 2780 τὴν
796 2708 1035 2774 αἰώνιον,
1057 2709 1165 2762 ἀπὸ
1182 2710 1281 2780 τῆς
1298 2709 1541 2777 ἐπιγείου
1564 2711 1658 2761 ἐπί
1677 2709 1776 2780 τὴν
1793 2709 2132 2778 ἐπουράνιον.

560 2794 670 2846 Καὶ
710 2791 1008 2865 πληρώσας
1041 2793 1241 2857 πάντα,
1281 2794 1466 2863 φησὶν,
1507 2791 1719 2859 Ἰωσὴφ
1753 2792 2138 2860 ὑπέστρεψεν

559 2878 644 2940 είς
673 2876 996 2944 Αἴγυπτον,
1024 2875 1209 2941 αὐτὸς
1234 2875 1332 2928 καὶ
1360 2878 1413 2928 οἱ
1443 2875 1692 2943 ἀδελροί
1719 2873 1925 2937 αὐτοῦ,
1958 2873 2057 2926 καὶ
2081 2876 2136 2927 οἱ

558 2959 1009 3023 συναναϐάντες
1029 2961 1154 3028 μετ’
1177 2959 1384 3012 αὐτοῦ.
1422 2958 1560 3010 Ἀλλ’
1585 2959 1685 3026 δρα
1717 2974 1806 3027 μοι
1837 2956 2024 3011 λοιπὸν
2046 2957 2136 3010 ἐν·

557 3040 733 3094 ταῦοα
766 3043 874 3094 τῶν
899 3043 1146 3110 ἀδελφῶν
1183 3041 1277 3094 τοῦ
1320 3041 1520 3111 Ἰωσὴφ
1546 3041 1644 3110 τὴν
1668 3040 1891 3103 δειλίαν,
1926 3041 2020 3093 καὶ
2044 3041 2135 3094 τὸν

559 3127 722 3192 φόϐον
751 3126 842 3178 τὸν
867 3126 1225 3179 κατασείοντα
1253 3125 1434 3177 αὐτῶν
1461 3128 1560 3193 τὴν
1585 3124 1841 3177 διάνοιαν.
1888 3123 2135 3191 Ἰδόντες

559 3211 685 3280 γὰρ,
735 3210 920 3277 φησὶν.
969 3213 1022 3262 οὶ
1075 3209 1324 3277 ἁδελφοί
1373 3207 1617 3275 Ἰωσὴφ,
1650 3208 1739 3260 ὅτι
1783 3209 2069 3276 τέθνηκεν
2102 3210 2136 3262 ό

557 3291 754 3359 πατὴρ
771 3289 990 3356 αὐτῶν,
1019 3288 1197 3344 εἶπαν
1221 3309 1233 3321 ·
1259 3289 1504 3355 Μήποτε
1523 3291 1958 3360 μνησικακήσῃ
1992 3290 2136 3360 ἡμῖν

571 3373 806 3442 Ἰωσὴφ,
842 3373 939 3426 καί
975 3372 1294 3438 ἀνταποδῷ
1323 3373 1708 3441 ἀνταπόδομα
1742 3373 1906 3442 ἡμῖν,
1938 3374 2135 3427 πάντα

557 3459 631 3512 τὰ
658 3458 811 3512 κακὰ
836 3457 874 3512 ἂ
901 3457 1322 3527 ἐνεδειξάμεθα
1339 3456 1517 3522 αὐτῷ.
1552 3457 1822 3525 Μεγάλως
1844 3459 2024 3512 αὐτῶν
2053 3471 2078 3500 α
2106 3459 2135 3511 6

557 3542 720 3608 φόϐος
745 3543 1009 3612 ἐτάραττε
1038 3543 1135 3612 τὴν
1164 3541 1424 3605 διάνοιαν,
1451 3541 1546 3593 καὶ
1572 3541 1676 3594 ὐπὸ
1703 3542 1795 3594 τοῦ
1828 3542 2132 3607 συνειδότος

555 3624 904 3694 κεντούμενοι
926 3626 1024 3677 οὐκ
1043 3620 1187 3694 εἶχον
1210 3626 1237 3677 δ
1258 3642 1309 3676 τι
1347 3623 1618 3694 πράξωσι.
1651 3624 1752 3678 Διά
1767 3625 1944 3690 τοῦτο,
1976 3627 2128 3696 φησὶ,

554 3707 883 3777 θεασάμενοι
902 3707 996 3760 τοῦ
1027 3707 1231 3776 πατρὸς
1254 3706 1352 3777 τὴν
1372 3707 1650 3776 τελευτὴν,
1672 3707 1767 3761 καὶ
1793 3708 2127 3778 ὐπιδόμενοι,

555 3790 629 3861 μὴ
663 3793 759 3860 τὴν
809 3791 966 3854 ἀξίαν
1011 3791 1210 3854 αὐτοὺς
1257 3789 1620 3860 εἰσπράξηται
1667 3791 1824 3862 δίκην
1858 3793 1885 3843 ὁ
1932 3791 2130 3862 Ἰωσὴφ

551 3875 689 3944 ὺπέρ
723 3872 830 3925 τῶν
864 3875 945 3936 εἰς
985 3874 1148 3926 αὐτὸν
1184 3874 1584 3944 εἰργασμένων,
1629 3875 2126 3944 Παραγενόμενοι,

551 3959 705 4028 φησὶ,
741 3957 890 4026 πρὸς
922 3958 1110 4010 αὐτὸν
1147 3953 1354 4010 εἷπον⁸
1397 3958 1459 4009 '0
1490 3957 1684 4025 πατήρ
1723 3973 1840 4011 σου
1888 3957 2129 4026 ὥρκωσε

548 4041 660 4109 πρὸ
676 4042 783 4094 τοῦ
804 4039 1164 4108 τελευτῆσαι
1195 4039 1400 4100 αὑτὸν,
1421 4040 1634 4108 λέγων·
1655 4042 1876 4093 Εἴπατε
1891 4039 2124 4108 Ἰωσὴφ,

553 4125 616 4176 Ἀ
624 4141 733 4193 φες
744 4123 950 4190 αὐτοῖς
966 4123 1078 4190 τὴν
1092 4122 1334 4177 ἀδικίαν
1347 4123 1444 4175 καὶ
1467 4122 1582 4188 τὴν
1591 4123 1885 4191 ἁμαρτίαν
1905 4121 2122 4178 αὐτῶν.

553 4206 696 4274 Ὅρα
741 4205 924 4271 πάλιν,
955 4206 1072 4268 πῶς
1117 4206 1275 4257 αὐτοὶ
1309 4203 1518 4257 ἐαυτῶν
1539 4207 1836 4276 κατήγοροι
1858 4206 2122 4272 γίνονται.

552 4287 723 4338 Βλέπε
762 4288 884 4339 ὅσον
935 4287 1082 4340 ἐστὶν
1116 4288 1144 4339 ὸ
1193 4285 1286 4339 τοῦ
1329 4286 1629 4349 συνειδότος
1674 4286 1913 4358 ἔλεγχος.
1947 4288 2126 4351 Ὄλως

550 4368 686 4431 ἴστε,
716 4370 797 4420 ὅτι
823 4369 1036 4422 ἀδικίαν
1071 4370 1164 4422 καὶ
1206 4370 1481 4440 ἁμαρτίαν
1514 4370 1866 4441 εἰργάσασθε,
1905 4371 1987 4424 ὅτι
2025 4389 2124 4423 πο-

549 4452 689 4522 νηρά
723 4451 1084 4515 ἐνεδείξασθε.
1123 4452 1230 4506 Kal
1265 4451 1380 4505 νῦν
1408 4451 1574 4516 δέξαι
1603 4453 1716 4520 τὴν
1745 4453 1984 4506 ἀδικίαν
2010 4453 2128 4505 τῶν

548 4534 925 4600 θεραπόντων
956 4534 1062 4586 τοῦ
1094 4534 1240 4587 Θεοῦ
1259 4535 1362 4587 τοῦ
1390 4537 1613 4603 πατρός
1637 4551 1774 4590 σου.
1807 4533 1958 4598 Εἶδες
1985 4536 2122 4600 πῶς,

547 4617 758 4679 οὐδενος
783 4617 1210 4682 ἀναγκάζοντος,
1235 4619 1390 4670 αὐτοὶ
1414 4618 1622 4672 ἐαυτῶν
1640 4619 1937 4690 κατήγοροι
1958 4618 2125 4686 γίνον-

545 4717 656 4759 ται.
677 4700 770 4752 καί
805 4715 988 4768 φασιν·
1006 4695 1172 4754 Εἶπεν
1195 4703 1222 4753 ὸ
1241 4702 1426 4772 ςπατήρ
1456 4719 1573 4764 σου,
1594 4703 1776 4769 Ἀφες
1795 4701 2018 4767 αὐτοῖς,
2033 4702 2123 4756 ὅτι

546 4784 780 4850 πονηρά
819 4799 918 4836 σοι
967 4783 1366 4847 ἐνεδείξαντο,
1407 4786 1501 4838 καὶ
1537 4784 1704 4850 δέξαι
1732 4785 1848 4852 τὴν
1886 4785 2124 4841 ἀδικίαν

545 4865 663 4919 τῶν
691 4870 1074 4933 θεραπόντων
1103 4867 1209 4920 τοῦ
1244 4868 1392 4921 Θεοῦ
1416 4869 1522 4922 τοῦ
1552 4871 1777 4937 πατρός
1802 4868 1951 4940 [642]
1982 4886 2119 4925 σου.

555 4951 697 5004 Ἀλλ’
739 4953 767 5002 ὁ
815 4951 1128 5021 Θαυμαστὸς
1173 4944 1330 5014 οὗτος
1373 4952 1468 5004 καὶ
1517 4953 1821 5024 πανάρετος
1869 4953 2121 5007 τοσοῦτον

545 5034 750 5102 ἀπέσχε
787 5034 880 5085 τοῦ
912 5035 1132 5103 μνήμην
1167 5033 1290 5086 τινὰ
1326 5035 1654 5104 ποιήσασθαι
1694 5035 1804 5087 τῶν
1839 5037 1917 5098 εἰς
1960 5037 2120 5090 αὐτὸν

545 5117 941 5187 εἰργασμένων,
961 5117 1042 5168 ὅτι
1076 5117 1168 5168 καὶ
1195 5117 1328 5187 πρὸς
1355 5117 1424 5170 τὰ
1455 5119 1675 5188 ῥήματα
1697 5119 1876 5172 αὐτῶν
1895 5121 2122 5190 συνεχύ-

543 5203 628 5270 θη.
660 5203 771 5253 Καὶ
801 5199 1091 5265 ἓκλαυσε,
1126 5199 1315 5269 φησὶν,
1346 5199 1590 5269 Ἰωσὴφ,
1625 5203 1980 5256 λαλούντων
2014 5207 2120 5259 αὐ-

543 5283 661 5335 τῶν
683 5284 831 5350 πρὸς
857 5284 1064 5336 αὐτόν.
1094 5283 1201 5336 Καὶ
1233 5284 1516 5348 ἐλθόντες
1537 5280 1709 5338 εἷπον
1729 5304 1742 5316 ο
1779 5288 1921 5351 Ἴδε,
1948 5288 2119 5357 ἡμεῖς

541 5383 639 5419 σοι
685 5364 928 5418 οἰκέται.
963 5364 1106 5435 Ὅρα
1138 5365 1303 5416 πόσον
1342 5367 1490 5418 ἐστὶν
1517 5367 1706 5438 ἀρετὴ,
1745 5369 1860 5431 πῶς
1903 5370 2120 5441 ἰσχυρὸν

543 5449 636 5499 καὶ
680 5447 915 5517 ἄμαχον,
965 5446 1060 5498 καὶ
1095 5447 1192 5517 ὅση
1223 5447 1324 5516 τῆς
1364 5449 1562 5512 κακίας
1602 5452 1634 5520 ἡ
1669 5449 1941 5506 ἀσθένεια.
1989 5454 2117 5506 Ἰδοὺ

542 5532 670 5600 γὰρ,
698 5534 725 5583 ὁ
758 5530 855 5599 μὲν
887 5530 1125 5584 τοσαῦτα
1161 5531 1446 5594 πεπονθὼς
1471 5531 1764 5601 βασιλεύει,
1795 5536 1844 5586 οἱ
1866 5536 1921 5586 δὲ
1952 5537 2119 5590 ταῦτα

539 5613 816 5690 διαθέντες
849 5613 942 5664 τὸν
989 5612 1235 5681 ἀδελφὸν,
1285 5615 1498 5667 οἰκέται
1549 5611 1688 5668 εἶναι
1740 5619 2116 5688 παρακαλοῦσι

542 5694 634 5746 τοῦ
665 5695 796 5764 παρ’
831 5696 1010 5748 αὐτῶν
1046 5699 1124 5758 είς
1153 5695 1394 5751 δουλείαν
1433 5698 1761 5762 ἐκδοθέντος.

611 5784 672 5830 ε’.
704 5778 840 5829 Ἀλλ’
873 5780 1037 5832 ἄκουε
1064 5778 1159 5831 τοῦ
1206 5780 1402 5851 Ἰωσὴφ
1425 5781 1521 5854 τὴν
1539 5784 1669 5854 περὶ
1698 5785 1823 5847 τοὺς
1856 5786 2116 5857 ἀδελφοὺς

541 5859 916 5926 ἀνεξικακίαν,
949 5862 1044 5915 καὶ
1070 5863 1216 5925 ὅπως
1246 5863 1335 5916 διὰ
1366 5865 1584 5920 πάντων
1613 5867 1810 5930 αὐτοὺς
1846 5886 2106 5941 παραμυ-

602 5942 632 5972 ⁸
659 5940 810 5991 Savil.
835 5949 884 5993 et
908 5944 1104 6005 quidam
1126 5958 1238 5996 mss.
1264 5945 1412 6010 αὐτῷ.
1438 5949 1665 6008 Γενναίως
1689 5951 1860 6000 αὐτῶν.

1271 357 1328 413 S.
1369 357 1487 414 JOA
1499 355 1653 414 NNIS
1692 355 2133 414 CllltYSOSTOI

2236 352 2542 411 ARCHIEP.
2583 354 3127 414 CONSTANTINOP.

3722 355 3829 412 578

2257 471 2528 537 θήσασθαι
2562 472 2832 542 βούλεται,
2875 474 2971 526 καὶ
3007 473 3214 532 πεῖσαι,
3255 468 3331 532 ὼς
3368 468 3520 523 οὐδὲν
3552 469 3634 531 είς
3664 471 3828 522 αὐτὸν

2252 558 2628 628 ἡμαρτήκασι.
2649 556 2756 609 Καί
2775 572 2928 625 φησι,
2961 553 3056 621 Μὴ
3073 552 3352 622 φοϐεῖσθε
3373 571 3384 583 ·
3411 551 3517 606 τοῦ
3544 553 3655 621 γὰρ
3678 553 3829 606 Θεοῦ

2250 643 2366 708 ειμι
2389 639 2520 708 ἐγώ.
2554 639 2738 708 Ὑμεῖς
2766 638 3213 690 ἐϐουλεύσασθε
3236 637 3364 688 κατ’
3384 635 3530 704 ἐμοῦ
3557 635 3795 702 πονηριὶ
3811 648 3825 661 ’

2251 725 2283 775 ό
2304 721 2371 774 δὲ
2401 722 2545 786 Θεὸς
2567 723 2971 774 ἐϐουλεύσατο
2995 721 3124 787 περί
3148 721 3293 788 ἐμοῦ
3316 723 3399 784 εἰς
3421 719 3636 787 ἀγαθὰ,
3668 718 3829 782 ὅπως

2250 806 2326 859 ἂν
2347 804 2569 873 γεννηθῇ
2589 807 2668 870 ὡς
2689 803 2975 873 σήμερον,
2998 805 3098 856 ἵνα
3125 803 3160 854 δ
3164 819 3376 869 ιατραφ
3389 801 3420 868 ᾗ
3444 803 3592 865 λαὸς
3609 801 3824 862 πολύς.

2250 889 2339 959 Μὴ
2364 889 2691 959 δειλιάσητε,
2729 888 2885 958 φησὶ,
2923 887 3055 958 μηδέ
3079 886 3361 954 ἐναγώνιοι
3404 883 3674 953 γένησθε-
3717 879 3828 935 Τοῦ

2252 972 2400 1025 Θεοῦ
2435 971 2544 1040 γάρ
2570 973 2687 1040 είμι
2727 970 2862 1040 ἐγὼ,
2895 971 2988 1022 καὶ
3020 969 3110 1020 τὸν
3143 968 3422 1037 Δεσπότην
3449 967 3539 1019 τὸν
3569 966 3703 1035 ἐμὸν
3741 984 3830 1034 p.1-

2253 1054 2481 1123 μοῦμαι.
2513 1055 2609 1106 καὶ
2654 1053 2994 1123 εὐεργεσίαις
3029 1051 3351 1122 ἀμείϐεσθαι
3381 1051 3670 1113 σπουδάζω
3699 1051 3830 1110 τοὺς

2247 1134 2316 1186 τὰ
2341 1135 2618 1204 ἀνήκεστα
2646 1152 2712 1204 με
2744 1135 3057 1197 διαθέντας’
3093 1132 3204 1188 Τοῦ
3230 1133 3340 1201 τὰρ
3367 1132 3514 1184 Θεοῦ
3543 1133 3660 1199 εἰμι
3689 1132 3825 1199 ἐγώ.

2251 1213 2385 1269 Εἶτα
2425 1217 2640 1278 δεικνὺς
2669 1219 2799 1288 ὅσης
2827 1217 3089 1271 ἀπολαύει
3122 1215 3270 1286 παρά
3299 1214 3394 1267 τοῦ
3424 1213 3556 1266 Θεοῦ
3590 1213 3826 1276 εὐνοίας,

2249 1303 2414 1369 φησίν
2436 1315 2448 1328 '
2471 1297 2658 1368 Ὑμεῖς
2673 1299 3087 1369 πονηρᾷγνώμη
3111 1297 3176 1351 τὰ
3195 1297 3313 1350 κατ’
3345 1297 3443 1367 ἐμὲ
3471 1294 3826 1365 εἰργάσασθε,

2247 1382 2275 1433 6
2303 1382 2358 1434 δέ
2390 1381 2522 1444 Θεὸς
2540 1383 2619 1445 είς
2633 1382 2816 1450 ἀγαθά
2842 1401 2932 1453 μοι
2956 1383 3135 1435 πάντα
3161 1400 3224 1434 πε
3237 1381 3510 1453 ριέστησε.
3543 1380 3644 1432 Διά
3666 1377 3828 1431 τοῦτο

2248 1464 2342 1516 καὶ
2374 1463 2585 1527 Παῦλος
2617 1463 2791 1533 ἔλεγε,
2828 1465 2958 1531 Τοῖς
2984 1464 3259 1534 ἀγαπῶσι
3292 1465 3398 1518 τόν
3439 1464 3589 1517 Θεὸν
3623 1462 3828 1514 πάντα

2245 1547 2626 1616 συνεργεῖείς
2640 1549 2884 1618 ἀγαθόν.
2917 1549 3136 1614 Πάντα,
3168 1549 3404 1619 φησί.Τί
3431 1549 3572 1610 ἐστι,
3592 1546 3826 1607 Πάντας

2247 1630 2358 1683 Καὶ
2387 1627 2456 1683 τὰ
2490 1631 2732 1696 ἐναντία,
2761 1632 2855 1685 καὶ
2882 1631 2950 1684 τὰ
2980 1631 3168 1685 λυπεῖν
3196 1630 3480 1694 δοκοῦντα,
3523 1631 3618 1682 καὶ
3649 1629 3826 1682 ταῦτα

2247 1717 2328 1776 είς
2359 1713 2562 1782 ἀγαθὸν
2594 1715 2939 1785 μεθίστησινο
2979 1715 3006 1767 ὃ
3033 1715 3097 1785 δὴ
3139 1715 3232 1768 καὶ
3265 1715 3356 1766 ἐπὶ
3389 1713 3481 1766 τοῦ
3517 1714 3824 1782 θαυμασίου

2245 1797 2436 1850 τούτου
2458 1797 2766 1868 γεγένηται.
2793 1798 2874 1850 Τὰ
2895 1797 3006 1867 γὰρ
3028 1797 3174 1866 παρά
3191 1798 3298 1849 τῶν
3318 1795 3563 1864 ἀδελφῶν
3584 1813 3825 1866 γεγενη-

2248 1881 2404 1952 μένα,
2436 1880 2607 1934 ταῦτα
2635 1881 2870 1951 μάλιστα
2888 1879 3034 1950 αὐτῷ
3055 1881 3152 1951 τὴν
3168 1879 3446 1950 βασιλείαν
3463 1880 3821 1950 προεξένησε,

2245 1965 2345 2034 τῆς
2378 1964 2690 2034 εὐμηχάνου
2745 1964 2831 2018 τοῦ
2862 1962 2998 2017 Θεοῦ
3033 1964 3225 2032 σοφίας
3271 1965 3446 2017 πάντα
3488 1964 3557 2015 τὰ
3607 1965 3823 2032 πονηρὰ

2244 2049 2324 2110 εἰς
2357 2046 2540 2116 ἀγαθὰ
2595 2046 3062 2118 μεταϐαλλούσης.
3111 2047 3244 2101 Ἵνα
3285 2044 3607 2114 διατραφῇ,
3670 2047 3821 2114 φησὶ,

2242 2131 2396 2194 λαὸς
2420 2131 2635 2195 πολύς.
2666 2132 2741 2184 Οὐ
2772 2131 2930 2201 μόνον
2953 2130 3105 2200 ὑμῶν
3117 2131 3305 2183 ἐνεκεν
3326 2129 3498 2182 ταῦτα
3518 2130 3599 2192 είς
3623 2129 3824 2196 ἀγαθὸν

2247 2212 2564 2282 μετέϐαλεν,
2597 2213 2710 2266 ἀλλ’
2735 2214 2821 2266 ἵνα
2852 2213 2943 2266 καὶ
2975 2214 3083 2275 πᾶς
3112 2205 3268 2275 οὗτος
3297 2213 3326 2263 6
3353 2212 3481 2275 λαὸς
3518 2211 3824 2281 διατραφῆ-

2241 2313 2328 2349 ναι
2360 2296 2587 2366 δυνηθῇ.
2626 2295 2734 2349 Καὶ
2764 2291 2933 2349 εἶπεν
2962 2295 3168 2362 αὐτοῖς
3189 2315 3201 2326 ·
3234 2296 3331 2363 Μὴ
3363 2294 3679 2364 φοϐεῖσθε·
3711 2293 3823 2362 ἐγὼ

2239 2377 2538 2447 διαθρέψω
2564 2378 2741 2448 ὑμᾶς,
2779 2379 2875 2432 καί
2907 2379 3015 2445 τὰς
3063 2381 3255 2446 οἰκίας
3295 2377 3485 2448 ὑμῶν.
3526 2379 3638 2432 Kal
3679 2395 3824 2448 παρ-

2239 2457 2541 2511 εκάλεσεν
2588 2456 2832 2523 αὐτοὺς,
2868 2457 2967 2510 καὶ
3004 2456 3314 2524 ἐλάλησεν
3343 2457 3544 2511 αὐτῶν
3574 2460 3664 2523 εἰς
3713 2457 3824 2523 τὴν

2242 2541 2517 2608 καρδίαν.
2551 2540 2616 2592 Τί
2637 2540 2817 2593 τοίνυν
2843 2540 3152 2607 δεδοίκατε;
3197 2540 3338 2610 Ἐγὼ
3369 2543 3498 2611 ὑμῖν
3529 2542 3823 2611 χορηγήσω

2240 2624 2308 2677 τὰ
2331 2625 2466 2695 πρὸς
2496 2624 2730 2694 τροφὴν,
2763 2625 2858 2678 καὶ
2885 2626 3019 2677 πᾶσι
3044 2627 3156 2688 τοῖς
3184 2625 3302 2695 μεθ’
3331 2626 3359 2678 ὑ
3369 2625 3507 2695 μῶν.
3542 2626 3652 2677 Καὶ
3685 2639 3822 2691 παρ-

2239 2705 2540 2758 εκάλεσεν
2569 2706 2812 2772 αὐτοὺς,
2848 2707 2948 2760 καὶ
2989 2707 3298 2776 ἐλάλησεν
3347 2707 3546 2760 αὐτῶν
3578 2710 3669 2772 είς
3712 2708 3823 2772 τὴν

2240 2788 2509 2856 καρδίαν.
2529 2789 2642 2859 Οὐχ
2662 2789 2848 2853 ἁπλῶς
2880 2790 3078 2854 αὐτοὺς
3105 2790 3499 2861 παρεκάλεσεν,
3529 2791 3670 2844 ἀλλά
3698 2807 3820 2842 τοσ-

2237 2871 2379 2946 αύτῃ
2414 2873 2685 2944 ἐχρήσατο
2714 2875 2781 2942 τῇ
2820 2873 3048 2943 σπουδῇ,
3080 2873 3221 2927 ὥστε
3256 2876 3442 2927 πᾶσαν
3505 2874 3688 2928 αὐτῶν
3722 2874 3820 2942 τὴν

2239 2954 2478 3025 ἀθυμίαν
2516 2954 2740 3021 ἐξελεῖν.
2766 2955 2873 3008 Kal
2901 2955 3252 3024 κατῴκησεν
3293 2957 3517 3026 Ἰωσὴφ
3551 2957 3624 3009 ἐν
3651 2960 3821 3025 Αὶγύ·

2241 3052 2388 3102 πτῳ,
2430 3037 2612 3102 αὐτὸς
2641 3039 2739 3091 καὶ
2777 3041 2832 3091 οί
2868 3037 3121 3108 ἀδελφοὶ
3172 3039 3379 3104 αὑτοῦ,
3432 3040 3531 3093 καὶ
3579 3040 3754 3095 πᾶσα
3781 3041 3817 3107 ἦ

2239 3121 2518 3190 παροικία
2549 3120 2656 3175 τοῦ
2695 3121 2918 3188 πατρὸς
2965 3121 3173 3175 αὐτοῦ.
3228 3123 3338 3175 Kal
3375 3119 3537 3176 εἶδεν
3595 3121 3819 3190 Ἰωσὴφ

2237 3205 2444 3259 παιδία
2511 3205 2752 3274 Ἐφραῒμ
2801 3205 2914 3272 ἕως
2967 3208 3168 3273 τρίτης
3212 3205 3445 3275 γενεᾶς.
3490 3209 3601 3260 Kal
3649 3203 3818 3260 εἶπεν

2251 3288 2466 3356 Ἰωσὴφ
2511 3287 2637 3355 τοῖς
2679 3288 2966 3358 ἀδελφοῖς
2999 3290 3185 3343 αὺτοῦ
3213 3291 3437 3359 λέγων’
3490 3291 3640 3360 Ἐγὼ
3675 3291 3818 3346 ἀπο·

2237 3370 2498 3437 θνήσκω.
2539 3371 2875 3440 Ἐπίσκοπῇ
2905 3373 2974 3425 δὲ
3000 3373 3390 3442 ἐπισκέψεται
3414 3373 3570 3442 ὑμᾶς
3592 3377 3625 3428 o’
3655 3375 3816 3440 Θεὸς,

2235 3454 2333 3506 καί
2360 3456 2763 3508 συνανοίσετε
2795 3455 2868 3509 τὰ
2896 3453 3047 3510 ὀστᾶ
3080 3475 3199 3525 μου
3227 3457 3527 3511 ἐντεῦθεν.
3555 3458 3702 3528 Ὅρα
3729 3459 3818 3510 καὶ

2235 3537 2425 3590 τοῦτον
2455 3538 2658 3609 ὁμοίως
2686 3538 2763 3610 τῷ
2795 3542 2963 3610 πατρὶ
3003 3542 3412 3610 ἐπισκήπτοντα
3442 3540 3538 3594 τοῦ
3591 3560 3816 3611 μετακο-

2239 3621 2496 3690 μισθῆναι
2527 3621 2692 3674 αὐτοῦ
2717 3621 2786 3674 τὰ
2815 3622 2966 3676 ὀστᾶ.
3006 3625 3115 3676 Καὶ
3147 3625 3248 3694 ὅρα
3289 3624 3409 3687 πῶς
3435 3625 3600 3678 πάλιν
3634 3625 3815 3692 βουλό·

2237 3720 2396 3774 μενος
2428 3705 2746 3777 ἀναρρῶσαι
2789 3706 2969 3759 αὐτῶν
3004 3707 3096 3758 τὸν
3118 3707 3411 3779 λογισμὸν,
3451 3710 3545 3761 καὶ
3577 3708 3813 3780 χρηστὰς

2234 3787 2457 3850 ἐλπίδας
2491 3787 2636 3857 ἔχειν
2684 3790 2816 3858 περὶ
2855 3790 2953 3858 τῆς
3004 3790 3291 3853 ἐπανόδου,
3339 3792 3609 3861 πρότερον
3660 3791 3815 3843 τοῐτο

2234 3872 2634 3940 προεμήνυσεν,
2660 3872 2740 3923 ὅτι
2761 3871 3450 3930 ἐπανελεύσεσθε,καὶτότε
3477 3873 3636 3944 φησὶ,
3665 3877 3813 3927 Συν-

2231 3954 2527 4009 ανοίσετε.
2607 3955 2877 4018 Ἀνιόντες
2901 3996 2915 4018 ,
2967 3956 3154 4027 φησὶν,
3200 3957 3356 4027 ὑμεῖς
3413 3960 3813 4010 Συνανςίσετε

2231 4038 2304 4091 τὰ
2325 4036 2477 4092 ὀστᾶ
2489 4054 2630 4106 μου.
2663 4039 2707 4090 Τ
2711 4037 2836 4091 οῦτο
2858 4039 2916 4091 δὲ
2935 4040 3111 4092 ἐποίει
3132 4041 3232 4108 οὐχ
3262 4040 3450 4102 ἁπλῶς
3472 4039 3596 4092 οὐδέ
3621 4041 3810 4110 μάτην,

2233 4119 2374 4174 ἀλλά
2409 4119 2504 4174 δύο
2537 4120 2710 4174 ταῦτα
2743 4121 3077 4191 οἰκονομῶν
3120 4122 3178 4176 ἓν
3226 4123 3350 4193 μὲν,
3391 4123 3477 4176 ῐνα
3515 4122 3591 4193 μὴ
3639 4125 3691 4176 οί
3723 4125 3813 4176 Αί-

2231 4203 2454 4272 γύπτιοι
2483 4203 2819 4275 μεμνημένοι
2839 4204 2944 4257 τῶν
2969 4204 3240 4258 τοσούτων
3264 4205 3428 4259 αὐτοῦ
3455 4206 3808 4277 εὐεργεσιῶν,

2231 4287 2325 4338 καὶ
2358 4287 2599 4351 εὐκόλως
2638 4288 2696 4353 ἐξ
2737 4287 3043 4358 ἀνθρώπων
3083 4287 3240 4350 θεοὺς
3287 4289 3809 4359 προσαγορεύοντες,

2231 4368 2487 4422 ὑπόθεσιν
2515 4370 2772 4434 ἀσεϐείας
2806 4371 2972 4440 ἔχωσι
2999 4370 3090 4424 τοῦ
3108 4369 3321 4424 δικαίου
3343 4370 3502 4442 {663]
3533 4371 3596 4424 τὸ
3624 4372 3806 4443 σῶμα·-

2229 4449 2414 4523 ἐτερον
2465 4453 2542 4517 δὲ,
2594 4455 2680 4506 ἵνα
2710 4448 2810 4506 ὦσι
2861 4454 3436 4525 πεπληροφορημένοι,
3483 4455 3568 4508 ὅτι
3602 4458 3809 4517 πάντως

2231 4533 2617 4604 ἐπανήξουσιν.
2667 4537 2730 4588 Εἰ
2771 4536 2880 4606 γὰρ
2928 4537 3002 4606 μὴ
3053 4537 3211 4589 τοῦτο
3240 4532 3309 4606 ἦν
3360 4536 3803 4607 ὡμολογημένον,

2229 4617 2328 4670 οὐκ
2365 4619 2430 4672 ἂν
2456 4618 2597 4671 οὕτω
2615 4619 2966 4680 διεστείλατο,
2995 4618 3137 4671 ὥστε
3166 4623 3283 4689 μετ’
3312 4621 3490 4674 αὐτῶν
3518 4623 3804 4690 ἀναγαγεῖν

2227 4700 2294 4754 τὰ
2325 4701 2479 4756 ὀστᾶ.
2508 4701 2617 4754 Καὶ
2643 4697 2710 4771 ἧν
2745 4703 2871 4754 ἰδεῖν
2903 4701 3090 4754 λοιπὸν
3120 4704 3353 4773 πρᾶγμα
3375 4702 3564 4755 καινὸν
3591 4705 3686 4755 καὶ
3709 4719 3806 4756 πα·

2228 4783 2468 4852 ράδοξον,
2509 4784 2601 4836 τὸν
2636 4784 2727 4836 ἐπὶ
2766 4784 2863 4853 τῆς
2911 4785 3192 4852 Αἰγύπτου
3243 4785 3423 4837 πάντα
3466 4784 3560 4836 τὸν
3599 4782 3805 4856 Ἰσραὴλ

2227 4867 2609 4935 διατρέφοντα,
2634 4867 2822 4919 τοῦτον
2849 4869 2946 4920 καὶ
2967 4867 3068 4936 τῆς
3084 4867 3346 4920 ἐπανόδου
3363 4867 3496 4938 ήγού
3507 4886 3691 4936 μενον,
3717 4869 3805 4921 καὶ
3827 4895 3832 4911 =

2225 4951 2304 5012 εἰς
2339 4951 2437 5020 τὴν
2467 4951 2568 5019 γῆν
2610 4950 2709 5018 τῆς
2757 4951 3090 5018 ἐπαγγελίας
3125 4951 3323 5012 αὐτοὺς
3353 4951 3666 5017 εἰσάγοντα.
3701 4951 3800 5004 Kal-

2222 5035 2598 5100 ἐτελεύτησε,
2652 5034 2839 5104 φησὶν,
2900 5035 3122 5102 Ἰωσὴφ
3171 5034 3323 5087 ἑτῶν
3371 5035 3594 5087 ἑκατὸν
3641 5033 3800 5087 δέκα.

2223 5116 2378 5179 Τίνος
2412 5117 2596 5169 ἐνεκεν
2636 5119 2730 5170 καὶ
2755 5118 2946 5169 τούτου
2975 5117 3042 5170 τὰ
3071 5118 3164 5188 ἔτη
3197 5119 3329 5188 ἡμῖν
3357 5119 3663 5187 ἐσήμανεν;
3693 5117 3804 5169 Ἵνα

2221 5198 2404 5272 μάθῃς
2437 5202 2576 5253 ὅσων
2617 5199 2754 5252 ἐτῶν
2790 5200 2888 5268 τῆς
2919 5200 3196 5266 Αἰγύπτου
3245 5199 3344 5270 τὴν
3378 5200 3680 5270 ἡγεμονίαν
3720 5201 3801 5250 ἐν·

2222 5282 2524 5353 εχειρίσθη.
2567 5281 2969 5337 Ἐπτακαίδεκα
2998 5283 3135 5336 ἐτῶν
3165 5285 3460 5354 γενόμενος
3493 5284 3697 5352 κατέϐη
3728 5284 3805 5344 είς

2220 5363 2317 5435 τὴν
2361 5364 2661 5432 Αἴγυπτον·
2694 5367 2789 5418 καὶ
2828 5366 3126 5437 τριάκοντα
3171 5366 3309 5418 ἐτῶν
3351 5365 3597 5435 γεγονὼς
3643 5365 3796 5435 ὤφθη

2220 5447 2298 5516 τῷ
2327 5446 2550 5518 Φαραὼ,
2586 5447 2682 5500 καὶ
2710 5447 2948 5518 διέκρινε
2979 5449 3047 5501 τὰ
3074 5449 3326 5504 ἐνύπνια.
3362 5449 3723 5520 Ὀγδοήκοντα
3751 5447 3804 5499 δὲ

2221 5529 2405 5582 λοιπὸν
2423 5531 2565 5582 ἔτεσι
2587 5531 2823 5601 κατέσχε
2851 5534 3033 5586 πᾶσαν
3055 5533 3153 5604 τὴν
3176 5533 3274 5603 τῆς
3301 5532 3583 5600 Αἰγύπτου
3608 5532 3804 5603 ἀρχήν.

2221 5609 2372 5675 Εἶδες
2397 5613 2514 5676 πῶς
2537 5615 2755 5684 μείζους
2784 5615 2893 5670 τῶν
2933 5619 3113 5671 πόνων
3145 5620 3201 5672 αἱ
3229 5616 3477 5687 ἀμοιϐαὶ,
3513 5617 3611 5669 καὶ
3638 5615 3800 5668 πολυο

2222 5696 2486 5759 πλασίους
2517 5698 2574 5749 αἱ
2619 5699 2948 5764 ἀντιδόσεις;
2991 5701 3082 5754 Ἐν
3124 5701 3258 5754 δέκα
3283 5701 3378 5754 καὶ
3405 5702 3586 5772 τρισὶν
3626 5701 3800 5754 ἔτεσιν

2221 5780 2483 5833 ἐπάλαισε
2525 5784 2640 5844 τοῖς
2671 5787 3020 5854 πειρασμοῖς,
3065 5784 3164 5855 τὴν
3208 5783 3456 5838 δουλείαν
3488 5786 3799 5858 ὑπομένων,

2218 5867 2317 5937 τὴν
2353 5869 2692 5940 κατηγορίαν
2724 5871 2941 5940 ἐκείνην
2984 5873 3085 5943 τὴν
3120 5874 3459 5944 παράνομον,
3501 5874 3605 5945 τὴν
3638 5875 3700 5926 ἐν
3725 5871 3800 5942 τῷ

2217 5953 2572 6026 δεσμωτηρίῳ
2632 5959 2949 6028 κακουχίαν.
2998 5961 3108 6014 Καὶ
3148 5960 3334 6031 ἐπειδὴ
3364 5962 3633 6028 γενναίως
3679 5962 3798 6031 μετ’
