4028 6360
247 373 356 430 επ

227 487 415 540 derunt
440 502 553 537 cum
584 500 647 538 eo
689 499 860 539 omnes
905 484 1034 539 servi
1076 482 1385 536 Pharaonis.
1417 481 1469 535 8.
1512 478 1581 532 Et
1615 494 1805 548 cogna-

229 576 417 629 tionem
440 617 454 638 ,
486 587 531 629 et
560 578 703 629 boves
732 588 776 630 et
807 594 918 630 oves
941 577 1277 645 reliquerunt,
1309 575 1363 629 9.
1392 585 1440 628 et
1459 572 1607 627 simul
1632 586 1807 624 ascen-

226 666 410 718 derunt
437 683 551 718 cum
592 683 649 720 eo
687 684 866 719 currus
906 676 952 720 et
977 668 1195 737 equites,
1242 675 1288 719 et
1318 665 1452 733 facta
1488 674 1606 717 sunt
1645 673 1813 715 castra

225 772 416 825 magna
441 758 603 811 valde.
636 758 767 812 Vide
789 768 1043 828 quantum
1081 758 1311 812 officium
1336 755 1612 810 declarent
1646 753 1813 824 Egy-

226 847 322 913 ptii
351 850 404 901 in
433 848 689 903 honorem
718 849 939 919 Ioseph,
966 858 1021 914 et
1047 857 1306 903 venerunt
1328 863 1448 902 cum
1476 846 1670 915 Ioseph
1694 890 1707 911 ,
1742 846 1812 898 ita

225 949 282 992 ut
319 938 509 992 tierent
536 949 710 994 castra
737 956 948 1010 magna.
987 941 1073 995 10.
1098 939 1168 993 Ει
1194 950 1247 993 ut
1286 949 1523 993 venerunt
1551 938 1618 991 ad
1647 937 1813 991 locum

223 1029 520 1098 quemdam,
550 1032 854 1101 planxerunt
883 1048 995 1085 eum
1018 1032 1223 1102 planctu
1252 1046 1463 1101 magno,
1496 1038 1541 1083 et
1563 1029 1707 1083 valde
1733 1044 1813 1081 ve-

226 1122 465 1175 hementi.
494 1123 558 1175 Et
585 1125 702 1193 fecit
724 1126 980 1192 planctum
1006 1124 1139 1195 patri
1160 1140 1251 1179 suo
1272 1132 1458 1193 septem
1478 1124 1602 1176 dies.
1628 1124 1714 1176 H.
1743 1120 1814 1174 Et

226 1214 463 1266 viderunt
503 1215 803 1268 habitatores
842 1215 1123 1279 Chanaan,
1164 1224 1212 1268 et
1258 1215 1491 1269 dixerunt
1520 1229 1539 1267 .'
1572 1212 1815 1266 Planctus

226 1298 445 1375 magnus
484 1314 555 1359 est
588 1306 874 1375 Egyptiis.
905 1306 1123 1374 Propter
1148 1307 1241 1360 hoc
1264 1307 1453 1360 vocavit
1478 1321 1659 1359 nomen
1685 1305 1809 1371 loci,

230 1395 481 1450 Planctus
507 1397 754 1467 1E9ypti,
785 1399 872 1468 qui
899 1407 970 1452 est
995 1408 1134 1451 trans
1160 1398 1458 1451 Iordanem.

302 1489 408 1543 Cur
428 1506 642 1559 magnus
672 1492 903 1561 planctus
923 1492 977 1544 in
1015 1490 1179 1545 Veteri
1202 1488 1814 1545 Testamenta—Verum

228 1592 284 1635 tu
300 1581 420 1637 haec
442 1583 690 1652 audiens,
705 1583 989 1647 dilecte,ne
1003 1584 1312 1653 simpliciter
1332 1592 1697 1652 praetercurre.
1720 1580 1814 1636 sed

230 1683 443 1741 tempus
468 1674 659 1742 cogita,
678 1688 784 1745 quo
804 1673 938 1729 facta
959 1686 1100 1741 sunt,
1125 1684 1179 1730 et
1202 1676 1270 1729 ab
1299 1676 1439 1729 omni
1469 1675 1621 1744 culpa
1647 1673 1813 1728 libera

228 1763 452 1832 Ioseph.
486 1764 727 1818 Nondum
756 1766 895 1820 enim
924 1766 1134 1820 fuerant
1163 1774 1327 1835 porta:
1372 1765 1564 1820 inferni
1607 1764 1816 1819 confra-

229 1865 351 1921 (τηε,
380 1871 554 1926 neque
577 1858 761 1911 mortis
788 1858 994 1912 vincula
1015 1858 1290 1925 dissoluta,
1310 1874 1479 1928 neque
1501 1875 1645 1913 mors
1666 1858 1818 1913 dice-

232 1947 392 2000 batur
418 1948 687 2003 dormitio.
727 1950 795 2004 Et
823 1951 1023 2005 idcirco
1062 1952 1184 2021 quia
1230 1952 1517 2007 timuerunt
1541 1963 1765 2007 mortem
1798 1994 1813 2018 ,

233 2037 353 2093 ha-c
384 2038 650 2095 faciebant
682 2061 696 2098 :
729 2056 868 2095 nunc
893 2052 1070 2097 autem
1100 2051 1313 2113 propter
1332 2044 1557 2113 gratiam
1587 2043 1813 2109 Christi,

230 2130 359 2198 quia
391 2146 536 2186 mors
560 2132 693 2186 facta
725 2142 807 2187 est
835 2148 1054 2188 somnus
1075 2175 1092 2201 ,
1122 2135 1513 2189 consummatio
1538 2144 1593 2190 et
1621 2135 1772 2205 quies
1796 2176 1813 2202 ,

232 2236 298 2275 ac
323 2232 469 2277 certa
500 2223 773 2294 multaque
802 2233 927 2278 sunt
950 2225 1360 2280 resurrectionis
1388 2224 1580 2279 indicia
1604 2266 1619 2289 ,
1666 2226 1816 2295 quasi

232 2312 303 2367 de
324 2313 432 2366 vita
459 2312 510 2365 in
533 2312 693 2367 vitam
723 2314 1116 2380 transferendi,
1146 2315 1223 2369 sic
1245 2315 1571 2370 exsultamus
1597 2324 1653 2370 et
1671 2316 1819 2369 lana-

234 2419 381 2457 mur.
409 2404 479 2457 Et
501 2404 627 2473 quid
660 2405 780 2459 dico
809 2406 875 2460 de
904 2406 1009 2459 vita
1036 2407 1088 2460 in
1115 2407 1316 2461 vitam?
1346 2408 1421 2462 De
1460 2408 1711 2466 deteriori
1749 2408 1817 2462 ad

234 2495 515 2548 meliorem
536 2536 551 2562 ,
583 2494 649 2549 de
676 2498 954 2567 temporali
980 2497 1045 2551 ad
1076 2506 1333 2551 :eternam
1364 2540 1378 2563 ,
1407 2498 1474 2553 de
1512 2508 1720 2554 terrena
1751 2499 1818 2553 ad

234 2583 527 2639 cmlestem.
556 2586 642 2640 H.
670 2585 739 2639 Et
767 2587 994 2656 peractis
1037 2588 1282 2642 omnibus
1310 2629 1325 2654 ,
1356 2588 1524 2657 inquit
1549 2630 1562 2653 ,
1594 2605 1819 2644 reversus

237 2685 309 2729 est
334 2674 529 2745 Ioseph
548 2677 600 2730 in
646 2676 933 2748 £gyptum
964 2720 979 2744 ,
1004 2679 1112 2746 ipsc
1139 2689 1186 2732 et
1212 2684 1395 2749 fratres
1420 2682 1547 2750 ejus,
1578 2690 1622 2733 et
1649 2697 1818 2735 omnes

236 2767 326 2836 qui
364 2783 482 2820 cum
509 2784 566 2821 eo
606 2770 952 2823 ascenderant.
1002 2769 1110 2825 Sed
1140 2771 1260 2826 vide
1293 2781 1684 2843 consequenter
1712 2774 1819 2827 fra-

239 2865 382 2910 trum
405 2856 603 2926 Ioseph
636 2858 877 2914 timorem
899 2860 1005 2927 hic,
1027 2871 1082 2917 et
1102 2871 1357 2918 terrorem
1378 2879 1562 2919 eorum
1585 2875 1819 2921 mentem

239 2949 656 3005 concutientem.
702 2951 790 3006 15.
834 2951 903 3006 Ut
931 2953 1158 3007 viderunt
1184 2963 1351 3008 autem
1374 2956 1557 3024 fratres
1582 2956 1816 3027 Ioseph,
1849 2946 1853 2951 ’

237 3041 376 3109 quod
396 3050 624 3094 mortuus
653 3051 777 3095 esset
806 3052 947 3111 pater
970 3060 1112 3110 suus,
1143 3045 1374 3098 dixerunt
1403 3062 1423 3099 :
1453 3045 1536 3101 Ne
1560 3051 1690 3117 forte
1718 3065 1821 3102 meo

239 3148 353 3185 mor
377 3132 441 3185 sit
471 3131 673 3201 injuria
698 3141 880 3187 nostra:
902 3132 1096 3204 Ioseph
1124 3177 1139 3201 ,
1171 3145 1218 3189 et
1257 3135 1495 3190 retribuat
1532 3137 1821 3191 retributio-

244 3237 360 3274 nem
391 3223 532 3276 nobis
562 3265 575 3288 ,
620 3234 666 3277 et
713 3226 881 3278 omnia
909 3227 1043 3280 mala
1071 3244 1184 3296 qua:
1223 3229 1275 3282 in
1311 3245 1421 3281 eum
1462 3230 1819 3285 commisimus.

242 3311 442 3367 Terror
468 3314 672 3368 validus
698 3330 879 3370 eorum
912 3328 1140 3372 mentem
1172 3321 1469 3388 perculerat
1508 3363 1522 3386 ,
1552 3331 1605 3376 et
1629 3339 1655 3374 a
1688 3338 1821 3377 Cull-

240 3403 462 3457 scieutia
478 3405 754 3475 stimulati,
771 3408 1077 3462 nesciebant
1098 3410 1221 3479 quid
1244 3411 1493 3466 facerent.
1514 3411 1820 3480 Propterea,

243 3495 394 3561 dicit,
426 3512 547 3551 cum
575 3484 1020 3570 vidissent-patris
1047 3512 1270 3558 mortem
1297 3545 1310 3565 ,
1343 3506 1495 3559 veriti
1520 3520 1588 3559 ne
1610 3506 1820 3575 dignam

241 3587 311 3641 de
337 3604 393 3642 se
426 3605 633 3658 pmnam
679 3604 913 3648 sumeret
938 3594 1133 3665 Ioseph
1162 3638 1177 3662 ,
1222 3598 1291 3651 ob
1322 3614 1381 3651 ea
1428 3614 1549 3669 qua:
1588 3601 1641 3654 in
1672 3601 1818 3654 illum

245 3692 619 3749 peccaverant,
650 3684 737 3739 16.
765 3686 1093 3743 Aduenientes
1115 3689 1183 3741 ad
1207 3706 1319 3743 eum
1358 3690 1592 3747 dixerunt
1618 3710 1637 3747 :
1663 3693 1822 3747 Pater

245 3781 363 3824 tuus
401 3774 653 3843 adjuravit
682 3793 777 3831 nos
803 3779 942 3847 prius
966 3797 1116 3849 quam
1146 3794 1423 3837 moreretur
1450 3827 1465 3852 ,
1488 3786 1658 3840 dicens
1685 3804 1701 3840 :
1728 3787 1823 3841 Di-

243 3862 343 3914 cite
366 3860 560 3931 Ioseph
590 3907 605 3930 ,
632 3865 825 3921 dimitte
868 3870 941 3922 eis
990 3870 1291 3940 injustitiam
1326 3874 1454 3928 hanc
1491 3886 1538 3929 et
1564 3888 1822 3946 peccatum

241 3968 436 4006 eorum.
486 3954 615 4010 Vide
659 3957 849 4011 iterum
879 4001 895 4026 ,
927 3962 1193 4029 quomodo
1226 3964 1325 4033 ipsi
1366 3977 1701 4023 accusatores
1740 3968 1821 4021 sui

243 4043 479 4110 ipsnrum
509 4045 635 4099 sint.
668 4046 799 4103 Vide
824 4060 1018 4118 quanta
1052 4063 1135 4106 est
1154 4055 1490 4111 conscientia:
1526 4058 1821 4128 reprehen-

244 4135 349 4188 sio.
366 4135 595 4191 Omnino
620 4140 786 4207 scitis,
811 4156 909 4196 vos
930 4143 1235 4212 injustitiam
1264 4157 1316 4201 et
1343 4159 1615 4217 peccatum
1640 4166 1825 4219 opera-

244 4235 327 4277 tos
352 4241 488 4291 esse,
516 4231 758 4301 malaque
783 4234 833 4288 ei
854 4234 1179 4292 exhibuisse.
1213 4238 1283 4292 Et
1303 4257 1434 4295 nunc
1460 4244 1634 4312 accipe
1675 4245 1818 4312 inju-

244 4318 434 4371 stitiam
463 4336 719 4376 servorum
745 4324 842 4379 Dei
872 4327 1028 4395 patris
1054 4331 1144 4382 tui.
1176 4330 1334 4385 Vides
1379 4334 1646 4403 quomodo
1675 4338 1822 4391 nullo

243 4421 469 4478 cogente
494 4413 573 4465 sui
603 4418 804 4482 peccati
836 4428 960 4472 sunt
986 4428 1147 4475 testes
1177 4462 1189 4487 ,
1222 4432 1276 4477 et
1302 4423 1484 4478 dicunt
1518 4444 1529 4478 :
1560 4426 1703 4480 Dixit
1725 4443 1820 4498 pa-

246 4507 330 4552 ter
351 4509 492 4566 tuus,
524 4502 731 4559 Dimitte
758 4508 830 4560 eis
858 4549 873 4573 ,
922 4511 1039 4577 quia
1079 4511 1214 4565 mala
1240 4515 1327 4567 tibi
1370 4515 1701 4572 exhibuerunt
1732 4562 1746 4585 ,
1775 4530 1821 4573 et

241 4591 417 4659 accipe
452 4595 752 4660 iniustitiam
776 4616 1032 4655 servorum
1070 4601 1161 4657 Dei
1186 4607 1344 4674 putris
1380 4609 1471 4661 tui.
1501 4610 1605 4664 Sed
1634 4611 1821 4665 beatus

244 4681 333 4734 hic
355 4692 408 4736 et
430 4692 569 4739 totus
598 4686 879 4743 virtutibus
903 4693 1075 4747 clarus
1102 4736 1116 4759 ,
1155 4704 1356 4749 tantum
1394 4698 1609 4766 aberat,
1637 4709 1694 4755 ut
1721 4702 1820 4756 ali-

239 4788 403 4842 quam
436 4780 745 4834 memoriam
774 4784 1026 4837 retineret
1045 4801 1230 4841 eorum
1255 4805 1374 4858 qua:
1397 4790 1448 4844 in
1478 4805 1536 4846 se
1562 4791 1818 4860 fecerant,

242 4876 304 4919 ut
326 4868 485 4921 etiam
517 4872 691 4926 verbis
710 4888 893 4928 eorum
921 4876 1115 4931 auditis
1138 4881 1479 4937 conturbatus
1505 4885 1596 4949 sit,
1627 4885 1693 4938 Et
1721 4888 1817 4954 [le-

240 4956 351 5023 vit,
384 4960 570 5029 inquit,
592 4962 805 5035 Ioseph,
829 4967 1135 5035 loquentibus
1160 4970 1260 5025 illis
1287 4990 1471 5026 secum.
1528 4976 1615 5030 18.
1645 4976 1710 5029 Et
1740 4994 1820 5031 ve-

241 5058 445 5115 nerunt,
474 5060 520 5103 et
545 5051 782 5107 dixerunt
806 5098 821 5121 ,
866 5057 995 5111 Ecce
1031 5076 1120 5113 nos
1149 5064 1278 5115 servi
1308 5065 1539 5123 tui.Vide
1564 5080 1817 5137 quantum

238 5138 417 5191 valeat
444 5141 607 5195 virtus
630 5184 644 5207 ,
677 5162 835 5214 quam
864 5148 1037 5203 valida
1083 5160 1136 5204 ct
1170 5153 1602 5225 inexpugnabilis
1628 5162 1694 5213 sit
1720 5201 1735 5226 ,
1767 5172 1821 5215 et

233 5238 436 5293 quanta
464 5232 675 5287 malitiae
714 5236 1013 5292 infirmitas.
1054 5240 1193 5295 Ecce
1217 5243 1356 5297 enim
1385 5286 1398 5307 ,
1431 5247 1520 5301 ille
1546 5291 1558 5311 ,
1592 5253 1678 5318 qui
1708 5252 1821 5305 haec

230 5317 456 5389 quidem
485 5334 675 5388 passus
691 5336 795 5391 est,
827 5339 1045 5399 regnat:
1077 5334 1166 5401 qui
1191 5343 1368 5389 autem
1393 5337 1463 5391 ita
1511 5317 1817 5397 afﬂixerunt

241 5409 484 5470 fratrem.
518 5414 697 5470 famuli
728 5418 843 5487 ejus
869 5435 989 5476 esse
1017 5432 1206 5491 orant,
1236 5440 1394 5495 quem
1422 5428 1477 5481 in
1503 5431 1813 5488 servitutem

230 5512 615 5569 exposuerant.

306 5588 359 5639 5.
397 5587 538 5645 Finis
554 5594 775 5649 historia:
799 5595 1009 5670 Iosephi
1030 5619 1049 5667 ;
1074 5607 1256 5674 fratres
1279 5622 1392 5660 cum
1413 5607 1657 5675 ineffabili
1684 5630 1818 5667 man—

230 5679 501 5763 suetudine
524 5686 815 5740 consolatur
835 5702 881 5743 et
907 5690 1047 5748 bonis
1072 5698 1333 5763 cumulat;
1359 5700 1575 5755 moriens
1602 5704 1816 5758 reditum

236 5762 533 5828 Iudaorum
567 5776 1091 5845 praedicit—Verum
1121 5796 1176 5844 tu
1201 5762 1322 5845 audi
1352 5790 1687 5849 clementiam
1724 5794 1814 5851 Jo-

1303 370 1369 425 IN
1409 368 1560 425 CAP.
1603 368 1664 422 L.
1705 363 1951 422 GENES.
1993 361 2225 418 HOMIL.
2264 360 2471 416 LXVII.

3400 355 3504 412 578

1924 474 2055 544 sepb
2077 473 2132 527 in
2158 472 2346 528 fratres
2369 513 2385 539 ,
2416 487 2521 526 non
2548 469 2875 525 recordantis
2914 468 3228 539 injuriarum
3253 508 3267 533 ,
3289 477 3345 523 et
3367 484 3505 537 quo-

1920 566 2080 621 modo
2098 565 2347 620 omnibus
2372 563 2543 617 modis
2572 578 2666 617 eos
2692 561 2961 617 consolari
2987 563 3112 616 velit
3136 601 3152 627 ,
3183 570 3239 615 et
3275 561 3356 616 eis
3381 575 3507 629 per-

1920 657 2151 713 suadere
2179 698 2194 723 ,
2226 656 2379 727 quasi
2404 655 2535 709 nihil
2575 658 2626 708 in
2673 669 2732 708 se
2763 653 3119 723 peccaverint.
3148 650 3289 705 Dicit
3315 649 3461 705 enim
3490 669 3504 703 :

1922 749 2009 804 19.
2044 748 2126 802 Ne
2155 750 2413 811 timeatis;
2442 745 2541 801 Dei
2569 746 2703 800 enim
2731 762 2844 799 sum
2881 762 2993 814 ego.
3034 744 3129 799 20.
3176 741 3279 797 Vos
3314 744 3509 813 cogita-

1921 842 2012 894 stis
2056 852 2231 893 contra
2268 856 2346 892 me
2386 840 2523 892 mala
2550 854 2568 902 ,'
2597 838 2737 892 Deus
2765 848 2933 891 autem
2970 838 3206 908 cogitavit
3230 853 3321 906 pro
3345 851 3425 889 me
3454 837 3509 889 in

1922 932 2051 985 bona
2074 973 2087 996 ,
2114 931 2364 1002 quomodo
2390 934 2599 1000 factum,
2630 930 2759 983 sicut
2790 930 2940 982 hodie
2958 929 3150 993 videtis,
3185 938 3240 981 ut
3270 938 3509 997 pascatur

1922 1023 2140 1093 populus
2170 1023 2372 1076 multus.
2393 1021 2469 1075 Ne
2493 1021 2741 1086 timeatis,
2771 1020 2961 1089 inquit,
2994 1034 3166 1089 neque
3192 1018 3336 1073 aniii
3361 1020 3501 1076 sitis:

1925 1113 2019 1168 Dei
2043 1116 2174 1169 enim
2199 1132 2310 1169 sum
2334 1130 2446 1185 ego,
2475 1123 2529 1168 et
2549 1113 2829 1167 Dominum
2860 1129 3036 1167 meum
3064 1113 3243 1167 imitor
3267 1154 3282 1181 ,
3312 1128 3375 1168 ac
3410 1114 3508 1170 be-

1922 1207 2113 1262 neficia
2154 1207 2450 1277 rependere
2492 1205 2682 1260 studeo
2725 1204 2791 1259 iis
2826 1205 2915 1275 qui
2944 1221 3048 1259 non
3077 1205 3296 1261 ferenda
3322 1216 3509 1263 contra

1921 1316 2010 1355 me
2039 1300 2278 1355 fecerunt
2302 1318 2314 1349 :
2342 1298 2438 1353 Dei
2478 1300 2611 1352 enim
2647 1315 2761 1353 sum
2800 1314 2911 1369 ego.
2956 1298 3163 1353 Deinde
3188 1314 3311 1353 cum
3351 1314 3509 1352 mon-

1922 1402 2141 1447 strasset
2167 1401 2364 1462 quanta
2389 1406 2509 1446 eum
2538 1390 2911 1446 benevolentia
2937 1400 3291 1460 prosequutus
3317 1400 3460 1445 esset
3489 1432 3505 1455 ,

1922 1483 2076 1537 dicit:
2107 1482 2208 1537 Vos
2239 1483 2376 1537 mala
2403 1493 2582 1536 mente
2602 1481 2717 1535 haec
2741 1491 2927 1535 contra
2961 1497 3047 1535 me
3089 1480 3289 1537 fecistis
3316 1524 3331 1547 ,
3360 1482 3500 1537 Deus

1923 1583 2103 1630 autem
2131 1574 2183 1629 in
2221 1574 2416 1629 bonum
2448 1574 2577 1627 mihi
2604 1573 2781 1627 omnia
2808 1572 2985 1627 vertit.
3013 1572 3215 1627 Idcirco
3244 1581 3298 1627 et
3319 1572 3512 1627 Paulus

1923 1667 2164 1721 dicebat:
2192 1665 2531 1736 Diligentibus
2569 1665 2733 1719 Deum
2761 1666 2932 1718 omnia
2958 1675 3298 1735 cooperantur
3339 1667 3392 1719 in
3420 1667 3508 1720 bo—

1924 1777 2045 1813 num
2072 1759 2247 1829 (Rom.
2276 1762 2330 1815 8.
2362 1760 2475 1829 28).
2508 1758 2715 1824 Omnia,
2749 1757 2941 1828 inquit.
2971 1757 3106 1825 Quid
3135 1768 3237 1821 est,
3271 1758 3457 1812 Omnia
3488 1760 3514 1813 .’

1924 1852 1991 1907 Et
2017 1852 2264 1918 adversa,
2291 1861 2344 1906 et
2370 1868 2486 1922 qua:
2505 1852 2823 1907 contristare
2852 1850 3121 1917 videntur,
3150 1851 3309 1907 etiam
3338 1853 3438 1907 ista
3460 1856 3515 1909 in

1924 1941 2121 1996 bonum
2149 1953 2332 1997 mutat.
2377 1943 2488 1997 Hoc
2526 1944 2708 2012 utique
2733 1951 2787 1997 et
2810 1942 2862 1995 in
2892 1941 2993 1997 hoc
3014 1942 3158 2012 justo
3185 1942 3380 1998 factum
3408 1954 3512 1999 est.

1923 2035 2056 2090 Nam
2082 2052 2199 2107 quae
2240 2052 2270 2091 a
2310 2036 2563 2093 fratribus
2588 2037 2725 2092 facta
2752 2048 2914 2103 sunt,
2945 2053 3007 2092 ea
3034 2038 3265 2094 maxime
3290 2053 3514 2108 regnum

1924 2127 1974 2181 ei
2016 2128 2370 2183 conciliarunt
2415 2138 2631 2198 propter
2657 2129 2750 2184 Dei
2782 2130 3095 2198 sapientiam
3127 2170 3143 2195 ,
3183 2145 3304 2200 qua:
3331 2130 3512 2184 omnia

1924 2218 2061 2272 mala
2091 2219 2143 2271 in
2167 2218 2364 2273 bonum
2390 2227 2702 2274 commutat.
2734 2218 2801 2274 Ut
2829 2230 3086 2290 pascatur,
3117 2221 3307 2291 inquit,
3344 2236 3513 2291 papu-

1924 2312 2003 2365 lus
2031 2312 2241 2365 multus.
2284 2311 2399 2366 Non
2435 2313 2607 2367 solum
2658 2323 2835 2369 vestra
2863 2329 3021 2370 causa
3052 2314 3166 2369 haac
3207 2315 3262 2369 in
3314 2315 3515 2371 bonum

1924 2402 2081 2456 vertit
2110 2443 2124 2466 ,
2166 2403 2262 2457 sed
2289 2414 2345 2457 ut
2370 2413 2422 2458 et
2447 2405 2622 2458 omnis
2648 2405 2737 2459 ille
2763 2405 2990 2475 populus
3018 2405 3165 2476 pasci
3194 2407 3383 2476 possit.
3416 2406 3511 2461 21.

1925 2492 1993 2547 Ει
2014 2494 2141 2547 dixit
2166 2496 2235 2547 eis
2262 2494 2380 2549 :Ne
2400 2496 2615 2550 timeatis
2635 2511 2652 2549 :
2674 2513 2764 2567 ego
2787 2513 2992 2565 pascam
3020 2512 3126 2561 vos,
3151 2507 3197 2550 et
3225 2497 3403 2552 domus
3428 2514 3516 2552 ve-

1924 2594 2074 2638 stras.
2105 2583 2173 2637 Et
2190 2585 2478 2640 consolatus
2499 2596 2570 2641 est
2593 2603 2698 2652 eos,
2722 2597 2770 2641 et
2792 2587 3028 2656 loquutus
3050 2597 3121 2640 est
3142 2588 3195 2641 in
3215 2604 3303 2641 cor
3321 2605 3513 2643 eorum.
3602 2650 3605 2653 γ

1924 2675 2061 2744 Quid
2082 2678 2261 2748 igitur,
2287 2678 2474 2747 inquit,
2504 2679 2702 2733 timetis
2726 2680 2749 2732 ?
2778 2679 2890 2749 Ego
2917 2678 3270 2749 suppeditabo
3284 2680 3516 2735 alimen-
3580 2669 3609 2745 ιζ

1926 2778 1979 2824 ta
2007 2769 2158 2825 vobis
2190 2812 2207 2836 ,
2237 2778 2291 2824 et
2311 2770 2559 2825 omnibus
2588 2770 2676 2839 qui
2706 2769 2979 2825 vobiscum
3001 2779 3144 2825 sunt.
3168 2768 3239 2824 Et
3268 2772 3509 2825 eonsota-
3569 2753 3598 2843 ζ

1928 2870 2007 2914 tus
2030 2869 2104 2913 est
2128 2876 2231 2923 eos,
2264 2870 2311 2914 et
2339 2858 2575 2929 loquutus
2595 2871 2669 2915 est
2695 2860 2748 2913 in
2772 2877 2861 2914 cor
2881 2876 3075 2914 eorum.
3103 2859 3220 2915 Non
3251 2861 3513 2934 simplici-

1927 2953 2061 3008 citer
2090 2968 2184 3008 eos
2209 2954 2516 3009 consolatus
2536 2964 2637 3019 est,
2664 2954 2758 3009 sed
2791 2963 2937 3009 tanto
2960 2970 3089 3009 usus
3114 2964 3197 3009 est
3220 2954 3421 3023 officio,
3451 2964 3512 3011 ut

1927 3047 2005 3102 eis
2030 3061 2243 3101 omnem
2282 3046 2555 3101 tristitiam
2578 3062 2608 3101 e
2634 3046 2797 3102 corde
2822 3047 3103 3103 eximeret.
3147 3048 3240 3103 22.
3274 3048 3343 3103 Et
3371 3050 3518 3104 habi-

1929 3138 2051 3191 tavit
2076 3138 2269 3209 Ioseph
2295 3139 2348 3192 in
2376 3137 2631 3209 .Egypto;
2658 3139 2766 3209 ipse
2794 3147 2840 3193 et
2870 3139 3053 3207 fratres
3078 3140 3207 3210 ejus,
3234 3156 3350 3194 cum
3375 3142 3516 3195 omni

1929 3230 2079 3282 domo
2124 3231 2283 3299 patris
2315 3231 2411 3283 sui.
2452 3231 2542 3284 25.
2584 3229 2651 3283 Et
2689 3229 2812 3283 vidit
2866 3231 3059 3300 Ioseph
3098 3231 3232 3299 ﬁlios
3266 3231 3517 3303 Ephraim

1927 3340 2084 3392 usque
2137 3325 2191 3377 in
2237 3325 2433 3376 tertiam
2472 3324 2864 3393 generationem.
2909 3322 3003 3378 24.
3048 3322 3112 3376 Et
3152 3325 3389 3394 loquutus
3439 3336 3515 3380 est

1926 3416 2121 3485 Ioseph
2152 3417 2395 3486 fratribus
2415 3416 2540 3483 suis,
2566 3417 2735 3469 dicens
2764 3431 2783 3468 :
2810 3414 2942 3469 Ecce
2968 3416 3173 3470 morior.
3208 3416 3509 3474 Visitatione

1930 3520 2101 3563 autem
2132 3510 2349 3564 visitabit
2376 3527 2461 3564 vos
2488 3509 2759 3577 Dominus,
2790 3518 2836 3563 et
2860 3510 3013 3583 simul
3042 3510 3370 3581 deportabitis
3397 3528 3515 3567 ossa

1929 3617 2041 3653 mea
2088 3603 2223 3655 hinc.
2278 3601 2409 3656 Vide
2452 3600 2720 3672 quomodo
2748 3608 2802 3656 et
2843 3601 2931 3656 ille
2960 3600 3146 3656 eadem
3190 3618 3310 3672 qua:
3365 3613 3517 3673 pater

1928 3698 2107 3745 curat:
2135 3692 2320 3746 volens
2375 3699 2432 3745 ut
2474 3691 2633 3746 simul
2659 3689 2996 3746 auferrentur
3024 3691 3147 3746 inde
3176 3693 3342 3762 ipsius
3366 3709 3511 3761 ossa,

1929 3799 2033 3852 quo
2048 3783 2215 3853 magis
2236 3798 2420 3838 eorum
2441 3783 2849 3838 confirmaretur
2869 3797 3040 3849 mens,
3066 3792 3120 3838 et
3140 3785 3335 3839 bonam
3358 3801 3515 3854 spem

1930 3875 2186 3929 haberent
2204 3874 2270 3928 de
2296 3874 2468 3928 reditu
2489 3889 2607 3941 suo,
2640 3874 2864 3943 primum
2888 3873 2990 3929 hoc
3016 3875 3274 3944 praedicit,
3308 3876 3515 3931 reditu-

1929 3980 2019 4018 ros
2044 3964 2163 4018 illos
2197 3979 2318 4019 esse
2342 4005 2357 4029 ,
2387 3976 2439 4017 et
2468 3972 2592 4018 tunc
2636 3964 2763 4019 dicit
2796 3981 2808 4019 :
2853 3964 3028 4019 Simul
3073 3965 3240 4035 feretis
3264 3982 3378 4019 ossa
3403 3984 3516 4022 mea

1930 4056 2046 4110 hinc
2087 4055 2356 4110 vobiscum.
2392 4056 2503 4110 Hoc
2527 4064 2706 4110 autem
2738 4071 2843 4109 non
2876 4065 3079 4111 temere
3105 4072 3278 4126 neque
3307 4057 3507 4113 frustra

1930 4149 2155 4204 faciebat
2187 4168 2201 4205 :
2233 4149 2340 4204 duo
2369 4151 2512 4204 enim
2529 4150 2715 4219 agebat
2741 4167 2755 4204 :
2790 4166 2953 4203 unum
2982 4192 2997 4216 ,
3033 4166 3100 4205 ne
3121 4149 3359 4223 Egyptii
3390 4169 3509 4209 me-

1929 4256 2107 4296 mores
2134 4242 2507 4296 beneficiorum
2537 4241 2671 4310 ejus,
2696 4256 2816 4320 cum
2845 4257 2940 4309 pro
2969 4257 3118 4296 more
3144 4256 3241 4297 suo
3269 4244 3419 4298 facile
3445 4260 3513 4299 ex

1930 4333 2231 4388 hominibus
2260 4334 2390 4389 deos
2418 4335 2762 4403 appellarent,
2792 4349 2988 4404 corpus
3007 4334 3138 4403 justi
3167 4334 3427 4392 haberent
3457 4340 3509 4391 in

1929 4426 2215 4494 impietatis
2254 4426 2628 4479 occasionem:
2660 4427 2885 4479 alterum
2916 4466 2929 4488 ,
2974 4435 3033 4478 ut
3068 4426 3241 4480 securi
3281 4438 3335 4481 et
3377 4431 3510 4482 certi

1929 4518 2147 4571 omnino
2190 4526 2371 4572 essent
2416 4532 2475 4571 se
2523 4516 2809 4571 redituros.
2843 4514 2974 4569 Nam
3019 4516 3121 4569 nisi
3166 4515 3268 4572 hoc
3307 4527 3512 4574 certum

1929 4607 2134 4677 fuisset,
2160 4624 2264 4662 non
2285 4608 2531 4678 jussisset
2560 4623 2738 4663 secum
2771 4615 3043 4676 reportare
3072 4622 3212 4663 ossa.
3243 4609 3311 4664 Et
3329 4611 3511 4670 videre

1929 4699 2122 4754 licebat
2154 4714 2265 4753 rem
2301 4714 2492 4753 novam
2523 4708 2576 4753 et
2599 4698 2965 4753 admirabilem
2990 4742 3004 4765 ,
3030 4716 3155 4754 eum
3177 4701 3263 4770 qui
3290 4716 3507 4756 omnem

1928 4790 2176 4846 lsraelem
2199 4792 2250 4845 in
2272 4790 2505 4862 Egypto
2524 4792 2791 4859 pascebat,
2818 4791 2964 4844 illum
2990 4801 3045 4845 et
3069 4792 3260 4847 ducem
3287 4793 3510 4857 reditus,

1928 4890 1982 4936 et
2022 4881 2073 4935 in
2105 4891 2300 4935 terram
2334 4882 2705 4950 promissionis
2746 4883 2890 4951 ipsos
2939 4882 3383 4938 introducentem.
3416 4884 3510 4939 25.

1930 4970 1995 5023 Ει
2024 4981 2249 5026 mortuus
2274 4983 2347 5025 est
2374 4971 2568 5039 Ioseph
2596 4989 2758 5026 annos
2797 4973 2983 5027 habens
3010 4983 3209 5027 centum
3237 4984 3284 5028 et
3312 4976 3507 5030 decem.

1927 5064 2103 5128 Quare
2148 5064 2301 5118 nobis
2343 5073 2397 5117 et
2442 5063 2581 5118 illius
2616 5078 2786 5118 annos
2831 5065 3148 5134 significavit
3184 5065 3207 5118 ?
3238 5066 3304 5120 Ut
3332 5066 3511 5122 discas

1927 5163 2055 5223 quot
2095 5154 2249 5207 annis
2295 5152 2509 5224 Egypti
2548 5153 2900 5223 principatum
2931 5155 3181 5209 tenuerit.
3202 5157 3418 5227 Septem
3456 5167 3512 5211 et

1926 5247 2110 5299 decem
2138 5261 2401 5298 annorum
2429 5254 2545 5299 erat
2568 5287 2582 5311 ,
2612 5261 2731 5299 cum
2758 5246 2966 5299 veniret
3011 5246 3063 5299 in
3104 5244 3393 5316 Egyptum
3417 5265 3431 5305 :
3455 5262 3511 5304 et

1930 5338 2138 5406 triginta
2164 5352 2422 5392 annorum
2452 5338 2619 5393 factus
2648 5339 2944 5406 comparuit
2971 5352 3149 5391 coram
3177 5338 3456 5395 Pharaone
3485 5384 3500 5404 ,

1926 5439 1980 5484 et
2008 5431 2385 5499 interpretatus
2427 5438 2509 5483 est
2547 5430 2773 5484 somnia.
2816 5429 3012 5483 Deinde
3053 5431 3319 5500 octoginta
3351 5433 3504 5485 annis

1928 5519 2134 5589 praefuit
2173 5521 2267 5573 toti
2320 5532 2471 5574 terrae
2498 5519 2732 5590 Egypti.
2779 5518 2967 5573 Vidisti
3008 5520 3275 5589 quomodo
3303 5521 3505 5589 majora

1925 5611 2034 5665 sint
2078 5611 2290 5680 przemia
2334 5626 2492 5680 quam
2522 5610 2730 5665 labores
2757 5650 2770 5666 .
2802 5610 3285 5680 retributionesque
3323 5612 3507 5665 multi-

1926 5702 2089 5772 plices
2117 5702 2140 5754 ?
2165 5701 2443 5757 Tredecim
2468 5702 2621 5755 annis
2646 5700 2868 5754 certavit
2898 5700 2952 5754 in
2985 5702 3362 5756 tentationibus
3381 5743 3397 5767 ,
3424 5702 3504 5756 fe-

1926 5810 2047 5851 rens
2070 5796 2377 5853 scrvitutem
2398 5837 2413 5864 ,
2444 5807 2496 5852 et
2525 5794 2845 5850 calumniam
2867 5795 3006 5850 illam
3030 5796 3283 5867 iniquam,
3304 5806 3356 5853 et
3374 5795 3507 5851 afﬂi-
