4028 6360
562 349 664 405 579

557 465 787 519 ctionem
810 462 857 514 in
882 472 1114 522 carcere,
1130 456 1317 526 etquia
1344 470 1597 527 generose
1617 464 1810 509 etcum
1836 455 2120 523 gratiarum

560 554 767 607 actione
793 552 907 605 tulit
941 550 1115 602 omnia
1144 590 1158 608 .
1188 557 1466 616 propterea
1509 547 1651 615 larga
1677 546 1891 615 prmmia
1916 546 2122 615 accepit

557 646 718 700 etiam
740 644 789 697 in
812 642 909 695 hac
939 642 1060 693 vita.
1083 639 1373 694 Considera
1394 638 1556 702 enim,
1584 653 1703 693 eum
1730 652 1825 706 pro
1850 637 1997 691 brevi
2032 637 2121 690 illo

560 748 817 805 tempore,
847 750 953 802 quo
982 734 1286 787 servitutem
1316 739 1369 785 et
1391 745 1659 785 carcerem
1683 729 1951 795 sustinuit,
1975 738 2122 781 octo-

557 828 699 895 ginta
741 825 896 878 annis
936 838 1155 893 regnum
1188 820 1656 877 administravisse.
1692 818 1843 886 Quod
1868 832 1995 872 vero
2019 817 2121 871 ﬁde

558 916 733 971 omnia
771 914 1109 983 disposuerit,
1132 922 1186 966 et
1212 919 1426 980 propter
1454 910 1554 965 hoc
1579 912 1736 964 etiam
1783 907 1852 962 de
1882 916 2122 962 transve-

558 1009 733 1061 ctione
750 1000 955 1059 'ossiutn
984 1003 1263 1068 mandarit,
1280 1001 1401 1056 audi
1426 1000 1646 1056 Paulum
1672 999 1971 1053 dicentem:
1994 996 2122 1050 Fide

553 1099 742 1169 Ioseph
764 1098 1011 1161 moriens,
1041 1097 1102 1149 de
1136 1094 1418 1165 egressione
1445 1092 1668 1160 ﬁliorum
1696 1090 1861 1145 Israel
1899 1089 2121 1142 meminit

561 1188 744 1255 (Hebr.
765 1189 849 1242 Η.
874 1186 988 1257 2‘2).
1020 1186 1083 1240 Et
1110 1201 1213 1238 non
1242 1183 1338 1237 fuit
1364 1184 1447 1237 his
1469 1190 1752 1236 contentus
1772 1222 1786 1244 ,
1810 1179 1903 1233 sed
1948 1187 2005 1231 ut
2040 1177 2123 1230 di-

558 1291 679 1332 scas
708 1292 942 1342 causam,
970 1284 1183 1345 propter
1209 1288 1365 1343 quam
1408 1271 1691 1340 injunxerit
1723 1272 1920 1323 ossium
1947 1277 2119 1321 trans-

556 1368 849 1423 vectionem
880 1408 894 1431 ,
923 1367 1100 1429 addit,
1134 1364 1201 1418 Et
1230 1365 1292 1417 de
1319 1365 1510 1417 ossibus
1538 1362 1643 1415 suis
1663 1360 1935 1413 mandavit.

628 1458 894 1513 Conclusio
921 1473 1032 1509 cum
1061 1455 1240 1509 morali
1266 1450 1866 1507 exhortatione.-Forte
1885 1448 2123 1519 pluribus

1224 342 1279 398 S.
1321 340 1597 396 JOANNIS
1633 338 2095 395 CIIRYSOSTOMI
2135 338 2449 396 ARCHIEP.
2491 337 3013 395 CONSTANTINOP.

3694 340 3799 393 580

2231 454 2460 523 adjicere
2483 495 2498 521 ,
2527 464 2583 509 ut
2620 454 2819 509 scilicet
2842 454 3101 507 dictorum
3126 454 3473 507 recordemiui
3494 497 3510 519 ,
3537 466 3589 508 et
3624 458 3804 511 imite-

2224 564 2342 603 mur
2361 549 2619 616 justorum
2642 547 2850 600 illorum
2879 547 3143 610 virtutem,
3166 556 3217 598 et
3241 546 3551 614 injuriarum
3576 548 3805 601 oblivio-

2225 658 2346 696 nem
2375 656 2499 711 erga
2527 655 2619 694 eos
2647 640 2734 707 qui
2759 655 2854 691 nos
2881 639 3073 692 damno
3094 638 3383 691 affecerunt
3411 678 3427 703 ,
3454 640 3802 706 patientiam-

2223 748 2324 803 que
2345 746 2467 801 erga
2492 746 2585 785 eos
2611 731 2699 800 qui
2729 730 2882 783 nobis
2908 729 3201 782 molestiam
3227 729 3474 792 inferunt,
3501 728 3795 781 intemera-

2224 833 2432 892 tamque
2459 820 2857 876 continentiam.
2900 819 3033 872 llinc
3080 819 3222 873 enim
3247 818 3423 887 justus
3449 826 3654 872 tantam
3685 817 3788 871 sibi

2227 912 2316 966 Dei
2354 911 2572 979 gratiam
2597 909 2911 963 conciliavit.
2955 908 3010 962 Si
3040 923 3166 976 ergo
3192 909 3432 961 volumus
3461 922 3559 961 nos
3584 922 3803 975 quoque

2225 1002 2440 1057 caeleste
2481 1002 2733 1056 auxilium
2777 1001 3015 1054 obtinere
3034 1039 3049 1064 ,
3080 1014 3342 1053 summam
3368 1000 3580 1052 virtutis
3609 998 3802 1052 habea-

2224 1107 2340 1146 mus
2385 1092 2663 1145 rationem.
2709 1090 2798 1144 Sic
2828 1090 2969 1145 enim
3014 1100 3068 1143 et
3112 1090 3338 1159 Spiritus
3379 1092 3604 1158 gratiam
3649 1089 3798 1142 nobis

2222 1181 2569 1245 attrabemus,
2604 1190 2657 1235 et
2696 1191 3007 1250 praesentem
3048 1182 3208 1234 vitam
3244 1196 3431 1250 magna
3464 1180 3799 1249 jucunditate

2224 1274 2594 1343 transigemus,
2617 1282 2673 1327 et
2700 1274 2868 1329 futura
2891 1272 3025 1326 bona
3047 1287 3431 1340 consequemur
3454 1290 3467 1324 :
3497 1288 3619 1341 qua:
3649 1272 3800 1324 nobis

2223 1365 2471 1421 omnibus
2511 1364 2765 1419 concedat
2812 1364 3061 1417 Dominus
3100 1373 3279 1417 noster
3316 1362 3471 1417 Jesus
3500 1364 3753 1417 Christus
3784 1404 3797 1423 ,

2224 1456 2435 1523 quicum
2465 1455 2602 1509 Patri
2631 1464 2685 1508 et
2710 1462 2892 1507 sancto
2920 1454 3134 1522 Spiritui
3176 1454 3245 1506 sit
3286 1453 3452 1522 gloria
3473 1493 3488 1515 ,
3518 1453 3800 1519 imperium

559 1550 672 1604 hmc
692 1550 827 1603 dicta
849 1558 991 1612 sunt,
1018 1547 1110 1601 sed
1142 1546 1409 1615 ignoscite.
1441 1544 1570 1597 Nam
1591 1544 1836 1611 quoniam
1866 1540 1930 1594 ad
1962 1539 2120 1593 ﬁnem

560 1641 680 1696 libri
710 1640 1047 1710 pervenimus
1069 1681 1083 1705 ,
1117 1639 1376 1692 voluimus
1405 1652 1525 1691 cum
1552 1636 1666 1705 ejus
1694 1634 1798 1687 ﬁne
1823 1633 1962 1687 hunc
1992 1646 2124 1699 quo-

559 1749 663 1804 que
684 1747 980 1788 sermonem
1009 1730 1165 1785 hodie
1187 1729 1357 1794 ﬁnire,
1382 1737 1434 1782 et
1462 1727 1671 1782 solitam
1700 1724 2122 1778 exhortationem

2226 1556 2279 1599 et
2308 1545 2475 1600 honor
2495 1587 2508 1610 ,
2541 1560 2679 1600 nunc
2703 1556 2758 1598 et
2784 1558 3026 1613 semper,
3071 1552 3125 1598 et
3154 1545 3206 1596 in
3237 1544 3428 1597 smcula
3458 1544 3801 1597 saeculorum.

2233 1641 2423 1693 Amen.

1561 1882 1771 1936 FINIS
1816 1874 2293 1933 IIOMILIARUM
2337 1874 2420 1928 IN
2458 1873 2813 1929 GENESIM.

1533 2774 1631 2834 AD
1674 2774 2076 2837 SERMONES
2131 2774 2326 2835 OCTO
2369 2775 2450 2837 IN
2497 2774 2829 2837 GENESIM

629 3104 841 3172 Optime
867 3104 1092 3175 conjicit
1118 3103 1517 3169 Tillemontius,
1553 3119 1675 3159 cum
1705 3105 1779 3159 ait
1805 3106 2019 3177 Opinari
2050 3121 2108 3161 se
2156 3107 2377 3163 ineunte
2420 3108 2839 3179 Quadragestma
2896 3108 3024 3163 anui
3076 3105 3181 3161 586
3227 3107 3686 3178 Chrysostomum
3715 3108 3807 3161 hns

566 3245 823 3299 habuisse
855 3244 1177 3313 Sermones;
1212 3247 1354 3314 quod
1398 3258 1578 3299 autem
1623 3245 1827 3315 adjicit,
1878 3245 2113 3315 primum
2171 3244 2487 3299 Sermonem
2521 3246 2724 3300 dictum
2772 3244 2941 3301 fuisse
2980 3246 3154 3316 prima
3201 3246 3651 3315 Quadragcsima:
3700 3245 3804 3307 die,

559 3381 691 3437 feria
724 3396 915 3451 nempe
948 3382 1207 3447 secunda,
1240 3398 1345 3452 qua
1387 3382 1747 3452 ineip‘ebatur
1778 3382 2080 3437 Antiochia!
2107 3382 2553 3451 Quadragesima,
2580 3392 2635 3438 et
2668 3384 2771 3437 hoc
2817 3398 2959 3436 anno
3004 3382 3274 3437 incidebat
3306 3382 3360 3435 in
3400 3380 3466 3434 16
3502 3381 3803 3442 Februarii,

558 3523 709 3591 illud,
742 3525 986 3595 inquam,
1013 3536 1242 3583 eatenus
1271 3527 1609 3599 exploratum
1636 3542 1758 3584 esse
1788 3536 1985 3597 potest,
2016 3536 2284 3595 quatenus
2334 3526 2555 3582 Tabulis
2588 3526 2946 3582 Paschallbus
2992 3529 3157 3583 ﬁdere
3194 3542 3502 3597 possumus,
3546 3542 3675 3596 qua:
3714 3525 3806 3578 hoc

557 3681 700 3720 anno
729 3665 938 3724 Pascha
972 3669 1027 3723 in
1053 3669 1296 3739 quintam
1328 3670 1530 3741 Aprilis
1562 3670 1801 3727 incidere
1823 3670 2199 3725 testiﬁcantur.
2229 3669 2331 3725 Sed
2367 3686 2490 3724 cum
2520 3670 2625 3725 illa:
2651 3668 2871 3724 Tabula:
2903 3668 3193 3726 Paschales
3221 3685 3331 3725 non
3362 3670 3590 3725 omnino
3624 3676 3806 3722 vaeeut

558 3806 889 3875 suspicione,
926 3816 983 3861 ut
1016 3807 1259 3876 pluribus
1289 3808 1527 3862 diximus
1563 3809 1613 3861 in
1645 3807 1849 3863 Monito
1885 3810 1951 3863 ad
1992 3806 2280 3863 Orationes
2322 3817 2507 3861 contra
2544 3807 2758 3865 Judaeos
2785 3808 2957 3864 Tomo
2995 3811 3209 3880 primo:
3244 3810 3311 3866 iis
3348 3825 3455 3865 non
3502 3810 3806 3865 omnimoda

558 3948 690 4004 ﬁdes
720 3943 988 4002 habenda.
1023 3948 1208 4019 Itaque
1236 3959 1445 4004 certum
1476 3959 1555 4004 est
1584 3951 1814 4019 primum
1840 3968 1892 4005 In
1922 3950 2177 4006 Geuesim
2209 3949 2529 4006 Sermonem
2563 3952 2806 4007 habitum
2837 3950 3005 4006 fuisse
3031 3952 3203 4021 prima
3226 3951 3315 4006 die
3347 3949 3806 4019 Quadragesimx,

556 4100 677 4156 quae
719 4083 850 4138 feria
885 4083 1144 4147 secunda,
1175 4079 1341 4135 biduo
1374 4097 1567 4152 nempe
1602 4092 1727 4137 ante
1760 4084 2243 4155 Quadragesimant
2288 4097 2549 4149 nostram.
2580 4102 2792 4158 semper
2825 4088 3126 4144 Antiochiae
3156 4088 3488 4159 incipiebat;
3541 4104 3653 4145 non
3699 4104 3811 4160 per-

558 4222 681 4277 inde
708 4238 835 4277 vero
872 4233 1077 4278 certum
1108 4231 1193 4279 est
1217 4240 1321 4293 qua
1357 4226 1558 4280 mensis
1584 4225 1693 4288 die,
1724 4235 1784 4279 ut
1822 4226 1873 4280 in
1908 4227 2097 4281 eodem
2135 4226 2337 4281 Mouito
2367 4226 2572 4281 videas.

628 4359 857 4414 Habitus
887 4373 1066 4417 autem
1105 4378 1250 4417 anno
1290 4363 1392 4418 586
1438 4364 1553 4435 ipse
1602 4368 1881 4437 perspicue
1931 4380 2324 4425 commonstrat
2371 4371 2797 4441 Cltrysostmnus
2840 4384 2963 4424 cum
3015 4370 3313 4426 secundum
3370 4368 3693 4426 Sermonem
3735 4370 3807 4423 his

560 4497 741 4552 verbis
779 4498 990 4551 orditur
1019 4516 1032 4552 :
1064 4493 1212 4569 'Apa
1242 4497 1523 4567 μέμνησθε
1544 4502 1653 4553 τῶν
1677 4500 2011 4572 ζητημάτων
2038 4503 2121 4557 τῶε

2224 4504 2393 4575 πρώην
2443 4506 2816 4577 προτεθέντων
2865 4506 2994 4575 ὑμῖν
3041 4509 3181 4572 ;Ei;
3236 4506 3490 4560 τοσοῦτον
3523 4508 3635 4578 γὰρ
3666 4507 3800 4578 ἡμᾶς

556 4640 817 4705 ἀπονοίας
847 4644 937 4694 καὶ
968 4644 1172 4713 τόλμης
1203 4646 1466 4715 ἐπήρατε,
1500 4645 1577 4709 ὡς
1599 4645 1693 4700 καὶ
1718 4645 2045 4716 ζητημάτων
2076 4647 2175 4717 ήδη
2206 4645 2552 4717 κατατολμᾷν
2572 4661 2584 4674 ·
2621 4646 2821 4717 μᾶλλον
2848 4646 2904 4699 δὲ
2933 4648 3034 4700 οὐκ
3065 4648 3131 4701 ἂν
3162 4649 3248 4719 εἴη
3276 4647 3484 4719 τόλμης
3511 4647 3637 4701 οὐδὲ
3683 4648 3797 4701 am.

557 4783 704 4847 νοίας
732 4784 909 4836 τοῦτο.
942 4782 1015 4835 Οὐ
1047 4782 1156 4853 γὰρ
1185 4784 1363 4855 οἰκείᾳ
1392 4783 1617 4855 δυνάμει
1657 4783 2052 4858 θαρρήσαντες,
2084 4783 2220 4837 ἀλλὰ
2261 4787 2381 4848 ταῖς
2411 4786 2595 4855 εὐχαῖς
2632 4784 2742 4838 τῶν
2801 4786 3084 4857 προέδρων
3120 4784 3213 4838 καὶ
3242 4787 3365 4847 ταῖς
3403 4785 3705 4857 ὑμετέραις
3756 4784 3811 4835 τὸ

559 4920 665 4972 πᾶν
695 4918 1104 4989 ἐπιῤῥίψαντες.
1142 4919 1530 4991 ἀπεδυσάμεθα
1560 4920 1695 4991 πρὸς
1723 4920 1784 4973 τὸ
1816 4920 2045 4975 σταδιον.
2080 4922 2121 4976 lt}

2224 4930 2242 4976 t
2274 4920 2579 4991 :Numquid
2612 4922 2922 4977 meministis
2952 4924 3320 4993 qua'slionum,
3345 4938 3463 4992 qua:
3493 4922 3637 4975 vobis
3661 4936 3803 4987 nuper

557 5069 680 5112 sunt
710 5061 1035 5127 praposilw?
1073 5057 1136 5112 In
1167 5070 1370 5113 tantam
1393 5063 1534 5115 enim
1562 5062 1927 5132 arrogantiam
1956 5072 2005 5115 et
2030 5063 2312 5116 audaciam
2343 5080 2435 5117 nos
2487 5065 2821 5133 provexistis,
2849 5064 2928 5133 {ut
2971 5064 3286 5133 quastioues
3330 5063 3591 5131 intrepide
3642 5075 3811 5133 aggre-

562 5201 779 5253 diamur
805 5216 823 5253 :
854 5201 962 5253 imo
990 5216 1080 5254 nec
1104 5202 1345 5255 audacia:
1374 5218 1465 5257 nec
1494 5204 1818 5273 arrogantia:
1850 5204 1905 5257 id
1939 5203 2145 5272 facinus
2172 5215 2271 5259 est.
2301 5203 2425 5258 Non
2455 5204 2592 5259 enim
2626 5204 2827 5258 viribus
2866 5203 3061 5258 nostris
3100 5203 3445 5271 conﬁdentes,
3485 5201 3579 5255 sed
3614 5196 3811 5253 antisti-

557 5346 668 5389 tum
696 5338 936 5405 precibus
967 5354 1028 5392 ac
1057 5342 1241 5393 vestris
1276 5342 1455 5395 omnia
1487 5344 1884 5410 committentes,
1917 5343 1985 5396 ad
2018 5342 2257 5397 stadium
2308 5362 2403 5399 nos
2454 5347 2806 5402 accinximus.
2854 5346 2954 5402 Hic
2994 5347 3141 5402 clare
3182 5346 3334 5400 vides
3373 5343 3811 5413 Chrysostomum

559 5480 624 5534 ad
651 5482 884 5535 stadium
926 5497 984 5537 se
1014 5484 1404 5555 acciugeutem,
1434 5495 1487 5540 et
1520 5483 1957 5556 Quadragesima:
1986 5501 2268 5542 sermones
2302 5488 2536 5558 primum
2579 5488 2877 5556 ineuntem,
2907 5504 3076 5559 seque
3109 5504 3248 5561 pene
3292 5486 3535 5542 audacia:
3572 5485 3816 5538 incusanc

563 5630 692 5683 tem,
717 5623 860 5691 quod
896 5639 1009 5677 rem
1039 5634 1241 5679 tantam
1267 5625 1647 5696 aggrederetur
1676 5642 1690 5692 ;
1719 5641 1838 5696 quae
1870 5637 2015 5681 certe
2044 5627 2224 5681 omnia
2251 5626 2750 5699 quadragesimaies
2776 5640 3061 5682 sermones
3103 5625 3277 5697 prima
3307 5624 3424 5677 vice
3476 5621 3813 5692 incipientem

562 5762 803 5817 indicant
830 5781 841 5815 ε
871 5780 975 5820 non
1006 5766 1149 5821 enim
1186 5782 1247 5822 ea
1273 5782 1403 5825 usus
1436 5778 1517 5823 est
1551 5766 1797 5824 ordiendi
1822 5768 2032 5823 ratione
2062 5783 2205 5824 anno
2241 5770 2555 5839 insequente
2585 5770 2713 5831 587,
2743 5784 2865 5826 cum
2907 5770 3203 5826 Sermones
3236 5766 3305 5824 de
3341 5765 3550 5821 Statuis
3600 5778 3695 5834 per
3742 5774 3813 5814 to-
