4028 6360
261 372 369 429 579

262 486 611 561 εὐχαριστίας
644 483 854 536 ἅπαντα
898 483 1113 551 ἤνεγκε,
1144 481 1231 533 διὰ
1277 478 1434 531 τοῦτο
1464 478 1559 531 καὶ
1588 473 1826 543 δαψιλεῖς

262 557 560 641 ἐκομίσατο
600 568 696 628 τὰς
734 564 965 635 ἀμοιϐάς
1004 566 1096 616 καὶ
1128 564 1219 615 ἐπὶ
1257 561 1351 615 τοῦ
1393 561 1657 631 παρόντος
1689 557 1825 625 βῖου.

276 639 561 722 Ἐννόησον
592 650 701 719 γάρ
748 665 857 717 μοι,
902 648 982 699 ὅτι
1024 647 1161 717 ὑπὲρ
1219 644 1308 698 τοῦ
1357 644 1581 714 βραχέος
1619 639 1827 693 ἐκείνου

264 738 482 810 χρόνου,
511 734 569 786 ὃν
598 732 695 801 τὴν
726 731 967 784 δουλείαν
994 731 1167 783 καὶτὸ
1197 729 1571 810 δεσμωτήριον
1602 724 1830 810 saepe:

264 804 376 884 νεν,
408 820 467 871 ὲν
498 816 824 885 ὀγδοήκοντα
856 814 999 866 ἔτεσι
1041 812 1139 882 τὴν
1180 811 1454 882 βασιλείαν
1483 809 1675 860 διεῖπε.
1721 804 1831 858 Καὶ

264 908 349 959 ὃτι
383 904 565 955 πίστει
595 899 771 953 πάντα
801 897 1111 966 διέπραττε,
1139 896 1232 947 καὶ
1269 894 1357 947 διὰ
1393 892 1550 946 τοῦτο
1579 892 1671 944 καὶ
1708 891 1833 961 περὶ

265 990 368 1057 τῆς
392 984 504 1039 τῶν
547 982 719 1036 ὀστῶν
760 978 1127 1050 μετακομιδῆς
1175 977 1499 1040 ἐνετείλατο,
1540 974 1705 1028 ἄκουε
1738 971 1832 1023 τοῦ

270 1053 492 1123 Παύλου
533 1065 809 1133 λέγοντος’
858 1064 1063 1115 Πίστει
1117 1060 1338 1127 Ἰωσὴφ
1374 1056 1671 1111 τελευτῶν
1703 1053 1836 1120 περὶ

268 1151 383 1218 τῆς
424 1149 637 1212 ἐξόδου
668 1145 785 1198 τῶν
817 1144 961 1199 υἱῶν
1001 1142 1246 1209 Ἰσραὴλ
1267 1141 1696 1210 ἐμνημόνευσε.
1730 1138 1836 1190 Καὶ

268 1235 374 1287 οὐκ
405 1232 534 1301 ἔστη
584 1229 742 1299 μέχρι
771 1227 979 1289 τούτου,
1015 1225 1128 1279 ἀλλ’
1169 1226 1255 1278 ἵνα
1295 1224 1470 1295 μάθῃς
1503 1222 1603 1293 τὴν
1634 1221 1835 1281 αἰτίαν,

268 1317 338 1369 δι’
373 1315 441 1386 ἢν
471 1311 749 1381 ἐπέσκηψε
786 1309 892 1362 τῶν
934 1308 1105 1361 ὀστῶν
1146 1307 1243 1379 τὴν
1285 1307 1514 1377 κομιδὴν
1562 1302 1834 1372 γενέσθαι,

271 1400 429 1469 φησὶ,
462 1396 573 1449 Καὶ
596 1395 726 1460 περὶ
750 1391 868 1445 τῶν
897 1391 1123 1444 ὀστέων
1145 1391 1331 1444 αὐτοῦ
1351 1389 1708 1442 ἐνετείλατο.

345 1480 503 1550 Τάχα
534 1477 755 1531 πλείονα
779 1475 846 1528 τά
887 1474 1172 1547 εἰρημένα.
1197 1473 1333 1526 ἀλλὰ
1358 1471 1654 1538 σύγγνωτε.
1696 1468 1839 1539 Πρὸς

271 1564 387 1633 γάρ
402 1563 462 1615 τὸ
480 1560 631 1623 τέλος
650 1558 743 1611 τοῦ
764 1557 963 1628 βιϐλίου
986 1556 1287 1625 φθάσαντες
1308 1553 1569 1624 ἐϐουλήθη
1580 1569 1675 1621 μεν
1696 1550 1840 1603 ἅπαν

276 1651 521 1717 σήμερον
548 1642 862 1703 τελέσαντες
888 1640 948 1694 τὸ
966 1639 1187 1709 βιϐλίον,
1210 1637 1352 1691 οὕτω
1374 1633 1721 1690 καταπαῦσαι
1752 1633 1841 1685 τὸν

1233 360 1597 418 SERMONES
1634 356 1701 413 IN
1738 354 2055 414 GENESIM.
2097 386 2165 397 -ο
2203 353 2541 411 ΜΟΝΙΤΗΜ.

3389 346 3494 402 580

1930 471 2070 523 ὥστε
2108 470 2413 541 μεμνῆσθαι
2438 470 2545 520 τῶν
2580 466 2903 538 εἰρημένων,
2939 465 3032 518 καὶ
3056 463 3251 534 ζηλοῦν
3283 463 3390 515 τῶν
3417 464 3496 516 διο

1930 558 2100 608 καίων
2131 555 2332 606 τούτων
2357 553 2455 623 τὴν
2489 551 2708 622 ἀρετὴν,
2739 552 2835 621 τὴν
2868 551 2996 619 περὶ
3024 550 3148 609 τοὺς
3179 547 3496 608 ἀδικοῦντας

1931 637 2297 701 ἀνεξικακίαν,
2330 636 2425 706 τὴν
2464 636 2592 705 περὶ
2628 636 2753 696 τοὺς
2792 634 3191 703 ὲπηρεάζοντας
3226 630 3497 701 μακροθυ-

1937 722 2084 789 μίαν,
2109 722 2207 792 τὴν
2228 722 2577 789 σωφροσύνην
2600 718 2699 788 τὴν
2720 716 3051 787 ὑπερϐάλλου
3062 733 3179 767 σαν.
3217 714 3497 768 Ἐντεῦθεν

1934 804 2043 874 γὰρ
2084 806 2179 857 καὶ
2204 807 2231 856 ὁ
2260 804 2464 864 δίκαιος
2492 798 2645 864 οὗτος
2673 799 2938 868 τοσαύτην
2972 801 3316 852 ἐπεσπάσατο
3345 799 3498 867 παρὰ

1933 887 2025 939 τοῦ
2051 887 2185 940 Θεοῦ
2208 887 2305 957 τὴν
2336 885 2564 938 εὔνοιαν.
2598 886 2661 936 Et
2684 883 2862 935 τοίνυν
2888 880 3186 951 βουλόμεθα
3215 881 3309 933 καὶ
3335 883 3496 951 ἡμεῖς

1935 972 2032 1040 τὴν
2059 970 2263 1024 ἄνωθεν
2294 968 2696 1022 ἐπισπάσασθαι
2732 967 2924 1037 ῥοπὴν,
2964 966 3128 1019 πολὺν
3162 966 3260 1035 τῆς
3298 966 3498 1036 ἀρετῆς

1936 1055 2217 1126 ποιώμεθα
2239 1055 2414 1122 λόγον.
2459 1052 2619 1105 Οὕτω
2645 1052 2753 1122 γὰρ
2786 1051 2882 1103 καὶ
2913 1048 3008 1102 τοῦ
3038 1049 3350 1116 Πνεύματος
3381 1052 3500 1101 ὲπι-

1939 1140 2259 1212 σπασόμεθα
2289 1141 2388 1208 τὴν
2417 1138 2597 1209 χάριν,
2632 1136 2725 1189 καὶ
2747 1136 2837 1187 τὸν
2870 1134 3111 1204 παρόντα
3136 1131 3248 1201 βίον
3278 1132 3499 1195 ἀλύπως

1937 1226 2281 1296 διανύσομεν,
2301 1224 2516 1278 καὶτῶν
2536 1222 2833 1294 μελλόντων
2851 1220 3241 1287 ὲπιτευξὸμεθα
3258 1219 3496 1286 άγαθῶνο

1938 1305 2011 1362 ὧν
2038 1309 2247 1377 γένοιτο
2264 1309 2470 1371 πάντας
2497 1309 2643 1377 ἡμᾶς
2669 1307 2966 1373 ἐπιτυχεῖν,
2993 1303 3175 1373 χάριτι
3202 1304 3297 1356 καὶ
3318 1303 3502 1371 φιλαν-

1941 1394 2156 1466 θρωπίᾳ
2198 1392 2291 1446 τοῦ
2323 1391 2529 1464 Κυρίου
2570 1389 2725 1461 ἡμῶν
2768 1386 2942 1459 Ἰησοῦ
2992 1386 3251 1459 Χριστοῦ,
3288 1386 3404 1456 μεθ’
3442 1379 3503 1440 οὗ

1941 1478 2017 1548 τῷ
2048 1478 2243 1548 Πατρὶ,
2293 1477 2409 1546 ἅμα
2444 1474 2522 1545 τῷ
2567 1475 2709 1543 ἁγίῳ
2754 1471 3051 1541 Πνεύματι,
3096 1469 3242 1535 δόξα,
3281 1469 3501 1538 κράτος,

1941 1562 2095 1632 τιμὴ,
2127 1562 2221 1613 νῦν
2249 1560 2345 1613 καὶ
2376 1558 2480 1622 ἀεὶ,
2523 1557 2615 1611 καὶ
2648 1560 2727 1619 εἰς
2753 1555 2879 1618 τοὺς
2901 1553 3104 1616 αἰῶνας
3129 1552 3235 1605 τῶν
3267 1551 3501 1608 αἰώνων.

1955 1648 2145 1717 Ἀμήν.

273 1733 456 1800 λόγον,
487 1726 580 1782 καὶ
597 1725 695 1797 τὴν
716 1724 918 1795 συνήθη
946 1722 1287 1789 παράκλησιν
1302 1721 1429 1787 ὑμῖν
1446 1719 1835 1789 προσαγαγεῖν,

1191 2006 1427 2063 ΤΕΛΟΣ
1472 2001 1788 2061 ΟΜΙΛΙΩΝ
1836 2006 1962 2060 ΕΙΣ
2023 2006 2167 2063 ΤΗΝ
2217 2006 2568 2063 ΓΕΝΕΣΙΝ.

1707 2791 2088 2853 ΜΟΝΙΤυΜ.

263 3119 381 3164 tam
408 3107 893 3180 Quadragesimam
918 3110 1125 3168 habuit.
1157 3112 1344 3184 Itaque
1370 3112 1424 3168 hi
1452 3112 1745 3170 Sermones
1772 3113 1891 3170 sine
1916 3114 2083 3171 dubio
2118 3114 2390 3185 pertinent
2416 3114 2484 3168 ad
2520 3129 2721 3168 annum
2751 3112 2877 3180 586,
2908 3127 3019 3184 quo
3052 3113 3275 3167 ineunte
3301 3111 3523 3185 presby-

264 3253 351 3299 ter
389 3245 675 3300 ordinatus
720 3246 842 3314 fuit,
874 3254 935 3301 ut
976 3247 1180 3303 dictum
1226 3258 1309 3305 est
1349 3250 1401 3305 in
1449 3250 1658 3305 Monito
1706 3250 1775 3305 ad
1832 3250 2125 3308 Homiliam
2172 3252 2259 3308 cui
2309 3250 2534 3318 titulus,
2588 3250 2722 3307 Cum
2763 3250 3035 3321 presbyter
3081 3249 3183 3318 fuit
3227 3247 3523 3313 ordinatus,

267 3391 440 3448 Tomo
473 3391 514 3446 l.

339 3534 564 3607 Aliquot
595 3533 761 3606 igitur
786 3536 946 3593 annis
975 3548 1267 3609 antequam
1297 3536 1562 3594 Homilias
1592 3537 1685 3607 67,
1716 3553 1838 3609 quae
1864 3538 2198 3609 praecedunt,
2230 3540 2475 3605 haberet,
2526 3539 2629 3597 hos
2662 3539 2959 3596 Sermones
3006 3540 3257 3605 dixerat,
3290 3540 3377 3594 ubi
3407 3540 3529 3609 plu—
3610 3528 3613 3533 ’

271 3678 414 3734 rima
440 3676 646 3747 passim
672 3677 1094 3746 animadvertas,
1128 3692 1250 3748 quae
1288 3677 1479 3734 iisdem
1510 3692 1652 3748 saape
1697 3678 1878 3734 verbis
1904 3678 1960 3733 in
1994 3678 2245 3733 Homiliis
2288 3678 2394 3733 illis
2437 3677 2837 3735 observantur:
2888 3678 3030 3734 unde
3071 3678 3303 3734 fortasse
3335 3678 3532 3733 dixerit

271 3815 548 3887 quispiam
575 3816 674 3874 hos
700 3815 992 3873 Sermones
1014 3818 1069 3872 in
1092 3819 1275 3873 fronte
1300 3816 1528 3886 hujusce
1557 3816 1715 3873 Tomi
1742 3827 1795 3873 et
1819 3826 1947 3873 ante
1975 3815 2239 3874 Homilias
2282 3817 2542 3874 locandus
2576 3818 2767 3884 fuisse,
2808 3828 2868 3873 ut
2896 3820 3157 3889 temporis
3185 3819 3319 3874 ordo
3344 3832 3532 3873 serva-

274 3961 452 4010 retur.
481 3952 682 4011 Verum
705 3955 1000 4011 maluimus
1038 3955 1369 4011 Frontonem
1403 3954 1662 4010 Ducazum
1687 3954 1844 4025 sequi
1873 3962 1928 4009 et
1957 3963 2167 4009 tantum
2194 3953 2326 4008 illud
2353 3968 2553 4023 corpus
2582 3952 2940 4010 Homiliarum
2968 3954 3124 4009 initio
3146 3954 3343 4019 locare,
3368 3968 3528 4023 quam

273 4093 445 4149 hosce
470 4094 733 4164 pauculos
758 4101 812 4150 et
839 4094 1128 4164 perbreves
1154 4092 1464 4149 Sermones.
1488 4093 1571 4148 Ad
1602 4092 1719 4148 haec
1757 4101 1935 4148 autem
1960 4092 2151 4149 Sermo
2183 4106 2385 4158 nonus,
2426 4090 2522 4162 qui
2550 4107 2742 4162 agmen
2782 4091 3007 4158 claudit,
3040 4106 3149 4146 non
3201 4091 3364 4147 modo
3412 4098 3537 4159 post

274 4229 416 4286 alios
440 4237 586 4298 octo,
610 4228 706 4286 sed
733 4230 893 4285 etiam
927 4240 1049 4299 post
1086 4226 1347 4285 Homilias
1377 4228 1554 4284 dictus
1591 4236 1692 4282 est.

346 4368 467 4428 Etsi
496 4384 660 4441 porro
688 4367 745 4424 hi
782 4367 1074 4423 Sermones
1097 4367 1239 4421 inter
1260 4366 1464 4436 primas
1488 4361 1869 4437 Chrysostomi
1922 4363 2211 4422 conciones
2248 4371 2619 4431 numerentur,
2656 4363 2709 4418 in
2748 4363 2872 4419 .illis
2913 4378 3021 4418 non
3067 4362 3229 4419 modo
3277 4362 3537 4435 eloquen-

278 4505 416 4561 tiam
449 4512 503 4561 et
538 4504 869 4561 inventionis
896 4502 1214 4558 felicitatem
1248 4502 1555 4570 admireris,
1602 4518 1724 4574 quae
1772 4500 1828 4556 in
1882 4503 2094 4559 caeteris
2152 4504 2408 4558 omnibus
2454 4502 2574 4574 ejus
2620 4502 2877 4571 operibus
2935 4501 3182 4571 elucent;
3237 4504 3335 4560 sed
3373 4505 3537 4560 etiam

275 4642 688 4703 animadvertas
719 4649 982 4712 quantum
1009 4640 1079 4695 ad
1106 4647 1581 4709 extemporaneam
1623 4638 2072 4695 declamationem
2129 4654 2347 4711 semper
2393 4651 2741 4711 comparatus
2788 4641 2955 4698 fuerit
3001 4652 3184 4700 tantus
3232 4644 3453 4715 artifex,
3485 4655 3539 4702 et

276 4796 448 4854 quam
477 4779 545 4834 ad
579 4793 668 4834 res
692 4775 1045 4848 quantumvis
1078 4776 1388 4845 inopinatas
1414 4776 1557 4847 stylo
1589 4756 1994 4848 persequendas
2017 4786 2214 4848 praesto
2249 4777 2435 4835 fuerit.
2480 4777 2594 4836 Hoc
2638 4797 2749 4838 uno
2791 4798 2905 4837 rem
2944 4783 3192 4855 exemplo
3230 4786 3536 4855 percipias:

276 4916 336 4972 in
375 4915 641 4972 Sermone
669 4923 867 4985 quarto
895 4928 1048 4968 num.
1079 4913 1135 4980 5,
1165 4927 1286 4968 cum
1332 4914 1628 4970 accedente
1678 4915 2118 4985 nocte__lucernae
2147 4916 2391 4974 ecclesia
2428 4919 2877 4985 accenderentur,
2919 4920 3223 4989 auditores,
3270 4923 3476 4978 aversis
3507 4940 3538 4978 ιι

275 5058 671 5116 concionatore
700 5061 896 5129 oculis,
920 5061 987 5118 ad
1019 5062 1269 5119 lucernas
1308 5076 1367 5118 se
1400 5070 1725 5119 convertunt
1758 5078 1773 5117 :
1805 5062 1934 5118 hinc
1961 5061 2051 5120 ille
2088 5062 2271 5119 statim
2303 5078 2495 5119 eorum
2529 5066 2836 5121 socordiam
2870 5065 3063 5136 carpit,
3101 5074 3156 5121 et
3188 5061 3360 5121 multa
3391 5066 3538 5119 haud

274 5195 447 5252 dubie
479 5196 778 5268 imparatus
807 5199 943 5257 dixit
970 5200 1253 5273 przeclare,
1284 5216 1348 5258 ac
1379 5202 1426 5258 si
1465 5217 1580 5258 rem
1615 5204 1910 5261 meditatus
1953 5204 2302 5273 accessisset,
2341 5205 2434 5277 qui
2473 5213 2655 5263 tamen
2698 5205 2814 5262 haec
2852 5207 3149 5277 praevidere
3191 5207 3341 5264 nullo
3375 5210 3538 5266 modo

278 5351 556 5415 potuerat.

354 5477 528 5537 Primi
560 5479 843 5539 Sermonis
878 5484 1380 5556 interpretationem
1410 5501 1605 5543 novam
1655 5488 2127 5559 concinnavimus,
2176 5491 2304 5562 quia
2352 5492 2554 5548 veteris
2596 5489 2908 5562 lnterpretis
2943 5490 3125 5547 versio
3160 5505 3268 5547 non
3316 5488 3537 5547 ferenda

276 5620 422 5672 erat.
454 5615 808 5691 Reliquorum
840 5620 1215 5693 interpretatio
1249 5632 1333 5680 est
1366 5623 1663 5681 Frontonis
1697 5624 1904 5693 θυρεοὶ,
1937 5640 2101 5696 quam
2134 5626 2322 5684 multis
2355 5626 2410 5683 in
2440 5626 2575 5685 locis
2609 5626 3015 5698 castigavimus.
