4028 6360
231 373 331 431 581

750 480 976 542 SERMO
1029 480 1302 548 PRIMUS,

238 620 464 677 Habitus
493 612 546 674 in
589 619 839 690 principio
879 615 1293 688 Quadragesima:
1333 614 1387 666 in
1412 611 1563 675 illud,
1598 610 1651 664 in
1682 608 1824 678 prin-

308 711 453 783 cipio
484 710 608 765 fecit
641 709 779 763 Deus
816 708 1005 763 caelum
1033 715 1089 762 et
1125 715 1318 760 terram
1344 702 1492 775 (Gen.
1546 703 1596 755 1.
1630 700 1680 770 1)
1708 716 1723 763 ;
1765 714 1824 751 ac

310 804 376 857 de
391 803 593 876 jejunio
623 810 668 855 et
698 801 1010 870 eleemosyna
1043 798 1138 869 (a).

318 936 375 990 1.
405 933 673 1005 Jejunium
715 931 819 986 ueri
847 938 1189 1001 comparatur.
1236 958 1306 969 —
1330 924 1627 983 iucundum
1656 923 1829 978 nautis

238 1035 325 1084 est
344 1042 441 1082 ver
469 1068 486 1094 ,
508 1023 801 1095 jucundum
832 1022 1113 1095 agricolis;
1138 1020 1233 1077 sed
1261 1034 1433 1090 neque
1461 1018 1634 1072 nautis
1659 1028 1833 1085 neque

240 1117 492 1189 agricolis
514 1116 585 1171 ita
609 1113 900 1185 jucundum
925 1128 1019 1168 ver
1056 1121 1159 1179 est,
1182 1120 1240 1167 ut
1262 1109 1563 1167 volentibus
1592 1106 1831 1178 philoso-

242 1210 401 1283 phari
438 1210 733 1280 jucundum
778 1218 861 1263 est
897 1205 1085 1277 jejunii
1135 1213 1366 1275 tempus,
1404 1202 1702 1257 animarum
1741 1213 1836 1253 ver

242 1303 565 1374 spirituaie,
618 1300 1001 1371 cogitationum
1048 1314 1174 1354 vera
1218 1294 1642 1366 tranquillitas‘.
1700 1290 1831 1345 Nam

244 1394 498 1466 agricolis
525 1408 619 1449 ver
666 1392 789 1448 ideo
810 1390 1103 1461 jucundum
1145 1397 1249 1452 est,
1302 1388 1424 1457 quia
1456 1395 1581 1440 tunc
1607 1396 1836 1439 corona-

246 1497 359 1543 tam
380 1486 564 1542 vident
591 1483 812 1539 ﬂoribus
840 1494 1033 1537 terram
1062 1522 1076 1545 ,
1101 1491 1156 1536 et
1185 1479 1471 1535 herbarum
1506 1475 1676 1531 comis
1697 1472 1842 1528 velut

247 1579 448 1633 amictu
480 1574 715 1645 undique
736 1582 981 1629 ornatam
1014 1590 1027 1625 :
1057 1572 1231 1626 nautis
1252 1572 1379 1624 item
1407 1583 1503 1623 ver
1525 1564 1839 1637 jucundum,

249 1668 374 1739 quia
405 1666 632 1721 marium
669 1665 825 1719 dorsa
852 1672 967 1718 tuto
996 1668 1217 1731 possunt
1244 1658 1467 1714 navibus
1495 1657 1724 1718 sulcare,
1754 1668 1843 1707 se-

249 1759 393 1815 datis
418 1772 614 1828 nempe
638 1755 902 1821 lluctibus,
927 1754 1193 1823 delphinis
1214 1751 1496 1822 tranquille
1516 1747 1843 1813 ludentibus,

250 1862 308 1907 et
327 1851 398 1907 ad
441 1851 558 1921 ipsa
588 1851 736 1904 navis
776 1849 944 1903 latera
974 1848 1288 1917 plerumque
1316 1840 1709 1898 exsilientibus.
1740 1836 1846 1892 No-

253 1941 340 1998 bis
371 1949 551 1996 autem
581 1938 875 2010 jucundum
900 1945 987 1992 est
1007 1935 1193 2006 jejunii
1230 1949 1345 1997 ver,
1372 1932 1497 2002 quia
1527 1929 1720 1984 ﬂuctus
1759 1941 1848 1981 no-

254 2032 363 2096 bis,
395 2046 503 2086 non
539 2029 821 2096 undarum,
866 2026 962 2082 sed
992 2025 1347 2081 absurdorum
1377 2031 1619 2077 motuum
1649 2032 1848 2074 concu-

259 2123 753 2197 piscentiarumque
787 2120 997 2185 sedare,
1030 2128 1084 2173 et
1114 2132 1366 2174 coronam
1407 2114 1583 2181 nobis,
1612 2126 1718 2166 non
1748 2109 1848 2163 ilo-

258 2234 405 2287 rum,
454 2217 552 2273 sed
582 2215 875 2287 spiritualis
920 2212 1106 2285 gratiae
1162 2223 1342 2267 texere
1387 2209 1566 2265 solet:
1598 2206 1851 2261 Coronam

266 2312 554 2383 gratiarum
581 2351 595 2375 ,
643 2309 833 2380 inquit,
872 2309 1087 2378 accipies
1142 2305 1295 2376 capiti
1349 2313 1435 2357 tuo
1485 2302 1662 2373 (Prov.
1692 2302 1741 2354 Ι.
1771 2300 1852 2369 6).

264 2402 381 2458 Non
412 2403 492 2457 sic
517 2401 815 2456 adventans
842 2398 1072 2453 hirundo
1101 2397 1334 2452 hiemem
1359 2395 1498 2449 solet
1540 2393 1809 2462 depellere
1837 2431 1854 2457 ,

266 2503 327 2549 ut
349 2493 650 2548 adventans
676 2491 940 2561 jejunium
968 2489 1394 2544 turbulentorum
1423 2485 1585 2540 animi
1618 2493 1859 2538 motuum

267 2584 506 2639 hiemem
535 2597 565 2636 a
592 2581 750 2638 nobis
800 2580 963 2649 ejicit.
1006 2578 1121 2633 Non
1148 2578 1286 2631 ultra
1315 2591 1487 2646 pugna
1518 2574 1710 2629 anima:
1738 2586 1859 2626 cum

268 2690 459 2740 carne,
493 2688 602 2729 non
647 2672 876 2742 insurgit
901 2671 1159 2727 adversus
1202 2669 1471 2724 dominam
1502 2665 1735 2731 ancilla;
1766 2663 1862 2720 sed

272 2764 583 2835 hujusmodi
613 2764 666 2819 in
712 2778 939 2833 corpore
964 2771 1165 2817 motum
1192 2760 1387 2816 bellum
1413 2768 1581 2814 totum
1617 2758 1861 2814 solvitur.

272 2854 721 2925 Quandoquidem
749 2854 911 2924 igitur
963 2866 1154 2922 magna
1184 2850 1410 2905 fruimur
1435 2863 1563 2920 pace
1588 2890 1606 2915 ,
1634 2847 1865 2918 ingenti-

275 2965 384 3020 que
431 2946 859 3019 tranquillitate,
913 2960 1051 3016 age,
1100 2954 1156 2999 et
1211 2958 1309 2997 nos
1358 2957 1568 3013 quoque
1610 2940 1868 2997 doctrinae

278 3043 535 3113 scapham
567 3041 840 3097 trahamus
867 3083 882 3107 ,
935 3047 1096 3109 atque
1121 3053 1187 3093 ex
1217 3045 1373 3107 portu
1404 3037 1457 3090 in
1485 3036 1622 3090 bene
1653 3033 1867 3089 affecta-

280 3151 404 3191 rum
433 3133 643 3189 aurium
664 3141 964 3187 vestrarum
993 3138 1207 3200 portum
1232 3128 1677 3182 transmittamus.
1722 3125 1869 3195 Age,

282 3227 562 3284 subtiliora
601 3224 891 3295 Scriptura:
922 3237 1077 3278 sensa
1104 3220 1496 3291 aggrediamur,
1546 3233 1606 3273 ac
1625 3217 1693 3273 de
1716 3216 1869 3281 caelo,

285 3320 355 3374 de
382 3328 523 3375 terra
546 3359 561 3385 ,
592 3317 661 3373 de
688 3316 846 3382 mari,
870 3314 1043 3385 deque
1065 3320 1173 3367 tota
1194 3326 1374 3366 rerum
1418 3318 1611 3364 natura
1633 3308 1874 3378 philoso-

288 3414 556 3485 phemur:
585 3410 703 3465 haec
748 3409 944 3479 quippe
993 3404 1149 3461 nobis
1196 3402 1358 3458 hodie
1407 3404 1547 3456 lecta
1596 3408 1741 3455 sunt.
1769 3396 1878 3455 Sed

288 3503 417 3576 quid
444 3502 513 3557 ad
542 3516 662 3566 nos,
694 3501 923 3571 inquies,
948 3496 1234 3552 creationis
1258 3493 1435 3549 ratio?
1460 3492 1540 3547 Ad
1570 3506 1671 3547 nos
1696 3490 1880 3561 utique

290 3597 544 3668 pertinet,
568 3593 772 3649 dilecti.
800 3592 930 3647 Nam
961 3592 1004 3645 si
1027 3606 1091 3645 ex
1123 3587 1485 3657 magnitudine
1509 3595 1562 3641 et
1583 3584 1881 3656 pulchritu-

291 3689 422 3744 dine
450 3699 814 3744 creaturarum
846 3684 1193 3755 proportione
1214 3680 1445 3751 quadam
1465 3679 1692 3734 Creator
1720 3691 1885 3748 agno-

295 3782 488 3845 scitur,
520 3787 719 3849 quanto
748 3777 919 3848 magis
948 3783 1245 3831 creatarum
1295 3787 1477 3828 rerum
1530 3769 1885 3841 pulchritudi-

296 3888 424 3927 nem
464 3870 990 3941 magnitudinemque
1014 3864 1518 3935 contemplabimur,
1549 3871 1699 3917 tanto
1718 3862 1886 3931 magis

298 3964 368 4020 ad
397 3964 566 4034 ipsius
585 3961 806 4033 Opiﬁcis
835 3960 1077 4014 notitiam
1100 3957 1447 4012 adducemur.

376 4055 786 4111 Maniclueorum
809 4060 855 4106 et
877 4050 1151 4105 Gentilium
1180 4062 1393 4101 errores.
1424 4076 1494 4084 —
1519 4043 1764 4114 Magnum
1792 4041 1889 4095 bo-

301 4164 434 4204 num
454 4156 538 4202 est
562 4159 723 4200 nosse
767 4142 892 4213 quid
920 4142 989 4203 sit
1011 4148 1275 4205 creatura,
1303 4135 1431 4207 quid
1461 4134 1719 4199 Creator;
1764 4132 1891 4204 quid

303 4256 467 4311 opus,
500 4236 626 4308 quid
647 4234 856 4306 Opifex.
883 4233 1016 4288 Nam
1043 4232 1088 4287 si
1120 4230 1234 4285 haec
1281 4236 1528 4284 accurate
1563 4226 1890 4296 distinguere

306 4333 516 4388 scirent
541 4329 781 4385 veritatis
807 4326 991 4382 hostes
1011 4368 1026 4392 ,
1056 4339 1162 4379 non
1193 4322 1372 4377 omnia
1401 4319 1811 4383 confunderent,
1832 4333 1895 4371 ac

306 4440 405 4481 sus
424 4423 596 4493 deque
626 4428 900 4476 verterent
932 4436 943 4472 :
973 4432 1079 4472 non
1109 4414 1251 4486 quod
1278 4415 1463 4471 stellas
1488 4421 1541 4467 et
1583 4411 1771 4466 czelum
1797 4408 1894 4464 de-

307 4514 589 4580 duxerint,
613 4522 669 4568 et
695 4520 893 4566 terram
918 4509 1205 4564 sublimem
1235 4505 1489 4569 fecerint;
1513 4502 1619 4558 sed
1643 4503 1895 4557 cxclorum

307 4611 515 4681 Regem
560 4623 593 4662 a
621 4607 770 4678 regio
817 4603 957 4660 solio
990 4601 1328 4657 deturbatum
1355 4613 1474 4653 cum
1500 4595 1695 4651 creatis
1739 4593 1900 4648 rebus

309 4698 719 4762 collocaverint,
751 4705 1055 4751 creaturam
1076 4706 1203 4749 vero
1228 4688 1524 4747 divinitatis
1551 4685 1768 4741 sedibus
1806 4683 1902 4738 bo-

311 4791 578 4849 tiorarint.
608 4790 666 4846 Si
709 4788 778 4844 de
804 4796 989 4842 natura
1010 4800 1189 4840 rerum
1218 4792 1364 4839 recte
1406 4781 1635 4837 scissent
1663 4778 1901 4848 philoso-

314 4884 474 4956 phari
505 4883 781 4938 Mauichmi
812 4922 827 4948 ,
873 4893 1163 4948 numquam
1203 4892 1341 4935 eam,
1372 4890 1493 4945 quae
1523 4890 1588 4927 ex
1634 4871 1802 4926 nihilo
1831 4870 1907 4923 fa-

313 4988 425 5043 cta,
458 4974 761 5046 coruptioni
787 4974 1040 5039 obnoxia,
1068 4970 1210 5024 ﬂuxa
1236 4978 1291 5022 et
1308 4966 1578 5021 mutabilis
1603 4971 1738 5030 erat,
1758 4960 1906 5031 quasi

315 5087 430 5127 non
472 5070 663 5125 factam
704 5068 1085 5124 honorasscnt.
1116 5063 1173 5119 Si
1206 5060 1275 5117 de
1332 5075 1511 5114 rerum
1544 5067 1734 5112 natura
1762 5061 1909 5109 recte

315 5165 559 5220 scissent
586 5160 894 5217 ratiocinari
920 5158 1169 5229 gentiles,
1194 5168 1300 5207 non
1328 5167 1357 5205 a
1385 5166 1514 5206 vero
1544 5150 1909 5204 aberrasscnt,

318 5270 500 5326 neque
519 5254 810 5309 coluissent
823 5251 1239 5317 adorassentque
1253 5252 1546 5299 creaturam
1566 5242 1740 5312 potius
1753 5253 1913 5309 quam

320 5353 657 5404 Creatorem.
700 5344 985 5401 Pulchrum
1014 5350 1098 5398 cst
1124 5340 1333 5405 caelum,
1391 5336 1484 5391 sed
1526 5336 1646 5391 ideo
1673 5343 1911 5390 creatum

326 5452 414 5500 est
440 5451 498 5495 ut
528 5441 783 5496 adut-ares
811 5437 1066 5508 Opiliccm
1101 5455 1113 5489 :
1144 5432 1369 5505 pulcher
1393 5430 1494 5492 sol,
1524 5428 1617 5483 sed
1648 5428 1768 5482 ideo
1806 5425 1914 5496 pul-

396 5618 413 5648 ι
453 5612 969 5684 ιιριιξῚ-Πωιᾳιιὶιιὶιαδ,
991 5625 1168 5663 ancora
1190 5607 1424 5674 ﬁdelium,
1451 5612 1495 5658 et
1518 5620 1634 5671 pons
1658 5605 1724 5655 ad
1748 5613 1913 5660 Deum.

330 5685 389 5733 ει
411 5676 654 5738 agricolis,
682 5676 778 5728 etc.

330 5690 389 5733 ει
411 5694 426 5725 ι
477 5690 654 5738 matrs,
682 5690 778 5728 etc.

328 5690 491 5865 [usui
706 5747 821 5792 sunt
862 5738 913 5789 hi
950 5744 1208 5789 sermones
1248 5746 1357 5785 cum
1394 5731 1562 5783 Codice
1608 5729 1753 5794 ttegio
1785 5727 1909 5780 2342

1493 364 1559 419 ΙΝ
1598 359 1895 420 GENESIM
1930 357 2157 415 SERMO
2194 358 2236 414 Ι.

3406 354 3510 413 582

1938 472 2066 529 cher
2096 482 2155 527 ut
2177 472 2325 527 colas
2344 470 2624 527 Factnrem
2653 471 2785 527 :sed
2812 470 2857 525 si
2888 471 2938 525 in
2969 469 3103 525 mira
3138 486 3317 525 rerum
3340 468 3509 525 forma

1932 563 2213 627 consistas,
2254 572 2308 618 et
2338 577 2524 617 earum
2572 561 2956 634 pulchritudini
2985 562 3271 630 inlimreas,
3302 561 3393 616 lux
3420 560 3513 616 tibi

1933 667 2089 708 versa
2118 660 2201 707 est
2244 653 2297 706 in
2324 652 2608 717 tenebras,
2636 652 2746 707 imo
2791 650 2971 722 potius
3011 651 3131 706 luce
3157 649 3226 705 ad
3260 650 3507 705 tenebras

1935 761 2065 800 usus
2084 760 2163 800 es.
2188 744 2355 800 Vides
2386 752 2642 815 quantum
2671 744 2867 800 bonum
2909 744 2979 799 sit
3003 759 3185 799 rerum
3212 752 3512 799 creatarum

1937 853 2099 893 nosse
2158 838 2425 893 rationes?
2468 837 2546 893 Ne
2610 838 2787 908 itaque
2833 837 3036 892 lucrum
3070 845 3395 906 praetereas,
3424 836 3518 891 sed

1937 930 2097 985 dictis
2126 938 2375 985 accurate
2395 930 2635 987 animum
2683 928 2879 984 adhibe
2904 946 2917 982 :
2952 944 3057 982 non
3084 930 3225 983 enim
3245 928 3312 983 de
3342 929 3475 983 caelo
3497 971 3511 992 ,

1937 1022 2004 1077 de
2032 1031 2193 1086 terra,
2220 1022 2287 1077 de
2311 1021 2444 1076 mari
2460 1028 2671 1079 tantum
2698 1020 2891 1076 dicturi
2919 1032 3123 1084 sumus,
3152 1018 3246 1075 sed
3272 1020 3431 1074 etiam
3456 1018 3523 1073 de

1939 1113 2146 1183 origine
2193 1123 2396 1176 nostra,
2427 1121 2585 1182 atque
2613 1111 2755 1166 unde
2783 1126 2931 1166 mors
2956 1122 3075 1165 orta
3103 1111 3211 1178 sit,
3241 1110 3383 1165 unde
3416 1111 3522 1162 vita

1942 1205 2228 1272 laboriosa,
2259 1205 2402 1260 unde
2434 1205 2646 1259 tristitia
2678 1214 2732 1259 et
2758 1202 3163 1259 sollicitudines.
3197 1201 3330 1257 Nam
3356 1212 3415 1256 ut
3456 1201 3526 1257 de

1945 1299 2030 1353 his
2056 1299 2227 1368 deque
2269 1298 2451 1353 multis
2487 1297 2606 1350 aliis
2636 1310 2755 1351 sese
2782 1303 3030 1365 purgaret
3064 1295 3226 1359 Deus,
3266 1293 3410 1348 hunc
3455 1292 3523 1347 ad

1945 1405 2044 1445 nos
2074 1391 2265 1444 librum
2292 1390 2436 1444 misit
2462 1406 2477 1443 :
2504 1403 2677 1458 neque
2705 1388 2848 1442 enim
2896 1398 3015 1442 sese
3040 1385 3333 1443 defendere
3377 1386 3520 1441 Deus

1946 1482 2280 1552 dedignatur,
2303 1482 2394 1536 sed
2416 1496 2512 1551 per
2529 1481 2840 1552 prophetam
2869 1479 3062 1534 clamat
3088 1498 3101 1534 :
3132 1479 3328 1544 Venite,
3357 1490 3402 1533 et
3425 1480 3530 1534 dis-

1948 1588 2199 1647 putemus,
2228 1577 2350 1630 dicit
2375 1574 2623 1630 Dominus
2666 1574 2815 1648 (Isai.
2842 1575 2894 1629 1.
2937 1573 3048 1645 18).
3083 1573 3191 1628 Nec
3229 1573 3390 1627 modo
3407 1588 3528 1627 sese

1950 1668 2189 1724 defendit
2216 1683 2279 1723 ac
2326 1666 2527 1737 judicio
2564 1665 2873 1732 contendit,
2905 1664 3000 1720 sed
3046 1665 3207 1720 etiam
3251 1663 3521 1735 quomodo

1950 1761 2449 1817 condemnationem
2480 1757 2663 1829 fugere
2688 1757 2955 1828 possimus
2980 1756 3139 1812 docet
3170 1773 3184 1809 :
3231 1770 3341 1811 non
3385 1754 3531 1811 enim

1953 1855 2125 1911 solum
2151 1852 2306 1918 dixit,
2340 1851 2534 1917 Venite,
2559 1861 2607 1907 et
2639 1851 2969 1922 disputemus,
3003 1848 3100 1905 sed
3124 1859 3407 1919 postquam
3426 1848 3531 1904 do-

1953 1947 2064 2002 cuit
2091 1945 2214 2016 quid
2241 1944 2556 2012 dicendum,
2585 1944 2711 2015 quid
2759 1942 3023 2014 agendum
3050 1949 3215 2009 esset,
3240 1942 3319 1996 sic
3341 1941 3409 1996 ad
3437 1942 3535 1996 tri-

1954 2038 2118 2093 bunal
2151 2038 2329 2093 traxit.
2353 2035 2490 2092 Audi
2512 2038 2691 2107 itaque
2723 2034 3094 2105 propheticum
3118 2048 3421 2088 sermonem
3444 2047 3539 2087 su-

1956 2129 2138 2199 perius
2176 2128 2439 2199 prolatum
2468 2145 2482 2180 :
2508 2126 2796 2191 Lavamini,
2829 2125 3196 2188 mundiestote,
3228 2128 3426 2195 auferte
3450 2142 3541 2179 ne-

1958 2220 2146 2290 quitias
2188 2220 2251 2274 ab
2275 2218 2539 2273 animabus
2577 2218 2755 2273 uestris
2779 2234 2796 2271 :
2821 2217 2998 2270 discite
3026 2217 3145 2270 bene
3178 2218 3344 2287 facere
3364 2258 3379 2281 ,
3403 2216 3546 2286 judi-

1960 2322 2071 2368 cate
2097 2314 2331 2383 pupillo,
2382 2322 2430 2367 et
2448 2312 2729 2385 justiﬁcate
2779 2311 2981 2364 viduam
3022 2308 3179 2382 (Ibid.
3229 2325 3278 2363 υ.
3321 2308 3452 2377 16);
3493 2318 3549 2363 ct

1962 2412 2092 2460 tunc
2118 2405 2228 2458 ait:
2266 2402 2462 2472 Venite,
2500 2412 2547 2457 et
2570 2402 2921 2472 disputemus,
2952 2401 3073 2455 dicit
3102 2400 3371 2455 Dominus.
3412 2398 3548 2454 Nolo

1964 2511 2085 2562 vos,
2126 2495 2317 2565 inquit,
2347 2494 2519 2549 nudos
2548 2502 2604 2549 et
2633 2491 2946 2549 defensione
2963 2506 3162 2546 vacuos
3182 2505 3417 2557 sumere,
3449 2488 3545 2543 sed

1968 2586 2257 2642 instructos
2277 2584 2559 2639 ratiocinio
2582 2591 2638 2638 et
2662 2582 2973 2638 defensione
3010 2580 3079 2635 ad
3112 2581 3375 2636 rationem
3428 2579 3553 2634 red-

1970 2679 2199 2736 dendam
2222 2692 2356 2735 voco
2387 2694 2401 2731 :
2434 2675 2699 2747 siquidem
2748 2673 3024 2729 vobiscum
3050 2672 3352 2742 disceptare
3393 2671 3515 2725 volo
3534 2712 3551 2736 ,

1972 2788 2081 2829 non
2112 2780 2167 2827 ut
2189 2769 2564 2835 condemnem,
2597 2766 2691 2823 sed
2722 2773 2782 2821 ut
2808 2780 3043 2836 parcam.
3075 2764 3164 2820 Sic
3205 2773 3259 2820 et
3288 2763 3396 2818 alio
3432 2763 3554 2818 loco

1973 2865 2101 2919 dicit
2132 2881 2145 2917 :
2176 2860 2274 2915 Dic
2318 2870 2373 2915 tu
2435 2860 2576 2931 prior
2625 2858 2912 2928 iniquitates
2961 2866 3107 2921 tuas,
3151 2864 3208 2909 ut
3262 2855 3561 2925 justiﬁceris

1976 2955 2137 3027 (lbid.
2173 2956 2261 3009 45.
2302 2951 2416 3026 26).
2470 2951 2646 3007 llabes
2673 2949 2927 3006 acerbum
2956 2958 3011 3004 et
3061 2947 3318 3003 immitem
3347 2961 3567 3003 accusa-

1978 3054 2147 3100 torem
2177 3062 2188 3098 :
2222 3042 2456 3113 praeveni
2482 3056 2625 3108 eum,
2656 3040 2831 3096 locum
2861 3039 3009 3110 prius
3037 3051 3261 3109 occupa,
3293 3050 3355 3093 os
3381 3035 3555 3107 impu-

1981 3139 2117 3196 dens
2154 3138 2364 3192 obtura.

2049 3231 2106 3289 Ω.
2131 3230 2270 3286 Deus
2296 3247 2384 3301 per
2405 3231 2575 3284 literas
2592 3229 2694 3300 agit
2714 3243 2829 3282 cum
2846 3224 3222 3296 homine.—(a)
3242 3223 3395 3278 Initio
3416 3232 3564 3279 certe

1984 3327 2127 3383 Deus
2163 3341 2261 3397 per
2298 3339 2356 3380 se
2381 3323 2691 3378 hominibus
2717 3320 3058 3392 loquebatur,
3090 3326 3343 3391 quantum
3362 3318 3566 3373 scilicet

1985 3417 2293 3474 hominibus
2312 3414 2496 3470 audire
2526 3412 2606 3468 fas
2633 3419 2736 3468 est.
2763 3411 2852 3468 Sic
2875 3410 3141 3467 Adamum
3166 3409 3316 3474 adiit,
3341 3409 3421 3464 sic
3442 3408 3566 3464 Cai-

1986 3524 2115 3565 num
2162 3506 2489 3578 increpavit;
2520 3504 2601 3560 sic
2627 3519 2753 3561 cum
2791 3503 2903 3559 Noe
2932 3503 3195 3573 loquutus
3218 3509 3303 3557 est
3328 3517 3343 3568 ;
3375 3501 3454 3555 sic
3498 3499 3567 3554 ab

1988 3602 2295 3657 Abrahamo
2338 3597 2572 3668 hospitio
2617 3603 2917 3667 susceptus.
2949 3594 3149 3650 Verum
3198 3593 3320 3664 quia
3380 3601 3570 3648 natura

1991 3700 2171 3747 nostra
2194 3689 2263 3744 ad
2284 3689 2478 3743 malum
2503 3687 2809 3753 declinavit,
2838 3693 2894 3741 et
2936 3683 3091 3756 quasi
3119 3684 3173 3739 in
3222 3683 3573 3753 longinquum

1992 3782 2239 3839 exsilium
2258 3780 2494 3850 seipsam
2525 3777 2799 3834 transtulit
2825 3793 2840 3843 ;
2870 3774 3087 3832 demum
3107 3773 3200 3829 ille
3222 3773 3401 3840 nobis,
3423 3773 3578 3842 quasi

1993 3874 2205 3944 longam
2232 3869 2720 3942 peregrinationem
2740 3866 3158 3938 susceperimus,
3185 3865 3369 3921 literas
3391 3864 3576 3927 mittit,

1996 3965 2147 4035 quasi
2174 3978 2270 4033 per
2294 3961 2578 4032 epistolam
2606 3958 2885 4014 nobiscum
2905 3966 3143 4013 veterem
3165 3970 3429 4012 reuovans
3450 3955 3584 4009 ami-

1997 4055 2198 4110 citiam.
2223 4050 2538 4123 iiujusmodi
2568 4051 2751 4107 literas
2773 4050 2920 4105 misit
2948 4049 3111 4115 Deus,
3142 4047 3318 4102 attulit
3348 4047 3559 4118 Moyses

1999 4146 2138 4219 Quid
2166 4147 2345 4202 ferunt
2390 4144 2601 4199 literae?
2625 4142 2691 4197 In
2712 4142 2961 4213 principio
3013 4141 3132 4211 fecit
3162 4140 3299 4196 Deus
3317 4140 3500 4195 etelum
3537 4150 3585 4192 et

2001 4248 2188 4294 terram
2241 4236 2407 4311 (Gen.
2461 4236 2573 4297 Li
2604 4236 2644 4306 ).
2686 4234 2807 4294 Cur
2848 4249 2955 4288 non
3010 4233 3078 4288 de
3125 4232 3328 4303 angelis
3383 4232 3470 4287 vel
3515 4231 3585 4285 de

2004 4332 2341 4403 archangelis
2388 4330 2621 4400 loquitur
2669 4328 2868 4383 nobis?
2914 4326 3051 4383 Nam
3103 4326 3149 4382 si
3199 4340 3267 4381 ex
3321 4325 3583 4381 creaturis

2005 4426 2229 4482 Creator
2286 4425 2651 4495 conspicitur,
2706 4421 2875 4477 multo
2929 4420 3097 4491 magis
3153 4434 3226 4475 ex.
3269 4419 3376 4475 illis
3432 4418 3587 4474 nosci

2010 4518 2201 4589 potuit.
2231 4516 2520 4572 Pulchrum
2550 4523 2633 4570 est
2657 4515 2869 4580 cmlum,
2893 4512 2989 4568 scd
3025 4527 3151 4571 non.
3185 4512 3257 4568 ita
3300 4511 3586 4585 pulchrum

2009 4622 2067 4667 ut
2095 4610 2348 4680 angelus;
2378 4608 2690 4678 splendidus
2722 4607 2825 4675 sol,
2851 4606 2945 4661 sed
2967 4619 3074 4661 non
3103 4605 3173 4659 ita
3203 4604 3515 4676 splendidus
3537 4615 3595 4658 ut

2011 4705 2385 4775 archangelus.
2411 4703 2517 4758 Cur
2567 4703 2743 4771 itaque
2762 4700 3077 4756 sublimiore
3100 4698 3321 4754 dimissa
3352 4695 3432 4752 via
3450 4737 3467 4764 ,
3498 4711 3601 4766 per

2012 4798 2350 4853 humiliorem
2383 4809 2485 4850 nos
2509 4794 2673 4849 ducit.
2695 4793 2827 4859 Quia
2853 4807 2975 4847 cum
3001 4790 3200 4847 ludatis
3227 4790 3482 4859 loquitur,
3500 4789 3591 4857 qui

2014 4889 2290 4947 intellectu
2318 4888 2494 4943 minus
2526 4884 2966 4947 instructitcrant,
2990 4883 3078 4953 qui
3110 4880 3397 4936 sensilibus
3427 4879 3595 4935 haere-

2015 4985 2167 5049 bant,
2199 4982 2289 5053 qui
2336 4997 2399 5037 ex
2444 4980 2679 5050 [Egypto
2710 4993 2880 5047 nuper
2905 4975 3143 5045 egressi,
3178 4973 3266 5027 ubi
3296 4971 3553 5027 crocodili
3580 5014 3596 5035 ,

2018 5093 2200 5143 canes,
2244 5075 2412 5131 simiae
2437 5075 2505 5129 ab
2544 5072 2848 5128 hominibus
2898 5070 3227 5131 colebantur,
3264 5080 3362 5119 nec
3407 5063 3604 5120 licebat

1998 5170 2331 5227 sublimiore
2382 5171 2464 5222 via
2509 5167 2629 5222 illus
2691 5165 2757 5219 ad
2797 5159 3374 5219 Creatorcmducere.
3415 5156 3599 5211 Subli-

2002 5262 2160 5319 mior
2211 5260 2394 5329 utique
2442 5260 2525 5312 via
2566 5258 2667 5311 illa.
2695 5263 2832 5320 erat,
2882 5253 2973 5309 sed
3023 5252 3303 5322 asperior,
3336 5258 3604 5319 praerupta

2020 5364 2075 5410 ct
2097 5352 2258 5408 ardua
2286 5349 2687 5407 infirmioribus.
2714 5347 2837 5402 Ideo
2864 5346 2979 5401 illos
3001 5359 3094 5414 per
3114 5341 3407 5397 faciliorem
3439 5340 3602 5404 ducit,

2024 5462 2118 5516 per
2148 5445 2333 5500 caelum
2361 5483 2376 5508 ,
2400 5451 2617 5508 terram,
2648 5452 2813 5503 mare,
2842 5446 3139 5505 cmteraquc
3161 5430 3389 5487 visibilia
3408 5440 3604 5486 creata.

2088 5599 2159 5659 (a)
2195 5604 2304 5659 Haec
2319 5595 2490 5659 iisdem
2513 5605 2639 5656 pene
2662 5592 2828 5641 verbis
2847 5591 3001 5659 babes
3014 5602 3158 5659 supra
3183 5583 3430 5659 [tomiliai
3450 5585 3501 5655 in
3518 5590 3607 5659 (ge:

2024 5646 2180 5710 nesit'n
2203 5658 2295 5707 col.
2320 5656 2381 5707 28
2414 5664 2466 5706 et
2486 5646 2625 5719 seqq.
2652 5668 2664 5703 :
2690 5660 2803 5719 sunt
2827 5652 2973 5719 etiam
2996 5646 3089 5699 alia
3104 5650 3252 5719 multa
3268 5649 3445 5719 passim
3471 5648 3525 5719 it;
3536 5646 3611 5719 his

2024 5707 2352 5778 sermonibus,
2376 5731 2486 5782 quae
2524 5707 2696 5769 eadem
2714 5717 2816 5779 ipsa
2848 5713 3091 5765 habentur
3129 5714 3179 5763 in
3212 5707 3442 5763 Hc'miiiis.
3495 5710 3621 5757 Πυα-

2025 5785 2251 5837 Monitum
2274 5794 2435 5845 supra.
