4028 6360
484 419 592 476 583
1244 401 1302 457 S.
1341 396 1618 455 JOANNIS
1652 385 2132 449 CllliYSOSTOMI
2172 383 2489 441 ARCHIEP.
2532 378 3062 437 CONSTANTINOP.
3665 369 3775 425 534

484 551 637 623 Quod
670 554 847 602 autem
874 543 989 597 hare
1012 554 1139 595 vera
1160 538 1227 592 sit
1256 549 1441 600 causa,
1464 532 1587 587 audi
1612 529 1903 600 quomodo,
1934 537 2070 597 post-

487 621 647 716 quam
688 638 898 709 paulum
937 632 1278 703 profecerant
1301 630 1341 693 ¹,
1386 625 1643 695 propheta
1670 623 1735 677 de
1765 621 1868 675 illis
1892 633 2076 686 super-

489 709 575 792 nis
605 730 885 788 virtutibus
914 728 1177 795 loquatur.
1208 720 1439 774 Laudate
1471 716 1768 777 Dominum,
1795 710 1982 781 inquit,
2015 709 2078 760 de

490 826 629 883 cadis
654 866 669 890 ,
700 824 902 878 laudate
954 834 1066 873 eum
1107 816 1161 869 in
1214 812 1464 868 excelsis:
1502 808 1708 863 laudate
1752 820 1866 857 eum
1909 818 2079 855 omnes

487 918 655 988 angeli
696 916 827 982 eius,
858 912 1065 967 laudate
1091 925 1205 963 eum
1234 920 1403 960 omnes
1434 903 1639 956 virtutes
1661 900 1770 968 ejus
1796 914 1813 951 :
1844 895 2082 964 quoniam

490 1014 599 1083 ipse
626 1008 776 1071 dixit,
805 1015 850 1062 et
881 1008 1016 1077 facta
1042 1011 1157 1057 sunt
1180 1017 1198 1066 ,'
1223 1000 1328 1069 ipse
1356 994 1613 1049 mandavit
1637 1034 1650 1057 ,
1682 1001 1726 1044 et
1770 998 1938 1043 creata
1967 996 2083 1041 sunt

490 1079 521 1175 (⁷
544 1101 690 1157 Psal.
717 1099 841 1155 us.
876 1094 1008 1153 1.2.
1043 1094 1075 1149 5
1096 1092 1138 1165 ).
1170 1091 1237 1145 Et
1255 1088 1380 1159 quid
1407 1087 1596 1141 mirum
1622 1084 1663 1136 si
1695 1083 1745 1135 in
1778 1079 1957 1135 Veteri
1983 1079 2083 1133 Te.

491 1174 761 1253 etamento
797 1192 884 1245 hic
908 1188 1172 1243 doctrinm
1220 1182 1412 1239 modus
1442 1180 1706 1248 reperitur
1731 1219 1743 1241 ,
1773 1190 1897 1230 cum
1923 1174 2083 1228 etiam

494 1290 549 1346 in
576 1286 725 1343 Novo
754 1325 769 1350 ,
794 1281 1008 1353 quando
1033 1277 1405 1334 sublimiorum
1434 1273 1874 1327 documentorum
1894 1268 1914 1298 ²
1946 1275 2086 1320 tem-

495 1395 599 1453 pus
627 1387 762 1442 erat,
792 1390 913 1430 cum
952 1368 1369 1428 Atheniensibus
1416 1365 1641 1434 loquens
1667 1360 1865 1415 Paulus
1890 1401 1904 1425 ,
1935 1372 2085 1413 earn-

496 1448 619 1530 dem
652 1469 880 1526 tenuerit
906 1468 1071 1528 viam,
1101 1477 1259 1533 quam
1300 1458 1514 1529 Moyses
1543 1470 1663 1510 cum
1694 1452 1907 1509 Judaeos
1940 1448 2089 1503 insti-

499 1564 717 1622 tueret?
748 1561 929 1630 Neque
962 1557 1106 1614 enim
1150 1555 1219 1609 de
1272 1551 1475 1621 angelis
1532 1548 1705 1617 deque
1756 1542 2089 1611 archange'tis

499 1670 804 1714 sermonem
830 1653 985 1708 fecit:
1013 1648 1105 1704 sed
1127 1648 1195 1703 de
1222 1645 1375 1707 caelo,
1398 1642 1466 1697 de
1496 1651 1658 1705 terra,
1676 1646 1729 1693 et
1749 1636 1815 1691 de
1838 1636 1991 1699 mari,
2020 1635 2090 1685 ita

502 1750 849 1806 concionatus
875 1763 888 1798 :
922 1744 1062 1796 Deus
1090 1740 1176 1811 qui
1200 1738 1318 1808 fecit
1347 1734 1613 1797 mundum,
1640 1740 1688 1784 et
1717 1728 1887 1783 omnia
1908 1739 2020 1795 qua:
2039 1724 2093 1776 in

503 1858 562 1897 eo
588 1847 743 1895 sunt:
768 1837 849 1890 hic
878 1834 988 1889 ειυιὶ
1014 1842 1060 1886 et
1085 1842 1231 1885 terrae
1251 1844 1367 1881 cum
1394 1826 1457 1880 sit
1483 1823 1748 1887 Dominus,
1772 1835 1873 1873 non
1896 1819 1950 1870 in
1980 1832 2091 1868 ma-

503 1931 729 2006 nufactis
755 1926 953 1998 Wplis
982 1925 1173 1979 habitat
1229 1922 1248 1991 (
1284 1921 1394 1973 Act.
1424 1919 1511 1972 17.
1541 1916 1613 1971 24
1635 1916 1675 1985 ).
1726 1914 1794 1967 At
1973 1908 2096 2006 Phi-

504 2000 776 2095 lippenses
798 2019 875 2089 (a)
903 2016 1275 2087 alloquebatur
1296 2053 1311 2078 ,
1358 2025 1464 2065 non
1498 2009 1599 2062 hac
1641 2006 1761 2060 illos
1791 2004 1872 2056 via
1901 2000 2093 2065 duxit;

505 2094 601 2173 sed
622 2116 691 2171 ad
720 2113 1085 2170 sublimiorem
1117 2108 1234 2162 illos
1262 2105 1575 2160 concionem
1601 2095 1851 2169 provehit
1880 2094 1964 2147 his
1978 2108 2099 2147 ver-

504 2209 588 2262 bis
618 2223 631 2260 :
671 2205 926 2273 Quoniam
950 2203 1003 2255 in
1029 2202 1138 2269 ipso
1159 2207 1329 2251 creata
1379 2203 1492 2247 sunt
1518 2192 1747 2244 universa
1773 2201 1887 2255 qua:
1911 2190 1965 2237 in
1996 2198 2097 2236 ca:-

510 2301 575 2352 lis
598 2308 643 2351 et
666 2312 778 2367 qua:
801 2297 853 2348 in
876 2304 1007 2346 terra
1028 2333 1042 2355 ,
1068 2293 1168 2344 sive
1193 2289 1361 2340 throni
1387 2328 1400 2350 ,
1431 2287 1532 2337 sive
1572 2280 1962 2344 dominationes,
2000 2277 2101 2328 sive

509 2390 850 2461 principatus,
875 2385 975 2436 sive
1003 2390 1303 2452 potestates:
1326 2376 1497 2429 omnia
1528 2390 1614 2443 per
1642 2373 1807 2439 ipsum
1836 2378 1882 2422 et
1912 2370 1965 2421 in
1989 2368 2100 2435 ipso

510 2489 679 2531 creata
707 2488 825 2531 sunt
852 2474 871 2546 (
899 2473 1094 2528 Coloss.
1132 2470 1271 2525 1.16
1299 2470 1340 2539 ).
1375 2467 1463 2521 Sic
1488 2474 1542 2519 et
1565 2465 1797 2519 Joannes
1828 2462 1949 2531 quia
1976 2474 2099 2529 per-

520 2570 774 2624 fectiores
803 2566 989 2619 habuit
1031 2562 1338 2630 discipulos,
1360 2559 1657 2612 universam
1690 2553 1848 2607 simul
1875 2552 2104 2606 creatio-

519 2675 643 2716 nem
667 2656 1124 2714 commemoravit.
1182 2652 1298 2707 Non
1330 2650 1470 2705 enim
1502 2648 1655 2711 dixit,
1683 2647 1870 2700 cmlum
1901 2652 1956 2698 et
1998 2654 2105 2697 ter-

514 2762 624 2806 tam
651 2762 705 2806 et
727 2764 894 2815 mare,
926 2746 1043 2814 sed,
1072 2744 1257 2799 Omnia
1284 2758 1371 2812 per
1396 2742 1565 2810 ipsum
1595 2741 1730 2809 facta
1752 2748 1903 2803 sunt,
1933 2748 1977 2789 et
2001 2737 2109 2789 sine

515 2845 630 2914 ipso
679 2841 873 2912 factum
918 2848 991 2893 est
1036 2836 1168 2891 nihil
1198 2833 1332 2906 quod
1361 2836 1552 2904 factum
1581 2829 1689 2901 est(
1715 2828 1874 2883 Joan.
1901 2829 1950 2880 l.
1978 2829 2012 2882 5
2037 2826 2054 2896 )
2082 2844 2096 2889 ;

522 2936 639 2991 sive
668 2933 879 2987 visibile
906 2973 921 2997 ,
948 2930 1154 2999 inquit,
1198 2927 1267 2981 sit
1293 2966 1310 2989 ,
1338 2926 1450 2979 sive
1479 2922 1762 2977 invisibile.
1792 2920 1939 2975 Sicut
1965 2920 2107 2973 enim

524 3025 664 3096 apud
691 3023 1111 3092 ludimagistros,
1143 3020 1280 3073 alius
1307 3016 1540 3087 puellum
1569 3029 1598 3067 a
1625 3024 1795 3068 matre
1824 3013 2107 3079 accipiens,

521 3120 695 3189 prima
736 3117 906 3185 ipsum
932 3114 1092 3167 docet
1114 3110 1413 3172 elementa;
1443 3107 1580 3160 alius
1605 3105 1797 3160 deinde
1818 3104 2109 3172 excipiens,

520 3207 843 3277 discipulum
868 3204 936 3260 ad
958 3203 1269 3259 sublimiora
1297 3200 1617 3255 documenta
1660 3195 1903 3267 provehit
1930 3212 1945 3249 :
1988 3194 2058 3248 ita
2082 3209 2112 3248 a

525 3302 708 3371 Moyse
736 3296 974 3354 etPaulo
1007 3305 1061 3350 et
1087 3293 1293 3350 Joanne
1341 3300 1516 3347 actum
1559 3299 1659 3345 eSt.
1715 3287 1921 3358 Moyses
1972 3286 2113 3341 enim

528 3398 771 3469 ignaram
800 3394 1038 3450 omnium
1068 3400 1125 3447 et
1162 3404 1332 3460 nuper
1374 3388 1690 3443 ablactatam
1731 3392 1970 3437 naturam
2016 3396 2116 3434 no-

525 3499 691 3543 stram
719 3488 889 3559 prima
910 3484 1104 3539 divina:
1121 3480 1441 3552 cognitionis
1457 3479 1719 3533 elementa
1734 3474 1932 3529 docuit.
1954 3472 2115 3528 Joan-

526 3596 626 3635 nes
646 3588 825 3635 autem
856 3586 911 3633 et
945 3576 1162 3641 Paulus,
1186 3573 1337 3644 quasi
1365 3587 1394 3625 a
1424 3568 1792 3640 Iudimagistro
1819 3576 2067 3635 acceptos
2087 3581 2115 3619 a

526 3671 729 3743 Moyse,
761 3669 1007 3724 homines
1032 3666 1097 3721 ad
1128 3665 1434 3721 sublimiora
1462 3662 1778 3717 documenta
1825 3658 2114 3723 deducunt,

529 3766 710 3836 priora
753 3771 935 3818 tamen
990 3762 1170 3832 paucis
1203 3764 1705 3814 commemorantes.
1746 3752 1937 3808 Vidisti
1983 3752 2118 3805 utri-

529 3874 701 3929 usque
725 3856 1059 3912 Testamcnti
1110 3853 1424 3908 affinitatem
1452 3851 1476 3903 ?
1510 3849 1687 3903 vidisti
1715 3860 2034 3902 consensum
2066 3844 2118 3897 in

534 3950 916 4012 documentis?
968 3948 1177 4005 Audisti
1230 3946 1285 4000 in
1337 3943 1519 3998 Veteri
1573 3940 1901 3996 sensibilium
1940 3952 2119 3992 rerum

533 4048 886 4111 creationem,
916 4050 971 4100 et
998 4041 1067 4096 de
1111 4035 1478 4110 spiritualibus
1521 4033 1773 4088 Davidcm
1813 4031 2118 4084 dicentem:

534 4139 659 4209 Ipse
678 4137 837 4202 dixit,
867 4145 914 4189 et
946 4137 1079 4205 facta
1107 4141 1223 4184 sunt
1253 4129 1272 4199 (
1306 4126 1452 4182 Psnl.
1485 4126 1571 4181 52.
1602 4124 1636 4180 9
1662 4126 1679 4192 )
1701 4125 1725 4176 ?
1745 4123 1834 4177 Sic
1862 4123 2049 4177 iterum
2071 4125 2121 4175 in

534 4230 708 4296 Novo,
738 4238 1019 4299 postquam
1040 4225 1238 4279 dictum
1267 4231 1347 4277 est
1375 4219 1441 4275 de
1464 4216 1816 4272 invisibilibus
1842 4216 2126 4285 potestati-

536 4325 657 4389 bus,
690 4324 849 4379 etiam
878 4320 945 4376 de
977 4328 1219 4375 creatura
1269 4313 1507 4370 sensibili
1561 4327 1741 4366 sermo
1782 4311 2026 4365 habetur.
2058 4309 2127 4363 In

538 4414 790 4487 principio
827 4412 942 4483 fecit
980 4410 1116 4465 Deus
1143 4408 1324 4463 etelum
1358 4414 1405 4460 et
1446 4415 1650 4457 terram.
1684 4402 1873 4457 Sermo
1912 4401 2124 4471 quidem

540 4505 727 4561 brevis
752 4513 807 4557 et
827 4502 1077 4571 simplex,
1097 4514 1161 4554 ac
1188 4499 1385 4554 dictum
1418 4511 1578 4549 nntnn
1606 4534 1622 4560 ,
1652 4494 1743 4547 sed
1776 4492 1914 4563 quod
1937 4507 2127 4547 omnes

542 4596 976 4654 adversariorum
1015 4603 1188 4649 turres
1241 4592 1555 4646 subvertere
1603 4589 1789 4659 possit.
1845 4587 1941 4641 llic
1971 4602 2126 4641 men-

544 4700 655 4747 tem
683 4690 898 4745 adhibe.

616 4780 892 4836 Manichaei
938 4780 1194 4833 veritatem
1222 4775 1470 4829 mendacii
1508 4781 1772 4827 accusant.
1798 4801 1870 4811 —
1898 4769 2121 4825 Accedit

544 4875 873 4933 Manichacus
897 4872 1102 4938 dicens,
1132 4870 1347 4924 Materia
1381 4884 1486 4921 non
1520 4865 1661 4920 facta
1706 4864 1835 4917 fuit:
1857 4862 2125 4931 responde

549 4968 625 5021 illi
657 4985 669 5021 :
702 4965 769 5020 In
798 4964 1048 5035 principio
1079 4962 1195 5033 fecit
1223 4960 1359 5014 Deus
1407 4958 1586 5013 cwlum
1626 4964 1673 5010 et
1715 4964 1899 5009 terram
1926 4971 1943 5006 :
1974 4963 2028 5008 et
2048 4961 2131 5006 to-

547 5070 653 5113 tam
695 5057 815 5127 ejus
852 5053 1209 5125 arrogantiam
1259 5050 1438 5105 statim
1489 5046 1813 5102 subvertisti.
1866 5043 1973 5101 Sed
2026 5058 2131 5097 non

546 5149 718 5205 credit
738 5148 1031 5218 Scriptura:
1053 5144 1230 5209 dictis,
1256 5140 1444 5211 inquit.
1470 5140 1608 5208 Ergo
1624 5153 1685 5192 ea
1713 5136 1782 5191 de
1802 5150 1961 5191 causa
1983 5136 2133 5205 quasi

546 5241 894 5298 furibundum
946 5234 1098 5292 illum
1122 5234 1323 5304 repelle
1350 5240 1407 5289 et
1448 5245 1719 5286 aversare.
1741 5228 1871 5283 Nam
1899 5230 1991 5299 qui
2024 5228 2135 5283 Deo

546 5347 656 5388 non
693 5329 866 5386 credit
899 5328 1075 5398 palam
1127 5324 1406 5393 loquenti,
1446 5332 1502 5376 et
1541 5322 1629 5392 qui
1656 5320 1939 5375 veritatem
1980 5334 2134 5374 men-

546 5423 688 5479 dacii
717 5430 958 5486 accusat,
1003 5435 1109 5490 quo
1157 5426 1314 5488 pacto
1367 5414 1588 5469 insaniae
1618 5420 1987 5481 argumentum
2029 5427 2134 5464 non

550 5514 705 5580 ferat,
736 5528 934 5582 nempe
959 5506 1430 5566 incredulitatem?
1454 5508 1521 5560 At
1540 5503 1829 5575 quomodo,
1857 5503 2047 5573 inquit,
2069 5518 2137 5558 ex

552 5606 724 5661 nihilo
743 5605 856 5661 fieri
886 5603 1013 5675 quid
1048 5601 1253 5673 possit?
1283 5599 1363 5655 Tu
1396 5614 1522 5652 vero
1551 5596 1679 5651 mihi
1715 5596 1884 5660 dicas,
1912 5610 2136 5667 quomo-

614 5697 633 5759 ξ
668 5703 805 5759 Reg,
830 5702 1078 5759 postquam
1100 5692 1296 5757 paulum
1317 5705 1367 5741 se
1390 5688 1556 5751 pietati
1577 5687 1888 5758 addixeram.

614 5758 639 5819 ξ
668 5753 806 5818 κείς..
830 5753 1215 5819 philosophorum
1237 5760 1602 5819 prteceptorum.
1655 5753 1661 5758 ’

617 5816 693 5878 (a)
727 5809 808 5866 ῆἱὸ
831 5809 1059 5867 memoria
1109 5809 1280 5865 labitur
1303 5809 1676 5878 Chr'ysostomus.
1720 5819 1867 5878 Locus
1889 5809 2019 5878 enim
2041 5824 2135 5862 non

568 5871 834 5942 inspistola
856 5881 913 5931 ad
938 5880 1287 5944 rhibppenses,
1313 5871 1411 5928 sed'
1424 5876 1483 5927 ad
1504 5875 1819 5926 Colossenses
1838 5871 2037 5936 legitur.

2186 515 2255 571 do
2283 533 2345 571 ex
2374 517 2522 586 prius
2543 516 2923 570 exsistantibus
2953 513 3065 568 fieri
3089 513 3213 584 quid
3243 512 3451 581 possit?
3475 512 3608 566 Nam
3632 514 3779 582 quod

2185 626 2248 663 cx
2292 625 2397 663 non
2429 608 2807 664 exsistentibus
2865 618 3006 662 terra
3050 607 3185 660 facta
3229 608 3319 673 sit,
3352 622 3451 676 ego
3479 606 3683 670 credo,
3726 616 3783 660 tu

2185 712 2361 754 autem
2391 700 2636 765 dubitas;
2666 700 2805 770 quod
2834 710 3010 753 autem
3034 715 3099 752 ex
3129 708 3267 753 terra
3296 697 3466 752 factus
3490 698 3559 751 sit
3592 698 3783 758 homo,

2186 792 2343 845 ambo
2365 790 2702 846 confitemur.
2740 792 2831 845 Dic
2880 792 3038 861 igitur
3080 790 3213 844 illud
3244 789 3385 859 quod
3432 791 3486 845 in
3526 789 3790 844 confesso

2188 892 2242 937 et
2271 882 2479 938 facilius
2501 892 2604 949 cst,
2638 881 2910 953 quomodo
2933 897 3000 936 ex
3023 891 3166 936 terra
3191 880 3329 937 facta
3357 882 3428 936 sit
3465 882 3649 936 carnis
3690 895 3793 935 na-

2192 985 2333 1031 tura.
2375 976 2454 1030 Ex
2487 988 2625 1031 terra
2655 976 2798 1030 enim
2828 976 3017 1041 lutum,
3063 974 3200 1030 later
3222 1017 3237 1043 ,
3272 989 3367 1029 vas
3402 974 3589 1041 ﬁctile,
3619 984 3677 1029 et
3704 984 3787 1029 te-

2191 1082 2270 1125 sta
2301 1069 2414 1125 ﬁeri
2474 1071 2608 1125 solet
2639 1085 2892 1125 :carnem
2921 1085 3052 1125 vero
3081 1085 3149 1123 ex
3200 1078 3339 1124 terra
3385 1068 3578 1123 factam
3622 1082 3793 1123 nemo

2194 1178 2445 1233 umquam
2465 1162 2678 1217 viderit.
2703 1161 2985 1230 Quomodo
3014 1163 3174 1232 igitur
3197 1162 3333 1216 facta
3356 1172 3438 1217 est
3464 1161 3650 1216 carnis
3679 1176 3790 1215 na-

2196 1254 2353 1309 tura?
2379 1253 2648 1324 quomodo
2672 1269 2794 1309 ossa
2818 1253 3096 1309 eﬂ‘ormata
3123 1254 3281 1308 sunt?
3307 1253 3577 1323 quomodo
3610 1253 3791 1316 nervi,

2194 1363 2344 1402 vente
2366 1347 2689 1402 etarterire?
2719 1346 2993 1416 quomodo
3042 1346 3391 1411 membratim,
3425 1344 3614 1414 adeps,
3664 1359 3793 1400 Car.

2195 1457 2313 1506 nes,
2346 1441 2504 1506 cutis,
2532 1455 2757 1511 ungues,
2792 1439 2991 1508 capilli,
3022 1446 3076 1493 et
3109 1446 3250 1491 tanta
3286 1436 3571 1491 diversitas
3611 1437 3793 1489 varia-

2195 1547 2315 1587 rum
2346 1532 2767 1586 substantiarum
2795 1545 2860 1584 ex
2888 1545 2990 1583 una
3027 1528 3339 1598 subjacente
3360 1529 3546 1583 terra?
3584 1527 3790 1581 Verum

2198 1625 2313 1678 haec
2336 1625 2515 1679 dicere
2545 1625 2764 1679 minime
2802 1625 2991 1694 possis.
3023 1624 3304 1692 Quomodo
3331 1639 3459 1695 ergo
3489 1622 3789 1677 absurdum

2200 1730 2305 1770 non
2345 1715 2504 1771 fuerit
2539 1731 2659 1770 cum
2692 1717 2782 1785 qui
2824 1715 2877 1769 id
2921 1716 3064 1785 quod
3119 1716 3317 1769 clarius
3369 1726 3422 1770 et
3467 1714 3682 1769 facilius
3709 1724 3796 1769 est

2200 1808 2427 1878 ignorat,
2458 1806 2757 1862 difficiliora
2789 1817 2842 1862 ct
2867 1822 3062 1862 arcana
3093 1807 3306 1861 curiose
3337 1808 3613 1863 scrutari?

2271 1926 2324 1980 ‘5.
2368 1923 2557 1978 Rerum
2609 1924 2920 1978 naturalium
2969 1924 3217 1978 rationem
3268 1940 3369 1977 non
3413 1923 3791 1993 intelligimus,

2200 2025 2389 2088 quanto
2416 2016 2581 2070 minus
2603 2016 2792 2069 divina.
2826 2046 2897 2056 —
2922 2015 3013 2071 Vis
3045 2024 3096 2070 te
3120 2015 3297 2070 adhuc
3323 2015 3391 2070 ad
3422 2015 3663 2070 faciliora
3695 2015 3795 2070 du-

2202 2126 2342 2176 cam,
2370 2126 2488 2180 quae
2514 2109 2751 2180 quotidie
2786 2108 2900 2164 fieri
2944 2110 3159 2166 solent?
3190 2111 3439 2164 Attamen
3486 2124 3555 2163 ne
3597 2109 3669 2164 de
3716 2109 3797 2164 his

2204 2202 2416 2273 quidem
2446 2204 2702 2257 rationem
2728 2202 2937 2256 reddes.
2961 2202 3156 2257 Panem
3184 2202 3418 2272 quotidie
3439 2201 3795 2257 comedimus.

2206 2293 2487 2361 Quomodo
2518 2293 2695 2363 igitur.
2729 2308 2929 2363 qumso,
2963 2293 3115 2363 panis
3147 2293 3259 2364 ipsa
3288 2303 3477 2348 natura
3506 2294 3558 2348 in
3580 2295 3798 2362 sangui-

2208 2402 2329 2439 nem
2360 2388 2599 2450 vertitur,
2633 2387 2682 2439 in
2718 2387 2979 2454 pituitam,
3021 2386 3070 2438 in
3096 2386 3253 2439 bilem
3278 2396 3331 2439 ct
3353 2387 3403 2439 in
3432 2386 3669 2456 reliquos
3698 2386 3798 2439 hu-

2210 2477 2424 2530 mores?
2483 2477 2611 2530 Nam
2660 2476 2810 2545 panis
2854 2476 3069 2547 quidem
3121 2477 3321 2531 densus
3369 2476 3645 2546 durusque
3696 2488 3796 2537 est.

2210 2570 2423 2640 sanguis
2450 2584 2575 2623 vero
2600 2570 2776 2623 mollis
2802 2578 2856 2624 et
2886 2567 3113 2631 fluidus;
3145 2569 3297 2638 panis
3326 2570 3405 2623 vel
3432 2568 3695 2623 candidus
3722 2571 3799 2622 vel

2213 2659 2459 2715 frumenti
2487 2661 2690 2726 colore,
2725 2661 2941 2730 sanguis
2973 2662 3132 2715 ruber
3156 2670 3210 2715 et
3249 2661 3421 2730 niger.
3471 2660 3798 2716 Caeterarum

2214 2753 2339 2807 item
2396 2754 2708 2823 qualitatum
2758 2754 3112 2807 differentiam
3155 2755 3201 2808 si
3255 2756 3377 2824 quis
3418 2766 3800 2825 persequatur,

2215 2844 2438 2898 multum
2476 2845 2707 2900 inveniet
2750 2860 2940 2913 panem
2986 2846 3124 2900 inter
3166 2854 3222 2900 et
3260 2848 3574 2917 sanguinem
3619 2847 3805 2902 discri-

2217 2951 2359 2989 men.
2400 2934 2679 3001 Quomodo
2702 2936 2862 3006 igitur
2885 2936 2999 2991 lnec
3028 2936 3183 2999 fiunt,
3211 2939 3470 2992 rationem
3493 2939 3687 2994 reddas
3716 2957 3807 2994 ve-

2218 3026 2328 3080 lim.
2356 3026 2461 3082 Sed
2485 3043 2772 3097 numquam
2801 3030 2990 3098 possis.
3015 3029 3225 3099 Ergone
3249 3041 3302 3084 tu
3324 3031 3412 3099 qui
3437 3032 3545 3085 cibi
3571 3034 3809 3102 quotidie

2220 3122 2481 3176 immutati
2530 3122 2789 3176 rationem
2821 3123 3048 3179 reddere
3096 3125 3313 3194 nequis,
3345 3140 3375 3178 a
3427 3126 3537 3180 Deo
3581 3139 3809 3196 peractas

2219 3213 2506 3267 creatiouis
2528 3214 2761 3269 rationes
2782 3228 2811 3267 a
2836 3229 2920 3268 me
2946 3218 3194 3284 repetes?
3216 3218 3406 3270 Annon
3428 3217 3530 3271 hoc
3556 3229 3807 3273 extrema:

2220 3302 2503 3360 dementia:
2533 3305 2729 3359 fuerit?
2756 3306 2812 3360 Si
2841 3307 3010 3361 nostri
3039 3308 3229 3362 similis
3245 3317 3326 3362 est
3355 3309 3513 3374 Deus,
3549 3312 3806 3365 rationem

2220 3399 2373 3469 exige
2398 3414 2655 3469 operum;
2691 3400 2797 3453 imo
2827 3416 2891 3453 ne
2920 3401 2967 3453 id
2997 3400 3211 3470 quidem
3240 3401 3571 3455 concedatur
3601 3421 3615 3459 :
3648 3404 3805 3456 multa

2221 3492 2419 3562 quippe
2446 3492 2673 3545 humana
2701 3500 2845 3546 certe
2875 3490 3007 3545 facta
3054 3492 3142 3561 qui
3176 3492 3306 3546 ﬁant
3349 3493 3527 3548 dicere
3560 3509 3666 3549 non
3695 3509 3808 3563 pos-

2224 3598 2441 3649 sumus;
2472 3584 2703 3653 exempli
2734 3599 2917 3649 causa,
2966 3584 3233 3653 quomodo
3281 3601 3345 3639 ex
3380 3588 3643 3642 tnetallica
3673 3598 3809 3642 terra

2224 3690 2411 3729 aurum
2441 3674 2561 3741 ﬁat;
2591 3675 2860 3746 quomodo
2882 3692 3043 3730 arena
3075 3675 3128 3729 in
3156 3677 3278 3731 vitri
3308 3678 3595 3746 puritatem
3644 3690 3808 3734 mute-

2227 3777 2332 3821 tur.
2359 3766 2627 3838 Multoque
2653 3768 2800 3837 plura
2833 3768 2938 3822 dici
2978 3778 3198 3838 possent
3231 3771 3463 3823 humano
3486 3770 3713 3826 artificio
3738 3772 3809 3825 fa-

2225 3869 2331 3926 cta,
2369 3876 2594 3931 quorum
2647 3861 2909 3915 rationem
2962 3860 3289 3931 ignoramus.
3340 3860 3723 3919 Verumtamen
3766 3863 3811 3917 si

2228 3952 2394 4005 nostri
2422 3952 2610 4006 similis
2628 3953 2696 4005 sit
2722 3952 2880 4017 Deus,
2911 3966 3006 4021 per
3030 3968 3114 4005 me
3137 3953 3261 4006 licet
3283 3953 3544 4007 rationem
3567 3963 3809 4022 repetas;

2228 4043 2311 4098 sin
2339 4044 2601 4097 immenso
2628 4044 2799 4112 Spatio
2834 4059 2865 4097 a
2902 4043 3054 4097 nobis
3098 4043 3282 4105 distat.
3311 4053 3364 4099 et
3389 4060 3551 4113 supra
3602 4044 3810 4099 modum

2229 4134 2520 4201 antecellit,
2557 4148 2734 4186 annon
2762 4142 3017 4189 extremae
3071 4135 3226 4188 fuerit
3275 4134 3499 4189 insania:
3553 4149 3671 4200 eos,
3728 4135 3815 4204 qui

2230 4230 2546 4283 immensam
2575 4228 2715 4285 illius
2741 4228 3055 4298 sapientiam
3085 4237 3140 4282 et
3176 4229 3430 4282 virtutem
3470 4229 3815 4286 conﬁtentur.

2230 4338 2456 4393 eamque
2502 4323 2732 4378 divinam
2776 4332 2831 4377 et
2874 4320 3491 4391 incomprehensibilem,
3550 4321 3707 4390 quasi
3753 4322 3813 4373 dc

2233 4418 2463 4473 humana
2492 4416 2719 4486 quadam
2751 4422 2866 4469 arte
2889 4456 2905 4481 ,
2942 4414 3019 4468 sic
3045 4428 3143 4483 per
3179 4413 3386 4483 singula
3434 4412 3701 4466 factorum
3737 4428 3816 4465 ra-

2233 4516 2432 4570 tionem
2475 4511 2767 4581 expetere?
2799 4509 2996 4564 Verum
3048 4508 3130 4563 his
3173 4508 3351 4561 missis
3391 4507 3711 4572 ratiociniis,
3755 4505 3815 4558 ad

2233 4616 2440 4678 petram
2468 4606 2612 4660 illam
2649 4603 2873 4659 solidam
2917 4600 3238 4656 redeamus:
3290 4598 3358 4653 In
3406 4600 3660 4669 principio
3709 4599 3817 4668 fecit

2234 4701 2375 4756 Deus
2406 4701 2583 4754 cwlum
2610 4709 2655 4752 et
2683 4710 2887 4752 terram.
2919 4695 3090 4765 Supra
3131 4693 3262 4751 illud
3284 4692 3689 4747 fundamentum
3720 4701 3815 4755 sta,

2235 4809 2302 4847 ne
2333 4794 2450 4863 quis
2480 4793 2532 4846 in
2564 4800 2616 4846 te
2642 4791 2993 4844 humanarum
3033 4786 3416 4858 cogitationum
3464 4784 3660 4840 ﬂuctus
3708 4798 3817 4837 mo-

2236 4897 2359 4942 veat
2392 4904 2403 4940 :
2437 4885 2772 4955 Cogitationes
2808 4882 2941 4936 enim
2982 4880 3276 4935 mortalium
3303 4879 3516 4941 timidae,
3548 4888 3597 4932 et
3624 4879 3818 4931 incerta

2237 4979 2608 5034 adinventianes
2638 4992 2809 5029 eorum
2843 4974 2995 5045 (Sap.
3050 4972 3101 5027 9.
3143 4969 3269 5042 l4).
3301 4970 3378 5025 Ne
3422 4970 3581 5040 igitur
3607 4969 3657 5023 id
3674 4960 3819 5037 quod

2238 5076 2447 5129 firmum
2476 5082 2558 5126 cst
2587 5071 2825 5135 deseras,
2857 5078 2915 5123 ut
2952 5068 3145 5121 animm
3171 5076 3274 5120 tua:
3322 5065 3551 5119 salutem
3604 5063 3821 5135 infirmis

2238 5175 2292 5221 et
2338 5164 2613 5219 fallacibus
2648 5160 2939 5216 ratiociniis
2973 5158 3280 5214 committas
3309 5172 3323 5208 :
3355 5155 3453 5210 sed
3484 5170 3641 5209 mane
3682 5154 3734 5208 in
3764 5154 3823 5206 iis

2238 5273 2358 5327 qua:
2386 5255 2636 5320 didicisti,
2664 5262 2720 5309 et
2756 5267 2875 5322 quae
2904 5251 2995 5306 tibi
3018 5248 3323 5304 concredita
3348 5256 3495 5313 sunt,
3524 5256 3580 5301 et
3604 5245 3690 5301 dic
3720 5264 3733 5301 :
3760 5244 3817 5297 lu

2247 5352 2498 5423 principio
2526 5350 2642 5421 fecit
2667 5348 2801 5402 Deus
2822 5347 3004 5401 cazlum
3023 5356 3067 5399 et
3094 5353 3298 5398 terram.
3321 5342 3375 5397 Si
3411 5340 3735 5395 Manichtrus
3754 5340 3827 5409 (a)

2239 5442 2544 5508 accesserit,
2574 5441 2619 5496 si
2644 5440 2899 5502 Marcion,
2926 5439 2972 5492 si
2997 5436 3257 5491 Valentini
3286 5434 3475 5489 morbo
3498 5434 3823 5497 laborantes,

2243 5539 2287 5592 si
2315 5536 2493 5608 quivis
2524 5535 2685 5601 alius,
2720 5533 2822 5588 hoc
2848 5532 3047 5587 dictum
3077 5529 3285 5600 objice;
3314 5529 3360 5583 si
3389 5526 3653 5581 ridentem
3681 5519 3827 5579 vitle-

2303 5740 2375 5802 (a)
2394 5739 2695 5802 Manicheus,
2713 5735 2929 5802 Marcion,
2950 5731 3694 5802 Valentinuspeumcreatorem
3721 5735 3827 5802 eis

2241 5791 2505 5867 negabant.
2522 5791 2809 5867 Manichacus
2819 5798 2922 5867 sive
2936 5801 3099 5867 manes
3117 5791 3828 5867 dicebat-materiaméeternmg

2246 5848 2505 5929 ἕξεί-ἐμέ
2521 5848 2644 5915 liber
2664 5865 2733 5913 sic
2755 5856 3033 5921 incipiebat.
3054 5863 3183 5907 teste
3202 5854 3476 5916 Epiphanio,
3511 5864 3558 5913 p.
3583 5848 3701 5895 650:
3718 5853 3825 5900 Era
