4028 6360
317 385 435 441 533

327 505 559 561 ἄκουσον
581 511 606 540 ι
633 500 751 562 πῶς
788 499 969 562 αὐτοῖς
999 501 1325 572 όΠροφήτης
1376 500 1470 552 καὶ
1514 500 1643 568 περὶ
1677 500 1900 552 ἐκείνων

327 589 636 658 διαλέγεται
668 587 776 639 τῶν
806 587 918 640 ἀνω
939 587 1239 658 δυνάμεων.
1271 587 1495 640 Αἰνεῖτε
1533 586 1639 638 τὸν
1660 587 1901 658 Κύριον,

331 677 525 748 φησὶν,
567 677 636 730 ἐκ
681 675 800 727 τῶν
829 673 1134 742 οὐρανῶν,
1171 673 1388 727 αὶνεῐτε
1432 672 1619 727 αὑτὸν
1668 671 1737 725 ὲν
1781 669 1906 736 τοῖς

325 765 616 832 ὑψίστοις
634 779 646 791 ·
672 762 888 816 αί-νεῐτε
909 762 1342 832 αὐτὸν,πάντες
1362 764 1415 814 οἱ
1439 761 1677 830 ἄγγελοι
1699 757 1904 820 αὑτοῦ,

330 850 548 905 αίνεῑτε
571 847 966 911 αὐτὸι·,πᾶσαι
989 851 1047 901 αἱ
1069 847 1351 917 δυνάμεις
1371 847 1555 900 αὺτοῦ
1574 861 1589 875 ·
1614 847 1701 898 ὅτι
1726 845 1907 909 αὐτὸς

331 934 482 1000 εἷπε,
516 934 614 988 καὶ
708 934 1113 1008 ἐγενήθησαν·
1159 935 1342 1000 αὐτὸς
1390 933 1760 996 ἐνετείλατο,
1808 931 1908 983 καὶ

331 1027 727 1091 ἐκτίσθησαν.
786 1025 895 1078 Καὶ
921 1025 974 1076 τί
1027 1023 1336 1094 θαυμαστὸν
1361 1065 1375 1090 ,
1413 1025 1462 1075 εἰ
1492 1025 1549 1075 ἐν
1595 1024 1661 1093 τῇ
1699 1021 1912 1089 Παλαιᾷ

332 1109 489 1176 οὗτος
509 1115 535 1164 ὀ
566 1115 762 1184 τρόπος
794 1114 894 1182 τῆς
930 1113 1278 1175 διδασκαλίας
1308 1113 1478 1177 ἐστὶν,
1509 1113 1708 1178 ὅπουγε
1737 1111 1829 1163 καὶ
1854 1113 1911 1163 έν

334 1203 400 1270 τῇ
428 1203 624 1271 Καινῇ,
653 1201 741 1252 ὅτε
777 1198 882 1252 τῶν
925 1199 1268 1270 ὑψηλοτέρων
1299 1200 1643 1269 διδαγμάτων
1669 1201 1695 1239 ι’
1723 1198 1913 1268 καιρὸς

333 1284 426 1358 ἦν,
474 1287 780 1357 Ἀθηναίοις
817 1287 1199 1357 διαλεγόμενος
1233 1290 1259 1340 ὁ
1299 1289 1511 1350 Παῦλος
1535 1287 1739 1357 ταύτην
1781 1281 1912 1357 ἦλθε

335 1375 437 1445 τὴν
460 1375 598 1437 ὁδὸν,
633 1376 810 1445 ἤνπερ
845 1370 976 1444 ἦλθε
1005 1375 1247 1443 Μωῦσῆς
1297 1375 1578 1435 Ἰουδαίους
1607 1373 1911 1436 παιδεύων;

338 1462 475 1516 Οὐδὲ
505 1461 612 1530 γὰρ
641 1454 795 1524 οὗτος
824 1461 951 1532 περὶ
983 1460 1228 1528 ἀγγέλων
1263 1461 1354 1512 καὶ
1383 1459 1734 1529 ἁρχαγγέλων
1763 1455 1912 1510 εἶπεν

337 1549 543 1610 αὐτοῖς,
585 1549 720 1601 ἀλλά
760 1549 888 1619 περὶ
934 1547 1162 1617 ούρανοῦ
1199 1548 1294 1598 καὶ
1330 1547 1434 1616 γῆς
1483 1547 1577 1598 καὶ
1625 1545 1912 1615 θαλάττης,

337 1637 483 1691 οὑτω
506 1655 621 1700 πως
651 1638 980 1708 δημηγορῶν
1001 1655 1014 1668 ·
1057 1638 1117 1689 '0
1152 1636 1295 1700 Θεὸς
1325 1639 1356 1689 ὀ
1385 1635 1646 1702 ποιήσας
1675 1636 1782 1688 τὸν
1815 1635 1916 1686 κό-

339 1742 502 1794 σμον
549 1726 647 1778 καὶ
678 1725 876 1779 πάντα
915 1725 987 1778 τὰ
1015 1726 1084 1778 ἐν
1117 1725 1296 1790 αὐτῷ,
1327 1721 1502 1788 οὗτος
1532 1723 1789 1792 οἰιοανοῦ
1819 1721 1919 1775 καὶ

339 1813 456 1884 Τῆς
488 1813 775 1882 ὑπάρχων
808 1814 1042 1881 Κύριος,
1071 1816 1181 1865 οὐκ
1211 1813 1280 1865 ἐν
1313 1811 1744 1880 χειροποιήτοις
1779 1827 1917 1862 κατ-

340 1900 496 1956 οικεῖ
510 1901 696 1966 ναοῖς.
717 1900 853 1952 Ἀλλ’
870 1903 989 1969 οὐχ,
1009 1901 1097 1952 ὅτε
1117 1899 1499 1969 Φιλιππησίοις
1523 1899 1813 1966 διελέγετο,
1831 1896 1919 1950 διὰ

341 1987 546 2057 ταύτης
567 1987 769 2057 ἤγαγεν
790 1987 987 2051 αὐτοὺς
1009 1988 1109 2056 τῆς
1123 1985 1242 2039 ὀδοῦ
1259 2006 1270 2017 ·
1295 1987 1406 2040 ἀλλ’
1431 1986 1522 2038 ἐπὶ
1543 1987 1638 2056 τὴν
1662 1985 1921 2055 ὁπλοτέ-

348 2091 446 2148 ραν
465 2077 661 2137 αὐτοὺς
681 2076 871 2143 ἀνάγει
897 2075 1256 2146 δημηγορίαν,
1275 2075 1471 2128 οὑτωσὶ
1496 2074 1690 2142 λέγων·
1711 2075 1837 2126 Ὅτι
1853 2075 1924 2126 ἐν

342 2161 505 2226 αὐτῷ
521 2161 764 2230 ἐκτίσθη
789 2163 857 2215 τὰ
877 2163 1071 2217 πάντα
1091 2164 1160 2216 τὰ
1176 2163 1245 2214 ἐν
1259 2163 1382 2228 τοῖς
1409 2162 1682 2230 οὐρανοῖς
1710 2160 1806 2215 καί
1822 2161 1920 2213 ἐπὶ

344 2251 456 2318 τῆς
480 2249 613 2318 τῆς,
635 2251 753 2304 εἴτε
775 2253 996 2319 θρόνοι,
1043 2253 1162 2304 εἴτε
1190 2253 1554 2319 κυριότητες,
1579 2253 1699 2304 εἴτε
1719 2249 1920 2319 ἀρχαὶ,

345 2337 466 2392 εἴτε
516 2338 818 2401 ἐξουσίαι·
861 2338 1058 2391 πάντα
1104 2338 1177 2391 δι’
1210 2337 1420 2403 αὑτοῦ,
1459 2339 1556 2392 καὶ
1605 2341 1692 2404 είς
1737 2339 1924 2392 αὑτὸν

349 2426 637 2478 ἔκτισται.
653 2425 807 2479 Οὕτω
824 2426 918 2478 καὶ
946 2426 1410 2497 Ἰωάννης,έπειδὴ
1429 2426 1660 2478 τελειοτέ
1667 2444 1792 2497 ρους
1813 2423 1922 2496 εἶχε

346 2513 473 2575 τοὺς
492 2513 1173 2583 μαθητευομένους,πάσης
1189 2513 1323 2584 ὁμοῦ
1339 2515 1436 2584 τῆς
1455 2514 1679 2576 κτίσεως
1694 2515 1717 2565 ἐ
1726 2531 1829 2584 μνη
1839 2514 1922 2584 μό⁸

347 2617 560 2655 νευσεν.
581 2603 654 2654 Οὐ
681 2603 789 2675 γάρ
812 2599 983 2668 εἶπεν,
1011 2602 1236 2675 οὐρανὸν
1265 2603 1361 2656 καὶ
1383 2604 1485 2674 γῆν
1510 2606 1605 2658 καὶ
1633 2603 1923 2667 θάλατταν,

347 2688 488 2753 ἀλλ’,
510 2689 591 2741 ὅτι
607 2690 809 2742 Πάντα
831 2689 902 2742 δι’
929 2691 1114 2744 αὐτοῦ
1135 2690 1391 2760 ἐγένετο,
1419 2691 1514 2744 καὶ
1537 2692 1714 2760 χωρίς
1740 2691 1926 2745 αὑτοῦ

350 2775 587 2846 ἐγένετο
615 2777 756 2830 οὐδὲ
785 2777 856 2831 ἐν
894 2778 926 2832 ὃ
954 2779 1204 2847 γέγονεν
1222 2799 1236 2811 ι
1269 2779 1380 2832 εἴτε
1423 2779 1715 2850 ὁρώμενον,
1740 2780 1926 2849 φησὶν,

351 2863 464 2917 εἴτε
495 2864 570 2934 μὴ
591 2863 884 2935 ὁρώμενον.
909 2866 1174 2936 Καθάπερ
1199 2867 1309 2938 γὰρ
1337 2867 1426 2922 ἐπὶ
1449 2867 1555 2920 τῶν
1574 2867 1924 2930 διδασκάλων,

353 2953 384 3004 ὁ
415 2951 512 3020 μὲν
539 2951 690 3023 παρὰ
710 2954 808 3023 τῆς
833 2955 1038 3026 μητρὸς
1069 2954 1385 3018 διδάσκαλος
1406 2955 1468 3008 τὸ
1492 2955 1700 3008 παιδίον
1727 2955 1924 3020 λαϐὼν,

354 3029 424 3092 τά
449 3039 639 3109 πρῶτα
664 3050 686 3078 ε
718 3041 879 3094 αὑτὸν
907 3041 1147 3096 παιδεύει
1175 3045 1430 3113 στοιχεῖα,
1456 3045 1484 3095 ὁ
1504 3042 1560 3095 δὲ
1584 3045 1714 3114 παρ’
1741 3043 1927 3114 ἐτέρου

355 3124 534 3178 λαϐὼν
563 3125 902 3191 διδασκάλου,
937 3128 1182 3199 μαθητὴν
1215 3130 1351 3200 πρὸς
1381 3130 1450 3182 τά
1482 3131 1788 3202 ὑψηλότερα
1819 3131 1928 3184 τῶν

356 3211 700 3284 διδαγμάτων
734 3214 886 3282 ἄγει·
922 3214 1065 3268 οὑτω
1101 3217 1194 3269 καὶ
1225 3217 1318 3269 ἐπὶ
1353 3218 1630 3281 Μωῦσέως
1664 3221 1756 3272 καὶ⁸
1784 3221 1929 3272 Παύ-

356 3299 449 3356 λου
501 3301 596 3352 καὶ
643 3301 890 3355 Ἰωάννου
929 3303 1138 3370 γέγονε.
1183 3304 1421 3375 Μωὺσῆς
1461 3307 1558 3376 μὲν
1602 3306 1712 3377 γὰρ
1761 3308 1930 3379 μηδὲν

357 3387 560 3442 εἰδυῖαν
600 3389 698 3456 τὴν
727 3389 887 3457 φύσιν
913 3393 946 3461 ἡ
957 3390 1072 3461 μῶν
1101 3391 1429 3462 παραλαϐὼν
1469 3395 1590 3465 ἄρτι
1620 3394 1712 3446 τοῦ
1770 3397 1930 3463 γάλα-

359 3492 488 3538 κτος
512 3477 938 3546 ἀπαλλαγεῖσαν,
979 3477 1046 3531 τά
1072 3479 1262 3548 πρῶτα
1293 3479 1392 3548 τῆς
1422 3481 1750 3547 θεογνωσίας
1778 3483 1932 3536 ἐπαί-

358 3557 517 3611 δευσε
564 3564 841 3629 στοιχεῖα⁶
884 3562 1135 3632 Ἰωάννης
1179 3561 1359 3614 δὲκαὶ
1399 3563 1629 3627 Παῦλος,
1681 3566 1932 3634 καθάπερ

362 3643 515 3712 παρά
535 3643 860 3696 διδασκάλου
895 3644 985 3697 τοῦ
1017 3646 1297 3708 Μωῡσέως
1323 3648 1520 3708 αὐτοὺς
1540 3647 1812 3715 λαϐόντες,
1839 3652 1932 3703 ἐπὶ

360 3726 433 3778 τά
461 3725 765 3798 ὑψηλότερα
803 3727 911 3781 τῶν
945 3728 1286 3798 διδαγμάτων
1329 3730 1610 3798 ἀνάγουσι,
1642 3733 1750 3786 τῶν
1795 3751 1930 3804 προ-

363 3814 536 3884 τέρων
579 3815 1086 3885 ἀναμιμνήσκοντες
1127 3819 1184 3868 ὲν
1228 3816 1438 3886 βραχεῖ.
1471 3813 1622 3882 Εἶδες
1658 3821 1934 3892 ἑκατέρων

362 3901 473 3954 τῶν
499 3902 782 3972 Διαθηκῶν
803 3904 902 3972 τὴν
934 3903 1253 3970 συγγένειαν
1276 3921 1290 3969 ;
1321 3902 1472 3968 Εἶδες
1495 3905 1590 3976 τὴν
1618 3911 1933 3976 συμφωνίαν

365 3988 475 4042 τῶν
510 3989 888 4060 διδαγμάτων;
921 3991 1199 4054 Ἤκουσας
1225 3992 1351 4063 περὶ
1388 3993 1485 4062 τῆς
1517 3993 1624 4046 τῶν
1662 3995 1935 4067 αἰσθητῶν

362 4077 724 4148 δημιουργίας
745 4079 801 4131 ὲν
828 4081 894 4148 τῇ
925 4078 1152 4148 Παλαιᾷ,
1184 4079 1427 4149 καὶπερὶ
1464 4081 1560 4150 τῆς
1595 4082 1703 4134 τῶν
1729 4085 1935 4155 νοητῶν

363 4165 458 4218 τοῦ
496 4164 656 4218 Δαυῒδ
686 4165 954 4234 λέγοντος,
993 4167 1121 4219 Ὅτι
1157 4167 1327 4232 αὐτὸς
1367 4165 1514 4229 εἷπε,
1549 4173 1645 4222 καὶ
1690 4173 1934 4239 ἐγεννή-

365 4255 604 4320 θησαν;
644 4251 800 4306 Οῦτω
842 4253 1000 4306 πάλιν
1044 4255 1101 4304 ὲν
1135 4257 1200 4321 τῇ
1235 4256 1430 4324 Καινῇ,
1465 4254 1633 4307 εἰπὼν
1673 4259 1798 4328 περὶ
1829 4259 1936 4311 τῶν

375 4339 628 4420 ἀοράτων
654 4340 955 4408 δυνάμεων,
987 4335 1106 4391 εἷπε
1130 4341 1221 4392 καὶ
1256 4343 1382 4410 περὶ
1410 4343 1507 4411 τῆς
1533 4343 1793 4414 αἰσθητῆς
1822 4347 1939 4399 κτί-

366 4437 528 4486 σεως·
554 4423 654 4475 ‘Er
681 4423 836 4492 ἀρχῇ
865 4425 1156 4493 ἐποίησεν
1186 4431 1218 4481 ό
1245 4429 1391 4495 Θεὸς
1421 4432 1529 4484 τὸν
1557 4433 1818 4500 οὐρανὸν
1846 4433 1943 4486 καὶ

364 4511 481 4580 τὴν
510 4511 646 4581 γῆν.
680 4512 752 4566 Τὸ
787 4514 938 4584 ῥῆμα
966 4516 1122 4570 τοῦτο
1150 4517 1321 4589 βραχὺ
1362 4520 1461 4588 μέν
1490 4522 1604 4572 ἐστι
1644 4522 1737 4574 καὶ
1767 4521 1940 4590 ψιλὸν,

364 4600 459 4652 καὶ
487 4601 641 4670 ῥῆμα
665 4601 742 4654 ἕν’
775 4601 1020 4666 ἅπαντας
1049 4605 1106 4658 δὲ
1137 4607 1245 4660 τῶν
1271 4607 1526 4660 ἐναντίων
1551 4609 1675 4671 τοὺς
1700 4608 1943 4679 πύργους

363 4688 734 4758 καταστρέψαι
767 4688 917 4762 1649]
951 4693 1254 4764 δυνήσεται.
1287 4694 1486 4747 Σκόπει
1510 4695 1587 4749 δέ.

435 4773 806 4846 Προσέρχεται
832 4778 1130 4848 Μανιχαῖος
1161 4781 1350 4849 λέγων,
1381 4782 1697 4854 Ἀγέννητός
1725 4784 1871 4836 ἐστιν
1906 4783 1941 4853 ἡ

372 4864 475 4935 ὕλη
498 4881 512 4895 .
546 4865 666 4917 εἰπὲ
692 4864 830 4935 πρὸς
863 4865 1042 4926 αὑτὸν,
1093 4865 1193 4916 Ἐν
1225 4865 1382 4933 ἀρχῇ
1415 4867 1704 4934 ἐποίησεν
1733 4876 1766 4924 o'
1797 4875 1941 4940 Θεὸς

374 4956 481 5010 τὸν
502 4954 781 5022 οὐρανὸν,
822 4953 919 5004 καὶ
971 4952 1082 5019 τὴν
1124 4951 1258 5020 γῆν,
1294 4954 1387 5004 καὶ
1423 4955 1598 5008 πάντα
1644 4957 1732 5011 τὸν
1775 4959 1941 5028 τῦφον

374 5038 541 5094 αὑτοῦ
594 5034 966 5106 κατέστρεψας
1010 5035 1231 5098 εὐθέως.
1272 5036 1409 5089 Ἀλλ’
1459 5039 1519 5090 οὑ
1571 5041 1813 5094 πιστεύει
1864 5045 1942 5114 τῷ

378 5128 583 5196 ῥήματι
609 5124 706 5192 τῆς
746 5121 988 5191 Γραφῆς,
1019 5120 1201 5190 φησίν.
1238 5120 1445 5173 Οὐκοῦν
1475 5122 1559 5175 διὰ
1593 5124 1750 5177 τοῦτο
1779 5128 1942 5183 αὑτὸν

373 5212 448 5270 ὡς
481 5206 802 5276 μαινόμενον
833 5204 1152 5272 διάκρουσον
1180 5206 1271 5254 καὶ
1303 5205 1700 5276 ἀποστράφηθι.
1747 5209 1803 5262 '0
1834 5216 1942 5283 γὰρ

383 5290 453 5360 τῷ
495 5288 614 5358 Θεῷ
652 5289 726 5358 μὴ
766 5286 1034 5340 πιστεύων
1075 5286 1518 5356 ἀποφαινομένῳ,
1567 5290 1702 5343 ἀλλά
1749 5293 1941 5360 ψεῦδος

375 5375 476 5444 τῆς
503 5372 760 5441 ἀληθείας
790 5367 1213 5438 καταγινώσκων
1232 5408 1248 5434 ,
1284 5370 1402 5431 πῶς
1433 5373 1494 5422 οὐ
1528 5371 1794 5444 λαμπρῶς
1843 5397 1944 5449 μα-

380 5460 499 5522 νίας
540 5458 760 5527 ἐκφέρει
794 5457 1006 5528 δεῖγμα,
1037 5457 1136 5528 τὴν
1165 5457 1452 5522 ἀπιστίαν;
1480 5460 1589 5511 Καὶ
1621 5461 1736 5525 πῶς
1759 5464 1818 5529 ἐξ
1844 5467 1942 5520 οὐκ

438 5610 465 5683 ξ
489 5609 882 5683 ζῐικρὸνιέαυτοὺς
905 5612 1144 5683 ἐπέδωκαν
1154 5612 1268 5683 πρὸς
1277 5613 1557 5662 θεοσέϐειαν.
1569 5615 1805 5666 Ἀκουσον
1821 5620 1942 5683 Reg.

440 5668 468 5706 δ
493 5668 885 5735 Τῶνξφιλοσόφων
903 5668 1201 5732 διδαγμοίτων
1221 5674 1342 5734 Reg.

386 5736 468 5844 πε
496 5731 707 5843 Ὲῧίιέοε.
735 5731 926 5795 ειίρεςι
953 5731 1101 5786 smn.
1129 5749 1191 5783 ex
1217 5731 1422 5799 εοιῇουι.
1450 5735 1503 5786 In
1545 5739 1691 5790 editis
1718 5743 1776 5790 τὰ
1815 5760 1944 5807 πρω-

419 5811 484 5842 ἰα
636 5831 648 5844 ο

1553 377 1619 432 ΙΝ
1647 373 1952 430 GENESIM
1993 373 2227 430 SER-MO
2267 377 2286 430 l

3455 350 3565 436 ἐει

2005 495 2173 550 ὄντων
2216 499 2411 564 γένοιτ’
2448 501 2512 554 ἄν
2542 519 2612 564 τι,
2655 501 2822 572 φησί;
2851 501 2922 554 Συ
2969 499 3024 552 δέ
3061 516 3149 568 μοι
3187 499 3327 563 εἰπὲ,
3363 497 3478 560 πῶς
3512 499 3569 564 ἐξ

1951 582 2409 658 Ἰῠὸντωνλένοιτό
2436 604 2516 652 τι;
2549 589 2668 641 Ὅτι
2713 590 2808 659 μὲν
2851 587 2959 658 γὰρ
2989 586 3048 651 ἐξ
3091 587 3190 638 οὐκ
3219 585 3387 638 ὄντων
3427 589 3458 655 ἢ
3500 587 3571 654 γῆ

2005 673 2245 741 γέγονεν,
2275 677 2384 742 ἐγὼ
2425 677 2521 746 μὲν
2556 678 2821 744 πιστεύω,
2859 679 2922 730 σὺ
2953 677 3008 730 δὲ
3048 675 3441 746 ἀμφιϐάλλεις·
3489 674 3571 728 ὅτι

2006 760 2062 812 δὲ
2085 763 2149 812 ὲκ
2174 761 2276 832 γῆς
2298 763 2517 832 γέγονεν
2546 765 2641 819 ἄνθ
2652 783 2846 834 ρωπος,
2873 765 3168 834 ἀμφότεροι
3188 762 3573 832 ὁμολογοῦμεν.

2013 846 2141 900 Εἰπὲ
2176 849 2352 901 τοίνυν
2382 850 2442 902 τὸ
2478 851 3002 922 συνομολογούμενον
3044 852 3138 904 καὶ
3189 849 3574 921 εὐκολώτερον,

2012 934 2127 997 πῶς
2149 936 2256 988 ἀπὺ
2284 940 2383 1007 τῆς
2412 937 2517 1006 γῆς
2539 939 2730 1007 γέγονε
2752 939 2952 1009 σαρκὸς
2975 938 3152 1006 φύσις.
3187 937 3318 990 Ἀπὸ
3343 937 3444 1005 γῆς
3468 935 3578 1006 γὰρ

2011 1022 2201 1090 πηλὸς,
2237 1024 2329 1076 καὶ
2378 1024 2614 1088 πλίνθος,
2646 1027 2739 1077 καὶ
2771 1026 3031 1095 κέραμος,
3062 1025 3156 1078 καὶ
3195 1025 3458 1095 ὄστρακον
3495 1023 3582 1092 γί-

2011 1127 2191 1162 νεται·
2246 1112 2425 1180 σάρκα
2468 1112 2524 1164 δὲ
2565 1114 2671 1165 ἀπὸ
2703 1114 2805 1182 γῆς
2843 1112 3130 1183 γινομένην
3160 1111 3331 1171 οὐδεὶς
3364 1109 3430 1164 ἂν
3483 1109 3582 1162 ἴδοι

2013 1197 2164 1251 ποτέ.
2211 1198 2336 1262 Πῶς
2376 1195 2469 1251 οὖν
2514 1200 2705 1269 γέγονε
2742 1201 2943 1271 σαρκὸς
2994 1199 3182 1268 φύσις;
3241 1198 3357 1261 πῶς
3392 1197 3585 1251 ὀστοῦν

2013 1285 2305 1355 διεπλάσθη
2330 1302 2343 1351 ;
2368 1285 2484 1349 πῶς
2511 1287 2705 1358 νεῦρα;
2743 1287 2857 1350 πῶς
2886 1286 3113 1356 φλέϐες;
3145 1287 3260 1349 πῶς
3291 1285 3583 1356 ἀρτηρίαι;

2017 1373 2132 1435 πῶς
2175 1373 2335 1443 ὑμὴν,
2368 1374 2462 1427 καὶ
2493 1374 2666 1438 λίπος,
2698 1376 2791 1428 καὶ
2831 1374 3030 1445 σάρκες
3050 1373 3100 1438 ἀ,
3133 1375 3226 1425 καὶ
3263 1373 3460 1443 δέρμα,
3493 1372 3586 1424 καὶ

2016 1457 2225 1528 ὄνυχες,
2257 1461 2350 1513 καὶ
2401 1461 2604 1531 τρίχες,
2637 1462 2730 1514 καὶ
2754 1462 2988 1532 τοσαύτη
3029 1461 3272 1513 ποικιλία
3311 1458 3585 1528 διαφόρων

2016 1546 2212 1597 οὐσιῶν
2238 1549 2302 1598 ὲκ
2350 1549 2478 1616 μιᾶς
2511 1549 2607 1617 τῆς
2642 1549 3007 1618 ὑποκειμένης
3040 1548 3174 1617 γῆς;
3211 1546 3351 1608 Ἀλλ’
3395 1546 3493 1598 οὐκ
3523 1544 3590 1596 ἂν

2017 1632 2158 1703 ἔχοις
2193 1636 2384 1690 εἰπεῖν.
2419 1633 2542 1697 Πῶς
2565 1631 2657 1688 οὑν
2689 1636 2787 1688 οὐκ
2815 1637 3014 1689 ἄτοπον
3045 1635 3107 1686 τὸ
3135 1635 3467 1703 σαφέστερον
3500 1633 3592 1685 καὶ

2018 1719 2382 1791 εὐκολώτερον
2413 1721 2730 1788 ἀγνοοῦντα,
2754 1722 2814 1773 τὺ
2839 1722 3262 1791 δυσχερέστερον
3293 1721 3386 1773 καὶ
3418 1721 3590 1790 ἀπορ-

2023 1808 2210 1882 ρητός
2221 1825 2309 1877 ρον
2347 1809 2804 1878 περιεργάζεσθαι
2828 1809 2922 1862 καὶ
2946 1809 3232 1877 πολυπραγ
3241 1811 3448 1877 μονεῖν;

2088 1893 2156 1962 γ’.
2184 1895 2368 1946 Βούλει
2391 1913 2448 1948 σε
2469 1897 2564 1948 καὶ
2576 1897 2659 1964 ἐφ’
2676 1897 2760 1949 ἓτε
2771 1913 2859 1966 ρον
2880 1897 2973 1948 καὶ
2997 1896 3358 1968 εὐκολώτερον
3379 1895 3590 1963 ἀγάγω,

2022 1985 2116 2036 καὶ
2146 1985 2267 2038 καθ’
2297 1987 2533 2056 ἑκάστην
2555 1986 2766 2057 ἡμέραν
2792 1985 3107 2055 γινόμενον;
3144 1986 3282 2038 Ἀλλ’
3304 1986 3451 2056 ὅμως
3475 1985 3596 2036 οὐδὲ

2020 2073 2209 2127 τούτου
2245 2092 2334 2145 μοι
2373 2075 2465 2128 τὸν
2518 2075 2675 2142 λόγον
2714 2077 2850 2147 ἐρεῖ.
2901 2077 3100 2146 Ἀρτον
3132 2074 3422 2144 σιτούμεθα
3473 2073 3595 2126 καθ’

2023 2163 2259 2233 ἑκάστην
2301 2163 2534 2232 ἡμέραν.
2586 2164 2710 2226 Πῶς
2749 2160 2862 2229 οὖν,
2916 2163 3037 2216 εἰπέ
3074 2165 3259 2234 μοι,ή
3297 2161 3389 2214 τοῦ
3430 2161 3596 2231 ἄρτου

2024 2250 2184 2318 φύσις
2220 2249 2356 2321 αὕτη
2405 2253 2484 2312 είς
2527 2244 2666 2322 αἷμα
2718 2251 3037 2320 μεθίσταται
3086 2253 3178 2302 καὶ
3223 2249 3470 2319 φλέγμα,
3504 2251 3597 2301 καὶ

2023 2337 2205 2408 χολὴν,
2235 2339 2474 2402 καὶτοὺς
2500 2339 2720 2400 λοιποὺς
2751 2339 2806 2390 ἐν
2838 2340 2968 2407 ἡμῖν
2995 2337 3237 2408 χυμούς;
3276 2338 3332 2389 Ὀ
3364 2338 3459 2407 μὲν
3491 2337 3598 2406 γάρ

2024 2427 2140 2478 ἐστι
2183 2425 2386 2488 πυκνὸς
2426 2426 2521 2478 καὶ
2567 2425 2829 2496 σκληρὸς,
2872 2425 2932 2477 τὸ
2978 2425 3032 2478 δε
3085 2419 3225 2495 αἷμα
3264 2424 3458 2494 χαυνὸν
3507 2425 3600 2476 καί⁵

2023 2514 2294 2584 διαρρέον,
2319 2515 2411 2567 καὶ
2435 2515 2463 2564 ό
2497 2514 2593 2583 μὲν
2621 2514 2811 2576 λευκὸς
2833 2514 2864 2584 ἢ
2895 2513 3192 2583 σιτόχρους,
3217 2512 3278 2564 τὸ
3299 2513 3353 2564 δὲ
3375 2512 3602 2582 ἐρυθρὸν

2026 2603 2120 2655 καὶ
2146 2601 2330 2672 μέλαν.
2347 2603 2458 2654 Καὶ
2485 2602 2592 2654 τῶν
2617 2601 2789 2656 ἄλλων
2815 2601 2870 2654 δὲ
2902 2601 3201 2672 ποιοτήτων
3219 2601 3317 2662 τὰς
3341 2599 3602 2671 διαφορὰς

2026 2691 2079 2742 εἰ
2119 2707 2204 2752 τις
2251 2689 2502 2750 ἐπέλθοι,
2561 2691 2694 2741 πολὺ
2731 2689 2793 2741 τὸ
2827 2689 2987 2758 μέσον
3032 2689 3254 2758 εὑρήσει
3298 2688 3461 2758 ἄρτου
3508 2691 3603 2741 καὶ

2026 2777 2275 2846 αἵματος.
2317 2776 2440 2839 Πῶς
2475 2773 2566 2828 οὖν
2597 2775 2768 2829 ταῦτα
2798 2777 3028 2843 γίνεται,
3070 2776 3188 2827 εἰπέ
3222 2792 3332 2844 μοι,
3386 2775 3479 2826 καὶ
3513 2774 3605 2826 τὸν

2027 2865 2182 2934 λόγον
2210 2865 2425 2928 ἀπόδος.
2473 2863 2610 2916 Ἀλλ’
2641 2865 2740 2916 οὐκ
2784 2863 2848 2916 ἂν
2883 2863 3046 2932 ἔχοις.
3078 2861 3210 2915 Εἶτα
3257 2863 3466 2934 τροφῆς
3505 2865 3604 2932 τῆς

2028 2953 2150 3006 καθ’
2180 2954 2392 3024 ἡμέραν
2423 2953 2809 3023 ἀλλοιουμένης
2847 2955 3148 3022 παρασχεῖν
3183 2953 3274 3004 τὸν
3306 2952 3462 3020 λόγον
3506 2952 3606 3004 οὑκ

2029 3042 2200 3114 έχων,
2234 3043 2332 3113 τῆς
2365 3041 2457 3094 τοῦ
2496 3042 2630 3094 Θεοῦ
2660 3041 3016 3112 δημιουργίας
3059 3042 3307 3102 ἀπαιτεῖς
3345 3058 3411 3110 με
3445 3040 3608 3093 εὐθύ-

2028 3147 2156 3193 νας;
2194 3132 2301 3182 Καὶ
2335 3129 2451 3192 πῶς
2473 3130 2571 3183 οὐκ
2596 3129 2828 3198 ἐσχάτης
2847 3129 3032 3192 ἀνοίας
3065 3129 3256 3194 τοῦτο;
3282 3128 3344 3180 Εἰ
3377 3130 3475 3197 μὲν
3498 3129 3606 3200 γὰρ

2030 3219 2153 3272 καθ’
2175 3220 2323 3289 ἡμᾶς
2352 3221 2498 3271 ἐστιν
2526 3219 2554 3270 ό
2595 3219 2744 3282 Θεὸς,
2783 3218 3003 3270 ἀπαίτει
3039 3219 3144 3270 τῶν
3177 3218 3483 3287 γενομένων
3504 3218 3606 3271 τὸν

2029 3306 2184 3374 λόγον
2202 3325 2214 3335 ’
2245 3306 2444 3376 μᾶλλον
2476 3307 2531 3359 δὲ
2563 3307 2697 3378 μηδὲ
2724 3307 2864 3358 οὐτω
2883 3323 2898 3337 ο
2933 3305 3104 3358 πολλὰ
3130 3307 3237 3377 γὰρ
3259 3306 3369 3357 τῶν
3398 3305 3609 3378 ἀνθρω-

2030 3396 2162 3468 πίνῃ
2194 3395 2491 3465 γινομένων
2518 3397 2682 3468 τέχνῃ
2720 3396 2867 3458 ὅπως
2896 3395 3102 3462 γίνεται
3148 3397 3321 3446 εἰπεῖν
3350 3395 3448 3446 οὑκ
3490 3395 3608 3464 έχο-

2033 3498 2168 3550 μεν·
2198 3479 2330 3547 οἷον,
2362 3482 2479 3544 πῶς
2514 3484 2622 3534 ἀπὸ
2655 3482 2759 3551 γῆς
2799 3483 2896 3551 τῆς
2930 3485 2987 3534 ὲν
3016 3485 3124 3545 τοῖς
3157 3482 3437 3550 μετάλλοις
3479 3499 3610 3552 χρυ-

2034 3574 2148 3627 σίου
2188 3573 2397 3640 γίνεται
2446 3572 2635 3640 φύσιςο
2690 3572 2806 3634 πῶς
2839 3575 2918 3635 είς
2968 3571 3121 3624 ὑελοῦ
3169 3572 3516 3640 καθαρότητα
3575 3575 3607 3644 ἡ

2029 3664 2254 3732 ψάμμος
2291 3661 2609 3732 μεθίσταται
2631 3673 2675 3714 ο.
2709 3663 2816 3714 Καὶ
2839 3662 3000 3730 ἕτερα
3021 3661 3223 3714 τούτων
3245 3663 3357 3714 ἔστι
3392 3663 3608 3715 πλείονα

2033 3753 2228 3814 εἰπεῖν,
2249 3749 2286 3802 ἃ.
2306 3749 2514 3817 γίνεται
2542 3750 2639 3819 μὲν
2670 3748 2982 3819 ἀνθρωπίνῃ
3019 3749 3203 3819 τέχνῃ,
3237 3750 3326 3801 τὸν
3363 3750 3419 3800 δὲ
3453 3750 3607 3816 λόγον

2033 3841 2133 3895 οὑκ
2168 3839 2322 3910 ἴσμεν
2347 3840 2527 3908 ἡμεῖς.
2563 3838 2707 3908 Πλὴν
2731 3839 2845 3890 ἀλλ’
2880 3841 2927 3890 εἰ
2957 3839 3054 3907 μὲν
3089 3839 3210 3892 καθ’
3246 3840 3392 3908 ἡμᾶς
3421 3841 3449 3890 ό
3476 3840 3609 3902 Θεός

2035 3929 2203 3989 ἐστιν,
2235 3926 2454 3979 ἀπαίτει
2487 3925 2643 3992 λόγον
2663 3943 2675 3954 ·
2717 3927 2765 3977 εἰ
2805 3925 2862 3978 δὲ
2894 3926 3134 3996 ἀπείρως
3164 3926 3320 3995 ἡμῶν
3356 3911 3625 3994 διέστηκέ

2038 4015 2133 4068 καὶ
2164 4011 2508 4083 ἀσυγκρίτως
2541 4013 2820 4084 ὑπερέχει,
2862 4016 2978 4075 πῶς
3019 4015 3119 4064 οὐκ
3161 4014 3394 4084 ἐσχάτης
3422 4014 3487 4066 ἂν
3523 4015 3610 4084 εἴη

2041 4103 2257 4172 μανίας,
2287 4102 2513 4173 ἄπειρον
2547 4102 2712 4155 αὑτοῦ
2739 4103 2831 4155 καὶ
2854 4103 2954 4172 τὴν
2981 4103 3171 4171 σοφίαν
3206 4103 3300 4155 καὶ
3327 4102 3424 4172 τὴν
3452 4101 3612 4155 δύνατ

2041 4209 2132 4261 μιν
2173 4190 2586 4260 ὁμολογοῦντας,
2621 4189 2714 4242 καὶ
2751 4189 2898 4242 θείαν
2945 4190 3038 4242 καὶ
3079 4189 3480 4258 ἀκατάληπτον,
3535 4189 3612 4251 ὡς

2038 4280 2165 4349 περὶ
2193 4278 2538 4348 ἀνθρωπίνης
2582 4278 2726 4342 τινὸς
2772 4277 2986 4347 τέχνης,
3029 4277 3171 4330 οῦτω
3214 4278 3334 4330 καθ’
3381 4279 3611 4330 ἕκαστον

2037 4369 2146 4422 τῶν
2178 4368 2476 4438 γινομένων
2515 4368 2764 4420 ἀπαιτεῖν
2797 4365 3026 4429 εὐθύνας
3069 4367 3267 4430 αὐτόν;
3317 4366 3476 4440 ama
3502 4368 3611 4436 γαρ

2038 4457 2267 4526 ἀφέντες
2309 4459 2434 4517 τοὺς
2459 4455 2782 4525 λογισμοὺς,
2815 4455 2905 4506 ἐπὶ
2947 4455 3043 4524 τὴν
3073 4452 3221 4527 ἱθλιθ]
3255 4453 3462 4524 πέτραν
3512 4456 3611 4505 ἐπ-

2039 4545 2348 4615 ανέλθωμεν
2375 4545 2473 4614 τὴν
2500 4544 2715 4615 ἀρραγῆ
2743 4561 2753 4571 ·
2787 4545 2889 4598 Ἔν
2911 4542 3068 4611 ἀρχῇ
3101 4543 3389 4610 ἐποίησεν
3413 4546 3444 4595 ὀ
3469 4547 3612 4609 Θεέ-ς

2038 4635 2146 4687 τὸν
2174 4633 2434 4700 οὐρανὸν
2472 4633 2570 4686 καὶ
2606 4633 2720 4699 τὴν
2764 4631 2900 4700 γῆν.
2946 4633 3067 4684 Ἐπὶ
3121 4631 3292 4703 τούτῳ
3337 4633 3493 4702 στῆθι
3533 4633 3611 4702 τῷ

2041 4721 2273 4792 θεμελίῳ
2295 4736 2306 4748 ⁸
2348 4722 2420 4790 μή
2453 4721 2537 4783 τίς
2563 4737 2621 4772 σε
2648 4721 2730 4783 είς
2756 4719 3030 4791 λογισμῶν
3053 4719 3406 4791 ἀνθρωπίνων
3440 4737 3611 4790 ταρα-

2040 4813 2140 4882 χὴν
2174 4813 2490 4883 καταγάγῃο
2526 4813 2812 4882 Λογισμοὶ
2858 4814 2968 4880 γὰρ
2998 4811 3230 4878 θνητῶν
3268 4811 3477 4875 δειλοί,
3512 4811 3610 4864 καὶ

2039 4899 2396 4968 ἐπισφαλεῖς
2420 4903 2477 4952 αὶ
2508 4899 2763 4952 ἐπίνοιαι
2793 4899 3011 4951 αὐτῶν.
3035 4899 3126 4969 Μὴ
3155 4899 3332 4950 τοίνυν
3361 4898 3420 4950 τὸ
3455 4901 3610 4969 στερο

2043 4989 2134 5060 ρὸν
2165 4987 2182 5026 ί
2216 4989 2400 5052 ἀφεὶς,
2434 4987 2512 5057 τῷ
2541 4987 2725 5058 σαθρῷ
2763 4988 2855 5040 καὶ
2889 4987 3176 5055 ἐπισφαλεῖ
3208 4986 3302 5058 τὴν
3339 4987 3611 5058 σωτηρίαν

2042 5078 2351 5148 ὲγχειρίσῃς
2380 5077 2481 5146 τῆς
2511 5079 2610 5146 σῆς
2639 5075 2814 5145 ψυχῆς
2837 5092 2851 5105 ”
2889 5075 3022 5128 άλλά
3056 5076 3183 5144 μένε
3213 5077 3268 5126 ὲν
3301 5071 3380 5137 οἷς
3409 5075 3608 5144 ἔμαθες

2042 5171 2135 5220 καὶ
2155 5166 2481 5236 ἐπιστώθης,
2499 5165 2592 5218 καὶ
2613 5166 2736 5233 λέγε
2756 5181 2769 5194 °
2801 5165 2902 5217 Ἐν
2926 5163 3083 5232 ἀρχῇ
3104 5165 3391 5229 ἐποίησεν
3410 5167 3442 5217 ὀ
3465 5164 3609 5228 Θεὸς

2041 5256 2149 5308 τὸν
2184 5254 2443 5322 οὐρανὸν
2476 5254 2575 5307 καὶ
2620 5255 2736 5321 τὴν
2761 5252 2896 5323 γῆν.
2947 5253 3064 5305 Κᾶν
3107 5255 3404 5322 Μανιχαῖος
3437 5268 3607 5321 προσ-

2044 5344 2194 5415 έλθῃ,
2221 5345 2324 5396 κᾶν
2348 5343 2629 5414 Μαρκίων.
2648 5343 2747 5395 κᾶν
2769 5343 2818 5394 οἰ
2844 5339 2913 5394 τά
2933 5339 3286 5394 Οὐαλεντίνου
3307 5338 3613 5403 νοσοῦντες,

2043 5433 2143 5486 κᾶν
2169 5431 2412 5485 ὁστισοῦν
2439 5431 2644 5501 ἕτερος,
2672 5429 2829 5482 τοῦτο
2862 5427 3163 5499 προϐάλλου
3197 5429 3257 5479 τὸ
3296 5427 3446 5497 ῥῆμα
3468 5443 3479 5455 ·
3507 5425 3613 5480 κᾶν

2045 5522 2158 5595 ἴδῃς
2189 5523 2449 5590 γελῶντα,
2474 5523 2537 5574 σὺ
2565 5520 2830 5590 δάκρυσον
2855 5517 3014 5570 αὐτὸν
3036 5517 3112 5580 ὡς
3144 5517 3480 5587 μαινόμενον.
3501 5514 3612 5569 [1'3-

2105 5669 2132 5708 ἀ
2160 5668 2306 5729 Ὑμήν
2331 5669 2410 5715 καὶ
2427 5667 2597 5729 πιμελὴ
2621 5665 2699 5712 καὶ
2714 5664 2891 5729 σάρκες
2915 5663 3037 5729 Reg:

2111 5735 2133 5760 ε
2161 5723 2447 5778 Μεθίσταται
2474 5723 2592 5788 Reg.
2625 5735 2678 5773 el.
2708 5723 2843 5788 δεινῇ-ί
2867 5760 2878 5782 ,
2924 5723 3200 5788 καθίσταται
3227 5723 3397 5774 Morel.

2112 5791 2128 5830 ί
2160 5793 2281 5854 Reg.
2304 5791 2507 5853 στερεόν.
2536 5785 2658 5839 Ιῖιίηι
2680 5788 2764 5835 κᾶν
2787 5785 3055 5850 Μαεψιχαῖος.
