4028 6360
491 362 598 419 585

491 475 637 545 ξινον
669 471 882 543 ἔχουσιν
911 472 1105 528 ἐκεῖνοι
1135 473 1195 528 τὸ
1236 473 1453 545 χρῶμα,
1488 477 1584 528 καὶ
1612 472 2054 544 κατεσταλμένην

489 560 588 630 τὴν
625 559 816 628 ὀφρὺν,
863 558 956 611 καὶ
990 558 1245 628 ῥημάτων
1285 559 1616 612 ἐπιείκειαν·
1666 557 1800 611 ἀλλά
1830 556 1967 626 φύγε
1997 554 2058 607 τὸ

489 641 700 710 δέλεαρ,
737 640 831 694 καὶ
864 639 950 691 τὸν
980 642 1038 692 ἐν
1064 642 1129 710 τῇ
1161 639 1291 711 δορᾷ
1312 643 1406 695 τοῦ
1443 641 1714 712 προϐάτου
1749 639 2059 710 κρυπτόμε-

491 741 581 777 νον
608 722 988 791 καταμάνθανε
1037 723 1219 777 λύκον.
1272 725 1369 777 Διά
1407 725 1566 778 τοῦτο
1617 724 1777 778 αὑτὸν
1827 723 2059 793 μάλιστα

493 807 741 876 μίσησον,
767 806 848 858 ὅτι
871 804 1006 876 πρὸς
1031 805 1130 874 μὲν
1153 807 1243 858 τὸν
1268 806 1553 876 ὁμόδουλόν
1582 823 1641 858 σε
1669 804 1943 877 προσηνὴς
1966 804 2059 856 καὶ

489 889 696 961 ἥμερος
727 886 865 941 εἶναι
903 889 1068 954 δοκεῖ,
1111 890 1245 961 πρὸς
1284 891 1340 942 δέ
1372 891 1462 942 τὸν
1497 889 1672 942 κοινὸν
1703 887 1860 959 ἡμῶν
1889 887 2060 940 ἁπάν-

487 988 598 1025 των
649 971 926 1040 Δεσπότην
975 972 1153 1026 κυνῶν
1184 972 1496 1026 λυττώντων
1527 974 1671 1025 ἐστὶν
1709 969 2056 1041 ἀγριώτερος,

488 1055 801 1126 ἀκήρυκτον
832 1056 912 1118 εἰς
945 1056 1036 1108 τὸν
1056 1056 1281 1127 οὐρανὸν
1313 1057 1492 1126 μάχην
1523 1055 1757 1123 εἰσάγων
1779 1054 1873 1106 καὶ
1901 1052 2060 1105 πόλε⁹

491 1155 592 1206 μον
615 1137 897 1200 ἄσπονδον,
929 1139 1024 1191 καὶ
1051 1138 1276 1209 δύναμίν
1306 1155 1428 1192 τινα
1451 1138 1510 1203 ἐξ
1542 1137 1786 1200 ἐναντίας
1807 1134 2060 1190 ἀντικαθ-

493 1223 656 1276 ιστῶν
691 1223 768 1292 τῷ
809 1223 944 1294 Θεῷ.
977 1225 1117 1292 Φύγε
1143 1226 1234 1278 τὸν
1271 1226 1346 1278 ἰὸν
1388 1225 1488 1294 τῆς
1526 1224 1806 1294 πονηρίας,
1835 1222 2059 1292 μίσησον

489 1307 559 1360 τὰ
581 1307 882 1378 δηλητήρια
921 1309 1222 1380 φάρμακα·
1254 1309 1349 1361 καὶ
1388 1310 1454 1380 ἢν
1487 1308 1636 1380 παρὰ
1673 1306 1780 1359 τῶν
1811 1307 2060 1374 πατέρων

491 1389 655 1454 ἐδέξω
681 1391 1062 1462 κληρονομίαν,
1097 1393 1195 1462 τὴν
1228 1393 1336 1446 ἀπὸ
1376 1391 1485 1445 τῶν
1520 1391 1678 1445 θείων
1708 1387 1938 1458 Γραφῶν
1966 1387 2058 1440 πί-

494 1486 610 1521 στιν
641 1471 736 1522 καί
782 1470 1160 1533 διδασκαλίαν,
1197 1471 1400 1541 ταύτην
1443 1471 1636 1540 κάτεχε
1673 1467 1809 1538 μετά
1860 1467 2057 1536 πολλῆς

492 1551 595 1620 τῆς
623 1553 942 1621 ἀσφαλείας.
980 1555 1079 1607 Ἐν
1102 1554 1258 1624 ἀρχῇ
1278 1555 1565 1623 ἐποίησεν
1594 1557 1626 1608 ό
1655 1552 1797 1618 Θεὸς
1828 1552 1933 1604 τὸν
1958 1553 2060 1602 οὺ-

485 1643 678 1703 ρανὸν
702 1637 799 1690 καὶ
827 1637 940 1705 τὴν
971 1637 1106 1706 γῆν.
1136 1639 1200 1690 Τί
1228 1638 1417 1702 τοῦτο;
1450 1638 1662 1709 πρῶτον
1692 1635 1781 1688 τὸν
1811 1634 2057 1703 οὐρανὸν,

493 1713 611 1771 εἶτα
643 1720 740 1788 τὴν
769 1719 906 1790 γῆν;
945 1721 1157 1790 πρῶτον
1191 1721 1280 1773 τὸν
1310 1720 1506 1790 ὄροφον
1527 1729 1570 1784 ⁸,
1610 1714 1726 1771 εἶτα
1757 1717 1817 1770 τὸ
1837 1717 2057 1784 ἕδαφος;

493 1801 568 1852 Ού
608 1801 716 1871 γὰρ
745 1802 958 1874 ἀνάγκῃ
1009 1803 1223 1870 φύσεως
1270 1803 1574 1863 ὑπόκειται,
1608 1802 1728 1854 οὐδε
1774 1799 2063 1874 ἀκολουθίᾳ.

491 1867 965 1953 τέχνης-δουλεύεῖ.
995 1867 1100 1938 Καὶ
1131 1886 1238 1956 γάρ
1267 1887 1360 1938 καὶ
1389 1885 1602 1954 φύσεως
1641 1885 1732 1936 καὶ
1755 1867 1946 1952 τέχνης
1969 1881 2062 1934 καὶ

491 1966 598 2018 τῶν
628 1967 794 2020 ὄντων
821 1968 1075 2022 ἁπάντων
1101 1968 1134 2037 ἡ
1167 1967 1416 2038 βούλησις
1439 1967 1533 2020 τοῦ
1567 1965 1701 2019 Θεοῦ
1737 1965 2061 2036 δημιουργὸς

491 2052 587 2103 καί
618 2050 866 2122 τεχνίτης
891 2053 1024 2106 ἐστί.
1067 2053 1128 2105 Ἡ
1147 2052 1216 2105 δὲ
1244 2051 1319 2122 γῆ
1337 2052 1417 2120 ἦν
1443 2052 1693 2119 ἀόρατος
1725 2049 1823 2102 καί
1844 2049 2060 2102 ἀκατα-

491 2134 851 2200 σκεύαστος.
888 2135 1042 2198 Τίνος
1083 2136 1268 2188 ἕνεκεν
1297 2135 1389 2187 τὸν
1431 2134 1528 2205 μέν
1569 2133 1795 2203 οὐρανὸν
1831 2133 2062 2204 ἀπαρτιο

493 2216 690 2270 σθέντα
709 2219 1018 2289 παρήγαγε.
1041 2220 1139 2287 τὴν
1167 2217 1222 2271 δὲ
1250 2217 1354 2288 γῆν
1376 2218 1515 2270 κατὰ
1537 2217 1727 2287 μικρὸν
1749 2214 2016 2286 τεχνεύειν
2034 2213 2060 2251 δ

490 2301 655 2353 αὐτόν
681 2316 846 2369 φησιν
875 2302 904 2352 ὁ
927 2302 1202 2372 Μωῡσῆςς
1225 2301 1343 2354 Ἵνα
1370 2302 1427 2353 ἐν
1451 2298 1527 2365 τῷ
1557 2299 1785 2368 βελτίονι
1817 2296 2063 2367 στοιχείῳ

497 2381 682 2451 μαθὼν
707 2382 871 2436 αὑτοῦ
895 2383 995 2452 τὴν
1017 2382 1242 2452 δύναμιν
1268 2381 1687 2454 πληροφορηθῇς
1710 2381 1790 2434 ὅτι
1814 2381 1906 2432 καὶ
1936 2378 2064 2432 ταύ-

489 2482 590 2535 την
635 2465 864 2532 ἠδύνατο
884 2507 899 2530 ,
935 2465 1184 2537 καθάπερ
1216 2468 1439 2529 ἐκεῖνον,
1471 2464 1884 2535 ἀπηρτισμένην
1919 2479 2062 2532 παρ-

491 2553 736 2618 ἀγαγεῖν.
778 2549 937 2602 Ἀλλά
959 2551 1047 2602 διά
1080 2550 1139 2601 σὲ
1165 2551 1257 2602 καὶ
1288 2548 1386 2619 τὴν
1415 2549 1688 2618 σωτηρίαν
1717 2548 1813 2619 τὴν
1842 2547 1938 2618 σὴν
1964 2548 2064 2600 ούκ

492 2632 747 2702 ἐποίησεν
781 2631 941 2685 οὕτω.
974 2633 1096 2694 Πῶς
1133 2631 1200 2684 δι’
1246 2632 1345 2700 ἐμὲ
1397 2633 1489 2684 καὶ
1519 2633 1617 2700 τὴν
1653 2631 1925 2701 σωτηρίαν
1964 2630 2062 2700 τὴν

490 2715 649 2786 ἐμὴν,
683 2716 814 2786 φησί
839 2727 896 2780 ο;
930 2717 1095 2785 Κοινὴ
1124 2715 1371 2786 τράπεζα
1399 2716 1493 2768 καὶ
1522 2717 1719 2786 πατρὶς
1747 2717 1841 2767 καὶ
1867 2713 2064 2786 τροφὸς

491 2800 586 2851 καὶ
619 2800 797 2870 μήτηρ
826 2800 1078 2852 ἁπάντων
1109 2800 1253 2852 ἐστὶν
1285 2801 1318 2870 ή
1350 2799 1442 2869 γῆ,
1467 2800 1558 2852 καὶ
1587 2799 1741 2860 πόλις
1773 2798 1867 2851 καὶ
1895 2797 2064 2866 τάφος

491 2883 688 2945 κοινός.
709 2883 816 2934 Καὶ
838 2885 946 2952 γάρ
983 2882 1050 2936 τά
1075 2883 1299 2954 σώματα
1327 2883 1484 2953 ἡμῶν
1517 2882 1576 2947 ἐξ
1604 2882 1793 2951 αὐτῆς,
1831 2882 1922 2934 καὶ
1948 2897 2066 2952 τρο-

493 2967 566 3038 φὴ
594 2969 706 3030 τοῖς
747 2966 993 3037 σώμασιν
1024 2968 1177 3038 ἡμῶν
1206 2967 1433 3030 ἐκεῖθεν,
1475 2969 1566 3019 καὶ
1600 2966 1813 3035 οἴκησις
1838 2966 1895 3017 ἐν
1925 2964 2062 3035 αὐτῇ

491 3050 586 3102 καὶ
621 3049 902 3120 διαγωγὴ,
937 3051 1031 3102 καὶ
1063 3050 1199 3120 μετά
1235 3049 1462 3102 θάνατον
1501 3050 1638 3120 πρὸς
1682 3050 1849 3121 αὐτὴν
1903 3048 2064 3101 πάλιν

491 3133 770 3196 ἐπάνοδος.
794 3135 890 3187 Ἵν⁹
922 3129 1014 3186 οὖν
1058 3133 1131 3204 μὴ
1164 3135 1224 3185 τὸ
1253 3135 1350 3203 τῆς
1388 3134 1576 3204 χρείας
1607 3135 1899 3203 ἀναγκαῖον
1925 3133 2065 3202 ὑπὲρ

493 3217 594 3286 τὴν
621 3216 777 3280 ἀξίαν
808 3233 867 3268 σε
897 3216 1197 3286 θαυμάζειν
1230 3217 1400 3287 αὐτὴν
1434 3219 1847 3290 παρασκευάσῃ,
1883 3215 1977 3270 καὶ
2006 3216 2065 3268 τὸ

492 3298 603 3350 τῶν
642 3299 968 3369 εὐεργεσιῶν
1001 3298 1204 3368 πλῆθος
1249 3300 1385 3370 πρὸς
1419 3299 1673 3353 ἀσέϐειαν
1711 3298 2062 3368 ὑποσκελίσῃ,

494 3381 731 3434 δείκνυσί
764 3398 866 3445 σοι,
897 3383 1027 3452 πρὶν
1055 3383 1087 3453 ἢ
1115 3382 1388 3451 γενέσθαι,
1421 3385 1590 3453 αὐτὴν
1621 3384 1943 3455 ἀμόρφωτον
1972 3382 2066 3435 καὶ

494 3463 886 3528 ἀδιατύπωτον,
916 3465 1002 3519 ἵνα
1033 3466 1130 3537 τὴν
1161 3466 1440 3518 ἀσθένειαν
1477 3464 1618 3532 ἰδὼν,
1661 3465 1946 3536 θαυμάσῃς
1977 3465 2065 3518 τὸν

495 3551 886 3620 παραγαγόντα
928 3549 1131 3621 αὐτὴν,
1165 3550 1260 3602 καὶ
1300 3552 1478 3603 πᾶσαν
1525 3549 1749 3603 ἐνθέντα
1799 3549 1937 3620 αὐτῇ
1969 3547 2065 3617 τὴν

493 3631 722 3702 δύναμιν
751 3631 952 3704 ταύτην
976 3650 991 3664 ·
1034 3634 1120 3687 ἵνα
1159 3631 1389 3706 δοξάσῃς
1417 3633 1508 3685 τὸν
1551 3632 1621 3684 τὰ
1648 3631 1884 3690 τοσαῦτα.
1913 3629 2064 3700 [650]

493 3715 630 3786 πρὸς
657 3715 930 3786 ἡμετέραν
963 3715 1146 3770 ἀνεσιν
1179 3715 1639 3768 κατεσκευακότα.
1685 3712 1975 3777 Δοξάζεται
2009 3713 2067 3767 δέ

492 3800 520 3850 ὁ
549 3797 680 3862 Θεὸς
716 3798 776 3851 οὐ
807 3798 893 3851 διά
927 3798 1211 3868 δογμάτων
1241 3797 1415 3868 ὀρθῶν
1453 3797 1641 3868 μόνον,
1682 3796 1818 3849 ἀλλά
1856 3797 1950 3849 καὶ
1979 3795 2067 3854 διά

492 3881 767 3944 πολιτείας
800 3882 1061 3952 ἀρίστης·
1103 3880 1405 3950 Λαμψάτω
1451 3881 1557 3952 γὰρ
1594 3879 1781 3949 ὑμῶν,
1809 3880 1964 3949 φησὶ,
2000 3879 2065 3932 τὸ

491 3963 619 4033 φῶς
644 3965 982 4033 ἔμπροσθεν
1002 3964 1121 4017 τῶν
1141 3964 1481 4030 ἀνθρώπων,
1500 3962 1658 4028 ὅπως
1678 3964 1886 4016 ῑδωσιν
1900 3961 2068 4031 ὑμῶν

492 4045 566 4098 τὰ
603 4047 760 4099 καλὰ
784 4047 949 4116 ἔργα,
989 4045 1090 4100 καὶ
1127 4046 1433 4110 δοξάσωσι
1476 4045 1583 4098 τὸν
1614 4045 1846 4114 Πατέρα
1898 4044 2068 4115 ὑμῶν

495 4130 604 4185 τὸν
630 4133 700 4184 ἐν
729 4131 853 4198 τοῖς
885 4131 1183 4198 οὐρανοῖς.

564 4282 628 4334 δ’.
682 4281 1014 4352 Ἐϐουλόμην
1043 4283 1168 4344 τοὺς
1195 4283 1323 4352 περί
1348 4280 1714 4351 ἐλεημοσύνης
1749 4280 2064 4353 προσθεῖναι

495 4364 715 4432 λόγους⁶
761 4364 897 4418 ἀλλά
939 4365 1188 4434 περιττόν
1241 4381 1332 4433 μοι
1378 4363 1525 4416 δοκεῖ
1553 4359 1690 4416 εἶναι
1735 4364 1877 4434 λόγῳ
1917 4364 2062 4419 διδά-

498 4465 650 4501 σκειν
673 4448 840 4516 ὑμᾶς,
865 4447 958 4500 τοῦ
988 4447 1076 4500 διά
1103 4447 1211 4501 τῶν
1233 4447 1412 4518 ἐργων
1444 4449 1587 4519 ὑμᾶς
1610 4447 1883 4501 παιδεύειν
1906 4447 2066 4500 δυνα-

499 4531 662 4602 μένου
687 4531 782 4584 νῢν
812 4533 871 4584 ἐν
909 4531 1057 4601 μέσω
1105 4531 1451 4602 καθημένου,
1497 4531 1591 4584 τοῦ
1632 4531 1812 4585 κοινοῦ
1865 4533 2066 4602 πατρὸς

495 4616 654 4688 ἡμῶν
680 4615 777 4669 καὶ
809 4617 1151 4678 διδασκάλου,
1196 4616 1254 4679 ὃς
1304 4616 1401 4687 τὴν
1426 4615 1601 4668 οἰκίαν
1655 4615 1751 4686 τὴν
1783 4617 2063 4687 πατρῴαν,

497 4701 688 4770 ῶσπερ
704 4701 783 4764 εἰς
811 4700 944 4753 αὐτὸ
969 4700 1126 4753 τοῦτο
1154 4699 1306 4771 παρά
1321 4700 1429 4752 τῶν
1447 4701 1726 4770 προγόνων
1753 4701 2062 4770 δεξάμενος,

498 4785 586 4836 ἵνα
606 4785 724 4843 ταῖς
747 4783 854 4836 τῶν
891 4782 1056 4848 ξένων
1085 4783 1254 4853 αὐτὴν
1276 4781 1592 4855 θεραπείαις
1623 4785 1897 4857 παράσχῃ,
1925 4785 2067 4837 οὕτω

496 4866 786 4929 διαπαντὺς
810 4867 926 4928 τοῖς
954 4865 1214 4918 πάντοθεν
1248 4864 1625 4935 ἐλαυνομένοις
1649 4867 1786 4936 ὑπὲρ
1811 4867 1908 4936 τῆς
1937 4868 2068 4936 ἀλη-

411 5005 415 5009 λ
498 4949 650 5012 θείας
671 4948 970 5020 ἀνῆκε,καί
993 4948 1328 5017 ὑποδέχεται,
1345 4948 1440 5000 καὶ
1462 4947 1750 5016 θεραπεύει
1776 4948 2068 5018 θεραπείας

495 5032 685 5103 τρόπῳ
715 5031 1066 5099 παντοδαπῴο
1093 5029 1233 5082 ὥστε
1260 5031 1359 5084 οὐκ
1374 5028 1489 5084 οἶδα
1514 5032 1560 5082 εί
1584 5031 1687 5100 χρὴ
1713 5030 1902 5084 τούτου
1935 5032 2068 5102 μάλ--

497 5114 659 5186 λον,ἦ
690 5115 797 5168 τῶν
825 5115 991 5180 ξένων
1019 5116 1200 5168 καλεῖν
1229 5116 1326 5186 τὴν
1349 5118 1524 5170 οἰκίαν
1547 5117 1642 5187 τὴν
1667 5119 1854 5172 τούτου
1876 5136 1890 5150 ·
1930 5118 2066 5186 μᾶλ-

499 5198 591 5252 λον
620 5200 679 5252 δὲ
707 5200 795 5252 διὰ
818 5201 976 5254 τοῦτο
997 5199 1186 5253 τούτου
1202 5200 1228 5239 ά
1253 5201 1492 5270 νομίζειν
1518 5197 1655 5255 εἶναι
1675 5203 1864 5272 αὐτὴν,
1882 5202 2068 5270 ἐπειδὴ

497 5284 607 5337 τῶν
639 5283 803 5350 ξένων
833 5285 966 5338 ἐστί.
999 5284 1109 5336 Καὶ
1138 5285 1244 5356 γὰρ
1276 5285 1344 5338 τὰ
1376 5286 1617 5355 ἡμέτερα
1656 5285 1908 5355 κτήματα
1949 5286 2069 5339 τότε

500 5369 738 5440 μάλιστα
765 5369 1011 5438 ἡμέτερα
1025 5368 1253 5437 γίνεται,
1275 5369 1400 5422 ὅταν
1432 5368 1505 5439 μὴ
1540 5370 1668 5439 ἡμῖν
1707 5369 1907 5432 αὐτοῖς,
1937 5369 2070 5422 ἀλλά

564 5605 592 5666 ς²
613 5603 732 5666 Post
754 5604 923 5666 ὄροφον
943 5604 1068 5666 Reg.
1093 5607 1167 5654 ναί
1188 5607 1333 5656 addit.

562 5663 591 5726 Β
616 5665 737 5725 Reg.
757 5663 1051 5726 τεχνιτεύεινῖ

563 5725 778 5792 39mm-
803 5725 947 5792 {iﬁove
973 5730 1317 5792 συνετῶςλίθε.

565 5781 593 5821 ά
617 5785 738 5845 Reg.
765 5787 897 5836 addit
918 5789 1026 5848 χρή.

1193 361 1248 417 S.
1283 362 1568 419 JOANNIS
1602 363 2086 421 CIIRYSOSTOHI
2120 363 2435 421 ARCHIEP.
2469 365 3010 425 CONSTANTINOP.

3621 368 3722 426 586

2164 475 2276 537 τοῖς
2300 474 2525 544 πένησιν
2549 475 2686 529 αὐτὰ
2715 475 3037 546 κεκτημένοι
3063 471 3349 536 διαπαντὸς
3375 467 3524 544 ὦμεν
3544 487 3589 530 θ.
3619 478 3724 532 Καὶ

2164 556 2301 620 πῶς,
2320 556 2430 625 ἐγὼ
2452 557 2617 625 λέγω.
2640 560 2736 610 Ἂν
2761 559 2839 622 εἰς
2864 557 3042 622 δεξιὰν
3064 555 3155 608 τοῦ
3179 556 3411 626 πένητος
3435 557 3611 628 ἀποϐῇ
3619 578 3644 623 ς
3666 562 3725 614 τὸ

2163 639 2446 710 ἀργύριον,
2493 642 2554 694 οὐ
2613 642 2951 712 συκοφάντης
2994 639 3320 702 ἐπιτίθεται,
3359 641 3420 692 οὐ
3462 641 3724 710 βάσκανος

2163 721 2434 791 ὀφθαλμὸς
2460 723 2580 793 ὁρᾷ,
2612 722 2673 776 ού
2702 723 2902 795 λῃστὴς
2936 723 3266 794 ὑφαιρεῖται,
3307 723 3370 775 οὐ
3399 723 3729 794 τοιχωρύχος

2164 803 2432 875 διορύξας,
2457 806 2554 857 οὐκ
2583 807 2797 876 οἰκέτης
2829 807 3156 876 ἀφελόμενος
3187 805 3571 877 ἀποδιδράσκει
3594 827 3608 841 ·
3635 811 3730 861 καὶ

2164 888 2270 956 γάρ
2287 889 2432 941 ἐστιν
2455 889 2646 941 ἄσυλον
2661 891 2834 942 ἐκεῖνο
2864 891 2924 942 τὸ
2945 891 3211 959 ταμιεῖον.
3237 891 3333 942 Ἂν
3355 889 3412 940 δὲ
3442 892 3579 942 οῐκοι
3604 907 3731 945 κατ-

2165 968 2383 1042 ορύξῃς,
2419 973 2510 1024 καὶ
2549 971 2716 1042 λῃστῇ
2753 972 2846 1024 καὶ
2874 971 3189 1042 τοιχωρύχῳ
3225 973 3321 1024 καὶ
3352 971 3606 1042 βασκάνῳ
3637 975 3730 1026 καὶ

2167 1053 2474 1124 συκοφάντῃ
2497 1055 2590 1106 καὶ
2617 1055 2800 1124 οἰκέτῃ
2825 1055 2918 1107 καὶ
2937 1054 3085 1124 πάσῃ
3119 1053 3288 1125 βλάϐῃ
3305 1057 3478 1118 ποιεῖς
3499 1056 3733 1108 ὑπεύθυ-

2163 1151 2254 1187 νον
2282 1135 2342 1188 τὸ
2363 1136 2598 1206 χρυσίον.
2619 1135 2882 1198 Πολλάκις
2903 1135 3033 1203 γοῦν
3059 1135 3198 1205 μετά
3216 1136 3385 1207 θύρας
3415 1138 3616 1208 μυρίας
3641 1139 3733 1191 καὶ

2173 1218 2405 1289 μοχλοὺς
2439 1221 2541 1283 τὰς
2586 1221 2683 1290 μὲν
2720 1219 2917 1284 ἔξωθεν
2952 1220 3213 1290 ἐπηρείας
3247 1221 3490 1289 διέφυγε,
3520 1225 3649 1286 τοὺς
3679 1223 3733 1278 δὲ

2166 1301 2410 1370 φύλακας
2442 1305 2501 1356 οὐ
2529 1302 2798 1372 διέφυγεν,
2834 1303 2946 1357 ἀλλ’
2971 1305 3021 1356 οἱ
3057 1304 3352 1376 τηροῦντες
3378 1306 3512 1358 αὐτὸ
3547 1306 3734 1359 λαϐόν-

2164 1401 2256 1448 τες
2303 1385 2637 1456 ἀπέδρασαν.
2673 1387 2836 1458 Ὁρᾷς
2873 1387 2954 1440 ὅτι
2996 1387 3116 1440 τότε
3171 1387 3372 1458 μᾶλλον
3408 1389 3589 1459 κύριοι
3628 1389 3735 1442 τῶν

2166 1467 2456 1536 κτημάτων
2493 1469 2680 1538 ἐσμὲν,
2713 1469 2842 1522 ὅταν
2871 1471 2983 1532 τοῖς
3008 1469 3234 1540 πένησιν
3256 1470 3395 1524 αύτά
3416 1489 3735 1538 παρακατα-

2166 1548 2406 1620 θώμεθα.
2445 1553 2516 1605 Οὐ
2551 1551 2792 1620 φυλακῆς
2824 1552 2880 1605 δὲ
2902 1553 3063 1605 ἕνεκα
3093 1552 3251 1622 μόνον
3293 1555 3468 1606 ἐκεῖνο
3497 1554 3735 1622 ἀσφαλέ-

2167 1634 2435 1704 στεροντὸ
2474 1635 2700 1705 χωρίον,
2761 1635 2895 1688 ἀλλά
2929 1635 3024 1689 καὶ
3058 1635 3281 1706 κέρδους
3335 1637 3429 1689 καί
3477 1638 3735 1706 προσόδου

2166 1716 2409 1780 πλείονός
2444 1719 2590 1771 ἐστιν
2626 1717 2900 1781 ὑπόθεσις.
2940 1720 3038 1770 Ἂν
3070 1718 3299 1790 μὲνγὰρ
3338 1719 3611 1789 ἀνθρώπῳ
3647 1720 3736 1772 δα-

2165 1800 2368 1872 νείσῃς,
2405 1801 2701 1870 ἑκατοστὴν
2735 1801 2958 1864 ἔλαϐες·
2991 1801 3056 1854 ἂν
3088 1801 3146 1853 δὲ
3192 1801 3311 1871 Θεῷ
3363 1802 3616 1871 δανείσῃς
3651 1802 3736 1854 διὰ

2165 1881 2258 1934 τοῦ
2285 1883 2534 1953 πένητος,
2569 1885 2664 1953 οὐχ
2698 1884 2995 1952 ἑκατοστὴν
3016 1922 3030 1947 ,
3068 1883 3185 1936 ἀλλ’
3208 1883 3736 1937 ἑκατονταπλασίονα

2166 1965 2331 2036 λήψῃ.
2358 1966 2474 2019 Κάν
2512 1966 2608 2036 μὲν
2635 1965 2863 2038 σπείρης
2889 1965 3116 2035 εὔφορον
3155 1967 3413 2037 ἄρουραν,
3449 1967 3577 2019 ὅταν
3613 1966 3738 2017 πολ.

2165 2048 2263 2116 λὴν
2287 2047 2484 2120 ἐνέγκῃ
2512 2047 2609 2119 τὴν
2635 2048 2836 2119 φορὰν,
2869 2047 3266 2101 δεκαπλασίονα
3301 2050 3422 2120 οἴσῃ
3462 2049 3532 2102 τά
3572 2050 3739 2118 σπέρ-

2170 2147 2316 2200 ματα
2337 2129 2382 2170 ί·
2410 2133 2476 2186 ἂν
2499 2132 2556 2184 δὲ
2587 2132 2666 2193 είς
2684 2130 2776 2185 τὸν
2808 2131 3036 2202 οὐρανὸν
3073 2131 3322 2202 σπείρῃς,
3354 2133 3493 2202 μετά
3513 2131 3575 2184 τὸ
3599 2133 3723 2200 γενέ

2169 2212 2292 2266 σθαι
2327 2214 2876 2278 ἑκατονταπλασίονα,
2900 2214 2994 2266 καί
3015 2213 3159 2285 ζωὴν
3189 2214 3405 2267 αἰώνιον
3433 2215 3526 2267 καί
3548 2216 3738 2284 ἀγήρω

2168 2295 2261 2347 καὶ
2291 2296 2555 2350 ἀθάνατον
2586 2296 2859 2367 ἀπολήψῃ.
2893 2297 3002 2350 Καὶ
3032 2297 3262 2350 ἐνταῦθα
3288 2297 3385 2367 μὲν
3407 2298 3576 2358 πολὺς
3597 2299 3625 2348 ὁ
3647 2297 3729 2348 πό-

2170 2396 2258 2442 νος
2285 2383 2396 2442 τοίς
2423 2379 2490 2432 τά
2523 2380 2813 2451 σπέρματα
2842 2380 3266 2434 καταϐάλλουσιν
3291 2399 3306 2413 ο
3346 2384 3462 2433 ἐκεῖ
3494 2381 3548 2433 δέ
3577 2382 3738 2452 χωρὶς

2169 2462 2404 2534 ἀρότρου
2433 2463 2526 2516 καὶ
2568 2463 2705 2532 βοῶν
2731 2465 2824 2516 καί
2850 2464 3100 2530 γηπόνων
3128 2463 3218 2516 καὶ
3246 2464 3343 2533 τῆς
3369 2464 3536 2533 ἀλλης
3559 2470 3734 2515 τάλαι⁹

2168 2546 2381 2616 πωρίας
2404 2547 2620 2616 ἀπάσης
2647 2548 2680 2616 ἡ
2710 2546 2818 2598 τῶν
2853 2545 3299 2616 καταϐληθέντων
3339 2545 3482 2615 φορά
3523 2544 3736 2613 φύεται,

2169 2630 2263 2682 καί¹
2291 2630 2390 2683 οὐκ
2427 2629 2634 2700 αὐχμὸν
2664 2639 2714 2692 ε,
2744 2630 2842 2682 οὐκ
2874 2629 3209 2700 ἐπομϐρίας,
3237 2629 3336 2680 οὐκ
3358 2629 3642 2698 ἐρυσίϐην,
3676 2630 3735 2680 οὐ

2169 2710 2428 2782 χάλαζαν,
2463 2713 2562 2764 οὐκ
2583 2711 2801 2782 ἀκρίδος
2833 2711 3208 2782 στρατόπεδον,
3241 2711 3302 2763 οὐ
3339 2710 3598 2779 ποταμῶν
3620 2713 3736 2762 ἐπι-

2170 2795 2406 2858 κλύσεις,
2430 2795 2532 2848 οὐκ
2550 2794 2676 2848 ἀλλο
2696 2812 2746 2847 τι
2773 2794 2923 2847 οὐδὲν
2955 2795 3070 2846 ἐκεῖ
3087 2792 3405 2863 σπείροντάς
3429 2794 3546 2845 ἐστι
3579 2792 3740 2860 φοϐη-

2171 2877 2326 2949 θῆναι
2366 2893 2526 2930 ποτε·
2556 2876 2692 2930 ἀλλά
2715 2878 2894 2945 πάσης
2927 2876 3181 2946 ἀνωτέρω
3203 2875 3402 2946 βλάϐης
3437 2875 3641 2946 ἕστηκε
3668 2876 3732 2926 τά

2170 2962 2287 3015 ἐκεῖ
2311 2959 2759 3030 καταϐαλλόμενα
2788 2959 3100 3029 σπέρματα.
3136 2959 3306 3012 Ὅταν
3335 2955 3429 3010 οὖν
3473 2959 3613 3026 μήτε
3645 2957 3740 3008 πό-

2170 3061 2278 3108 νος,
2314 3045 2450 3114 μήτε
2485 3042 2746 3106 κίνδυνος,
2772 3043 2904 3112 μήτε
2937 3041 3159 3111 ὑποψία,
3183 3042 3319 3112 μήτε
3353 3041 3622 3109 ὑποτυχία
3663 3056 3740 3100 τις

2170 3123 2228 3201 ᾖ,
2261 3128 2354 3181 καὶ
2379 3126 2558 3196 πολλῷ
2588 3127 2807 3181 πλείονα
2836 3125 2944 3178 τῶν
2993 3124 3480 3194 καταϐαλλομένων
3523 3123 3740 3194 γένηται

2169 3212 2238 3265 τά
2263 3211 2632 3281 φυόμενα,καί
2655 3210 2889 3264 τοσαῦτα
2917 3208 3188 3280 βλαστάνῃ
3218 3207 3586 3277 ἀγαθά,ὀσα
3610 3208 3742 3260 οὔτε

2171 3295 2474 3365 ὀφθαλμὸς
2484 3291 2663 3362 εἷδεν,
2675 3295 2812 3350 οὐτε
2824 3293 2931 3359 οὓς
2945 3292 3371 3361 ἣκουσεν,οῠτε
3383 3292 3454 3345 ἐπ
3463 3290 3741 3359 ἰγκαρδίαν

2170 3381 2485 3450 ἀνθρώπου
2505 3377 2709 3445 ἀνέϐη,
2732 3377 2848 3440 πῶς
2871 3375 2970 3429 οὐκ
2987 3375 3054 3429 ἀν
3082 3377 3165 3446 ετη
3190 3375 3461 3446 ῥᾳθυμίας
3488 3375 3739 3444 ἐσχάτης.

2173 3463 2408 3534 [6511τὸ
2430 3461 2590 3514 πλέον
2621 3459 2878 3528 ἀφέντας,
2916 3459 2977 3511 τὸ
3005 3457 3228 3512 ἔλαττον
3265 3457 3505 3520 διώκειν,
3553 3459 3646 3510 καὶ
3685 3459 3743 3508 τὸ

2171 3545 2410 3614 ἀσφαλὲς
2439 3542 2858 3605 καταλιπόντας,
2894 3541 2954 3594 τὸ
2981 3541 3208 3595 ἄπιστον
3233 3541 3328 3594 καὶ
3357 3540 3618 3593 κινδύνων
3651 3539 3742 3607 γέ-

2174 3646 2272 3699 μον
2290 3629 2383 3681 καὶ
2402 3626 2601 3689 πολλὰς
2617 3625 2738 3696 ἔχον
2756 3624 3055 3694 ἀποτυχίας
3073 3623 3316 3694 μετιέναι
3335 3640 3350 3688 ;
3369 3623 3465 3686 Τίς
3485 3623 3596 3692 γὰρ
3616 3623 3743 3690 ἡμῖν

2171 3711 2322 3764 ἔσται
2354 3707 2647 3778 συγγνώμη
2665 3706 2823 3760 τοῦτο
2839 3705 3072 3767 ποιοῦσι,
3087 3706 3216 3758 ποία
3235 3706 3292 3758 δέ
3312 3704 3577 3772 ἀπολογία
3595 3722 3610 3769 ;
3641 3705 3740 3756 Πε-

2171 3794 2286 3847 νίαν
2307 3788 2716 3864 προϐαλλόμεθα
2731 3791 2948 3852 πάντως
2964 3805 2976 3818 ·
3001 3788 3117 3842 ἀλλ’
3137 3790 3238 3842 οὐκ
3262 3789 3428 3858 ἐσμὲν
3450 3788 3550 3857 τῆς
3567 3789 3742 3858 χήρας

2172 3876 2384 3946 ἐκείνης
2411 3875 2747 3945 πενέστεροι,
2777 3873 2812 3943 ἢ
2842 3872 2934 3926 δύο
2960 3873 3132 3926 λεπτά
3161 3873 3190 3912 ιι
3219 3871 3415 3942 ἔχουσα
3443 3871 3616 3939 μόνα,
3650 3869 3742 3922 καὶ

2170 3958 2342 4013 ταῦτα
2391 3956 2738 4010 κατεϐάλετο,
2787 3955 3129 4026 Ζηλώσωμεν
3172 3955 3350 4008 τοίνυν
3388 3952 3607 4023 ἐκείνης
3654 3953 3741 4005 τὸν

2171 4042 2421 4106 πλοῦτον,
2458 4038 2827 4110 μιμησώμεθα
2851 4039 2950 4108 τῆς
2982 4038 3354 4109 προαιρέσεως
3376 4037 3476 4108 τὴν
3510 4036 3739 4106 μεγαλο·

2170 4125 2391 4195 ψυχίαν,
2419 4125 2505 4176 ἵνα
2528 4125 2622 4176 καὶ
2641 4123 2748 4176 τῶν
2777 4123 2962 4194 ἐκείνῃ
2982 4119 3359 4190 ἀποκειμένων
3385 4119 3607 4186 ἀγαθῶν
3635 4121 3744 4171 ἐπι-

2170 4208 2454 4277 τύχωμεν·
2506 4199 2580 4258 ὧν
2619 4206 2830 4273 γένοιτο
2863 4205 3070 4265 πάντας
3127 4204 3276 4272 ἡμᾶς
3308 4201 3740 4271 καταξιωθῆναι,

2171 4291 2354 4362 χάριτι
2406 4290 2500 4344 καί
2545 4289 2922 4358 φιλανθρωπίᾳ
2972 4285 3064 4339 τοῦ
3108 4285 3312 4355 Κυρίου
3348 4284 3502 4355 ἡμῶν
3570 4283 3743 4354 Ἰησοῦ

2171 4372 2432 4444 Χριστοῦ,
2465 4371 2582 4442 μεθ’
2605 4363 2665 4423 οὗ
2686 4370 2764 4440 τῷ
2792 4369 2984 4439 Πατρί,
3017 4371 3131 4435 ἅμα
3160 4367 3240 4436 τῷ
3268 4366 3406 4435 ἀγίῳ
3437 4366 3743 4436 Πνεύματι,

2170 4456 2319 4520 δόξα,
2349 4455 2574 4526 κράτος,
2610 4455 2762 4524 τιμὴ,
2792 4451 2887 4506 νῦν
2917 4450 3009 4504 καὶ
3031 4451 3139 4514 ἀεὶ,
3169 4449 3265 4503 καὶ
3288 4451 3366 4512 εἰς
3393 4451 3519 4512 τοὺς
3545 4450 3744 4511 αἰῶνας

2171 4540 2280 4594 τῶν
2313 4539 2544 4593 αἰώνων.
2598 4538 2654 4590 Ἀ
2664 4538 2790 4606 μήν.

2797 4618 3014 4672 ΛΟΓΟΣ
3044 4617 3116 4671 B'.

2177 4722 2237 4775 Τί
2267 4721 2492 4788 δήποτε
2519 4718 2617 4772 ἐπὶ
2635 4718 2751 4786 μὲν
2781 4715 2962 4788 ἡλίου
2986 4717 3100 4788 καί
3119 4715 3390 4788 σεᾷἡνης
3419 4713 3742 4788 ⁸καίᾳοὺραε

2242 4781 2350 4844 νοῦ
2376 4789 2473 4842 καί
2503 4781 2847 4842 τῶν-ἀλλων
2871 4781 3019 4847 εἷπε,
3062 4781 3383 4855 Γενηθήτω⁸
3406 4783 3506 4834 ἐπὶ.
3642 4782 3743 4855 rm?

2243 4860 2571 4926 ἀνθρώπου,
2607 4858 2959 4927 Ποιήσωμεν;
2987 4855 3084 4907 καί
3101 4856 3156 4908 τί
3186 4850 3474 4908 ποτέἐστι
3495 4852 3582 4917 τὸ,
3614 4850 3743 4904 Κατ’

2243 4930 2446 4982 εἰκόνα.

2243 5028 2384 5085 α’.⁷Α
2395 5048 2461 5102 ρα
2481 5029 2755 5101 μέμνησθε
2767 5031 2874 5082 τῶν
2889 5029 3216 5102 ζητημάτων
3227 5026 3336 5081 τῶν
3351 5025 3542 5098 πρώην
3558 5042 3719 5095 προτε
3729 5055 3742 5063 -

2177 5114 2377 5166 θέντων
2417 5114 2578 5182 ύμῖν;
2627 5114 2720 5176 Εἰς
2752 5114 3004 5166 τοσοῦτον
3033 5113 3143 5182 γάρ
3183 5112 3330 5181 ἡμᾶς
3363 5109 3620 5172 ἀπονοίας
3656 5108 3745 5160 καὶ

2175 5197 2378 5266 τόλμης
2401 5199 2504 5266 ὲπή
2514 5213 2665 5266 ρατε,
2692 5197 2767 5258 ὡς
2788 5197 2880 5249 καὶ
2900 5195 3230 5266 ζητημάτων
3247 5195 3348 5263 ἢδη
3373 5191 3740 5260 κατατολμᾷν·

2179 5278 2377 5348 μᾶλλον
2403 5279 2459 5330 δέ
2489 5279 2588 5332 οὐκ
2610 5278 2676 5330 ἃν
2699 5280 2783 5348 εἴη
2818 5278 3046 5348 τόλμης,
3091 5278 3213 5330 οὐδὲ
3254 5275 3517 5336 ἀπονοίας
3569 5273 3737 5327 τοῦτο.

2176 5363 2250 5415 Οὐ
2275 5362 2384 5431 γὰρ
2406 5363 2580 5432 οἰκεία
2596 5363 2820 5431 δυνάμει
2851 5362 3024 5433 θαρῤή
3035 5379 3243 5426 σαντες,
3265 5360 3402 5414 ἀλλά
3421 5363 3542 5423 ταῖς
3564 5359 3743 5428 εὐχαῖς

2240 5608 2266 5668 Ἀ
2293 5605 2416 5666 Reg.
2441 5607 2690 5663 διαπαντὸς
2710 5610 2937 5668 νέμωμεν.

2247 5665 2267 5703 τ
2294 5665 2419 5730 βας.
2444 5669 2506 5714 τά
2529 5665 2793 5730 σπέρματα,
2816 5665 2850 5724 ἦ
2874 5670 2942 5723 δὶς
2963 5668 3190 5717 τοσαῦτα.

2246 5731 2270 5791 ξι
2294 5728 2414 5791 ﬂes.
2441 5728 2822 5791 βλάστηφύεται,
2855 5731 2935 5777 καὶ
2958 5731 3069 5791 οὔτε
3084 5730 3281 5791 αὐχμόν.

2243 5785 2275 5828 ³
2298 5785 2418 5849 Rei.
2441 5785 2524 5839 δύο
2545 5785 2755 5855 δηνάρια,
2779 5785 2831 5840 et
2855 5803 2966 5842 mox
2987 5790 3138 5840 ταῦτα
3147 5785 3402 5839 κατέϐαλε.
