4028 6360
327 419 435 477 585

326 534 425 602 rls,
452 541 515 589 tu
541 546 664 588 eum
692 538 751 586 ut
786 528 1048 585 furentem
1078 524 1318 597 deplora.
1352 521 1590 578 Buxeum
1616 519 1693 575 illi
1715 516 1915 573 habent

327 627 607 692 calorem,
661 623 953 679 demissum
985 618 1355 690 supercilium,
1397 614 1680 671 verborum
1724 610 1907 666 mode-

324 719 484 775 stiam
528 713 819 787 prtefet‘unl.
848 732 861 767 :
895 723 951 768 tu
979 713 1098 783 fuge
1142 709 1421 765 illecebras
1445 748 1461 773 ,
1491 716 1545 762 et
1592 707 1773 776 lupum
1815 703 1914 758 sub

325 810 445 864 ovis
498 807 639 879 pelle
688 805 956 862 occultum
1003 800 1368 873 deprehende.
1419 799 1711 868 Propterea
1762 796 1910 850 illum

322 901 560 957 maxime
601 898 724 954 odio
759 896 978 963 habeas,
1005 896 1127 967 quia
1164 893 1291 949 dum
1334 906 1457 962 erga
1498 900 1549 945 te
1594 902 1912 944 conservum

319 992 471 1047 milis
496 999 550 1046 et
576 997 881 1045 mansuetus
904 1001 1027 1044 esse
1042 984 1275 1049 videtur,
1298 982 1553 1038 adversus
1574 994 1910 1035 communem

320 1097 566 1142 nostrum
593 1084 832 1140 omnium
854 1082 1134 1138 Dominum
1169 1093 1302 1135 cane
1331 1076 1515 1133 rabido
1554 1075 1782 1131 ferocior
1806 1081 1908 1138 est,

322 1176 659 1249 implacabile
681 1174 879 1231 bellum
908 1181 965 1227 et
990 1171 1231 1242 praelium
1256 1182 1448 1240 gerens
1469 1178 1655 1221 contra
1699 1164 1909 1229 caelum,

316 1276 377 1323 et
401 1276 719 1339 potestatem
758 1264 1043 1335 quamdam
1089 1263 1198 1317 Deo
1246 1274 1543 1330 opponens.
1591 1257 1735 1325 Fuge
1766 1256 1912 1309 virus

317 1359 643 1431 iniquitatis,
674 1357 969 1429 perniciosa
997 1354 1278 1425 pharmaca
1310 1351 1433 1407 odio
1461 1349 1597 1404 habe
1630 1368 1644 1403 :
1674 1356 1728 1402 et
1754 1362 1910 1417 quam

317 1465 349 1505 a
394 1450 635 1521 patribus
687 1449 935 1519 accepisti
992 1445 1340 1501 hereditatem
1373 1483 1388 1509 ,
1443 1456 1638 1510 nempe
1707 1439 1913 1493 divina-

318 1561 437 1600 rum
465 1544 857 1614 Scripturarum
898 1540 1055 1595 ﬁdem
1071 1548 1229 1608 atque
1256 1535 1551 1591 doctrinam
1573 1573 1586 1595 ,
1620 1532 1757 1585 hanc
1789 1545 1911 1584 cum

318 1637 485 1691 multa
523 1635 733 1690 cautela
764 1634 955 1688 retine.
997 1630 1057 1684 In
1082 1629 1328 1700 principio
1355 1627 1470 1697 fecit
1501 1625 1636 1679 Deus
1663 1624 1841 1677 caelum
1863 1631 1911 1675 et

316 1740 524 1783 terram.
553 1726 691 1794 Quid
724 1725 826 1780 hoc
852 1724 980 1779 est?
1008 1724 1180 1793 primo
1206 1721 1395 1775 ca-lutn
1431 1759 1442 1780 ,
1474 1728 1653 1788 pos:ea
1676 1714 1911 1770 terram?

316 1822 495 1891 primo
548 1828 745 1874 tectum
775 1858 789 1882 ,
849 1825 1033 1886 postea
1085 1813 1301 1869 solum?
1349 1810 1466 1865 Non
1512 1810 1653 1863 enim
1710 1817 1910 1863 naturae

314 1913 625 1969 necessitati
668 1910 909 1966 subditus
952 1916 1073 1974 est,
1127 1921 1232 1961 non
1290 1904 1424 1959 artis
1481 1901 1676 1974 regulis
1720 1901 1905 1955 servit.

315 2007 526 2062 Etenim
552 2013 606 2059 et
634 2011 836 2058 naturae
863 2011 918 2057 et
940 2000 1094 2065 artis,
1122 2007 1175 2053 et
1194 2013 1373 2053 rerum
1400 1996 1638 2051 omnium
1664 1994 1908 2047 voluntas

317 2101 411 2154 Dei
441 2098 620 2169 opifex
660 2094 955 2164 artifexque
980 2101 1080 2148 est.
1110 2091 1271 2145 Terra
1321 2099 1489 2144 autem
1518 2096 1623 2140 erat
1647 2086 1908 2140 invisibilis

313 2203 361 2247 et
384 2189 738 2259 incomposita.
769 2186 877 2241 Cur
924 2186 1113 2240 caelum
1166 2182 1457 2253 perfectum
1486 2180 1757 2250 produxit,
1802 2189 1907 2232 ter-

310 2298 428 2336 ram
480 2289 660 2335 autem
708 2278 961 2350 paulatim
1011 2275 1332 2330 fabricatum
1386 2288 1508 2326 eum
1554 2286 1675 2325 esse
1721 2278 1904 2324 narrat

310 2372 564 2445 Moyses?
596 2371 666 2428 Ut
688 2380 968 2441 postquam
1011 2367 1063 2421 in
1091 2364 1449 2437 prmstantiori
1480 2362 1745 2418 elemento
1788 2360 1905 2431 ejus

314 2466 571 2520 virtutem
608 2463 912 2528 didiceras,
955 2460 1153 2515 certior
1187 2456 1343 2512 fieres
1372 2454 1520 2509 illum
1565 2452 1785 2524 perinde
1810 2468 1906 2522 po-

311 2558 480 2611 tuisse
519 2565 713 2610 terram
742 2552 1027 2624 perfectam
1059 2548 1374 2622 producere,
1398 2556 1457 2601 ut
1473 2546 1663 2602 czelum
1687 2546 1900 2600 fecerat.

312 2650 422 2707 Sed
454 2659 671 2720 pr0pter
702 2656 752 2702 te
781 2658 834 2702 et
859 2654 1077 2717 propter
1097 2643 1322 2699 salutem
1349 2650 1490 2696 tuam
1510 2654 1614 2694 non
1646 2641 1725 2693 sic
1754 2636 1898 2692 fecit.

308 2742 614 2809 Quomodo,
672 2738 901 2810 inquies,
955 2744 1169 2806 propter
1223 2750 1312 2789 me
1366 2741 1421 2788 et
1458 2740 1675 2801 propter
1730 2746 1900 2783 meam

306 2834 583 2890 salutem?
610 2832 924 2889 Communis
947 2844 1129 2884 mensa
1161 2837 1213 2883 et
1240 2827 1409 2897 patria
1435 2835 1489 2879 et
1518 2824 1694 2878 nutrix
1717 2833 1769 2877 et
1792 2838 1902 2877 ma-

308 2936 391 2983 ter
434 2926 672 2981 omnium
701 2932 784 2979 est
810 2934 968 2985 terra,
1002 2922 1129 2976 urbs
1158 2930 1212 2975 et
1263 2918 1566 2987 sepulcrum
1595 2929 1894 2970 commune.

304 3018 515 3075 Etenim
551 3030 774 3084 corpora
815 3024 994 3068 nostra
1038 3027 1105 3067 ex
1134 3011 1245 3080 ipsa
1281 3051 1295 3073 ,
1330 3009 1555 3077 indeque
1584 3006 1898 3076 corporibus

303 3113 505 3167 nostris
532 3110 761 3165 sumitur
776 3109 1107 3172 alimentum,
1140 3105 1192 3159 in
1228 3105 1338 3173 ipsa
1367 3101 1668 3155 habitamus
1693 3109 1747 3154 et
1777 3115 1899 3153 vero

306 3219 511 3268 samur,
538 3212 591 3258 et
623 3210 744 3273 post
769 3210 994 3255 mortem
1035 3199 1228 3251 iterum
1274 3196 1326 3249 in
1359 3196 1527 3264 ipsam
1559 3191 1893 3247 revertimur.

303 3295 384 3352 Ne
435 3297 613 3365 itaque
652 3309 717 3349 ex
758 3290 1075 3346 necessariis
1125 3288 1306 3343 usibus
1353 3287 1519 3355 ipsam
1570 3285 1686 3354 plus
1737 3299 1894 3354 quam

304 3403 406 3459 par
434 3395 552 3442 erat
597 3386 893 3448 mirareris,
937 3397 1073 3436 neve
1119 3378 1500 3435 beneﬁciorum
1553 3376 1706 3446 copia
1761 3374 1892 3430 tein

304 3479 638 3548 impietatem
670 3474 1007 3547 pertraheret
1034 3486 1098 3526 ac
1131 3470 1496 3539 supplantaret
1518 3508 1532 3529 ,
1573 3467 1742 3537 ipsam
1799 3466 1893 3521 tibi

300 3570 456 3641 prius
478 3567 759 3622 informem
788 3572 842 3620 et
867 3562 1271 3631 incompositam
1298 3559 1550 3623 declarat,
1585 3568 1641 3611 ut
1668 3557 1783 3626 ejus
1813 3558 1895 3611 in-

302 3660 552 3714 ﬁrmitate
582 3665 889 3726 conspecta,
939 3654 1151 3708 mireris
1205 3667 1326 3707 eum
1381 3650 1470 3720 qui
1521 3648 1790 3717 produxit,
1839 3659 1894 3704 et

300 3753 441 3806 hanc
470 3752 545 3806 illi
590 3758 756 3805 totam
795 3749 1043 3803 virtutem
1094 3746 1306 3809 indidit,
1349 3744 1698 3812 celebresque
1744 3757 1887 3809 eum,

300 3848 390 3913 qui
420 3859 506 3898 res
534 3851 706 3897 tantas
729 3840 796 3896 ad
834 3838 1174 3895 commodum
1225 3845 1464 3892 nostrum
1495 3836 1716 3904 paravit.
1751 3834 1890 3889 Deus

297 3946 477 3991 autem
501 3934 827 4005 glorificatur
851 3949 957 3988 non
988 3931 1147 3986 modo
1204 3946 1297 4000 per
1322 3939 1464 3985 recta
1502 3929 1768 3996 dogmata,
1794 3927 1887 3982 sed

299 4029 463 4083 etiam
493 4042 587 4097 per
615 4026 880 4097 optimum
911 4024 1034 4078 vita:
1079 4023 1382 4077 institutum
1434 4038 1447 4073 :
1491 4019 1683 4073 Luceat
1722 4019 1883 4086 enim,

298 4119 493 4191 inquit,
543 4118 633 4173 luat
673 4126 837 4172 vestra
865 4132 1036 4170 coram
1058 4114 1368 4177 horninibus,
1424 4120 1479 4165 ut
1508 4111 1706 4164 videant
1734 4126 1889 4180 Opera

296 4220 462 4267 vestra
486 4212 645 4278 bona,
672 4222 718 4265 et
743 4210 1023 4281 gloriﬁcent
1050 4207 1256 4261 Patrem
1282 4215 1518 4271 vestrum,
1544 4204 1629 4274 qui
1657 4203 1709 4257 in
1750 4202 1887 4256 cazlis

296 4318 371 4362 est
396 4305 614 4377 (Matth.
636 4305 691 4360 5.
722 4301 837 4374 16).

367 4400 426 4454 4.
458 4397 697 4452 Flaviani
722 4395 947 4467 episcopi
979 4390 1278 4448 Antiocheni
1302 4389 1501 4444 laudes.
1530 4418 1599 4429 —
1626 4385 1881 4442 Volebam

296 4492 367 4548 de
396 4493 741 4562 eleemosyna
787 4500 1090 4543 sermonem
1116 4483 1351 4553 adjicere
1379 4499 1392 4534 :
1421 4488 1477 4534 at
1516 4478 1649 4534 mihi
1698 4493 1885 4547 super-

296 4586 463 4641 ﬂuum
485 4598 605 4640 esse
625 4583 838 4637 videtur
862 4595 963 4634 vos
988 4578 1151 4634 verbo
1179 4577 1375 4631 docere
1394 4616 1410 4641 ,
1448 4588 1569 4628 eum
1624 4572 1670 4627 is
1697 4571 1787 4643 qui
1830 4572 1882 4625 in

296 4675 479 4732 medio
504 4673 657 4729 sedet
680 4671 979 4727 communis
1021 4677 1171 4738 pater
1196 4674 1251 4722 et
1287 4666 1476 4720 doctor
1514 4673 1693 4718 noster
1720 4662 1885 4731 possit

294 4783 396 4822 vos
423 4765 754 4837 operibuset
799 4762 1052 4830 exemplo
1090 4760 1310 4816 erudire
1331 4799 1346 4825 _.
1376 4756 1466 4829 qui
1496 4771 1559 4810 ac
1598 4756 1641 4809 si
1666 4754 1882 4808 domum

295 4869 574 4930 paternam
603 4856 671 4912 ad
707 4857 809 4911 hoc
840 4855 1013 4910 solum
1064 4867 1095 4906 a
1121 4851 1415 4921 majoribus
1465 4848 1781 4917 accepisset,
1829 4854 1885 4901 ut

293 4965 415 5006 eam
447 4948 743 5019 hospitibus
763 4943 1091 5015 excipiendis
1106 4943 1392 5013 praeberet,
1418 4940 1495 4994 sic
1522 4954 1640 4993 eam
1670 4952 1884 5007 semper

296 5041 366 5099 iis
396 5042 485 5112 qui
507 5056 602 5111 pro
625 5039 849 5095 veritate
872 5037 1145 5108 pelluntur
1158 5033 1477 5103 recipiendis
1496 5030 1799 5095 destinavit,
1828 5039 1885 5084 nt

296 5151 405 5191 eos.
435 5135 682 5188 omnibus
722 5131 895 5186 modis
943 5128 1175 5189 foveret;
1203 5127 1275 5180 ita
1315 5134 1376 5180 ut
1427 5125 1659 5179 nesciam
1698 5133 1880 5176 utrum

294 5242 416 5281 eam
441 5226 579 5295 ejus,
599 5225 664 5278 ad
687 5210 1091 5294 peregrinorum
1120 5217 1336 5272 domum
1362 5215 1631 5285 appellare
1657 5229 1753 5282 par
1777 5214 1879 5280 sit;

296 5318 415 5375 imo
440 5318 617 5388 potius
646 5330 820 5370 annon
847 5328 908 5369 ea
940 5313 1081 5367 illius
1107 5325 1229 5365 esse
1258 5309 1378 5363 ideo
1402 5306 1755 5363 existimanda
1787 5306 1876 5371 sit,

294 5530 428 5573 Deus
443 5526 491 5572 et
512 5519 735 5578 materia,
759 5519 847 5569 tua:
868 5523 914 5569 et
934 5514 1160 5568 tenebris.
1194 5514 1397 5563 Marcion
1421 5510 1533 5578 duo__
1543 5511 1777 5578 principia
1799 5509 1883 5578 ad-

295 5572 540 5641 mittebat,
564 5572 743 5632 bonum
767 5588 820 5631 et
840 5580 1037 5629 malum.
1083 5585 1261 5641 Bonum
1284 5583 1435 5641 Deum
1456 5572 1599 5641 _ni_liil_
1615 5572 1882 5641 in__mu_ndo

295 5632 544 5694 ὰ·έὸὲῖπὸ
586 5645 807 5701 dicebat,
847 5642 1012 5703 Epiph.
1050 5655 1096 5702 ιι.
1135 5637 1246 5703 504.
1283 5632 1622 5703 Valentiniani
1650 5633 1883 5703 @onilius

296 5693 457 5756 omnia
480 5693 835 5756 adscribebant.
1038 5693 1173 5765 post,
1198 5701 1424 5765 marcum
1450 5693 1623 5765 habent
1753 5695 1882 5765 colo-

457 5769 549 5818 hoc
568 5755 645 5817 est
666 5768 861 5824 ﬂavum,
888 5755 1111 5828 pallidum
1152 5761 1269 5812 buxi
1309 5761 1488 5828 instar:
1516 5757 1608 5806 hoc
1626 5758 1797 5828 dicitur
1815 5755 1880 5806 de

297 5832 359 5882 lis
382 5820 465 5893 qui
495 5830 740 5893 simulate,
765 5834 818 5877 et
838 5820 904 5893 ag
913 5826 1032 5875 alios
1065 5822 1463 5880 circumveniant,
1501 5820 1876 5869 niacerationem

298 5888 811 5953 etp'allidumvultum
835 5889 1076 5941 alfectaut.

1576 5995 1630 6007 μσς

1548 404 1616 465 IN
1654 401 1947 462 GENESIM
1975 401 2205 461 SERMO
2241 404 2306 461 ﬂ.

3498 418 3606 476 58'}

2022 522 2145 587 quia
2174 518 2574 591 peregrinorum
2595 532 2697 580 est.
2728 525 2935 582 Etenim
2953 525 3235 584 facultates
3259 537 3454 585 nostrze
3476 541 3609 588 tune

2022 610 2251 665 maxime
2280 623 2476 667 nostra:
2498 613 2649 683 fiunt,
2679 616 2893 686 quando
2919 632 3023 673 non
3050 618 3226 685 nobis,
3245 618 3340 674 sed
3358 622 3609 691 pauperi-

2021 701 2120 757 bus
2146 720 2236 760 eas
2267 706 2600 775 possidemus
2629 716 2683 764 et
2702 709 3092 780 dispensamus.
3123 711 3403 779 Quomodo
3424 722 3604 771 autem

2020 792 2123 849 hoc
2148 796 2237 862 sit,
2267 812 2366 868 ego
2392 797 2589 853 dicam.
2621 800 2677 856 Si
2724 801 2791 856 ad
2828 801 3104 859 dexteram
3134 805 3382 874 pauperis
3408 820 3603 875 argen-

2022 896 2131 942 tum
2162 889 2418 959 deponas,
2455 909 2561 947 non
2607 896 2935 966 sycophanta
2967 898 3191 965 invadit,
3234 914 3340 953 non
3392 898 3604 955 invidus

2018 980 2207 1035 oculus
2235 984 2469 1053 respicit,
2503 1000 2608 1040 non
2636 986 2743 1052 fur,
2776 1003 2879 1043 non
2921 989 3179 1059 parietum
3210 992 3434 1047 effossor
3461 992 3604 1047 abri-

2019 1072 2115 1142 pit,
2149 1090 2253 1127 non
2296 1090 2484 1131 servus
2513 1093 2578 1132 eo
2614 1079 2792 1134 ablato
2817 1079 2992 1151 fugam
3023 1081 3185 1137 facit:
3219 1100 3340 1138 nam
3372 1085 3459 1140 illa
3515 1102 3607 1156 pe-

2018 1180 2120 1220 nus
2157 1182 2281 1223 vere
2311 1170 2516 1240 asylum
2554 1180 2657 1226 est.
2698 1171 2755 1228 Si
2799 1183 2976 1229 autem
3008 1174 3153 1230 domi
3181 1174 3443 1245 defodias,
3475 1177 3605 1244 furi,

2016 1273 2290 1313 murorum
2317 1260 2580 1329 eﬂossori,
2601 1264 2802 1332 invi-lo,
2829 1266 3191 1336 sycnphantte,
3218 1282 3393 1334 servo,
3417 1278 3471 1323 et
3492 1271 3602 1324 cui-

2017 1350 2147 1405 libet
2190 1354 2443 1422 perniciei
2498 1371 2689 1411 auruin
2733 1368 2881 1413 tuum
2930 1361 3220 1415 obnoxium
3264 1362 3412 1417 facis.
3448 1362 3603 1432 Saepe

2016 1444 2230 1511 accidit,
2262 1454 2320 1500 ut
2340 1446 2518 1515 januis
2547 1456 2601 1503 et
2631 1451 2872 1506 vectibus
2914 1453 3100 1509 multis
3126 1454 3388 1524 Oppositis
3417 1463 3602 1510 exter-

2016 1550 2206 1589 norum
2253 1537 2444 1591 damna
2491 1542 2731 1609 pecuniae
2784 1544 3022 1609 vitariut,
3072 1544 3169 1599 sed
3224 1546 3599 1614 penuariorum

2017 1644 2205 1683 manus
2237 1647 2341 1684 non
2370 1631 2685 1703 eil‘ugerint,
2717 1636 2845 1705 ipsis
2876 1652 2996 1690 eum
3024 1639 3249 1707 pecunia
3282 1640 3601 1709 aufugienti-

2017 1722 2132 1775 bus.
2170 1722 2329 1778 Vides
2378 1733 2501 1779 tunc
2533 1742 2631 1781 nos
2672 1743 2798 1783 vere
2835 1726 3145 1784 facultatum
3176 1740 3475 1786 nostrarum
3504 1731 3603 1786 do-

2014 1815 2188 1870 minos
2217 1830 2356 1881 esse,
2379 1831 2499 1871 cum
2531 1833 2624 1872 eas
2652 1819 2792 1888 apud
2839 1836 3101 1890 pauperes
3127 1821 3466 1891 deponimus.
3492 1823 3596 1879 Ne-

2013 1922 2114 1976 que
2142 1908 2399 1962 custedize
2418 1910 2590 1963 solum
2616 1911 2781 1980 gratia
2808 1911 2891 1965 hic
2916 1911 3242 1966 tuliorlocus
3269 1920 3371 1978 est,
3405 1914 3496 1968 sed
3516 1924 3598 1968 est

2012 1999 2171 2053 etiam
2217 1999 2435 2069 majoris
2464 2000 2593 2055 lucri
2641 2010 2692 2054 et
2730 2011 3021 2070 proventus
3059 2018 3236 2057 causa.
3269 2003 3397 2057 Nam
3425 2004 3468 2058 si
3499 2006 3597 2057 lio—

2013 2090 2145 2143 mini
2193 2088 2499 2155 ftenereris,
2531 2093 2879 2145 centesimam
2907 2093 3142 2162 accipis:
3191 2094 3235 2147 si
3278 2102 3455 2148 autem
3486 2095 3598 2149 Deo

2013 2196 2106 2250 per
2129 2188 2415 2251 pauperem
2468 2181 2771 2247 ftenereris,
2801 2185 2909 2251 jam
2944 2202 3048 2238 non
3092 2187 3466 2249 centesimam.
3498 2188 3592 2242 sed

2010 2271 2314 2340 centuplum
2344 2272 2597 2341 accipies.
2628 2272 2682 2328 Si
2707 2273 2758 2326 iu
2790 2274 2948 2329 feraci
2989 2290 3136 2330 seras
3166 2292 3294 2347 agro
3315 2317 3329 2339 ,
3372 2286 3424 2331 et
3450 2276 3591 2344 larga

2010 2378 2169 2433 seges
2193 2362 2372 2427 fuerit,
2405 2363 2693 2432 decnplum
2716 2366 2938 2419 seminis
2963 2366 2979 2395 ί
3022 2366 3262 2432 referas;
3294 2367 3339 2421 si
3377 2368 3429 2421 in
3460 2368 3594 2422 caelo

2009 2471 2178 2522 seras,
2224 2466 2503 2527 postquam
2548 2460 2861 2528 centuplum
2920 2461 3212 2528 acceperis,
3246 2461 3406 2514 vitam
3433 2461 3593 2515 etiam

2008 2560 2283 2617 aeternam,
2316 2564 2650 2622 perpeluam,
2684 2552 3039 2607 immortalem
3060 2552 3379 2621 possidebis.
3411 2552 3480 2607 Et
3506 2552 3595 2607 hic

2006 2641 2223 2713 quidem
2266 2643 2465 2698 multus
2493 2644 2646 2699 labor
2683 2645 2748 2698 iis
2788 2642 3097 2699 subeundus
3135 2652 3218 2698 est
3255 2644 3340 2713 qui
3390 2644 3593 2697 semina

2002 2735 2248 2805 jaeiunt;
2283 2736 2393 2791 illic
2422 2752 2551 2791 vero
2591 2737 2707 2791 sine
2757 2746 2957 2800 aratro,
3001 2736 3191 2800 bobus,
3223 2738 3492 2807 agricolis,
3539 2746 3595 2792 et

2003 2829 2218 2899 reliquis
2246 2828 2534 2895 laboribus,
2561 2829 2703 2898 jacta
2729 2828 2931 2883 semina
2952 2828 3240 2897 pullulant;
3265 2844 3370 2883 non
3391 2839 3577 2894 astus,

2004 2936 2109 2974 non
2140 2921 2330 2989 pluviae
2354 2921 2555 2987 nimim,
2579 2937 2685 2975 non
2717 2936 2901 2986 eruca,
2932 2920 3013 2974 vel
3060 2921 3287 2989 grando,
3323 2919 3405 2973 vel
3438 2922 3583 2975 locu-

2002 3022 2204 3066 starum
2236 3028 2446 3083 agmen,
2473 3013 2559 3067 vel
2608 3012 2890 3067 ﬂuviorum
2924 3012 3299 3066 inundationes
3324 3054 3338 3077 ,
3370 3012 3455 3065 vel
3484 3029 3590 3066 ca:-

2003 3115 2113 3160 tera
2156 3105 2457 3175 hujusmodi
2503 3105 2787 3159 metuenda
2817 3113 2941 3158 sunt
2990 3104 3227 3167 serenti;
3256 3102 3349 3158 sed
3376 3118 3493 3174 qum
3518 3104 3588 3158 ibi

1994 3196 2135 3266 jacta
2164 3206 2289 3251 sunt
2328 3197 2554 3261 semina,
2581 3196 2713 3250 nulli
2744 3195 2997 3265 perniciei
3024 3203 3148 3249 sunt
3176 3196 3423 3250 obnoxia.
3454 3196 3587 3249 Cum

1998 3287 2157 3359 igitur
2185 3304 2283 3344 nec
2312 3289 2463 3343 labor
2487 3330 2503 3356 ,
2527 3303 2626 3344 nec
2654 3288 2971 3358 periculum,
3001 3303 3099 3343 nec
3126 3286 3381 3358 suSpicio,
3415 3302 3587 3357 neque

1992 3378 2197 3448 jactura
2222 3381 2483 3450 quazpiam
2516 3378 2690 3444 adsit;
2720 3379 2812 3434 sed
2838 3378 2986 3449 jacto
3011 3378 3214 3433 semine
3243 3379 3400 3448 longe
3432 3378 3584 3449 plura

1997 3483 2303 3538 nascantur,
2350 3481 2405 3526 et
2459 3480 2602 3527 tanta
2653 3472 2780 3527 hinc
2831 3471 3088 3541 pullulent
3132 3471 3293 3535 bona,
3349 3470 3474 3535 Quae
3497 3488 3585 3524 nec

1995 3564 2174 3619 oculus
2211 3565 2369 3630 vidit,
2409 3581 2498 3618 nec
2542 3565 2680 3617 auris
2730 3564 2947 3627 audivit,
2992 3578 3081 3615 nec
3128 3562 3181 3615 in
3217 3578 3305 3614 cor
3360 3561 3579 3615 hominis

1994 3657 2329 3712 ascenderunt
2360 3658 2437 3726 (l.
2467 3656 2586 3710 Cor.
2615 3657 2670 3710 9..
2712 3657 2768 3726 9)
2805 3674 2818 3708 :
2848 3672 3028 3710 annon
3078 3665 3333 3709 extremae
3361 3654 3583 3724 ignaviae

1996 3747 2172 3815 fuerit,
2214 3748 2406 3802 relicto
2450 3748 2679 3817 majore,
2714 3747 2765 3801 id
2794 3746 2936 3817 quod
2990 3747 3169 3800 minus
3198 3755 3281 3801 est
3311 3747 3578 3815 persequi,

1993 3850 2048 3896 et
2074 3856 2139 3896 eo
2182 3840 2323 3908 quod
2378 3848 2550 3893 tutum
2581 3848 2698 3894 erat
2751 3840 2993 3902 deserto,
3051 3839 3275 3903 incerta,
3332 3838 3581 3906 periculis

1993 3933 2168 4001 plena,
2199 3941 2253 3985 et
2279 3929 2583 3985 infortuniis
2613 3930 2797 3985 multis
2839 3930 3068 3984 obnoxia
3096 3929 3286 3983 adire?
3311 3930 3442 3994 Quae
3482 3946 3577 3983 no-

1992 4023 2073 4079 bis
2102 4024 2250 4077 venia
2281 4022 2334 4076 id
2362 4022 2664 4093 agentibus,
2706 4038 2825 4091 quze
2861 4022 3134 4076 excusatio
3155 4022 3180 4074 1’
3204 4006 3575 4091 Paupertatem

1990 4116 2329 4170 obtendimus
2377 4133 2389 4169 :
2431 4123 2486 4168 at
2535 4116 2882 4186 pauperiores
2910 4131 3016 4169 non
3060 4128 3246 4169 sumus
3274 4112 3433 4167 vidua
3464 4112 3574 4179 illa,

1989 4227 2108 4281 qua:
2131 4227 2252 4265 cum
2280 4210 2387 4264 duo
2427 4209 2603 4264 solum
2634 4210 2840 4264 minuta
2895 4208 3139 4274 haberet,
3171 4207 3286 4263 haec
3332 4206 3577 4276 deposuit

1991 4301 2140 4375 (Luc.
2167 4301 2258 4356 2|.
2287 4302 2379 4372 ‘2).
2413 4299 2564 4355 Illius
2594 4300 2777 4370 itaque
2821 4299 3035 4354 divitias
3079 4298 3414 4358 aemulemur.
3458 4298 3578 4352 imi-

1990 4406 2164 4450 temur
2184 4395 2443 4465 propositi
2471 4391 2921 4463 magnilieentiam
2947 4433 2961 4454 ,
2992 4400 3048 4444 ut
3073 4391 3309 4459 reposita
3331 4389 3405 4444 illi
3433 4390 3573 4444 bona

1986 4502 2378 4557 consequamur
2406 4504 2419 4541 :
2451 4502 2570 4556 quae
2623 4499 2721 4538 nos
2762 4498 2951 4538 omnes
2991 4482 3217 4551 adipisci
3267 4482 3566 4550 contingat,

1985 4581 2154 4651 gratia
2185 4587 2239 4634 et
2261 4578 2587 4648 benignitate
2617 4575 2828 4630 Domini
2855 4574 3024 4629 nostri
3049 4573 3176 4629 Jesu
3201 4571 3422 4638 Christi,
3451 4588 3572 4627 cum

1987 4688 2092 4742 quo
2127 4670 2292 4738 Patri,
2345 4669 2612 4738 simulque
2654 4678 2841 4721 sancto
2873 4665 3117 4735 Spiritui,
3169 4664 3359 4735 gloria,
3408 4664 3576 4733 impe-

1985 4767 2341 4833 rium,honor,
2369 4779 2511 4819 nunc
2530 4772 2584 4819 et
2608 4776 2841 4832 semper,
2862 4771 2917 4816 et
2933 4761 2985 4814 in
3007 4758 3209 4814 saecula
3227 4757 3569 4813 surculorum.

1986 4862 2179 4918 Amen.

2613 4964 2839 5023 SERMO
2876 4965 2937 5020 ll.

1985 5084 2088 5141 Cur
2114 5085 2167 5137 in
2191 5083 2295 5137 sole
2326 5093 2371 5135 et
2399 5081 2519 5134 luna
2546 5090 2591 5133 et
2618 5080 2740 5133 cazlo
2762 5093 2808 5132 et
2838 5077 2958 5130 aliis
2984 5075 3168 5129 dixerit
3195 5088 3214 5127 :
3242 5073 3378 5139 Fiat,
3403 5073 3457 5126 in
3478 5073 3570 5126 Iw-

2057 5177 2191 5229 mine
2239 5183 2424 5237 autem,
2471 5171 2785 5234 Faciamus;
2832 5180 2879 5223 et
2907 5167 3152 5238 quidnam
3193 5165 3258 5220 sit
3300 5164 3452 5232 illud,
3483 5165 3564 5220 Ad

2058 5271 2339 5338 imaginem
2373 5266 2523 5337 (Gen.
2560 5267 2611 5320 1.
2636 5266 2687 5319 5.
2720 5264 2771 5319 6.
2801 5262 2872 5317 26

2060 5386 2113 5438 1.
2153 5383 2239 5436 Vis
2269 5380 2515 5435 orationis
2562 5377 2822 5432 Ecclesia.
2851 5404 2920 5415 —-
2946 5371 3214 5443 Numquid
3249 5372 3570 5426 meministis

1986 5477 2360 5549 quaestionum,
2393 5489 2514 5544 quze
2558 5471 2709 5525 vobis
2759 5482 2930 5537 nuper
2965 5476 3090 5520 sunt
3132 5462 3462 5536 propositze?
3510 5462 3564 5516 In

1988 5578 2185 5624 tantam
2241 5567 2383 5622 enim
2414 5564 2766 5633 arrogantiam
2794 5570 2848 5616 et
2873 5558 3146 5613 audaciam
3187 5573 3286 5612 nos
3323 5557 3569 5627 provexi-

1985 5665 2101 5729 stis,
2135 5674 2191 5717 ut
2216 5662 2539 5731 quazstioncs
2567 5655 2832 5726 intrepide
2862 5653 3235 5724 aggrediamur
3266 5668 3279 5704 :
3315 5651 3421 5704 imo
3465 5662 3567 5703 nec

1988 5757 2223 5813 audacize
2255 5770 2353 5811 nec
2380 5752 2704 5823 arrogantiae
2730 5749 2783 5804 id
2815 5747 3021 5802 facinus
3048 5753 3151 5800 est.
3179 5742 3298 5799 Non
3329 5755 3471 5800 enim
3493 5740 3564 5794 vi!
3610 5778 3633 5794 ,.

2054 5879 2069 5907 ¹
2107 5882 2244 5938 neg,
2264 5868 2518 5933 deruptum
2532 5863 2742 5927 seminis,
2758 5863 2835 5916 vel
2861 5861 2928 5914 bis
2951 5859 3224 5925 decimum.
