4028 6360
500 388 602 445 587

505 505 654 559 rihns
680 500 875 555 nostris
901 495 1231 551 conﬁdentes
1254 533 1269 558 ,
1304 491 1399 545 sed
1426 489 1722 543 antistitum
1749 483 1999 558 precibus
2020 495 2083 534 ac

505 596 692 653 vestris
737 592 913 648 omnia
941 589 1336 645 committentes
1363 584 1428 638 ad
1455 582 1684 638 stadium
1717 594 1815 633 nos
1846 575 2083 631 accinxi-

502 707 641 747 mus.
669 688 837 744 Tanta
866 699 1029 755 porro
1058 684 1137 737 vis
1166 691 1247 735 est
1276 694 1494 751 precum
1528 676 1782 730 Ecclesia:
1807 714 1820 737 ,
1857 678 1915 726 ut
1963 669 2086 723 licet

501 785 669 855 magis
692 780 820 836 muti
848 794 1005 850 quam
1053 775 1255 842 lapides
1283 785 1545 836 essemus,
1582 782 1753 837 penna
1784 763 1972 835 quavis
2010 761 2086 816 le-

506 879 709 932 viorem
734 874 967 943 linguam
1003 878 1241 923 nostram
1273 865 1530 921 efficiant.
1563 861 1693 915 Nam
1733 858 1869 912 sicut
1894 856 1945 909 in
1976 868 2087 907 me—

499 972 587 1026 dia
615 967 736 1022 navi
766 964 1008 1020 incidens
1028 963 1141 1016 vela
1167 958 1433 1028 zephyrus
1465 954 1652 1024 sagitta
1680 949 1913 1004 velocius
1933 960 2083 1017 cym-

513 1064 633 1118 bam
663 1067 940 1131 promovet
973 1076 987 1113 :
1016 1057 1092 1112 sic
1126 1065 1181 1109 et
1227 1056 1278 1107 in
1333 1052 1564 1121 linguam
1592 1043 1817 1101 dicentis
1846 1040 2085 1096 incidens

504 1155 676 1211 oratio
708 1150 985 1216 Ecclesiae,
1013 1144 1381 1201 vehementius
1405 1156 1562 1211 quam
1590 1136 1854 1207 zephyros
1877 1146 2085 1187 sermo-

511 1262 633 1301 nem
660 1252 957 1316 promovet.
990 1240 1277 1309 Propterea
1325 1249 1423 1289 nos
1452 1234 1611 1287 etiam
1642 1228 1877 1299 quotidie
1914 1224 2083 1316 confi-

506 1314 694 1393 denter
742 1335 809 1389 ad
866 1340 1136 1388 certamen
1177 1343 1274 1382 nos
1327 1324 1671 1393 accingimus.
1724 1319 1779 1374 Si
1836 1316 1977 1371 enim
2031 1314 2083 1369 in

500 1429 740 1485 externis
789 1424 1165 1481 certaminibus
1195 1419 1456 1491 quispiam
1488 1457 1504 1482 ,
1535 1415 1618 1469 cui
1650 1414 1834 1469 decem
1882 1420 2083 1464 tantum

501 1530 595 1578 aut
614 1520 795 1589 viginti
824 1516 1023 1573 fuerint
1049 1514 1203 1569 amici
1233 1513 1283 1566 in
1333 1520 1486 1565 tanto
1508 1508 1722 1579 populo,
1768 1506 2012 1561 alacriter
2033 1503 2083 1557 in

502 1630 719 1670 arenam
744 1611 1019 1668 descendit
1051 1627 1065 1662 :
1094 1609 1262 1662 multo
1289 1606 1455 1675 magis
1480 1619 1598 1669 nos,
1648 1601 1739 1672 qui
1766 1614 1871 1654 non
1898 1598 2086 1653 decem

503 1717 592 1761 aut
620 1705 826 1777 viginti,
884 1702 978 1758 sed
1011 1710 1180 1756 totum
1209 1698 1475 1753 theatrum
1524 1712 1589 1748 ex
1630 1692 1877 1747 fratribus
1925 1690 2088 1760 patri-

503 1800 707 1867 busque
757 1796 1044 1851 conflatum
1086 1792 1361 1851 habemus,
1394 1786 1723 1843 confidenter
1768 1783 1819 1839 id
1845 1796 2082 1852 agemus.

503 1888 736 1945 Tametsi
758 1889 808 1942 in
836 1888 1076 1943 externis
1091 1881 1475 1939 certaminibus
1494 1895 1597 1933 non
1622 1877 1848 1932 multum
1874 1873 2088 1944 prodest

503 1982 718 2036 athleta:
771 1978 996 2033 certanti
1054 1984 1342 2047 spectator,
1390 1973 1488 2026 nisi
1541 1970 1679 2025 forte
1707 1977 1765 2023 ut
1792 1967 1988 2021 clamet
2033 1974 2087 2018 et

504 2073 685 2129 laudet
735 2086 855 2142 quae
900 2080 1179 2140 geruntur,
1224 2075 1278 2121 et
1321 2066 1373 2119 in
1419 2061 1680 2133 superiori
1731 2061 1849 2114 loco
1896 2056 2088 2111 sedens

502 2182 623 2221 cum
678 2164 783 2218 illis
828 2160 1135 2222 contendat,
1181 2159 1270 2228 qui
1309 2154 1678 2211 contradicunt
1709 2170 1721 2206 :
1752 2151 1805 2205 in
1859 2148 2087 2203 stadium

501 2273 630 2313 vero
674 2255 1020 2318 descendere,
1053 2264 1375 2319 manumque
1403 2248 1691 2317 porrigere,
1720 2243 1807 2298 vel
1833 2241 2086 2297 adversa-

504 2351 568 2404 rii
615 2348 804 2420 pedem
859 2344 1104 2409 trahere,
1155 2341 1239 2396 vel
1291 2338 1433 2393 aliud
1485 2334 1747 2406 ejusmodi
1817 2330 2088 2403 quidpiam

503 2456 683 2511 agere,
716 2438 935 2493 minime
964 2437 1105 2491 licet.
1156 2433 1258 2501 Qui
1302 2433 1444 2487 enim
1487 2429 1555 2484 ab
1603 2428 1752 2483 initio
1796 2424 2086 2481 certamina

504 2534 595 2587 illa
620 2531 1030 2592 constituerunt,
1059 2528 1229 2582 acutis
1272 2526 1404 2595 palis
1432 2522 1643 2586 defixis,
1676 2534 1740 2575 ac
1787 2518 1999 2573 funibus
2028 2517 2082 2571 in

502 2639 691 2696 gyrum
716 2622 953 2676 extensis
981 2626 1342 2689 spectatorum
1392 2613 1650 2669 insaniam
1694 2618 1898 2665 arcent.
1949 2607 2088 2675 Quid

506 2729 636 2769 vero
661 2714 878 2781 mirum,
911 2712 956 2766 si
984 2710 1309 2766 descendere
1335 2706 1619 2777 spectatori
1648 2721 1751 2759 non
1787 2704 1931 2767 licet,
1964 2717 2086 2756 cum

506 2816 563 2863 et
588 2806 853 2876 palaestrae
898 2804 1211 2873 magistrum
1234 2801 1457 2871 jubeant
1483 2799 1610 2853 foris
1636 2797 1911 2852 sedentem
1936 2793 2086 2863 juxta

505 2910 766 2960 arenam,
824 2910 853 2948 a
905 2895 1061 2964 longe
1111 2893 1438 2948 certantibus
1482 2890 1739 2944 doctrinas
1788 2886 2084 2942 subsidium

500 2990 763 3059 prmbere,
793 3002 959 3059 prope
1000 3001 1129 3041 vero
1160 3002 1263 3039 non
1291 2985 1470 3038 sinant
1496 2982 1789 3037 accedere?
1837 2980 1933 3034 llic
1962 2993 2091 3033 vero

501 3098 609 3138 non
639 3083 709 3137 ita
757 3081 852 3147 tit;
884 3079 981 3135 sed
1010 3088 1066 3134 et
1105 3078 1310 3133 doctori
1339 3088 1392 3131 et
1431 3074 1718 3146 spectatori
1748 3073 1873 3128 licet
1897 3071 1963 3126 ad
1993 3086 2090 3126 nos

500 3174 853 3240 descendere,
905 3182 1065 3243 atque
1094 3171 1287 3226 affectu
1329 3185 1494 3239 prope
1534 3168 1766 3231 adstare,
1816 3166 2091 3236 precibus-

502 3283 606 3339 que
630 3269 775 3321 vires
797 3266 1014 3321 addere.
1054 3266 1164 3334 Age
1190 3279 1320 3333 ergo
1352 3278 1499 3316 more
1527 3262 1847 3315 athletarum
1879 3259 2087 3314 illorum

503 3357 877 3429 aggrediamur
928 3356 1241 3411 certamina.
1273 3354 1544 3425 Siquidem
1591 3354 1666 3406 illi
1698 3368 1816 3407 cum
1858 3367 1915 3406 se
1959 3351 2091 3405 invi-

503 3468 618 3508 cem
652 3451 857 3507 medios
884 3450 1285 3519 prehenderint,
1341 3464 1403 3503 ac
1455 3448 1507 3502 vi
1535 3464 1766 3502 nexuum
1798 3446 1995 3500 fuerint
2023 3444 2089 3499 ad

502 3546 938 3599 circumstantem
991 3558 1050 3595 se
1093 3545 1222 3597 foris
1254 3542 1459 3595 turbam
1508 3540 1720 3610 impulsi
1750 3548 1967 3609 propter
1995 3554 2091 3592 an-

510 3638 713 3707 gustias
746 3636 868 3702 loci,
921 3635 1144 3690 nexibus
1192 3635 1383 3689 solutis
1435 3634 1500 3688 ad
1553 3634 1863 3688 certaminis
1910 3633 2088 3687 locum

503 3743 690 3784 rursus
712 3736 1053 3783 revertuntur
1088 3726 1317 3781 :deinde
1349 3726 1631 3780 redeuntes
1660 3741 1765 3780 non
1796 3726 1928 3780 recti
1958 3739 2091 3779 con-

502 3821 814 3889 grediuntur
845 3834 1051 3885 rursus,
1072 3835 1255 3873 verum
1277 3820 1331 3873 in
1357 3818 1604 3874 eumdem
1632 3834 1689 3873 se
1713 3834 1943 3873 uexuum
1972 3832 2089 3872 mo-

503 3913 629 3966 dum
656 3922 961 3981 statumque
990 3912 1294 3976 restituunt,
1328 3912 1377 3964 in
1403 3927 1507 3979 quo
1551 3920 1706 3965 antea
1742 3918 1866 3965 sunt
1909 3910 2085 3964 divisi.
2112 3958 2125 3971 ,

504 4002 729 4070 Quando
760 4001 921 4072 igitur
948 4016 1045 4055 nos
1072 4017 1284 4071 quoque
1323 4017 1625 4055 sermonem
1654 4002 1933 4056 absolvere
1987 4002 2090 4055 loci

504 4094 749 4165 angustia
778 4093 974 4163 coegit,
1003 4108 1100 4163 age
1137 4093 1204 4147 ad
1256 4094 1424 4162 ipsum
1454 4092 1629 4147 locum
1669 4094 1975 4147 certaminis
2003 4108 2091 4146 re-

502 4196 817 4252 vertentes,
880 4201 1050 4240 nexus
1106 4186 1172 4241 ab
1226 4187 1292 4240 iis
1340 4202 1458 4255 qua:
1513 4185 1769 4241 hodierno
1798 4187 1884 4241 die
1938 4188 2091 4243 nobis

503 4286 631 4332 sunt
653 4279 785 4333 lecta
813 4279 1099 4333 solvamus.
1140 4278 1205 4332 Et
1227 4280 1353 4333 dixit
1382 4279 1517 4331 Deus
1548 4322 1560 4342 ,
1599 4281 1787 4349 inquit,
1819 4280 2092 4337 Faciamus

505 4370 757 4422 hominem
819 4370 887 4423 ad
961 4371 1232 4441 imaginem
1297 4383 1343 4423 et
1409 4372 1792 4425 similitudinem
1868 4384 2091 4428 nostram

508 4460 662 4529 (mn.
692 4462 744 4515 l.
773 4460 887 4531 25).

578 4551 682 4606 Cur
724 4551 865 4607 Deus
912 4554 1126 4621 dixerit,
1181 4554 1459 4608 Faciamus
1491 4554 1784 4623 hominem,
1826 4574 1949 4626 non,
1976 4557 2094 4613 Fiat

505 4644 687 4698 homo.
707 4644 871 4717 —(a)
890 4645 1064 4701 Unum
1095 4648 1196 4701 hoc
1226 4648 1450 4716 primum
1479 4650 1702 4716 quaesitu
1730 4650 1968 4720 dignum,
2001 4667 2093 4707 cur

506 4735 742 4801 tandem,
772 4752 891 4790 cum
923 4738 1108 4791 caelum
1140 4735 1308 4801 ﬁeret,
1340 4755 1598 4809 nusquam
1623 4740 1818 4795 dictum
1851 4742 1952 4808 sit,
1986 4741 2095 4796 Fa-

503 4829 717 4892 ciamus,
747 4827 859 4892 sed,
894 4827 1014 4881 Fiat
1039 4828 1240 4893 cretum,
1264 4828 1384 4882 Fiat
1411 4831 1520 4895 lux,
1549 4840 1707 4901 atque
1737 4833 1805 4886 ita
1835 4833 1887 4887 in
1916 4833 2094 4903 singu-

506 4918 573 4973 lis
601 4929 964 4972 creaturarum
1008 4917 1328 4987 generibus:
1374 4919 1459 4975 hic
1501 4936 1628 4977 vero
1656 4923 1827 4977 solum
1857 4924 2093 4978 additum

501 5012 574 5065 sit
601 5010 751 5077 illud,
777 5009 1070 5077 Faciamus,
1094 5019 1149 5065 et
1170 5012 1449 5067 consilium
1476 5028 1538 5068 ac
1564 5014 1877 5070 deliberatio
1900 5026 2094 5071 etcum

503 5104 677 5161 altero
698 5107 947 5176 quopiam
969 5106 1185 5161 honoris
1209 5118 1455 5162 consorte
1474 5110 1921 5164 communicatio?
1938 5112 2096 5179 Quis-

506 5212 633 5252 nam
662 5197 820 5267 igitur
848 5198 938 5253 ille
980 5198 1193 5253 tandem
1225 5209 1306 5253 est
1329 5200 1417 5269 qui
1447 5200 1707 5254 creandus
1729 5243 1743 5266 ,
1774 5202 1858 5255 cui
1890 5212 2091 5256 tantum

508 5288 729 5344 honoris
757 5289 1069 5343 deferatur?
1094 5289 1265 5344 Homo
1293 5299 1375 5344 est
1397 5331 1412 5355 ,
1446 5305 1691 5360 magnum
1733 5291 1859 5344 illud
1899 5293 2094 5346 animal

507 5389 563 5433 οι
582 5378 897 5435 admirabile
914 5420 929 5445 ,
960 5381 1206 5450 Quodque
1232 5382 1376 5435 omni
1394 5390 1635 5435 creatura
1661 5383 1996 5449 praestantius
2016 5392 2099 5437 est

510 5469 649 5537 apud
684 5470 846 5523 Deum
868 5512 883 5535 ,
914 5480 1130 5541 propter
1166 5488 1322 5540 quem
1352 5473 1539 5527 caelum
1585 5482 1639 5528 et
1668 5483 1807 5528 terra
1852 5484 1903 5530 et
1953 5491 2098 5530 mare

511 5572 577 5614 ac
612 5560 874 5631 reliquum
920 5576 1079 5617 omne
1128 5572 1387 5618 creaturae
1424 5579 1614 5633 corpus
1661 5572 1743 5619 est
1784 5566 2093 5621 conditum:

579 5688 652 5753 (a)
674 5693 974 5764 Hisprorsus
996 5695 1168 5746 similia
1187 5698 1335 5764 habet
1350 5705 1484 5749 Hom.
1508 5700 1538 5749 8
1562 5701 1610 5749 in
1633 5701 1875 5761 Genesim,
1899 5701 1990 5751 col.
2015 5703 2094 5764 70,

515 5749 728 5826 iamper
758 5749 907 5822 totam
926 5770 1064 5826 pene
1095 5760 1359 5826 Homiliam.
1400 5768 1449 5810 lu
1472 5749 1796 5826 sequentibus
1825 5749 2098 5815 ctiam-noti

520 5823 667 5869 pauca
686 5814 958 5879 hujusmod'i
978 5822 1221 5882 reperies.

1266 374 1321 430 S.
1361 370 1637 429 JOANNIS
1662 362 2134 424 CHRYSOSTOMI
2176 362 2491 419 ARClllEP.
2531 363 3059 423 CONSTANTINOP.

3671 374 3774 429 583

2192 478 2371 545 homo,
2400 482 2549 550 cujus
2570 482 2639 536 ita
2670 483 2809 539 Deus
2837 484 3059 541 salutem
3084 487 3370 557 adamavit,
3392 499 3450 546 ut
3480 506 3547 547 ne
3577 489 3771 560 Unigc-

2190 572 2300 625 nilo
2339 572 2551 642 quidem
2582 589 2679 629 suo
2707 586 2923 644 propter
2950 593 3070 631 eum
3105 591 3380 647 parceret:
3427 598 3602 651 neque
3626 586 3772 641 enim

2188 663 2363 715 omnia
2402 675 2656 733 praestare
2694 667 2973 737 molirique
3021 668 3241 735 destitit,
3287 670 3461 727 donec
3506 673 3558 726 in
3605 674 3771 729 altum

2188 764 2425 808 evectum
2459 755 2509 809 in
2543 770 2636 810 sua
2663 757 2879 815 dextera
2922 759 3219 816 collocavit.
3253 762 3536 818 Enimvero
3577 764 3772 822 clamat

2191 845 2240 898 id
2270 846 2462 902 Paulus
2486 848 2671 905 dicens
2694 868 2708 905 :
2736 850 3153 908 Conresuscitavit
3178 864 3224 908 et
3250 859 3517 910 consedere
3541 860 3657 930 fecit
3681 878 3772 915 nos

2190 938 2241 991 in
2268 940 2542 994 cteleslibus
2568 942 2621 994 in
2659 942 2857 997 Christo
2880 943 3004 998 Jesu
3038 945 3252 1017 (Ephes.
3281 948 3334 1003 2.
3368 949 3445 1017 6).
3480 950 3769 1019 Propterea

2189 1030 2473 1085 consilium
2505 1041 2558 1087 et
2586 1032 2898 1089 deliberatio
2927 1046 2979 1091 et
3005 1040 3415 1094 communicatio
3434 1082 3449 1105 ,
3494 1057 3601 1095 non
3630 1043 3770 1112 quod

2190 1119 2420 1189 indigeat
2463 1123 2684 1177 consilio
2743 1124 2921 1192 Deus;
2971 1128 3110 1183 absit
3143 1147 3157 1182 :
3187 1130 3280 1185 sed
3325 1132 3437 1200 ipsa
3489 1133 3771 1188 verborum

2191 1213 2354 1281 ﬁgura
2394 1230 2500 1283 prae
2538 1231 2598 1270 sc
2643 1215 2747 1271 fert
2791 1217 3070 1287 honorem,
3111 1223 3199 1292 qui
3232 1226 3467 1279 nascenti
3514 1226 3768 1281 defertur.

2190 1304 2287 1370 Qui
2348 1304 2407 1358 fit
2453 1317 2673 1374 autem,
2725 1308 2865 1363 dicet
2929 1311 3155 1382 aliquis,
3217 1315 3262 1369 si
3315 1319 3650 1385 praestantior
3690 1326 3775 1373 est

2192 1406 2301 1450 toto
2342 1399 2559 1465 mundo,
2593 1412 2650 1456 ut
2686 1413 2808 1472 post
2850 1406 3103 1460 mundum
3134 1408 3501 1477 producatur?
3544 1412 3627 1467 0b
3672 1411 3773 1469 hoc

2190 1490 2360 1560 ipsum
2407 1492 2689 1561 nimirum,
2729 1497 2871 1566 quod
2901 1499 3099 1554 mundo
3142 1504 3482 1570 praestantior
3519 1505 3609 1559 sit.
3639 1504 3765 1561 Nam

2189 1583 2634 1651 quemadmodum
2659 1587 2962 1658 ingressuro
2991 1591 3042 1645 in
3071 1593 3259 1649 urbem
3281 1596 3569 1665 quamdam
3597 1597 3771 1669 impe-

2190 1682 2401 1741 ratore,
2448 1675 2645 1745 duces,
2673 1679 2907 1748 praafecti
2932 1723 2947 1747 ,
2979 1683 3263 1747 satellites,
3294 1701 3589 1757 omnesque
3631 1690 3773 1745 sei-ri

2192 1765 2528 1833 praecedunt,
2561 1776 2619 1823 ut
2647 1770 2840 1839 palatio
2877 1774 3155 1841 adornato,
3192 1786 3247 1831 et
3283 1778 3427 1832 omni
3470 1780 3577 1833 alio
3617 1784 3773 1835 inini-

2190 1859 2353 1911 sterio
2393 1871 2723 1929 praeparato,
2768 1880 2959 1935 magno
2995 1882 3114 1921 cum
3162 1867 3363 1925 honore
3392 1870 3771 1941 Imperatorem

2190 1952 2456 2020 excipiant
2497 1969 2509 2005 :
2543 1954 2619 2008 sic
2646 1955 2894 2012 nimirum
2926 1968 2979 2014 et
3008 1960 3126 2028 hic,
3169 1965 3316 2032 quasi
3356 1965 3773 2022 introducendus

2193 2056 2283 2094 rex
2316 2050 2491 2109 esset,
2524 2046 2603 2099 sol
2646 2049 2918 2115 praecessit
2942 2091 2955 2113 ,
2986 2051 3171 2106 caelum
3216 2059 3564 2123 pI'IBCllCUf‘I‘il
3587 2102 3599 2118 ,
3632 2060 3775 2126 prius

2193 2132 2487 2201 ingressum
2509 2145 2591 2191 est
2611 2137 2808 2202 lumen,
2835 2151 3013 2196 creata
3040 2153 3162 2197 sunt
3185 2149 3363 2199 omnia
3389 2160 3441 2201 et
3470 2148 3728 2203 adornata
3757 2192 3771 2215 ,

2195 2233 2409 2295 tumque
2439 2228 2607 2283 multo
2632 2244 2751 2284 cum
2782 2235 2983 2289 honore
3009 2234 3171 2290 homo
3202 2238 3556 2295 introducitur
3581 2243 3678 2312 (a).

2274 2317 2473 2383 Vocem,
2503 2319 2779 2376 Faciamus
2803 2367 2818 2391 ,
2847 2325 3081 2392 discutit,
3124 2339 3177 2381 ut
3215 2331 3281 2382 ad
3311 2330 3639 2403 Unigenitum
3682 2334 3773 2390 Dei

2192 2411 2356 2477 ﬁlium
2396 2416 2766 2482 agnoscendum
2818 2418 2981 2473 hostes
3019 2422 3238 2476 ueritatis
3270 2424 3512 2477 adducat.
3549 2425 3772 2479 Anthro-

2193 2509 2539 2575 pomorphitas
2582 2511 2856 2582 redarguit.
2876 2541 2946 2552 ——
2982 2512 3257 2570 Faciamus
3283 2517 3537 2572 hominem
3558 2520 3629 2572 ad
3650 2520 3776 2572 ima-

2192 2597 2375 2663 ginem.
2425 2599 2616 2655 Audiat
2662 2600 2897 2659 Iudaeus.
2943 2604 3025 2659 Ad
3053 2620 3211 2675 quem
3241 2607 3369 2663 dicit
3398 2609 3560 2675 Deus,
3591 2608 3775 2664 Facia-

2194 2707 2305 2744 mus
2324 2692 2348 2743 ?
2367 2691 2525 2746 Musis
2554 2706 2675 2748 sunt
2702 2695 2889 2763 literaa,
2920 2697 3100 2767 Mosis,
3128 2701 3213 2754 cui
3243 2716 3302 2756 se
3325 2702 3550 2757 credere
3573 2703 3771 2767 dicunt,

2193 2791 2247 2835 et
2287 2784 2634 2840 mentiuntur.
2685 2787 2752 2844 Ut
2792 2790 2933 2843 enim
2974 2792 3113 2845 scias
3152 2792 3270 2847 illos
3311 2795 3528 2848 mentiri
3572 2802 3628 2850 et
3672 2810 3773 2849 non

2193 2876 2431 2942 credere,
2459 2877 2726 2937 Christum
2757 2884 2876 2939 illos
2905 2886 3308 2942 convinceutem
3337 2888 3481 2950 audi,
3505 2904 3571 2943 ac
3598 2888 3777 2943 dicen-

2196 2979 2301 3025 tem
2330 2990 2343 3026 :
2389 2971 2449 3027 Si
2474 2974 2739 3028 crederetis
2768 2975 2966 3047 Moysi,
2996 2980 3263 3033 crederetis
3286 2991 3332 3034 et
3363 2982 3486 3033 mihi
3513 2981 3692 3050 (Joau.
3721 2983 3773 3037 5.

2193 3064 2306 3131 46).
2337 3064 2453 3118 Jam
2484 3081 2612 3121 vero
2639 3069 2778 3137 apud
2806 3069 2923 3124 illus
2950 3072 3161 3141 quidem
3190 3084 3310 3126 sunt
3340 3074 3483 3140 libri,
3514 3076 3654 3144 apud
3684 3092 3777 3129 nos

2192 3169 2370 3213 autem
2420 3162 2677 3217 librorum
2727 3163 3209 3237 thesauruszapud
3256 3169 3375 3223 illos
3404 3170 3593 3235 literae,
3640 3173 3776 3242 apud

2194 3270 2293 3309 nos
2339 3264 2392 3310 et
2431 3255 2620 3322 litem,
2665 3266 2719 3311 et
2761 3260 3062 3313 sententiae.
3100 3260 3182 3314 Ad
3221 3276 3379 3329 quem
3429 3263 3593 3332 igitur
3629 3264 3775 3330 dicit,

2195 3344 2470 3400 Faciamus
2494 3347 2787 3402 hominem?
2813 3350 2891 3404 Ad
2921 3351 3166 3421 angelum
3186 3393 3201 3415 ,
3232 3350 3438 3420 inquit,
3468 3354 3553 3408 vel
3582 3355 3650 3409 ad
3689 3371 3777 3410 ar-

2194 3438 2505 3508 changelum
2550 3440 2861 3510 simpliciter
2907 3443 3065 3497 verba
3116 3443 3261 3497 facit.
3296 3443 3366 3499 Ut
3404 3447 3548 3499 enim
3592 3447 3779 3501 verbe-

2194 3546 2353 3585 rones
2382 3530 2590 3594 famuli,
2623 3532 2749 3586 dum
2777 3533 2845 3587 ab
2877 3533 3018 3589 heris
3059 3546 3411 3602 accusantur,
3444 3552 3547 3591 nec
3584 3538 3776 3593 habent

2194 3614 2334 3692 quod
2361 3625 2438 3678 eis
2467 3634 2649 3692 aperte
2677 3626 3054 3695 respondeant,
3084 3627 3339 3697 quidquid
3365 3630 3415 3682 in
3445 3631 3668 3685 buccam
3692 3648 3778 3687 ve-

2194 3717 2334 3769 nerit
2362 3716 2670 3784 proferunt:
2702 3718 2779 3772 sic
2802 3727 2856 3772 et
2895 3733 2989 3773 vos
3015 3719 3081 3773 ad
3120 3720 3364 3790 angelum
3394 3730 3452 3775 et
3489 3723 3780 3793 archange-

2194 3808 2301 3861 lum
2335 3807 2448 3862 lizec
2485 3824 2606 3862 esse
2641 3809 2779 3863 dicta
2821 3810 2997 3865 vultis.
3028 3810 3196 3876 Quem
3237 3812 3449 3867 tandem
3490 3815 3777 3883 angelum?

2193 3916 2351 3970 quem
2369 3901 2777 3972 archangelum?
2797 3902 2976 3973 Neque
2992 3907 3135 3959 enim
3152 3907 3456 3976 angelorum
3477 3919 3559 3962 est
3574 3924 3773 3975 creare,

2198 4008 2369 4062 neque
2396 3994 2837 4065 archangelorum
2882 3996 2996 4052 haec
3022 4000 3252 4067 operari.
3296 4002 3473 4066 Quare
3500 4016 3631 4055 vero
3656 4017 3775 4056 cum

2195 4085 2382 4138 Canium
2412 4084 2629 4154 quidem
2657 4087 2928 4153 conderet,
2963 4104 3068 4143 non
3100 4090 3235 4144 dixit
3257 4093 3446 4161 angelo
3474 4102 3528 4147 et
3553 4096 3778 4147 archan-

2194 4177 2333 4246 gelo,
2363 4177 2455 4232 sed
2488 4194 2582 4247 per
2608 4194 2669 4234 se
2696 4180 2842 4234 illum
2867 4181 3150 4251 produxit:
3182 4199 3302 4238 cum
3333 4200 3462 4240 vero
3486 4187 3623 4241 carlo
3649 4197 3778 4242 toto-

2195 4284 2299 4337 que
2340 4270 2538 4324 mundo
2569 4273 2909 4340 prmstantius
2948 4276 3145 4330 animal
3192 4277 3440 4346 produxit
3467 4278 3776 4347 hominem,

2197 4368 2307 4413 tum
2334 4376 2525 4417 servos
2552 4363 2653 4419 sibi
2679 4368 2854 4420 socios
2880 4368 3166 4423 creationis
3192 4369 3483 4425 adsciscit?

2266 4455 2322 4508 2.
2362 4456 2475 4511 Non
2519 4458 2590 4511 ita
2622 4466 2733 4527 est,
2767 4462 2924 4530 plane
2953 4478 3058 4517 non
3085 4464 3154 4517 ita
3185 4471 3304 4529 est;
3337 4466 3535 4535 quippe
3563 4468 3779 4539 angelo.-

2197 4564 2311 4601 rum
2352 4558 2434 4604 est
2474 4552 2743 4617 assistere,
2787 4569 2892 4608 non
2943 4570 3163 4611 creare:
3212 4557 3658 4627 archangelorum
3705 4571 3783 4616 est

2198 4643 2518 4702 ministrare.
2549 4660 2654 4699 non
2678 4647 2988 4716 participem
3012 4663 3134 4705 esse
3162 4653 3441 4705 sententia:
3472 4666 3525 4706 et
3548 4655 3779 4709 consilii.

2197 4732 2334 4786 Audi
2362 4734 2488 4802 quid
2524 4735 2592 4790 de
2629 4738 2911 4791 virlutibus
2953 4739 3271 4809 Seraphim,
3312 4758 3429 4813 qum
3452 4746 3784 4817 archangelis

2196 4834 2321 4878 sunt
2348 4826 2619 4896 celsiores,
2652 4830 2791 4885 dicat
2824 4832 2983 4885 Isaias
3025 4850 3038 4885 :
3074 4832 3189 4887 Vidi
3220 4833 3498 4890 Dominum
3533 4839 3784 4893 sedentem

2197 4931 2351 4985 super
2374 4919 2556 4972 solium
2585 4921 2835 4976 excelsum
2859 4932 2905 4976 et
2933 4926 3198 4991 eleuatum,
3231 4936 3278 4981 et
3306 4927 3585 4998 Seraphim
3609 4931 3783 4986 adsta-

2199 5020 2316 5063 oant
2344 5012 2395 5064 in
2417 5014 2629 5065 circuitu
2656 5015 2766 5082 ejus
2788 5030 2806 5067 :
2830 5032 2918 5069 sea;
2941 5016 3040 5069 alte
3063 5018 3172 5083 uni,
3207 5029 3253 5073 et
3276 5036 3365 5074 sea:
3392 5024 3491 5075 alie
3525 5023 3675 5078 alteri
3694 5040 3716 5089 ;
3740 5034 3786 5078 et

2200 5104 2394 5163 duabus
2417 5107 2615 5175 quidem
2632 5108 2728 5161 alis
2745 5111 3030 5179 aperiebant
3055 5114 3209 5182 [acies
3232 5131 3353 5169 suas
3370 5116 3389 5186 (
3397 5114 3423 5168 Ι
3431 5117 3525 5170 sai.
3548 5118 3605 5173 6.
3636 5120 3689 5173 1.
3706 5119 3782 5189 2),

2203 5206 2259 5249 ut
2282 5197 2486 5252 scilicet
2524 5199 2709 5254 oculos
2734 5215 2860 5255 suos
2888 5204 3192 5269 munirent,
3223 5210 3363 5277 quod
3392 5210 3724 5264 exsilientem
3754 5226 3785 5265 e

2200 5288 2335 5341 solio
2362 5288 2618 5359 fulgorem
2663 5293 2930 5348 sustinere
2956 5309 3062 5350 non
3090 5304 3328 5366 possent.
3357 5299 3496 5368 Quid
3539 5301 3658 5356 ais?
3686 5300 3782 5356 Se-

2202 5381 2407 5450 raphim
2434 5382 2667 5449 adstant,
2696 5395 2749 5439 et
2771 5394 2913 5439 tanta
2944 5397 3067 5441 sunt
3096 5389 3451 5447 admiratione
3479 5407 3543 5447 ac
3569 5403 3782 5462 stupore

2201 5484 2466 5544 correpta,
2490 5475 2647 5547 idque
2668 5493 2789 5533 cum
2817 5479 2909 5533 Dei
2930 5481 3145 5537 videant
3173 5483 3552 5555 indulgentiam
3577 5505 3592 5556 ;
3614 5488 3781 5559 angeli

2203 5579 2330 5619 vero
2376 5574 2431 5619 et
2475 5570 2681 5624 consilii
2725 5582 2847 5626 sunt
2896 5574 3223 5644 participes,
3274 5579 3782 5650 consultationiqu

2271 5830 2342 5894 (a)
2375 5829 2489 5884 vide
2511 5828 2721 5885 similem
2742 5835 3034 5886 sententiam
3066 5840 3197 5885 nom.
3225 5834 3256 5886 8
3278 5835 3327 5886 in
3350 5842 3471 5888 Gen.
