4028 6360
330 335 436 392 587

327 450 441 503 τῶν
454 449 729 520 προέδρων
745 453 835 506 καὶ
855 457 973 517 ταῖς
989 456 1286 526 ὑμετέραις
1307 461 1364 515 τὸ
1385 463 1492 514 πᾶν
1513 463 1899 536 ὲπιρρίψαντες

328 538 718 610 ἀπεδυσάμεθα
742 543 876 614 πρὸς
905 545 963 596 τδ
1015 547 1246 599 στάδιον.
1287 550 1432 622 Εύχὴ
1480 553 1536 605 δὲ
1579 555 1902 626 Ἐκκλησίας

326 626 582 682 τοσοῦτον
604 628 843 692 δύναται,
881 632 956 695 ὡς
987 635 1032 686 εἰ
1067 637 1160 687 καὶ
1187 635 1348 690 λίθων
1375 633 1516 709 ἦμεν
1547 641 1898 712 ἀφωνότεροι,

326 715 531 783 πτεροῦ
565 717 762 780 παντὸς
789 720 1120 791 κουφοτέραν
1149 724 1278 793 ἡμῖν
1319 726 1418 795 τὴν
1443 728 1691 794 γλῶτταν
1745 731 1901 799 ἐργάι

328 803 548 856 σασθαι.
587 803 794 868 Ὠσπερ
828 806 936 874 γάρ
973 806 1204 880 ζέφυρος
1237 813 1318 874 είς
1351 814 1488 882 μέσα
1517 815 1613 884 τῆς
1641 816 1768 884 νηὸς
1799 819 1899 886 έμ-

326 889 512 942 πεσὼν
552 889 619 943 τὰ
677 892 838 954 ἱστία,
874 893 1062 962 βέλους
1123 895 1375 969 ὀξύτερον
1434 903 1793 972 παραπέμπει
1839 905 1900 956 τὸ

327 977 569 1047 σκάφοςο
608 977 750 1032 οὕτω
789 982 882 1033 καὶ
924 983 1246 1053 Ἐκκλησίας
1275 987 1406 1058 εὐχὴ
1447 991 1527 1052 εἰς
1550 989 1648 1060 τὴν
1688 991 1779 1043 τοῦ
1812 991 1898 1043 λέ-

321 1081 514 1133 γοντος
544 1066 854 1136 ἐμπεσοῦσα
873 1069 1388 1146 γλῶτταν,ζεφύρου
1420 1077 1774 1148 σφοδρότερον
1796 1097 1898 1132 πα·-

321 1153 606 1225 ραπέμπει
664 1155 754 1207 τὸν
808 1155 984 1224 λόγον.
1025 1160 1116 1211 Διὸ
1158 1161 1252 1212 καὶ⁵
1293 1163 1454 1232 ἡμεῖς
1505 1164 1629 1217 καθ’
1660 1166 1897 1237 ἑκάστην

317 1241 537 1313 ἡμέραν
584 1241 907 1315 Θαρροῦντες
964 1246 1324 1317 ἀποδυόμεθα.
1382 1250 1444 1303 Εἰ
1495 1252 1603 1322 γάρ
1663 1254 1896 1306 ἐπὶτῶν

318 1329 524 1394 ἔξωθεν
562 1330 786 1398 ἀγώνων
809 1332 938 1386 δέκα
959 1350 1041 1395 τις
1061 1333 1286 1407 μόνον,ῆ
1315 1338 1486 1390 είκοσι
1509 1338 1644 1408 ἔχων
1663 1342 1895 1412 ἐραστὰς

318 1419 380 1469 ὲν
403 1417 559 1488 δήμῳ
591 1418 848 1489 τοσούτῳ,
865 1421 1003 1489 μετά
1027 1422 1330 1492 προθυμίας
1350 1427 1430 1488 είς
1453 1426 1543 1479 τὸν
1564 1425 1749 1493 ἀγῶνα
1767 1429 1895 1482 κάτ-

317 1522 428 1557 εισι
450 1522 464 1535 ⁸
499 1505 679 1576 πολλῷ
703 1507 898 1576 μᾶλλον
922 1510 1103 1578 ἡμεῖς,
1142 1512 1272 1562 ὅπου
1305 1512 1364 1564 οὐ
1395 1513 1547 1577 δέκα,
1576 1515 1694 1568 οὐδὲ
1721 1515 1893 1569 εἴκοσι

322 1594 504 1663 μόνον,
525 1594 640 1648 ἀλλ’
670 1595 812 1648 ἅπαν
841 1597 972 1666 ἡμῖν
997 1597 1057 1649 τὸ
1079 1597 1306 1669 θέατρον
1335 1599 1394 1664 ἐξ
1423 1601 1665 1670 ἀδελφῶν
1685 1605 1778 1656 καὶ
1799 1623 1894 1656 πα-

316 1680 491 1752 τέρων
516 1681 1160 1756 σύγκειται,θαρροῦντες
1181 1686 1338 1739 τοῦτο
1361 1691 1680 1759 ποιήσομεν.
1708 1693 1892 1746 Καίτοι

288 1772 382 1846 ζγε
413 1771 506 1822 ἐπὶ
522 1771 630 1825 τῶν
657 1771 850 1836 ἔξωθεν
871 1773 1096 1840 ἀγώνων
1123 1776 1274 1828 οὐδὲν
1289 1776 1354 1829 ἂν
1383 1779 1525 1846 μέγα
1541 1779 1893 1848 καρπώσαιτο

292 1859 345 1948 l6
374 1858 679 1930 ἀγωνιστὴς
709 1861 860 1932 παρά
895 1862 987 1915 τοῦ
1024 1863 1215 1916 θεατοῦ
1239 1903 1253 1928 ,
1289 1864 1403 1917 ἀλλ’
1439 1866 1472 1936 ἢ
1517 1868 1641 1920 ὅσον
1698 1868 1888 1938 βοῆσαι

294 1947 545 2009 (ἐκεῖνον,
582 1947 673 2000 καὶ
696 1947 970 2018 θαυμάσαι
992 1949 1060 2001 τά
1086 1953 1447 2022 γεγενημένα,
1472 1954 1565 2008 καὶ
1587 1957 1891 2027 φιλονεικῆ-

318 2050 409 2086 σαι
439 2037 549 2096 τοῖς
582 2035 950 2103 ἀντιλέγουσιν
978 2037 1088 2090 ἀνω
1111 2039 1416 2110 καθήμενον
1445 2056 1460 2070 ⁸
1504 2043 1804 2113 καταϐῆναι
1833 2045 1890 2096 δὲ

300 2124 397 2196 εείς
425 2123 487 2174 τὸ
521 2123 751 2187 στάδιον,
774 2124 868 2176 καὶ
887 2126 1043 2194 χεῖρα
1069 2126 1273 2196 ὀρέξαι,
1289 2127 1382 2180 καὶ
1401 2128 1621 2182 ἑλκύσαι
1645 2131 1780 2183 πόδα
1795 2130 1886 2182 τοῦ

305 2191 839 2280 Ιἀνταγωνιζομένου,
875 2211 907 2282 ἢ
949 2212 1075 2266 ἄλλο
1128 2232 1179 2266 τι
1221 2214 1459 2268 τοιοῦτον
1499 2217 1886 2282 ἐπιδείξασθαι,

303 2291 523 2362 ³τούτοις
551 2300 610 2352 ού
643 2300 817 2370 θέμις.
883 2303 946 2354 Oi
977 2303 1084 2372 γὰρ
1123 2305 1246 2368 τοὺς
1277 2305 1496 2372 ἀγῶνας
1549 2308 1788 2372 ἐκείνους
1828 2310 1886 2376 ἐξ

312 2389 486 2458 ἀρχῆς
509 2389 909 2460 διαταξάμενοι,
956 2391 1226 2457 σκόλοπας
1269 2394 1539 2464 πήξαντες
1573 2394 1713 2460 ὀξεῖς
1739 2438 1754 2462 ,
1795 2399 1888 2452 καὶ

314 2477 524 2546 σχοινία
555 2477 736 2548 κύκλῳ
776 2477 1180 2548 περιϐαλόντες,
1217 2480 1358 2532 οὕτω
1396 2481 1506 2534 τῶν
1539 2482 1745 2537 θεατῶν
1787 2485 1886 2555 τὴν

314 2567 514 2637 μανίαν
555 2569 814 2639 εἴργουσι.
847 2570 956 2622 Καὶ
979 2571 1031 2622 τί
1060 2569 1390 2640 θαυμαστὸν,
1437 2574 1485 2624 εἰ
1523 2573 1686 2645 θεατῇ
1721 2593 1888 2630 κατα-

309 2653 472 2724 ϐῆναι
500 2655 560 2707 ού
585 2655 761 2724 θέμις,
781 2657 980 2725 ὅπουγε
1003 2658 1096 2709 καὶ
1119 2658 1209 2710 τὸν
1234 2659 1586 2730 παιδοτρίϐην
1613 2661 1717 2728 ἔξω
1733 2663 1884 2733 παρά

313 2742 411 2812 τὴν
446 2743 592 2797 κόνιν
627 2745 968 2808 καθίσαντες,
1001 2745 1282 2817 πόρρωθεν
1314 2749 1412 2818 τὴν
1438 2749 1545 2802 ἀπὸ
1593 2751 1690 2822 τῆς
1740 2752 1885 2806 διδα-

313 2831 542 2894 σκαλίας
565 2835 880 2902 συμμαχίαν
914 2836 1154 2902 εἰσάγειν
1183 2838 1294 2898 τοῖς
1322 2837 1744 2907 ἀγωνιζομένοις
1792 2858 1886 2893 κε-

308 2919 546 2982 λεύουσι,
582 2921 806 2991 πλησίον
830 2923 885 2975 δὲ
909 2923 1007 2974 οὐκ
1039 2923 1198 2976 ἐῶσιν
1226 2924 1428 2991 ὲλθεῖν;
1470 2926 1608 2979 Ἀλλ’
1647 2929 1748 2981 οὐκ
1798 2932 1884 2983 ὲν-

307 3007 484 3060 ταῦθα
501 3006 701 3070 οὕτως·
743 3009 876 3062 ἀλλά
907 3011 1001 3062 καὶ
1046 3010 1352 3082 διδασκάλῳ
1383 3013 1476 3065 καὶ
1511 3012 1674 3085 θεατῇ
1712 3033 1880 3069 κατα-

309 3094 471 3162 ϐῆναι
501 3094 634 3164 πρὸς
667 3097 812 3162 ἡμᾶς
847 3095 946 3160 ἔνι,
982 3097 1076 3148 καὶ
1106 3098 1273 3166 ἐγγὺς
1302 3098 1490 3168 στῆναι
1520 3102 1587 3171 τῇ
1619 3101 1878 3169 διαθέσει,

309 3182 403 3231 καὶ
415 3179 504 3232 διὰ
519 3181 625 3232 τῶν
642 3181 813 3251 εὐχῶν
829 3183 958 3251 ἡμῖν
976 3185 1342 3255 συγκροτῆσαι
1357 3187 1452 3258 τὴν
1464 3187 1690 3258 δύναμιν
1707 3188 1880 3262 [652].

307 3270 482 3340 Δεῦρο
507 3270 635 3338 γοῦν
660 3272 778 3324 κατ’
815 3273 1011 3336 αὐτοὺς
1047 3274 1288 3338 ἐκείνους
1334 3279 1462 3342 τοὺς
1498 3279 1738 3350 ἀθλητὰς
1771 3281 1881 3333 τῶν

309 3359 704 3428 παλαισμάτων
741 3359 1026 3431 ἁψώμεθα.
1062 3364 1172 3416 Καὶ
1237 3365 1348 3438 γάρ
1401 3367 1626 3420 ἐπειδάν
1681 3370 1881 3422 ἐκεῖνοι

312 3445 512 3516 μέσους
546 3446 771 3510 ἑαυτοὺς
799 3451 1180 3519 κατασχόντες,
1217 3451 1322 3506 ὑπὸ
1350 3455 1449 3524 τῆς
1482 3454 1602 3524 βίας
1639 3455 1746 3510 τῶν
1774 3457 1882 3528 ἀμ·
1915 3479 1920 3490 ι

309 3536 498 3605 μάτων
520 3535 655 3606 πρὸς
697 3536 786 3588 τὸν
830 3536 1026 3602 ἔξωθεν
1059 3538 1254 3603 αὐτοὺς
1289 3543 1629 3613 περιεστῶτα
1660 3543 1883 3608 ἐξακον-

306 3621 568 3676 τισθῶσιν
591 3623 746 3693 δχλον
770 3624 856 3678 διά
880 3625 976 3696 τὴν
999 3624 1095 3678 τοῦ
1131 3627 1297 3682 τόπου
1348 3631 1729 3702 στενοχωρίαν,
1784 3633 1879 3686 λύ-

309 3727 505 3774 σαντες
560 3712 627 3764 τά
676 3710 924 3782 ἅμματα,
961 3713 1098 3778 πρὸς
1154 3715 1246 3768 τὸν
1302 3717 1398 3786 τῆς
1427 3717 1665 3785 ἀγωνίας
1718 3719 1880 3772 πάλιν

305 3798 702 3868 ἐπανέρχονται
748 3799 908 3852 τόπον
933 3814 948 3831 ⁸
982 3795 1098 3854 εἶτα
1152 3803 1536 3870 ἐπανελθόντες
1571 3807 1673 3860 οὐκ
1730 3807 1879 3878 ὀρθοὶ

306 3885 715 3956 συμπλέκονται
753 3887 928 3951 πάλιν,
973 3888 1087 3941 ἀλλ’
1120 3891 1175 3942 ὲν
1205 3891 1398 3961 ἐκείνῳ
1436 3891 1512 3962 τῷ
1545 3893 1732 3965 τρόπῳ
1769 3896 1878 3948 τῶν

306 3972 521 4043 δεσμῶν
554 3975 778 4038 ἑαυτοὺς
803 3980 1260 4049 καταστήσαντες,
1306 3981 1362 4032 ἐν
1400 3973 1442 4048 ᾧ
1469 3981 1562 4034 καὶ
1610 3981 1762 4046 ὄντες
1798 3984 1877 4038 δι-

305 4061 597 4133 ελύθησαν.
639 4064 792 4116 Ἐπεὶ
827 4060 920 4117 οῦν
953 4066 1047 4118 καὶ
1084 4068 1232 4136 ἡμᾶς
1273 4067 1494 4138 ὴτόπου
1548 4071 1878 4140 στενοχωρία

307 4149 607 4202 καταλῦσαι
639 4151 729 4203 τὸν
759 4149 912 4219 λόγον
938 4153 1236 4221 ἠνάγκασε,
1271 4155 1401 4226 φέρε
1426 4156 1562 4227 πρὸς
1594 4157 1685 4211 τὸν
1713 4159 1877 4212 τόπον

303 4237 408 4307 τῆς
436 4237 670 4306 ἀγωνίας
701 4238 1104 4305 ἐπανελθόντες,
1140 4241 1207 4294 τά
1231 4241 1460 4313 ἅμματα
1496 4244 1747 4317 λύσωμεν
1768 4248 1877 4300 ἀπὸ

308 4326 416 4380 τῶν
438 4328 676 4398 τήμερον
693 4327 1144 4395 ἀναγνωσθέντων
1175 4332 1324 4400 ἡμῖν.
1341 4333 1448 4386 Καὶ
1470 4329 1636 4387 εἶπεν
1655 4338 1686 4388 ό
1710 4337 1872 4400 Θεὸς,

303 4415 461 4485 φησὶ,
475 4415 826 4484 Ποιήσωμεν
845 4415 1157 4484 ἄνθρωπον
1178 4420 1304 4473 κατ’
1321 4423 1524 4475 εἰκόνα
1546 4422 1644 4476 καὶ
1673 4424 1877 4492 ὁμοίως·

303 4519 414 4556 σιν
432 4501 746 4571 ἡμετέραν.

383 4592 480 4644 Ἐν
525 4590 742 4662 πρῶτον
772 4590 930 4644 τοῦτο
957 4590 1105 4656 ἄξιον
1138 4591 1388 4664 ζητῆσαι,
1433 4594 1485 4646 τί
1526 4595 1746 4666 δήποτε,
1786 4597 1875 4650 ὅτε

308 4679 410 4749 μὲν
439 4680 467 4730 6
495 4679 720 4750 οὐρανὸς
747 4679 976 4747 ἐγίνετο,
995 4679 1228 4749 οὐδαμοῦ
1243 4681 1324 4746 τὸ,
1343 4679 1707 4751 Ποιήσωμεν,
1724 4682 1876 4756 εἴρη-

303 4784 418 4830 ται,
479 4766 634 4826 ἀλλά.
675 4765 996 4834 Γενηθήτω
1024 4768 1311 4835 οὐρανὸς,
1349 4770 1666 4835 Γενηθήτω
1728 4770 1872 4840 μῶς,

303 4858 402 4910 καὶ⁵
429 4855 550 4910 καθ’
576 4855 804 4912 ἕκαστον
832 4856 931 4925 τῆς
960 4855 1187 4918 κτίσεως
1224 4856 1388 4926 μέρος
1413 4855 1583 4918 οὕτως
1603 4873 1616 4884 ⁸
1646 4857 1876 4911 ἐνταῦθα

300 4946 360 4998 δὲ
396 4945 476 5007 τὸ,
497 4945 868 5014 Ποιήσωμεν,
888 4945 1206 5015 πρόσκειται
1234 4945 1412 5014 μόνον,
1435 4944 1596 5016 βουλὴ
1630 4945 1720 4999 καὶ
1754 4946 1878 4999 σκέ-

299 5033 397 5100 ψις
422 5034 515 5086 καὶ
539 5033 675 5103 πρὸς
706 5032 892 5103 ἕτερόν
911 5047 1030 5084 τινα
1050 5031 1307 5100 ὁμότιμον
1337 5033 1729 5099 ἀνακοίνωσις;
1780 5035 1876 5097 Τίς

302 5137 439 5172 ποτε
472 5119 581 5190 ἄρα
608 5121 756 5174 ἐστὶν
784 5121 814 5172 6
839 5117 1289 5190 δημιουργεῖσθαι
1313 5119 1539 5190 μέλλων,
1574 5121 1655 5174 δτι
1684 5121 1877 5194 τοσαύ-

298 5223 404 5277 της
424 5205 688 5260 ἀπολαύει
717 5206 885 5277 τιμῆς
906 5223 921 5271 ;
943 5205 1262 5276 Ἄνθρωπός
1299 5209 1440 5273 ἐστι,
1469 5209 1531 5262 τὺ
1561 5209 1705 5280 μέγα
1739 5209 1876 5274 ζῶον

299 5296 400 5348 καὶ
424 5294 759 5366 θαυμαστὸν,
780 5295 876 5348 καὶ
909 5295 1010 5365 τῆς
1035 5295 1267 5355 κτίσεως
1294 5295 1512 5365 ἀπάσης
1537 5296 1615 5368 τῷ
1642 5297 1760 5367 Θεῷ
1789 5316 1876 5351 τι-

303 5381 592 5455 μιώτερον.
611 5386 676 5438 δι’
705 5384 764 5437 δν
808 5385 1034 5456 οὐρανὸς
1081 5386 1174 5436 καὶ
1202 5384 1274 5454 γῆ
1302 5385 1396 5438 καὶ
1428 5384 1666 5438 θάλαττα
1687 5387 1778 5439 καὶ
1816 5387 1878 5439 τὸ

297 5471 487 5525 λοιπὸν
512 5473 656 5525 ἆπαν
681 5474 778 5544 τῆς
819 5475 1046 5537 κτίσεως
1087 5472 1273 5543 σῶμα⁸
1313 5472 1618 5544 ἄνθρωπος,
1677 5470 1737 5532 οῦ
1773 5476 1874 5546 τῆς

301 5560 575 5630 σωτηρίας
597 5561 770 5623 οὕτως
792 5563 820 5612 6
840 5560 969 5623 Θεὸς
996 5559 1233 5630 ἠράσθη,
1263 5561 1338 5624 ὡς
1368 5562 1499 5631 μηδὲ
1520 5561 1611 5615 τοῦ
1633 5564 1875 5633 Μονογε-

298 5647 426 5710 νοῦς
445 5647 731 5717 φείσασθαι
761 5647 825 5701 δι’
850 5649 1030 5702 αὐτόν’
1064 5651 1122 5702 οὐ
1150 5649 1258 5719 γὰρ
1275 5650 1483 5722 ἀπέστη
1515 5651 1691 5704 πάντα
1707 5654 1876 5706 ποιῶν

300 5736 397 5790 καὶ
437 5736 959 5807 πραγματευόμενος
987 5779 1001 5805 ,
1037 5737 1140 5800 ἕως
1179 5737 1336 5792 αὑτὸν
1376 5738 1871 5815 ἀναγαγὼν-ἐκάθ-

1501 346 1565 400 IN
1591 347 1892 403 GENESIM
1926 348 2159 407 SERMO
2183 355 2240 409 11.

3472 363 3578 420 588

2010 485 2120 521 ισεν
2136 469 2193 520 ἐν
2209 468 2356 538 δεξιᾷ
2394 469 2608 522 ἑαυτοῦ.
2639 469 2741 524 Καὶ
2777 473 2874 544 βοᾷ
2891 471 3101 538 Παῦλος
3136 473 3343 544 λέγων·
3382 478 3577 544 Em}-

2004 574 2158 624 γειρε
2175 558 2270 610 καὶ
2283 561 2681 614 συνεκάθισεν
2698 562 2852 630 ἡμᾶς
2866 565 2934 615 ἐν
2954 561 3122 630 δεξιᾷ
3139 564 3356 618 ἑαυτοῦ
3370 565 3440 618 ἐν
3455 567 3579 634 τοῖς

2001 645 2374 713 ἐποιφανίοις
2420 648 2488 700 ἐν
2531 648 2762 716 Χριστῷ
2801 652 3026 718 Ἰησοῦ.
3065 651 3164 704 Διά
3218 651 3374 706 τοῦτο
3409 653 3572 726 βουλὴ

2001 733 2096 784 καὶ
2127 735 2318 802 σκέψις
2354 735 2448 788 καὶ
2469 737 2846 803 ἀνακοίνωσις,
2881 741 2982 792 οὐκ
3016 740 3200 811 ἐπειδὴ
3228 741 3255 792 6
3279 740 3411 805 Θεὸς
3463 742 3579 811 βου-

2000 819 2099 888 λῆς
2126 819 2326 874 δεῖται⁸
2363 823 2437 892 μὴ
2486 822 2728 890 γένοιτο·
2765 825 2898 879 ἀλλά
2939 827 3017 896 τῷ
3063 828 3301 897 σχήματι
3329 829 3438 881 τῶν
3480 831 3576 902 ῥη-

2003 907 2187 977 μάτων
2225 908 2322 979 τὴν
2351 911 2430 972 εἰς
2458 910 2548 963 τὸν
2565 915 2855 982 γενόμενον
2877 916 3008 984 ἡμῖν
3027 915 3361 969 ἐνδείκνυται
3387 919 3572 988 τιμήν.

1998 995 2109 1048 Καὶ
2138 995 2274 1060 πῶς,
2296 1000 2480 1067 φησὶν,
2502 1003 2548 1054 εἰ
2579 1002 2673 1054 τοῦ
2710 1002 2915 1072 κόσμου
2947 1003 3272 1076 τιμιώτερός
3297 1008 3410 1059 ἐστι
3436 1023 3575 1060 παν-

1997 1085 2106 1146 τὸς,
2125 1085 2348 1158 ὕστερον
2368 1090 2459 1142 τοῦ
2480 1091 2683 1160 κόσμου
2711 1103 2735 1131 ει
2768 1093 3074 1161 παράγεται
3095 1109 3109 1158 ;
3130 1095 3207 1144 Δι’
3236 1093 3367 1145 αὐτὸ
3395 1095 3572 1158 τοῦτο,

1997 1173 2184 1244 ἐπειδὴ
2215 1176 2308 1227 τοῦ
2337 1177 2541 1247 κόσμου
2573 1178 2895 1249 τιμιώτερός
2918 1181 3084 1232 ἐστιν.
3121 1181 3329 1250 Ὥσπερ
3351 1179 3459 1249 γὰρ
3478 1179 3576 1250 βα-

1998 1259 2188 1323 σιλέως
2226 1264 2305 1324 είς
2333 1262 2456 1315 τινὰ
2482 1263 2636 1316 πόλιν
2671 1264 2913 1318 ἐλαύνειν
2941 1265 3245 1335 μέλλοντος,
3279 1269 3574 1336 στρατηγοὶ

1995 1349 2090 1398 καὶ
2119 1347 2352 1419 ὕπαρχοι
2381 1351 2473 1402 καὶ
2501 1351 2788 1422 δορυφόροι
2811 1353 2905 1405 καὶ
2929 1355 3128 1415 πάντες
3156 1355 3203 1406 οἱ
3232 1353 3406 1407 δοῦλοι
3437 1371 3572 1422 προ-

1995 1434 2306 1501 φθάνουσιν,
2332 1437 2418 1490 ἵνα
2444 1439 2514 1490 τὰ
2533 1439 2778 1508 βασίλεια
2799 1441 3332 1508 παρασκευάσαντες,
3356 1441 3447 1493 καὶ
3465 1441 3572 1492 πᾶ-

1997 1538 2096 1573 σαν
2115 1522 2213 1592 τὴν
2240 1522 2405 1592 ἄλλην
2434 1524 2854 1595 εύτρεπίσαντες
2879 1526 3192 1597 θεραπείαν,
3211 1527 3348 1596 μετά
3371 1526 3572 1595 πολλῆς

1992 1608 2089 1676 τῆς
2131 1613 2298 1678 τιμῆς
2331 1611 2696 1676 ὑποδέξωνται
2737 1613 2828 1666 τὸν
2876 1613 3128 1682 βασιλέα·
3187 1613 3331 1666 οὕτω
3365 1613 3436 1684 ’δὴ
3477 1614 3571 1666 καὶ

1993 1695 2258 1758 ἐνταῦθα,
2312 1697 2564 1768 καθάπερ
2600 1701 2866 1769 βασιλέως
2904 1701 3219 1768 εἰσάγεσθαι
3263 1701 3568 1771 μέλλοντος,

1994 1783 2336 1852 προέφθασεν
2368 1789 2394 1838 6
2419 1786 2589 1854 ἥλιος,
2625 1788 2966 1858 προέδραμεν
2995 1790 3023 1839 6
3056 1788 3284 1858 οὐρανὸς
3305 1828 3319 1852 ,
3352 1804 3572 1858 προεισ-

1991 1870 2121 1938 ῆλθε
2152 1871 2213 1922 τὸ
2252 1875 2400 1940 φῶς,
2432 1873 2650 1926 ἅπαντα
2697 1875 2887 1941 γέγονε
2940 1876 3034 1927 καὶ
3078 1874 3429 1945 εύτρεπίσθη,
3477 1874 3571 1926 κού⁸

1991 1959 2110 2010 τότε
2149 1959 2176 2010 6
2208 1960 2492 2029 ἄνθρωπος
2524 1960 2660 2030 μετά
2688 1961 2887 2030 πολλῆς
2913 1960 3140 2031 ὕστερον
3169 1963 3451 2028 εἰσάγεται
3471 1961 3571 2031 τῆς

1991 2047 2179 2115 τιμῆς.

2059 2131 2409 2201 Ποιήσωμεν
2446 2133 2760 2202 ἄνθρωπον
2801 2136 2926 2186 κατ’
2950 2135 3174 2187 εἰκόνα.
3226 2133 3504 2186 Ἀκουέτω
3541 2135 3569 2186 6

2003 2219 2270 2282 Ἰουδαῖος.
2291 2219 2432 2290 Πρὸς
2458 2220 2577 2272 τίνα
2598 2223 2760 2292 φησιν
2777 2223 2804 2273 6
2832 2221 2984 2283 Θεὸς.
3009 2221 3386 2290 Ποιήσωμεν;
3408 2223 3571 2274 Μωῦ·

1990 2306 2128 2370 σέως
2154 2308 2271 2359 ἐστὶ
2305 2307 2370 2360 τὰ
2399 2308 2724 2380 γράμματα,
2753 2308 3050 2372 Μωῦσέως,
3079 2303 3121 2375 ᾧ
3150 2308 3423 2361 πιστεύειν
3443 2308 3571 2376 ψευ-

1986 2393 2199 2464 δόμενοί
2228 2412 2381 2463 φασι.
2423 2397 2533 2448 Καὶ
2567 2397 2648 2448 ὅτι
2673 2395 2960 2464 ψεύδονται
2995 2395 3089 2447 καὶ
3114 2395 3173 2447 ού
3203 2394 3568 2459 πιστεύουσιν,

1986 2483 2150 2534 ἄκουε
2182 2482 2278 2534 τοῦ
2305 2484 2540 2554 Χριστοῦ
2559 2483 2923 2554 διελέγχοντος
2949 2485 3144 2547 αὐτοὺς
3169 2485 3261 2536 καὶ
3287 2482 3568 2551 λέγοντος⁸

1986 2571 2056 2620 El
2096 2569 2442 2622 ἐπιστεύετε
2462 2570 2722 2633 Μωϋσεῑ,
2760 2571 3109 2624 ἐπιστεύετε
3139 2571 3218 2624 ἂν
3253 2571 3404 2639 ἐμοί.
3457 2567 3571 2622 Νῦν

1984 2655 2040 2707 δὲ
2078 2657 2209 2726 παρ’
2236 2657 2464 2720 ἐκείνοις
2501 2658 2596 2727 μὲν
2626 2658 2695 2709 τά
2719 2657 2920 2727 βιϐλία,
2949 2659 3077 2724 παρ’
3101 2659 3232 2728 ἡμῖν
3254 2655 3311 2710 δὲ
3344 2656 3454 2709 τῶν
3490 2655 3574 2725 βιτ

1985 2741 2147 2795 ὁλίων
2166 2744 2194 2794 6
2233 2742 2502 2814 θησαυρός
2521 2758 2535 2771 ⁸
2569 2743 2698 2810 παρ’
2725 2745 2955 2808 ἐκείνοις
2975 2746 3043 2797 τά
3067 2745 3391 2814 γράμματα,
3418 2742 3569 2816 [653]

1987 2831 2115 2901 παρ’
2133 2833 2262 2901 ἡμῖν
2283 2831 2462 2884 καὶτὰ
2479 2831 2782 2903 γράμματα
2803 2833 2897 2884 καὶ
2915 2831 2983 2883 τὰ
3003 2835 3270 2901 νοήματα.
3291 2831 3430 2902 Πρὸς
3447 2832 3571 2884 τίνα

1982 2915 2096 2983 οῦν,
2121 2917 2263 2981 εἰπὲ,
2292 2917 2349 2970 λέ
2362 2935 2462 2986 γει,
2490 2918 2845 2987 Ποιήσωμεν
2869 2918 3187 2986 ἄνθρωπον
3203 2933 3225 2983 ;
3243 2919 3382 2988 Πρὸς
3403 2919 3570 2987 ἀγγε-

1981 3005 2103 3066 λον,
2139 3007 2330 3076 φησιν,
2375 3005 2424 3075 ἢ.
2456 3005 2591 3075 πρὸς
2631 3005 2972 3074 ἁρχάγγελον
3022 3004 3207 3068 ἁπλῶς
3250 3005 3567 3074 φθέγγεται.

1981 3092 2248 3163 Καθάπερ
2275 3092 2382 3165 γὰρ
2398 3094 2446 3146 οἱ
2482 3094 2763 3165 μαστιγίαι
2791 3093 2898 3146 τῶν
2920 3093 3144 3147 οἰκετῶν
3169 3094 3321 3164 παρά
3352 3092 3458 3147 τῶν
3480 3093 3570 3146 δειο

1983 3181 2197 3233 σποτῶν
2246 3182 2660 3252 ἐγκαλούμενοι,
2699 3183 2792 3234 καὶ
2831 3180 2892 3244 ἐξ
2933 3181 3150 3244 εὐθείας
3199 3181 3301 3233 οὐκ
3357 3180 3571 3250 ἔχοντες

1981 3269 2399 3340 ἀποκρίνασθαι,
2435 3272 2495 3324 τὸ
2529 3272 2754 3325 ἐπελθὸν
2787 3271 2932 3325 ἆπαν
2956 3271 3358 3341 προσφέρουσιν
3378 3287 3390 3300 ⁸
3426 3270 3569 3325 οὕτω

1981 3359 2044 3429 δὴ
2076 3361 2166 3412 καὶ
2209 3362 2364 3431 ὑμεις
2384 3402 2400 3427 ,
2439 3357 2585 3430 Πρὸς
2609 3359 2857 3427 ἄγγελον,
2884 3359 3044 3427 φατὲ,
3099 3364 3195 3412 καὶ
3229 3359 3568 3430 ἀρχάγγελον

1980 3440 2120 3499 εἷπε.
2159 3448 2315 3500 Ποῖον
2363 3447 2631 3514 ἄγγελον;
2682 3451 2836 3502 ποῖον
2872 3448 3216 3519 ἀρχάγγελον
3252 3448 3316 3514 b;
3353 3449 3427 3501 Ού
3457 3448 3567 3519 γὰρ

1980 3535 2224 3603 ἀγγέλων
2251 3537 2368 3588 ἐστὶ
2388 3537 2448 3588 τὸ
2467 3535 2845 3606 δημιουργεῖν,
2869 3537 2990 3589 οὐδὲ
3020 3536 3377 3608 ἀρχαγγέλων
3393 3538 3454 3590 τὸ
3477 3540 3570 3608 ερ-

1979 3622 2241 3692 γάζεσθαι
2266 3624 2459 3676 ταῦτα.
2483 3623 2640 3684 Τίνος
2662 3623 2719 3676 δὲ
2738 3623 2948 3687 ἕνεκεν,
2985 3625 3074 3677 ὅτε
3095 3624 3195 3693 μὲν
3225 3626 3316 3677 τὸν
3341 3624 3566 3694 οὐρανὸν

1980 3709 2254 3777 ἐποίησεν,
2287 3710 2386 3762 οὐκ
2409 3704 2562 3761 εἶπεν
2585 3709 2803 3780 ἀγγέλῳ
2847 3710 2942 3762 καὶ
2968 3711 3314 3781 ἀρχαγγέλῳ,
3341 3711 3477 3763 ἀλλὰ
3499 3712 3566 3764 δι’

1979 3796 2175 3850 ἑαυτοῦ
2199 3798 2520 3867 παρήγαγεν
2543 3814 2557 3852 τ
2589 3797 2677 3849 ὅτε
2702 3797 2758 3848 δὲ
2781 3797 2842 3850 τὸ
2865 3796 3190 3867 τιμιώτερον
3221 3797 3450 3867 ούρανοῦ
3471 3799 3567 3852 καὶ

1980 3886 2180 3948 παντὸς
2212 3886 2419 3954 κόσμου
2445 3888 2736 3956 παρήγαγε
2777 3886 2942 3950 ζῶον,
2983 3884 3075 3938 τὸν
3107 3885 3412 3956 ἄνθρωπον,
3442 3887 3565 3939 τότε

1978 3975 2102 4036 τοὺς
2121 3971 2340 4035 δούλους
2363 3973 2653 4036 κοινωνοὺς
2673 3973 2941 4043 λαμϐάνει
2964 3974 3062 4042 τῆς
3091 3973 3457 4044 δημιουργίας
3477 3992 3491 4041 ;

2050 4061 2114 4132 β’.
2136 4063 2249 4116 Ούκ
2270 4061 2384 4114 ἔστι
2401 4061 2593 4126 ταῦτα,
2611 4064 2711 4115 οὐκ
2731 4063 2865 4115 ἔστι·
2893 4063 3142 4131 ἀγγέλων
3163 4061 3273 4133 γὰρ
3288 4062 3349 4114 τὸ
3367 4079 3565 4134 παρεσ-

1977 4151 2156 4214 τάναι,
2183 4151 2243 4202 ού
2267 4149 2327 4202 τὸ
2341 4149 2692 4221 δημιουργεῖν
2709 4167 2721 4178 ⁸
2744 4151 3099 4221 ἀρχαγγέλων
3129 4151 3188 4202 τὸ
3207 4150 3563 4221 λειτουργεῖν,

1977 4239 2096 4309 οὐχὶ
2117 4238 2176 4290 τὸ
2197 4239 2422 4309 γνώμης
2442 4242 2721 4291 κοινωνεῖν
2748 4240 2842 4290 καὶ
2860 4239 3076 4308 βουλῆς.
3099 4239 3369 4290 ’Ἄκουσον
3386 4239 3438 4290 τί
3460 4256 3564 4310 φη-

1979 4345 2063 4380 σιν
2098 4328 2327 4390 Ἡσαΐας
2347 4345 2412 4379 πε
2421 4327 2474 4396 ρὶ
2498 4327 2607 4378 τῶν
2631 4328 2695 4378 Σε
2707 4327 2886 4396 ραφὶμ
2904 4327 3210 4396 δυνάμεων,
3237 4327 3344 4380 τῶν
3363 4327 3565 4381 ἀνωτέ-

1980 4431 2059 4483 ρω
2079 4413 2186 4466 τῶν
2219 4412 2573 4483 ἀρχαγγέλων
2598 4429 2611 4443 ⁸
2639 4409 2821 4466 Εἶδον
2839 4413 2947 4465 τὸν
2981 4415 3204 4481 Κύριον
3224 4415 3563 4483 καθήμενον

1976 4501 2072 4554 ἐπὶ
2109 4502 2326 4567 θρόνου
2353 4499 2598 4568 ὑψηλοῦ
2632 4500 2728 4552 καὶ
2757 4501 3118 4568 ἐπηρμένου,
3149 4501 3249 4554 καὶ
3283 4503 3356 4556 τὰ
3384 4505 3564 4572 Σερα-

1977 4589 2085 4656 φὶμ
2102 4588 2611 4654 παρειστήκεισαν
2632 4590 2838 4654 κύκλῳ
2855 4590 3040 4643 αὑτοῦ
3059 4607 3071 4621 ⁸
3085 4589 3154 4654 ἓξ
3171 4590 3460 4660 πτέρυγες
3484 4591 3561 4656 τῷ

1976 4675 2088 4736 ἐνὶ,
2124 4675 2222 4727 καὶ
2258 4674 2327 4738 ἒξ
2373 4675 2661 4744 πτέρυγες
2697 4676 2776 4741 τῷ
2807 4677 2900 4729 ένί
2927 4693 2940 4705 ⁸
2975 4678 3072 4730 καὶ
3111 4677 3240 4743 ταῖς
3268 4677 3386 4747 μὲν
3415 4677 3558 4731 δυσὶ

1977 4763 2224 4829 πτέρυξι
2251 4763 2708 4817 κατεκάλυπτον
2733 4765 2804 4818 τὰ
2830 4766 3123 4832 πρόσωπα
3143 4765 3392 4830 ἑαυτῶν,
3424 4768 3558 4820 ἀποο

1975 4852 2306 4920 τειχίζουσαι
2352 4851 2591 4921 δηλονότι
2629 4850 2729 4914 τὰς
2772 4851 2942 4921 ὄψεις,
2973 4853 3064 4904 διὰ
3107 4853 3166 4905 τὸ
3199 4853 3557 4924 μὴδύνασθαι

1975 4939 2072 5008 τὴν
2094 4941 2158 4990 ὲκ
2183 4938 2276 4991 τοῦ
2312 4938 2499 5009 θρόνου
2535 4940 2841 5010 φερομένην
2865 4940 3148 5010 ἀστραπὴν
3174 4940 3552 5005 ὑποδέξασθαι.

1977 5029 2042 5080 Τί
2076 5027 2291 5094 λέγεις;
2343 5029 2385 5080 Τ
2389 5029 2422 5080 ἀ
2459 5027 2558 5098 μὲν
2595 5029 2846 5100 Σεραφὶμ
2897 5030 3276 5100 παρεστήκασι
3300 5069 3315 5095 ,
3351 5031 3446 5084 καὶ
3497 5032 3555 5084 ὲν

1978 5114 2216 5185 θαύματι
2237 5115 2474 5184 τοσούτῳ
2491 5115 2599 5168 εἰσὶ
2621 5116 2714 5169 καὶ
2737 5115 3020 5186 ἐκπλήξει,
3041 5119 3135 5170 καὶ
3155 5117 3328 5171 ταῦτα
3351 5133 3554 5186 συγκα-

1976 5205 2204 5259 τάὸασιν
2233 5205 2366 5258 Θεοῦ
2396 5205 2661 5275 βλέποντα
2680 5220 2694 5234 ⁸
2728 5206 2950 5275 ἄγγελοι
2979 5207 3036 5259 δὲ
3064 5207 3156 5260 καὶ
3187 5207 3412 5277 γνώμης
3440 5225 3554 5262 κοι-

1977 5294 2234 5348 νωνοῦσιν
2262 5294 2439 5364 αὐτῷ,
2465 5296 2560 5348 καὶ
2602 5295 2845 5363 σκέψεως
2887 5295 3240 5365 μετέχουσιν;
3285 5297 3425 5349 Ἀλλ’
3452 5297 3552 5351 οὐκ

1979 5385 2043 5438 ἂν
2068 5385 2177 5454 ἔχοι
2205 5385 2380 5453 λόγον.
2435 5385 2594 5438 Ἀλλά
2621 5384 2704 5447 τίς
2731 5388 2844 5438 ἐστι
2879 5383 3013 5454 πρὸς
3045 5385 3102 5438 ὃν
3117 5386 3552 5458 φησι,Ποιήσω-

2041 5559 2067 5585 ⁸
2092 5555 2214 5616 Reg.
2240 5555 2432 5616 ῦσ-ιερος
2452 5551 2537 5600 τοῦ
2555 5552 2758 5616 κόσμου.

2037 5617 2065 5656 b
2095 5610 2515 5679 Ροξιάρχάγγελον
2559 5610 2662 5679 ὶιεεό
2695 5611 3002 5679 _adjiciuplur
3043 5613 3093 5679 ip
3134 5611 3258 5679 Reg.
3301 5615 3355 5679 ες
3399 5610 3548 5679 Sa_vi|_.

1977 5681 2094 5728 εἷπε.
2119 5669 2480 5738 Ποῖοκίέγγέλον
2494 5713 2506 5735 ,
2529 5676 2662 5723 ποῖον
2687 5669 3000 5736 ἀρχάγγελον;
3024 5674 3087 5738 κού
3111 5675 3200 5736 γὰρ
3213 5669 3434 5738 ἀγγέλων
3452 5673 3553 5721 ἐστὶ

1975 5743 2030 5789 τὸ
2051 5735 2365 5804 δημιουργεῖν,
2386 5739 2494 5788 οὐδὲ
2520 5735 2836 5800 ἀρχαγγέλων.
2867 5740 2984 5797 Qua:
3005 5737 3186 5784 desunt
3211 5735 3261 5785 in
3286 5735 3458 5784 Morel.
