4028 6360
461 439 932 512 μενάνθρωπον;
953 437 1013 490 '0
1042 436 1348 505 Θαυμαστὸς
1383 433 1700 502 σύμϐουλος,
1733 436 1760 486 ὁ
1793 434 2035 499 ἐξουσια-

474 529 624 596 στὴς,
652 529 680 578 6
701 524 829 586 Θεὸς
851 525 879 576 ὁ
910 520 1143 590 ἰσχυρὸς,
1169 522 1196 572 6
1223 519 1403 590 ἀρχων
1419 520 1516 587 τῆς
1537 519 1780 587 εἰρήνης,
1809 519 1836 568 6
1858 516 2040 585 πατὴρ

471 611 566 663 τοῦ
598 607 877 679 μέλλοντος
916 603 1139 666 αἰῶνος,
1181 602 1340 664 αὐτὸς
1377 603 1404 653 6
1436 600 1728 670 μονογενὴς
1765 597 1858 650 τοῦ
1903 597 2038 650 Θεοῦ

472 691 618 753 Υἰός.
640 689 783 759 Πρὸς
802 689 1007 740 ἐκεῖνον
1029 685 1208 737 τοίνυν
1223 683 1390 750 λέγει,
1417 680 1769 749 Ποιήσωμεν
1817 680 2039 746 ἄνθρω-

473 787 592 826 πον
635 773 761 825 κατ’
794 771 1000 823 εἰκόνα
1053 767 1150 821 καὶ
1197 768 1321 820 καθ’
1381 765 1665 834 ὁμοίωσιν
1727 759 2038 830 ἡμετέραν.

473 855 606 908 Οὐδὲ
635 854 742 924 γὰρ
765 849 883 906 εἷπε
912 852 1009 923 τὴν
1040 851 1175 921 ἐμὴν
1201 851 1295 902 καὶ
1315 848 1412 918 τὴν
1448 848 1565 917 σὴν,
1605 845 1637 916 ἢ
1668 845 1768 916 τὴν
1795 845 1932 914 ὲμὴν
1949 842 2042 895 καὶ

470 937 567 1008 τὴν
602 935 774 1007 ὑμῶν,
803 935 957 1002 ἀλλά,
994 936 1131 990 Κατ’
1157 935 1361 986 εἰκόνα
1392 929 1682 999 ἡμετέραν
1709 940 1757 992 ο,
1797 927 1922 996 μίαν
1947 924 2041 993 δη-

472 1020 577 1072 λῶν
607 1021 704 1092 τὴν
740 1021 923 1072 εἰκόνα
952 1019 1045 1071 καὶ
1077 1017 1206 1087 μίαν
1239 1016 1336 1086 τὴν
1389 1015 1673 1083 ὁμοίωσιν·
1701 1009 1835 1063 Θεοῦ
1865 1010 1922 1062 δὲ
1950 1008 2043 1061 καὶ

471 1103 715 1171 ἀγγέλων
761 1104 858 1155 οὐκ
914 1102 1059 1154 ἔστιν
1091 1099 1252 1154 εἰκὼν
1289 1099 1407 1168 μία,
1464 1097 1583 1148 οὐδὲ
1637 1095 1890 1164 ὁμοίωσις
1923 1093 2039 1162 μία.

475 1188 596 1250 Πῶς
625 1187 732 1256 γάρ
779 1187 842 1239 ἂν
875 1186 957 1254 εἴη
993 1185 1086 1237 τοῦ
1131 1183 1400 1236 Δεσπότου
1455 1181 1546 1233 καὶ
1575 1180 1680 1232 τῶν
1718 1177 2042 1248 λειτουργῶν

473 1269 635 1322 εἰκὼν
668 1271 763 1338 μία
795 1269 888 1322 καὶ
919 1268 1208 1338 ὁμοίωσις;
1248 1267 1409 1317 Ὥστε
1438 1263 1698 1316 πάντοθεν
1739 1263 1865 1330 ὑμῖν
1893 1262 1920 1312 6
1957 1260 2041 1312 16-

474 1371 568 1420 γος
591 1355 911 1424 ὲλήλεγκται
933 1369 946 1382 ·
977 1354 1071 1405 καὶ¹
1100 1352 1208 1419 γὰρ
1247 1349 1422 1420 ἀρχῆς
1447 1349 1629 1400 εἰκόνα
1659 1346 1922 1416 ἐδήλωσεν
1953 1347 2040 1397 ἐν·

473 1437 668 1501 ταῦθα,
695 1437 875 1500 καθὼς
895 1438 987 1490 καὶ
1011 1436 1071 1488 τὸ
1107 1436 1234 1503 ἑξῆς
1263 1435 1431 1502 δηλοῖ.
1464 1432 1645 1484 Εἰπὼν
1661 1431 1768 1501 γὰρ
1793 1429 1931 1484 Κατ’
1965 1430 2043 1481 εί-

475 1522 622 1573 κόνα
647 1521 742 1573 καί
774 1522 900 1573 καθ’
925 1519 1228 1588 ὁμοίωσιν,
1260 1519 1526 1586 ἐπήγαγε,
1561 1515 1667 1568 Καὶ
1697 1512 2046 1580 ἀρχέτωσαν

473 1603 592 1656 τῶν
621 1605 838 1672 ἰχθύων
865 1601 974 1669 τῆς
1008 1600 1350 1665 θαλάσσης·
1389 1600 1531 1668 ἀρχὴ
1563 1599 1617 1650 δὲ
1661 1597 1795 1648 Θεοῦ
1829 1595 1922 1647 καὶ
1943 1595 2044 1661 ἀγ-

475 1687 650 1753 γέλων
696 1687 795 1738 οὐκ
845 1685 908 1738 ἂν
944 1683 1028 1754 εἴη
1070 1684 1186 1753 μία.
1232 1684 1354 1746 Πῶς
1383 1682 1528 1753 γὰρ,
1562 1681 1669 1733 τῶν
1702 1678 1902 1732 δούλων
1951 1677 2045 1730 καὶ

475 1769 568 1821 τοῦ
597 1769 896 1830 Δεσπότου,
933 1767 1039 1819 τῶν
1085 1764 1414 1836 λειτουργῶν
1443 1766 1535 1818 καὶ
1573 1763 1666 1816 τοῦ
1699 1761 2040 1822 κελεύοντος;

489 1851 646 1904 Ἀλλά
671 1853 764 1904 καὶ
791 1851 966 1920 ἕτεροι
1000 1850 1160 1903 πάλιν
1195 1851 1325 1919 ἡμῖν
1349 1847 1672 1916 ἐπιφύονταί
1699 1863 1842 1908 τινες
1866 1845 2045 1911 λέγον-

475 1953 586 2000 τες,
617 1937 697 1989 ὅτι
725 1937 907 1988 εἰκόνα
935 1936 964 1987 6
991 1934 1122 1997 Θεὸς
1143 1933 1257 2003 ἔχει
1291 1933 1564 2001 τοιαύτην,
1599 1931 1714 1984 οἵαν
1741 1931 1833 1982 καὶ
1863 1931 2042 2000 ἡμεῖς,

476 2020 660 2083 κακῶς
697 2019 940 2081 νοοῦντες
973 2018 1034 2070 τὸ
1071 2019 1357 2088 εἰρημένον
1379 2056 1391 2068 .
1431 2018 1505 2068 Οὐ
1539 2015 1646 2084 γάρ
1684 2014 1866 2076 οὐσίας
1898 2010 2046 2065 εἶπεν

476 2104 678 2167 εἰκόνα,
709 2103 843 2156 ἀλλά
875 2101 1048 2172 ἀρχῆς
1067 2101 1268 2166 εἰκόνα,
1297 2096 1477 2162 καθὼς
1511 2098 1821 2169 δηλώσομεν
1854 2099 1917 2148 ὲκ
1941 2095 2047 2148 τῶν

477 2190 602 2261 ἑξῆς
627 2191 1001 2259 ἐπαγομένων.
1031 2191 1151 2241 Ὅτι
1179 2189 1285 2258 γὰρ
1311 2189 1409 2240 οὐκ
1438 2187 1551 2238 ἔστι
1583 2186 1644 2238 τὸ
1669 2186 1820 2237 Θεῖον
1841 2183 2047 2253 ἀνθρω-

477 2274 777 2344 πόμορφον,
805 2273 1034 2326 ἄκουσον
1059 2271 1154 2324 τοῦ
1180 2270 1389 2324 Παύλου
1416 2269 1666 2336 λέγοντος
1686 2285 1698 2297 ⁸
1739 2266 1918 2333 Ἀνὴρ
1934 2265 2048 2334 μὲν

476 2358 586 2425 γὰρ
620 2361 732 2410 οὐκ
778 2357 1003 2426 ὀφείλει
1057 2356 1619 2409 κατακαλύπτεσθαι
1662 2353 1711 2416 b,
1744 2351 1919 2403 εἰκὼν
1949 2349 2048 2402 καὶ

477 2445 626 2507 δόξα
658 2444 804 2497 Θεοῦ
837 2441 1157 2511 ὑπάρχων·
1194 2442 1346 2511 γυνὴ
1376 2440 1445 2492 δὲ
1476 2439 1625 2502 δόξα
1647 2438 1864 2504 ἀνδρὸς
1889 2437 2044 2488 ἐστι·

477 2528 568 2581 διὸ
585 2529 835 2596 ὀφείλει,
859 2527 1010 2596 φησὶ,
1034 2524 1312 2592 κάλυμμα
1331 2523 1494 2592 ἔχειν
1512 2521 1609 2574 ἐπὶ
1629 2518 1740 2588 τῆς
1756 2518 2045 2587 κεφαλῆς.

479 2611 630 2682 [654]
663 2612 770 2664 Καὶ
810 2611 915 2680 μὴν
943 2611 991 2661 εἰ
1020 2608 1201 2662 εἰκόνα
1235 2607 1466 2660 ἐνταῦθα
1483 2604 1638 2658 τοῦτο
1666 2600 1808 2669 εἶπε,
1830 2603 1890 2655 τὸ
1909 2603 2050 2655 ἀπα-

480 2694 777 2766 ράλλακτον
797 2693 894 2762 τῆς
927 2693 1139 2763 μορφῆς
1170 2691 1270 2760 τῆς
1301 2689 1435 2760 πρὸς
1456 2688 1546 2741 τὸν
1574 2687 1706 2740 Θεὸν
1731 2685 1926 2756 δηλῶν,
1958 2684 2050 2738 καὶ

478 2779 564 2832 διὰ
592 2779 746 2832 τοῦτο
780 2776 940 2830 εἰκὼν
977 2777 1258 2848 ἄνθρωπος
1296 2773 1429 2826 Θεοῦ
1460 2772 1721 2836 καλεῖται,
1748 2771 1829 2823 ὃτι
1857 2773 1886 2822 6
1920 2769 2050 2831 Θεὸς

478 2863 620 2916 οὕτω
644 2863 1066 2915 διατετύπωταιο
1097 2858 1290 2913 οὐκοῦν
1327 2859 1446 2911 κατ’
1475 2858 1716 2918 ἐκείνους
1757 2855 1856 2907 οὐκ
1885 2853 2049 2923 ἐχρῆν

483 2948 640 3018 μόνον
670 2948 759 3000 τὸν
785 2947 950 3017 ἄνδρα
982 2944 1164 2997 εἰκόνα
1211 2940 1485 3009 λέγεσθαι,
1530 2939 1666 2992 ἀλλὰ
1690 2939 1784 2991 καὶ
1809 2937 1905 3007 τὴν
1945 2953 2045 3004 γυ-

479 3036 660 3087 ναῖκα.
695 3031 954 3093 Γυναικὸς
987 3029 1096 3099 γὰρ
1137 3027 1231 3079 καὶ
1269 3024 1461 3094 ἀνδρὸς
1495 3018 1573 3086 εἷς
1617 3025 1644 3076 6
1682 3022 1851 3084 τύπος
1893 3021 1987 3072 καὶ
2019 3019 2047 3069 6

479 3116 762 3188 χαρακτὴρ
783 3155 797 3180 ,
830 3114 924 3166 καὶ
965 3115 998 3180 ἡ
1032 3111 1289 3180 ὁμοίωσις
1329 3110 1441 3177 μία.
1475 3108 1629 3167 Τίνος
1671 3101 1762 3158 οῦν
1807 3104 1989 3156 ἕνεκεν
2021 3104 2049 3160 ὁ

479 3186 617 3271 ἀνὴρ
648 3197 808 3251 εἰκὼν
837 3195 926 3248 τοῦ
957 3193 1092 3246 Θεοῦ
1125 3193 1360 3259 λέγεται,
1391 3192 1422 3259 ἡ
1451 3188 1586 3258 γυνὴ
1614 3188 1668 3240 δὲ
1690 3188 1905 3248 οὐκέτι;
1931 3186 2051 3236 Ὅτι

480 3286 540 3339 οὐ
563 3285 661 3354 τὴν
690 3283 869 3336 εἰκόνα
889 3281 987 3348 τὴν
1015 3279 1072 3331 ὲν
1101 3281 1164 3347 τῇ
1195 3279 1374 3348 μορφῇ
1405 3275 1570 3341 λέγει,
1594 3272 1729 3325 6116
1750 3271 1846 3342 τὴν
1869 3271 2051 3322 εἰκόνα

481 3369 579 3437 τὴν
609 3365 750 3419 κατὰ
778 3366 877 3434 τὴν
905 3362 1078 3432 ἀρχὴν
1097 3403 1110 3426 ,
1139 3363 1203 3431 ἢν
1227 3361 1255 3411 ὁ
1303 3358 1440 3429 ἀνὴρ
1479 3358 1589 3426 ἔχει
1646 3356 1838 3426 μόνος,
1873 3354 2069 3408 οὐκέτι.

483 3451 538 3503 δὲ
577 3451 669 3503 καὶ
697 3451 731 3520 ὴ
773 3449 931 3518 γυνή.
971 3442 1136 3508 Οὗτος
1181 3444 1276 3514 μὲν
1301 3442 1410 3513 γὰρ
1444 3440 1618 3494 οὐδενὶ
1658 3440 2052 3492 ὑποτέτακταιο

484 3535 665 3602 ἐκείνη
698 3534 755 3586 δὲ
792 3531 895 3585 ὑπὸ
942 3527 1126 3582 τοῦτον
1167 3529 1354 3595 γέγονε
1377 3566 1390 3589 ,
1434 3523 1613 3587 καθὼς
1645 3525 1672 3576 6
1724 3522 1858 3584 Θεὸς
1894 3537 2050 3590 φησιο

485 3617 640 3686 Πρὸς
673 3616 778 3669 τὸν
799 3613 986 3681 ἄνδρα
1008 3628 1126 3665 σου
1145 3610 1183 3676 ἡ
1207 3606 1557 3677 ἀποστροφή
1590 3621 1727 3670 σου,
1751 3603 1848 3656 καὶ
1875 3603 2054 3686 αὑτός

483 3685 599 3755 σου
631 3701 950 3769 κυριεύσει.
1011 3695 1111 3748 Διά
1141 3693 1298 3746 τοῦτο
1344 3694 1372 3745 6
1423 3691 1522 3762 μὲν
1565 3689 1704 3759 ἀνὴρ
1752 3686 1915 3740 εἰκὼν
1957 3685 2052 3737 τοῦ

484 3784 649 3843 Θεοῦ,
685 3768 868 3852 ἐπειδὴ
902 3779 1090 3833 οὐδένα
1136 3777 1244 3847 ἔχει
1291 3775 1592 3845 ἀνώτερον,
1642 3771 1892 3840 καθάπερ
1936 3768 2056 3821 οὐδὲ

483 3868 578 3924 τοῦ
605 3866 738 3920 Θεοῦ
775 3863 1042 3934 ἀνώτερός
1073 3861 1152 3924 τίς
1184 3863 1351 3922 ἐστιν,
1386 3858 1524 3912 ἀλλά
1563 3857 1778 3910 πάντων
1801 3856 1984 3925 ἄρχει·
2019 3854 2052 3921 ἡ

485 3953 621 4024 γυνὴ
648 3951 704 4004 δὲ
735 3948 860 4013 δόξα
893 3946 986 3999 τοῦ
1025 3944 1236 4014 ἀνδρὸς,
1276 3943 1458 4012 ἐπειδὴ
1485 3940 1564 4009 τῷ
1601 3939 1768 4024 ἀνδρὶᾷ
1793 3937 2055 4024 611013116-

487 4021 632 4090 :11617.
687 4033 792 4086 Καὶ
849 4030 1009 4086 πάλιν
1043 4025 1272 4096 ἀλλαχοῦ
1327 4041 1519 4093 φησιν’
1575 4026 1694 4076 οὐκ
1740 4021 2058 4088 ὀφείλομεν

488 4115 712 4188 χρυσῷ,
761 4115 800 4182 ἢ
840 4114 1110 4180 ἀργύρῳ.
1145 4111 1184 4177 ἢ
1209 4111 1374 4170 λίθω,
1401 4108 1438 4175 ἢ
1464 4106 1790 4188 χαράγματι
1820 4103 2054 4188 τέχτζης.

487 4181 929 4270 ῖῖὲνθυμήσεως
955 4193 1268 4262 ἀνθρώπου
1312 4189 1569 4258 νομίζειν
1602 4189 1677 4270 τὸᾼ
1697 4186 1866 4270 Θεῖον
1905 4181 2058 4270 εἶναι

488 4268 715 4353 ὅμοιον.
755 4283 817 4333 Ὃ
855 4279 910 4332 δὲ
953 4277 1129 4344 λέγει,
1171 4272 1406 4327 τοιοῦτόν
1436 4273 1615 4324 ἐστιν·
1644 4268 1715 4353 (λύ
1741 4269 1896 4353 μόνον

488 4349 797 4437 ὁρωμένους
837 4359 1037 4420 τύπους
1083 4357 1347 4426 ὲκϐέῦηκε
1373 4366 1422 4416 ο,
1455 4353 1608 4437 φησὶ,
1647 4351 1707 4404 τὸ
1735 4351 1910 4437 Θεῖον,
1943 4349 2056 4437 ἀλλ’

489 4431 617 4502 οὐδὲ
631 4446 836 4499 διάνοια
852 4441 1186 4495 διατυπῶσαι
1209 4439 1269 4491 τὸ
1289 4437 1524 4490 τοιοῦτον
1548 4434 1748 4486 δύναιτ’
1767 4433 1852 4495 ἂν,
1879 4431 2057 4494 ὁποῖός

491 4536 638 4587 ἐστιν
667 4533 695 4585 ὁ
723 4531 872 4593 Θεός.
907 4529 1028 4590 Πῶς
1064 4523 1156 4580 οῦν
1190 4522 1473 4594 ἀνθρώπου
1503 4521 1633 4584 Θεὸς
1665 4519 1875 4590 μορφὴν
1916 4519 2059 4588 ἔχειν

489 4617 692 4674 δύναιτ’
721 4614 808 4678 ἂν,
835 4611 996 4665 ὁπότε
1025 4613 1052 4662 ὁ
1083 4607 1290 4670 Παῦλος
1321 4605 1452 4676 μηδὲ
1478 4605 1712 4657 διάνοιαν
1741 4599 1876 4654 εἶναι
1898 4601 2060 4672 μηδε-

495 4701 621 4774 μίαν
653 4697 751 4769 τὴν
796 4693 1096 4764 δυναμένην
1130 4690 1376 4742 τυπῶσαι
1411 4688 1537 4758 παρ’
1583 4684 1944 4774 ὲαυτῇιλέγει-
1964 4681 2058 4774 τοῦ

492 4765 628 4837 Θεοῦ
655 4765 754 4850 την
779 4777 1000 4840 οὐσίαν;
1031 4775 1140 4843 Τὴν
1170 4773 1276 4841 γὰρ
1303 4771 1576 4840 ἡμετέραν
1610 4765 1817 4837 μορφὴν
1840 4765 1945 4850 -καὶ
1970 4765 2060 4817 τὸν

490 4867 660 4922 τύπον
690 4848 928 4923 ἀπαντες
965 4857 1159 4930 ῥᾳδίως
1205 4854 1332 4924 παρ’
1364 4854 1573 4913 ἑαυτοῖς
1609 4848 2062 4918 ἁνατυπώσαιμεν

491 4951 558 5006 ἂν
581 4950 721 5005 κατὰ
747 4950 870 5008 τοὺς
898 4939 1210 5011 λογισμούς.
1247 4939 1414 4991 Πάλιν
1446 4937 1570 4998 τοὺς
1603 4935 1729 5005 περί
1768 4933 2061 5003 ἐλεημοσύ-

493 5053 589 5106 νης
619 5032 915 5100 ἐπαγαγεῖν
941 5028 1130 5095 λόγους
1155 5025 1248 5076 καὶ
1280 5021 1378 5106 νῦν
1403 5020 1730 5106 ἐϐουλόμην,
1745 5017 1856 5106 ἀλλ’
1888 5020 1916 5069 ὁ
1939 5034 2060 5106 και-

496 5100 590 5190 ρὸς
617 5117 762 5185 ἡμᾶς
786 5114 884 5166 οὐκ
920 5109 1114 5178 ἀφίησι
1134 5124 1146 5137 ’
1179 5106 1259 5159 διὸ
1292 5105 1427 5176 πρὸς
1453 5103 1610 5190 σιγὴν
1640 5100 1925 5190 τρέφωμεν
1954 5100 2062 5190 10::-

495 5183 596 5254 πὸν
640 5183 906 5258 -έαυτοὺς,
960 5195 1134 5246 έκεῖνο
1186 5189 1672 5260 παρεγγυήσαντες
1711 5186 1868 5254 ὑμῖν,
1927 5183 2063 5253 μετὰ

495 5281 780 5353 ἀκριϐείας
811 5278 1024 5330 ἅπαντα
1055 5273 1302 5340 κατέχειν
1325 5272 1392 5324 16
1423 5269 1706 5353 εἰρημένα,
1746 5267 1841 5320 καὶ
1867 5264 2063 5353 πολλὴν

495 5349 596 5436 τῆς
623 5363 787 5434 ὀρθῆς
822 5358 1092 5420 πολιτείας
1126 5355 1391 5408 ποιεῖσθαι
1420 5355 1522 5420 τὴν
1558 5351 1811 5423 πρόνοιαν
1833 5391 1847 5416 ,
1880 5351 1967 5404 ἵνα
1991 5349 2064 5420 μὴ

565 5612 592 5639 ⁸
613 5609 703 5656 Hic
723 5608 944 5668 quaedam
967 5607 1174 5668 deerant
1202 5607 1250 5653 in
1276 5604 1447 5652 Morel.

565 5670 592 5709 δ
619 5665 753 5730 ΒεεῘ
763 5667 1199 5716 κατακαλύπτεσθαι
1222 5668 1306 5724 τήν
1324 5665 1546 5727 κεφαλήν.

566 5733 591 5762 ⁸
617 5730 736 5792 Reg.
751 5731 1028 5786 ἀναϐέϐηκε.

1099 327 1158 383 S.
1197 324 1478 381 JOANNIS
1515 319 2008 379 CIIRYSOSTOMI
2047 320 2366 378 ARCHIEP.
2406 323 2950 382 CONSTANTINOP.

3597 322 3698 378 59%

2147 433 2326 504 μάτην
2358 436 2449 488 καὶ
2476 437 2591 507 εἰκῆ
2626 437 2856 490 ἐνταῦθα
2889 434 3286 505 συλλεγώμεθα.
3321 435 3440 488 Κᾶν
3473 435 3581 506 γὰρ
3608 439 3700 490 δο-

2142 525 2365 592 γμάτων
2384 526 2648 596 ὀρθότητα
2674 527 3032 597 διατηρῶμεν,
3050 527 3150 596 τῆς
3165 528 3274 580 τῶν
3303 527 3476 598 ἔργων
3505 528 3700 597 ἀρετῆς

2145 615 2219 686 μὴ
2274 617 2600 686 προσούσης,
2655 618 2870 680 πάντως
2923 617 3301 687 ὲκπεσούμεθα
3332 621 3430 690 τῆς
3485 618 3698 672 αἰωνίου

2143 708 2305 777 ζωῆς.
2345 711 2426 761 Οὺ
2455 709 2569 774 πᾶς
2590 711 2716 780 γὰρ.
2740 711 2921 780 φησὶν,
2959 714 2991 763 ὀ
3016 713 3206 780 λέγων
3226 731 3349 778 μοι,
3371 714 3564 780 Κύριε,
3596 715 3702 768 Κύ-

2134 816 2246 866 ριε,
2274 801 2676 856 εἰσελεύσεται
2697 803 2782 866 εἰς
2802 806 2915 868 τὴν
2927 803 3254 865 βασιλείαν
3273 802 3391 856 τῶν
3412 805 3700 871 οὐρανῶν,

2142 889 2278 943 ἀλλ’
2308 893 2340 942 ὀ
2369 891 2552 943 ποιῶν
2592 891 2656 944 τὸ
2684 890 2910 960 θέλημα
2948 893 3053 946 τοῦ
3100 896 3325 960 Πατρός
3349 911 3468 962 μου
3496 895 3602 948 τοῦ
3638 897 3703 948 ἐν

2142 981 2265 1047 τοῖς
2285 982 2577 1049 οὐρανοῖς.
2601 983 2848 1053 Ποιῶμεν
2873 979 2967 1036 οῦν
2991 985 3050 1036 τὸ
3075 983 3282 1054 θέλημα
3301 986 3392 1038 τοῦ
3414 985 3548 1039 Θεοῦ
3571 988 3705 1056 μετά

2145 1075 2380 1144 σπουδῆς
2419 1076 2635 1145 ἀπάσης
2677 1078 2768 1130 καὶ
2808 1076 3131 1147 προθυμίας,
3164 1078 3252 1130 ἴνα
3281 1077 3600 1147 δυνηθῶμεν
3628 1080 3705 1143 εἰς

2142 1170 2266 1232 τοὺς
2297 1169 2558 1239 οὐρανοὺς
2589 1170 2868 1237 εἰσελθεῖν,
2905 1172 2998 1224 καὶ⁹
3033 1171 3141 1224 τῶν
3170 1170 3544 1239 ἀποκειμένων
3574 1171 3707 1237 ἀγα-

2144 1259 2251 1311 θῶν
2296 1264 2403 1324 τοῖς
2457 1262 2706 1330 ἀγαπῶσι
2737 1263 2826 1316 τὸν
2869 1263 3000 1316 Θεὸν
3046 1265 3353 1332 ἐπιτυχεῖν·
3394 1258 3468 1316 ὧν
3497 1264 3708 1331 γένοιτο

2146 1349 2352 1414 πάντας
2379 1353 2527 1421 ἡμᾶς
2553 1354 2846 1422 ἐπιτυχεῖν,
2874 1354 3054 1424 χάριτι
3090 1354 3183 1406 καὶ
3204 1353 3582 1424 φιλανθρωπίᾳ
3613 1354 3705 1406 τοῦ

2145 1441 2347 1511 Κυρίου
2396 1442 2548 1511 ἡμῶν
2599 1443 2771 1512 Ἰησοῦ
2815 1444 3071 1514 Χριστοῦ,
3119 1443 3239 1513 μεθ’
3273 1438 3332 1497 οῦ
3376 1444 3456 1514 τῷ
3497 1445 3705 1515 Πατρὶ,

2145 1532 2261 1601 ἃμα
2291 1531 2367 1602 τῷ
2396 1532 2534 1601 ἁγίῳ
2566 1533 2840 1601 Πνεύματι
2865 1533 3010 1600 δόξα,
3053 1534 3272 1604 κράτος,
3304 1535 3457 1604 τιμὴ,
3493 1535 3588 1588 νῦν
3615 1536 3708 1587 καὶ

2146 1627 2251 1690 ἀεὶ,
2287 1627 2380 1680 καὶ
2405 1629 2483 1692 εἰς
2511 1630 2634 1691 τοὺς
2654 1627 2853 1691 αἰῶνας
2874 1628 2980 1682 τῶν
3007 1628 3237 1683 αἰώνων.
3272 1630 3462 1700 Ἀμήν.
3562 1621 3564 1626 ’

2677 1749 2823 1821 [655]
2851 1750 3068 1802 ΛΟΓΟΣ
3099 1750 3173 1806 Γν.

2148 1855 2237 1910 ’Τί
2253 1856 2383 1908 ἑστι
2407 1855 2494 1917 τὸ,
2530 1856 2666 1908 Καθ’
2705 1857 2990 1925 ὁμοίωσιν,
3024 1857 3122 1912 καί
3157 1859 3317 1924 τίνος
3342 1858 3569 1923 ἕνεκεν,
3603 1857 3710 1910 τοῦ

2219 1926 2364 1996 Θεοῦ
2413 1928 2688 1989 εἰπόντος
2739 1926 2856 1978 τῶν
2881 1929 3100 1994 θηρίων
3141 1927 3299 1995 ἡμᾶς
3345 1927 3572 1996 ἄρχειν,
3600 1929 3710 1980 οὐκ

2215 1995 2495 2064 ἄρχομεν,
2514 1997 2610 2048 καὶ
2639 1996 2726 2048 ὅτι
2759 1996 3118 2066 κηδεμονίας
3145 1998 3318 2052 τοῦτο
3345 1995 3607 2065 πολλῆς.

2216 2116 2286 2163 α’.
2326 2110 2533 2180 Ὥσπερ
2548 2109 2654 2161 τῶν
2670 2109 3000 2180 σπειρόντων
3021 2109 3208 2178 ὄφελος
3225 2111 3396 2172 οὐδὲν,
3415 2111 3542 2161 ὅταν
3562 2109 3710 2180 παρά

2146 2202 2441 2273 τὴνὸδὸντά
2456 2203 2739 2272 σπέρματα
2755 2201 3027 2273 ῥίπτηται·
3044 2201 3216 2262 οὕτως
3227 2201 3343 2254 οὐδὲ
3359 2202 3451 2253 τοῦ
3466 2201 3709 2270 λέγοντος

2149 2291 2302 2344 ἔσται
2325 2308 2377 2343 τι
2412 2291 2592 2354 πλέον,
2617 2293 2742 2344 ὅταν
2765 2290 2838 2362 μὴ
2863 2292 2998 2361 πρὸς
3025 2291 3123 2363 τὴν
3139 2292 3246 2344 τῶν
3271 2292 3575 2344 ἀκουόντων
3599 2293 3710 2344 διά-

2149 2399 2293 2434 νοιαν
2313 2383 2340 2434 ὁ
2363 2382 2516 2449 λόγος
2555 2383 2808 2451 φέρηται,
2846 2383 2959 2435 ἀλλ’
2991 2382 3172 2445 ἁπλῶς
3199 2383 3279 2445 εἰς
3309 2383 3402 2435 τὸν
3441 2383 3581 2454 ἀέρα
3608 2382 3715 2434 δια-

2149 2472 2371 2543 χυθεῖσα
2393 2474 2492 2542 τῆς
2507 2476 2691 2542 φωνῆς
2710 2475 2745 2542 ἠ
2762 2473 3036 2544 ἀπήχησις
3056 2474 3311 2543 ἀνόνητον
3329 2473 3712 2543 καταλιμπάνει

2149 2565 2240 2618 τὸν
2264 2564 2288 2603 ἀ
2328 2567 2618 2636 ἀκροατήν.
2651 2566 2832 2618 Ταῦτα
2879 2567 2933 2618 δὲ
2978 2567 3104 2636 ὑμῖν
3151 2567 3246 2636 οὐχ
3287 2565 3472 2629 ἁπλῶς
3497 2568 3712 2635 εἴρηκα,

2149 2657 2262 2710 ἀλλ’
2290 2658 2375 2710 ἵνα
2410 2657 2483 2728 μὴ
2514 2657 2647 2728 πρὸς
2691 2658 2758 2711 16
2801 2658 3140 2730 ἁπλούστερα
3178 2659 3286 2712 τῶν
3305 2659 3594 2729 νοημάτων
3620 2655 3712 2729 ῆτε

2151 2750 2437 2820 κεχηνότες
2476 2749 2654 2818 μόνον,
2683 2749 2818 2802 ἀλλά
2849 2751 2942 2804 καὶ
2975 2750 3083 2802 τῶν
3123 2749 3430 2820 βαθυτέρων
3456 2751 3712 2803 κατατολ-

2155 2843 2384 2912 μήσητε.
2417 2839 2479 2893 Εἰ
2521 2841 2629 2912 γάρ
2668 2840 2742 2912 μὴ
2772 2842 2865 2894 νῦν
2893 2841 3268 2912 καταϐαίημεν
3306 2842 3438 2912 πρὸς
3468 2841 3530 2894 τὸ
3560 2841 3715 2911 βάθος

2149 2932 2257 2985 τῶν
2287 2933 2537 3002 Γραφῶν,
2567 2933 2692 2985 ὅταν
2726 2932 2902 3002 κοῦφα
2936 2933 3034 3002 μὲν
3061 2934 3195 3002 ἡμῖν
3227 2931 3296 2984 τά
3325 2933 3476 2985 κῶλα
3501 2933 3636 3002 πρὸς
3659 2931 3716 2984 τὸ

2152 3023 2430 3094 νήχεσθαι,
2464 3023 2713 3096 ὀξύτερον
2731 3023 2787 3076 δὲ
2809 3023 2868 3076 τὸ
2893 3023 3045 3094 δμμα
3078 3023 3258 3076 οὐκέτι
3291 3023 3366 3093 τῷ
3389 3041 3523 3094 πονη
3534 3021 3610 3093 ρῷ
3621 3025 3717 3093 τῆς

2151 3116 2359 3184 τρυφῆς
2402 3113 2781 3182 ἐνοχλούμενον
2837 3113 3088 3184 ῥεύματι,
3141 3113 3527 3184 διαρκέστερον
3565 3115 3622 3167 δὲ
3657 3114 3716 3165 τὸ

2152 3204 2388 3275 πνεῦμα,
2415 3203 2553 3257 ῶστε
2578 3205 2651 3274 μὴ
2671 3203 3088 3271 ἀποπνίγεσθαι,
3107 3204 3235 3256 πότε
3254 3204 3677 3275 καταϐησόμεθα
3700 3223 3714 3269 ;

2154 3297 2320 3350 Ὅταν
2351 3298 2530 3368 τρυφὴ
2561 3297 2651 3348 καὶ
2677 3296 2917 3359 ἑστίασις
3029 3297 3122 3350 καὶ
3171 3296 3308 3366 μέθη
3343 3299 3436 3349 καὶ
3472 3297 3718 3367 τράπεζα

2153 3389 2486 3460 ἀδδηφαγίας
2532 3391 2803 3459 γέμουσα;
2874 3387 3032 3441 ⁹Α).λά
3079 3388 3199 3441 τότε
3255 3388 3374 3441 οὐδὲ
3430 3389 3717 3458 κινηθῆναι

2157 3479 2355 3551 ῥᾴδιον,
2378 3477 2519 3531 οῦτω
2545 3479 2606 3530 τὸ
2636 3479 2771 3548 βαρὺ
2796 3480 2894 3548 τῆς
2925 3477 3137 3548 τρυφῆς
3176 3478 3397 3548 φορτίον
3422 3477 3599 3541 πιέζει
3625 3475 3718 3546 τὴν

2152 3571 2347 3641 ψυχήν.
2377 3570 2486 3640 Οὐχ
2502 3571 2661 3641 ὁρᾶτε
2691 3571 2771 3623 ὅτι
2805 3570 2898 3623 καὶ
2932 3571 2979 3622 οἱ
3014 3569 3192 3632 λίθους
3242 3569 3552 3632 πολυτελεῖς
3584 3568 3722 3636 εὐρί-

2157 3680 2305 3717 σκειν
2326 3662 2654 3733 βουλόμενοι,
2673 3663 2771 3714 οὐκ
2797 3661 2908 3715 ἄνω
2933 3662 3083 3734 παρά
3105 3663 3195 3715 τὸν
3214 3662 3456 3730 αἰγιαλὸν
3482 3662 3719 3734 καθήμε-

2155 3773 2234 3810 νοι
2267 3756 2359 3809 καὶ¹
2389 3754 2456 3807 τά
2475 3753 2692 3824 κύματα
2735 3753 3094 3824 ἀριθμοῦντες
3125 3753 3300 3818 οὕτως
3323 3754 3642 3825 εὑρίσκουσι
3663 3753 3719 3807 τὸ

2156 3845 2481 3914 ζητούμενον
2516 3855 2562 3909 θ,
2615 3843 2726 3896 ἀλλ’
2768 3846 2848 3906 εἰς
2890 3843 3020 3898 αὐτὸ
3054 3843 3409 3898 καταδύονται
3447 3843 3510 3897 τὸ
3538 3843 3717 3913 βάθος

2156 3936 2328 3988 καίτοι
2367 3935 2532 4000 πολὺς
2573 3936 2670 4003 μὲν
2696 3936 2724 3987 ὁ
2754 3936 2914 3999 πόνος
2944 3937 3002 3988 ἐν
3034 3938 3098 4006 τῇ
3131 3935 3375 4006 ζητήσει,
3410 3936 3581 3998 πολὺς
3609 3936 3664 3987 δὲ
3694 3937 3721 3986 ό

2157 4025 2397 4088 κίνδυνος
2420 4027 2476 4078 ὲν
2505 4028 2570 4096 τῇ
2605 4026 2837 4097 εὑρέσει,
2875 4027 2969 4079 καὶ
2997 4027 3135 4096 μετά
3157 4027 3252 4096 τὴν
3291 4025 3510 4097 εὕρεσιν
3535 4027 3720 4097 κέρδος

2155 4117 2344 4184 οὐδέν;
2376 4116 2441 4170 Τί
2490 4116 2598 4188 γὰρ
2644 4117 2708 4170 ἂν
2759 4120 2903 4187 μέγα
2941 4117 3239 4185 εἰσενέγκοι
3275 4120 3356 4180 εἰς
3382 4117 3474 4169 τὸν
3497 4117 3612 4186 βίον
3633 4118 3723 4170 τὸν

2157 4210 2423 4280 ἡμέτερον
2454 4207 2616 4261 λίθων
2644 4208 2858 4278 εὕρεσις
2885 4208 3189 4261 πολυτελῶν
3209 4226 3223 4273 ;
3247 4209 3372 4261 Εἴθε
3404 4210 3503 4278 μὲν
3523 4206 3620 4263 οὖν
3651 4211 3723 4280 μὴ

2163 4301 2373 4371 μεγάλα
2394 4303 2652 4370 εἰσήγαγε
2680 4300 2848 4354 κακά.
2885 4300 2957 4352 Τὸ
2988 4299 3096 4371 γὰρ
3127 4300 3430 4370 ἀνατρέπον
3449 4300 3608 4370 ἡμῶν
3629 4301 3726 4370 τὴν

2161 4392 2303 4463 ζωὴν
2332 4394 2423 4446 καὶ
2458 4392 2633 4445 πάντα
2663 4390 2773 4444 ἀνω
2805 4391 2898 4444 καὶ
2932 4391 3084 4444 κάτω
3119 4389 3325 4455 ποιοῦν,
3356 4391 3512 4444 οὐδὲν
3539 4391 3727 4463 ἕτερόν

2161 4485 2393 4555 ἐστιν,ἢ
2435 4485 2468 4553 ἡ
2506 4483 2612 4535 τῶν
2654 4483 2952 4553 χρημάτων
3004 4482 3190 4551 μανία.
3252 4481 3394 4533 Ἀλλ’
3436 4483 3586 4552 ὅμως
3636 4483 3727 4535 καὶ

2158 4575 2334 4646 ψυχὴν
2361 4575 2453 4628 καὶ
2508 4575 2666 4646 σῶμα
2722 4577 2918 4627 ἐκεῖνοι
2954 4574 3234 4645 προΐενται
3285 4574 3386 4644 τῆς
3443 4574 3724 4646 ἐφημέρου

2158 4665 2367 4737 τροφῆς
2395 4664 2599 4730 ἕνεκεν,
2617 4663 2711 4717 καὶ
2738 4663 2845 4715 τῶν
2879 4663 3139 4732 κυμάτων
3168 4660 3604 4730 κατατολμῶσιν·
3644 4663 3728 4713 ὲν-

2161 4755 2332 4809 ταῦθα
2361 4755 2418 4808 δὲ
2437 4756 2496 4807 οὐ
2525 4755 2787 4816 κίνδυνος,
2821 4754 2881 4806 οὐ
2913 4753 3073 4815 πόνος
3115 4751 3286 4814 οὕτως
3315 4751 3725 4821 ὲπιτεταμένος,

2162 4843 2274 4896 ἀλλ’
2297 4843 2472 4911 ὀλίγος
2499 4844 2592 4895 καὶ
2620 4842 2840 4910 κοῦφος,
2867 4842 2962 4893 καὶ
2991 4835 3143 4903 οὗτος
3167 4840 3256 4893 διὰ
3282 4839 3382 4910 τὴν
3405 4841 3516 4893 τῶν
3573 4843 3726 4910 εὐρι-
3765 4902 3771 4910 ,

2164 4935 2440 5004 σκομένων
2481 4933 2745 5003 φυλακήν.
2789 4932 2868 4984 T6
2908 4932 3014 5001 γὰρ
3046 4933 3160 5000 μετ’
3200 4931 3451 4994 εὐκολίας
3482 4930 3730 5001 εὑρισκό-

2167 5043 2302 5095 μενα
2357 5027 2449 5078 καὶ
2496 5024 2948 5094 εὐκαταφρόνητα
2993 5023 3207 5086 πολλοῖς
3236 5019 3377 5076 εἶναι
3405 5023 3572 5075 δοκεῖ.
3614 5023 3729 5076 Οὐκ

2163 5117 2277 5169 ἔστι
2307 5117 2561 5186 κυμάτων
2589 5116 2798 5186 ταραχὴ
2833 5117 2891 5166 ὲν
2937 5115 3013 5184 τῷ
3066 5114 3290 5182 πελάγει
3337 5115 3445 5168 τῶν
3480 5115 3729 5185 Γραφῶν,

2163 5209 2300 5264 ἀλλά
2339 5207 2538 5270 παντὸς
2574 5207 2789 5277 λιμένος
2822 5205 3138 5277 εὑδιώτερον
3191 5206 3346 5258 τοῦτο
3377 5205 3440 5258 τὸ
3474 5205 3726 5272 πέλαγος-

2227 5362 2244 5379 ⁹
2265 5357 2466 5409 Joannis
2483 5355 2808 5411 Chrysoslomi
2825 5353 3033 5403 Homilia
3055 5354 3119 5404 de
3138 5353 3289 5402 Adam
3312 5360 3363 5401 et
3383 5352 3484 5402 Eva
3525 5359 3640 5401 tom.
3664 5351 3730 5410 ll,

2165 5421 2284 5470 edit.
2313 5420 2422 5468 Bas.
2447 5430 2549 5479 cap.
2574 5417 2652 5475 11,
2686 5417 2826 5479 ne:
2850 5415 2907 5463 13
2931 5416 3172 5479 epist._2l.
3211 5416 3466 5479 Cicelesgini
3489 5415 3548 5463 ad
3569 5414 3732 5479 Gajlos

2165 5485 2258 5532 hoc
2279 5487 2358 5529 est
2390 5475 2598 5540 indiéulii
2631 5478 2876 5540 praedictae
2913 5475 3137 5538 enislolaa
3176 5475 3732 5540 adjunclijgmpoyjnus

2165 5543 2304 5603 Xysli
2336 5539 2424 5600 IIl,
2447 5541 2532 5600 qui
2574 5537 2839 5603 Coélesljno
2866 5540 3368 5603 proximggucpessit.
3395 5537 3565 5585 Eidem
3591 5537 3732 5603 ὅροι

2167 5597 2316 5652 ω’ἱιὶεε
2337 5597 2619 5650 inser—untur
2639 5604 2692 5648 et
2714 5599 2772 5646 40
2794 5597 2967 5648 vei-sus
2992 5613 3051 5648 ex
3076 5599 3161 5647 lib.
3184 5599 3396 5659 August.
3421 5604 3590 5646 contra
3627 5597 3730 5646 Jul.

2231 5663 2259 5702 ἀ
2281 5665 2403 5724 Reg.
2427 5662 2624 5719 ἀνόητον
2646 5659 2871 5724 λαμϐάνει
2893 5662 2989 5711 τόν.
3027 5659 3154 5711 Infra
3179 5657 3310 5711 idein
3329 5659 3410 5708 νῦν
3430 5660 3727 5720 καταὸῶμεν.

2236 5738 2260 5766 ο
2282 5723 2404 5786 Reg.
2439 5724 2494 5772 16
2514 5723 2811 5786 ποθούμενον.
3610 5741 3614 5744 ·
