4028 6360
263 310 374 367 589

265 435 550 484 consortes
569 428 594 479 ?
620 424 676 481 Id
705 424 851 481 nullo
876 422 1036 479 modo
1070 432 1151 479 est
1194 422 1387 479 rationi
1414 432 1851 478 consentaneum.

266 519 376 575 Sed
403 518 524 588 quis
562 517 654 571 ille
678 524 761 571 est
786 515 853 570 ad
881 530 1039 585 quem
1079 514 1226 580 dicit,
1257 513 1531 594 Faciamus
1569 511 1865 566 hominem?

268 607 636 673 Admirabilis,
660 606 1241 676 consiliarius,potens,
1260 606 1395 659 Deus
1419 604 1590 670 fortis,
1617 604 1863 673 princeps

268 700 437 773 pacis,
469 711 622 770 pater
647 698 808 753 futuri
844 698 1022 752 saeculi
1057 696 1207 767 (lsai.
1238 696 1290 750 9.
1315 695 1393 765 6),
1429 697 1543 764 ipse
1573 704 1655 750 est
1682 694 1862 762 unige-

268 795 417 848 nitus
437 793 532 848 Dei
559 791 746 847 Filius.
776 791 858 847 Ad
879 807 998 846 eum
1022 790 1183 861 igitur
1207 790 1370 854 dicit,
1401 788 1675 842 Faciamus
1700 787 1865 840 homi-

266 902 387 940 nem
406 884 476 938 ad
492 885 761 954 imaginem
782 893 827 936 et
849 882 1231 936 similitudinem
1256 889 1498 935 nostram.
1521 879 1702 950 Neque
1718 878 1861 933 enim

264 981 404 1036 dixit
433 995 606 1035 meant
637 988 692 1034 et
719 988 862 1034 tuam
883 1018 896 1041 ,
925 977 1011 1032 vel
1037 991 1212 1031 meam
1240 984 1295 1030 et
1323 983 1552 1029 vestram
1574 1014 1589 1040 ,
1621 971 1718 1028 sed
1738 1015 1753 1040 ,
1781 972 1862 1026 Ad

263 1073 542 1143 imaginem
567 1080 793 1124 nostram
812 1110 827 1135 ,
855 1068 1096 1123 indicans
1123 1067 1407 1136 imaginem
1439 1080 1598 1119 unam
1628 1071 1682 1119 et
1701 1078 1862 1118 unam

264 1164 711 1218 similitudinem:
740 1171 794 1214 at
832 1162 925 1215 Dei
968 1168 1021 1215 et
1054 1159 1362 1230 angelorum
1405 1172 1510 1212 una
1549 1156 1724 1226 imago
1753 1171 1860 1210 non

263 1267 385 1317 est,
415 1269 589 1323 neque
618 1268 721 1306 una
751 1251 1064 1306 similitudo.
1097 1250 1197 1318 Qui
1230 1249 1373 1305 enim
1405 1258 1588 1318 posset
1623 1262 1726 1301 una
1757 1248 1862 1301 Do-

264 1347 399 1401 mini
426 1355 481 1400 et
509 1345 829 1399 famulorum
865 1358 988 1399 esse
1026 1344 1199 1412 imago
1236 1354 1291 1397 et
1317 1340 1652 1396 similitudo?
1682 1341 1860 1410 Itaque

265 1438 415 1491 omni
448 1452 511 1491 ex
551 1445 705 1505 parte
740 1435 1075 1489 convincitur
1125 1433 1244 1488 falsi
1289 1446 1467 1486 sermo
1494 1441 1709 1487 vester:
1736 1445 1858 1485 nam

264 1530 576 1585 dominatus
602 1529 883 1600 imaginem
915 1528 1001 1582 hic
1029 1527 1309 1598 significat,
1340 1534 1396 1579 ut
1424 1525 1623 1580 indicat
1643 1532 1697 1580 et
1716 1524 1859 1595 quod

265 1624 527 1693 sequitur.
579 1622 714 1677 Cum
745 1620 891 1676 enim
929 1620 1188 1686 dixisset,
1217 1618 1297 1672 Ad
1331 1618 1598 1689 imaginem
1636 1626 1682 1670 et
1715 1617 1858 1671 simi-

264 1715 572 1777 litudinem,
627 1712 818 1781 adjecit
864 1728 877 1765 :
938 1710 1006 1765 Et
1059 1711 1381 1764 dominentur
1433 1709 1650 1781 piscibus
1703 1708 1857 1761 maris

264 1804 419 1874 (Gen.
462 1806 514 1858 1.
560 1803 694 1873 26):
734 1803 1036 1857 dominatus
1076 1810 1252 1857 autem
1300 1801 1392 1855 Dei
1443 1810 1496 1855 et
1545 1800 1857 1869 angelorum

264 1914 407 1952 unus
429 1912 549 1953 esse
589 1897 788 1967 nequit.
821 1895 1101 1965 Quomodo
1142 1896 1286 1951 enim
1327 1910 1446 1950 esse
1475 1903 1693 1965 posset,
1734 1910 1854 1949 cum

262 2005 405 2044 unus
461 2003 739 2044 servorum
794 1988 864 2043 sit
926 1997 981 2042 et
1034 1987 1168 2042 alter
1224 1986 1474 2050 Domini,
1537 1984 1853 2040 famulorum

261 2097 403 2137 unus
442 2090 495 2136 et
537 2081 673 2135 alter
707 2079 1049 2149 imperantis?
1079 2077 1183 2133 Sed
1216 2086 1271 2132 et
1303 2077 1392 2131 alii
1430 2076 1643 2147 quidam
1670 2092 1855 2131 rursus

263 2173 316 2227 in
356 2186 458 2227 nos
493 2173 770 2241 insurgunt
797 2170 1034 2225 dicentes
1058 2211 1073 2235 ,
1105 2169 1271 2224 Deum
1293 2168 1454 2223 talem
1496 2167 1693 2222 habere
1719 2168 1853 2221 ima-

263 2265 443 2333 ginem
491 2261 701 2332 qualem
750 2268 806 2316 et
851 2275 987 2326 nos,
1032 2259 1170 2313 male
1212 2259 1566 2328 intelligentes
1596 2257 1736 2327 quod
1774 2258 1855 2311 di-

260 2362 408 2408 ctum
456 2360 558 2408 est.
598 2352 782 2422 Neque
822 2353 966 2407 enim
998 2350 1307 2405 substantiae
1350 2348 1482 2403 dixit
1533 2350 1846 2418 imaginem,

259 2444 356 2499 sed
404 2443 711 2498 dominatus
768 2443 1090 2512 imaginem,
1146 2452 1204 2496 ut
1263 2456 1329 2496 ex
1387 2441 1450 2495 iis
1506 2456 1625 2511 quae
1657 2441 1852 2496 deinde

259 2537 622 2608 adjiciuntur,
675 2535 1037 2591 ostendemus.
1094 2533 1165 2590 Ut
1219 2533 1361 2588 enim
1424 2532 1563 2587 scias
1619 2532 1850 2588 humana

260 2629 433 2684 forma
477 2627 756 2699 praeditum
784 2643 891 2681 non
930 2641 1050 2681 esse
1086 2625 1315 2691 Numen,
1356 2624 1479 2678 audi
1515 2624 1734 2679 Paulum
1771 2624 1851 2679 di-

218 2764 233 2779 .
259 2731 473 2776 centeni
507 2738 520 2774 :
562 2718 649 2772 Vir
672 2717 874 2789 quidem
914 2733 1015 2770 non
1045 2716 1186 2770 debet
1223 2715 1378 2768 velari
1400 2754 1417 2780 ,
1443 2731 1556 2767 cum
1592 2715 1657 2768 sit
1682 2715 1850 2783 imago

258 2823 304 2867 et
324 2814 489 2885 gloria
507 2810 599 2865 Dei
621 2828 639 2864 :
663 2811 844 2865 mulier
863 2821 1028 2863 autem
1048 2809 1211 2880 gloria
1234 2808 1325 2862 viri
1343 2817 1415 2861 est
1439 2807 1512 2879 (1.
1531 2806 1649 2863 Cor.
1670 2808 1757 2862 11.
1771 2808 1844 2878 7);

260 2915 529 2974 prapterea
574 2904 749 2967 debet,
800 2903 1000 2973 inquit,
1050 2900 1214 2955 velum
1260 2900 1443 2954 habere
1488 2916 1646 2968 supra
1695 2910 1848 2971 caput

262 2998 425 3071 (Ibid.
467 3015 514 3051 υ.
548 2994 657 3068 10).
697 2995 981 3050 Enimvero
1005 2994 1048 3047 si
1089 2992 1193 3047 hoc
1216 2993 1333 3046 loco
1358 2992 1640 3061 imaginem
1668 2991 1717 3046 id
1749 3006 1845 3061 ap-

258 3089 499 3160 pellavit,
530 3087 790 3158 atqualem
819 3085 1013 3140 divinae
1040 3084 1185 3137 omni
1215 3098 1281 3138 ex
1310 3092 1461 3152 parte
1487 3082 1671 3137 forma:
1699 3082 1849 3138 simi-

257 3179 542 3235 litudinem
577 3177 903 3247 signiﬁcans,
949 3184 1005 3231 et
1044 3175 1243 3229 idcirco
1287 3175 1382 3229 Dei
1424 3174 1599 3245 imago
1628 3184 1849 3229 vocatur

257 3272 443 3335 homo,
467 3272 586 3341 quia
612 3272 748 3325 Deus
769 3269 869 3323 hoc
886 3278 1040 3339 pacto
1061 3267 1313 3337 ﬁguratus
1336 3274 1419 3321 est
1441 3283 1453 3319 :
1483 3267 1639 3337 igitur
1658 3280 1846 3321 secun-

257 3364 386 3420 dum
413 3364 533 3418 illos
558 3378 664 3417 non
692 3360 861 3415 virum
892 3368 1096 3414 tantum
1115 3358 1181 3413 ad
1209 3356 1492 3429 imaginem
1520 3357 1716 3413 factum
1742 3358 1846 3414 dici

255 3457 563 3526 oportebat,
587 3453 683 3510 sed
705 3453 865 3509 etiam
894 3452 1191 3505 mulierem.
1209 3449 1446 3504 Mulieris
1474 3450 1616 3504 enim
1640 3450 1847 3521 virique

259 3550 426 3617 figura
458 3554 513 3601 et
540 3545 706 3599 forma
731 3552 787 3598 et
812 3541 1103 3597 similitudo
1129 3549 1211 3595 est
1238 3556 1359 3594 una.
1394 3540 1563 3607 Quam
1592 3541 1751 3611 igitur
1775 3540 1845 3595 ob

255 3656 478 3696 causam
504 3641 676 3709 imago
705 3639 796 3692 Dei
822 3638 903 3690 vir
930 3636 1143 3701 dicitur,
1174 3634 1370 3688 mulier
1389 3648 1516 3688 vero
1543 3648 1646 3687 non
1673 3634 1798 3689 item
1821 3634 1844 3687 ?

255 3733 391 3800 Quia
420 3732 671 3785 nimirum
695 3745 802 3783 non
828 3728 897 3782 de
925 3726 1155 3796 imagine
1185 3726 1510 3780 mentionem
1537 3724 1697 3789 facit,
1725 3740 1845 3794 qua:

256 3826 312 3879 in
340 3825 512 3879 forma
552 3824 652 3877 sita
691 3821 780 3886 sit,
808 3819 901 3874 sed
931 3819 999 3873 de
1034 3816 1264 3887 imagine
1301 3831 1420 3885 qua:
1463 3816 1515 3868 itt
1546 3815 1841 3880 dominatu,

255 3931 419 3987 quam
442 3914 588 3969 solus
614 3913 777 3967 homo
802 3909 984 3975 habet,
1017 3923 1122 3962 non
1148 3916 1327 3962 autem
1354 3906 1564 3961 mulier.
1595 3905 1726 3959 Nam
1758 3904 1844 3959 hic

253 4008 475 4079 quidem
501 4004 700 4061 nemini
723 4001 963 4057 subditus
992 4007 1101 4061 est,
1132 3998 1219 4052 illa
1249 3998 1373 4052 huic
1399 3994 1629 4063 subdita,
1661 4012 1845 4065 quem-

255 4100 545 4155 admodum
601 4097 771 4166 inquit
811 4095 1002 4149 Deus:
1055 4091 1136 4145 Ad
1189 4091 1353 4144 virum
1394 4098 1534 4144 tuum
1589 4090 1843 4143 conversio

256 4203 380 4260 tua,
426 4202 473 4247 et
513 4193 620 4261 ipse
661 4190 735 4243 tui
775 4186 1114 4241 dominabitur
1143 4182 1316 4254 (Gen.
1366 4184 1419 4238 5.
1467 4180 1596 4253 16).
1641 4181 1843 4236 Idcirco

257 4286 353 4340 Dei
389 4284 602 4354 quidem
646 4283 820 4352 imago
863 4289 946 4335 est
993 4280 1095 4344 vir,
1146 4277 1267 4348 quia
1316 4277 1679 4331 sublimiorem
1724 4276 1845 4331 nul-

256 4380 367 4434 lum
399 4377 598 4443 habet,
628 4372 1073 4446 quemadmodum
1104 4371 1214 4425 Deo
1237 4370 1516 4424 sublimior
1534 4377 1617 4423 est
1644 4369 1839 4434 nullus,

255 4473 354 4529 sed
404 4471 651 4526 omnibus
696 4468 1042 4524 dominatur:
1098 4463 1295 4518 mulier
1346 4476 1475 4516 vero
1521 4461 1687 4531 gloria
1738 4462 1843 4516 viri

254 4572 377 4629 est,
432 4562 553 4631 quia
606 4560 722 4614 viro
772 4556 1010 4627 subjecta
1066 4563 1166 4610 est.
1207 4554 1274 4607 Et
1318 4552 1443 4606 alibi
1496 4567 1683 4606 rursus
1722 4552 1839 4607 ait:

258 4654 382 4708 Non
437 4652 670 4707 debemus
714 4650 963 4704 testimare
1007 4662 1162 4712 auro,
1209 4652 1295 4698 aut
1341 4654 1581 4713 argento,
1628 4652 1714 4696 aut
1761 4644 1841 4697 la-

255 4747 402 4817 pidi,
451 4744 528 4797 vel
568 4742 844 4813 sculptura:
878 4740 1032 4806 artis,
1081 4746 1170 4790 aut
1223 4736 1540 4807 cogitationis
1586 4734 1838 4801 hominis,

259 4837 587 4890 vicinitatem
626 4850 733 4889 esse
770 4832 984 4887 similem
1031 4829 1165 4902 (Act.
1192 4826 1421 4898 17.16).
1464 4827 1615 4895 Quod
1662 4836 1839 4881 autem

253 4929 409 4993 dicit,
442 4929 578 4981 hanc
606 4924 926 4981 sententiam
952 4921 1113 4975 habet
1138 4940 1150 4975 :
1181 4934 1287 4974 non
1315 4917 1475 4973 modo
1502 4919 1696 4988 ﬁguras
1724 4933 1843 4987 qua:

255 5028 549 5076 cernuntur
572 5019 780 5074 excedit
806 5016 1036 5081 Numen,
1066 5012 1160 5068 sed
1186 5027 1359 5082 neque
1382 5027 1534 5066 mens
1560 5011 1842 5066 cﬁormare

254 5116 366 5170 tale
392 5112 641 5183 quiddam
662 5118 876 5181 potest,
906 5107 1079 5177 qualis
1103 5113 1186 5160 est
1211 5106 1371 5160 Deus.
1397 5105 1496 5172 Qui
1523 5104 1638 5159 ﬁeri
1667 5112 1840 5175 potest

252 5222 409 5277 ergo,
430 5215 490 5259 ut
518 5203 748 5259 hominis
774 5201 996 5270 ﬁgurant
1027 5197 1222 5253 habeat
1254 5197 1415 5263 Deus,
1444 5211 1565 5252 cum
1597 5212 1664 5252 ne
1691 5212 1843 5251 men-

253 5313 363 5358 tem
393 5298 609 5372 quidem
636 5297 800 5352 ullam
824 5310 981 5368 posse
1020 5295 1162 5351 dicat
1195 5293 1391 5349 Paulus
1428 5293 1717 5349 essentiam
1746 5291 1841 5346 Dei

250 5393 398 5462 apud
440 5408 501 5448 se
548 5393 869 5464 cogitatione
916 5385 1245 5444 informare?
1287 5384 1561 5453 Siquidem
1616 5384 1843 5438 fortnam

252 5496 495 5543 nostram
520 5499 584 5539 ac
611 5486 828 5554 ﬁguram
855 5496 1041 5537 omnes
1066 5478 1204 5548 apud
1234 5492 1328 5532 nos
1349 5476 1669 5546 cogitatione
1691 5474 1844 5530 facile

252 5579 526 5650 possimus
556 5577 863 5631 informare.
909 5575 1116 5629 Rursus
1158 5571 1226 5627 de
1264 5571 1602 5640 eleemosyna
1642 5583 1843 5624 sermo-

252 5684 380 5727 nem
408 5668 604 5724 inferre
626 5676 935 5731 statueram,
969 5664 1062 5719 sed
1092 5663 1244 5718 nobis
1273 5672 1481 5730 tempus
1510 5660 1563 5715 id
1592 5675 1698 5715 non
1722 5675 1844 5731 per-

252 5762 458 5817 mittit:
509 5768 824 5837 quapropter
878 5758 1033 5811 tinent
1082 5755 1165 5809 hic
1212 5751 1423 5810 dicendi
1463 5751 1741 5819 faciamus,
1795 5752 1839 5808 si

1501 307 1570 364 [Ν
1605 304 1898 363 GENESIM
1938 304 2166 363 SERMO
2204 306 2290 363 Ill.

3467 316 3573 374 590

1974 422 2120 490 prius
2149 421 2215 475 ad
2258 421 2386 476 illud
2429 437 2524 477 vos
2553 424 2814 479 cohortati
2860 425 3140 495 fuerimus,
3184 439 3241 483 ut
3280 429 3572 499 diligenter

1972 513 2150 567 omnia
2176 529 2295 582 qua:
2318 513 2457 567 dicta
2479 528 2603 569 sunt
2626 518 2898 571 memoriae
2927 519 3207 583 mandetis,
3237 521 3566 590 multamque

1974 615 2133 659 recta:
2158 608 2579 662 conversationis
2598 622 2778 663 curam
2804 611 3021 679 geratis,
3058 626 3125 664 ne
3153 611 3344 666 frustra
3372 622 3430 667 et
3449 614 3567 668 sine

1971 696 2146 750 fructu
2187 699 2440 752 collectas
2482 714 2720 768 agamus.
2773 703 3025 767 Quamvis
3067 705 3208 757 enim
3255 705 3564 774 dogmatum

1972 790 2342 845 rectitudinem
2372 806 2753 847 conservemus
2775 835 2789 859 ,
2823 795 2925 848 nisi
2957 810 3177 865 operum
3204 796 3375 851 virtus
3412 813 3566 853 acce-

1969 879 2094 948 dat,
2142 884 2357 937 omnino
2405 899 2435 938 a
2479 885 2582 939 vita
2622 896 2819 940 aeterna
2872 888 3196 944 excidemus.
3250 890 3370 944 Non
3421 893 3564 948 enim

1972 975 2154 1036 omnis,
2183 974 2353 1044 inquit
2372 1017 2385 1040 ,
2413 976 2499 1044 qui
2520 975 2639 1029 dicit
2661 977 2804 1043 nti/ti,
2830 976 3064 1044 Domine,
3089 978 3329 1047 Domine,
3353 982 3559 1035 intrabit

1968 1063 2023 1116 in
2064 1080 2273 1134 regnum
2312 1067 2591 1121 caelorum:
2628 1067 2717 1120 sed
2759 1070 2847 1137 qui
2889 1071 3010 1139 facit
3054 1072 3360 1126 voluntatem
3388 1071 3563 1127 Patris

1968 1155 2098 1220 mei,
2125 1158 2212 1225 qui
2237 1166 2309 1210 est
2332 1158 2383 1210 in
2415 1159 2551 1211 caelis
2574 1159 2783 1229 (Matth.
2809 1160 2861 1214 7.
2888 1160 3003 1232 21).
3031 1161 3372 1217 Voluntatem
3402 1164 3563 1233 igitur

1968 1246 2063 1301 Dei
2093 1264 2212 1301 cum
2254 1250 2399 1303 omni
2429 1251 2606 1304 studio
2643 1252 2930 1315 faciamus,
2961 1261 3020 1307 ut
3047 1252 3097 1307 in
3126 1253 3287 1308 cazlos
3316 1254 3517 1309 intrare
3544 1297 3561 1323 ,

1967 1352 2030 1392 ac
2053 1338 2190 1392 bona
2220 1355 2337 1408 qua:
2366 1350 2657 1409 praeparata
2689 1350 2813 1396 sunt
2843 1342 2938 1408 iis,
2970 1345 3058 1413 qui
3104 1345 3268 1399 Deum
3297 1345 3558 1413 diligunt,

1966 1431 2186 1501 adipisci
2212 1433 2480 1501 possimus
2504 1452 2515 1487 :
2544 1449 2769 1504 quorum
2794 1436 2995 1490 utinam
3020 1450 3117 1491 nos
3139 1437 3420 1507 participes
3442 1438 3558 1493 ﬁeri

1966 1538 2155 1579 omnes
2182 1526 2483 1596 contingat,
2512 1527 2679 1597 gratia
2708 1537 2762 1582 et
2793 1527 3119 1599 benignitate
3148 1531 3360 1585 Domini
3391 1531 3558 1585 nostri

1963 1616 2091 1671 Jesu
2126 1617 2362 1683 Christi,
2393 1635 2514 1673 cum
2540 1635 2647 1689 quo
2675 1620 2851 1685 Patri,
2892 1622 3157 1691 sintulque
3204 1633 3387 1677 sancto
3433 1623 3557 1692 Spi-

1963 1708 2089 1762 ritui
2114 1708 2304 1778 gloria,
2334 1709 2615 1779 imperium
2636 1753 2651 1775 ,
2684 1710 2880 1779 honor,
2914 1728 3055 1767 nunc
3082 1721 3136 1768 ct
3155 1728 3386 1785 semper,
3420 1723 3473 1769 et
3502 1713 3556 1767 itt

1963 1799 2163 1855 saecula
2189 1799 2528 1855 saeculorum.
2558 1803 2749 1857 Amen.

2578 2043 2810 2101 SERMO
2840 2046 2927 2100 lll.

1963 2239 2099 2305 Quid
2125 2238 2187 2291 sit
2210 2239 2360 2305 illud,
2408 2239 2491 2295 Ad
2528 2240 2931 2298 similitudinem
2960 2242 3114 2312 (Gen.
3149 2245 3199 2299 1.
3229 2244 3342 2315 26),
3375 2254 3421 2298 et
3450 2262 3550 2314 qua

2029 2333 2093 2383 de
2123 2347 2275 2383 causa
2296 2372 2309 2392 ,
2353 2349 2468 2385 cum
2490 2334 2670 2387 dixerit
2703 2333 2839 2388 Deus
2874 2351 2964 2388 nos
3000 2336 3253 2388 dominari
3281 2338 3332 2388 in
3370 2336 3503 2404 feras
3530 2377 3546 2399 ,

2030 2437 2130 2474 non
2166 2422 2483 2478 dominentur
2501 2466 2515 2490 ,
2547 2435 2593 2479 et
2619 2426 2712 2479 Itoc
2744 2443 2940 2498 magna:
2975 2445 3095 2499 erga
3119 2445 3210 2483 nos
3237 2445 3372 2484 cum
3394 2447 3550 2499 argu-

2028 2523 2248 2566 mentum
2276 2530 2400 2568 8888.

2028 2731 2080 2783 1.
2120 2730 2419 2784 Accuratam
2439 2730 2719 2803 Scriptura:
2743 2735 3001 2788 lectionem
3027 2737 3376 2801 commendat;
3405 2737 3545 2793 Scri—

1955 2831 2157 2893 pturam
2187 2827 2383 2893 confert
2419 2840 2533 2877 cum
2560 2826 2786 2894 gemmis.
2823 2856 2893 2865 ——
2920 2826 3376 2894 Quemadmodum
3410 2828 3545 2882 nihil

1955 2915 2239 2983 proﬁciunt
2258 2916 2346 2985 qni
2373 2917 2656 2981 seminant,
2680 2933 2801 2973 cum
2822 2932 2978 2973 secus
3002 2920 3140 2973 viam
3167 2921 3372 2975 semina
3398 2922 3541 2989 jacta

1954 3005 2148 3061 fuerint
2178 3023 2191 3059 :
2221 3008 2298 3060 sic
2328 3022 2499 3077 neque
2530 3009 2764 3076 proderit
2788 3009 2833 3063 is
2861 3010 2950 3080 qui
2975 3011 3121 3074 dicit,
3151 3012 3194 3065 si
3215 3011 3280 3066 ad
3309 3023 3542 3067 mentem

1952 3097 2250 3151 auditorum
2282 3098 2456 3152 oratio
2490 3114 2597 3153 non
2637 3100 2854 3163 feratur,
2887 3101 2979 3155 sed
3007 3116 3172 3156 SUHUS
3199 3103 3344 3156 vocis
3372 3104 3422 3156 in
3454 3120 3543 3158 ae-

1951 3205 2066 3244 rem
2091 3198 2290 3245 temere
2317 3189 2539 3245 diﬁ‘usus
2564 3191 2861 3246 auditorem
2890 3193 3034 3247 nulla
3065 3206 3309 3264 percepta
3341 3196 3541 3249 utilita-

1954 3292 2005 3336 te
2043 3281 2328 3352 relinquat.
2375 3283 2499 3337 Haec
2541 3292 2719 3339 autem
2746 3298 2773 3337 a
2803 3300 2889 3339 me
2929 3302 3034 3339 non
3062 3287 3177 3342 sine
3204 3302 3360 3342 causa
3401 3288 3541 3343 dicta

1950 3384 2074 3430 sunt
2097 3375 2265 3440 vobis,
2294 3375 2387 3431 sed
2414 3392 2480 3431 ne
2501 3376 2765 3433 faciliores
2789 3386 2993 3433 tantum
3016 3382 3308 3436 sententias
3333 3393 3543 3452 appeta-

1951 3467 2040 3533 tis,
2063 3483 2249 3523 verum
2274 3466 2643 3538 profundiores
2659 3471 2816 3525 etiam
2845 3473 3245 3542 aggrediamini.
3264 3474 3375 3529 Nisi
3394 3477 3539 3531 enim

1946 3557 2056 3627 jam
2082 3558 2150 3612 ad
2176 3558 2569 3627 Scripturarum
2597 3562 2849 3617 interiora
2879 3563 3289 3633 descendamus,
3319 3567 3444 3621 dum
3470 3568 3539 3622 ad

1950 3651 2237 3705 natandum
2280 3652 2525 3720 expedita
2558 3654 2710 3708 nobis
2733 3663 2859 3708 sunt
2887 3657 3145 3722 ntembra,
3176 3656 3301 3711 dum
3332 3661 3540 3713 acutius

1949 3750 2176 3796 cernunt
2204 3742 2364 3808 oculi,
2399 3758 2573 3813 neque
2614 3744 2922 3800 deliciarum
2969 3746 3281 3803 humoribus
3322 3759 3540 3805 contur-

1948 3831 2159 3898 bantur,
2204 3832 2328 3886 dum
2360 3835 2686 3889 constantior
2716 3845 2798 3889 est
2833 3835 3076 3905 spiritus,
3122 3848 3179 3892 ut
3205 3854 3273 3893 ne
3305 3839 3538 3896 suffoce-

1948 3939 2090 3990 mttr,
2136 3924 2349 3993 quando
2383 3924 2808 3981 descendemus?
2835 3929 2915 3982 An
2956 3944 3075 3983 cum
3111 3929 3317 3985 deliciae
3354 3932 3540 3987 adfue-

1947 4017 2075 4081 rint,
2105 4017 2274 4087 epulae
2296 4057 2311 4080 ,
2342 4018 2592 4085 ebrietas,
2625 4029 2679 4074 et
2705 4020 2935 4090 ingluvie
2962 4022 3266 4079 redundans
3308 4025 3539 4080 mensa?

1948 4110 2106 4180 Atqui
2134 4119 2243 4165 tum
2267 4125 2332 4163 ne
2354 4112 2553 4166 moveri
2579 4112 2790 4181 quidem
2818 4112 2970 4169 facile
2986 4130 3305 4183 possumus:
3332 4125 3538 4171 tantum

1949 4202 2260 4258 deliciarum
2292 4218 2428 4257 onus
2452 4204 2683 4258 animam
2710 4215 2914 4275 gravat.
2959 4205 3148 4262 Nonne
3172 4207 3365 4263 videtis
3390 4217 3447 4262 ut
3477 4208 3534 4275 ii,

1949 4292 2036 4360 qui
2065 4293 2328 4361 pretiosos
2357 4294 2595 4363 reperire
2636 4294 2841 4364 lapides
2874 4296 3123 4365 cupiunt,
3153 4313 3258 4351 non
3288 4298 3341 4352 in
3379 4298 3538 4355 litore

1949 4397 2161 4437 sursum
2193 4382 2441 4439 sedentes
2491 4383 2789 4455 ﬂuctusque
2819 4396 3161 4442 numerantes
3208 4388 3339 4443 illud
3386 4389 3537 4448 inve-

1949 4472 2099 4527 niant
2117 4472 2257 4543 quod
2284 4482 2548 4543 quaerunt,
2574 4475 2667 4530 sed
2691 4476 2741 4529 in
2759 4476 3077 4547 profundum
3101 4480 3271 4548 ipsum
3292 4479 3538 4537 delaban-

1949 4572 2036 4617 tur
2062 4579 2076 4628 ;
2106 4563 2314 4617 tametsi
2339 4550 2535 4620 multus
2560 4574 2643 4620 est
2691 4566 2742 4619 in
2773 4569 3063 4636 quaerendo
3089 4569 3258 4635 labor,
3291 4571 3538 4626 multum-

1949 4667 2052 4721 que
2080 4653 2131 4706 in
2156 4652 2473 4708 inveniendo
2500 4653 2808 4722 discrimen,
2832 4665 2886 4713 et
2912 4668 3191 4729 postquam
3213 4660 3532 4729 invenerint,

1949 4743 2155 4798 lucrum
2187 4745 2433 4799 nullum?
2458 4745 2625 4813 Quam
2655 4749 2799 4803 enim
2846 4765 3089 4820 magnam
3122 4752 3174 4806 itt
3216 4755 3380 4808 vitam
3433 4771 3534 4809 no-

1950 4846 2115 4892 stram
2161 4837 2415 4893 invehere
2455 4848 2631 4908 potest
2685 4842 2964 4897 utilitatem
3013 4844 3246 4914 lapidum
3299 4847 3536 4904 inventio

1948 4928 2338 4998 pretiosorum?
2372 4928 2580 4984 Utinam
2604 4947 2669 4985 ne
2699 4932 2889 4988 multas
2915 4935 3241 4991 calamitates
3280 4937 3530 5008 importa.

1948 5022 2065 5074 ret!
2096 5019 2235 5075 Nihil
2286 5021 2427 5076 enim
2452 5021 2594 5077 aliud
2621 5023 2781 5078 vitam
2830 5026 3106 5092 subvertit,
3136 5036 3192 5083 et
3230 5043 3442 5084 sursum
3471 5045 3535 5086 ac

1947 5112 2198 5167 deorsum
2228 5122 2412 5167 cuncta
2434 5114 2622 5169 miscet
2648 5125 2843 5185 praeter
2862 5116 2998 5172 hanc
3016 5118 3360 5187 pecuniarum
3389 5121 3535 5175 insa-

1948 5205 2109 5259 niant.
2142 5204 2519 5261 Verumtamen
2540 5207 2613 5261 illi
2635 5215 2689 5262 et
2714 5208 2942 5262 animam
2963 5219 3017 5264 et
3040 5225 3235 5282 corpus
3261 5226 3537 5283 exponunt

1948 5296 2239 5367 quotidiani
2262 5297 2431 5353 victus
2451 5313 2631 5365 causa,
2659 5313 2823 5369 seque
2849 5299 3095 5356 ﬂuctibus
3114 5303 3364 5359 audacter
3384 5320 3534 5359 com-

1949 5392 2165 5445 mittunt
2195 5406 2207 5441 :
2242 5389 2328 5445 hic
2355 5405 2485 5447 vero
2509 5406 2680 5461 neque
2709 5393 3016 5459 discrimen,
3046 5410 3222 5465 neque
3251 5406 3428 5452 tantus
3454 5399 3536 5451 la-

1949 5482 2048 5536 bor
2077 5490 2178 5545 est,
2211 5496 2394 5536 verum
2422 5482 2663 5552 exiguus,
2693 5492 2747 5539 et
2775 5485 2820 5538 is
2849 5493 3066 5554 propter
3091 5500 3275 5542 eorum
3302 5504 3419 5558 qua:
3447 5489 3534 5543 in-

1950 5586 2104 5630 venta
2143 5584 2267 5630 sunt
2292 5576 2751 5631 conservationem
2774 5577 3078 5648 suscipitur.
3109 5578 3242 5634 Nam
3266 5596 3384 5651 qua:
3410 5597 3531 5638 cum

1951 5665 2198 5721 facilitate
2226 5674 2436 5735 reperta
2467 5672 2609 5730 sunt,
2649 5666 2845 5721 nullius
2871 5667 3028 5737 pretii
3054 5669 3234 5724 multis
3265 5671 3531 5726 videntur.

1953 5754 2068 5810 Non
2096 5765 2176 5814 est
2223 5756 2275 5810 in
2308 5754 2495 5827 pelago
2533 5754 2817 5827 Scripturte
2845 5758 3079 5829 procella
3106 5758 3358 5819 ﬂuctuum
3380 5803 3396 5832 ,
3439 5764 3532 5818 scd
