4028 6360
465 310 564 370 591

465 422 657 495 quovis
695 429 849 490 portu
895 416 1226 486 tranquillius
1268 423 1351 469 est
1399 414 1501 467 hoc
1540 411 1756 481 pelagus
1788 429 1799 461 :
1833 420 2056 463 necesse

470 531 575 570 non
601 523 682 569 est
711 514 765 568 in
803 513 1060 566 obscuros
1086 512 1234 564 sinus
1259 507 1436 578 abyssi
1467 521 1525 561 se
1551 505 1854 568 demittere,
1883 515 2058 570 neque

470 608 696 662 rationis
741 605 1038 674 expertium
1068 617 1322 672 aquarum
1348 600 1610 655 violentia:
1636 598 1861 652 salutem
1907 611 2057 650 suam

471 696 841 762 committere;
873 694 968 752 sed
1005 693 1170 748 multa
1199 694 1283 746 lux
1314 691 1400 747 hic
1441 690 1657 762 afl'ulget
1699 692 1867 742 multo
1896 685 2060 740 radiis

472 788 735 843 solaribus
781 785 909 854 ipsis
953 783 1300 854 splendidior,
1355 781 1519 836 multa
1567 780 1860 843 serenitas;
1887 776 2063 831 omnis

473 877 704 947 procella
732 875 976 930 submota
1007 885 1108 940 est,
1145 885 1404 929 eteorum
1433 887 1551 941 qua:
1581 871 1918 941 reperiuntur
1945 880 2066 924 tan-

475 978 585 1022 tttm
617 977 697 1021 est
729 967 955 1030 lucrum,
987 975 1038 1020 ut
1065 983 1130 1021 ne
1157 966 1396 1020 oratione
1418 964 1630 1034 quidem
1655 965 1756 1018 ulla
1786 965 2066 1035 possitex-

475 1059 680 1127 plicari.
720 1057 799 1113 Ne
827 1057 986 1126 igitur
1009 1057 1384 1127 defatigemur,
1421 1056 1514 1110 sed
1548 1056 1941 1126 inquisitionem
1967 1071 2064 1126 ag-

473 1149 799 1219 grediamur.
833 1148 1069 1204 Audistis
1099 1149 1262 1202 Deum
1293 1148 1358 1203 ad
1388 1148 1668 1217 imaginem
1707 1161 1856 1202 suam
1889 1147 2065 1204 homi-

475 1256 599 1294 nem
626 1240 949 1304 condidisse,
975 1249 1028 1295 et
1055 1241 1178 1312 quid
1201 1242 1271 1295 sit
1296 1240 1444 1304 illud,
1469 1241 1549 1294 Ad
1572 1241 1840 1311 imaginem
1866 1251 1911 1296 et
1930 1243 2070 1296 simi-

479 1332 761 1393 litudinem,
789 1332 1037 1395 diximus,
1068 1349 1258 1401 nempe
1285 1349 1388 1387 non
1413 1348 1532 1387 esse
1577 1334 1890 1388 substantize
1918 1349 2070 1387 com-

484 1424 853 1490 parationem,
909 1426 1002 1480 sed
1054 1424 1356 1480 dominatus
1413 1426 1812 1480 similitudinem
1872 1445 1884 1480 :
1941 1427 2071 1481 illud

482 1527 659 1572 autem
679 1558 695 1582 ,
727 1517 809 1570 Ad
835 1517 1211 1572 similitudinem
1235 1560 1250 1584 ,
1280 1519 1478 1573 indicat
1519 1521 1704 1573 mitem
1733 1535 1794 1575 ac
1820 1535 2072 1576 manstte-

484 1620 594 1663 tum
617 1623 738 1664 esse
758 1619 1024 1679 oportere,
1059 1611 1272 1680 Deoque
1297 1626 1394 1680 pro
1415 1611 1618 1666 viribus
1638 1614 1844 1667 ratione
1865 1614 2073 1668 virtutis

484 1701 764 1756 assimilari
791 1744 804 1762 ,
839 1711 996 1770 prout
1045 1703 1116 1755 ait
1157 1701 1442 1757 Christus:
1478 1702 1650 1756 Estote
1695 1704 1884 1758 similes
1925 1703 2075 1758 Patri

485 1810 631 1858 meo,
671 1794 755 1862 qui
782 1795 832 1848 in
862 1794 996 1848 caelis
1026 1804 1096 1848 est
1130 1792 1352 1866 (Matth.
1386 1797 1438 1851 5.
1470 1796 1542 1850 45
1562 1795 1600 1865 ).
1629 1795 1698 1851 Ut
1726 1798 1867 1852 enim
1900 1797 1949 1850 in
1979 1798 2076 1850 hac

488 1888 591 1940 lata
613 1898 667 1941 et
691 1889 922 1956 spatiosa
948 1898 1090 1942 terra
1115 1889 1358 1958 quaedam
1387 1890 1632 1944 animalia
1657 1891 1822 1960 magis
1850 1901 1974 1945 sunt
1995 1907 2078 1943 ra-

488 1979 651 2033 tionis
680 1980 938 2047 expertia,
971 1979 1214 2049 qutcdam
1249 1979 1544 2035 ferociora:
1575 1981 1652 2036 sic
1679 1981 1729 2035 in
1756 1981 1948 2035 anima:
1979 1997 2076 2033 uo—

487 2081 614 2126 strm
640 2071 916 2127 latitudine
943 2072 1184 2142 qumdam
1216 2081 1342 2127 sunt
1379 2089 1408 2127 a
1452 2074 1659 2129 ratione
1699 2075 1868 2144 magis
1893 2075 2079 2130 aliena:

489 2178 553 2218 ac
572 2163 820 2218 belluime
837 2166 1204 2235 cogitationes,
1229 2166 1469 2236 quaedam
1505 2165 1790 2221 ferociores
1810 2175 1864 2221 et
1893 2167 2080 2221 imma-

490 2255 688 2310 niores.
716 2257 1033 2328 Subigendm
1064 2258 1220 2328 igitur
1250 2274 1311 2312 ac
1355 2258 1632 2312 domandae
1670 2268 1824 2323 sunt,
1868 2273 2082 2313 earum-

491 2364 593 2418 que
617 2347 922 2402 dominatus
951 2350 1141 2403 rationi
1167 2349 1601 2403 committendus.
1640 2349 1702 2402 Et
1730 2352 1816 2418 qui
1847 2349 1958 2404 fieri
1989 2365 2083 2419 po-

495 2449 633 2503 test,
690 2438 831 2492 dicet
881 2439 1070 2508 aliquis
1094 2481 1108 2504 ,
1141 2450 1200 2494 ut
1226 2440 1513 2494 belluinam
1542 2441 1916 2510 cogitationem
1963 2441 2081 2508 quis

495 2518 752 2599 subigat?
782 2529 917 2597 Quid
945 2531 1044 2594 ais,
1075 2531 1145 2584 mi
1174 2530 1366 2584 homo?
1397 2531 1604 2584 Leoncs
1641 2530 1954 2600 subigimus,
1985 2547 2082 2586 eo-

500 2639 725 2694 rumque
754 2624 960 2677 animas
986 2624 1192 2678 cicures
1219 2623 1510 2686 reddimus,
1535 2634 1588 2677 et
1610 2624 1821 2678 dubitas
1850 2640 1916 2678 an
1939 2625 2083 2693 cogi-

497 2713 753 2766 tationum
788 2712 1045 2767 feritatem
1069 2713 1133 2766 ad
1165 2713 1620 2768 mansuetudinem
1651 2717 1820 2784 pessis
1843 2715 2085 2768 traduce-

497 2805 598 2857 re?
628 2804 861 2858 Tametsi
893 2803 1032 2858 leoni
1065 2805 1317 2859 naturalis
1354 2812 1436 2859 est
1465 2803 1680 2870 feritas,
1716 2816 1908 2875 prteter
1935 2815 2087 2860 natu-

498 2911 610 2950 ram
649 2905 823 2949 autem
854 2895 1244 2960 mansuetudo;
1291 2895 1384 2950 tibi
1424 2910 1554 2951 vero
1595 2905 1779 2950 contra
1832 2898 2087 2952 naturalis

497 2999 579 3041 est
607 2987 936 3056 benignitas,
969 2985 1148 3042 feritas
1177 3001 1304 3041 vero
1346 2996 1543 3056 praeter
1580 2997 1839 3042 naturam.
1874 2987 2087 3058 Ergone

499 3077 590 3148 qui
619 3078 669 3131 id
690 3077 915 3146 expellis
939 3077 1079 3148 quod
1101 3089 1178 3132 est
1209 3077 1470 3141 naturale,
1500 3087 1556 3133 et
1577 3079 1766 3132 anima:
1796 3079 1981 3133 bellua:
2009 3079 2087 3134 in-

507 3171 642 3224 seris
671 3169 812 3239 quod
853 3179 1046 3238 praeter
1083 3181 1325 3224 naturam
1356 3179 1466 3233 est,
1514 3170 1565 3222 in
1597 3179 1683 3224 tua
1712 3171 1876 3240 ipsius
1911 3171 2086 3224 anima

509 3260 650 3331 quod
690 3269 771 3314 est
807 3259 1048 3313 naturale
1078 3274 1183 3312 non
1222 3259 1420 3328 poteris
1447 3261 1802 3314 conservare?
1831 3265 1953 3330 quis
1989 3261 2091 3315 hoc

502 3369 725 3408 summm
765 3369 869 3406 non
901 3353 1097 3406 tribuat
1123 3351 1494 3422 negligentize?
1531 3349 1662 3405 Nam
1697 3352 1746 3405 in
1774 3352 1943 3406 lcoms
1969 3353 2088 3421 qui-

503 3445 625 3500 dem
657 3446 830 3497 auima
879 3452 1072 3514 prmter
1114 3443 1249 3498 hanc
1291 3443 1574 3498 difficultas
1622 3452 1703 3499 cst
1730 3445 1897 3499 altera
1945 3461 1958 3497 :
2009 3455 2093 3499 est

506 3539 649 3595 enim
673 3554 864 3607 expers
892 3537 1354 3592 ratiocinationum
1380 3537 1554 3590 anima
1580 3536 1789 3592 bellum.
1821 3537 1889 3592 Et
1914 3546 2091 3592 tamen

507 3632 689 3686 leones
716 3645 859 3700 saepe
887 3630 1093 3685 vidistis
1131 3629 1319 3683 ovibus
1357 3630 1745 3684 mansuetiores
1783 3645 1877 3700 per
1919 3629 2092 3685 forum

504 3722 648 3787 duci,
682 3732 736 3777 et
766 3723 916 3777 multi
937 3723 1027 3794 qui
1058 3723 1108 3777 in
1136 3721 1362 3776 officinis
1390 3732 1671 3777 versantur
1698 3723 1972 3793 pecuniam
1995 3739 2091 3778 eo-

505 3831 622 3870 rum
653 3814 858 3870 custodi
900 3824 1183 3868 numerant
1221 3823 1486 3886 tamquam
1517 3815 1647 3868 artis
1692 3814 1988 3870 mercedem
2032 3829 2095 3870 ac

506 3907 711 3978 peritize
736 3949 750 3974 ,
795 3923 896 3976 qua
924 3906 1152 3961 bt-lluam
1182 3908 1414 3962 cicurem
1454 3905 1684 3961 reddidit
1714 3923 1727 3958 :
1758 3915 1812 3961 at
1842 3905 1894 3960 in
1918 3907 2094 3961 anima

509 4008 594 4053 ttta
641 4008 694 4052 et
735 3999 870 4052 ratio
919 4009 998 4053 est
1045 4007 1099 4053 et
1144 3998 1234 4053 Dei
1276 3998 1452 4063 timor,
1485 3997 1816 4070 multumque
1865 3998 2098 4069 undique

507 4091 763 4143 auxilium
808 4088 1127 4143 ostenditur.
1173 4088 1249 4143 Ne
1277 4089 1434 4160 igitur
1464 4099 1755 4160 prmtextus
1783 4099 1837 4146 et
1871 4105 2096 4146 excusa-

511 4183 685 4236 tiones
713 4182 992 4236 obtendas.
1019 4182 1176 4236 Potes
1201 4183 1365 4248 enim,
1397 4183 1440 4236 si
1469 4183 1620 4244 velis,
1647 4182 1758 4237 fieri
1787 4193 2098 4237 mansuetus

511 4280 564 4325 et
592 4271 747 4325 lenis.
781 4270 1058 4325 Faciamus
1087 4272 1334 4326 hominem
1353 4274 1420 4325 ad
1448 4272 1716 4343 imaginem
1741 4281 1786 4327 et
1806 4272 2097 4328 similitudi-

513 4382 625 4420 nem
654 4373 897 4431 nostrant,
921 4375 967 4420 et
996 4366 1282 4420 dominetur
1305 4365 1494 4420 bestiis.

581 4459 636 4512 2.
671 4456 946 4513 Gentilium
987 4459 1254 4528 objectioni
1292 4459 1578 4528 respondet.
1610 4457 1766 4512 Initio
1793 4461 1926 4530 [eras
1951 4457 2100 4512 homo

514 4566 614 4605 non
637 4549 859 4602 timebat.
892 4579 962 4588 —
988 4549 1097 4602 Hoc
1128 4549 1244 4602 loco
1270 4549 1545 4618 insurgunt
1567 4549 1618 4602 in
1648 4563 1746 4603 nos
1771 4549 2012 4618 gentiles,
2046 4558 2103 4603 et

521 4640 571 4694 id
599 4639 734 4694 falso
759 4639 862 4693 dici
892 4637 1251 4702 contendunt;
1284 4654 1387 4692 non
1425 4639 1568 4692 enim
1601 4654 1698 4693 nos
1722 4639 1907 4695 bestiis
1933 4639 2104 4695 domi-

515 4749 742 4798 namur;
792 4732 922 4801 ipsas
971 4731 1123 4786 nobis
1168 4731 1342 4800 potius
1393 4730 1732 4786 dominantur
1773 4732 2102 4802 multumque

517 4836 718 4880 metum
752 4823 1014 4892 injiciunt.
1049 4822 1189 4877 Sane
1226 4821 1437 4892 quidem
1468 4821 1571 4877 hoc
1611 4838 1796 4877 verum
1842 4838 1948 4878 non
1976 4832 2099 4877 est:

515 4916 715 4971 sufficit
738 4916 880 4970 enim
909 4915 975 4969 ad
1006 4914 1227 4968 bestiam
1259 4913 1570 4983 abigendam
1603 4914 1645 4968 si
1673 4913 1832 4967 facies
1874 4911 2104 4967 humana

514 5019 823 5079 compareat
861 5027 874 5063 :
926 5016 1104 5063 tantus
1143 5008 1194 5061 in
1237 5021 1328 5062 eas
1377 5023 1408 5062 a
1450 5007 1606 5061 nobis
1645 5007 1804 5060 timor
1844 5007 2099 5061 dimanat.

515 5101 670 5168 Quod
714 5099 882 5154 sicubi
911 5098 975 5153 ad
1016 5113 1074 5153 se
1104 5097 1435 5152 ulciscendas
1464 5098 1716 5167 impetum
1745 5098 1959 5164 faciant,
1992 5100 2104 5155 sive

515 5194 656 5247 fame
687 5199 930 5260 cogente,
963 5191 1076 5245 sive
1097 5189 1234 5259 quod
1257 5189 1464 5259 nosipsi
1490 5205 1580 5244 eas
1603 5189 1654 5244 in
1685 5190 1950 5259 angustias
1979 5191 2103 5246 red-

517 5283 745 5354 igamus,
786 5281 970 5351 eisque
998 5281 1104 5334 vim
1150 5280 1467 5343 inferamus,
1517 5281 1618 5334 hoc
1671 5297 1798 5336 vero
1840 5282 2105 5353 perfecms

517 5391 623 5429 non
654 5382 736 5428 est
761 5373 1085 5427 dominatus.
1113 5371 1294 5442 Neque
1316 5373 1458 5426 enim
1481 5372 1524 5427 si
1565 5373 1684 5442 quis
1714 5384 1951 5428 nostrum
1979 5375 2106 5432 visis

519 5463 818 5519 latronibus
845 5464 1098 5535 impetum
1130 5461 1442 5518 facientibus
1467 5475 1723 5544 armetur,
1764 5474 1819 5520 et
1845 5466 1912 5521 ad
1937 5483 1995 5523 se
2022 5469 2105 5522 ul-

520 5557 826 5613 cisecudum
854 5574 912 5613 se
941 5567 1251 5628 comparet,
1291 5557 1593 5614 dominatus
1618 5559 1870 5629 appellari
1901 5577 1984 5617 res
2017 5563 2105 5618 illa

523 5658 694 5716 potest
721 5691 735 5714 ,
768 5649 858 5704 sed
893 5649 1118 5719 propria:
1149 5649 1337 5705 salutis
1363 5649 1571 5724 tuenda:
1597 5650 1896 5706 sollicitudo
1925 5670 1938 5705 :
1967 5661 2103 5707 atta-

524 5757 644 5797 men
675 5758 779 5796 non
811 5743 933 5798 inde
957 5758 1138 5813 quer
1164 5743 1546 5814 defensionem,
1570 5744 1662 5802 sed
1688 5745 1920 5814 aliunde,
1944 5761 2100 5818 quam

1207 301 1264 357 S.
1309 298 1588 357 JOANNIS
1625 289 2100 352 CIIRYSOSTOMI
2168 290 2488 347 ARCIIIEP.
2528 294 3068 354 CONSTANTINOP.

3647 304 3750 360 ειη

2169 406 2317 460 vobis
2345 407 2475 462 utile
2503 407 2662 465 fuerit
2690 409 2942 466 audiisse.
2974 412 3248 469 Timemus
3275 414 3472 471 bestias
3499 431 3564 473 ac
3591 419 3753 474 refor-

2168 498 2447 567 midamus,
2475 509 2634 570 atque
2658 501 2930 558 dominatu
2954 504 3285 560 excidimus:
3312 523 3418 563 non
3447 525 3618 580 nego;
3650 514 3754 568 imo

2168 603 2360 660 sponte
2384 592 2684 649 confiteor:
2715 610 2819 650 non
2864 605 3040 652 tamen
3081 598 3134 653 id
3172 600 3482 656 mendacem
3515 617 3636 657 esse
3667 604 3753 660 Dei

2170 682 2339 752 legem
2366 686 2618 740 ostendit.
2646 686 2759 740 Non
2787 688 2926 742 enim
2958 688 3029 743 ita
3059 705 3118 745 se
3144 705 3229 745 res
3261 691 3529 747 habebant
3554 709 3584 746 a
3614 696 3757 764 prin-

2171 775 2343 845 cipio,
2389 777 2483 831 sed
2529 778 2835 834 metuebant
2872 788 2927 834 et
2963 783 3302 848 tremebant,
3349 799 3515 855 seque
3558 785 3757 842 homini

2173 875 2440 938 tamquam
2487 867 2704 924 domino
2745 870 3130 927 suhntittebant
3160 891 3174 926 :
3203 874 3454 944 quoniam
3485 887 3663 936 autem
3695 878 3754 930 fi-

2172 959 2326 1014 ducia
2373 970 2428 1014 et
2468 960 2672 1018 honore
2709 963 3041 1030 excidimus,
3085 964 3284 1020 idcirco
3327 967 3446 1022 illas
3493 969 3754 1024 timemus.

2174 1051 2328 1107 Unde
2351 1067 2478 1107 vero
2503 1053 2554 1106 id
2581 1055 2830 1108 constat?
2857 1055 3082 1109 Adduxit
3110 1057 3293 1111 bestias
3321 1059 3390 1110 ad
3413 1059 3579 1112 Adam
3603 1059 3759 1126 Deus,

2175 1152 2232 1196 ut
2257 1142 2447 1198 videret
2475 1143 2597 1214 quid
2621 1153 2817 1198 vocaret
2844 1162 2933 1200 eas
2957 1145 3111 1215 (Gen.
3135 1147 3188 1199 2.
3220 1148 3310 1219 l9)
3335 1166 3350 1202 :
3375 1165 3549 1219 neque
3580 1151 3764 1206 resiliit

2177 1232 2345 1286 Adam
2373 1234 2524 1303 quasi
2558 1234 2747 1290 timore
2775 1245 3052 1306 correptus
3075 1278 3090 1301 ,
3124 1238 3218 1292 sed
3244 1247 3510 1311 tamquam
3538 1243 3766 1298 subditis

2176 1323 2279 1376 sibi
2313 1325 2481 1377 servis
2509 1325 2722 1380 nomina
2759 1328 2964 1381 cunctis
2992 1327 3264 1398 imposuit.
3298 1332 3411 1387 Hoc
3435 1347 3567 1388 vero
3592 1333 3764 1388 domi-

2180 1423 2334 1467 natus
2375 1426 2457 1468 cst
2502 1414 2770 1468 indicium.
2819 1416 3177 1484 Quamobrem
3215 1422 3399 1476 volens
3432 1424 3594 1478 etiam
3629 1424 3767 1479 Deus

2181 1520 2274 1574 per
2305 1505 2404 1559 hoc
2435 1505 2506 1558 illi
2534 1521 2645 1560 sua:
2673 1509 2950 1577 potestatis
2978 1511 3259 1567 ostendere
3290 1513 3602 1581 dignitatem
3623 1557 3640 1581 ,
3668 1531 3766 1569 no-

2184 1599 2384 1650 tninum
2432 1597 2823 1668 impositionem
2868 1601 2966 1670 ipsi
3015 1605 3290 1672 permisit,
3323 1615 3483 1675 atque
3523 1607 3768 1677 imposita

2183 1689 2284 1742 illis
2325 1692 2536 1744 nomina
2583 1692 2634 1744 in
2682 1692 2760 1747 eis
2805 1707 2873 1747 ex
2919 1693 3010 1747 illo
3056 1705 3298 1764 tempore
3339 1711 3767 1765 permanserunt.

2187 1779 2349 1835 Omne
2374 1782 2513 1836 enim
2536 1783 2670 1852 quod
2690 1785 2880 1837 vocavit
2900 1783 3087 1851 Adam,
3111 1787 3205 1840 hoc
3228 1803 3411 1842 nomen
3430 1788 3556 1854 illis,
3582 1790 3768 1860 inquit.

2186 1871 2363 1942 Itaque
2395 1889 2554 1926 unum
2584 1873 2682 1928 hoc
2712 1874 2962 1930 indicium
2990 1885 3071 1930 est
3113 1876 3180 1932 ab
3218 1877 3369 1933 initio
3395 1878 3535 1935 feras
3567 1879 3765 1936 homini

2187 1963 2450 2018 terribiles
2477 1979 2580 2018 non
2608 1963 2768 2020 fuisse
2798 1982 2812 2019 :
2835 1966 3060 2020 alterum
3087 1982 3215 2024 vero
3238 1970 3397 2023 etiam
3419 1971 3588 2040 priori
3605 1973 3769 2025 mani-

2186 2055 2372 2112 festius
2400 2065 2518 2123 est,
2553 2059 2818 2127 serpentis
2860 2059 3180 2130 colloquium
3216 2076 3336 2116 cum
3367 2063 3612 2118 muliere.
3641 2064 3770 2120 Nam

2183 2150 2226 2202 si
2254 2150 2516 2205 terribiles
2533 2149 2834 2204 hominibus
2852 2150 3073 2206 fuissent
3094 2152 3296 2219 bestiae,
3319 2155 3508 2210 mulier
3524 2169 3773 2227 serpente

2184 2254 2470 2314 conspecto
2488 2260 2592 2298 non
2609 2246 2911 2310 mansisset,
2931 2262 3112 2300 verum
3129 2247 3447 2318 aufugisset;
3467 2264 3642 2318 neque
3657 2265 3775 2304 con-

2185 2338 2358 2391 silium
2390 2336 2689 2392 admisisset
2709 2339 2748 2403 ¹,
2789 2354 2958 2408 neque
2988 2349 3129 2394 tanta
3159 2355 3278 2394 cum
3305 2341 3594 2396 securitate
3623 2343 3774 2397 collo-

2185 2436 2345 2496 quuta
2367 2443 2488 2482 cum
2513 2427 2600 2481 illo
2628 2427 2830 2492 fuisset,
2853 2428 2947 2484 sed
2973 2429 3252 2485 confestim
3273 2433 3336 2484 ad
3361 2440 3636 2498 aspectum
3664 2433 3772 2500 ejus

2186 2518 2547 2588 obstupefacta
2573 2518 2891 2589 profugisset
2916 2537 2929 2570 :
2952 2519 3062 2590 jam
3089 2535 3217 2575 vero
3236 2529 3289 2575 et
3307 2521 3652 2591 colloquitur,
3678 2538 3771 2577 nec

2189 2611 2535 2677 reformidat,
2564 2611 2704 2681 quod
2735 2612 2969 2666 nondum
2997 2612 3086 2666 ille
3111 2612 3270 2666 timor
3291 2623 3455 2668 esset.
3491 2613 3768 2683 Pestquatu

2190 2711 2366 2756 autem
2411 2710 2683 2771 peccatum
2729 2703 2981 2767 intravit,
3011 2702 3238 2772 dignitas
3276 2704 3435 2757 etiam
3468 2713 3549 2759 est
3581 2703 3770 2757 ablata.
3801 2759 3821 2778 η

2190 2794 2256 2848 Ει
2285 2793 2422 2849 sicut
2450 2792 2590 2848 inter
2617 2792 2846 2849 famulos
2871 2795 2960 2864 qui
2989 2795 3325 2850 honestiores
3351 2805 3475 2850 sunt
3503 2804 3559 2850 et
3585 2797 3772 2851 clario-

2190 2900 2297 2950 res,
2321 2885 2592 2940 conservis
2614 2885 2724 2940 suis
2747 2887 2937 2941 terrori
2964 2897 3108 2950 sunt,
3135 2889 3224 2957 qui
3245 2897 3422 2943 autem
3447 2886 3770 2943 offenderunt

2193 2976 2400 3041 herum,
2425 2991 2713 3032 conservos
2740 2978 2927 3032 timent
2951 2996 2962 3030 :
2987 2979 3064 3032 sic
3084 2989 3136 3033 et
3162 2978 3360 3033 homini
3383 2981 3624 3049 contigit.
3651 2979 3772 3033 Nam

2191 3068 2318 3122 dum
2362 3068 2548 3122 fiducia
2589 3069 2724 3140 apud
2771 3070 2933 3124 Deum
2966 3071 3109 3124 salva
3144 3071 3376 3136 mansit,
3411 3072 3661 3126 terribilis
3688 3073 3774 3125 fuit

2192 3162 2378 3217 bestiis
2406 3179 2419 3214 :
2450 3171 2726 3231 postquam
2753 3172 2928 3217 autem
2957 3162 3198 3228 offendit,
3223 3164 3384 3220 etiam
3413 3165 3630 3218 ultimas
3657 3179 3775 3218 cou-

2193 3266 2471 3306 servorum
2515 3252 2766 3322 deinceps
2805 3254 2993 3307 timuit.
3037 3253 3188 3321 Quod
3223 3255 3267 3309 si
3304 3255 3407 3310 hoc
3445 3256 3516 3310 ita
3544 3271 3648 3310 non
3673 3257 3772 3322 sit,

2194 3344 2416 3399 ostende
2458 3355 2511 3398 tu
2559 3345 2685 3400 mihi
2727 3343 2891 3400 fuisse
2937 3346 3199 3401 terribiles
3242 3344 3548 3402 hominibus
3589 3347 3776 3402 bestias

2195 3449 2319 3492 ante
2347 3446 2620 3507 peccatum
2651 3456 2664 3492 :
2689 3438 2830 3508 atqui
2862 3453 2964 3493 non
2993 3439 3210 3507 poteris.

2267 3527 2442 3582 Timor
2478 3529 2748 3581 bestiarum
2789 3530 2926 3582 utilis
2971 3529 3182 3582 homini.
3232 3557 3299 3568 —
3327 3529 3479 3597 Quod
3516 3531 3560 3585 si
3604 3541 3777 3599 postea

2196 3619 2359 3674 subiit
2389 3619 2544 3674 timor
2567 3661 2582 3684 ,
2616 3619 2717 3674 hoc
2742 3621 2900 3674 etiam
2937 3621 3310 3676 sollicitudinis
3343 3623 3549 3676 Domini
3577 3632 3660 3678 est
3697 3640 3778 3677 ar-

2197 3721 2526 3782 gumentum.
2555 3712 2686 3767 Nam
2713 3715 2755 3766 si
2788 3722 2906 3783 post
2936 3713 3137 3768 homini
3165 3715 3337 3769 traditi
3361 3731 3390 3767 a
3415 3715 3524 3770 Deo
3547 3717 3780 3772 mandati

2200 3805 2672 3876 transgressionem
2706 3806 2908 3876 integer
2933 3806 2984 3859 in
3016 3822 3138 3861 eum
3165 3821 3196 3860 a
3227 3807 3336 3862 Deo
3362 3807 3584 3862 collatus
3618 3807 3782 3862 honor

2199 3899 2488 3953 mansisset
2514 3897 2786 3963 immotus,
2813 3898 2951 3952 haud
2982 3897 3134 3954 facile
3155 3913 3183 3952 a
3210 3899 3358 3967 lapsu
3390 3899 3779 3954 resurrexissct.

2200 3992 2424 4061 Quando
2458 3992 2598 4048 enim
2630 4004 2684 4048 et
2723 3992 3090 4050 inobedientes
3119 4004 3174 4049 et
3205 3993 3515 4050 obedientes
3546 3996 3657 4064 pari
3688 3995 3780 4050 hoc

2202 4100 2333 4140 norc
2371 4085 2650 4150 fruttntur,
2680 4085 2746 4140 ad
2793 4085 3186 4155 improbitatem
3226 4087 3538 4143 erudiuntur
3579 4087 3780 4159 magis.

2203 4192 2376 4247 neque
2404 4176 2558 4233 facile
2587 4193 2615 4231 a
2647 4178 2775 4232 vitio
2800 4177 3086 4234 desistunt.
3119 4179 3173 4235 Si
3205 4181 3350 4234 enim
3388 4181 3499 4250 jam
3524 4196 3649 4237 eum
3679 4191 3780 4236 ter-

2202 4285 2354 4326 rores
2395 4279 2447 4325 et
2490 4285 2663 4340 poena:
2705 4285 2769 4326 ac
2811 4259 3070 4342 supplicia
3117 4274 3433 4340 imminent,
3475 4275 3784 4346 resipiscere

2206 4378 2312 4416 non
2341 4361 2644 4433 dignantur,
2674 4363 2860 4431 quales
2890 4364 3116 4419 fuissent
3143 4365 3188 4418 si
3215 4363 3346 4419 nihil
3371 4379 3532 4435 grave
3561 4380 3659 4434 pro
3685 4366 3786 4421 suis

2203 4455 2412 4511 delictis
2438 4457 2576 4525 passi
2606 4457 2824 4511 essent?
2853 4457 3034 4524 Itaque
3063 4457 3217 4512 nobis
3245 4457 3550 4513 dominatus
3577 4459 3653 4514 ob
3681 4460 3784 4514 sin-

2202 4547 2440 4616 gularem
2485 4547 2652 4601 nostri
2699 4561 2880 4601 curam
2929 4555 2983 4601 et
3028 4547 3439 4604 sollicitudinem
3483 4563 3512 4603 a
3558 4549 3672 4605 Deo
3715 4558 3788 4604 est

2205 4638 2432 4694 ablatus.
2461 4637 2540 4692 Tu
2566 4654 2692 4693 vero
2718 4638 2804 4693 hic
2825 4654 3034 4708 quoque
3059 4638 3380 4695 ineffabilem
3409 4641 3526 4710 ejus
3553 4640 3786 4711 benigni-

2209 4743 2368 4788 tatem
2408 4732 2706 4787 considcra.
2749 4731 3023 4801 Siquidem
3066 4732 3233 4787 Adam
3275 4742 3444 4788 totum
3486 4731 3786 4789 mandatum

2208 4823 2441 4886 violavit,
2469 4838 2532 4877 ac
2560 4824 2727 4893 legem
2761 4832 3126 4892 transgressus
3155 4833 3238 4878 est
3263 4841 3277 4874 :
3311 4823 3451 4880 Deus
3478 4834 3663 4879 autem
3693 4841 3788 4879 non

2210 4925 2376 4971 totum
2423 4918 2678 4971 honorem
2717 4916 2972 4982 sustulit,
3007 4931 3175 4986 neque
3217 4925 3327 4971 tota
3369 4933 3493 4972 eum
3534 4927 3789 4987 potestate

2209 5011 2428 5080 deiecit,
2455 5010 2549 5066 sed
2579 5026 2640 5066 ea
2667 5009 2944 5066 dumtaxat
2966 5011 3033 5065 ab
3057 5011 3174 5080 ejus
3205 5012 3429 5080 imperio
3453 5015 3656 5069 exemit
3681 5014 3786 5068 auio

2211 5105 2366 5159 malia
2392 5145 2406 5170 ,
2433 5119 2551 5173 qua:
2579 5119 2682 5158 non
2715 5105 2940 5158 multum
2965 5103 3034 5158 ad
3062 5103 3219 5174 hujus
3247 5113 3367 5160 vute
3397 5105 3697 5176 subsidium
3721 5105 3788 5160 illi

2209 5198 2513 5253 conducunt
2538 5215 2550 5250 :
2579 5212 2696 5266 qua:
2726 5212 2857 5252 vero
2883 5198 3185 5253 necessaria
3207 5207 3334 5252 sunt
3355 5207 3413 5253 et
3437 5198 3585 5254 utilia
3607 5241 3624 5266 ,
3650 5213 3788 5269 qum-

2210 5305 2314 5360 que
2343 5291 2565 5345 multum
2592 5291 2885 5346 inserviunt
2912 5291 3030 5344 vita:
3059 5299 3254 5347 nostrm
3273 5333 3288 5356 ,
3319 5305 3381 5345 ea
3409 5290 3622 5346 subdita
3649 5289 3788 5345 nobis

2211 5399 2330 5439 esse
2357 5383 2616 5452 permisit.
2641 5382 2808 5440 Boum
2833 5382 2986 5437 nobis
3013 5384 3223 5453 reliquit
3246 5395 3511 5448 armenta,
3535 5393 3595 5436 ut
3613 5397 3788 5437 vome-

2212 5493 2322 5533 rem
2354 5477 2658 5544 trabamus,
2687 5487 2745 5531 ut
2771 5485 2963 5532 terram
2995 5477 3261 5532 sulcemus
3280 5518 3296 5544 ,
3326 5487 3384 5531 ut
3409 5477 3616 5532 semina
3645 5486 3788 5532 terrae

2214 5697 2468 5811 ῒέὥεη
2494 5707 2651 5765 Neque
2675 5697 2924 5750 consilium
2946 5696 3072 5751 illud
3091 5699 3271 5749 dtu-um
3290 5703 3338 5749 ei
3353 5695 3682 5760 perniciosior:
3703 5691 3788 5742 att-
