4028 6360
178 420 282 473 591

176 534 450 589 οὐκέστιν
474 535 688 607 ἀνάγκη
736 535 876 608 πρὸς
921 536 1048 600 τοὺς
1088 535 1355 607 ζοφεροὺς
1385 536 1485 606 τῆς
1516 534 1757 588 ἀϐύσσου

177 624 419 687 κόλπους
478 625 889 695 κατενεχθῆναι,
933 625 1057 678 οὐδὲ
1099 626 1308 679 ὑδάτων
1359 625 1571 694 ἀλόγων
1608 623 1755 695 ῥύμῃ

175 710 282 781 τὴν
312 710 407 777 τοῦ
442 716 689 781 σώματος
712 713 1002 783 ἐπιτρέψαι
1020 713 1312 785 σωτηρίαν·
1331 712 1467 766 ἀλλά
1499 712 1636 765 πολὺ
1660 712 1759 782 μέν

178 797 422 855 ἐνταῦθα
448 798 510 849 τὸ
536 799 672 865 φῶς,
710 799 807 852 καὶ
841 798 1021 853 αὐτῶν
1062 800 1171 852 τῶν
1216 799 1451 852 ἀκτίνων
1475 798 1759 868 φαιδρότε-

184 900 301 953 ρον,
330 882 500 953 πολλὴ
521 884 634 954 δὲή
669 884 901 956 γαλήνη,
938 887 1088 939 πᾶσα
1120 886 1180 938 δέ
1220 884 1467 941 ἐκποδὼν
1516 885 1757 956 ταραχὴ,

181 973 416 1026 καὶτῶν
447 973 845 1043 εὑρισκομένων
877 973 1129 1028 τοσοῦτον
1147 974 1210 1028 τὸ
1243 974 1456 1045 κέρδος,
1495 976 1618 1027 ὅσον
1640 974 1761 1027 οὐδὲ

178 1060 327 1130 λόγῳ
360 1060 710 1131 παραστῆσαι
734 1061 980 1116 δυνατόν.
1010 1060 1104 1133 Μὴ
1141 1062 1322 1116 τοίνυν
1358 1062 1759 1133 ἀποκάμωμεν,

181 1146 301 1200 ἀλλ’
335 1148 774 1217 ἐπιχειρήσωμεν
795 1150 861 1218 τῇ
897 1147 1146 1219 ζητήσει.
1187 1147 1489 1203 Ἠκούσατε
1523 1149 1606 1202 ὅτι
1636 1148 1759 1203 κατ’

181 1232 372 1285 εἰκόνα
415 1232 549 1285 Θεοῦ
596 1234 851 1303 ἐποίησεν
891 1234 920 1285 6
969 1234 1099 1297 Θεὸς
1131 1234 1224 1288 τὸν
1251 1234 1556 1305 ἄνθρωπον
1591 1236 1687 1288 καὶ
1711 1234 1763 1288 τί

182 1317 317 1371 ποτέ
347 1320 462 1370 ἐστι
484 1318 545 1370 τὸ
570 1318 708 1372 Κατ’
732 1320 939 1372 εἰκόνα
961 1319 1119 1375 τοῦτο
1158 1321 1259 1374 καὶ
1309 1324 1440 1374 καθ’
1476 1322 1764 1388 ὁμοίωσιν

182 1405 507 1474 εἰρήκαμεν·
540 1404 688 1477 [636]
714 1406 794 1459 ὅτι
822 1407 923 1459 οὐκ
967 1407 1156 1471 οὐσίας
1202 1408 1598 1479 ἀπαραλλαξία,
1647 1408 1762 1462 ἀλλ’

183 1491 363 1562 ἀρχῆς
383 1492 636 1561 ὁμοιότης
670 1504 720 1532 ι’
749 1492 812 1546 τὸ
832 1492 910 1559 δὲ,
935 1496 1078 1549 Καθ’
1120 1494 1429 1564 ὁμοίωσιν,
1458 1494 1519 1548 τὸ
1550 1496 1760 1566 ἥμερον

182 1574 328 1629 εἶναι
372 1579 466 1630 καὶ
512 1579 708 1648 πρᾶον,
748 1580 841 1632 καὶ
887 1582 966 1643 είς
1005 1580 1233 1651 δύναμιν
1268 1581 1652 1653 ἐξομοιοῦσθαι
1684 1582 1764 1653 τῷ

182 1663 305 1733 Θεῷ
342 1664 484 1717 κατά
497 1665 585 1717 τὸν
601 1665 704 1735 τῆς
731 1665 932 1737 ἀρετῆς
959 1666 1133 1736 λόγον,
1163 1668 1238 1732 ὥς
1259 1687 1421 1740 φησιν
1453 1672 1482 1723 6
1507 1670 1761 1742 Χριστός

183 1752 444 1805 Γίνεσθε
459 1751 645 1821 ὅμοιοι
675 1753 781 1808 τοῦ
804 1755 1035 1822 Πατρός
1049 1773 1170 1824 μου
1200 1755 1306 1810 τοῦ
1342 1759 1411 1811 ἐν
1436 1758 1560 1824 τοῖς
1585 1761 1764 1827 οὐρα-

183 1840 337 1907 νοῖς.
371 1841 638 1913 Καθάπερ
665 1842 772 1913 γάρ
804 1844 863 1896 ἐν
895 1845 959 1914 τῇ
992 1846 1063 1916 γῇ
1107 1847 1172 1917 τῇ
1226 1845 1457 1917 πλατείᾳ
1478 1847 1572 1900 καὶ
1600 1848 1764 1918 εὐρυ-

183 1927 350 1998 χώρῳ
376 1926 551 2001 ταύτῃ
585 1927 694 1983 τῶν
716 1928 870 1994 ζώων
893 1930 964 1983 τά
1010 1931 1110 2001 μέν
1152 1932 1291 1985 εἰσιν
1324 1933 1660 2001 ἀλογώτερα,
1692 1933 1766 1987 τά

180 2016 239 2068 δὲ
271 2015 697 2088 θηριωδέστεραο
735 2015 880 2071 οὕτω
900 2018 993 2071 καὶ
1021 2021 1080 2071 ἐν
1115 2019 1192 2091 τῷ
1219 2020 1412 2073 πλάτει
1439 2021 1536 2091 τῆς
1566 2021 1766 2092 ήμετέ-

181 2122 289 2176 ρας
316 2105 520 2176 ψυχῆς,
552 2105 661 2158 τῶν
705 2105 980 2178 λογισμῶν
1004 2109 1058 2161 οἱ
1101 2110 1201 2177 μὲν
1243 2111 1383 2163 εἰσὶν
1433 2109 1765 2181 ἀλογώτεροι

182 2192 278 2245 καὶ
310 2192 630 2263 κτηνώδεις,
660 2194 710 2245 οἱ
733 2194 790 2247 δὲ
817 2194 1235 2267 θηριωδέστεροι
1279 2198 1373 2250 καὶ
1414 2197 1761 2268 ἀγριώτεροι.

180 2282 275 2332 Δεῖ
296 2280 483 2334 τοίνυν
526 2281 708 2335 αὐτῶν
756 2284 979 2353 κρατεῖν
1009 2282 1104 2335 καὶ
1134 2283 1538 2354 περιγίνεσθαι,
1565 2285 1660 2338 καὶ
1687 2285 1765 2356 τῷ

181 2366 432 2438 λογισμῷ
463 2368 564 2439 τὴν
586 2368 791 2421 τούτων
820 2369 996 2441 ἀρχὴν
1020 2370 1391 2441 παραδιδόναι.
1421 2372 1533 2425 Καὶ
1565 2372 1683 2435 πῶς
1699 2372 1765 2425 ἄν

180 2474 267 2520 τις
288 2456 632 2528 περιγένοιτο
658 2457 918 2528 λογισμοῦ
949 2459 1270 2531 θηριώδους,
1289 2460 1421 2531 φησί
1442 2478 1456 2526 ;
1475 2462 1539 2515 Τί
1563 2462 1763 2531 λέγεις,

180 2542 472 2615 ἄνθρωπε;
499 2544 619 2597 Τῶν
647 2545 876 2598 λεόντων
894 2547 1307 2618 περιγινόμεθα,
1333 2549 1428 2602 καὶ
1455 2548 1555 2612 τάς
1588 2548 1767 2620 ψυχὰς

164 2630 370 2703 αὐτῶν
397 2630 737 2702 ήμεροῦμεν,
772 2632 871 2684 καὶ
903 2633 1273 2703 ἀμφιϐάλλεις
1304 2637 1353 2687 εἰ
1385 2634 1641 2707 λογισμοῦ
1671 2637 1768 2707 θη-

183 2719 411 2790 ριωδίαν
438 2720 575 2789 πρὸς
608 2719 922 2790 ἡμερότητα
951 2720 1154 2793 δυνήσῃ
1183 2722 1541 2792 μεταϐαλεῖν;
1576 2724 1766 2779 Καίτοι

181 2806 264 2876 τῷ
291 2805 469 2858 λέοντι
497 2806 595 2877 μὲν
625 2806 767 2860 κατά
796 2808 956 2877 φύσιν
990 2808 1051 2861 τὸ
1094 2810 1306 2882 ἄγριον,
1342 2812 1492 2882 παρά
1525 2811 1686 2882 φύσιν
1709 2813 1767 2866 δὲ

182 2893 247 2946 τὸ
284 2894 512 2965 ἥμερον·
555 2894 639 2947 σοὶ
692 2894 749 2946 δὲ
783 2893 844 2947 τὸ
903 2896 1167 2961 ἐναντίον,
1219 2898 1361 2951 κατὰ
1392 2898 1554 2967 φύσιν
1587 2900 1686 2971 μὲν
1705 2890 1827 2954 τὸ”“

1863 2983 1936 3036 τά
1963 2982 2064 3052 τῆς
2088 2980 2277 3052 τιμῆς·
2317 2982 2413 3034 καὶ
2443 2979 2692 3050 καθάπερ
2723 2978 2817 3032 ἐπὶ
2842 2978 2949 3030 τῶν
2969 2976 3217 3041 οἰκετῶν,
3249 2977 3298 3028 οί
3354 2974 3453 3044 μὲν

184 2982 483 3053 προσηνὲς,
519 2980 670 3053 παρὰ
710 2981 871 3051 φύσιν
901 2982 959 3035 δέ
995 2984 1027 3053 ή
1058 2983 1341 3055 θηριωδία.
1397 2985 1455 3038 Ὀ
1477 2987 1657 3040 τοίνυν
1697 2988 1762 3040 τὸ

186 3066 333 3122 κατά
365 3067 527 3137 φύσιν
555 3068 856 3133 ἐκϐάλλων,
902 3070 999 3123 καὶ
1040 3069 1103 3123 τὸ
1147 3071 1301 3142 παρά
1351 3072 1514 3142 φύσιν
1532 3074 1769 3137 ἐντιθεὶς

186 3157 255 3225 τῇ
284 3154 382 3208 τοῦ
412 3154 599 3226 θηρίου
614 3155 781 3226 ψυχῇ,
809 3155 867 3209 ἐν
881 3159 948 3228 τῇ
974 3157 1167 3211 ἐαυτοῦ
1194 3158 1338 3230 ψυχῇ
1353 3160 1414 3213 τὸ
1440 3161 1580 3214 κατά
1607 3161 1769 3231 φύσιν

185 3242 250 3296 οὐ
279 3242 485 3315 δυνήσῃ
504 3242 861 3312 διατηρῆσαι;
903 3243 998 3297 καὶ
1040 3244 1211 3316 πόσης
1254 3247 1353 3300 οὐκ
1394 3247 1461 3301 ἂν
1498 3250 1584 3319 εἴη
1612 3250 1770 3304 τοῦτο

190 3328 505 3401 ῥᾳθυμίαςς
542 3330 650 3382 Καὶ
682 3330 777 3382 ἐπί
810 3331 909 3401 μὲν
940 3332 1040 3402 τῆς
1066 3332 1175 3385 τῶν
1210 3332 1446 3387 λεόντων
1478 3336 1657 3407 ψυχῆς
1676 3337 1771 3391 καὶ

187 3416 360 3488 ἑτέρα
390 3416 642 3468 δυσκολία
682 3416 822 3486 μετά
847 3416 1047 3488 ταύτης
1079 3418 1215 3472 ἐστί’
1244 3420 1520 3489 λογισμῶν
1549 3424 1657 3497 γάρ
1683 3426 1772 3478 ἐσ-

186 3519 277 3557 τιν
304 3503 511 3575 ἕρημος
544 3503 572 3543 ιι
607 3504 641 3575 η
667 3503 762 3556 τοῦ
786 3502 975 3575 θηρίου
1005 3505 1170 3576 ψυχή.
1223 3506 1364 3562 Ἀλλ’
1395 3510 1545 3580 ὅμως
1592 3512 1773 3583 ἐωρά-

188 3607 328 3645 κατε
358 3589 618 3653 πολλάκις
659 3590 881 3655 λέοντας
932 3592 1220 3664 προϐάτων
1256 3597 1646 3668 ἡμερωτέρους
1682 3599 1772 3653 διὰ

188 3680 295 3749 τῆς
322 3677 532 3749 ἀγορᾶς
555 3678 876 3749 ἀγομένους,
901 3681 997 3733 καὶ
1013 3680 1202 3734 πολλοὶ
1229 3683 1338 3735 τῶν
1369 3684 1427 3736 ἐν
1470 3688 1584 3749 τοῖς
1604 3687 1772 3757 ἐργα-

192 3764 440 3834 στηρίοις
474 3763 734 3835 ἀργύριον
761 3765 1022 3829 πολλάκις
1050 3768 1350 3823 κατέϐαλον
1369 3771 1447 3840 τῷ
1464 3773 1770 3843 κατέχοντι,

194 3850 392 3921 μισθόν
420 3868 539 3903 τινα
562 3852 661 3922 τῆς
682 3850 877 3922 τέχνης
897 3853 993 3907 καὶ
1018 3856 1118 3924 τῆς
1162 3856 1372 3924 σοφίας,
1402 3858 1469 3911 δι’
1492 3854 1559 3930 ἧς
1583 3861 1645 3912 τὸ
1676 3860 1774 3933 θη-

194 3938 313 4009 ρίον
346 3937 655 4009 ἡμέρωσεν*
698 3940 792 3993 ἐπὶ
827 3939 885 3993 δὲ
914 3941 1013 4008 τῆς
1046 3944 1145 4011 σῆς
1173 3941 1353 4012 ψυχῆς
1387 3945 1479 3997 καὶ
1514 3946 1776 4017 λογισμός

192 4028 336 4091 ἐστι,
361 4025 455 4078 καὶ
478 4024 612 4078 Θεοῦ
642 4025 825 4095 φόϐος,
862 4027 957 4081 καὶ
984 4028 1152 4099 πολλὴ
1216 4030 1541 4102 πολλαχόθεν
1574 4036 1607 4106 ἡ
1644 4035 1776 4107 βοή-

192 4112 340 4171 θεια.
379 4113 469 4185 Μὴ
510 4114 687 4168 τοίνυν
739 4115 969 4186 σκήψεις
1014 4134 1105 4188 μοι
1148 4118 1273 4187 λέγε
1320 4122 1414 4174 καὶ
1452 4124 1773 4193 προφάσεις.

189 4201 432 4256 Δυνατδν
453 4202 582 4271 γάρ,
616 4202 710 4255 ἐάν
735 4202 916 4275 θέλῃς,
954 4205 1159 4276 ἥμερόν
1194 4223 1254 4259 σε
1283 4204 1426 4262 εἶναι
1464 4211 1558 4264 καὶ
1579 4214 1773 4282 πρᾶον.

191 4289 554 4358 Ποιήσωμεν
577 4290 893 4359 ἄνθρωπον
914 4292 1266 4348 κατέὶκόνα
1280 4296 1381 4349 καὶ
1406 4298 1536 4351 καθ’
1566 4300 1774 4369 ὁμοιω-

188 4390 303 4429 σιν
330 4374 653 4444 ἡμετέραν,
684 4378 783 4430 καὶ
816 4377 1166 4447 ἀρχέτωσαν
1189 4380 1311 4435 τῶν
1333 4385 1572 4451 θηρίων.

267 4519 335 4590 β’.
374 4519 637 4572 Ἐνταῦθα
649 4521 907 4593 Ἕλληνες
924 4524 1054 4593 ἡμῖν
1075 4524 1416 4593 ἐπιφύονται,
1444 4527 1538 4581 καί
1561 4546 1693 4596 φασι
1715 4533 1777 4585 τὸ

190 4606 377 4674 λόγιον
432 4605 741 4675 ψεύδεσθαι·
772 4609 833 4660 οὐ
872 4609 982 4679 γάρ
1032 4612 1196 4682 ἡμεῖς
1244 4614 1484 4685 ἄρχομεν
1528 4617 1637 4669 τῶν
1682 4616 1776 4689 θη-

199 4695 355 4765 ρίων·
387 4692 530 4747 αὐτά
557 4694 713 4763 ἡμῶν
753 4694 933 4766 ἄρχει,
966 4699 1059 4750 καὶ
1105 4698 1306 4771 πολλὴν
1342 4703 1474 4771 ἡμῖν
1518 4704 1775 4775 ἐμϐάλλει

194 4781 300 4849 τὴν
335 4781 591 4847 ἀγωνίαν.
616 4782 865 4836 Μάλιστα
890 4784 987 4853 μὲν
1003 4781 1094 4838 οῦν
1118 4785 1287 4840 τοῦτο
1318 4791 1418 4841 οὐκ
1438 4789 1655 4861 ἀληθές
1685 4793 1779 4863 ἁρ-

197 4870 288 4919 κεῖ
312 4867 425 4936 γάρ
457 4868 697 4938 καὶδψις
726 4870 1038 4943 ἀνθρωπίνη
1074 4876 1305 4941 φανεῖσα
1351 4875 1594 4931 ἐκποδὼν
1622 4880 1779 4950 ποιῆ-

197 4969 293 5005 σαι
326 4952 535 5023 θηρίον’
567 4954 822 5018 τοσοῦτος
856 4957 1047 5021 αὐτοῖς
1075 4961 1190 5013 ἐστι
1221 4960 1354 5031 παρ’
1375 4965 1509 5034 ἡμῖν
1539 4965 1568 5015 6
1588 4965 1773 5034 φόϐος.

196 5041 263 5093 Ei
284 5039 345 5093 δέ
381 5057 483 5093 που
511 5044 649 5108 πρὸς
671 5044 885 5112 ἄμυναν
920 5045 1235 5117 ὁρμήσειεν,
1261 5047 1295 5119 ἢ
1325 5049 1486 5121 λιμοῦ
1511 5069 1778 5122 καταναγ-

197 5125 482 5191 κάζοντος,
519 5128 552 5199 ἢ
579 5128 735 5199 ήμῶν
761 5131 940 5184 αὐτῶν
979 5134 1463 5204 στενοχωρούντων
1490 5139 1776 5207 πολλάκις,

196 5213 296 5266 καὶ
324 5214 463 5283 πρὸς
505 5215 750 5287 ἀνάγκην
791 5216 1208 5289 ἐκϐαλλομένων
1248 5231 1272 5259 α
1312 5223 1477 5289 αὐτὰ,
1504 5225 1662 5280 τοῦτο
1684 5224 1778 5281 οὖν

194 5302 319 5353 οὐκ
345 5300 415 5354 ἂν
457 5302 544 5372 εῐη
587 5304 761 5376 ἀρχῆς
792 5306 1225 5379 ἀπηρτισμένης.
1276 5311 1412 5364 Οὐδὲ
1451 5312 1580 5384 γὰρ,
1617 5314 1672 5367 εί
1692 5333 1779 5379 τις

197 5387 357 5457 ἡμῶν
391 5386 596 5460 λῃστὰς
618 5392 868 5458 ἐπιόντας
886 5393 1031 5464 ὁρῶν
1058 5394 1353 5459 όπλίζοιτο,
1384 5400 1478 5452 καὶ
1508 5401 1643 5472 πρὸς
1678 5403 1779 5475 τὴν

196 5475 414 5544 ἄμυναν
439 5477 661 5548 χωροίη,
685 5480 859 5551 ἀρχῆς
880 5481 939 5535 τὸ
965 5483 1197 5554 πρᾶγμά
1221 5486 1388 5551 ἐστιν,
1421 5487 1556 5543 ἀλλά
1576 5490 1680 5562 τῆς
1700 5494 1778 5545 οἱ·

265 5729 290 5802 ς
523 5731 781 5802 ὁμοιότητι,
793 5735 899 5802 ἀλλ]
918 5736 1064 5798 ἀρχῆς
1084 5738 1266 5801 ἀξίωμα
1292 5740 1408 5802 Reg.

262 5786 291 5866 ξ
318 5786 588 5866 ἓξςρστί.
619 5786 813 5863 ιιοςὶδε
835 5786 1262 5859 αύτηξηᾸογισιιῶν
1285 5786 1683 5866 ἐρὴῖέοςῠπάρχει.
1759 5858 1764 5863 ,

264 5851 290 5880 τ
315 5849 817 5913 Βεαέκκαλουμενων.

513 5931 775 5994 Ριιτιιοι..
820 5936 936 5999 Gn.
987 5938 1140 6001 LIV.

1371 418 1439 473 1N
1462 413 1773 473 GENES'IH
1814 414 2045 473 εειιιιο
2084 416 2172 473 ΙΙΙ.

3331 420 3438 474 592

1864 535 2021 598 κείας
2066 534 2341 608 σωτηρίας
2374 537 2542 609 πολλὴ
2591 537 2836 610 πρόνοια·
2877 534 3015 606 πλὴν
3064 536 3164 590 οὐκ
3195 537 3441 595 ἐντεῦθεν

1848 622 2117 692 »ποιοῦμαι
2150 625 2248 691 τὴν
2282 625 2601 693 ἀπολογίαν,
2660 625 2775 678 ἀλλ’
2836 624 3118 695 ἑτέρωθεν,
3176 625 3298 678 ὅθεν
3349 629 3445 680 καὶ

1859 708 1987 778 ύμῖν
2019 710 2285 781 χρήσιμον
2317 711 2565 765 ἀκοῦσαι.
2606 711 2919 782 Φοϐοὐμεθα
2952 712 3021 764 τά
3050 712 3213 784 θηρία
3244 713 3337 765 καὶ
3362 713 3445 766 δε-

1850 795 2136 866 δοίκαμεν,
2168 798 2262 851 καὶ
2292 799 2395 867 τῆς
2425 799 2598 869 ἀρχῆς
2625 798 3079 867 ἐκπεπτώκαμεν·
3099 798 3199 851 οὐκ
3229 799 3443 852 ἀντιλέ-

1857 899 1961 951 γω·
1984 901 2058 954 φη
2068 884 2127 953 μὶ
2149 885 2242 938 καὶ
2268 885 2451 949 αὐτός·
2474 884 2590 938 ἀλλ’
2614 885 2673 938 οὐ
2704 885 2861 939 τοῦτο
2882 884 3052 955 ψευδῆ
3077 884 3166 937 τὸν
3191 884 3283 937 τοῦ
3309 886 3444 939 Θεσῦ

1860 969 2025 1041 νόμον
2055 971 2311 1026 δείκνυσι.
2366 974 2525 1046 Παρά
2566 973 2676 1044 γάρ
2712 974 2811 1044 τὴν
2856 972 3026 1044 ἀρχὴν
3051 973 3148 1042 οὐχ
3184 973 3327 1027 οὕτω
3372 973 3444 1026 τά

1861 1059 2160 1129 πράγματα
2212 1060 2459 1124 διέκειτο,
2514 1059 2627 1113 ἀλλ’
2678 1060 2932 1113 ἐδεδοίκει
2974 1060 3067 1113 καὶ
3106 1060 3321 1131 ἔτρεμε,
3352 1061 3447 1113 καὶ

1863 1147 2193 1211 ὐπέκυπτεν,
2223 1149 2298 1213 ὡς
2323 1149 2578 1221 δεσπότῃ,
2610 1148 2689 1220 τῷ
2738 1148 3029 1219 ἀνθρώπῳ,
3057 1149 3241 1220 ἐπειδὴ
3267 1150 3323 1203 δὲ
3348 1149 3447 1219 τῆς

1862 1237 2173 1307 παρρησίας
2204 1237 2532 1306 ἐξεπέσομεν
2555 1237 2647 1290 καὶ
2664 1236 2765 1307 τῆς
2790 1238 2973 1306 τιμῆς,
3000 1236 3089 1289 διὰ
3106 1234 3261 1289 τοῦτο
3285 1235 3448 1289 δεδοί-

1861 1339 2036 1393 καμεν
2056 1323 2212 1377 αὐτά.
2234 1322 2384 1395 [657]
2406 1323 2571 1377 Πόθεν
2590 1322 2746 1376 τοῦτο
2765 1322 2921 1392 δῆλον
2942 1340 2956 1389 ;
2989 1324 3237 1392 Ἦγαγειν
3251 1324 3283 1374 ὀ
3304 1320 3450 1387 Θεὸς

1862 1415 2122 1481 τὰνθηρία
2135 1414 2284 1481 πρὸς
2304 1414 2412 1469 τὸν
2439 1413 2639 1483 Ἀδὰμ,
2663 1413 2811 1467 ἰδεῖν
2830 1415 2888 1469 τί
2905 1410 3334 1468 καλέσειαὺτά·
3357 1417 3449 1465 καὶ

1862 1501 1965 1554 οὐκ
1998 1500 2347 1571 ἀπεπήδησεν
2395 1501 2424 1553 ὁ
2486 1501 2677 1571 Ἀδάμ,
2730 1499 2979 1571 καθάπερ
3030 1498 3303 1562 δεδοικὼς,
3332 1498 3449 1554 ἀλλ’

1862 1585 2051 1656 ῶσπερ
2074 1586 2276 1651 δούλοις
2312 1586 2770 1659 ὑποτεταγμένοις
2798 1587 2865 1641 τὰ
2893 1587 3135 1658 ὀνόματα
3177 1586 3449 1655 ἐπέθηκεν

1863 1673 2056 1729 ἅπασι.
2088 1673 2262 1728 Τοῦτο
2282 1674 2339 1727 δέ
2367 1675 2683 1738 δεσποτείας
2711 1673 2775 1727 σύ
2785 1674 3001 1746 μϐολον.
3028 1672 3121 1727 Διὸ
3147 1675 3243 1726 καὶ
3265 1673 3293 1724 6
3318 1673 3451 1736 Θεὸς

1865 1761 2187 1832 βουλόμενος
2230 1762 2380 1833 αὐτῷ
2412 1763 2508 1816 καὶ
2537 1762 2626 1817 διὰ
2668 1762 2858 1816 τούτου
2890 1761 3059 1826 δεῖξαι
3087 1760 3149 1815 τὸ
3172 1762 3273 1830 τῆς
3301 1760 3452 1825 ἐξου-

1865 1849 1986 1911 σίας
2008 1848 2244 1918 ἀξίωμα,
2268 1849 2365 1920 τὴν
2390 1849 2495 1903 τῶν
2519 1849 2800 1920 ὀνομάτων
2821 1848 2969 1919 αὐτῷ
2988 1848 3135 1902 θέσιν
3159 1847 3448 1919 ἐπέτρεψε,

1862 1935 2042 1990 καὶτὰ
2069 1936 2291 1990 τεθέντα
2322 1938 2561 2008 ὀνόματα
2590 1937 2804 2007 ἔμεινεν
2835 1936 2894 2000 ἐξ
2933 1936 3143 1990 ἐκείνου
3177 1937 3258 1998 εἰς
3288 1935 3448 1988 αὐτά.

1861 2022 1993 2080 Πᾶν
2034 2024 2143 2095 γὰρ
2176 2024 2207 2077 ὃ
2228 2024 2526 2078 ἐκάλεσεν
2573 2024 2775 2095 Ἀδὰμ,
2795 2024 2971 2078 τοῦτο
3004 2024 3194 2093 ὄνομα
3219 2021 3447 2087 αὐτοῖς.

1865 2111 2047 2182 φησίν.
2080 2113 2176 2164 Ἓν
2209 2111 2274 2181 δὴ
2307 2111 2466 2165 τοῦτο
2489 2114 2714 2181 σημεῖον
2744 2111 2837 2164 τοῦ
2873 2111 2947 2182 μὴ
2982 2109 3190 2180 φοϐερά
3212 2106 3348 2163 εἶναι
3372 2106 3451 2176 τῷ

1863 2197 2135 2270 ἀνθρώπῳ
2160 2198 2228 2251 τά
2254 2198 2421 2269 θηρία
2449 2197 2602 2269 παρὰ
2627 2196 2726 2268 τὴν
2770 2198 2964 2270 ἀρχήν·
3007 2196 3259 2269 δεύτερον
3278 2196 3335 2249 δὲ
3356 2195 3451 2248 καὶ

1861 2285 1957 2339 τοῦ
1991 2285 2207 2356 πρώτου
2264 2289 2614 2355 σαφέστερον,
2670 2285 2704 2355 ὴ
2764 2285 2902 2355 πρὸς
2933 2282 3032 2352 τὴν
3080 2285 3315 2350 γυναῖκα
3354 2278 3451 2332 τοῦ

1863 2373 2042 2444 ὖφεως
2064 2373 2315 2437 διάλεξις.
2345 2375 2407 2426 Εἰ
2451 2371 2559 2444 γὰρ
2583 2368 2650 2442 ἦν
2683 2371 2891 2442 φοϐερά
2926 2370 2996 2423 τά
3023 2369 3189 2441 θηρία
3213 2371 3326 2431 τοῖς
3352 2370 3451 2421 ἀν-

1864 2459 2123 2531 θρώποις,
2158 2460 2258 2512 οὐκ
2284 2460 2349 2512 ἂν
2376 2458 2557 2511 ἰδοῦσα
2587 2459 2677 2511 τὸν
2708 2459 2828 2527 ϐφιν
2853 2458 3065 2528 ἔμεινεν
3158 2454 3452 2526 γυνὴ.ἀλλ⁹

1864 2546 2066 2617 ἔφυγεν
2092 2547 2179 2601 ἀν·
2211 2548 2312 2599 οὐκ
2344 2546 2409 2599 ἂν
2438 2545 2655 2610 ἐδέξατο
2681 2546 2987 2616 συμϐουλὴν
3008 2545 3058 2608 ἀ,
3085 2545 3186 2598 οὐκ
3218 2544 3285 2597 ἂν
3316 2540 3456 2613 μετά

1864 2633 2132 2705 τοσαύτης
2156 2633 2305 2702 αὐτῷ
2335 2632 2582 2704 διελέχθη
2615 2634 2713 2702 τῆς
2756 2634 2961 2696 ἀδείας,
2988 2631 3103 2685 ἀλλ’
3133 2630 3335 2692 εὐθέως
3387 2630 3453 2682 ἂν

1865 2721 2001 2792 πρὸς
2025 2721 2123 2791 τὴν
2148 2720 2270 2789 ὄψιν
2307 2720 2403 2773 καὶ
2433 2719 2706 2788 ἐξεπλάγη
2746 2720 2839 2772 καὶ
2868 2719 3211 2789 ἀπεπήδησε·
3248 2716 3366 2770 νυνὶ
3395 2716 3453 2768 δὲ

1864 2808 2193 2877 διαλέγεται,
2230 2809 2324 2861 καὶ
2351 2808 2410 2860 ού
2460 2806 2725 2876 φοϐεῖται·
2758 2806 2970 2859 οὐδέπω
3001 2806 3111 2875 γὰρ
3144 2800 3212 2875 ἦν
3238 2806 3266 2857 ὁ
3290 2803 3453 2872 φόϐος

1864 2887 2040 2959 οὗτος.
2075 2894 2215 2947 Ἀλλ’
2244 2892 2485 2964 ἐπειδὴή
2522 2893 2765 2964 ἁμαρτία
2795 2891 3061 2960 εἰσῆλθεν,
3089 2888 3329 2961 ἀνῃρέθη
3361 2889 3454 2939 καὶ

1867 3069 2279 3139 εὐδοκιμοῦντες
2327 3067 2548 3137 φοϐεροὶ
2591 3070 2705 3130 τοῖς
2739 3064 3044 3128 συνδούλοις
3096 3065 3256 3124 εἰσὶν,
3295 3063 3345 3114 οἱ
3394 3062 3452 3115 δὲ

1868 3156 2374 3230 προσκεκρουκότες
2433 3156 2527 3209 καὶ
2571 3157 2699 3219 τοὺς
2753 3152 3076 3224 ὁμοδούλους
3130 3151 3451 3204 δεδοίκασινο

1867 3245 2010 3299 οῦτω
2047 3244 2143 3297 καὶ
2172 3244 2264 3297 ἐπὶ
2314 3243 2407 3296 τοῦ
2440 3241 2729 3314 ἀνθρώπου
2762 3242 3004 3309 γέγονεν.
3039 3238 3185 3301 Ἕως
3217 3237 3314 3308 μὲν
3346 3235 3454 3305 γὰρ

1868 3330 1985 3403 εἶχε
2015 3331 2150 3403 πρὸς
2173 3331 2264 3384 τὸν
2295 3330 2429 3384 Θεὸν
2462 3315 2799 3403 παρρησίαν,
2844 3327 3074 3398 φοϐερὸς
3103 3329 3217 3388 τοῖς
3250 3324 3458 3395 θηρίοις

1868 3417 1958 3491 ἦν·
2000 3420 2187 3491 ἐπειδὴ
2231 3419 2288 3472 δέ
2332 3418 2723 3490 προσέκρουσε,
2748 3417 2843 3469 καλ⁸
2871 3417 2998 3479 τοὺς
3035 3415 3298 3483 ἐσχάτους
3349 3410 3458 3463 τῶν

1870 3508 2172 3580 ὁμοδούλων
2199 3507 2405 3561 δέδοικε
2435 3505 2636 3559 λοιπόν.
2668 3507 2731 3559 Εἰ
2754 3506 2810 3559 δὲ
2832 3505 2905 3576 μὴ
2934 3503 3092 3557 τοῦτό
3114 3506 3251 3565 ἐστι,
3281 3498 3344 3553 σύ
3370 3516 3460 3570 μοι

1869 3596 2039 3661 δεῖξαι
2072 3595 2179 3666 πρὸ
2205 3593 2306 3663 τῆς
2332 3592 2628 3663 ἁμαρτίας,
2652 3593 2734 3645 ὅτι
2776 3589 2985 3661 φοϐερὰ
3013 3592 3125 3653 τοῖς
3150 3587 3459 3660 ἀνθρώποις

1870 3682 1941 3735 τά
1979 3682 2145 3752 θηρία
2170 3677 2259 3752 ἦν·
2286 3680 2400 3733 ἀλλ’
2425 3680 2524 3733 οὐκ
2548 3679 2614 3733 ἂν
2651 3679 2815 3749 ἔχοις.

1944 3772 2008 3825 Εἰ
2038 3771 2094 3823 δὲ
2135 3769 2273 3838 μετὰ
2298 3767 2471 3822 ταῦτα
2522 3767 2768 3837 εἰσῆλθεν
2791 3767 2819 3819 6
2839 3764 3024 3834 φόϐος,
3054 3764 3146 3818 καὶ
3179 3762 3337 3816 τοῦτο
3363 3764 3459 3833 τῆς

1871 3856 1967 3911 τοῦ
2019 3856 2286 3909 Δεσπότου
2321 3855 2665 3926 κηδεμονίας.
2717 3853 2919 3923 Είγάρ
2968 3852 3070 3922 τῆς
3122 3850 3339 3921 ἐντολῆς
3365 3851 3460 3921 τῆς

1874 3945 2119 4015 δοθείσης
2144 3943 2248 3997 ὐπὸ
2279 3942 2371 3995 τοῦ
2415 3940 2547 3995 Θεοῦ
2586 3941 2664 4011 τῷ
2712 3938 2983 4011 ἀνθρώπῳ
3017 3938 3331 4009 κινηθείσης
3370 3938 3460 3989 καὶ

1874 4031 2147 4102 λυθείσης,
2179 4031 2212 4101 ἡ
2237 4030 2423 4100 τιμὴή
2451 4028 2665 4082 δοθεῖσα
2693 4028 2841 4098 αὐτῷ
2875 4027 3027 4099 παρὰ
3057 4026 3148 4079 τοῦ
3183 4026 3315 4078 Θεοῦ
3343 4023 3461 4077 ἀκί-

1874 4136 2033 4189 νητος
2068 4117 2303 4187 ἔμεινεν,
2330 4116 2431 4168 οὐκ
2464 4114 2530 4168 ἂν
2567 4115 2763 4186 ἀνέστη
2800 4114 3015 4185 ῥᾳδίως.
3042 4115 3213 4166 Ὅταν
3234 4112 3343 4184 γάρ
3367 4110 3461 4165 καὶ

1875 4206 2277 4279 παρακούοντες
2308 4206 2357 4258 οἱ
2390 4205 2665 4275 ἄνθρωποι
2692 4203 2889 4275 καὶμὴ
2930 4200 3337 4271 παρακούοντες
3362 4200 3461 4269 τῆς

1875 4296 2046 4366 αὐτῆς
2073 4293 2384 4348 ἀπολαύωσι
2409 4293 2594 4363 τιμῆς,
2624 4288 3096 4363 παιδοτριϐοῦνται
3124 4288 3262 4360 πρὸς
3293 4304 3462 4355 πονη-

1878 4384 1998 4455 ρίαν
2021 4381 2239 4454 μᾶλλον,
2267 4382 2361 4435 καὶ
2383 4381 2483 4434 οὐκ
2510 4379 2748 4444 εὐκόλως
2772 4379 3100 4448 ἀφίστανται
3127 4377 3225 4446 τῆς
3242 4374 3459 4437 κακίας.

1874 4472 1940 4525 Εἰ
1967 4470 2077 4542 γάρ
2105 4469 2200 4523 νῦν
2241 4468 2420 4538 φόϐων
2450 4468 2546 4523 καὶ
2589 4466 2869 4538 τιμωριῶν
2902 4467 2997 4519 καὶ
3029 4464 3303 4518 κολάσεων
3335 4462 3460 4514 ἐπι-

1875 4558 2142 4629 κειμένων
2167 4555 2267 4608 οὐκ
2298 4555 2578 4625 ἀνέχονται
2614 4556 2932 4625 σωφρονεῖν,
2960 4553 3102 4614 τίνες
3137 4551 3203 4604 ἂν
3232 4545 3459 4620 ἦσαν,εξ

1879 4644 2046 4715 μηδὲν
2068 4642 2276 4698 ἔπαθον
2308 4642 2449 4713 ὑπὲρ
2502 4636 2578 4694 ὧν
2631 4640 3015 4711 ἐπλημμέλουν
3040 4638 3263 4702 δεινῶν;
3297 4638 3460 4689 ’Ὥστε

1875 4731 2032 4801 δῆλον
2061 4730 2152 4816 ὅτι
2172 4728 2467 4798 κηδόμενος
2492 4727 2647 4798 ἡμῶν
2684 4728 2777 4782 καὶ
2804 4726 3169 4816 φροντίζων
3194 4724 3344 4787 Θεὸς,
3370 4723 3460 4816 ἐξ-

1882 4817 2076 4873 ἐϐαλεν
2104 4810 2249 4887 η’μᾶς
2284 4815 2385 4884 τῆς
2407 4815 2598 4885 ἀρχῆς.
2632 4815 2704 4868 Σὺ
2729 4814 2786 4867 δὲ
2816 4814 2911 4868 καὶ
2945 4812 3180 4867 ἐνταῦθά
3200 4827 3295 4881 μοι
3334 4810 3460 4862 σκόο

1877 4921 1971 4960 πει
2016 4906 2114 4976 τὴν
2164 4903 2368 4972 ἄφατον
2403 4902 2570 4963 αὐτοῦ
2621 4901 3049 4975 φιλανθρωπίαν.
3106 4901 3164 4953 '0
3205 4899 3304 4970 μὲν
3350 4898 3459 4966 γάρ

1886 4992 2058 5061 ’Δδάμ
2085 4995 2264 5047 πᾶσαν
2300 4989 2561 5061 ἀνέτρεψε
2594 4990 2691 5061 τὴν
2719 4989 2960 5059 ἐντολὴν,
3004 4988 3097 5042 καὶ
3128 4985 3342 5056 παρέϐη
3364 4984 3459 5036 τὸν

1873 5079 2059 5151 νόμον⁸
2086 5082 2114 5133 6
2141 5078 2199 5131 δὲ
2221 5078 2354 5141 Θεὸς
2382 5080 2443 5131 οὐ
2474 5078 2655 5131 πᾶσαν
2692 5072 2849 5130 ἔλυσε
2876 5076 2977 5147 τὴν
2999 5073 3184 5145 τιμὴν,
3216 5073 3336 5127 οὐδέ
3362 5072 3461 5125 πάι

1878 5183 1977 5237 σης
2015 5165 2269 5233 ἐξέϐαλεν
2293 5165 2454 5218 αὐτὸν
2501 5165 2604 5234 τῆς
2653 5162 2919 5226 ἐξουσίας·
2960 5161 3077 5214 ἀλλ’
3108 5162 3289 5214 ἐκεῖνα
3319 5159 3458 5228 μόνα

1873 5254 1981 5320 ἔξω
2010 5255 2109 5326 τῆς
2146 5253 2319 5325 ἀρχῆς
2368 5253 2580 5323 ἀφῆκεν
2633 5246 2772 5304 εἶναι
2800 5251 2869 5304 τά
2916 5248 3052 5313 ζῶα,
3076 5247 3120 5302 ἃ
3152 5249 3225 5319 μὴ
3254 5247 3457 5316 σφόδρα

1876 5341 2027 5411 αὐτῷ
2054 5341 2299 5394 συντελεῖ
2313 5340 2449 5412 πρὸς
2474 5340 2570 5410 τὴν
2597 5338 2861 5409 τῆςνζωῆς
2882 5336 3090 5407 χρείαν·
3113 5338 3182 5389 τά
3208 5336 3265 5387 δὲ
3290 5337 3457 5401 ἀναγ-

1878 5431 2007 5482 καῖα
2049 5428 2143 5481 καὶ
2183 5429 2423 5499 χρήσιμα
2462 5427 2563 5479 καὶ
2614 5424 2814 5495 πολλὴν
2850 5422 3171 5494 εἰσφέροντα
3214 5421 3456 5492 λειτουρ-

1877 5518 2004 5587 γίαν
2026 5519 2105 5581 είς
2132 5518 2234 5588 τὴν
2267 5515 2413 5587 ζωὴν
2441 5517 2540 5585 τὴν
2579 5515 2874 5586 ἡμετέραν,
2902 5511 3073 5565 ταῦτα
3102 5510 3251 5564 εἴασε
3272 5510 3455 5580 μένειν

1878 5607 1937 5658 ὲν
1987 5606 2054 5675 τῇ
2106 5603 2338 5675 δουλεία.
2382 5604 2595 5674 ’Ἀφῆκε
2650 5600 2786 5671 βοῶν
2838 5598 3060 5668 ἀγέλας,
3096 5598 3182 5651 ἵνα
3222 5596 3451 5667 ἄροτρον

1877 5693 2140 5763 ἕλκωμεν,
2199 5691 2283 5743 ἵνα
2318 5689 2419 5761 τὴν
2462 5690 2566 5759 γῆν
2602 5689 2907 5759 τέμνωμεν,
2941 5685 3027 5739 ἵνα
3063 5684 3133 5738 τά
3164 5685 3450 5754 σπέρματα

1943 5867 1969 5909 δ
1994 5869 2115 5931 Reg.
2132 5869 2321 5925 ἐδέξατο
2340 5870 2426 5927 τήν
2447 5867 2618 5931 πικρὰν
2637 5865 2815 5926 ἐκείνην
2831 5865 2911 5915 καὶ
2934 5866 3140 5926 ὀλέθριον
3162 5861 3447 5924 συμϐουλήν.

3010 5957 3083 6019 ﬂ
