4028 6360
631 415 732 472 595

631 525 1074 594 καταϐάλλωμεν·
1118 523 1296 592 ἀφῆκε
1330 523 1438 578 τῶν
1471 523 1782 592 ὑποζυγίων
1825 524 1894 579 τά
1923 524 2082 594 γένη,
2116 523 2207 577 ἵνα

631 613 764 684 πρὸς
792 611 895 681 τὴν
918 608 1026 662 τῶν
1055 608 1352 679 ἀγωγίμων
1379 609 1746 679 μετακομιδὴν
1775 607 2208 679 συναντιλαμϐά-

630 711 786 765 νηται
814 695 942 764 ήμῖν
971 691 1078 746 τῶν
1108 693 1303 745 πόνων·
1335 692 1512 761 ἀφῆκε
1540 691 1828 761 προϐάτων
1852 691 2096 762 ποίμνια,
2120 692 2209 744 ῐνα

629 779 842 848 ἔχωμεν
863 779 942 839 εἰς
963 775 1253 847 περιϐολὰς
1267 773 1502 844 νίματίων
1516 775 1779 844 χορηγίαν
1797 775 2090 846 ἀρκοῦσαν·
2114 775 2209 828 καὶ

630 863 792 932 ἔτερα
815 859 872 912 δὲ
909 858 1056 932 I658]
1097 858 1226 929 γένη
1259 857 1412 923 ζώων
1438 860 1586 911 εἴασε
1617 857 1816 930 πολλὴν
1843 861 1973 930 ἡμῖν
2015 858 2208 929 ἑτέραν

629 946 919 1013 εἰσάγοντα
938 943 1142 1017 χρείαν.
1163 943 1377 1016 Ἐπειδὴ
1405 943 1512 1016 γάρ
1533 943 1775 1007 κολάζων
1803 943 1895 996 τὸν
1923 941 2210 1013 ἄνθρωπον

632 1031 834 1098 ἔλεγεν,
896 1030 990 1082 Ἐν
1017 1027 1211 1096 ἱδρῶτι
1242 1027 1348 1082 τοῦ
1402 1027 1724 1096 προσώπου
1762 1042 1879 1082 σου
1922 1027 2082 1097 φάγῃ
2105 1029 2212 1082 τόν

632 1114 814 1182 ἄρτον
843 1128 980 1177 σου,
1015 1113 1100 1166 ῐνα
1126 1113 1199 1183 μὴ
1230 1114 1258 1166 6
1281 1111 1441 1182 ίδρὼς
1469 1106 1623 1175 οὗτος
1655 1115 1750 1167 καὶ
1781 1115 1810 1167 ό
1841 1113 2036 1184 μόχθος
2060 1114 2154 1166 καὶ
2182 1112 2211 1165 6

635 1197 792 1260 πόνος
809 1197 1079 1268 ἀφόρητος
1172 1195 1569 1263 ἐπεκούφισετὸ
1588 1196 1724 1268 βαρὺ
1738 1195 2098 1268 καὶ-φορτικὸν
2116 1194 2210 1248 τοῦ

635 1281 860 1351 ἱδρῶτος
887 1281 964 1351 τῷ
998 1280 1188 1352 πλήθει
1220 1281 1329 1334 τῶν
1347 1279 1554 1349 ἀλόγων
1579 1281 1687 1333 τῶν
1717 1282 2212 1350 συνεφαπτομένων

633 1366 766 1433 ἡμῖν
814 1362 908 1416 τοῦ
943 1362 1103 1417 πόνου
1153 1364 1376 1433 καὶτῆς
1419 1361 1796 1433 ταλαιπωρίας
1839 1363 2063 1434 ταύτης.
2104 1362 2213 1414 Καὶ

636 1445 888 1516 καθάπερ
921 1445 1185 1516 δεσπότης
1217 1444 1592 1516 φιλάνθρωπος
1629 1446 1721 1499 καὶ
1755 1447 2107 1516 κηδεμονικὸς
2122 1445 2212 1498 τὸν

636 1528 853 1598 οἰκέτην
891 1528 982 1581 τὸν
1005 1528 1212 1581 ’ἑαυτοῦ
1252 1529 1532 1597 μαστίξας,
1564 1528 1859 1599 θεραπείαν
1887 1528 2012 1583 τινά
2041 1546 2213 1600 προσ-

637 1613 759 1680 άγει
789 1616 907 1677 ταῖς
932 1612 1200 1683 μάστιξιν·
1227 1613 1369 1666 οὕτω
1401 1615 1492 1667 καὶ
1537 1615 1565 1666 6
1595 1613 1726 1679 Θεὸς
1769 1615 2064 1686 καταδίκην
2092 1617 2214 1668 ἐπι-

639 1696 771 1758 θείς,
805 1699 964 1749 παντὶ
979 1698 1163 1768 τρόπῳ
1181 1697 1278 1768 τήν
1315 1697 1611 1768 καταδίκην
1646 1699 1850 1768 ταύτην
1883 1698 2214 1768 κουφοτέραν

639 1779 884 1848 βούλεται
917 1783 1158 1852 ποιῆσαι,
1197 1781 1379 1852 ἱδρῶτι
1410 1784 1506 1852 μὲν
1535 1782 2084 1853 ήμᾶς·καταδικάσας
2123 1783 2216 1836 καὶ

638 1865 784 1933 πόνῳ
804 1864 1058 1935 διηνεκεῖ,
1110 1865 1201 1918 τοῦ
1255 1865 1308 1918 δὲ
1365 1867 1527 1918 πόνου
1563 1866 1998 1935 συνεφάπτεσθαι
2050 1866 2216 1920 πολλὰ

634 1948 742 2000 τῶν
777 1949 986 2016 ἀλόγων
1017 1951 1148 2020 γένη
1181 1950 1609 2021 παρασκευάσας
1639 1953 1788 2020 ἡμῖν.
1806 1952 1979 2022 ’Υπὲρ
2002 1952 2066 2022 δὴ
2090 1951 2215 2004 τού-

636 2050 744 2085 των
770 2034 1024 2087 ἁπάντων
1050 2036 1531 2106 εὐχαριστήσωμεν
1547 2035 1718 2104 αὐτῷ·
1750 2037 1843 2088 καὶ
1868 2037 1976 2107 γάρ
2011 2037 2070 2089 τὸ
2098 2036 2217 2089 δοῦ-

637 2129 722 2168 ναι
748 2117 845 2187 τὴν
872 2117 1039 2188 τιμὴν
1066 2121 1217 2188 ἡμῖν,
1251 2119 1346 2172 καὶ
1391 2118 1450 2171 τὸ
1483 2117 1644 2171 πάλιν
1667 2118 1884 2186 ἀφελεῖν
1909 2121 2006 2189 τὴν
2030 2120 2214 2191 τιμὴν,

636 2199 731 2251 καὶ
754 2201 816 2251 τὸ
868 2201 941 2271 μὴ
981 2203 1160 2254 πᾶσαν
1207 2202 1426 2270 ἀφελεῖν
1460 2202 1775 2273 αὐτὴν,-καὶ
1817 2203 1878 2256 τὸ
1924 2201 2016 2255 τὸν
2054 2203 2216 2272 φόϐον

636 2283 771 2353 ήμῖν
803 2284 1095 2353 ἐπιστῆσαι
1145 2286 1252 2338 τῶν
1300 2284 1523 2357 θηρίων,
1573 2287 1664 2339 καὶ
1699 2287 1896 2349 πάντα,
1925 2286 1991 2340 ἀν
2023 2304 2107 2350 τις
2133 2287 2219 2351 ἐξ-

638 2365 827 2438 ετάζῃ.
852 2368 1048 2438 πολλῆς
1073 2369 1235 2439 γέμει
1266 2369 1476 2438 σοφίας,
1496 2371 1837 2441 πολλῆς-κηδε
1848 2373 2054 2442 μονίας,
2090 2371 2220 2424 πολ-

644 2451 737 2519 λῆς
790 2451 1216 2522 φιλανθρωπίας·
1276 2449 1345 2525 ἧς
1395 2455 1603 2523 γένοιτο
1661 2456 1868 2517 πάντας
1901 2457 2047 2526 ἡμᾶς
2079 2457 2216 2508 ἀπο-

639 2535 824 2589 λαύειν
870 2537 1131 2607 διηνεκῶς
1176 2540 1255 2602 εἰς
1299 2539 1457 2606 δόξαν
1505 2539 1599 2593 τοῦ
1630 2539 1802 2592 ταῦτα
1840 2540 2217 2610 ἐργασαμένου

639 2618 798 2672 Θεοῦο
814 2619 962 2690 αὑτῴ
990 2623 1022 2692 ή
1044 2621 1169 2688 δόξα
1195 2625 1274 2686 εἰς
1294 2624 1419 2686 τοὺς
1450 2624 1650 2688 αἰῶνας
1668 2623 1776 2678 τῶν
1797 2622 2007 2678 αἰώνων
2023 2624 2215 2694 Ἀμήν.

1261 2757 1480 2810 ΛΟΓΟΣ
1513 2759 1584 2812 Δ’.

644 2888 767 2961 Ὅτι
789 2887 1067 2961 δουλείας
1096 2889 1354 2961 τρόπους
1382 2890 1535 2958 τρεῖς
1577 2891 1901 2960 εἰσήγαγεν
1942 2893 1981 2959 ἡ
2031 2892 2218 2961 ἁμαρ-

710 2959 808 3030 τία
833 2977 846 2991 ο
898 2960 995 3030 καί
1040 2959 1191 3027 πρὸς
1229 2962 1373 3030 τοὺς
1401 2962 1682 3030 ῥᾳθύμως
1719 2959 2078 3029 ἀκούοντας,
2121 2963 2220 3016 καί

706 3027 792 3098 μὴ
822 3029 1114 3098 τιμῶντας
1145 3029 1357 3100 γονεῖς.

712 3153 781 3199 α’.
820 3146 1291 3218 Ἢκούσατεχθές,
1318 3148 1434 3212 πῶς
1474 3149 1572 3220 μὲν
1607 3151 1828 3221 ἐποίησε
1863 3151 2088 3220 βασιλέα
2127 3153 2220 3207 καὶ

641 3231 878 3300 ἄρχοντα
905 3231 1010 3284 τῶν
1067 3231 1270 3302 θηρίων
1318 3233 1408 3287 τὸν
1442 3235 1723 3302 ἄνθρωπον
1761 3238 1788 3288 6
1821 3236 1972 3300 Θεὸς,
2015 3236 2130 3300 πῶς
2163 3237 2220 3289 δὲ

644 3312 982 3376 αὑτὸνεὺθὺς
1011 3315 1109 3384 τῆς
1146 3313 1672 3384 βασιλείας’ὲξέϐαλε
1693 3335 1707 3350 ο
1745 3319 1942 3389 μᾶλλον
1975 3320 2030 3373 δὲ
2067 3321 2164 3390 οὐχ
2193 3323 2221 3373 ό

644 3394 797 3457 Θεὸς,
830 3396 945 3449 ἀλλ’
975 3397 1132 3459 αὐτὸς
1162 3399 1353 3452 ἐαυτὸν
1390 3399 1476 3452 διὰ
1521 3401 1621 3470 τῆς
1665 3406 1949 3472 παρακοῆς
1999 3405 2220 3468 ἐξέϐαλε

644 3477 742 3545 τῆς
764 3479 948 3547 τιμῆς.
983 3480 1054 3532 Τὸ
1103 3481 1202 3550 μὲν
1224 3482 1333 3552 γὰρ
1351 3485 1529 3551 τυχεῖν
1551 3484 1650 3553 τῆς
1688 3483 1979 3553 βασιλείας,
2004 3487 2101 3557 τῆς
2125 3486 2220 3539 τοῦ

645 3559 778 3613 Θεοῦ
807 3561 1213 3634 φιλανθρωπίας
1243 3564 1458 3634 ἐγένετο
1491 3567 1677 3637 μόνης.
1704 3569 1778 3621 Οὐ
1807 3568 1916 3640 γὰρ
1943 3570 2220 3643 κατορθω-

648 3644 834 3713 μάτων
867 3645 1013 3715 αὑτῷ
1060 3647 1260 3719 ταύτην
1319 3649 1486 3703 ἔδωκε
1537 3650 1634 3721 τήν
1679 3651 1934 3722 ἀμοιϐὴν,
1966 3653 2101 3706 ἀλλά
2128 3654 2223 3708 καὶ

644 3727 776 3810 πρὶν
827 3727 1163 3797 ἢγενέσθαι,
1212 3733 1488 3804 ἐκόσμησε
1524 3738 1590 3806 τῇ
1640 3738 1794 3806 τιμῇ.
1855 3737 1970 3790 Ἵνα
1999 3738 2108 3810 γάρ
2146 3739 2219 3810 μὴ

645 3808 831 3881 λέγῃς,
863 3812 944 3865 ὅτι
975 3813 1113 3882 μετὰ
1159 3815 1330 3869 ταῦτα
1360 3817 1646 3888 γενόμενος
1679 3820 1706 3872 6
1749 3817 2053 3890 ἄνθρωπος,
2079 3808 2224 3876 εἶτα

646 3894 814 3948 πολλά
853 3898 1220 3969 κατορθώσας,
1250 3900 1421 3964 οὕτως
1455 3902 1802 3956 ἐπεσπάσατο
1832 3905 1932 3957 ,τὸν
1966 3905 2098 3960 Θεὸν
2143 3907 2223 3971 είς

647 3979 706 4032 τὸ
731 3979 911 4034 δοῦναι
931 3983 1079 4054 αὐτῷ
1104 3984 1199 4056 τὴν
1227 3984 1333 4038 τῶν
1363 3985 1567 4057 θηρίων
1595 3987 1791 4058 ἀρχὴν.
1829 3989 2034 4059 μέλλων
2061 3990 2224 4044 αὑτὸν

649 4061 993 4117 διαπλάττειν
1042 4067 1170 4138 περὶ
1214 4068 1312 4138 τῆς
1343 4069 1514 4141 ἀρχῆς
1547 4069 1712 4123 αὑτοῦ
1745 4071 2052 4139 διαλέγεται
2082 4071 2226 4126 οὕτω

649 4145 850 4214 λέγων’
879 4149 1231 4220 Ποιήσωμεν
1250 4150 1560 4219 ἄνθρωπον
1580 4153 1704 4207 κατ’
1735 4157 1940 4209 εἰκόνα
1969 4155 2067 4208 καί
2093 4157 2225 4211 καθ’

649 4230 935 4297 ὁμοίωσιν
972 4233 1282 4300 ἡμετέραν,
1323 4235 1420 4288 καί
1453 4237 1800 4303 ἀρχέτωσαν
1846 4237 1964 4291 τῶν
2007 4240 2227 4306 θηρίων

649 4310 761 4380 τῆς
793 4313 928 4382 γῆς.
951 4315 1063 4386 Πρὸ
1090 4317 1188 4387 τῆς
1221 4318 1365 4389 ζωῆς
1387 4319 1426 4388 ἡ
1447 4317 1600 4389 τιμὴ,
1625 4319 1730 4389 πρὸ
1749 4319 1845 4388 τῆς
1868 4319 2226 4392 δημιουργίας

649 4398 680 4449 6
713 4397 990 4466 στέφανος,
1023 4400 1116 4453 καὶ
1160 4403 1291 4472 πρὶν
1329 4401 1664 4471 ἢγενέσθαι,
1691 4402 1784 4455 ἐπὶ
1827 4403 1916 4456 τὸν
1951 4403 2225 4473 βασιλικὸν

651 4480 908 4546 ἀνάγεται
931 4482 1138 4553 θρόνον.
1179 4484 1486 4557 Ἄνθρωποι
1515 4486 1612 4556 μὲν
1643 4485 1752 4557 γὰρ
1778 4487 1904 4550 τοὺς
1930 4489 2226 4559 ὑποκειμέ-

650 4579 772 4624 νους
799 4564 980 4627 αὐτοῖς
1002 4568 1058 4618 ὲν
1085 4569 1298 4638 ἐσχάτῳ
1325 4569 1472 4640 γήρᾳ.
1493 4568 1640 4638 «μετά
1662 4568 1888 4631 πολλοὺς
1915 4569 2110 4634 πόνους
2131 4569 2228 4624 καὶ

655 4646 882 4715 μυρίους
909 4647 1203 4712 κινδύνους,
1224 4651 1351 4711 τοὺς
1380 4653 1436 4703 ἐν
1467 4651 1676 4722 εἰρήνῃ,
1699 4655 1826 4714 τοὺς
1857 4653 1914 4704 ἐν
1948 4651 2224 4722 πολέμοις,

650 4730 772 4782 τότε
810 4732 1043 4799 τιμῶσιν
1065 4748 1080 4763 °
1114 4737 1142 4786 6
1172 4734 1229 4786 δὲ
1257 4734 1387 4797 Θεὸς
1412 4735 1509 4804 οὐχ
1535 4735 1706 4798 οὓτως
1725 4778 1739 4801 ,
1764 4736 1876 4790 ἀλλ’
1907 4737 2109 4800 εὐθέως
2133 4754 2226 4809 γε·

652 4814 874 4883 νόμενον
908 4815 1068 4868 αὑτὸν
1101 4816 1194 4868 ἐπὶ
1230 4817 1328 4890 τὴν
1359 4819 1523 4889 τιμὴν
1556 4817 2227 4889 ταύτην·ήγαγε,-δεικνὺς

653 4898 734 4951 δτι
760 4899 818 4951 οὐ
843 4899 1279 4971 κατορθωμάτων
1299 4903 1446 4955 ἐστίν
1468 4902 1669 4973 ἀμοιϐὴ
1691 4903 1751 4954 τὸ
1767 4903 2072 4972 γινόμενον,
2092 4902 2231 4956 ἀλλά

655 4981 775 5037 θεία
808 4986 984 5055 χάρις,
1009 4985 1233 5039 καὶούκ
1261 4986 1471 5058 όφειλή.
1504 4987 1576 5040 Τὸ
1608 4987 1705 5056 μὲν
1735 4982 1826 5040 οὖν
1852 4987 2038 5040 λαϐεῖν
2066 4988 2229 5042 αὐτὸν

653 5065 751 5137 τὴν
773 5067 966 5138 ἀρχὴν,
995 5068 1102 5120 ἀπὸ
1137 5069 1236 5140 τῆς
1262 5068 1355 5122 τοῦ
1401 5069 1535 5122 Θεοῦ
1565 5069 1974 5142 φιλανθρωπίας
2013 5071 2231 5140 ἐγένετο

660 5152 826 5221 μόνης
848 5167 862 5180 ο
904 5151 963 5204 τὸ
989 5151 1046 5205 δὲ
1071 5152 1323 5204 ἐκπεσεῖν
1344 5153 1441 5222 τῆς
1466 5153 1641 5222 ἀρχῆς
1673 5165 1698 5193 ι
1715 5193 1731 5218 ,
1781 5153 1889 5206 ἀπὸ
1918 5153 2020 5224 τῆς
2064 5153 2229 5207 αὑτοῦ

657 5234 1162 5307 ῥᾳθυμίας.”Ωσπερ
1191 5236 1302 5308 γὰρ
1322 5237 1369 5288 οἰ
1391 5235 1636 5305 βασιλεῖς
1661 5239 1785 5300 τοὺς
1808 5239 1905 5308 οὐχ
1933 5237 2232 5292 ὑπακούον-

655 5335 755 5381 τας
813 5321 923 5382 τοῖς
984 5319 1162 5372 αὐτῶν
1204 5319 1588 5390 προστάγμασι
1628 5319 1964 5391 παραλύουσι
1994 5321 2092 5390 τῆς
2129 5320 2232 5392 ἀρ-
2299 5333 2302 5336 ·

657 5402 757 5472 χῆς
781 5415 796 5430 ⁸
822 5402 965 5455 οὕτω
995 5403 1087 5456 καὶ
1123 5403 1150 5453 6
1195 5401 1326 5466 Θεὸς
1367 5401 1620 5471 ἐποίησεν
1659 5403 1750 5455 ἐπὶ
1795 5401 1888 5473 τοῦ
1921 5403 2230 5474 ἀνθρώπου,

657 5485 779 5536 τότε
803 5483 1115 5558 παραλύσας
1145 5485 1306 5538 αὑτὸν
1330 5485 1428 5555 τῆς
1443 5486 1634 5557 ἀρχῆς.
1666 5487 1984 5554 Ἀναγκαῖον
2006 5485 2063 5539 δὲ
2079 5485 2229 5559 [659}

659 5565 898 5640 σήμερον
929 5569 1124 5636 εἰπεῖν,
1153 5571 1328 5641 πόσην
1352 5571 1446 5624 καὶ
1472 5569 1636 5640 ἀλλην
1667 5571 1828 5640 τιμὴν
1861 5573 1893 5640 ή
1923 5571 2022 5641 τῆς
2044 5571 2234 5642 ἀμαρ-

657 5653 778 5715 τίας
807 5653 1092 5724 παρείλετο
1143 5653 1322 5722 φύσις,
1371 5653 1466 5706 καὶ
1512 5653 1668 5716 ὅσους
1701 5653 1942 5718 δουλείας
1975 5655 2231 5724 εἰσήγαγε

691 5899 698 5907 ,
723 5840 750 5869 ⁸
776 5841 898 5902 Reg.
928 5855 1052 5890 unus
1075 5842 1129 5888 τὸ
1152 5843 1201 5890 δε
1228 5843 1436 5890 ἐκϐαλεῖν
1463 5843 1603 5891 αὐτὸν
1623 5848 1704 5900 τῆς
1723 5843 1870 5907 ἀρχῆς

1323 412 1378 462 S.
1419 407 1702 461 JUAAMS
1737 402 2234 461 CIIBYSOSTOMI
2267 401 2594 459 ARCHIEP.
2632 403 3181 462 CONSTANTINOP.

3775 412 3878 470 593

2310 521 2566 592 τρόπους,
2590 522 2780 595 ὥσπερ
2796 541 2880 587 τις
2905 525 3168 597 τύραννος
3188 528 3247 581 ἐν
3269 525 3628 597 πολυτρόποις
3645 527 3880 598 δεσμοῖς,

2305 608 2428 669 ταῖς
2460 607 2825 672 παντοδαπαῖς
2871 611 3068 680 ἀρχαῖς
3104 609 3202 682 τὴν
3248 611 3522 682 ἡμετέραν
3549 610 3880 680 δεσμεύουσα

2309 690 2490 758 φύσιν.
2526 691 2680 745 Ἔστι
2713 692 2894 746 τοίνυν
2925 695 3068 765 ἀρχὴ
3108 697 3203 747 καὶ
3256 695 3468 749 δουλεία
3519 693 3732 766 πρώτη.
3766 697 3880 749 καθ’

2308 774 2374 844 ἢν
2403 774 2497 827 καὶ
2529 775 2802 843 γυναικῶν
2843 779 2891 829 οἱ
2934 777 3124 848 ἄνδρες
3157 777 3448 848 κρατοῦσι·
3487 777 3629 848 μετὰ
3653 779 3765 849 γὰρ
3789 781 3882 850 τὴν

2310 858 2583 928 ἁμαρτίαν
2611 861 2642 928 ἡ
2680 859 2883 929 ταύτης
2915 861 3131 929 ἐγένετο
3153 861 3329 932 χρεία.
3367 862 3481 931 Πρὸ
3511 861 3621 932 γὰρ
3647 864 3747 932 τῆς
3785 881 3882 916 παι

2311 941 2518 1012 ρακοῆς
2547 943 2810 1012 ὁμότιμος
2839 939 2907 1014 ἦν
2939 943 3016 1011 τῷ
3065 943 3220 1014 ἀνδρί
3239 961 3252 975 ο
3306 946 3398 997 καὶ
3431 945 3539 1016 γὰρ
3567 946 3656 998 ὅτε
3683 942 3898 1017 ταύτην

2309 1024 2621 1079 διέπλαττεν
2653 1027 2682 1078 6
2714 1027 2866 1091 Θεὸς,
2891 1023 2976 1091 οἷς
3001 1029 3272 1100 ἐχρήσατο
3303 1029 3513 1100 ῥήμασι
3545 1031 3641 1082 καὶ
3674 1031 3768 1082 ἐπὶ
3794 1031 3884 1099 τῆς

2311 1105 2651 1172 διαπλάσεως
2669 1109 2763 1162 τοῦ
2783 1109 2995 1180 ἀνδρὸς,
3023 1110 3234 1175 τούτοις
3265 1113 3359 1165 καὶ
3389 1112 3482 1165 ἐπὶ
3508 1111 3612 1181 τῆς
3639 1112 3885 1182 δημιουρ-

2311 1191 2436 1258 γίας
2454 1192 2551 1261 τῆς
2568 1193 3064 1264 γυναικός.”Ωσπερ
3083 1189 3177 1248 οῦν
3197 1190 3349 1248 εἷπεν
3370 1195 3456 1249 ἐπ’
3475 1195 3689 1264 ἐκείνῳ,
3717 1193 3884 1259 Ποιή-

2309 1287 2511 1340 σωμεν
2545 1273 2863 1342 ἄνθρωπον
2896 1279 3021 1330 κατ’
3055 1279 3264 1331 εἰκόνα
3321 1279 3422 1330 καί
3457 1278 3588 1330 καθ’
3607 1279 3886 1346 ὁμοίωσιν

2311 1357 2627 1426 ἡμετέραν,
2655 1359 2749 1412 καὶ
2777 1360 2874 1413 οὑκ
2907 1355 3049 1425 εἷπε,
3083 1359 3371 1432 Γενηθήτω
3399 1361 3689 1432 ἄνθρωπος
3710 1377 3725 1390 ·
3755 1360 3884 1413 οὕτω

2313 1441 2409 1494 καὶ
2442 1442 2534 1494 ἐπὶ
2565 1441 2767 1510 ταύτης
2797 1443 2900 1496 οὐκ
2933 1438 3077 1506 εἷπε,
3111 1444 3398 1514 Γενηθήτω
3445 1445 3607 1512 γυνὴ,
3638 1441 3778 1496 ἀλλά
3803 1445 3885 1496 καὶ

2312 1525 2568 1590 ἐνταῦθα,
2605 1526 2957 1596 Ποιήσωμεν
2985 1525 3148 1592 αὺτῷ
3169 1527 3402 1596 ,ϐοηθόν
3421 1545 3434 1560 ·
3465 1528 3562 1583 καὶ
3584 1529 3683 1598 οὐχ
3712 1529 3884 1591 ἁπλῶς

2316 1609 2532 1681 βοηθὸν,
2555 1609 2709 1672 ἀλλά,
2741 1613 2881 1667 Κατ’
2906 1611 3115 1679 αὐτὸν,
3141 1612 3302 1666 πάλιν
3331 1613 3392 1666 τὸ
3412 1613 3674 1683 ὁμότιμον
3700 1612 3882 1682 δηλῶν.

2315 1694 2532 1766 Ἐπειδὴ
2552 1695 2660 1766 γὰρ
2687 1695 2885 1767 πολλὴν
2917 1699 2997 1760 εἰς
3021 1698 3120 1768 τὴν
3142 1697 3240 1768 τῆς
3267 1696 3412 1766 ζωῆς
3436 1696 3595 1767 ήμῶν
3623 1696 3810 1767 χρείαν
3830 1697 3886 1748 τὰ

2314 1777 2482 1846 ἄλογα
2506 1777 2602 1848 τὴν
2632 1779 2731 1848 τῆς
2762 1778 3010 1850 βοηθείας
3052 1781 3313 1850 εἰσήγαγε
3364 1779 3675 1843 κοινωνίαν,
3709 1779 3798 1831 ἶνα
3822 1778 3885 1846 μή

2314 1861 2423 1914 τῶν
2455 1861 2656 1913 δούλων
2690 1859 3086 1934 νομίσῃς-ἐἷναι
3115 1863 3216 1915 καὶ
3237 1862 3334 1931 τὴν
3362 1863 3616 1929 γυναῖκα,
3647 1861 3752 1931 δρα
3787 1859 3884 1922 πῶς

2317 1946 2461 1998 ποιεῖ
2487 1945 2584 2014 τὴν
2606 1944 2876 2015 διάκρισιν
2916 1947 3180 2018 φανεράν.
3226 1947 3444 2015 ’Πγπαγε
3477 1944 3548 1997 τὰ
3575 1947 3776 2011 θηρία,
3805 1960 3884 2012 φη·

2318 2029 2423 2092 σὶν,
2449 2027 2706 2082 ἐνώπιον
2733 2029 2840 2082 τοῦ
2879 2029 3082 2099 Ἀδὰμ,
3121 2030 3219 2083 καί
3268 2032 3379 2098 οὐχ
3423 2029 3638 2097 εὑρέθη
3672 2027 3885 2094 ,Βοηθὸς

2318 2111 2516 2179 ὅμοιος
2537 2110 2697 2176 αὐτῷ
2719 2112 2845 2164 κατ’
2859 2113 3075 2166 αὐτόν.
3104 2113 3169 2165 Τί
3192 2107 3316 2178 οὗν·;
3339 2115 3369 2166 6
3390 2112 3559 2176 ἵππος
3597 2113 3660 2165 οὑ
3689 2112 3882 2183 βοηθὸς,

2320 2198 2911 2269 συμπαραταττόμενος
2936 2201 2993 2252 ἐν
3021 2202 3131 2263 τοῖς
3153 2200 3441 2270 πολέμοιςξ
3474 2202 3503 2253 6
3534 2199 3664 2271 βοῦς
3691 2202 3754 2254 οὐ
3777 2200 3885 2270 βοή·

2318 2285 2429 2351 θὸς,
2462 2286 2693 2356 ἄροτρον
2717 2285 2891 2339 ἕλκων
2922 2287 3016 2339 καὶ
3047 2288 3380 2357 συγκάμνων
3403 2289 3535 2357 ἡμῖν
3556 2289 3615 2341 ὲν
3648 2290 3771 2350 ταῖς
3795 2287 3884 2340 τῶν

2320 2372 2652 2444 σπερμάτων
2671 2374 3013 2438 λκαταϐολαῖς
3038 2373 3201 2440 ;·όνος
3222 2376 3324 2430 «καὶ
3354 2375 3584 2446 ἡμίονος
3604 2377 3666 2429 οὐ
3699 2375 3882 2446 βοηθοὶ,

2301 2465 2453 2536 πρὸς
2476 2466 2578 2538 τὴν
2607 2463 2718 2516 τῶν
2743 2463 3042 2533 ἀγωγίμων
3080 2465 3214 2533 ἡμῖν
3244 2465 3697 2534 συμπράττοντες
3741 2481 3882 2532 pst:-

2319 2556 2580 2627 κομιδήνς
2626 2552 2765 2607 Ἀλλ’
2783 2554 2878 2606 ’ἵνα
2903 2553 2979 2624 μὴ
3002 2552 3160 2606 τοῦτο
3188 2553 3487 2624 λέγῃς,ιδιά
3502 2554 3671 2607 τοῦτο
3702 2553 3882 2624 ἀκριϐῆ

2315 2646 2555 2696 ποιεῖται
2601 2641 2698 2713 τὴν
2731 2640 3017 2711 διαίρεσιν.
3063 2639 3342 2711 Οὐδὲ-γάρ
3381 2637 3536 2694 εἶπεν
3583 2641 3786 2705 ἁπλῶς,
3814 2642 3885 2694 ὅτι

2319 2733 2415 2802 οὑχ
2450 2730 2648 2801 εὑρέθη
2680 2729 2828 2798 αὐτῷ
2857 2729 3070 2800 βοηθὸς,
3103 2730 3218 2783 ἀλλ’
3245 2731 3326 2784 ὅτι
3364 2733 3490 2800 Οὐχ
3517 2731 3730 2799 εἰφέθη
3750 2731 3884 2796 ,βοη-

2320 2819 2424 2883 θὸς
2461 2818 2663 2886 ὅμοιος
2693 2816 2878 2882 αὐτῷ.
2923 2815 3083 2871 Οὕτω
3139 2817 3232 2873 καὶ
3283 2817 3537 2881 ἐνταῦθα,
3581 2819 3885 2889 Ποιήσωμεν

2321 2907 2470 2977 αὐτῷ
2505 2905 2720 2977 βοηθὸν,
2764 2905 2863 2975 οὐχ
2909 2903 3120 2970 ἀπλῶς,
3169 2904 3326 2971 ἀλλὰ,
3363 2905 3717 2974 Ποιήσωμεν
3740 2904 3887 2969 αὐτῷ

2315 2994 2548 3060 ,ϐοηθὸν
2574 2993 2702 3046 κατ’
2732 2992 2938 3052 αὐτὸν,
2976 2987 3120 3047 εἷπε.
3151 2992 3336 3045 Ταῦτα
3360 2993 3418 3045 δὲ
3453 2994 3558 3063 πρὸ
3591 2992 3691 3061 τῆς
3721 2995 3886 3062 ἁμαρ-

2320 3082 2441 3143 τίας
2465 3095 2480 3111 ο
2521 3079 2657 3148 μετά
2678 3079 2734 3132 δὲ
2756 3078 2855 3150 τήν
2895 3080 3169 3150 ἁμαρτίαν
3189 3121 3203 3146 ,
3253 3083 3410 3148 Πρὸς
3433 3081 3540 3134 τὸν
3567 3079 3754 3148 ἄνδρα
3783 3096 3888 3133 σου

2321 3168 2359 3233 ἢ
2411 3166 2767 3235 ἀποστροφή
2814 3181 2972 3233 σου,
3019 3168 3118 3221 καί
3168 3169 3353 3233 αὐτός
3404 3183 3521 3221 σου
3575 3169 3886 3235 ampla-cex.

2323 3253 2588 3324 Ἐποίησά
2605 3270 2696 3314 σε,
2713 3256 2910 3324 φησὶν,
2937 3254 3226 3325 ὁμότιμονο
3261 3255 3360 3307 οὑκ
3385 3256 3604 3326 ἐχρήσω
3627 3255 3807 3318 καλῶς
3829 3257 3885 3324 τῇ

2322 3342 2501 3412 ἀρχῇ·
2531 3340 2800 3411 μετάϐηθι
2833 3341 2968 3410 πρὸς
3000 3340 3099 3411 τὴν
3149 3341 3456 3411 ὑποταγήν.
3504 3341 3620 3393 Οὑκ
3669 3343 3888 3410 ἤνεγκας

2321 3430 2420 3502 τὴν
2454 3429 2786 3498 ἐλευθερίαν,
2814 3428 3104 3493 κατάδεξαι
3153 3429 3249 3500 τὴν
3273 3429 3532 3482 δουλείαν.
3600 3429 3719 3480 Οὐκ
3759 3424 3890 3488 οἶδας

2323 3517 2533 3588 ἄρχειν,
2570 3517 2664 3570 καὶ
2705 3516 2771 3570 δι’
2806 3517 2976 3586 αὐτῆς
3019 3517 3129 3570 τῶν
3177 3516 3518 3585 πραγμάτων
3567 3514 3774 3579 εδειξας
3802 3515 3889 3580 τῆς

2325 3605 2552 3675 πείρας’
2587 3603 2745 3672 γενοῦ
2801 3602 2908 3656 τῶν
2958 3602 3300 3674 ἀρχομένων,
3335 3603 3431 3656 καὶ
3475 3602 3564 3655 τὸν
3593 3602 3764 3673 ἄνδρα
3789 3602 3890 3652 ὲπί-

2323 3691 2493 3760 γνωθι
2521 3690 2731 3763 κύριον.
2759 3689 2914 3760 Πρὸς
2956 3690 3066 3743 τὸν
3093 3690 3283 3757 ἄνδρα
3309 3706 3425 3744 σου
3463 3689 3500 3756 ἠ
3552 3687 3887 3757 ἀποστροφή

2324 3796 2464 3844 σου,
2491 3777 2590 3831 καί
2620 3777 2803 3843 αὐτός
2832 3793 2949 3831 σου
2982 3777 3305 3844 κυριεύσει.
3352 3776 3463 3828 Καὶ
3515 3776 3619 3846 ὅρα
3659 3775 3789 3828 Θεοῦ
3819 3777 3891 3826 ὲν-

2324 3865 2498 3918 ταῦθα
2540 3862 2969 3935 φιλανθρωπίαν.
3023 3863 3140 3916 ἰνα
3197 3862 3306 3932 γὰρ
3361 3863 3435 3932 μὴ
3499 3862 3783 3915 ἀκούσασα
3821 3863 3888 3918 τὺ.

2325 3954 2518 4020 Αὐτός
2543 3971 2662 4007 σου
2688 3953 3011 4019 κυριεύσει,
3028 3952 3290 4022 φορτικὴν
3317 3947 3454 4005 εἶναι
3478 3951 3680 4023 νομίσῃ
3700 3951 3794 4021 τὴν
3820 3949 3894 4001 δε-

2328 4039 2608 4106 σποτείαν,
2642 4040 2906 4110 πρότερον
2932 4039 2992 4092 τὸ
3015 4039 3115 4108 τῆς
3143 4039 3470 4109 κηδεμονίας
3497 4038 3709 4110 λέθηκεν
3737 4039 3892 4106 ϐνομα

2326 4128 2514 4194 εἰπὼν,
2551 4128 2710 4197 Πρὸς
2742 4129 2850 4182 τὸν
2907 4128 3098 4196 ἄνδρα
3146 4144 3263 4182 σου
3299 4129 3331 4196 ἡ
3381 4125 3741 4196 ἀποστροφή
3768 4143 3891 4187 σου,

2325 4216 2625 4280 τουτέστιν,
2651 4217 3008 4286 Ἦκαταφυγή
3042 4233 3135 4268 σου
3167 4215 3260 4267 καὶ
3287 4215 3314 4266 ό
3336 4213 3498 4284 λιμὴν
3526 4215 3622 4266 καὶ
3663 4217 3698 4284 ή
3733 4212 3890 4280 ἀσφά-

2327 4304 2442 4358 λεια
2477 4306 2681 4367 ἐκεῖνος
2722 4303 2872 4356 ἔσται
2905 4321 2986 4356 σοι
3007 4320 3020 4332 ·
3052 4304 3109 4355 ἐν
3134 4303 3267 4355 πᾶσι
3299 4305 3411 4364 τοῖς
3459 4301 3680 4354 ἐπιοῦσι
3721 4300 3891 4360 δεινοῖς

2328 4392 2466 4464 πρὸς
2490 4393 2698 4445 ἐκεῖνον
2723 4388 3165 4462 ἀποστρέφεσθαι
3195 4390 3290 4442 καὶ
3315 4389 3684 4458 καταφεύγειν
3730 4406 3806 4442 σοι
3830 4387 3891 4437 6E-

2327 4478 2467 4548 δωμι
2487 4479 2536 4532 ι’.
2568 4479 2642 4530 Οὐ
2665 4477 2837 4548 ταύτῃ
2864 4477 2921 4529 δὲ
2948 4477 3129 4547 μόνον,
3154 4476 3290 4530 ἀλλά
3311 4479 3403 4530 καὶ
3426 4479 3692 4546 φυσικαῖς
3719 4475 3894 4533 αὐτοὺς

2330 4565 2618 4635 συνέδησεν
2649 4565 2916 4633 ἀνάγκαις
2945 4565 3197 4635 καθάπερ
3221 4564 3497 4636 ἄρρηκτόν
3540 4580 3665 4616 τινα
3694 4562 3892 4630 δεσμὸν,

2327 4657 2427 4728 τὴν
2455 4660 2518 4710 ἐκ
2538 4657 2641 4727 τῆς
2663 4656 2958 4728 ἐπιθυμίας
2979 4655 3288 4726 περιϐαλὼν
3311 4657 3490 4719 αὑτοῖς
3523 4655 3740 4708 άλυσιν.
3764 4648 3897 4711 Εἶδες

2330 4747 2449 4808 πῶς
2473 4746 2738 4816 εἰσήγαγε
2763 4746 2864 4814 μὲν
2887 4744 2984 4814 τὴν
3010 4743 3288 4815 ὑποταγὴν
3323 4746 3356 4814 ἡ
3382 4743 3651 4814 ἁμαρτία,
3683 4746 3713 4796 ὁ
3745 4743 3799 4794 δὲ
3825 4740 3899 4792 εὐ·

2329 4836 2572 4905 μήχανος
2608 4834 2700 4886 καὶ
2729 4833 2892 4900 σοφὸς
2917 4831 3049 4895 Θεὸς
3085 4832 3179 4885 καὶ⁵
3215 4831 3425 4894 τούτοις
3455 4832 3595 4903 πρὸς
3626 4832 3690 4884 τὸ
3716 4829 3899 4900 συμφέ-

2327 4939 2426 4992 ρον
2463 4923 2595 4992 ἡμῖν
2637 4920 3022 4990 ἀπεχρήσατο;
3059 4919 3325 4972 Ἀκουσον
3380 4918 3497 4981 πῶς
3543 4919 3649 4970 καὶ
3707 4917 3900 4976 Παῦλος

2333 5011 2460 5080 περὶ.
2489 5008 2692 5077 ταύτης
2722 5007 2870 5076 λέγει
2898 5009 2997 5079 τῆς
3027 5007 3308 5077 ὑποταγῆς
3334 5046 3350 5071 ,
3409 5007 3497 5058 ἵνα
3537 5005 3722 5079 μάθῃς
3759 5005 3901 5057 πάλιν

2333 5098 2574 5160 Παλαιᾶς
2610 5095 2766 5168 Γ[660]
2821 5097 2916 5150 καὶ
2976 5095 3184 5164 Καινῆς
3226 5096 3324 5165 τὴν
3349 5095 3698 5165 συμφωνίαν.
3729 5091 3902 5156 Γυνὴ,

2334 5190 2518 5258 φησὶν,
2543 5187 2614 5240 ἐν
2641 5186 2875 5254 ἠσυχίᾳ
2908 5183 3253 5249 μανθανέτω
3276 5184 3347 5236 ὲν
3379 5183 3550 5250 πάσῃ
3577 5179 3872 5250 ὑποταγῇ,

2367 5267 2370 5269 ’
2403 5271 2559 5337 Εἶδες
2584 5275 2680 5327 καὶ
2699 5274 2862 5327 αὑτὸν
2881 5272 3226 5335 ὑποτάξαντα
3252 5270 3331 5341 τῷ
3352 5271 3507 5341 ἀνδρὶ
3527 5272 3631 5340 τήν
3650 5272 3905 5339 γυναῖκας

2346 5363 2485 5416 Ἀλλ’
2523 5363 2834 5432 ἀνάμεινον,
2871 5361 2965 5415 καὶ
2999 5362 3096 5431 τὴν
3121 5359 3300 5414 αἰτίαν
3329 5359 3560 5430 ἀκούσῃ.
3592 5359 3699 5412 Διὰ
3721 5360 3799 5424 τί,
3826 5357 3911 5409 Ἐν

2334 5451 2503 5520 πάσῃ
2543 5449 2850 5518 ὑποταγῇ
2887 5448 3157 5502 Γυναῖκα
3197 5459 3219 5486 ο
3249 5447 3380 5518 γὰρ,
3422 5448 3579 5517 φησὶ,
3604 5447 3912 5501 διδάσκειν

2335 5529 2446 5597 οὐκ
2490 5540 2799 5608 ἐπιτρέπω.
2853 5537 2954 5591 Διά
2982 5540 3064 5604 τί;
3102 5535 3336 5602 Ἐδίδαξε
3391 5538 3502 5606 γὰρ
3551 5537 3708 5603 ἅπαξ
3741 5536 3914 5595 κακῶς

2334 5631 2425 5684 τὸν
2457 5629 2647 5698 Ἀδάμ.
2681 5627 2834 5682 Οὐδὲ
2853 5627 3165 5682 αὐθεντεῖν
3193 5627 3300 5684 τοῦ
3319 5627 3562 5696 ἀνδρός.
3595 5627 3668 5682 Τί
3687 5627 3912 5700 δήποτες

2398 5787 2426 5826 b
2453 5787 2575 5846 Rog.
2595 5796 2727 5848 πιιιιιιε
2747 5783 2802 5829 σὲ
2824 5782 2993 5848 δίδωμι

2403 5853 2420 5879 ³
2447 5849 2572 5910 Reg.
2599 5847 2727 5896 idem
2751 5847 2950 5906 γυναικι.
