4028 6360
151 417 263 473 595

152 525 479 582 mandemus
506 541 522 581 :
550 526 764 598 reliquit
790 535 844 582 et
865 525 1220 596 subjugalium
1252 525 1413 579 multa
1443 539 1660 595 genera.
1694 529 1753 578 ut

147 619 218 674 ad
245 621 486 676 sarcinas
505 620 880 677 convellendas
896 620 1134 673 laborem
1155 617 1426 672 nobiscum
1450 623 1753 671 exantlent:

148 713 372 782 reliquit
400 715 576 767 ovium
608 727 813 784 greges,
845 722 901 766 ut
927 711 1217 766 habeamus
1238 751 1254 776 ,
1283 726 1402 780 quae
1430 709 1497 764 ad
1527 724 1626 763 nos
1655 724 1751 764 ve-

148 805 396 860 stiendos
417 805 719 860 sufficiant:
744 805 958 875 reliquit
978 815 1032 860 et
1048 804 1147 858 alia
1165 820 1356 875 genera
1378 802 1749 868 animantium,

147 909 220 948 ex
255 896 450 965 quibus
471 897 635 951 multa
665 897 715 950 in
741 905 952 951 nostros
976 909 1102 949 usus
1123 894 1400 949 commoda
1423 893 1748 948 derivantur.

146 984 289 1039 Nam
326 987 452 1056 quia
482 988 606 1040 dum
639 986 907 1040 hominem
947 987 1158 1055 puniret
1196 985 1406 1039 dixerat
1433 1002 1445 1037 :
1475 982 1540 1037 In
1569 984 1754 1038 sudore

148 1077 324 1131 vultus
357 1080 430 1131 tui
464 1081 672 1132 vesceris
703 1096 832 1147 pane
862 1089 945 1131 tuo
977 1078 1128 1150 (Gen.
1160 1078 1212 1131 5.
1245 1076 1333 1147 19)
1366 1095 1379 1130 :
1412 1086 1468 1131 ut
1493 1092 1560 1130 ne
1590 1075 1754 1130 sudor

148 1183 217 1223 ac
260 1169 417 1224 labor
453 1171 554 1224 iste
598 1169 948 1224 intolerabilis
986 1181 1168 1233 esset,
1201 1168 1410 1224 sudoris
1449 1167 1752 1221 molestiam

151 1261 468 1333 laborisque
503 1265 814 1332 gravitatem
842 1264 1206 1333 jumentorum
1238 1261 1577 1316 multitudine
1605 1261 1752 1316 leva—

149 1357 229 1409 vit
255 1397 268 1420 ,
303 1372 424 1426 qure
452 1372 553 1410 una
589 1357 864 1411 nobiscum
895 1357 1140 1414 laborant
1173 1364 1226 1410 et
1255 1355 1527 1409 molestias
1552 1353 1748 1408 ferunt.

152 1448 224 1502 Et
251 1450 702 1518 quemadmodum
731 1450 992 1518 benignus
1019 1464 1082 1504 ac
1109 1448 1358 1517 providus
1389 1448 1548 1501 herus
1575 1447 1756 1517 flagel-

151 1541 265 1595 lato
295 1558 454 1595 servo
479 1557 660 1596 curam
686 1543 916 1613 aliquam
943 1557 1230 1610 congruam
1254 1542 1473 1612 ﬂagellis
1495 1541 1708 1595 adhibet
1739 1560 1751 1595 :

153 1633 234 1686 sic
280 1633 532 1686 nimirum
580 1634 667 1687 ubi
711 1650 918 1703 pmnam
960 1649 1054 1688 reo
1094 1635 1345 1702 imposuit
1391 1634 1566 1699 Deus,
1608 1634 1753 1686 omni

153 1724 366 1776 ratione
397 1740 608 1792 pernam
650 1725 802 1777 istam
848 1725 1104 1779 leviorem
1134 1724 1362 1778 reddere
1391 1725 1592 1790 voluit,
1622 1724 1748 1778 dum

153 1813 220 1866 ad
251 1814 505 1868 sudorem
537 1832 632 1869 nos
659 1816 1002 1886 laboremque
1039 1826 1350 1885 perpetuum
1377 1816 1658 1871 damnatos
1695 1816 1749 1871 in

155 1905 343 1960 labore
369 1909 570 1960 curavit
599 1907 816 1962 ferendo
843 1924 868 1960 a
893 1909 1072 1962 multis
1096 1910 1380 1977 generibus
1406 1910 1752 1964 animantium

154 1996 422 2065 adjuvari.
469 1998 573 2052 Pro
613 1999 693 2053 bis
731 2015 859 2053 sane
899 2000 1148 2054 omnibus
1175 2000 1224 2054 ei
1264 2001 1461 2069 gratias
1491 2015 1749 2070 agamus:

154 2103 279 2140 nam
310 2088 454 2156 quod
482 2089 736 2144 honorem
762 2091 914 2144 nobis
934 2091 1177 2158 contulit,
1206 2106 1270 2145 ac
1290 2107 1474 2146 rursus
1497 2092 1755 2148 honorem

153 2180 376 2247 eripuit,
406 2189 462 2235 et
489 2196 591 2234 non
619 2197 831 2236 omnem
861 2183 1054 2252 eripuit
1081 2183 1275 2252 ipsum,
1307 2193 1360 2237 et
1384 2184 1525 2255 quod
1556 2184 1755 2239 bestia-

155 2285 276 2324 rum
308 2271 554 2326 timorem
584 2273 822 2338 immisit,
850 2283 906 2328 et
929 2274 1130 2340 omnia,
1159 2275 1204 2330 si
1232 2273 1350 2343 quis
1377 2275 1642 2330 examinet
1668 2291 1754 2342 ea,

154 2361 381 2415 multam
405 2364 739 2431 sapientiam,
762 2365 979 2419 multam
1002 2365 1412 2435 providentiam,
1429 2367 1756 2436 multamque

157 2451 500 2507 clementiam
542 2470 650 2524 prae
689 2471 748 2510 se
777 2456 957 2510 ferunt
1004 2475 1016 2509 :
1062 2472 1164 2524 qua
1198 2457 1350 2511 nobis
1380 2457 1627 2512 omnibus
1656 2457 1758 2512 frui

158 2557 426 2612 perpetuo
461 2547 734 2614 contingat
778 2547 828 2600 in
874 2549 964 2602 Dei
1001 2549 1224 2618 gloriam
1249 2590 1265 2613 ,
1298 2549 1386 2618 qui
1427 2549 1541 2603 hmc
1575 2551 1757 2604 omnia

163 2635 390 2701 perfecit
422 2652 435 2688 :
466 2636 565 2706 ipsi
595 2638 764 2707 gloria
798 2639 850 2692 in
879 2639 1072 2693 saacula
1101 2640 1440 2694 saeculorum.
1474 2642 1668 2696 Amen.

740 2791 969 2847 SERMO
997 2791 1061 2848 tv
1092 2792 1190 2866 (a).

163 2921 318 2989 Quod
371 2925 626 2978 servitutis
654 2927 828 2979 modos
876 2937 974 2980 (res
1018 2928 1277 2981 induxerit
1310 2939 1610 2998 peccatum:
1641 2931 1760 2985 etin

233 3017 546 3086 negligentes
575 3019 866 3081 auditores,
900 3036 1081 3086 eosque
1128 3022 1214 3090 qui
1249 3033 1482 3091 parentes
1529 3040 1631 3077 non
1659 3025 1758 3077 Ito-

232 3120 441 3162 norant.

236 3244 289 3295 1.
322 3241 529 3297 Honore
550 3245 699 3315 afﬁcit
719 3247 946 3301 subditos
965 3265 1082 3303 suos
1112 3247 1270 3318 Deus,
1292 3253 1638 3322 quomodo.-—-
1655 3255 1764 3310 Au-

161 3331 375 3387 divistis
415 3334 572 3402 heri,
616 3352 722 3406 quo
767 3349 922 3407 pacto
955 3341 1094 3396 Deus
1145 3341 1415 3398 hominem
1467 3345 1762 3402 bestiarum

161 3441 347 3494 regem
379 3442 441 3481 ac
469 3429 763 3499 principem
787 3433 1145 3502 constituerit,
1166 3451 1270 3504 quo
1289 3446 1443 3506 pacto
1473 3440 1598 3493 item
1629 3455 1764 3494 con-

161 3517 346 3572 festim
373 3535 402 3574 c
443 3537 610 3592 regno
653 3525 801 3578 illum
844 3527 1096 3595 cjecerit;
1127 3530 1210 3584 vel
1240 3533 1418 3599 potius
1443 3547 1549 3586 non
1579 3534 1720 3588 Deus
1744 3575 1760 3598 ,

161 3610 258 3664 sed
282 3612 396 3680 ipse
424 3627 520 3681 per
549 3615 962 3672 inobedientiam
989 3619 1193 3675 honore
1225 3622 1457 3691 seipsum
1480 3623 1760 3679 abdicarit.

159 3702 295 3756 Nam
339 3705 478 3772 quod
519 3707 593 3760 illi
625 3724 846 3777 regnum
875 3711 1158 3780 obtigerit,
1192 3712 1388 3768 divinre
1435 3714 1602 3770 solius
1653 3715 1754 3771 fuit

161 3797 532 3865 benignitatis.
573 3800 755 3870 Neque
782 3803 922 3856 enim
957 3801 1092 3858 hanc
1124 3805 1199 3858 illi
1230 3804 1532 3860 mercedem
1578 3808 1764 3863 tribuit

161 3898 313 3943 recte
360 3888 651 3956 factorum,
686 3892 781 3947 sed
821 3904 875 3948 et
903 3896 1206 3964 priusquam
1258 3907 1430 3964 esset,
1464 3896 1565 3952 hoc
1613 3899 1761 3953 illum

164 3980 373 4035 honore
394 3981 689 4038 decoravit.
726 3989 797 4039 At
827 4001 894 4040 ne
918 3985 1126 4042 diceres
1157 3989 1426 4043 hominem
1451 3998 1635 4058 postea
1665 4007 1766 4045 na-

164 4079 278 4123 tum
302 4112 317 4136 ,
351 4071 543 4127 deinde
574 4075 758 4129 multis
787 4076 945 4130 editis
997 4078 1273 4144 prceclaris
1322 4079 1650 4134 facinoribus
1691 4083 1762 4135 ita

164 4161 336 4215 Deum
366 4162 465 4216 sibi
510 4165 825 4220 conciliasse
849 4207 865 4232 ,
896 4176 953 4222 ut
976 4169 1043 4222 ab
1070 4184 1135 4222 eo
1161 4170 1442 4239 imperium
1473 4172 1524 4224 in
1558 4172 1762 4229 belluas

162 4253 456 4320 obtineret,
490 4271 611 4310 cum
658 4257 983 4315 formaturus
1011 4276 1135 4314 eum
1162 4270 1336 4324 esset,
1379 4262 1446 4316 de
1474 4262 1640 4332 ipsius
1667 4264 1767 4318 im-

162 4348 322 4414 perio
351 4349 510 4403 verba
562 4349 686 4404 facit
721 4352 792 4405 ita
824 4353 1008 4406 dicens
1039 4370 1051 4406 :
1082 4350 1360 4413 Faciamus
1399 4355 1652 4410 hominem
1697 4357 1766 4410 ad

161 4437 442 4509 imaginem
482 4450 528 4493 et
559 4441 936 4496 similitudinem
966 4454 1187 4498 nostram
1211 4487 1225 4512 ,
1252 4455 1299 4498 et
1336 4446 1656 4500 dominentur
1682 4448 1765 4503 be—

162 4536 276 4588 stiis
304 4544 453 4588 terra:
480 4534 630 4606 (Gen.
658 4537 709 4591 1.
741 4537 858 4607 26).
894 4541 1031 4594 Ante
1057 4540 1220 4593 vitam
1248 4540 1438 4604 honor,
1469 4551 1594 4596 ante
1614 4557 1766 4596 crea-

162 4626 371 4679 tionem
417 4641 614 4682 corona
633 4668 648 4693 ,
677 4636 731 4682 et
758 4637 1040 4698 antequam
1069 4630 1194 4695 fiat,
1222 4629 1289 4684 ad
1320 4632 1524 4701 regium
1568 4631 1762 4687 solium

161 4718 434 4773 evehitur.
469 4719 678 4774 Etenim
708 4720 953 4777 homines
996 4723 1237 4778 subditos
1281 4739 1409 4779 suos
1438 4725 1490 4778 in
1523 4735 1763 4781 extrema

161 4819 448 4866 senectute
500 4821 622 4881 post
665 4814 864 4868 multos
915 4814 1128 4870 labores
1167 4825 1219 4870 et
1247 4816 1450 4870 infinita
1482 4819 1716 4886 pericula
1745 4860 1760 4885 ,

159 4917 289 4955 cum
321 4902 373 4956 in
421 4918 551 4973 pace
579 4913 688 4959 tum
718 4906 770 4960 in
804 4906 989 4972 bellis,
1020 4917 1128 4962 tum
1156 4908 1371 4963 demum
1414 4910 1617 4967 honore
1647 4912 1766 4966 afli-

161 4997 316 5049 ciunt
347 5011 364 5049 :
391 4996 532 5052 Deus
560 5007 738 5052 autem
770 5014 876 5053 non
906 5000 998 5065 ita,
1027 5001 1118 5053 sed
1148 5002 1329 5055 Statim
1366 5010 1523 5072 atque
1553 5012 1672 5068 est,
1697 5003 1765 5059 ad

163 5085 317 5140 hunc
347 5101 470 5140 eum
516 5087 776 5145 honorem
805 5090 1018 5154 evexit,
1050 5102 1103 5145 et
1142 5091 1242 5145 hoc
1272 5108 1377 5146 non
1420 5103 1566 5148 recte
1594 5094 1762 5150 facto-

161 5191 286 5231 rum
321 5190 446 5232 esse
472 5181 774 5235 mercedem
807 5181 1074 5248 ostendit,
1104 5181 1196 5235 sed
1231 5183 1455 5250 gratiam
1487 5185 1720 5239 divinam
1746 5226 1761 5251 ,

162 5276 221 5320 et
247 5282 358 5322 non
401 5267 662 5324 debitum.
706 5271 859 5338 Quod
892 5272 1048 5342 igitur
1071 5272 1422 5341 principatum
1467 5277 1763 5345 acceperit,

162 5357 219 5412 id
244 5375 315 5413 ex
354 5359 469 5414 sola
515 5359 607 5416 Dei
637 5362 964 5432 benignitate
1014 5363 1086 5417 illi
1130 5363 1384 5416 obvenit:
1417 5365 1557 5433 quod
1587 5375 1764 5420 autem

160 5451 434 5506 exciderit
457 5453 784 5524 principatu,
808 5470 873 5510 ex
914 5455 1080 5524 ipsius
1107 5454 1334 5525 ignavia.
1362 5455 1504 5525 Ergo
1529 5464 1587 5509 ut
1615 5473 1766 5526 reges

157 5546 248 5598 eis
275 5546 364 5616 qui
393 5547 506 5602 suis
533 5563 638 5604 non
671 5558 861 5619 parent
903 5550 1168 5604 mandatis
1207 5549 1467 5619 abrogant
1497 5551 1766 5619 principa-

162 5645 286 5690 tum
319 5653 334 5690 :
363 5636 437 5691 ita
458 5653 518 5693 se
547 5639 714 5710 gessit
740 5656 866 5709 erga
915 5641 1184 5696 hominem
1217 5641 1354 5696 Deus
1379 5682 1392 5706 ,
1425 5647 1551 5695 cum
1570 5639 1618 5696 ei
1643 5651 1768 5698 tunc

155 5729 534 5800 principatum
570 5732 866 5802 abrogavit.
911 5733 1077 5788 Hodie
1108 5743 1285 5788 autem
1316 5747 1494 5802 Operae
1541 5733 1768 5802 pretium

237 5861 314 5925 (α)
350 5858 560 5916 Collatus
582 5878 691 5917 cum
715 5867 880 5918 codice
906 5868 1054 5930 Regio
1080 5866 1199 5918 1976
1224 5874 1274 5918 et
1292 5879 1400 5917 cum
1423 5865 1564 5916 2563.

1443 411 1506 466 ΙΝ
1545 407 1844 465 GENESllil
1882 407 2112 464 SERth
2136 408 2225 466 Π.

3350 411 3452 468 επ

1865 520 2025 577 fuerit
2050 521 2250 589 dicere,
2280 529 2536 592 quantum
2559 523 2718 579 etiam
2749 524 2909 580 alium
2933 523 3191 582 honorem
3225 527 3295 582 illi
3326 543 3422 596 pec
3441 559 3455 566 -

1863 617 1968 672 cati
1997 625 2184 670 natura
2215 616 2510 687 eripuerit,
2546 627 2596 673 et
2625 627 2756 689 quot
2784 621 3054 674 servitutis
3082 620 3269 676 modos
3298 622 3454 676 indu-

1861 711 2018 777 xerit,
2053 711 2180 765 dum
2223 720 2282 765 ut
2312 720 2571 782 tyrannus
2599 714 2862 784 quispiam
2912 713 3140 769 diversis
3167 716 3396 772 vinculis
3425 757 3443 783 ,

1860 804 2040 858 multis
2076 803 2360 873 generibus
2389 803 2782 873 principatuum
2823 813 3067 860 naturam
3099 815 3335 862 nostram
3357 807 3453 860 dc-

1860 895 2048 948 vinxit.
2081 895 2292 949 Primus
2324 894 2483 963 igitur
2505 895 2834 965 principatus
2860 904 2942 950 est
2967 896 3194 950 servitus
3217 935 3232 963 ,
3267 912 3369 967 qua
3399 906 3454 951 et

1860 987 2176 1042 mulieribus
2231 989 2499 1057 imperant
2537 987 2639 1042 viri
2671 1005 2684 1040 :
2717 988 2979 1058 siquidem
3011 998 3132 1059 post
3177 999 3450 1060 peccatum

1861 1077 1961 1132 hac
2009 1093 2146 1147 OptlS
2186 1079 2302 1133 fuit.
2349 1079 2482 1134 Nam
2529 1087 2655 1134 ante
2689 1079 3106 1134 inobedicntiam
3133 1095 3227 1150 par
3251 1079 3457 1138 honore

1859 1169 1958 1223 fuit
2001 1171 2154 1234 viro,
2199 1185 2430 1242 cumque
2473 1171 2620 1225 illam
2680 1169 2933 1226 formavit
2981 1172 3155 1235 Deus,
3183 1172 3457 1241 quibusin

1859 1261 2178 1317 formatione
2222 1262 2320 1315 viri
2351 1262 2526 1316 verbis
2572 1277 2700 1318 usus
2737 1271 2886 1328 erat,
2918 1263 3000 1316 his
3022 1272 3075 1316 et
3105 1262 3157 1316 in
3184 1264 3457 1317 creatione

1858 1353 2100 1408 mulieris
2141 1363 2220 1407 est
2261 1369 2407 1408 usus.
2450 1353 2522 1408 Ut
2550 1353 2711 1423 igitur
2749 1354 2817 1408 de
2847 1354 2940 1408 illo
2977 1354 3149 1418 dixit,
3182 1353 3462 1412 Faciamus

1861 1445 2109 1498 hominem
2160 1447 2226 1497 ad
2265 1447 2534 1517 imaginem
2568 1457 2616 1499 et
2659 1447 3035 1500 similitudinem
3069 1456 3291 1498 nostram
3315 1490 3326 1507 ,
3363 1451 3487 1499 ne—‘-

1859 1552 1960 1604 que
1987 1536 2159 1602 dixit,
2191 1537 2308 1589 Fiat
2333 1537 2492 1590 homo
2527 1554 2539 1590 :
2569 1537 2647 1591 sic
2676 1547 2726 1591 et
2754 1537 2820 1591 de
2862 1536 2965 1590 ista
2994 1553 3101 1590 non
3133 1537 3306 1600 dixit,
3340 1538 3456 1590 Fiat

1861 1629 2085 1697 mulier,
2138 1632 2234 1684 sed
2281 1630 2368 1684 hic
2413 1645 2622 1700 quoque
2673 1648 2686 1684 :
2738 1629 3014 1684 Faciamus
3088 1631 3134 1684 ei
3173 1629 3458 1698 adjutorem

1861 1719 2012 1789 (Gen.
2045 1721 2106 1774 2.
2137 1721 2227 1791 18)
2254 1763 2268 1786 ,
2301 1737 2473 1792 neque
2518 1723 2830 1792 simpliciter
2849 1723 3183 1793 adjutorem,
3213 1722 3337 1785 sed,
3363 1723 3459 1777 Se-

1861 1811 2083 1864 cundum
2111 1813 2318 1882 ipsum,
2348 1830 2453 1883 quo
2497 1830 2682 1869 rursus
2723 1814 2944 1870 honoris
2982 1815 3339 1886 mqualitatem
3370 1830 3459 1868 os.

1862 1901 2052 1957 tendit.
2082 1903 2213 1957 Nam
2242 1905 2493 1973 quoniam
2538 1905 2708 1960 bruta:
2761 1907 3060 1961 animantes
3091 1906 3157 1960 ad
3204 1921 3457 1962 necessa-
3522 1920 3532 1928 '

1861 1995 1973 2049 rios
2001 1996 2124 2049 vitae
2170 2011 2300 2050 usus
2327 1998 2549 2051 multum
2602 1998 2760 2054 nobis
2809 1998 3090 2053 conferunt
3129 1999 3456 2069 adjumcnti,

1861 2101 1929 2139 ne
1986 2087 2124 2141 forte
2169 2089 2450 2143 mulierem
2498 2105 2710 2159 quoque
2751 2089 2892 2144 inter
2934 2090 3197 2160 mancipia
3239 2101 3457 2160 putares

1863 2193 1983 2232 esse
2013 2182 2396 2235 numerandam
2423 2223 2437 2246 ,
2471 2181 2592 2236 vide
2619 2182 2889 2250 quomodo
2914 2183 2982 2236 ab
3011 2181 3116 2237 illis
3141 2197 3258 2237 eant
3282 2183 3458 2236 mani-

1862 2270 1998 2326 feste
2027 2273 2338 2343 distinguat.
2371 2273 2602 2328 Adduxit
2624 2274 2828 2341 bestias,
2857 2275 3046 2346 inquit,
3073 2291 3243 2329 coram
3268 2274 3454 2339 Adam,

1863 2373 1908 2416 et
1938 2381 2040 2417 non
2064 2375 2136 2418 est
2184 2367 2415 2421 inventus
2444 2367 2651 2437 adjutor
2688 2368 2869 2421 similis
2913 2368 2959 2420 ei
2993 2365 3269 2421 secundum
3293 2371 3461 2437 ipsum

1865 2454 2016 2528 (Gen.
2040 2456 2095 2511 2.
2130 2456 2216 2511 19.
2243 2456 2362 2528 20).
2389 2459 2525 2524 Quid
2549 2459 2744 2530 igitur?
2763 2474 2872 2512 non
2899 2466 2980 2512 est
3009 2457 3222 2527 adjutor
3247 2472 3418 2528 equus
3441 2499 3456 2521 ,

1862 2549 1951 2618 qui
1979 2564 2196 2618 operam
2224 2566 2376 2606 suam
2406 2552 2478 2605 illi
2508 2561 2722 2622 praestat
2755 2553 2808 2606 in
2835 2552 3033 2607 bellis?
3061 2568 3169 2606 non
3197 2559 3279 2606 est
3307 2550 3460 2620 adju-

1866 2649 1951 2695 tor
1999 2642 2097 2696 bos
2122 2684 2136 2710 ,
2179 2644 2268 2713 qui
2291 2658 2563 2698 vomerem
2598 2644 2787 2711 trahit,
2820 2653 2874 2699 et
2915 2643 3040 2698 dum
3069 2645 3271 2698 semina
3304 2653 3462 2697 terra:

1866 2734 2208 2799 mandantur,
2258 2735 2540 2789 nobiscum
2591 2735 2834 2789 laborat?
2860 2750 2967 2789 non
3013 2743 3139 2788 sunt
3185 2734 3460 2805 adjutores

1865 2829 2048 2880 asinus
2095 2835 2147 2879 et
2175 2828 2350 2881 mulus
2371 2869 2386 2894 ,
2414 2828 2502 2897 qui
2525 2827 2590 2881 ad
2627 2842 2792 2881 onera
2825 2825 3219 2880 transvehenda
3247 2840 3343 2879 nos
3365 2826 3461 2878 ad-

1859 2919 2088 2990 juvant?
2114 2920 2221 2975 Sed
2260 2937 2326 2976 ne
2357 2920 2459 2975 hoc
2497 2919 2644 2975 dicas
2676 2963 2689 2984 ,
2717 2928 3003 2990 propterea
3042 2919 3158 2974 haec
3207 2929 3454 2973 accurate

1865 3011 2156 3081 distinguit.
2191 3012 2304 3066 Non
2327 3014 2467 3066 enim
2498 3013 2808 3081 simpliciter
2837 3011 2990 3078 dixit,
3021 3010 3135 3065 Non
3165 3018 3247 3065 est
3273 3010 3462 3063 inven-

1865 3111 1950 3158 tus
1994 3103 2067 3157 illi
2094 3103 2325 3173 adjutor,
2356 3103 2481 3171 sed,
2517 3102 2637 3157 Non
2665 3112 2737 3157 est
2775 3103 3004 3156 inventus
3046 3101 3250 3172 adjutor
3281 3101 3464 3155 similis

1866 3196 1931 3248 ei.
1961 3195 2035 3249 Ita
2063 3195 2147 3248 hic
2173 3210 2386 3266 quoque
2414 3211 2518 3249 non
2545 3195 2696 3261 dixit,
2723 3194 3055 3263 simpliciter,
3088 3192 3366 3248 Faciamus
3389 3193 3461 3245 illi

1867 3287 2162 3357 adjutorem
2183 3327 2199 3353 ,
2232 3287 2324 3341 sed
2351 3328 2364 3353 ,
2397 3285 2676 3340 Faciamus
2725 3285 2803 3340 illi
2847 3285 3134 3356 adjutorem
3183 3287 3464 3337 secundum

1865 3378 2032 3447 ipsum
2057 3420 2071 3441 ,
2095 3377 2246 3432 dixit.
2271 3377 2396 3432 Haec
2422 3387 2598 3432 autem
2624 3385 2748 3431 ante
2780 3386 3056 3446 peccatum
3083 3377 3418 3446 contigerunt
3447 3393 3459 3429 :

1869 3477 1989 3537 post
2013 3479 2287 3538 peccatum
2317 3479 2494 3524 autem
2531 3486 2544 3522 :
2576 3469 2656 3522 Ad
2685 3469 2847 3522 virum
2889 3477 3030 3522 tuum
3064 3468 3319 3521 conversio
3341 3478 3427 3520 tua
3446 3509 3462 3530 ,

1867 3565 1911 3607 et
1939 3555 2048 3622 ipse
2075 3555 2148 3606 tui
2177 3554 2520 3608 dominabitur
2547 3552 2698 3624 (Gen.
2720 3555 2772 3608 5.
2799 3551 2912 3623 16).
2943 3552 3227 3622 Aﬂqualem
3260 3552 3464 3604 honore

1869 3653 1921 3699 te
1975 3646 2184 3709 ereavi,
2226 3645 2433 3714 inquit;
2469 3659 2574 3697 non
2599 3652 2744 3698 recte
2792 3657 2889 3697 usa
2927 3659 2986 3697 es
3032 3642 3365 3711 principatu:
3396 3642 3462 3694 ad

1867 3736 2252 3805 sultjectionem
2293 3735 2581 3790 descende.
2630 3734 2745 3788 Non
2779 3734 2943 3787 tulisti
2970 3734 3267 3787 libertatem
3299 3750 3312 3786 :
3345 3749 3462 3786 scr-

1867 3829 2090 3882 vitutem
2134 3828 2374 3882 admitte.
2410 3827 2692 3881 Nescivisti
2724 3826 2990 3895 imperare
3014 3867 3027 3891 ,
3059 3824 3200 3894 quod
3243 3834 3297 3879 et
3350 3824 3461 3893 ipsa

1869 3937 2048 3976 rerum
2075 3921 2404 3990 experientia
2446 3919 2732 3975 declarasti
2762 3937 2774 3972 :
2809 3927 2925 3973 esto
2954 3934 3061 3972 una
3101 3933 3168 3973 ex
3199 3916 3423 3970 subditis
3445 3959 3459 3980 ,

1869 4024 1922 4069 et
1947 4014 2219 4068 dominum
2255 4015 2426 4066 virum
2471 4027 2720 4083 agnosce.
2751 4011 2831 4064 Ad
2857 4011 3021 4064 virum
3048 4018 3187 4062 tuum
3208 4008 3463 4062 conversio

1871 4116 1974 4170 tua,
1999 4117 2046 4160 et
2072 4108 2178 4178 ipse
2198 4107 2267 4160 tui
2289 4107 2646 4159 dominabitur.
2675 4105 2744 4159 At
2768 4104 2886 4158 vide
2916 4103 3017 4157 hoc
3053 4102 3170 4156 loco
3197 4099 3290 4155 Dei
3314 4100 3464 4153 beni-

1869 4199 2140 4267 gnitatem.
2190 4196 2268 4251 Ne
2318 4197 2462 4251 enim
2507 4197 2767 4261 audiens,
2812 4194 2934 4266 Ipse
2981 4194 3052 4247 tui
3097 4191 3461 4254 dominabitur,

1871 4308 2086 4361 gravem
2137 4299 2382 4346 censeret
2427 4306 2548 4346 esse
2588 4290 2950 4353 dominatum,
2984 4287 3131 4356 prius
3173 4286 3344 4354 posuit
3371 4300 3466 4338 no-

1870 4401 1992 4440 men
2024 4401 2166 4439 cura:
2193 4384 2377 4438 dicens
2402 4424 2415 4448 ,
2454 4383 2534 4436 Ad
2563 4384 2725 4437 virum
2755 4391 2896 4434 tuum
2924 4380 3180 4434 conversio
3209 4389 3294 4431 tua
3320 4421 3331 4439 ,
3364 4377 3465 4432 hoc

1869 4487 1972 4542 est,
2003 4477 2280 4547 Refugium
2311 4486 2477 4542 tuum,
2508 4484 2712 4545 portus,
2736 4482 2790 4527 et
2809 4471 3067 4527 securitas
3091 4471 3181 4524 tibi
3211 4471 3314 4524 erit
3337 4469 3461 4523 ille:

1871 4572 2004 4624 utin
2033 4571 2298 4634 omnibus,
2333 4585 2452 4638 qua:
2485 4570 2750 4637 ingruent,
2781 4567 2938 4620 malis
2957 4565 3023 4619 ad
3055 4565 3225 4633 ipsum
3258 4573 3310 4618 te
3331 4577 3463 4617 cou-

1869 4671 2047 4715 vertas
2069 4668 2140 4714 set
2167 4658 2478 4728 confugias,
2513 4657 2605 4711 tibi
2645 4655 2903 4711 concedo.
2927 4655 3110 4725 Neque
3141 4654 3242 4706 hoc
3265 4653 3460 4716 solum,

1870 4751 1964 4805 sed
2010 4760 2064 4804 et
2099 4750 2426 4803 naturalibus
2455 4763 2549 4802 eos
2603 4747 3010 4802 necessitatibus
3056 4745 3359 4814 colligavit,
3410 4755 3464 4797 et

1869 4851 2138 4912 tamquam
2179 4841 2460 4895 infractum
2503 4837 2768 4908 quoddam
2810 4837 3114 4898 vinculum,
3161 4833 3462 4902 cupiditatis

1871 4936 1973 4989 illis
1998 4945 2240 4988 catenam
2269 4933 2465 5003 injecit.
2497 4930 2660 4986 Vides
2684 4940 2742 4984 ut
2776 4929 3159 4999 subjectionem
3203 4926 3463 4980 invexerit

1869 5028 2082 5098 quidem
2103 5036 2396 5097 peccatum,
2412 5025 2582 5079 solers
2598 5034 2774 5078 autem
2787 5032 2840 5077 et
2853 5023 3063 5090 sapiens
3083 5020 3222 5073 Deus
3240 5018 3319 5071 his
3331 5033 3465 5088 quo-

1871 5137 1974 5191 que
1996 5120 2061 5173 ad
2089 5128 2324 5173 nostram
2353 5117 2638 5172 utilitatem
2666 5116 2729 5170 sit
2758 5115 2920 5168 usus?
2946 5111 3084 5166 Audi
3116 5110 3238 5180 quid
3267 5109 3335 5162 de.
3360 5109 3460 5163 hac

1860 5213 2200 5283 'subjectione
2231 5211 2373 5266 dicat
2400 5209 2592 5264 Paulus
2616 5250 2631 5274 ,
2661 5216 2717 5262 ut
2746 5221 2958 5262 rursum
2992 5204 3196 5258 Veteris
3221 5217 3288 5257 ac
3327 5201 3461 5256 Novi

1871 5304 2196 5360 Testamenti
2231 5302 2571 5358 concordiam
2603 5299 2887 5367 intelligas.
2923 5295 3128 5359 Mulier,
3165 5295 3374 5362 inquit,
3407 5294 3460 5345 in

1871 5398 2070 5452 silentio
2091 5397 2251 5448 discat
2275 5410 2390 5447 cum
2410 5393 2548 5445 omni
2573 5390 2876 5457 subjectione
2900 5388 2976 5457 (1.
3013 5384 3143 5438 Tim.
3162 5382 3214 5436 2.
3236 5382 3320 5436 11.
3345 5381 3453 5445 12).

1947 5491 1999 5544 Μ
2007 5491 2179 5544 ulieris
2215 5489 2462 5558 oﬁicium;
2493 5485 2672 5540 mulier
2690 5484 2915 5555 subjecta
2939 5482 3077 5544 viro,
3107 5496 3284 5550 quare.
3312 5479 3456 5532 Alte-

1872 5600 1985 5636 runt
2010 5582 2260 5637 servitutis
2287 5595 2441 5649 genus
2469 5594 2530 5632 ea:
2561 5585 2782 5646 peccato.
2799 5603 2873 5614 --
2895 5572 3059 5627 Vides
3076 5581 3128 5626 et
3153 5571 3324 5639 ipsum
3347 5569 3459 5622 viro

1874 5675 2150 5729 mulierem
2179 5671 2469 5739 subjecisse
2487 5670 2510 5722 ?
2530 5667 2633 5723 Sed
2652 5676 2922 5734 exspeCIa,
2942 5674 2996 5718 et
3019 5675 3232 5718 causam
3252 5659 3458 5714 audie<.

1874 5763 2003 5828 Cur,
2030 5762 2156 5818 Cum
2186 5762 2323 5816 omni
2349 5758 2690 5830 subiectione?
2720 5755 2928 5810 Mulieri
2955 5755 3120 5821 enim,
3146 5751 3335 5823 inqait,
3363 5752 3459 5804 do-

1876 5871 1986 5911 cere
2013 5871 2111 5909 non
2151 5855 2400 5925 permitto.
2435 5850 2570 5921 Quid
2603 5851 2715 5906 ita?
2741 5847 2917 5905 Semel
2941 5847 3083 5903 enim
3113 5845 3250 5904 male
3275 5844 3456 5901 docuit
