4028 6360
581 421 709 477 ’595

600 538 792 593 Adam.
850 532 1025 601 Neque
1065 529 1317 583 dominari
1360 529 1411 582 in
1454 540 1637 581 virum.
1677 524 1789 580 Cur
1838 523 1892 578 id
1938 520 2186 577 tandem?

599 625 779 683 Semel
806 625 1003 695 quippe
1033 622 1170 676 male
1194 620 1465 675 dominata
1491 628 1593 674 est.
1620 615 1727 673 Sed
1755 632 1863 672 esse
1888 615 1944 668 in
1963 614 2184 668 silentio.

604 718 700 772 Dic
723 732 850 771 vero
880 729 1118 771 causam.
1151 710 1317 767 Adam
1356 710 1501 769 enim
1523 750 1538 774 ,
1563 709 1760 779 inquit,
1785 724 1886 761 non
1918 714 1991 760 est
2032 703 2188 760 sedu-

600 820 710 863 ctus
741 806 963 861 :mulier
999 814 1168 859 autem
1213 802 1419 857 seducta
1454 801 1507 854 in
1538 798 1952 870 pravaricatione
1978 796 2075 868 fuit
2108 795 2186 865 (1.

604 895 743 953 Tim.
780 895 835 951 2.
869 895 980 966 14).
1018 894 1219 950 Idcirco
1264 893 1408 947 illam
1452 905 1483 945 a
1509 889 1766 945 doctrina:
1809 887 1947 942 solio
1974 885 2184 955 dejecit.

603 990 705 1056 Qui
749 989 890 1044 enim
930 986 1125 1042 docere
1156 985 1362 1048 nescit,
1390 982 1578 1041 discat.
1603 980 1809 1050 inquit:
1840 976 1982 1049 quod
2018 976 2062 1029 si
2089 989 2187 1029 no-

604 1082 764 1137 luerit
789 1081 1017 1145 discere,
1046 1078 1140 1134 sed
1167 1075 1622 1138 docerevoluerit,
1656 1082 1710 1128 et
1731 1072 1985 1142 seipsum,
2028 1078 2081 1124 et
2106 1068 2191 1123 di-

602 1174 838 1243 .scipulos
865 1173 1081 1241 insuper
1105 1186 1232 1226 suos
1255 1169 1469 1239 perdet:
1504 1167 1555 1223 id
1580 1165 1723 1237 quod
1744 1167 1902 1223 etiam
1931 1173 2055 1218 tunc
2076 1176 2192 1217 mu-

604 1262 722 1320 lieri
764 1262 975 1318 accidit.
1033 1263 1228 1317 Verum
1277 1261 1418 1316 illam
1466 1258 1680 1330 quidem
1736 1258 1853 1309 viro
1898 1254 2191 1323 subjectam

606 1358 802 1423 fuisse,
845 1372 909 1411 ac
938 1365 1155 1426 propter
1196 1364 1468 1425 peccatum
1512 1351 1680 1407 fuisse
1717 1349 2047 1419 subjectam,
2071 1346 2193 1401 hinc

610 1447 951 1503 manifestum
978 1454 1061 1501 est
1090 1464 1103 1499 :
1138 1444 1265 1500 illud
1296 1452 1473 1498 autem
1501 1441 1686 1496 audire
1715 1440 1894 1503 velim,
1921 1438 2002 1492 Ad
2030 1437 2193 1491 uirum

610 1548 754 1593 tuum
776 1539 1031 1593 conversio
1055 1547 1171 1603 tua,
1195 1546 1242 1592 et
1269 1538 1379 1606 ipse
1409 1536 1485 1590 tui
1510 1534 1870 1589 dominabitur.

681 1630 735 1684 2.
764 1630 911 1686 Scire
936 1631 1092 1683 velim
1115 1644 1221 1699 quo
1242 1637 1394 1698 pacto
1414 1626 1481 1681 de
1502 1626 1602 1681 hac
1622 1626 1781 1680 etiam
1801 1638 1926 1679 cura
1951 1622 2196 1693 loquatur

608 1721 820 1787 Paulus,
844 1730 898 1777 et
915 1720 1240 1776 dominatum
1262 1720 1481 1774 misceat
1506 1732 1625 1773 cum
1649 1714 2037 1773 benevolentia.
2056 1713 2199 1781 Quo—

601 1830 731 1868 .nam
760 1814 916 1883 igitur
932 1813 982 1869 iu
1008 1811 1125 1867 loco
1152 1811 1204 1867 id
1232 1810 1392 1866 facit?
1415 1809 1497 1865 Ad
1524 1808 1829 1864 Corinthios
1850 1807 1927 1878 (a)
1957 1807 2197 1861 scribens

586 1904 710 1970 'ait,
750 1901 891 1967 Viri,
914 1902 1108 1974 diligite
1141 1919 1323 1956 uxores
1347 1900 1367 1973 (
1394 1900 1585 1972 Ephes.
1617 1900 1671 1956 5.
1699 1899 1770 1955 25
1796 1898 1814 1970 )
1853 1918 1867 1954 :
1897 1914 2023 1955 ecce
2044 1896 2195 1966 illud,

610 1998 691 2050 Ad
723 1996 885 2051 virum
910 2005 1051 2049 tuum
1075 1997 1330 2050 conversio
1363 2005 1472 2049 tua.
1504 1994 1702 2050 Uxores
1726 2002 1896 2049 autem
1918 1995 2198 2048 uttimeant

608 2089 742 2142 uiros
794 2086 965 2158 (Ibid.
1009 2103 1056 2141 υ.
1095 2086 1185 2159 55)
1215 2102 1376 2143 :ecce
1402 2086 1552 2151 illud,
1592 2085 1715 2158 Ipse
1740 2087 1813 2140 tui
1836 2084 2195 2140 dominabitur.

609 2177 773 2233 Vides
793 2177 1079 2233 utminime
1096 2178 1273 2248 gravis
1296 2179 1365 2232 sit
1389 2177 1709 2244 dominatus,
1733 2175 1945 2247 quando
1968 2175 2200 2231 fervidus

514 2302 519 2307 -
610 2280 839 2337 amator,
882 2270 1119 2325 mulieris
1158 2270 1440 2326 servientis
1478 2270 1638 2326 fuerit
1676 2268 1956 2337 dominus,
1986 2268 2201 2340 quando

614 2372 789 2417 metus
818 2362 976 2417 fuerit
999 2377 1122 2416 cum
1156 2362 1377 2418 caritate
1406 2362 1760 2431 conjunctus?
1806 2361 1896 2417 Sic
1923 2362 2065 2417 enim
2094 2361 2200 2416 tol-

614 2452 742 2507 litur
766 2453 940 2508 omnis
969 2452 1212 2508 molestia
1263 2453 1556 2508 servitutis.
1584 2450 1762 2508 Unum
1790 2451 1967 2523 itaque
1998 2450 2201 2522 princi-

606 2551 798 2613 patum
830 2542 1036 2598 induxit
1060 2543 1443 2599 inobedientia.
1483 2543 1599 2599 Noli
1624 2544 1768 2599 enim
1805 2543 1905 2600 hoc
1931 2554 2197 2615 spectare,

618 2634 761 2704 quod
788 2634 933 2688 illam
968 2642 1025 2689 ut
1062 2634 1341 2705 oportebat
1368 2635 1682 2705 temperarit
1716 2635 1856 2690 Deus
1878 2677 1894 2701 ,
1924 2635 2019 2690 sed
2060 2634 2203 2706 quod

619 2727 786 2796 ipsam
813 2726 1082 2781 servitutis
1096 2735 1337 2782 naturam
1363 2727 1698 2783 constituerit
1726 2736 1999 2796 peccatum
2020 2743 2033 2781 :
2058 2726 2203 2797 quod

620 2829 703 2876 est
724 2820 950 2875 alterum
970 2834 1138 2890 genus
1158 2820 1428 2875 servitutis
1442 2821 1606 2875 multo
1628 2819 1792 2890 priori
1812 2820 2044 2891 gravius,
2062 2819 2205 2888 quod

621 2922 676 2968 et
690 2912 861 2982 ipsum
878 2914 1137 2983 originem
1156 2923 1208 2968 et
1224 2913 1561 2968 occasionem
1579 2912 1730 2967 duxit
1744 2928 1777 2967 a
1802 2922 2038 2982 peccato.
2073 2912 2206 2967 Nam

612 3016 739 3077 post
758 3005 1013 3061 diluvium
1043 3006 1178 3073 Noe,
1210 3020 1494 3060 commune
1524 3005 1653 3060 illud
1677 3005 1912 3060 universi
1934 3014 2203 3059 terrarum

622 3098 769 3154 orbis
802 3098 1132 3168 naufragium
1164 3108 1235 3153 ~et
1260 3098 1479 3152 exitium
1506 3139 1519 3162 ,
1546 3099 1783 3166 peccavit
1829 3096 1882 3151 in
1910 3096 2207 3166 genitorem

623 3204 777 3243 suum
799 3189 967 3243 Cltam
993 3190 1009 3220 ¹
1030 3229 1047 3257 ,
1074 3203 1303 3259 cumque
1324 3188 1578 3243 nudatum
1603 3197 1809 3256 patrem
1834 3188 2086 3255 vidisset,
2112 3203 2206 3243 ac-

612 3279 899 3333 cusatione
935 3278 1083 3333 illum
1122 3278 1349 3347 amplius
1374 3293 1471 3333 sua
1496 3278 1634 3347 apud
1658 3277 1849 3332 fratres
1886 3293 2012 3332 suos
2041 3279 2209 3333 nuda-

614 3372 721 3439 ~vit,
750 3381 907 3441 atque
934 3370 1058 3425 inde
1088 3369 1311 3425 fratrum
1339 3385 1525 3426 servus
1549 3379 1631 3427 est
1666 3370 1856 3426 factus.
1877 3370 2210 3441 Corruperat

626 3465 771 3519 enim
801 3473 1002 3519 natura:
1028 3465 1359 3519 nobilitatem
1389 3464 1620 3533 pravitas
1656 3464 1941 3520 voluntatis
1966 3481 1979 3521 :
2008 3480 2071 3519 ac
2095 3481 2209 3521 me-

626 3558 731 3612 rito
775 3556 1011 3627 quidem.
1066 3555 1339 3626 Scriptura
1376 3555 1543 3626 igitur
1581 3550 1887 3611 innumeras
1934 3571 2029 3626 pro
2063 3557 2210 3626 justo

616 3648 832 3719 ,profert
880 3648 1251 3704 excusationes
1275 3690 1290 3716 ,
1314 3648 1398 3703 vel
1447 3649 1620 3718 potius
1644 3664 1762 3703 uno
1790 3649 1957 3704 verbo
1995 3663 2209 3703 omnem

627 3741 702 3794 illi
742 3741 835 3794 dat
860 3740 1090 3794 veniam.
1118 3739 1280 3809 Coepit
1307 3740 1481 3804 enim,
1510 3740 1706 3810 inquit,
1738 3738 1855 3793 Noe
1899 3740 2049 3794 homo
2069 3741 2210 3811 agri-

614 3832 740 3885 -cola
768 3830 920 3901 (Gen.
950 3830 1004 3886 9.
1033 3830 1149 3899 20).
1174 3830 1307 3885 Illud
1337 3845 1487 3897 vero,
1511 3830 1692 3899 Coepit,
1724 3831 1943 3885 multam
1971 3834 2212 3887 continet

613 3923 900 4003 :ebrietatis
926 3923 1342 3979 excusationem.
1370 3921 1500 3977 Nam
1528 3936 1698 3992 neque
1722 3931 1975 3992 quantum
1997 3922 2104 3977 vini
2127 3922 2212 3977 bi-'

629 4016 859 4071 bendum
901 4026 1045 4071 esset
1086 4023 1339 4080 noverat,
1372 4028 1473 4069 nec
1511 4014 1811 4084 quomodo;
1838 4030 2115 4070 merumne
2142 4030 2211 4070 an

624 4122 765 4179 aqua
807 4107 1074 4161 mixtum:
1114 4121 1215 4162 nec
1251 4106 1463 4176 quando
1492 4105 1820 4174 bibendum,
1864 4108 2116 4163 statimne
2145 4123 2209 4163 ex

630 4197 983 4254 torcularibus
1030 4197 1274 4252 haustum
1296 4237 1311 4263 ,
1344 4212 1410 4249 an
1439 4204 1559 4265 post
1604 4196 1818 4266 aliquod
1860 4206 2067 4266 tempus
2095 4197 2211 4252 ela-

628 4305 804 4359 psum.
835 4290 912 4344 Ae
932 4288 1203 4358 Scriptura
1230 4287 1445 4358 quidem
1485 4302 1580 4357 per
1606 4287 1721 4343 haec
1747 4286 1859 4343 Noe
1888 4288 2083 4343 factum
2114 4304 2211 4344 ex-

627 4392 812 4448 cusat;
839 4384 929 4453 qui
956 4398 1171 4438 vero-ex
1202 4383 1319 4452 ipso
1367 4389 1654 4451 prognatus
1697 4390 1852 4444 erat,
1874 4382 1973 4451 qui
2000 4380 2069 4436 ab
2098 4382 2214 4451 ipso

630 4484 874 4533 servatus
898 4474 1188 4547 (siquidem
1209 4483 1425 4542 propter
1443 4471 1737 4528 exhibitum
1764 4474 1897 4541 patri
1928 4472 2211 4537 honorem,

629 4583 732 4622 una
760 4582 884 4623 cum
931 4566 1140 4621 caeteris
1166 4572 1479 4633 tempestate
1503 4564 1744 4619 sublatus
1774 4578 1879 4618 non
1912 4564 2169 4632 perierat)
2195 4606 2210 4629 ,

628 4659 775 4715 nulla
808 4667 1011 4712 natura:
1041 4657 1217 4712 habita
1246 4657 1451 4711 ratione
1473 4696 1488 4719 ,
1518 4669 1624 4709 non
1647 4654 1835 4709 salutis
1860 4654 2091 4710 obtenta:
2120 4668 2212 4709 re-

629 4751 925 4818 cordatus,
977 4764 1085 4804 non
1136 4758 1281 4803 metu
1333 4748 1399 4802 ad
1438 4747 1716 4802 meliorem
1764 4756 2004 4801 mentem
2052 4745 2213 4801 redu—

628 4856 768 4909 etus,
795 4858 919 4900 cum
949 4841 1121 4896 adhuc
1149 4852 1433 4909 superesse
1455 4838 1705 4908 reliquias
1730 4847 1971 4893 cerneret
2007 4837 2100 4891 ira:
2126 4837 2213 4892 di-

629 4938 768 4991 vime
793 4976 811 5002 ,
841 4949 963 4989 cum
994 4933 1212 5000 vestigia
1237 4930 1554 4986 calamitatis
1578 4944 1855 4999 apparere,
1891 4943 2012 4983 cum
2041 4927 2216 4983 adhuc

631 5042 818 5083 eorum
864 5039 985 5095 quae
1037 5023 1341 5079 acciderant
1389 5030 1590 5076 metum
1634 5022 1851 5092 vigere,
1891 5018 2215 5075 contumelia

632 5126 907 5191 parentem
954 5115 1149 5170 all‘ecit.
1176 5114 1289 5169 [loc
1316 5114 1476 5169 etiam
1519 5114 1772 5167 admonet
1811 5110 2027 5180 sapiens
2069 5111 2217 5179 quis-

632 5211 777 5280 piam
816 5208 1004 5262 diceus
1034 5222 1047 5259 :
1082 5203 1165 5259 Ne
1188 5203 1417 5275 glorieris
1461 5204 1515 5258 in
1555 5201 1860 5256 contumelia
1909 5200 2068 5270 patris
2094 5201 2167 5253 tui
2199 5217 2217 5254 :

634 5316 739 5355 non
761 5299 893 5353 enim
922 5305 992 5353 est
1013 5297 1101 5351 tibi
1124 5296 1288 5366 gloria
1303 5294 1462 5365 patris
1484 5292 1786 5347 contumelia
1807 5290 1993 5361 (Eccli.
2012 5291 2064 5346 5.
2100 5289 2216 5361 12).

636 5393 834 5447 Verum
864 5403 1036 5458 neque
1077 5386 1179 5441 hoc
1219 5393 1440 5441 noverat
1470 5384 1591 5448 ille;
1620 5382 1714 5436 sed
1759 5390 2033 5451 peccatum
2073 5383 2218 5436 omni

634 5484 791 5539 venia
816 5490 872 5536 et
908 5478 1251 5536 excusatione
1290 5477 1565 5547 indignum
1594 5473 1827 5528 admisit.
1854 5471 1984 5528 Ideo
2013 5474 2220 5543 peccati

636 5590 852 5648 poenam
901 5574 1210 5629 servitutem
1254 5570 1507 5634 incurrit,
1536 5566 1866 5635 fratrumque
1908 5579 2095 5619 servus
2137 5573 2222 5620 est

702 5731 720 5763 ⁸
756 5737 822 5779 tta
845 5729 975 5790 Regii
996 5727 1144 5790 bene.
1168 5726 1285 5790 Edit.
1310 5724 1457 5782 male,
1480 5722 1724 5790 Chanaan.

703 5794 775 5851 (a)
809 5783 1045 5838 Mettioria’:
1062 5787 1195 5851 lapsu
1206 5788 1578 5851 phrysostomus
1594 5784 1793 5851 Paulum
1828 5783 2081 5851 Corinthiis
2102 5783 2220 5832 scri-

643 5844 847 5901 beiuem
867 5852 1072 5912 inducit;
1097 5844 1186 5898 sed
1204 5844 1343 5899 locus
1358 5857 1435 5897 est
1456 5851 1506 5896 in
1526 5849 1670 5912 Epist.
1687 5846 1747 5896 ad
1771 5844 2014 5908 Ephesios.

1322 414 1376 470 S.
1418 410 1695 468 JOANNIS
1731 405 2203 466 CllRYSOSTOMl
2241 404 2555 461 ARClllEP.
2598 406 3111 464 CONSTANTINOP

3770 412 3869 467 55$

2292 522 2498 590 factus,
2527 533 2583 579 et
2623 526 3026 596 praerogativam
3079 524 3299 583 honoris
3338 542 3367 581 a
3408 538 3597 583 natura
3642 529 3869 586 delatam

2291 617 2453 671 animi
2482 617 2737 686 pravitate
2781 618 2979 674 amisit.
3010 618 3187 673 Habes
3215 620 3439 674 alterum
3481 621 3755 674 servitutis
3778 636 3871 690 ge-

2292 723 2411 762 nus.
2442 708 2536 762 Vis
2564 709 2724 763 etiam
2754 709 2966 764 tertium
2995 710 3187 764 nosse?
3214 710 3431 765 Duobus
3454 711 3725 780 prioribus
3751 727 3869 781 gra-

2293 800 2409 854 vius
2430 808 2512 854 est
2536 800 2696 867 istud,
2729 802 3000 872 multoque
3024 801 3430 858 formidabilius.
3460 802 3593 857 Nam
3622 806 3869 874 quoniam

2293 890 2395 946 illis
2429 906 2535 946 non
2560 900 2644 947 est
2660 893 2975 949 emendatus
2996 895 3038 961 ί,
3066 895 3270 949 vincula
3297 896 3449 950 nobis
3472 896 3692 950 adauxit
3716 897 3876 951 Deus.

2293 981 2569 1050 Quodnam
2592 985 2751 1053 igitur
2773 984 2898 1039 illud
2919 986 3037 1040 est?
3057 986 3361 1055 Principum
3389 999 3453 1040 ac
3474 987 3872 1055 magistratuum

2293 1073 2579 1140 nimirum;
2619 1090 2723 1129 non
2758 1076 2864 1131 tale
2892 1077 3047 1145 quale
3074 1077 3344 1143 mulieris,
3390 1091 3565 1145 neque
3590 1076 3695 1130 tale
3722 1078 3878 1147 quale

2295 1179 2572 1219 servorum
2597 1207 2613 1231 ,
2654 1167 2749 1221 sed
2777 1166 2945 1221 multo
2983 1168 3152 1236 magis
3179 1165 3537 1223 formidabile.
3579 1167 3771 1221 Videre
3799 1177 3877 1221 est

2297 1256 2533 1327 undique
2578 1256 2783 1327 gladios
2827 1266 3047 1325 acutos,
3097 1259 3405 1323 carnifices,
3448 1259 3742 1329 supplicia,
3773 1268 3876 1312 tor-

2297 1357 2500 1413 menta,
2534 1364 2748 1417 pmnas,
2774 1349 2894 1403 vitm
2933 1350 3186 1419 necisque
3214 1360 3550 1418 potestatem.
3587 1349 3657 1403 Ut
3704 1360 3874 1403 autem

2297 1441 2435 1495 scias
2466 1440 2607 1495 hunc
2635 1456 2845 1511 quoque
2893 1442 3107 1495 modum
3154 1441 3477 1510 principatus
3504 1457 3574 1497 ex
3597 1442 3875 1496 occasione

2299 1531 2499 1600 peccati
2523 1540 2698 1586 ortum
2723 1533 2970 1587 habuisse
2989 1573 3003 1596 ,
3025 1548 3211 1588 rursus
3234 1533 3456 1587 Paulum
3478 1534 3655 1603 ipsum
3686 1533 3755 1589 de
3786 1535 3877 1589 hoc

2300 1620 2765 1691 phiIOSOphantem
2796 1623 2941 1676 audi.
2972 1622 3033 1677 Si
3062 1632 3229 1676 autem
3272 1625 3346 1677 vis
3388 1640 3491 1678 non
3521 1624 3701 1679 tirnere
3750 1638 3877 1693 pate.

2300 1723 2500 1780 statim,
2537 1714 2722 1769 bonum
2752 1719 2865 1786 fac,
2892 1716 3094 1784 inquit,
3122 1725 3169 1769 et
3198 1717 3401 1771 habebis
3442 1717 3648 1771 laudem
3687 1734 3751 1771 cs
3774 1718 3876 1770 illa.

2301 1805 2364 1859 Si
2410 1816 2576 1859 autem
2621 1806 2811 1861 malum
2857 1808 3035 1878 feceris
3054 1848 3070 1875 ,
3100 1808 3218 1862 time
3241 1824 3263 1861 :
3293 1825 3394 1861 non
3423 1809 3559 1861 enim
3586 1809 3699 1862 sine
3731 1825 3878 1861 causa

2300 1897 2527 1967 gladium
2556 1907 2722 1968 portat
2769 1899 2943 1969 (Rom.
2972 1900 3061 1954 15.
3109 1900 3163 1956 5.
3191 1901 3268 1970 4).
3300 1899 3465 1956 Vides
3493 1912 3722 1971 propter
3748 1916 3839 1956 eos
3858 1944 3875 1967 ,

2301 1992 2394 2060 qui
2421 1992 2618 2046 malum
2663 2002 3005 2063 perpetrant,
3043 2004 3097 2048 et
3125 1994 3419 2063 principem
3446 2003 3501 2048 et
3525 1995 3763 2064 gladium
3790 1996 3879 2048 im-

2302 2082 2507 2137 minere
2527 2083 2549 2137 l
2568 2084 2705 2138 Audi
2734 2082 3065 2138 manifestius
3088 2085 3226 2138 istud
3252 2085 3425 2153 ipsum
3452 2100 3660 2140 rursus.
3699 2085 3880 2139 Viades

2304 2178 2447 2231 enim
2472 2184 2573 2241 est,
2606 2176 2794 2244 inquit,
2822 2176 2867 2229 ei
2888 2177 2973 2247 qui
2997 2176 3189 2230 malum
3219 2178 3324 2247 agit
3352 2176 3563 2247 (Ibid.).
3594 2177 3782 2246 Neque
3803 2178 3878 2230 dio

2303 2267 2421 2333 xit,
2453 2267 2569 2322 Non
2610 2269 2755 2322 enim
2804 2270 2920 2323 sine
2964 2284 3120 2323 causa
3163 2270 3411 2338 princeps
3452 2280 3535 2324 est
3568 2270 3708 2325 :sed
3729 2270 3878 2339 quid?

2306 2359 2430 2415 Non
2467 2362 2599 2415 enim
2636 2362 2745 2415 sine
2784 2377 2938 2415 causa
2962 2363 3195 2432 gladium
3221 2371 3408 2434 portat.
3438 2364 3720 2416 Armatum
3753 2363 3879 2431 judi-

2305 2467 2422 2508 cem
2455 2452 2546 2507 tibi
2576 2453 2837 2522 praefecit.
2862 2453 2931 2509 Ut
2954 2455 3097 2509 enim
3125 2464 3275 2525 pater
3304 2455 3537 2509 illioram
3562 2470 3770 2521 amans,
3800 2456 3876 2507 ubi

2306 2544 2635 2615 negligenter
2678 2543 2858 2599 oflicio
2895 2560 2996 2599 suo
3040 2545 3186 2617 fungi
3225 2546 3371 2601 videt
3401 2545 3522 2601 illos
3548 2588 3564 2612 ,
3594 2554 3650 2601 et
3679 2557 3879 2616 propter

2307 2647 2584 2706 paternam
2608 2637 2987 2709 indulgentiam
3016 2654 3075 2694 se
3102 2640 3170 2694 ab
3197 2639 3301 2694 illis
3331 2642 3623 2707 contemni,
3655 2642 3724 2695 ob
3744 2656 3878 2695 suam

2307 2729 2599 2786 bonitatem
2647 2731 2947 2803 predagogis
2989 2748 3051 2788 ac
3091 2732 3511 2803 przcccptoribus
3565 2734 3881 2787 terribilibus

2310 2821 2429 2877 illos
2479 2823 2801 2877 committit:
2830 2825 2908 2879 sic
2949 2835 3004 2879 et
3047 2840 3076 2877 a
3105 2836 3287 2879 nostra
3328 2833 3517 2878 natura
3550 2840 3610 2879 se
3654 2838 3881 2880 contem-

2310 2923 2461 2985 ptum
2502 2930 2729 2971 cernens
2773 2916 2913 2972 Deus
2938 2957 2954 2985 ,
2987 2917 3057 2972 ob
3085 2933 3235 2972 suam
3286 2919 3579 2973 bonitatem
3629 2929 3885 2989 tamquam

2311 3005 2579 3076 magistris
2606 3022 2670 3062 ac
2695 3008 2999 3079 paedagogis
3038 3008 3354 3079 quibusdam
3396 3010 3726 3079 principibus
3755 3011 3884 3064 illam

2315 3100 2573 3166 tradidit,
2606 3110 2665 3154 ut
2712 3101 3088 3170 negligentiam
3126 3100 3245 3170 ejus
3289 3102 3642 3169 corrigercnt.
3691 3101 3797 3155 Sed
3844 3100 3885 3154 si

2312 3194 2471 3248 vultis
2495 3235 2509 3260 ,
2535 3210 2598 3249 ex
2626 3196 2791 3248 veteri
2818 3194 3162 3250 Testamento
3184 3195 3313 3249 illud
3344 3205 3652 3266 spectemus
3671 3236 3689 3261 ,
3711 3195 3778 3249 ob
3804 3209 3889 3247 n0-

2313 3297 2479 3340 Stram
2529 3286 2775 3341 nimirum
2824 3288 3137 3356 pravitatem
3168 3287 3270 3342 hoc
3315 3302 3451 3357 epos
3491 3287 3661 3342 fuisse
3699 3288 3886 3357 princi.

2316 3388 2460 3449 patu.
2492 3377 2722 3449 Propter
2754 3378 2962 3448 iniquos
2987 3380 3247 3449 quispiam
3277 3380 3536 3448 propheta
3575 3393 3888 3435 succense-us

2315 3472 2400 3527 his
2427 3472 2605 3527 verbis
2635 3474 2798 3527 utitur
2822 3490 2835 3525 :
2866 3471 3073 3526 Tacebis
3101 3473 3219 3525 dum
3247 3472 3433 3540 impius
3459 3473 3667 3526 devorat
3682 3474 3887 3546 justum,

2314 3574 2362 3620 ct
2388 3567 2542 3637 facies
2569 3566 2589 3595 ¹
2612 3566 2838 3619 homines
2870 3566 3014 3635 quasi
3043 3566 3202 3635 pisces
3244 3565 3418 3625 maris,
3451 3575 3496 3616 et
3521 3566 3677 3634 quasi
3703 3566 3889 3634 reptilia

2314 3675 2416 3714 non
2438 3659 2672 3712 habentia
2693 3660 2871 3711 ducem
2898 3656 3120 3725 (Habac.
3146 3658 3196 3712 1.
3228 3658 3310 3711 15.
3342 3656 3468 3727 id)?
3495 3657 3637 3725 Ergo
3668 3657 3889 3711 ideodux

2316 3761 2400 3805 est
2425 3793 2439 3815 ,
2470 3766 2537 3806 ne
2582 3760 2850 3819 tamquam
2892 3749 3101 3819 reptilia
3131 3750 3334 3802 simus:
3361 3749 3481 3801 ideo
3510 3751 3765 3817 princeps
3785 3790 3802 3813 ,
3835 3763 3891 3801 ue

2320 3853 2586 3912 tamquam
2635 3844 2808 3911 pisces
2836 3841 2857 3874 ³
2884 3856 2983 3895 nos
3028 3841 3255 3895 invicem
3307 3839 3655 3894 devoremus.
3690 3838 3818 3893 Nam
3846 3850 3892 3891 ut

2317 3944 2538 4004 propter
2580 3934 2799 3988 morbos
2838 3933 3228 3987 medicamenta
3258 3941 3382 3985 sunt
3405 3932 3561 3998 data,
3590 3932 3671 3986 sie
3694 3940 3893 4000 prepter

2317 4025 2533 4090 delicta,
2564 4025 2842 4095 supplicia.
2872 4024 3134 4090 Quoniam
3175 4024 3317 4078 enim
3346 4024 3391 4077 is
3420 4023 3509 4093 qui
3536 4023 3741 4076 virtute
3772 4038 3892 4092 pra?-

2318 4118 2459 4173 ditus
2490 4118 2646 4180 vivit,
2674 4116 2936 4187 ejusmodi
2974 4114 3294 4187 prsei‘ectura
3351 4129 3456 4168 non
3503 4114 3747 4183 indiget,
3788 4112 3892 4166 audi

2319 4211 2444 4282 quid
2469 4211 2630 4269 .dicat
2650 4210 2846 4265 Paulus
2877 4229 2889 4264 :
2916 4210 3011 4264 Sin
3039 4219 3207 4262 autem
3236 4209 3309 4261 vis
3339 4224 3441 4261 non
3482 4208 3667 4260 timere
3690 4218 3893 4276 potesto-

2322 4314 2421 4357 tem
2446 4345 2460 4367 ,
2507 4303 2693 4356 bonum
2735 4302 2817 4371 [ac
2846 4341 2860 4365 ,
2894 4309 2940 4355 et
2989 4301 3191 4354 habebis
3229 4301 3428 4353 laudent
3474 4316 3540 4353 ea:
3581 4298 3679 4351 illa
3739 4297 3890 4365 (llam.

2324 4396 2508 4465 L13).
2541 4392 2819 4464 Spectator
2849 4405 2969 4447 tuus
2992 4434 3005 4456 ,
3027 4392 3216 4462 inquit,
3250 4403 3331 4446 est
3358 4390 3543 4459 judex.
3576 4389 3635 4444 Si
3669 4400 3811 4444 recte
3837 4389 3898 4439 ri-

2322 4503 2413 4541 vas
2437 4529 2453 4554 ,
2483 4503 2587 4541 non
2632 4495 2898 4555 spectator
2922 4485 3092 4539 solum
3115 4524 3129 4547 ,
3164 4483 3257 4537 sed
3296 4483 3459 4537 etiam
3511 4482 3785 4535 laudator.
3810 4478 3897 4532 Sed

2322 4581 2447 4651 quid
2491 4596 2589 4650 ego
2630 4578 2697 4633 de
2746 4579 3044 4648 principum
3090 4576 3284 4646 loquor
3312 4575 3640 4629 necessitate
3666 4615 3681 4637 ,
3713 4584 3896 4628 cumet

2323 4674 2441 4727 aliis
2484 4673 2650 4726 multo
2682 4670 2972 4739 majoribus
3002 4668 3343 4723 sublimiorcs
3389 4667 3497 4720 sint
3539 4666 3633 4736 qui
3686 4666 3901 4738 philoso-

2325 4767 2502 4838 phiam
2533 4763 2739 4820 Colunt?
2765 4762 3034 4833 Siquidem
3060 4762 3357 4831 principum
3377 4758 3615 4826 ipsorum
3647 4760 3900 4829 principes

2325 4868 2451 4915 sunt
2492 4859 2657 4929 leges.
2693 4858 2937 4910 Attamen
2983 4870 3157 4923 neque
3208 4852 3414 4922 legibus
3459 4852 3668 4922 indiget
3714 4855 3792 4917 is,
3823 4852 3897 4918 qui

2317 4966 2446 5007 cum
2495 4948 2751 5003 modestia
2782 4956 2836 5001 et
2879 4947 3131 5016 aequitate
3158 4945 3296 4997 vivit
3328 4962 3341 4996 :
3370 4954 3533 5013 atque
3574 4944 3681 4999 hoc
3716 4954 3901 4997 testan-

2327 5053 2435 5099 tem
2477 5042 2596 5096 audi
2624 5040 2844 5095 Paulum
2880 5039 2962 5093 his
2992 5038 3198 5102 verbis,
3231 5036 3381 5090 Iusto
3405 5037 3487 5089 lex
3518 5053 3621 5088 non
3650 5046 3723 5089 est
3752 5038 3901 5105 posita

2310 5128 2405 5209 '(l.
2432 5133 2562 5190 Tim.
2592 5135 2642 5190 l.
2677 5133 2751 5203 9).
2784 5134 2933 5201 Quod
2962 5135 3004 5187 si
3036 5134 3119 5188 lex
3142 5132 3308 5203 posita
3338 5147 3443 5185 non
3468 5141 3575 5191 est,
3602 5133 3777 5186 multo
3806 5146 3905 5183 ma-

2325 5230 2405 5299 gis
2435 5225 2677 5297 princeps
2706 5224 2753 5279 ei
2783 5224 3060 5294 priefectus
3081 5238 3187 5277 non
3218 5231 3319 5276 est.
3355 5223 3433 5276 En
3462 5221 3557 5275 tibi
3582 5222 3799 5276 tertium
3827 5239 3905 5289 ge-

2328 5338 2428 5375 nus
2471 5321 2797 5389 principatus
2820 5359 2836 5382 ,
2864 5318 2954 5386 qui
2993 5327 3047 5372 et
3078 5317 3192 5386 ipse
3235 5316 3450 5371 ductam
3486 5315 3651 5372 habet
3678 5316 3908 5371 occasui-

2325 5428 2446 5468 nem
2476 5428 2503 5465 a
2528 5419 2743 5481 peccato
2767 5419 2820 5463 et
2846 5409 3202 5478 improbitate.

2388 5594 2407 5623 ι
2444 5596 2558 5650 neg.
2586 5599 2741 5645 unus,
2764 5596 2857 5634 non
2880 5579 3121 5633 emendati
3142 5594 3323 5632 stantis.
3350 5580 3467 5629 adit.
3489 5616 3502 5639 ,
3529 5578 3612 5629 ille
3649 5594 3742 5629 non
3765 5594 3911 5628 aiter.-

2327 5654 2575 5768 “ﬂii
2608 5723 2758 5766 unus,
2804 5722 2833 5758 ο
2865 5706 3120 5768 providens
3154 5715 3301 5767 Deus,
3346 5710 3477 5755 taces
3518 5705 3641 5754 dm
3685 5708 3843 5765 imi“
3865 5704 3916 5753 κε’

2330 5777 2474 5835 impio
2496 5770 2766 5824 det-oratur.
2789 5779 2832 5819 et
2856 5770 2993 5839 locis.

2395 5841 2415 5871 ³
2450 5846 2585 5902 lteg.,
2608 5848 2759 5899 pisces
2783 5845 2947 5882 maris.
