4028 6360
623 366 725 433 ευῖ

694 499 766 565 γ’.
792 494 913 559 Πῶς
945 492 1038 550 οὖν
1059 498 1085 550 6
1110 486 1318 562 Παῦλός
1351 516 1535 570 φησιν,
1559 499 1640 553 δτι
1674 502 1795 555 Οὐκ
1827 503 2000 555 ἐστιν
2024 501 2199 565 ἐξου-
2230 516 2238 521 ·

621 587 747 649 σία,
771 586 921 655 εἰμὴ
941 586 1058 640 ἀπὸ
1079 586 1258 652 Θεοῦ;
1283 589 1403 642 Ὅτι
1429 590 1592 653 αὑτὸς
1616 590 1783 661 αὑτὴν
1806 591 1942 660 πρὸς
1966 590 2026 643 τὸ
2049 590 2199 643 λυσι-

620 674 773 739 τελὲς
802 676 932 746 ἡμῖν
958 677 1310 746 κατέστησεν.
1338 677 1615 747 Εἰσήγαγε
1643 678 1741 748 μὲν
1772 678 1878 750 γάρ
1907 678 2077 749 αὑτῆς
2096 679 2197 748 τὴν

621 765 810 834 χρείαν
835 766 867 835 ή
896 764 1161 837 ἀμαρτίαο
1191 768 1220 820 6
1250 768 1308 820 δὲ
1330 768 1462 831 Θεὸς
1500 770 1637 839 πρὸς
1664 768 1725 821 τὸ
1754 768 2032 837 συμφέρον
2061 770 2196 837 ἡμῖν

619 852 989 921 ἀπεχρήσατο.
1011 854 1117 907 Καὶ
1138 854 1383 925 καθάπερ
1406 858 1438 926 ή
1462 856 1619 926 χρεία
1636 855 1741 907 τῶν
1763 856 2068 923 φαρμάκων
2090 854 2197 910 ἀπὸ

615 938 726 993 τῶν
754 940 1077 1009 τραυμάτων
1106 939 1335 1007 γίνεται,
1372 941 1403 1009 ή
1440 940 1495 991 δέ
1522 939 1782 1007 ἐπαγωγὴ
1817 939 1923 991 τῶν
1964 936 2189 1008 φαρμά-

618 1042 730 1079 κων
757 1024 865 1078 ἀπὸ
895 1025 997 1094 τῆς
1028 1025 1135 1077 τῶν
1157 1025 1354 1097 ἰατρῶν
1390 1026 1577 1095 σοφίας
1601 1043 1615 1059 ο
1648 1026 1789 1078 οὑτω
1826 1027 1919 1078 καί¹
1955 1028 1986 1095 ἡ
2032 1024 2189 1094 χρεία

616 1115 719 1186 τῆς
734 1113 977 1177 δουλείας
994 1115 1101 1167 ἀπὸ
1118 1114 1219 1184 τῆς
1248 1115 1521 1186 ἀμαρτίας
1545 1115 1735 1182 γέγονε
1756 1131 1769 1143 ·
1799 1114 1860 1166 τὸ
1882 1114 1937 1167 δὲ
1965 1115 2045 1175 εἰς
2070 1113 2189 1165 δέον

619 1202 789 1273 αὑτὴν
813 1202 1093 1273 ῥυθμίσαι,
1117 1202 1223 1255 ἀπὸ
1247 1203 1346 1272 τῆς
1372 1203 1465 1255 τοῦ
1495 1202 1629 1255 Θεοῦ
1651 1203 1860 1269 σοφίας.
1903 1200 2060 1253 Ἀλλά
2083 1200 2188 1271 γὰρ

618 1292 962 1361 διανάστητε,
993 1293 1086 1345 καὶ
1115 1290 1212 1361 τὴν
1244 1291 1515 1362 ρᾳθυμίαν
1545 1290 1829 1343 ἀπόθεσθε.
1851 1289 2007 1352 Τίνος
2026 1289 2190 1342 ἓνεκα

619 1380 777 1434 τοῦτο
797 1380 937 1449 λέγω
957 1399 972 1447 ;
1007 1381 1141 1451 Περί
1163 1380 1393 1451 Γραφῶν
1414 1383 1541 1451 ὑμῖν
1559 1379 1910 1451 διηγούμεθα,
1939 1379 2096 1450 ὑμεῖς
2131 1378 2190 1430 δὲ

620 1470 745 1531 τοὺς
777 1468 1085 1538 ὀφθαλμοὺς
1121 1470 1524 1539 ἀποστήσαντες
1554 1469 1727 1539 ήμῶν,
1770 1468 1905 1538 πρὸς
1924 1467 2022 1530 τὰς
2054 1467 2190 1536 λαμ-

621 1557 797 1619 πάδας
823 1557 915 1609 καὶ
944 1556 1034 1609 τὸν
1076 1556 1174 1619 τὰς
1211 1556 1497 1625 λαμπάδας
1535 1555 1766 1610 ἃπτοντα
1798 1557 2187 1625 μετεστήσατε.

620 1644 733 1699 Καὶ
779 1644 950 1713 πόσης
980 1642 1134 1696 τοῦτο
1184 1643 1473 1715 ῥᾳθυμίας,
1512 1645 1660 1713 ἡμᾶς
1712 1643 1966 1712 ἀφέντας,
2018 1642 2190 1711 τούτῳ

622 1732 913 1801 προσέχειν
938 1750 952 1797 ;
986 1731 1100 1800 Πῦρ
1119 1732 1344 1785 ἀνάπτω
1360 1729 1514 1798 κάγὼ
1540 1743 1564 1770 ι
1588 1730 1649 1783 τὸ
1669 1730 1775 1783 ἀπὸ
1808 1730 1915 1782 τῶν
1938 1730 1976 1781 Γ
1983 1728 2187 1800 ραφῶν,

620 1821 715 1873 καὶ
737 1821 829 1871 ἐπὶ
848 1820 949 1890 τῆς
977 1819 1219 1890 γλώττης
1240 1820 1338 1891 τῆς
1355 1819 1627 1891 ἡμετέρας
1642 1818 1946 1889 λαμπάδιον
1976 1818 2188 1871 καίεται

617 1908 680 1961 τὺ
702 1910 800 1979 τῆς
828 1907 1395 1971 διδασκαλίας.·Τοῦτο
1431 1906 1612 1978 μεῖζον
1640 1906 1733 1960 καὶ
1758 1905 1962 1975 βέλτιον
1986 1905 2046 1959 τὸ
2076 1905 2191 1975 φῶς

619 1996 827 2049 ἐκείνου
865 1995 959 2049 τοῦ
1008 1994 1217 2065 φωτός*
1252 1995 1311 2048 οὑ
1342 1995 1450 2066 γάρ
1486 1994 1550 2065 δὴ
1590 1993 1879 2066 θρυαλλίδα
1909 1993 2191 2064 διάϐροχον

620 2083 803 2154 ἐλαίῳ,
823 2083 1071 2153 καθάπερ
1096 2076 1270 2146 οὗτος,
1304 2084 1633 2153 ἐξάπτομεν,
1666 2081 1800 2136 ἀλλά
1821 2081 1999 2152 ψυχὰς
2028 2085 2083 2134 ἐν
2110 2082 2192 2133 εὑ-

622 2174 808 2246 σεϐείᾳ
836 2175 1137 2245 ἀρδομένας
1165 2176 1229 2245 τῇ
1260 2174 1359 2244 τῆς
1387 2173 1704 2245 ἀκροάσεως
1736 2174 2045 2243 ἀνάπτομεν
2074 2173 2191 2225 ἐπι-

620 2262 810 2332 θυμίᾳ.
834 2262 1109 2329 Διελέγετό
1130 2278 1258 2313 ποτε
1286 2263 1379 2314 καὶ
1405 2263 1432 2313 6
1464 2260 1671 2321 Παῦλος
1702 2262 1759 2312 ἐν
1792 2258 2024 2329 ὑπερῴῳ
2063 2258 2186 2311 τινί.

634 2350 795 2403 Ἀλλά
826 2351 1013 2421 μηδεὶς
1042 2349 1307 2420 νομιζέτω
1334 2367 1399 2419 με
1419 2347 1614 2416 Παύλῳ
1633 2347 1996 2417 παραϐάλλειν
2020 2349 2190 2416 ἐμαυ-

620 2438 743 2491 τόν·
778 2439 839 2490 οὐ
873 2438 983 2509 γὰρ
1013 2436 1156 2490 οὕτω
1190 2437 1409 2508 μέμηνα
1431 2451 1447 2469 ·
1483 2436 1596 2488 ἀλλ’
1629 2436 1715 2488 ἵνα
1774 2434 1979 2507 μάθητε
2016 2437 2188 2505 πόσην

621 2525 749 2595 περὶ
774 2524 872 2595 τὴν
901 2525 1163 2594 ἀκρόασιν
1209 2523 1440 2592 σπουδὴν
1473 2522 1873 2575 ἐπιδείκνυσθαι
1912 2524 2040 2593 χρή.
2104 2526 2189 2575 Δι-

621 2612 839 2681 ελέγετο
865 2612 1042 2666 τοίνυν
1068 2614 1095 2665 6
1124 2613 1333 2675 Παῦλος
1353 2614 1410 2665 ἐν
1434 2610 1687 2681 ὑπερῴῳ,
1717 2612 1810 2664 καὶ⁴
1832 2612 2037 2682 ἐσπέρα
2064 2628 2191 2664 κατ-

620 2700 800 2764 έλαϐε,
836 2699 1085 2770 καθάπερ
1116 2701 1207 2752 καὶ
1241 2698 1334 2752 νῦν
1362 2741 1376 2764 ,
1414 2700 1507 2752 καὶ
1545 2698 1826 2769 λαμπάδες
1850 2694 1989 2770 ἦσαν
2024 2702 2081 2751 ἐν
2113 2700 2190 2771 τῷ

620 2787 882 2859 ὑπερῴῳ·
916 2782 1034 2840 εἶτα
1063 2790 1091 2840 6
1123 2786 1359 2857 Εὔτυχος
1392 2787 1498 2840 ἀπὸ
1530 2790 1629 2858 τῆς
1660 2787 1874 2858 θυρίδος
1898 2788 2187 2851 κατέπεσε,

618 2879 711 2931 καὶ
741 2877 801 2929 ού
822 2876 1028 2930 διέλυσε
1054 2877 1110 2930 τὸ
1135 2876 1332 2945 πτῶμα
1359 2876 1449 2929 τὸν
1479 2875 1752 2943 σύλλογον,
1783 2877 1903 2929 οὑδὲ
1926 2877 2190 2946 ἀνέστησε

617 2965 679 3018 τὸ
711 2965 932 3033 θέατρον
965 2967 993 3017 6
1021 2964 1277 3026 θάνατος’
1309 2964 1422 3017 ἀλλ’
1450 2963 1621 3026 οὕτως
1652 2960 1792 3034 ἦσαν
1832 2965 2189 3036 προσηλωμέ-

618 3068 700 3103 νοι
726 3053 790 3121 τῇ
830 3051 937 3103 τῶν
967 3050 1124 3103 θείων
1166 3052 1427 3121 ἀκροάσει
1465 3050 1688 3118 λογίων,
1726 3052 1801 3113 ώς
1844 3052 1975 3121 μηδέ
2004 3053 2191 3121 αἰσθη-

620 3141 776 3212 θῆναι
812 3139 905 3193 τοῦ
947 3139 1237 3209 πτώματος
1261 3158 1273 3170 ·
1311 3141 1469 3209 ὑμεῖς
1520 3141 1575 3192 δὲ
1608 3141 1758 3193 οὐδὲν
1788 3142 1935 3206 ξένον
1972 3143 2187 3208 ἰδόντες,

619 3228 740 3283 οὑδὲ
767 3228 1093 3297 παράδοξον,
1124 3226 1237 3280 ἀλλ’
1271 3227 1555 3297 ἄνθρωπον
1577 3229 1644 3281 τὰ
1678 3228 1879 3300 συνήθη
1912 3230 2187 3293 ποιοῦντα,

619 3316 719 3378 τὰς
746 3313 894 3383 ὄψεις
925 3315 1043 3366 ἐκεῖ
1077 3312 1429 3383 μετεθήκατε.
1469 3315 1578 3367 Καὶ
1609 3315 1766 3377 ποίας
1801 3316 1867 3369 ἂν
1912 3317 1996 3387 εἴη
2036 3316 2191 3370 τοῦτο

623 3399 949 3471 συγγνώμης
978 3399 1156 3463 ἀξιονς
1192 3401 1396 3471 Μηδεὶς
1429 3402 1636 3468 τοίνυν,
1673 3404 1964 3473 ἀγαπητοὶ,
2002 3422 2189 3476 φορτι-

622 3489 726 3559 κήν
749 3505 870 3541 τινα
893 3489 992 3559 τὴν
1008 3488 1322 3558 ἐπιτίμησιν
1349 3488 1614 3557 νομιζέτω
1630 3503 1644 3518 ·
1672 3492 1732 3543 οὑ
1750 3490 1858 3562 γὰρ
1884 3494 2186 3561 μισοῦντες,

620 3576 759 3629 ἀλλά
806 3574 1089 3645 κηδόμενοι
1145 3572 1499 3644 ἐγκαλοῦμεν.
1554 3575 2031 3646 Ἀξιοπιστότερα
2082 3581 2190 3652 γάρ

621 3664 922 3733 τραύματα
940 3663 1151 3730 φίλων,
1181 3661 1217 3730 ἣ
1239 3662 1486 3715 ἑκούσια
1505 3664 1808 3732 φιλήματα
1834 3666 2079 3735 ἐχθρῶν.

692 3752 1019 3822 Διανάστητε
1040 3751 1237 3812 τοίνυν,
1271 3750 1594 3820 παρακαλῶ,
1636 3753 1729 3805 καὶ
1767 3752 1923 3807 τοῦτο
1962 3755 2191 3822 ἀφέντες

618 3841 681 3895 τὸ
708 3840 839 3910 πῦρ,
868 3839 945 3908 τῷ
972 3840 1110 3908 φωτὶ
1138 3822 1432 3908 προσέχετε
1458 3838 1567 3892 τῶν
1600 3838 1759 3892 θείων
1776 3840 2026 3912 Γραφῶν.
2044 3843 2192 3895 Ἕτε-

622 3944 714 3999 ρον
742 3927 851 3998 γὰρ
872 3927 998 3996 ὑμῖν
1018 3926 1189 3997 ἀρχῆς
1217 3924 1475 3994 βούλομαι
1501 3924 1701 3994 τρόπον
1732 3928 1923 3993 εἰπεῖν,
1958 3931 2057 3982 οὐκ
2084 3931 2191 3984 ἀπὸ

621 4015 896 4087 ἁμαρτίας
918 4013 1263 4083 λαμϐάνοντα
1295 4011 1440 4084 [665]
1463 4012 1557 4082 τὴν
1582 4014 1855 4081 ὑπόθεσιν,
1883 4017 2019 4069 ἀλλά
2042 4020 2190 4089 παρά

618 4107 719 4174 τῆς
748 4103 961 4173 φύσεως
994 4101 1182 4171 αὑτῆς.
1216 4100 1312 4163 Τίς
1336 4096 1427 4153 οῦν
1453 4096 1604 4164 οὗτός
1634 4104 1817 4169 ἐστιν;
1868 4105 1924 4157 '0
1957 4106 2064 4158 τῶν
2099 4125 2189 4160 τε-

620 4194 826 4249 κόντων
850 4193 929 4253 εἰς
954 4189 1171 4258 ἔκγονα.
1203 4189 1415 4242 Ὠδίνων
1440 4190 1547 4259 γάρ
1571 4192 1717 4242 ἐστιν
1757 4193 1957 4265 ἀμοιϐὴ
1991 4198 2021 4265 ἡ
2081 4213 2191 4248 τοι-

621 4280 757 4351 αύτη
789 4280 942 4349 τιμή.
976 4278 1071 4330 Διά
1105 4275 1261 4330 τοῦτο
1296 4276 1390 4330 καί
1423 4295 1507 4340 τις
1544 4279 1703 4345 σοφὸς
1736 4279 1913 4347 λέγει·
1965 4283 2061 4348 Ὠς
2096 4284 2189 4337 δε-

621 4373 876 4433 σπόταις
923 4368 1259 4420 δούλευσον
1278 4367 1400 4431 τοῖς
1438 4367 1775 4435 γεννήσασι
1796 4386 1887 4423 σε.
1934 4369 2066 4425 Εἶτα
2094 4376 2188 4427 καὶ

619 4460 720 4528 τὴν
752 4457 928 4510 αἰτίαν
962 4455 1155 4522 ἐπάγει
1176 4455 1347 4522 λέγων
1368 4471 1381 4486 ⁶
1409 4455 1468 4509 Τί
1489 4456 1597 4523 γὰρ
1624 4458 1825 4523 αὐτοῖς
1849 4460 2189 4515 ἀνταποδώ-

621 4561 754 4609 σεις
776 4583 791 4607 ,
820 4543 1010 4606 καθὼς
1039 4543 1209 4595 αὐτοί
1235 4558 1332 4596 σοι
1354 4558 1373 4606 ;
1405 4543 1595 4595 Καίτοι
1622 4545 1672 4596 τί
1702 4546 1831 4598 ποτέ
1855 4549 2019 4609 ἐστιν,
2060 4549 2087 4602 ὃ
2114 4552 2187 4621 μὴ

620 4634 842 4687 δύναται
893 4634 1019 4694 παῖς
1062 4631 1350 4686 ἀποδοῦναι
1407 4632 1608 4703 πατρί;
1644 4633 1808 4687 Οὐδὲν
1860 4631 1952 4689 οὖν
2000 4638 2186 4711 ἀλλοῆ

619 4722 778 4776 τοῦτο
806 4721 977 4789 λέγει·
1002 4719 1197 4783 Καθὼς
1227 4720 1380 4773 αὑτοί
1422 4737 1481 4773 σε
1515 4720 1830 4793 ἐγέννησαν,
1877 4726 1941 4778 σὺ
1994 4727 2190 4793 αὐτοὺς

620 4810 877 4879 γεννῆσαι
910 4806 968 4859 οὑ
996 4806 1216 4878 δυνήσῃ.
1274 4809 1425 4861 Ἑπεί
1459 4803 1551 4861 οῦν
1587 4810 1727 4863 κατά
1756 4810 1914 4864 τοῦτο
1941 4813 2187 4883 ἠλαττώ-

622 4898 782 4969 μεθα,
821 4894 1081 4965 ἑτέρωθεν
1120 4894 1599 4967 πλεονεκτήσωμεν
1621 4901 1740 4962 ταῖς
1772 4901 1851 4962 εἰς
1881 4903 2077 4966 αὑτοὺς
2103 4922 2187 4958 τι-

624 4989 773 5058 μαῖς,
813 4986 885 5055 μὴ
910 4982 999 5037 διά
1023 4984 1111 5037 τὸν
1143 4985 1241 5056 τῆς
1274 4985 1485 5054 φύσεως
1515 4986 1677 5055 νόμον
1707 4987 1883 5057 μόνον,
1913 4990 2048 5044 ἀλλά
2082 4996 2187 5065 πρὸ

618 5073 719 5143 τῆς
746 5071 959 5141 φύσεως
986 5070 1075 5124 διά
1107 5072 1198 5124 τὸν
1221 5072 1313 5124 τοῦ
1339 5072 1470 5125 Θεοῦ
1505 5073 1685 5142 φόϐον.
1711 5077 1820 5129 Καὶ
1848 5077 1956 5149 γὰρ
1983 5081 2186 5151 σφόδρα

619 5163 648 5213 6
673 5159 804 5222 Θεὸς
840 5158 1081 5228 βούλεται
1127 5158 1252 5221 τοὺς
1281 5160 1536 5223 τεκόντας
1580 5163 1842 5232 τιμᾶσθαι
1893 5168 2043 5237 παρά
2078 5170 2186 5224 τῶν

618 5248 948 5317 τεχθέντων·
980 5248 1073 5301 καί¹
1106 5248 1231 5311 τοὺς
1272 5249 1368 5318 μὲν
1415 5249 1573 5302 τοῦτο
1606 5252 1895 5316 ποιοῦντας
1932 5256 2186 5324 μεγάλοις

618 5333 841 5403 ἀγαθοῖς
871 5335 963 5388 καὶ
990 5334 1217 5404 δωρεαῖς
1243 5336 1548 5405 ἀμείϐεται,
1577 5338 1704 5402 τοὺς
1739 5338 1794 5391 δὲ
1824 5343 2187 5411 παραϐαίνον-

615 5439 714 5484 τας
741 5421 835 5475 τὸν
861 5423 1024 5492 νόμον
1078 5422 1334 5493 μεγάλοις
1369 5425 1463 5477 καὶ
1495 5424 1685 5489 δεινοῖς
1730 5426 1944 5493 κολάζει
1974 5436 2183 5497 κακοῖς.

629 5512 691 5564 '0
738 5508 1106 5580 κακολογῶν,
1145 5513 1297 5583 φησί,
1344 5513 1569 5583 πατέρα
1597 5512 1636 5585 ἡ
1657 5517 1918 5587 μητέρα,
1955 5519 2187 5589 θανάτῳ

682 5782 707 5813 ⁸
735 5781 855 5839 “ea.
894 5780 984 5832 πῦο
1006 5783 1141 5834 ἄπτω
1178 5786 1325 5835 κάτω.

1319 376 1375 430 S.
1416 377 1698 433 JOANNIS
1736 375 2221 435 CIIRYSOSTOMI
2271 374 2593 435 ARCUIEP.
2630 378 3169 435 CONSTANTINOP.

3766 379 3867 438 598

2296 497 2647 551 τελευτάτω.
2677 498 2800 561 Τοῖς
2822 498 2879 551 δέ
2916 498 3151 568 τιμῶσιν
3176 496 3374 560 αὑτοὺς
3400 496 3538 550 οὑτω
3571 498 3689 561 πώς
3712 516 3860 568 φησι·

2300 590 2442 657 Τίμα
2474 589 2579 643 τὸν
2603 589 2826 656 πατέρα
2858 603 2975 643 σου
3005 590 3101 643 καὶ
3126 588 3242 654 τὴν
3264 589 3489 658 μητέρα
3507 605 3645 650 σου,
3674 590 3775 642 ἵνα
3800 586 3862 644 εὗ

2293 693 2393 732 σοι
2425 680 2694 748 γένηται’
2725 681 2821 732 καὶ
2855 680 2969 747 ἔσῃ
2997 680 3430 748 μακροχρόνιος
3469 680 3563 732 ἐπὶ
3596 681 3709 747 τῆς
3735 679 3862 748 τῆς.

2297 772 2472 842 Ὅπερ
2494 773 2748 842 μέγιστον
2765 772 2965 841 ἀγαθὸν
2982 769 3119 825 εἶναι
3138 774 3432 843 νομίζεται,
3446 776 3621 843 γῆρας
3639 773 3865 843 λιπαρὸν

2296 866 2391 917 καὶ
2423 867 2595 935 μῆκος
2623 866 2787 935 ζωῆς,
2817 865 2973 918 τοῦτο
2997 866 3191 934 ἔθηκεν
3218 866 3449 919 ἔπαθλον
3496 870 3608 929 τοῖς
3636 866 3866 935 τιμῶσιν

2297 957 2521 1021 αὐτούς’
2556 960 2648 1011 καὶ
2667 960 2801 1029 ὅπερ
2833 958 3057 1027 ἔσχατον
3088 955 3226 1011 εἶναι
3259 959 3404 1011 δοκεῖ
3425 958 3614 1021 κακὸν,
3640 957 3867 1021 θάνατος

2297 1046 2493 1119 ἄωρος,
2516 1047 2673 1101 τοῦτο
2695 1048 2889 1117 έθηκεν
2911 1048 3184 1117 ἐπιτίμιον
3203 1049 3314 1109 τοῖς
3336 1046 3651 1115 ὑϐρίζουσιν
3682 1046 3762 1106 εἰς
3785 1046 3866 1097 αὑ-

2296 1142 2421 1205 τούς
2439 1158 2453 1172 ο
2484 1142 2610 1205 τοὺς
2642 1140 2739 1211 μὲν
2768 1140 3148 1210 ἐπισπώμενος
3178 1142 3258 1202 εἰς
3275 1138 3485 1191 εὔνοιαν
3509 1141 3572 1207 τῇ
3591 1138 3691 1207 τῆς
3710 1138 3865 1206 τιμῆς

2298 1232 2627 1304 ἐπαγγελίᾳ,
2662 1234 2787 1295 τοὺς
2814 1231 2871 1284 δέ
2901 1233 2993 1285 καὶ
3019 1231 3248 1293 ἄκοντας
3276 1229 3503 1297 ἀπάγων
3525 1229 3625 1298 τῆς
3660 1227 3865 1297 ὕϐρεως

2295 1325 2375 1395 τῷ
2396 1325 2493 1395 τῆς
2521 1324 2787 1396 τιμωρίας
2816 1323 2985 1395 φόϐῳ.
3012 1324 3146 1377 Οὑδέ
3166 1324 3274 1394 γὰρ
3301 1323 3485 1383 ἀπλῶς
3504 1320 3864 1390 ἀποθνήσκειν

2298 1414 2507 1468 κελεύει
2536 1415 2625 1467 τὸν
2665 1415 3017 1486 πατραλοίαν,
3054 1415 3174 1467 οὑδὲ
3202 1414 3425 1484 δημίους
3460 1411 3619 1464 αὑτὸν
3648 1411 3760 1463 ἀπὸ
3779 1410 3862 1462 τοῦ

2296 1505 2643 1576 δικαστηρίου
2678 1505 2941 1569 λαϐόντας
2981 1503 3194 1572 ἐξάγειν
3232 1504 3322 1558 διά
3349 1504 3449 1573 τῆς
3482 1504 3713 1572 ἀγορᾶς,
3754 1500 3862 1553 οὑδὲ

2297 1600 2396 1668 τῆς
2430 1597 2635 1659 πόλεως
2673 1595 2776 1661 ἔξω
2808 1596 2906 1667 τὴν
2936 1596 3178 1665 κεφαλὴν
3208 1595 3536 1663 ἀποτέμνειν
3556 1608 3570 1621 ·
3602 1591 3719 1644 ἀλλ’
3751 1590 3864 1657 ἀγει

2301 1688 2399 1758 μὲν
2431 1687 2591 1740 αὑτὸν
2629 1688 2707 1747 εἰς
2738 1686 2908 1757 μέσην
2942 1684 3039 1755 τὴν
3077 1685 3229 1738 πόλιν
3272 1684 3434 1747 αὑτὸς
3471 1684 3498 1733 6
3533 1681 3739 1752 πατὴρ,
3779 1680 3864 1732 καὶ

2298 1778 2465 1849 χωρὶς
2513 1776 2837 1842 ἀποδείξεως
2880 1777 3060 1847 πάσης
3108 1774 3456 1827 πιστεύεταιο
3487 1772 3581 1825 καὶ
3615 1772 3763 1841 μάλα
3794 1772 3864 1823 δι-

2297 1873 2482 1933 καίως.
2513 1871 2569 1923 Ὀ
2590 1870 2697 1942 γὰρ
2714 1871 2808 1923 καὶ
2827 1871 2930 1940 χρή
2941 1885 3084 1937 ματα
3103 1868 3195 1921 καὶ
3213 1866 3436 1937 σώματα
3452 1867 3548 1918 καὶ
3564 1867 3674 1917 πᾶν
3696 1863 3864 1916 ὁτιοῦν

2297 1963 2548 2032 ἐλόμενος
2571 1962 2709 2032 ὑπὲρ
2726 1960 2821 2014 τοῦ
2844 1960 3032 2022 παιδὸς
3054 1958 3522 2027 καταδαπανῆσαι,
3543 1958 3644 2010 οὑκ
3661 1956 3727 2009 ἀν
3745 1972 3862 2007 ποτε

2297 2058 2601 2126 κατήγορος
2628 2053 2789 2107 αὑτοῦ
2814 2053 3056 2121 γέγονεν,
3078 2053 3125 2105 εἰ
3159 2052 3231 2121 μὴ
3255 2052 3424 2122 πολλὴ
3439 2052 3540 2120 τῆς
3565 2052 3778 2122 ὕϐρεως
3803 2049 3863 2122 ἦν

2297 2153 2329 2221 ή
2360 2149 2654 2221 ὑπερϐολή.
2685 2150 2841 2217 Ἀγει
2863 2148 3042 2201 τοίνυν
3070 2145 3230 2200 αὑτὸν
3254 2144 3334 2207 εἰς
3363 2145 3424 2197 τὸ
3458 2146 3619 2215 μέσον
3646 2145 3751 2212 τῆς
3774 2144 3862 2196 πό-

2295 2243 2451 2305 λεως,
2502 2238 2618 2294 εἶτα
2656 2241 2811 2293 καλεῖ
2849 2240 2940 2292 τὸν
2983 2240 3153 2308 δῆμον
3198 2239 3444 2299 ἅπαντα,
3474 2238 3570 2290 καὶ
3593 2237 3744 2304 λέγει
3774 2237 3864 2306 τὴν

2296 2334 2627 2404 κατηγορίαν
2659 2352 2673 2364 ·
2705 2333 2753 2385 οἰ
2786 2332 2843 2385 δὲ
2869 2331 3156 2393 ἀκούοντες
3187 2330 3383 2393 πάντες
3404 2371 3417 2392 ,
3457 2330 3691 2391 ἕκαστος
3728 2328 3862 2379 λίθον

2295 2424 2508 2490 λαϐὼν,
2547 2423 2691 2477 οὑτω
2740 2423 2991 2493 βάλλουσι
3032 2422 3124 2474 τὸν
3164 2421 3517 2491 πατραλοίαν.
3561 2422 3640 2473 Οὐ
3673 2420 3781 2487 γάρ
3806 2420 3859 2489 δὴ

2294 2514 2491 2577 θεατάς
2543 2514 2701 2584 μόνον
2739 2513 2839 2583 τῆς
2880 2512 3169 2583 τιμωρίας,
3215 2510 3351 2563 ἀλλά
3396 2511 3489 2564 καὶ
3536 2510 3862 2581 αὐτουργοὺς

2293 2605 2431 2660 εἶναι
2458 2605 2702 2675 βούλεται
2723 2607 2750 2657 6
2773 2603 3085 2675 νομοθέτης,
3111 2604 3196 2656 ἵνα
3221 2606 3299 2665 εἰς
3326 2604 3423 2673 τὴν
3448 2602 3626 2669 δεξιάν
3646 2604 3864 2664 ἕκαστος

2297 2695 2419 2749 ἰδὼν
2456 2696 2553 2767 τὴν
2596 2694 2823 2758 ἐαυτοῦ,
2854 2694 2918 2747 δι’
2967 2689 3034 2765 ἧς
3070 2694 3159 2746 τὸν
3200 2693 3345 2746 λίθον
3394 2695 3487 2746 καὶ
3515 2694 3682 2755 αὑτὸς
3714 2694 3863 2745 ἔϐαλε

2294 2789 2433 2841 κατά
2459 2788 2555 2855 τῆς
2578 2786 2672 2840 τοῦ
2697 2785 3023 2857 πατραλοίου
3055 2785 3294 2855 κεφαλῆς
3318 2825 3332 2846 ,
3362 2784 3544 2838 ἰκανὸν
3575 2786 3865 2855 ὑπόμνημα

2294 2880 2429 2950 πρὸς
2456 2878 2738 2948 διόρθωσιν
2764 2876 2881 2946 ἔχῃ.
2906 2877 2980 2929 Οὑ
3008 2876 3167 2945 μόνον
3185 2876 3241 2928 δέ
3260 2874 3417 2929 τοῦτο
3437 2916 3451 2937 ,
3474 2876 3611 2928 ἀλλά
3639 2878 3733 2929 καὶ
3762 2877 3865 2928 ἐτε-

2297 2989 2388 3043 ρον
2418 2972 2551 3041 ἡμῖν
2584 2973 2611 3023 6
2633 2969 2929 3038 νομοθέτης
2955 2968 3289 3033 αἰνίττεται,
3328 2970 3411 3022 ὅτι
3452 2971 3480 3021 ὁ
3521 2969 3650 3031 τοὺς
3683 2967 3865 3036 γονέας

2295 3063 2530 3134 ὑϐρίζων
2563 3064 2661 3115 οὑκ
2696 3061 2937 3124 ἐκείνους
2969 3060 3195 3131 ἠδίκηκε
3234 3060 3412 3129 μόνον,
3444 3059 3581 3113 ἀλλά
3610 3060 3708 3112 καὶ
3738 3060 3865 3112 πάν·

2293 3171 2389 3217 τας
2424 3152 2762 3224 ἀνθρώπους.
2795 3152 2893 3206 Διά
2923 3152 3077 3205 τοῦτο
3112 3153 3317 3213 πάντας
3346 3152 3438 3204 ἐπὶ
3466 3150 3564 3221 τὴν
3590 3151 3869 3203 κοινωνίαν

2293 3250 2391 3309 τῆς
2428 3246 2695 3317 τιμωρίας
2718 3245 2901 3307 καλεῖ,
2934 3244 3185 3313 καθάπερ
3215 3242 3574 3313 ὑϐρισμένους
3604 3243 3866 3303 ἅπαντας,

2295 3340 2388 3391 καί⁷
2412 3338 2581 3407 δῆμον
2610 3336 2742 3407 ὁμοῦ
2777 3336 2872 3388 καὶ
2899 3336 3055 3388 πόλιν
3087 3335 3429 3406 περιίστησιν
3457 3335 3676 3389 ἃπασαν
3694 3378 3710 3399 ,
3752 3352 3865 3386 παι-

2295 3431 2464 3486 δεύων
2490 3430 2726 3493 καὶτοὺς
2749 3429 2899 3481 οὑδέν
2928 3428 3147 3497 ἔχοντας
3176 3427 3353 3480 κοινὸν
3377 3428 3509 3497 πρὸς
3534 3428 3660 3490 τοὺς
3686 3426 3868 3497 ἠδικη-

2299 3522 2488 3591 μένους
2509 3519 2601 3572 ἐπὶ
2631 3518 2875 3585 γονεῦσιν
2906 3517 3278 3589 ὑϐριζομένοις
3303 3517 3652 3584 ἀγανακτεῖν,
3682 3518 3757 3579 ώς
3778 3517 3867 3586 τῆς

2295 3618 2478 3684 κοινῆς
2508 3615 2720 3685 φύσεως
2754 3611 3136 3684 ὑϐριζομένης,
3163 3614 3257 3665 καὶ
3283 3614 3372 3665 τὸν
3395 3612 3636 3666 τοιοῦτον
3665 3615 3867 3684 ἄνθρω-

2295 3727 2415 3772 πον,
2466 3708 2653 3776 ὥσπερ
2694 3705 2879 3775 λοιμόν
2915 3722 3034 3758 τινα
3070 3700 3162 3758 καὶ
3194 3708 3378 3777 κοινὴν
3424 3706 3617 3770 νόσον,
3655 3706 3731 3776 μή
3777 3706 3867 3773 τῆς

2297 3798 2504 3859 πόλεως
2544 3796 2734 3865 μόνον,
2774 3794 2909 3847 ἀλλὰ
2946 3797 3040 3848 καὶ
3072 3794 3166 3848 τοῦ
3206 3798 3379 3864 φωτὸς
3413 3796 3741 3848 ἀπελαύνειν
3777 3798 3868 3848 αὑ-

2295 3889 2406 3943 τοῦ.
2454 3888 2717 3957 Πολέμιος
2764 3886 2874 3956 γάρ
2920 3889 2948 3939 6
2992 3886 3229 3949 τοιοῦτος
3271 3887 3365 3939 καὶ
3402 3886 3581 3951 κοινὸς
3620 3888 3870 3940 ἁπάντων

2296 3983 2443 4035 ἐστὶν
2474 3982 2693 4052 ἐχθρὸς,
2725 3981 2817 4033 καὶ
2851 3978 3000 4052 [664]
3040 3979 3135 4033 τοῦ
3169 3980 3303 4033 Θεοῦ
3324 4021 3339 4044 ,
3370 3982 3462 4033 καὶ
3489 3981 3591 4048 τῆς
3622 3982 3835 4049 φύσεως
3856 4023 3869 4043 ,

2298 4075 2390 4127 καί
2420 4073 2527 4127 τῶν
2556 4073 2753 4141 νόμων,
2783 4070 2996 4141 καὶτῆς
3022 4071 3205 4139 κοινῆς
3236 4070 3487 4123 ἁπάντων
3521 4071 3681 4141 ἡμῶν
3711 4070 3868 4138 ζωῆς.

2298 4166 2395 4218 Διά
2414 4165 2571 4218 τοῦτο
2591 4166 2796 4226 πάντας
2820 4162 3255 4231 συνεφάπτεσθαι
3285 4161 3491 4214 κελεύει
3511 4162 3611 4231 τῆς
3642 4162 3868 4230 σφαγῆς,

2296 4258 2484 4329 ὥσπερ
2506 4255 2625 4310 τινὰ
2650 4254 2929 4325 καθαρμὸν
2950 4254 3047 4324 τῆς
3066 4253 3271 4315 πόλεως
3286 4252 3674 4322 ἐργαζόμενος.
3704 4252 3869 4306 Πολλὰ

2300 4353 2426 4421 ὑμῖν
2466 4348 2647 4417 ἀγαθά
2675 4349 2903 4415 γένοιτο,
2941 4347 3021 4399 ὃτι
3056 4346 3193 4416 μετὰ
3222 4345 3490 4415 τοσαύτης
3522 4346 3723 4415 ἡδονῆς
3754 4345 3870 4407 τοὺς

2298 4441 2425 4511 περὶ
2464 4439 2557 4491 τοῦ
2604 4436 2933 4508 πατραλοίου
2962 4435 3151 4503 λόγους
3180 4434 3452 4500 ἐδέξασθε,
3486 4436 3585 4487 καὶ
3620 4435 3742 4488 ἀντὶ
3768 4434 3869 4486 τῶν

2296 4533 2459 4586 λίθων
2505 4534 2624 4594 ταῖς
2672 4530 2819 4599 βοαῖς
2866 4527 3027 4582 αὑτὸν
3070 4526 3326 4581 ἐϐάλλετε
3365 4543 3379 4556 ·
3420 4528 3725 4599 τεκμήριον
3768 4526 3871 4599 γάρ

2296 4625 2455 4677 τοῦτό
2487 4626 2601 4677 ἐστι
2632 4622 2724 4675 τοῦ
2762 4619 2961 4691 πολλὴν
2990 4619 3119 4691 περὶ
3155 4621 3247 4672 τὸν
3274 4617 3467 4673 ἐαυτοῦ
3499 4619 3717 4690 πατέρα
3750 4621 3871 4672 ἐκα-

2299 4734 2422 4770 στον
2467 4714 2620 4786 ὑμῶν
2659 4712 2758 4784 τὴν
2804 4711 3019 4765 εὑνοιαν
3061 4710 3442 4781 ἐπιδεδεῖχθαι.
3477 4712 3591 4764 Καὶ
3620 4712 3728 4781 γὰρ
3754 4710 3871 4763 τότε

2296 4812 2421 4871 τοὺς
2468 4809 2664 4878 νόμους
2714 4805 2948 4876 μάλιστα
2996 4802 3296 4873 θαυμάζειν
3347 4802 3621 4873 εἰώθαμεν
3648 4805 3773 4867 τοὺς
3808 4803 3872 4855 τά

2298 4900 2673 4970 ἁμαρτήματα
2699 4894 3043 4959 κολάζοντας,
3070 4894 3197 4946 ὅταν
3229 4894 3303 4963 μὴ
3332 4893 3636 4956 συνειδότες
3668 4895 3871 4955 ἐαυτοῇ

2295 4992 2365 5046 τὰ
2408 4991 2779 5061 ἁμαρτήματα
2835 4982 3003 5059 ὦμεν.
3046 4986 3217 5057 ’Υπὲρ
3264 4986 3327 5055 δὴ
3370 4985 3575 5038 τούτων
3624 4986 3872 5039 ἁπάντων

2296 5082 2775 5153 εὑχαριστήσωμεν
2818 5078 2895 5149 τῷ
2942 5075 3307 5147 φιλανθρώπῳ
3341 5074 3461 5144 Θεῷ
3487 5075 3566 5145 τῷ
3592 5074 3873 5146 κηδομένῳ

2294 5174 2393 5243 τῆς
2424 5172 2570 5242 ζωῆς
2599 5172 2695 5241 τῆς
2724 5169 3017 5240 ἡμετέρας,
3052 5168 3148 5220 καὶ
3177 5165 3492 5238 προνοοῦντι
3523 5168 3749 5234 γονέων,
3780 5169 3875 5220 καὶ

2296 5264 2500 5318 παίδων
2545 5260 2900 5333 φροντίζοντι,
2952 5259 3046 5312 καὶ
3087 5257 3266 5311 πάντα
3293 5257 3433 5327 ὑπὲρ
3473 5256 3575 5324 τῆς
3600 5257 3878 5327 ἡμετέρας

2293 5351 2660 5424 οἰκονομοῦντι
2688 5348 2980 5421 σωτηρίας.
3008 5347 3164 5419 Αὐτῷ
3189 5347 3298 5419 γάρ
3321 5346 3519 5416 πρέπει
3541 5346 3691 5411 δόξα,
3716 5347 3879 5415 τιμὴ,

2294 5445 2389 5500 καὶ
2429 5440 2793 5514 προσκύνησις
2844 5438 2940 5493 σὺν
2993 5438 3072 5509 τῷ
3127 5438 3352 5509 ἀνάρχῳ
3408 5436 3604 5507 Πατρί,
3660 5437 3757 5488 καὶ
3802 5435 3883 5505 τῷ

2294 5535 2435 5606 ἁγίῳ
2460 5532 2757 5603 Πνεύματι,
2786 5528 2880 5586 νῦν
2908 5530 3003 5585 καὶ
3030 5530 3137 5598 ἀεὶ,
3167 5529 3262 5585 καὶ
3290 5530 3371 5593 εἰς
3390 5527 3518 5592 τοὺς
3541 5525 3747 5590 αἰῶνας
3771 5526 3884 5581 τῶν

2286 5627 2521 5685 αἰώνων.
2564 5624 2749 5696 Ἀμήν.
