4028 6360
201 341 322 396 59τ

277 455 313 510 3
363 456 605 525 Quonam
650 459 807 530 igitur
834 467 992 530 pacto
1020 458 1093 514 ait
1128 459 1319 514 Paulus
1348 467 1658 529 potestatem
1692 473 1796 514 non

201 561 329 602 esse
357 549 459 602 nisi
489 563 519 601 a
560 548 669 604 Deo
699 550 872 620 (Rom.
902 552 989 605 15.
1020 550 1119 621 ‘2)?
1147 550 1297 619 Quod
1327 550 1573 605 nimirum
1599 550 1664 605 ad
1692 552 1797 606 uti-

203 637 412 693 litatem
457 649 691 695 nostram
736 640 887 696 nobis
926 641 1070 698 illam
1111 642 1251 697 Deus
1284 643 1633 697 constituerit.
1664 642 1795 697 Nam

200 738 490 798 peccatum
532 730 746 801 quidem
789 734 1159 787 necessitatem
1203 735 1320 803 ejus
1368 733 1565 788 invexit
1602 751 1615 786 :
1660 734 1799 789 Deus

200 831 387 875 autem
411 820 479 876 ad
505 832 740 877 nostram
772 824 1051 879 utilitatem
1072 834 1162 891 est
1189 840 1332 879 usus.
1365 826 1430 880 Et
1457 825 1799 895 quemadmo-

200 911 333 965 dum
365 927 431 967 ει
458 912 768 969 vulneribus
796 915 857 969 ﬁt
886 923 945 970 ut
985 916 1386 972 medicamentis
1431 918 1793 987 indigeamus;

200 1016 272 1055 ex
301 1000 628 1058 medicorum
654 1015 833 1060 autem
859 1006 1136 1075 sapientia,
1168 1016 1222 1062 ut
1247 1007 1597 1063 adhibeantur
1624 1010 1797 1065 medi—

200 1103 456 1147 camenta
489 1111 502 1146 :
530 1094 608 1150 sic
640 1104 694 1150 et
730 1097 1022 1151 necessitas
1058 1099 1327 1153 servitutis
1352 1110 1528 1155 ortum
1557 1100 1738 1155 habuit
1766 1116 1795 1155 a

202 1193 429 1254 peccato
461 1203 476 1240 :
508 1197 566 1241 nt
589 1196 766 1243 autem
793 1189 859 1244 ad
884 1190 938 1244 id
963 1191 1102 1259 quod
1132 1207 1264 1263 opus
1289 1202 1404 1247 erat
1428 1194 1514 1247 illa
1541 1193 1796 1264 dirigere-

201 1283 313 1342 tur,
340 1276 394 1331 id
422 1292 550 1334 sane
578 1280 772 1335 divina:
800 1293 1073 1353 acceptum
1102 1283 1373 1339 ferendum
1395 1295 1476 1339 est
1501 1286 1793 1355 sapienti-.e.

201 1368 411 1425 Verum
449 1372 634 1429 adeste
663 1375 854 1429 animis
874 1418 889 1443 ,
921 1385 978 1432 et
1004 1377 1261 1433 desidiam
1292 1395 1505 1434 omnem
1542 1381 1789 1437 excutite.

200 1460 311 1516 Cur
341 1463 555 1520 tandem
583 1465 635 1520 id
662 1466 814 1522 dico?
840 1468 1139 1540 Scripturas
1163 1472 1315 1527 vobis
1343 1488 1672 1540 enarramus,
1700 1489 1795 1529 vos

201 1566 333 1609 vero
359 1557 562 1612 aversis
586 1574 612 1612 a
643 1561 796 1615 nobis
817 1564 1006 1629 oculis,
1033 1563 1099 1619 ad
1127 1565 1370 1621 lucernas
1397 1576 1449 1622 et
1473 1567 1537 1622 ad
1564 1583 1685 1623 eum
1706 1571 1797 1639 qui

202 1647 451 1705 lucernas
470 1653 793 1709 accendebat
817 1654 915 1725 (a),
939 1672 1033 1711 eos
1056 1660 1412 1714 convertistis.
1435 1659 1653 1728 Quantae
1675 1676 1795 1731 por-

201 1753 268 1794 ro
295 1748 381 1795 est
418 1740 521 1797 hoc
547 1744 805 1800 socordiae
825 1788 840 1812 ,
871 1746 1025 1802 nobis
1064 1749 1265 1804 relictis
1288 1793 1302 1817 ,
1335 1751 1456 1806 huic
1483 1751 1795 1807 attendere?

199 1828 384 1899 Ignem
415 1847 515 1902 ego
544 1849 754 1905 quoque
777 1838 1013 1893 accendo
1033 1839 1048 1870 ⁸
1070 1880 1085 1906 ,
1116 1842 1202 1909 qui
1233 1841 1362 1897 latet
1390 1841 1441 1895 in
1470 1840 1755 1912 Scripturis
1774 1885 1791 1909 ,

199 1931 257 1974 et
284 1922 338 1975 in
370 1931 550 1978 nostra
578 1925 752 1995 lingua
780 1929 1120 1985 succenditur
1140 1932 1355 1986 lucerna
1380 1933 1655 1989 doctrinae.
1681 1934 1794 1990 Hoc

200 2010 297 2065 illo
329 2011 501 2082 majus
535 2024 617 2068 est
658 2016 836 2072 lumen
867 2034 930 2073 ac
966 2020 1158 2075 melius
1186 2038 1201 2077 :
1234 2038 1337 2077 non
1365 2024 1506 2078 enim
1534 2024 1654 2081 oleo
1679 2041 1796 2080 ma-

197 2102 338 2156 dens
376 2103 698 2174 ellychnium
724 2149 739 2174 ,
777 2117 834 2162 ut
861 2109 961 2164 iste
980 2151 994 2173 ,
1025 2111 1363 2167 accendimus
1386 2155 1401 2179 ,
1430 2115 1523 2170 sed
1553 2117 1796 2187 irrigatas

199 2195 404 2265 pietate
430 2198 635 2253 animas
660 2200 907 2256 audiendi
929 2203 1219 2273 cupiditate
1248 2206 1658 2265 inﬂammamus.
1687 2212 1796 2265 Dis-

196 2290 421 2344 serebat
449 2291 606 2345 etiam
647 2293 842 2350 Paulus
870 2296 1153 2367 aliquando
1182 2298 1233 2352 in
1269 2303 1540 2357 cmnaculo
1565 2305 1792 2374 quodam

198 2380 339 2451 (Act.
367 2382 456 2437 20.
494 2384 626 2453 7-9).
654 2385 823 2442 Nemo
851 2396 1026 2444 tamen
1066 2391 1353 2448 arbitretur
1376 2395 1636 2466 meipsum
1659 2398 1795 2454 velle

198 2487 289 2528 me
315 2489 437 2528 cum
465 2475 629 2531 Paulo
659 2493 969 2548 comparare
992 2522 1005 2546 ,
1032 2499 1139 2538 non
1169 2486 1308 2539 enim
1337 2488 1470 2543 adeo
1500 2504 1616 2544 sum
1648 2490 1793 2546 iusa-

197 2580 339 2632 nus,
370 2567 463 2622 sed
496 2578 554 2623 ut
596 2570 902 2642 intelligatis
939 2585 1191 2644 quantum
1231 2580 1388 2633 studii
1421 2596 1515 2635 vos
1552 2591 1799 2652 oporteat

196 2658 264 2710 ad
310 2658 636 2716 audiendum
676 2662 954 2723 adhibere.
991 2668 1295 2724 Disserebat
1336 2687 1465 2741 ergo
1507 2673 1700 2729 Paulus
1739 2676 1790 2730 in

195 2753 499 2819 ccenaculo,
528 2763 581 2809 et
600 2770 838 2825 vespera,
865 2769 921 2813 ut
948 2776 1087 2817 nunc
1109 2763 1290 2829 etiam,
1312 2764 1513 2829 incidit,
1536 2779 1793 2839 erantque

194 2843 436 2900 lucerna:
466 2847 516 2901 in
544 2851 820 2905 cmnaculo
850 2868 863 2904 :
891 2851 1086 2910 deinde
1114 2855 1301 2910 cecidit
1330 2857 1600 2930 Eutychus
1628 2860 1695 2916 de
1726 2861 1795 2917 l’e-

195 2945 423 2996 nestrae.
456 2953 627 3011 neque
652 2954 969 3000 conventum
998 2961 1155 3002 casus
1192 2947 1281 3003 ille
1308 2949 1586 3019 dissolvit,
1619 2969 1801 3023 neque

194 3042 350 3083 mors
395 3029 659 3087 theatrum
704 3037 917 3092 sustulit
949 3056 961 3092 :
992 3054 1175 3094 verum
1220 3040 1529 3098 ita‘divinis
1568 3045 1801 3115 eloquiis

194 3120 476 3177 audiendis
510 3125 655 3180 afﬁxi
680 3136 867 3194 erant,
898 3138 957 3184 ut
994 3146 1169 3201 neque
1196 3149 1352 3191 casus
1392 3136 1531 3192 illius
1574 3153 1790 3195 sensum

194 3211 368 3266 ullum
398 3217 640 3284 ceperint
666 3233 682 3271 :
710 3233 807 3273 vos
839 3235 969 3275 vero
998 3223 1141 3277 nulla
1182 3224 1392 3282 insolita
1421 3242 1479 3283 re
1506 3239 1789 3299 conspecta

194 3306 278 3359 vel
306 3308 460 3371 mira,
485 3307 578 3363 sed
604 3308 823 3367 homine
847 3321 1070 3378 tantum,
1092 3317 1180 3386 qui
1204 3318 1415 3373 solitum
1440 3321 1790 3378 ministerium

194 3396 399 3462 obibat,
430 3397 555 3454 illuc
580 3402 764 3456 oculos
788 3406 1147 3461 convertistis.
1174 3407 1243 3462 Et
1267 3424 1368 3478 qua
1398 3411 1608 3467 tandem
1636 3416 1795 3469 venia

193 3487 417 3558 dignum
452 3492 552 3546 hoc
591 3492 787 3548 fuerit?
812 3495 979 3551 Nemo
1010 3498 1184 3568 igitur,
1213 3500 1575 3569 dilectissimi,
1607 3520 1789 3575 repre-

193 3578 511 3637 hensionem
556 3585 833 3642 molestam
876 3597 931 3642 et
971 3605 1189 3659 gravem
1230 3593 1518 3649 arbitretur
1559 3614 1571 3649 :
1618 3612 1797 3668 neque

193 3675 339 3728 enim
369 3672 495 3727 odio
522 3674 1255 3745 impulsi,.sed‘sollicitudine
1275 3683 1472 3740 inducti
1498 3687 1790 3755 reprehen-

190 3769 392 3825 dimus.
427 3769 693 3827 Fideliora
714 3777 909 3847 quippe
933 3789 1051 3833 sunt
1075 3782 1351 3836 amicorum
1380 3787 1608 3855 vulnera,
1637 3803 1788 3857 quam

189 3874 477 3932 spontaneo
501 3866 675 3919 oscula
700 3868 1017 3924 inimicorum
1043 3872 1224 3939 (Prov.
1252 3874 1341 3930 27.
1375 3875 1450 3947 6).

266 3952 348 4007 De
379 3954 551 4023 ofﬁciis
587 3957 811 4026 ﬁliorum
837 3977 957 4032 erga
986 3973 1257 4033 parentes;
1285 3968 1349 4021 de
1372 3971 1787 4026 remunerationi—

190 4045 285 4098 bus
312 4048 626 4103 manentibus
654 4062 920 4120 parentum
947 4056 1185 4111 cultores.
1216 4058 1292 4112 De
1317 4063 1475 4130 pernis
1503 4065 1785 4128 parricida-

190 4154 309 4191 rum
334 4153 351 4190 :
377 4154 469 4190 cur
493 4139 715 4208 lapidari
744 4159 826 4197 eos
853 4145 1011 4199 voluit
1041 4147 1193 4203 Deus.
1218 4180 1289 4191 —
1308 4152 1577 4209 Attenditc
1607 4156 1782 4226 igitur,

190 4241 398 4296 quaeso,
425 4239 490 4283 et'
508 4229 607 4286 hoc
635 4232 756 4303 igne
785 4236 973 4291 relicto
998 4238 1064 4293 ad
1093 4254 1362 4296 sacrarum
1393 4244 1783 4315 Seripturarum

190 4318 374 4373 lmnen
401 4321 635 4376 animum
661 4324 927 4382 adhibete.
957 4328 1297 4387 Allumenim
1320 4335 1646 4405 principatus
1672 4354 1787 4394 mo-

189 4409 320 4464 dum
349 4414 522 4467 statui
556 4415 768 4483 dicere,
799 4421 887 4489 qui
924 4437 1029 4476 non
1059 4439 1087 4477 a
1121 4436 1371 4495 peccato,
1406 4430 1496 4483 sed
1531 4445 1560 4483 a
1596 4441 1783 4488 natura

190 4501 307 4570 ipsa
348 4504 512 4559 traxit
547 4507 825 4577 originem.
857 4512 988 4579 Quis
1028 4514 1118 4571 ille
1160 4533 1318 4586 porro
1352 4523 1469 4576 est?
1499 4522 1783 4581 Parentum

190 4591 245 4646 in
288 4592 507 4649 liberos.
545 4596 655 4653 Est'
678 4600 822 4655 enim
858 4608 1222 4663 remuneratio
1254 4622 1435 4679 partus
1465 4612 1634 4669 honor
1661 4617 1779 4673 iste.

190 4684 483 4755 Propterea
508 4690 720 4759 sapiens
745 4695 1006 4765 quispiam
1029 4698 1160 4755 dicit
1192 4720 1205 4755 :
1237 4703 1395 4770 Quasi
1419 4707 1636 4764 dominis
1656 4712 1782 4766 servi

186 4777 288 4839 iis,
319 4778 405 4848 qui
436 4788 484 4833 te
506 4796 783 4851 genuerunt
813 4785 996 4859 (Eccli.
1026 4792 1078 4845 5.
1108 4791 1183 4862 8).
1216 4794 1417 4853 Deinde
1443 4814 1656 4855 causam
1684 4802 1749 4856 ad
1761 4835 1782 4848 ο

182 4866 303 4937 jicit
331 4869 516 4924 dicens
545 4888 559 4925 :
587 4873 722 4939 Quid
746 4878 877 4931 enim
898 4880 1143 4937 retribues
1170 4885 1291 4951 illis,
1320 4892 1568 4958 quomodo
1595 4893 1673 4947 illi
1694 4894 1783 4948 tibi

185 4958 366 5054 (Ibid.
399 4962 452 5015 7.
482 4962 585 5054 50)
606 4966 630 5018 ’ἐ
678 4967 909 5025 Tametsi
939 4974 1066 5041 quid
1093 4977 1303 5033 tandem
1330 4991 1445 5045 est,
1474 4985 1782 5054 quod'ﬁlius

184 5052 328 5120 patri
368 5053 668 5112 retribuere
709 5074 813 5114 non
850 5064 1227 5131 possit?‘Nihil
1254 5085 1384 5142 ergo
1415 5052 1557 5129 aliud
1589 5087 1781 5146 praeter

184 5142 293 5198 hoc
321 5144 453 5199 dicit
483 5165 507 5200 τ·
527 5147 597 5204 Ut
620 5160 671 5205 te
696 5153 792 5222 ipsi
823 5170 1137 5227 genuerunt,
1166 5169 1223 5217 tu
1248 5164 1363 5220 illos
1387 5142 1602 5237 gignere
1624 5173 1780 5227 mini-

186 5249 277 5290 me
322 5238 542 5306 poteris.
575 5241 795 5306 Quando
832 5246 991 5316 igitur
1026 5250 1081 5305 in
1125 5252 1223 5308 hac
1265 5271 1324 5312 re
1361 5257 1463 5314 illis
1500 5262 1778 5320 inferiores

188 5341 399 5391 sumus,
430 5329 644 5386 aliunde
671 5333 810 5402 ilics,
843 5337 1031 5394 delatis
1060 5342 1188 5412 ipsis
1218 5345 1527 5415 honoribus,
1558 5369 1779 5425 supere-

184 5432 327 5479 mus,
361 5433 466 5472 non
494 5424 564 5475 ob
590 5423 758 5493 legem
788 5437 993 5486 natura:
1019 5443 1242 5501 tantum,
1269 5439 1362 5493 sed
1388 5452 1510 5497 ante
1534 5423 1774 5503 naturam

184 5507 257 5561 ob
288 5508 383 5562 Dei
421 5510 687 5568 timorem.
719 5516 937 5575 Multum
965 5524 1107 5579 enim
1137 5539 1383 5596 parentes
1408 5546 1435 5584 a
1468 5534 1649 5591 liberis
1677 5538 1775 5593 ho-

185 5601 369 5652 norari
396 5602 506 5656 vult
536 5604 681 5661 Deus
709 5624 722 5659 :
753 5618 806 5662 et
830 5613 918 5679 qui
948 5613 1047 5669 hoc
1084 5616 1340 5688 iecerint,
1378 5616 1581 5694 magnis
1623 5627 1775 5685 bonis

252 5709 272 5780 ξ
308 5717 445 5780 pag,
468 5712 626 5780 ignem
643 5730 788 5780 super
810 5726 989 5773 terram
1012 5729 1238 5778 accendo.

251 5770 326 5834 (α)
362 5770 619 5839 Lampados
638 5770 744 5831 sive
766 5770 986 5836 hic-erute
1000 5770 1274 5842 nitidam
1300 5795 1703 5850 accendebantur.

1516 346 1585 402 IN
1622 345 1923 402 GENESIM
1960 346 2193 405 SERMO
2231 349 2320 408 ιν.

3389 359 3493 418 593

1905 471 2365 527 remuneratur,ac
2388 461 2562 525 donis,
2589 477 2683 519 eos
2711 479 2845 520 vero
2864 466 2959 536 qui
2978 465 3146 537 legem
3178 475 3490 539 transgressi

1902 551 2119 622 fuerint,
2145 554 2351 626 magnis
2375 564 2429 612 et
2450 558 2699 626 gravibus
2723 559 2877 614 malis
2904 560 3200 630 punit..Qui
3221 564 3493 618 maledixs-

1900 645 1987 710 rit,
2020 645 2208 715 inquit,
2240 647 2375 716 patri
2401 648 2476 702 vel
2507 649 2673 715 matri,
2704 659 2862 705 morte
2889 652 3359 723 iitoriatur(E:cod.
3391 655 3488 710 21.

1902 735 2017 804 i7).
2050 737 2137 791 Eis
2160 752 2308 806 vero,
2335 739 2423 809 qui
2452 739 2717 796 honorant
2742 742 2881 807 illos,
2912 744 2989 798 sic
3016 744 3127 797 ait:
3157 743 3370 800 Honora
3400 765 3496 815 pa-

1902 837 2027 883 trem
2052 840 2191 884 tuum
2217 841 2262 886 et
2292 843 2500 886 matrem
2529 844 2686 899 tuam,
2713 843 2767 887 ut
2795 835 2915 889 bene
2941 837 3004 889 sit
3030 837 3118 890 tibi
3145 854 3164 891 :
3191 846 3235 891 et
3260 840 3359 893 eris
3382 840 3496 893 lon-

1902 941 2068 995 gazvus
2092 942 2245 995 super
2274 935 2462 980 terram
2492 927 2699 998 (Exod.
2730 928 2821 985 20.
2855 932 2922 986 12
2942 932 2981 1002 ).
3018 932 3170 1000 Quod
3204 935 3493 990 maximum

1901 1032 2020 1073 esse
2048 1018 2242 1074 bonum
2272 1030 2539 1088 censetur,
2570 1022 2777 1078 beatam
2815 1025 3020 1080 scilicet
3058 1036 3409 1094 senectutem,
3440 1040 3494 1084 et

1900 1108 2024 1164 vitae
2065 1110 2461 1181 prolixitatem,
2510 1113 2613 1169 hoc
2658 1115 2933 1184 preposuit
2977 1117 3252 1186 prmium
3303 1118 3366 1172 iis
3403 1121 3491 1189 qui

1902 1201 2047 1269 ipsos
2086 1202 2396 1257 honorarint
2423 1222 2436 1257 :
2466 1213 2520 1259 et
2544 1205 2686 1274 quod
2725 1220 2991 1261 summum
3031 1222 3153 1262 esse
3182 1209 3378 1263 malum
3412 1210 3495 1265 vi-

1901 1292 2074 1358 detur,
2104 1303 2327 1347 mortem
2355 1294 2727 1363 immaturam,
2756 1296 2860 1349 hoc
2888 1296 2943 1351 in
2971 1312 3183 1368 ptenam
3217 1302 3493 1368 preposuit

1903 1384 1968 1438 iis
1992 1426 2007 1449 ,
2038 1385 2127 1455 qui
2154 1386 2524 1441 contumeliosi
2553 1388 2608 1442 in
2634 1402 2727 1443 eos
2754 1387 2949 1442 fuerint
2977 1407 2991 1443 :
3019 1397 3177 1458 atque
3203 1389 3271 1444 ita
3302 1389 3490 1445 horum

1900 1475 2114 1544 quidem
2143 1476 2568 1533 benevolentiam
2592 1479 2692 1534 sibi
2719 1479 2939 1535 honoris
2965 1480 3345 1549 pollicitatione
3364 1496 3493 1536 con-
3546 1520 3551 1525 .

1899 1568 2065 1633 ciliat,
2098 1568 2220 1623 illos
2245 1584 2373 1624 vero
2399 1572 2561 1625 etiam
2587 1570 2781 1626 invitos
2809 1586 2995 1640 pteme
3010 1571 3292 1626 formidine
3317 1588 3346 1625 a
3372 1585 3492 1627 con-

1901 1660 2118 1715 tumelia
2157 1670 2391 1716 revocat.
2436 1660 2554 1717 Non
2601 1662 2771 1717 solum
2811 1663 2953 1718 enim
2992 1664 3131 1717 mori
3172 1664 3489 1732 parricidam

1895 1752 2065 1821 jubet,
2091 1768 2261 1823 neque
2284 1754 2561 1825 abreptum
2584 1771 2613 1809 a
2631 1755 2829 1826 judicio
2854 1770 2949 1826 per
2970 1756 3141 1811 [orum
3164 1772 3194 1810 a
3218 1756 3491 1812 lictoribus

1898 1843 2086 1911 educi,
2116 1861 2289 1915 neque
2316 1856 2467 1901 extra
2503 1848 2770 1902 civitatem
2800 1848 2973 1918 capite
3004 1848 3237 1903 truncari
3272 1865 3286 1903 :
3315 1847 3408 1904 sed
3436 1849 3488 1902 in

1902 1936 2134 1991 mediam
2160 1936 2428 1993 civitatem
2453 1939 2666 1993 deducit
2693 1940 2864 2009 ipsum
2888 1948 3058 2009 pater,
3084 1948 3140 1995 et
3162 1940 3363 2010 absque
3386 1940 3490 1994 alia

1898 2030 2083 2099 quavis
2126 2031 2437 2100 probatione
2468 2031 2600 2087 ﬁdes
2628 2032 2704 2086 illi
2740 2032 2967 2088 habetur
2996 2051 3010 2087 :
3043 2049 3107 2089 ac
3139 2035 3333 2088 merito
3367 2034 3488 2103 qui-

1898 2122 2041 2176 dem.
2071 2122 2203 2177 Nam
2231 2123 2323 2192 qui
2357 2112 2608 2193 pecunias
2646 2132 2701 2180 et
2737 2139 2960 2195 corpora
3004 2134 3056 2182 et
3093 2126 3237 2181 aliud
3278 2125 3489 2196 quidvis

1898 2228 1997 2283 pro
2036 2214 2148 2269 ﬁlio
2187 2214 2414 2270 libenter
2452 2216 2815 2286 impenderet,
2851 2210 3138 2288 numquam
3183 2219 3299 2287 ejus
3339 2219 3489 2273 ﬁeret

1897 2313 2197 2370 accusator,
2232 2306 2334 2360 nisi
2370 2321 2575 2360 summa
2615 2308 2682 2361 ab
2721 2307 2813 2363 illo
2852 2307 3043 2377 injuria
3073 2318 3215 2366 esset
3243 2308 3485 2364 affectus.

1897 2395 2121 2452 Deducit
2162 2398 2321 2467 igitur
2346 2399 2499 2454 illum
2525 2400 2576 2453 in
2614 2400 2848 2455 medium
2878 2401 3105 2455 civitatis
3124 2442 3140 2468 ,
3170 2400 3362 2456 deinde
3390 2415 3487 2472 po-

1896 2491 2021 2560 pulo
2047 2491 2305 2548 advocato
2334 2494 2725 2549 accusationem
2753 2496 3095 2564 pronuntiat:
3123 2495 3211 2565 qui
3240 2509 3368 2550 vero
3393 2510 3489 2549 au-

1894 2585 2066 2646 diunt,
2095 2586 2289 2656 singuli
2317 2596 2530 2657 arrepto
2555 2588 2727 2656 lapide
2764 2588 3082 2658 parricidam
3110 2587 3259 2642 illum
3290 2602 3485 2656 percu-

1897 2676 2055 2730 tiunt.
2100 2676 2213 2731 Non
2259 2678 2403 2732 enim
2449 2687 2778 2747 spectatores
2821 2688 3026 2733 tantum
3072 2680 3349 2750 supplicii,
3390 2680 3507 2732 sed~

1896 2768 2057 2823 etiam
2086 2770 2359 2825 ministros
2384 2785 2479 2825 eos
2511 2784 2631 2825 esse
2660 2770 2770 2825 vult
2800 2771 3093 2841 legislator,
3120 2767 3179 2825 ut
3207 2787 3328 2826 cum
3357 2770 3487 2826 dex—

1896 2868 2066 2915 teram
2092 2876 2245 2915 suam
2264 2862 2488 2932 quisque
2513 2863 2875 2933 conSpexerit,
2904 2878 3006 2933 qua
3037 2862 3341 2934 lapidem-et
3370 2863 3485 2933 ipse

1894 2952 1950 3007 in
1979 2954 2253 3022 parricidae
2276 2962 2434 3025 caput
2462 2954 2706 3024 projecit,
2731 2954 2830 3010 hac
2855 2953 3138 3009 sufﬁcienti
3166 2954 3503 3009 admonitio-—

1894 3058 1965 3098 ne
2000 3044 2289 3101 instructus
2326 3046 2391 3100 ad
2426 3046 2706 3101 meliorem
2741 3046 3273 3116 frugem‘revocetur.
3301 3044 3487 3115 Neque

1895 3154 2027 3193 vero
2059 3138 2114 3194 id
2154 3140 2366 3205 solum,
2400 3140 2495 3197 sed
2534 3149 2589 3196 et
2625 3140 2767 3196 aliud
2809 3141 2964 3197 nobis
2993 3140 3165 3196 innuit
3192 3139 3482 3210 legislator,

1894 3247 2018 3287 eum
2048 3234 2318 3299 nimirum,
2348 3236 2437 3303 qui
2466 3235 2789 3290 contumelia
2815 3244 3066 3305 parentes
3090 3234 3347 3300 aii‘eceri‘t,
3376 3249 3503 3288 non‘

1893 3322 2016 3378 illos
2040 3332 2263 3392 tantum,
2294 3325 2386 3381 sed
2415 3327 2576 3381 etiam
2612 3340 2801 3382 omnes
2827 3325 3072 3381 homines
3100 3326 3324 3382 laesisse.
3354 3325 3487 3380 Pro-

1892 3422 2074 3483 pterea
2112 3427 2331 3471 cunctos
2370 3417 2437 3471 ad
2476 3417 2719 3487 supplicii
2758 3418 3086 3473 consortium
3122 3425 3303 3483 vocat,
3332 3419 3501 3488 quasi:

1893 3506 2216 3561 contumelia
2254 3506 2452 3562 fuerint
2491 3507 2666 3562 aﬂ’ecti
2696 3523 2883 3563 omnes
2906 3549 2921 3575 ,
2953 3524 3017 3563 ac
3045 3511 3298 3579 populum
3326 3510 3483 3565 simul

1893 3605 1947 3650 et
1986 3605 2152 3651 totam
2180 3608 2438 3654 convocat
2475 3600 2745 3655 civitatem
2768 3642 2783 3667 ,
2812 3609 2872 3655 ut
2908 3601 3099 3654 doceat
3123 3641 3137 3665 ,
3169 3615 3263 3655 eos
3290 3601 3484 3670 quibus

1893 3687 2025 3742 nihil
2051 3699 2136 3743 est
2160 3704 2441 3745 commune
2466 3707 2587 3746 cum
2626 3692 2730 3747 illis
2758 3693 2849 3763 qui
2882 3692 3055 3747 ail'ecti
3095 3702 3216 3747 sunt
3256 3693 3479 3762 injuria,

1892 3780 1945 3835 in
1968 3794 2069 3835 eos.
2087 3780 2453 3850 indignatione
2475 3784 2828 3851 commoveri,
2855 3785 2944 3854 qui
2971 3784 3338 3839 contumeliosi
3370 3783 3482 3838 fue-

1890 3874 1997 3930 rint
2037 3874 2093 3929 in
2131 3883 2378 3943 parentes
2401 3915 2419 3943 ,
2455 3884 2726 3946 tamquam
2762 3876 2815 3930 in
2854 3892 3201 3931 communem
3238 3886 3493 3932 naturam

1890 3964 2114 4020 cadente
2144 3965 2336 4035 injuria
2360 4007 2374 4029 ,
2408 3975 2567 4034 utque
2595 3967 2755 4022 talem
2789 3967 3063 4022 hominem
3088 3969 3235 4038 quasi
3276 3977 3481 4037 pestem

1889 4056 2173 4126 quamdam
2200 4072 2643 4129 communemque
2679 4059 2931 4113 morbum
2969 4074 3075 4113 non
3113 4074 3177 4114 ex
3219 4060 3351 4114 urbe
3389 4072 3481 4113 so-

1888 4148 2019 4214 lum,
2053 4149 2145 4203 sed
2173 4164 2237 4205 ex
2265 4150 2376 4219 ipsa
2406 4166 2619 4222 quoque
2644 4153 2749 4207 vita
2775 4152 3009 4222 ejiciant.
3035 4153 3214 4207 Hostis
3233 4152 3491 4208 enimvest

1888 4241 1973 4294 vir
2000 4241 2295 4311 ejusmodi,
2336 4252 2390 4298 et
2427 4246 2666 4299 omnium
2703 4247 2999 4301 communis
3038 4247 3317 4312 inimicus,
3350 4247 3477 4312 Dei,

1888 4345 2113 4401 naturae,
2138 4334 2332 4405 legum,
2353 4345 2407 4391 et
2421 4338 2657 4392 omnium
2679 4349 2920 4394 nostrum
2939 4340 3259 4395 viventium.
3277 4339 3483 4396 Idcirco

1888 4424 2048 4479 simul
2084 4441 2271 4482 omnes
2309 4427 2524 4498 aggredi
2564 4428 2767 4484 czedem
2802 4430 2983 4500 jubet,
3024 4431 3478 4502 ut'expiationem

1888 4517 2172 4586 quamdam
2200 4519 2441 4589 perﬁciat
2467 4520 2715 4577 civitatis.
2743 4523 2903 4578 Multa
2929 4524 3080 4579 vobis
3105 4525 3242 4579 bona
3269 4526 3479 4580 contin-

1887 4618 2033 4680 gant,
2055 4610 2194 4681 quod
2218 4619 2359 4667 tanta
2374 4627 2494 4668 cum
2516 4614 2789 4684 voluptate
2808 4615 2875 4670 de
2897 4617 3156 4686 parricida
3173 4633 3483 4673 sermonem

1886 4702 2205 4771 exceperitis
2226 4742 2243 4768 ,
2271 4717 2334 4758 ac
2358 4702 2591 4773 lapidum
2622 4706 2742 4760 loco
2766 4707 2988 4762 vocnbus
3016 4708 3161 4763 illum
3194 4723 3476 4778 percusse-

1886 4794 2039 4847 ritis:
2067 4794 2168 4850 hoc
2202 4796 2346 4849 enim
2388 4796 2639 4851 indicium
2681 4798 2909 4869 ingentis
2938 4808 3019 4855 est
3052 4800 3482 4867 benevolentiae,

1885 4898 1989 4952 qua
2013 4894 2219 4954 patrem
2245 4899 2401 4941 suum
2427 4895 2665 4943 vestrum
2694 4890 3059 4960 unusquisque
3082 4892 3478 4960 complectitur.

1885 4974 2036 5032 Tunc
2072 4978 2212 5033 enim
2250 4983 2517 5052 praecipue
2557 4982 2738 5054 leges,
2777 4998 2897 5054 quas
2934 4983 3125 5039 delicta
3163 4984 3473 5054 vindicant,

1884 5066 2102 5125 laudare
2132 5072 2542 5142 consuevimus,
2569 5090 2690 5131 cum
2720 5075 3032 5131 delictorum
3060 5075 3159 5147 ipsi
3186 5076 3341 5132 nobis
3369 5077 3474 5132 mi-

1885 5160 2028 5214 nime
2064 5163 2265 5218 conscii
2303 5162 2581 5222 fuerimus.
2626 5167 2733 5223 Pro
2770 5167 2854 5223 his
2891 5168 3051 5238 igitur
3081 5167 3331 5224 omnibus
3365 5169 3475 5224 ele-

1883 5254 2047 5308 menti
2084 5253 2197 5310 Deo
2234 5258 2454 5326 gratias.
2470 5273 2724 5329 agamus,
2766 5259 2856 5331 qui
2893 5260 3016 5315 vita;
3053 5270 3250 5316 nostrae
3287 5276 3469 5316 curam

1882 5347 2039 5415 gerit,
2066 5348 2155 5417 qui
2183 5351 2488 5418 parentibus
2515 5353 2775 5421 providet,
2802 5353 2891 5423 qui
2917 5353 2986 5409 de
3010 5353 3190 5410 liberis
3214 5363 3297 5409 est
3319 5355 3470 5410 solli-

1882 5436 2038 5504 citus,
2060 5446 2115 5492 et
2136 5454 2230 5509 pro
2252 5449 2433 5497 nostra
2454 5443 2625 5498 salute
2645 5455 2830 5500 cuncta
2854 5444 3105 5516 disponit.
3130 5447 3304 5515 Ipsum
3324 5447 3467 5501 enim

1882 5524 2036 5582 decet
2058 5530 2243 5598 gloria,
2271 5531 2463 5600 honor,
2492 5543 2545 5589 et
2576 5535 2834 5605 adoratio,
2868 5553 2970 5591 una
2996 5552 3117 5592 cum
3143 5537 3300 5593 Patre
3325 5539 3476 5607 prin-

1880 5620 2001 5689 eipii
2027 5633 2263 5693 experte,
2288 5641 2349 5679 ac
2375 5637 2559 5682 sancto
2581 5629 2799 5699 Spiritu,
2827 5646 2967 5687 nunc
2993 5640 3042 5687 et
3071 5647 3301 5703 semper,
3331 5639 3385 5687 et
3414 5632 3465 5688 in

1881 5716 2074 5773 saecula
2101 5719 2438 5777 saeculorum.
2473 5724 2663 5779 Amen.
