4028 6360
531 344 640 404 599

1096 456 1328 514 saeuo
1365 457 1410 513 v
1451 458 1557 530 (a).

534 592 688 660 Quod
710 609 808 646 non
834 599 1038 663 propter
1056 591 1308 645 Adamum
1335 596 1591 662 punimur,
1614 600 1660 643 et
1680 589 1877 654 maiora
1903 603 1993 658 per
2008 602 2124 642 eum

603 686 735 739 bona
758 701 910 755 quam
938 683 1075 737 mala
1102 692 1219 738 sunt
1242 684 1544 753 intportata,
1576 684 1620 737 si
1645 680 1787 735 nobis
1809 681 1935 751 ipsis
1958 688 2123 733 atten-

602 779 721 833 dere
742 779 1043 834 uoluerimus
1060 795 1079 834 ε
1100 787 1147 833 et
1170 776 1410 833 adversus
1432 793 1518 832 eos
1537 777 1624 848 qui
1650 791 1894 848 pauperes
1918 783 2122 841 prtem-

601 881 741 927 eunt.

598 1010 653 1065 1.
680 1008 790 1066 Vos
816 1009 1031 1082 quidem
1058 1008 1287 1065 fortasse
1316 1024 1414 1065 nos
1451 1024 1666 1064 onmem
1702 1007 1898 1079 putatis
1925 1006 1991 1061 de
2020 1006 2121 1061 do-

528 1103 736 1159 minatu
769 1101 1063 1158 absolvisse
1103 1116 1407 1158 sermonem
1441 1118 1455 1154 :
1487 1110 1541 1155 at
1568 1116 1668 1172 ego
1696 1099 1922 1154 multum
1950 1098 2125 1153 adhuc

527 1194 587 1251 in
614 1209 683 1250 eo
708 1194 866 1250 video
898 1192 1130 1250 fructum
1168 1209 1445 1264 apparere.
1487 1191 1592 1249 Sed
1625 1208 1693 1248 ne
1720 1191 2081 1261 defatigemini
2104 1231 2121 1255 ,

528 1301 744 1359 quaeso,
781 1300 1058 1357 quousque
1089 1294 1257 1341 totum
1300 1286 1471 1356 ipsum
1502 1283 1946 1354 decerpserimus.
1990 1281 2123 1336 Nam

528 1390 585 1436 et
611 1378 893 1451 diligentes
930 1378 1176 1449 agricolze
1203 1393 1324 1432 cum
1356 1377 1515 1432 vitem
1548 1376 1691 1431 foliis
1716 1384 2014 1430 comantem
2045 1374 2126 1429 vi-

530 1471 742 1537 derint,
772 1478 829 1527 et
855 1470 1024 1525 multo
1051 1469 1225 1524 fructu
1252 1478 1527 1525 oneratam
1548 1510 1563 1534 ,
1593 1484 1695 1523 non
1728 1477 1979 1523 externos
2009 1475 2123 1521 tan-

531 1574 646 1619 tum
682 1562 1001 1619 abscindunt
1045 1576 1325 1629 racemos,
1364 1561 1459 1617 sed
1496 1570 1551 1617 et
1593 1561 1814 1616 ulterius
1857 1558 2122 1630 progressi

529 1656 777 1728 palmites
817 1655 1197 1727 confriugunt,
1237 1665 1294 1712 et
1340 1654 1467 1710 folia
1514 1663 1802 1720 coercent,
1846 1654 1919 1709 ita
1961 1662 2018 1712 ut
2055 1669 2123 1709 ne

530 1747 737 1804 minimi
778 1747 996 1818 quidem
1042 1747 1183 1803 acini
1225 1761 1560 1802 racemorum
1604 1744 1885 1801 frondibus
1927 1745 2122 1801 obtecti

529 1839 747 1895 lateant.
776 1839 951 1895 Nolite
975 1839 1138 1911 igitur
1160 1840 1570 1910 ncgligentiores
1599 1840 1703 1894 illis
1731 1838 1926 1907 videri,
1952 1854 2123 1909 neque

530 1932 839 2003 priusquam
866 1940 1033 1988 totum
1059 1949 1091 1988 a
1117 1933 1269 1988 vobis
1291 1929 1362 1988 sit
1385 1942 1661 2003 acceptum
1692 1933 1925 1988 recedite
1949 1952 1962 1988 :
1986 1949 2123 2004 prte-

526 2022 715 2079 sertim
753 2038 879 2079 cum
916 2023 1069 2081 labor
1106 2023 1322 2095 quidem
1361 2038 1549 2092 meus,
1590 2023 1792 2080 fructus
1831 2034 2012 2081 autem
2053 2025 2123 2081 sit

528 2124 726 2173 vester.

597 2204 702 2264 Cur
732 2206 794 2261 ob
830 2206 982 2263 unius
1019 2215 1282 2278 peceatum
1314 2207 1406 2261 alii
1440 2208 1736 2277 puniantur.
1763 2237 1837 2248 —
1860 2207 2123 2265 Hesterno

526 2299 618 2355 die
657 2298 912 2354 mulieres
948 2298 1351 2365 accusavimus,
1380 2299 1464 2353 vel
1494 2300 1670 2369 potius
1695 2314 1801 2354 non
1832 2300 2083 2355 mulieres
2102 2342 2119 2369 ,

526 2390 625 2447 sed
668 2390 833 2446 Evam
876 2390 1021 2461 quod
1067 2404 1166 2460 per
1216 2399 1491 2461 peccatum
1540 2392 1853 2447 servitutem
1900 2392 2119 2448 invexit.

526 2480 780 2537 Fortasse
804 2480 985 2536 dicent
1013 2480 1168 2536 nobis
1196 2480 1452 2537 mulieres
1480 2499 1492 2535 :
1522 2484 1715 2548 Quare,
1741 2497 1863 2537 cum
1887 2482 1973 2536 illa
2000 2499 2123 2553 pec-

526 2579 723 2636 casset,
754 2585 851 2627 nos
876 2571 1142 2626 damnatae
1166 2569 1386 2639 fuimus,
1410 2579 1465 2626 et
1489 2572 1646 2626 unius
1674 2587 1917 2642 persona:
1941 2574 2122 2643 lapsus

526 2661 657 2729 fuit,
688 2661 894 2717 crimen
930 2670 1110 2717 autem
1152 2676 1314 2717 sexus
1354 2662 1559 2717 totius?
1587 2662 1701 2718 Hoc
1740 2664 1900 2719 etiam
1939 2664 2122 2722 dicere

524 2755 669 2812 servi
711 2762 930 2825 possent
962 2772 976 2810 :
1003 2754 1141 2823 Quid
1179 2768 1356 2811 causa:
1394 2765 1477 2811 εει
1512 2770 1645 2823 cur,
1672 2770 1793 2810 cum
1823 2756 1875 2810 in
1914 2764 2121 2826 patrem

523 2847 944 2903 contumeliosus
982 2845 1171 2902 fuisset
1208 2845 1461 2901 Chanaan
1500 2844 1610 2920 (b),
1648 2846 1717 2901 ad
1756 2856 1923 2901 totum
1954 2861 2123 2917 genus

524 2955 683 3011 ptena
709 2939 997 2995 transivit?
1024 2939 1091 2994 Et
1115 2938 1204 3009 qui
1232 2938 1569 3008 magistratus
1598 2937 1965 3006 reformidant,
1999 2954 2122 3009 pos-

524 3041 647 3087 sent
673 3030 912 3100 objicere
942 3047 958 3085 :
985 3028 1094 3085 Cur
1120 3029 1332 3084 tandem
1359 3029 1568 3084 czeteris
1602 3030 1862 3085 scelerate
1892 3030 2121 3085 viventi-

525 3123 627 3177 bus
660 3122 763 3193 ipsi
796 3122 927 3192 jugo
960 3119 1233 3176 servitutis
1262 3118 1458 3175 addicti
1496 3120 1658 3175 sunt?
1687 3120 1823 3189 Quid
1855 3122 2013 3192 igitur
2038 3122 2122 3176 his

526 3215 775 3271 omnibus
796 3214 1271 3285 respondebimus?
1290 3214 1561 3285 Siquidem
1584 3232 1686 3273 una
1706 3216 1970 3273 solutione
1985 3234 2122 3288 qua:-

525 3306 789 3362 stionibus
816 3306 934 3363 istis
959 3306 1206 3361 omnibus
1233 3306 1458 3361 satisfiet
1487 3325 1502 3361 :
1533 3308 1737 3377 priores
1762 3309 1974 3378 quidem
2005 3309 2123 3365 illos

526 3413 780 3469 peccasse
804 3440 821 3467 ,
846 3413 910 3455 ac
936 3414 1034 3454 sua
1069 3398 1504 3468 praevaricatione
1530 3400 1843 3454 servitutem
1882 3401 2126 3457 introdu-

527 3491 710 3557 xisse;
741 3505 925 3545 verum
952 3489 1311 3545 introductam
1347 3490 1495 3544 illam
1533 3490 1857 3560 posteriores
1892 3494 2123 3562 peccatis

528 3582 641 3637 suis
668 3582 1035 3638 conlirmasse.
1063 3580 1196 3637 Nam
1221 3581 1265 3636 si
1290 3581 1504 3653 quidem
1534 3592 1791 3653 perpetuo
1819 3598 1879 3639 se
1905 3592 2124 3654 possent

528 3690 559 3729 a
589 3675 820 3744 peccatis
854 3676 1118 3730 immunes
1147 3674 1469 3742 ostendere,
1494 3675 1616 3744 jure
1645 3675 1871 3731 fortasse
1906 3686 2123 3747 possent

528 3767 897 3831 contradicere
933 3782 950 3823 :
981 3766 1064 3822 sin
1104 3775 1284 3822 autem
1328 3767 1512 3822 multis
1554 3766 1656 3838 ipsi
1692 3782 1906 3839 quoque
1950 3770 2125 3839 poenis

530 3870 655 3917 sunt
679 3860 916 3927 obnoxii,
948 3859 1140 3915 frustra
1172 3858 1272 3914 hac
1299 3861 1640 3915 excusatione
1666 3876 1725 3916 se
1754 3869 1986 3918 tuentur.
2012 3862 2124 3934 Ego

531 3952 675 4009 enim
710 3968 817 4007 non
849 3951 995 4017 dixi,
1036 3959 1313 4022 peccatum
1337 3951 1449 4020 jam
1478 3952 1788 4008 servitutem
1816 3967 1922 4008 non
1949 3952 2123 4010 intro-

530 4049 760 4115 ducere,
787 4046 880 4103 sed
910 4060 1069 4102 omne
1095 4055 1370 4117 peccatum
1397 4061 1519 4101 cum
1549 4047 1804 4102 servitute
1837 4063 1957 4106 esse
1989 4063 2123 4104 con-

527 4139 790 4210 junctum,
820 4138 955 4194 etin
982 4139 1185 4209 peccati
1215 4147 1480 4202 naturam,
1507 4152 1613 4193 non
1646 4139 1699 4193 in
1727 4139 1894 4194 solum
1923 4141 2126 4210 peccati

532 4232 887 4287 dill'erentiam
923 4244 1139 4286 causam
1177 4229 1360 4300 rejeci.
1396 4228 1467 4284 Ut
1506 4229 1665 4299 igitur
1695 4245 1882 4285 omnes
1910 4231 2125 4301 quidem

534 4324 855 4380 incurabiles
876 4323 1047 4379 morbi
1074 4329 1305 4377 mortem
1328 4320 1580 4387 inferunt,
1609 4336 1716 4376 non
1738 4335 1923 4377 omnes
1948 4331 2126 4379 tamen

534 4417 774 4489 ejusdem
815 4424 944 4472 sunt
982 4425 1187 4472 natura:
1217 4434 1231 4470 :
1260 4415 1338 4471 sic
1374 4424 1429 4471 et
1459 4414 1640 4470 omnia
1667 4414 1883 4486 quidem
1910 4426 2128 4487 peccata

534 4514 749 4582 pariunt
775 4511 1117 4575 servitutem,
1147 4523 1255 4565 non
1285 4517 1466 4564 tamen
1502 4506 1743 4578 ejusdem
1771 4517 1977 4565 natura:
2004 4521 2129 4566 sunt

536 4604 737 4660 omnia.
768 4603 1017 4659 Peccavit
1043 4603 1176 4668 Eva,
1200 4617 1323 4659 cum
1350 4601 1551 4672 lignum
1572 4602 1825 4672 gustavit,
1848 4610 1903 4657 et
1928 4602 2128 4658 idcirco

535 4694 787 4751 damnata
814 4703 916 4751 est.
948 4694 1241 4764 Propterea
1281 4693 1392 4749 noli
1423 4701 1479 4747 tu
1514 4707 1701 4748 rursus
1727 4692 1873 4749 aliud
1900 4693 1994 4748 illo
2021 4692 2130 4748 for-

534 4798 681 4845 tasse
701 4787 940 4844 deterius
966 4794 1242 4858 peccatum
1266 4787 1624 4843 committere.
1651 4785 1765 4842 Hoc
1786 4785 1933 4842 etde
1959 4787 2129 4842 servis

535 4883 732 4938 merito
770 4880 1066 4943 dixerimus
1088 4922 1105 4949 ,
1138 4879 1241 4936 hoc
1280 4888 1336 4936 et
1376 4881 1446 4938 de
1484 4881 1588 4937 illis
1616 4881 1707 4952 qui
1736 4881 2130 4952 magistratibus

537 4973 782 5040 subsunt,
811 4974 1015 5044 primos
1041 4973 1291 5028 nimirum
1317 4982 1595 5043 peccatum
1622 4972 2002 5038 introduxisse,
2034 4988 2130 5043 po-

536 5075 711 5122 steros
734 5074 913 5122 autem
938 5064 1287 5121 succedentes
1308 5063 1611 5120 dominatus
1634 5064 1883 5121 virtutem
1907 5065 2018 5120 suis
2040 5080 2129 5121 re.

540 5157 763 5214 timuisse
792 5156 1024 5214 delictis.
1053 5157 1278 5213 Possum
1305 5164 1360 5212 et
1385 5155 1487 5211 alia
1512 5154 1826 5213 defensione
1853 5157 1929 5212 uti
1953 5175 1967 5212 :
1988 5157 2130 5227 quod

539 5251 693 5307 multi
722 5266 937 5322 nempe,
969 5265 1090 5306 ctam
1117 5250 1186 5306 ad
1212 5250 1461 5307 virtutem
1489 5251 1717 5321 regressi
1743 5260 1944 5317 essent,
1975 5266 2008 5306 a
2035 5251 2131 5307 do-

539 5345 747 5401 utinatu
775 5342 973 5399 fuerint
999 5342 1274 5399 vindicati.
1302 5343 1381 5399 Ac
1423 5344 1592 5415 prius,
1619 5342 1666 5400 si
1696 5344 1890 5414 placet,
1916 5342 1983 5399 de
2008 5359 2130 5399 mu-

601 5501 676 5567 (a)
711 5508 763 5552 In
783 5501 950 5552 codice
972 5504 1121 5567 Regio
1140 5500 1265 5552 2542
1288 5499 1393 5552 haec
1429 5500 1625 5567 ttomilia
1649 5515 1746 5553 non
1767 5503 1818 5552 in
1854 5503 1989 5553 serie
2010 5500 2130 5553 alia-

538 5565 879 5628 rum‘ponitur,
906 5571 959 5614 et
980 5566 1177 5628 omnino
1198 5565 1598 5628 praetermittitm'.

606 5626 685 5688 (ω
710 5628 795 5690 ltic
826 5633 944 5690 puto
982 5626 1349 5690 mendosegponi
1370 5626 1595 5690 Chanaan
1610 5638 1698 5690 pro
1718 5626 1882 5687 Cham,
1905 5626 2131 5676 utetiam

541 5688 597 5758 ιη¹
615 5687 811 5738 Humilia
828 5687 1131 5758 praecedenti
1155 5687 1271 5737 Edii.
1296 5687 1461 5758 Morel.
1504 5687 1691 5738 Sedibi
1708 5694 1815 5758 tiss.
1839 5690 2131 5758 auctoritate

540 5748 962 5864 ﬁgimus
988 5762 1004 5803 ε
1028 5749 1106 5802 hic
1128 5762 1225 5803 non
1263 5750 1518 5815 audemus,
1549 5761 1665 5814 quia
1707 5756 1815 5803 uss.
1841 5752 1987 5802 etiam
2007 5748 2130 5800 cha-

534 5821 672 5863 nam
696 5821 896 5864 Μυθιιι.

1308 342 1368 402 S.
1408 342 1686 400 JOANNIS
1720 335 2199 397 CHRYSOSTOMI
2243 336 2564 394 ARClllEP.
2604 337 3142 396 CONSTANTINOP.

3722 343 3827 399 800

2236 450 2456 508 lieribus
2480 466 2786 509 sermonem
2826 453 3182 517 instituamus,
3210 463 3269 508 ut
3298 454 3478 511 videas
3505 471 3612 525 quo
3644 468 3824 526 pacto,

2231 557 2353 598 cum
2379 543 2484 598 illis
2509 545 2713 598 vincula
2742 546 2927 599 beatus
2949 545 3144 599 Paulus
3166 546 3462 612 indidisset,
3490 555 3679 602 eadem
3711 565 3825 606 nur-

2230 647 2321 689 sus
2350 634 2462 705 ipse
2490 634 2766 691 laxaverit.
2798 636 2858 691 Si
2884 653 2984 707 qua
3020 637 3221 704 mulier,
3251 636 3449 708 inquit,
3478 639 3639 693 eitum
3677 640 3829 693 habet

2229 725 2506 794 inﬁdelem,
2537 736 2582 781 et
2611 728 2692 782 hic
2716 730 2960 783 consentit
2986 728 3213 784 habitare
3235 747 3350 784 cunt
3378 730 3488 797 illa,
3516 748 3617 785 non
3646 730 3827 785 dimit-

2232 827 2305 872 tat
2344 820 2491 873 illum
2523 820 2607 892 (ι.
2636 818 2757 877 Cor.
2793 822 2846 875 7.
2878 822 3003 891 15).
3035 822 3149 890 Qua
3178 822 3246 876 de
3273 824 3474 878 causa?
3506 822 3654 879 Unde
3694 827 3829 880 enim

2229 911 2328 965 scis
2348 952 2363 977 ,
2396 911 2599 977 mulier,
2628 928 2697 965 an
2724 913 2887 967 virum
2914 924 3172 967 servatura
3197 915 3267 969 sis
3299 914 3475 986 (Ibid.
3505 933 3555 970 υ.
3588 914 3731 986 16)2
3762 918 3824 973 Et

2230 1018 2337 1073 quo
2364 1010 2515 1073 pacto
2537 1045 2554 1071 ,
2584 1004 2795 1074 inquit,
2826 1006 2998 1060 virum
3036 1006 3232 1077 poterit
3261 1022 3477 1063 servare
3504 1009 3741 1065 mulier?
3769 1010 3823 1065 Si

2230 1094 2441 1162 doceat,
2465 1097 2509 1151 si
2541 1098 2784 1162 instruat,
2816 1099 2860 1153 si
2890 1098 2959 1154 de
2987 1099 3242 1170 religione
3276 1116 3576 1157 sermonem
3607 1102 3821 1159 inferat.

2229 1189 2391 1259 Atqui
2427 1189 2642 1245 dicebas
2680 1189 2822 1256 heri,
2853 1190 3010 1247 beate
3047 1192 3241 1259 Paule,
3269 1192 3477 1249 Mulieri
3504 1194 3686 1250 docere
3724 1213 3823 1251 non

2230 1280 2461 1351 permitto
2492 1280 2577 1352 (l.
2608 1280 2741 1336 Tim.
2771 1282 2830 1337 2.
2858 1281 2976 1354 12).
3010 1284 3109 1352 Qui
3140 1282 3200 1338 fit
3230 1284 3419 1354 igitur,
3449 1294 3511 1340 ut
3535 1285 3680 1341 illam
3710 1289 3826 1343 viro

2229 1373 2536 1443 magistram
2558 1373 2846 1430 adhibeas?
2864 1374 2979 1431 Non
3002 1391 3209 1431 mecum
3232 1377 3350 1447 ipse
3371 1393 3609 1448 pugnans
3626 1379 3679 1434 id
3699 1395 3823 1450 ago,

2229 1464 2325 1519 sed
2351 1480 2559 1520 mecum
2590 1465 2745 1522 valde
2772 1467 3069 1522 consentio.
3101 1467 3237 1522 Audi
3259 1508 3274 1530 ,
3299 1484 3481 1538 quaeso
3505 1511 3521 1535 ,
3551 1478 3606 1525 et
3631 1484 3730 1524 cur
3757 1471 3825 1524 ει-

2230 1558 2335 1612 lam
2365 1558 2651 1629 dejecerit,
2684 1568 2739 1615 et
2765 1575 2861 1615 cur
2888 1574 3071 1614 rursus
3100 1559 3166 1614 ad
3194 1561 3483 1631 magisterii
3511 1562 3824 1618 cathedram

2231 1648 2374 1704 illam
2404 1651 2658 1717 evexerit,
2684 1660 2742 1706 ut
2770 1651 2917 1706 Pauli
2946 1651 3258 1723 sapientiam
3287 1654 3481 1709 discas.
3513 1653 3703 1709 Doceat
3728 1658 3822 1720 uir,

2231 1741 2417 1811 inquit.
2450 1742 2585 1811 Quid
2618 1744 2725 1797 ita?
2751 1742 2950 1816 Quippe
2974 1746 3061 1813 qui
3094 1745 3328 1799 seductus
3354 1763 3453 1800 non
3480 1748 3545 1801 sit
3571 1749 3659 1817 (ί.
3686 1747 3823 1801 Tim.

2228 1830 2283 1886 2.
2330 1832 2449 1903 id).
2487 1834 2652 1888 Adam
2687 1836 2850 1902 enim,
2888 1836 3091 1907 inquit,
3121 1853 3223 1890 non
3258 1847 3330 1891 est
3360 1838 3614 1893 seductus.
3648 1839 3828 1893 Discat

2228 1924 2429 1991 mulier,
2470 1924 2657 1995 inquit.
2697 1926 2832 1993 Quid
2866 1926 2970 1981 ita?
2997 1927 3197 1997 Quippe
3223 1944 3338 1994 quin
3363 1929 3568 1982 seducta
3595 1932 3683 1983 sit.
3713 1931 3825 1985 Mu-

2229 2016 2328 2073 lier
2369 2019 2509 2074 enim
2553 2018 2773 2074 seducta
2821 2020 2874 2074 in
2921 2021 3357 2090 prtevaricatione
3401 2021 3517 2075 fuit.
3558 2021 3660 2077 llic
3696 2040 3823 2078 vero

2228 2110 2553 2164 contrarium
2595 2110 2859 2165 videmus.
2899 2110 3031 2167 Cum
3067 2111 3209 2166 enim
3244 2112 3324 2167 vir
3358 2112 3520 2169 fuerit
3555 2115 3822 2181 infidelis,

2228 2204 2419 2258 mulier
2455 2213 2634 2259 autem
2673 2204 2844 2261 fidelis
2866 2247 2882 2273 ,
2929 2206 3163 2269 Doceat,
3204 2206 3412 2277 inquit,
3442 2208 3655 2263 mulier.
3685 2209 3821 2275 Quid

2227 2294 2334 2350 ita?
2364 2294 2495 2364 Quia
2526 2295 2742 2350 seducta
2774 2312 2878 2351 non
2911 2306 3013 2361 est,
3041 2312 3163 2353 cum
3191 2298 3262 2353 sit
3290 2298 3481 2354 fidelis.
3515 2300 3700 2355 Discat
3729 2302 3823 2371 igi-

2228 2394 2315 2440 tur
2341 2386 2443 2453 vir,
2469 2385 2590 2456 quia
2617 2387 2868 2441 seductus
2896 2396 2997 2452 est,
3026 2402 3147 2443 cum
3175 2388 3245 2444 sit
3282 2389 3533 2444 inﬁdelis.
3560 2390 3820 2446 Commu-

2228 2486 2351 2532 tata:
2371 2487 2493 2533 sunt
2511 2477 2737 2533 docendi
2759 2479 2901 2533 vices
2928 2496 2942 2534 :
2964 2489 3363 2536 commutentur
3380 2482 3541 2535 etiam
3566 2481 3822 2552 deinceps

2226 2570 2371 2626 vices
2412 2570 2741 2627 dominandi.
2788 2570 2978 2639 Vides,
3015 2586 3122 2643 quo
3163 2582 3317 2642 pacto
3353 2573 3552 2645 ubique
3586 2576 3823 2631 ostendit

2227 2663 2535 2717 servitutem
2568 2679 2673 2717 non
2704 2674 2978 2731 naturam,
3010 2664 3104 2719 sed
3132 2664 3499 2735 deceptionem
3535 2677 3590 2721 et
3628 2683 3822 2738 pecca-

2227 2762 2340 2809 tum
2380 2754 2570 2825 sequi?
2601 2754 2754 2809 Venit
2793 2755 2951 2824 igitur
2973 2756 3040 2810 ad
3074 2757 3348 2812 mulierem
3377 2757 3445 2813 ab
3483 2757 3636 2813 initio
3661 2759 3823 2814 dece-

2228 2847 2361 2917 ptio,
2386 2856 2605 2917 sequuta
2631 2856 2713 2901 est
2737 2846 2999 2916 subjectio
3023 2847 3391 2918 deceptionem
3416 2867 3430 2903 :
3452 2851 3826 2920 commigravit

2227 2938 2294 2995 ad
2321 2938 2490 2993 virum
2520 2938 2715 2995 deinde
2739 2938 3015 3009 deceptio,
3045 2940 3414 3011 commigravit
3444 2956 3661 3012 quoque
3696 2943 3825 2997 sub-

2222 3033 2408 3104 jectio.
2434 3032 2499 3087 Et
2523 3033 2661 3087 sicut
2691 3034 2741 3087 in
2769 3033 3028 3103 principio
3054 3032 3290 3088 mulieris
3315 3033 3543 3087 salutem
3574 3034 3690 3088 viro
3716 3049 3823 3088 cre-

2228 3125 2395 3193 didit,
2422 3126 2543 3196 quia
2572 3125 2823 3182 seductus
2860 3141 2967 3180 non
2997 3135 3149 3193 erat,
3178 3126 3257 3181 sic
3290 3126 3475 3182 dicens
3497 3167 3513 3190 ,
3540 3126 3623 3180 Ad
3660 3128 3824 3181 virum

2227 3219 2482 3273 conversio
2508 3228 2625 3282 tua,
2657 3228 2703 3271 et
2728 3219 2836 3288 ipse
2862 3220 2932 3271 tui
2958 3218 3297 3272 dominabitur
3322 3216 3474 3289 (Gen.
3500 3219 3554 3274 5.
3582 3219 3674 3285 16)
3704 3238 3719 3270 :
3746 3221 3827 3274 sic

2227 3313 2387 3367 etiam
2425 3311 2530 3367 hoc
2562 3312 2679 3367 loco
2710 3326 2833 3366 cum
2869 3322 3013 3367 esset
3038 3311 3232 3367 mulier
3256 3311 3428 3367 fidelis
3450 3351 3467 3377 ,
3498 3328 3619 3383 quae
3649 3314 3824 3367 virum

2229 3406 2453 3462 haberet
2489 3406 2791 3473 inﬁdelem,
2822 3406 3049 3461 salutem
3088 3406 3187 3460 viri
3228 3405 3437 3461 mulieri
3475 3406 3707 3461 credidit
3738 3407 3827 3462 his

2230 3500 2411 3555 verbis
2436 3508 2589 3554 utens
2619 3514 2634 3555 :
2666 3497 2814 3553 Unde
2836 3498 2969 3553 enim
2993 3499 3110 3562 scis,
3142 3499 3347 3565 mulier,
3372 3514 3440 3552 an
3464 3500 3629 3552 uirum
3655 3516 3825 3553 ser-m-

2230 3601 2346 3647 tura
2371 3592 2477 3647 sis?
2495 3591 2633 3660 Quid
2658 3591 2758 3646 hac
2784 3589 2903 3646 fieri
2927 3590 3381 3646 demonstratione
3400 3590 3596 3645 clarius
3623 3601 3826 3660 potest,

2229 3695 2290 3740 ut
2311 3686 2622 3740 servitutem
2648 3692 2857 3739 constet
2880 3698 2986 3738 non
3013 3693 3254 3738 naturam
3275 3684 3553 3753 consequi,
3574 3683 3671 3738 sed
3701 3698 3825 3752 pec-

2229 3777 2452 3834 catum?
2496 3776 2611 3831 Hoc
2651 3775 2720 3831 de
2767 3775 2938 3831 servis
2978 3790 3191 3846 quoque
3236 3774 3342 3830 dici
3388 3784 3583 3845 potest.
3633 3774 3825 3830 Servus

2228 3880 2434 3925 vocatus
2466 3868 2561 3923 es?
2592 3867 2715 3923 Non
2740 3869 2805 3923 sit
2834 3867 2923 3923 tibi
2955 3884 3091 3923 cura
3115 3869 3133 3938 (
3153 3870 3201 3923 Ι.
3229 3867 3349 3924 Cor.
3378 3869 3433 3923 7.
3459 3868 3522 3923 2i
3552 3870 3592 3941 ).
3623 3868 3825 3933 Vides,

2230 3973 2289 4019 ut
2314 3978 2497 4018 rursus
2524 3961 2724 4017 nudum
2751 3976 2872 4017 esse
2895 3976 3091 4017 nomen
3118 3961 3389 4016 servitutis
3410 3959 3680 4023 ostendat,
3703 3978 3823 4016 cum

2229 4053 2400 4107 virtus
2425 4051 2687 4107 adfuerit?
2714 4050 2821 4107 Sed
2839 4060 2888 4105 et
2911 4052 2954 4107 si
2981 4061 3123 4123 potes
3145 4051 3257 4121 fieri
3284 4052 3428 4117 liber,
3458 4054 3623 4122 magis
3643 4062 3783 4107 utere
3807 4069 3826 4106 :

2232 4144 2336 4200 hoc
2363 4152 2466 4207 est,
2498 4143 2761 4198 Permane
2798 4143 2975 4212 potius
3004 4142 3056 4197 in
3084 4142 3362 4198 servitute.
3394 4141 3566 4208 Quam
3592 4141 3669 4195 ob
3697 4156 3823 4196 cau-

2232 4236 2386 4293 sam?
2418 4236 2519 4309 Qui
2544 4236 2677 4290 enim
2703 4235 2758 4289 in
2790 4234 3012 4289 Domino
3045 4244 3249 4289 uocatus
3279 4244 3351 4288 est
3376 4249 3548 4288 servus
3567 4275 3583 4302 ,
3621 4235 3827 4289 libertus

2232 4338 2304 4383 est
2327 4326 2534 4382 Domini
2559 4326 2610 4397 (1
2619 4326 2722 4380 bid.
2745 4342 2793 4380 ν.
2819 4326 2934 4398 22).
2962 4325 3125 4381 Vides
3150 4326 3366 4381 nomine
3388 4324 3505 4381 solo
3528 4335 3688 4382 tenus
3708 4342 3827 4381 esse

2232 4420 2561 4484 servitutem,
2593 4434 2655 4475 re
2680 4427 2858 4474 autem
2885 4419 2997 4488 ipsa
3023 4416 3366 4473 libertatem?
3392 4416 3503 4472 Cur
3530 4432 3695 4488 porro
3717 4433 3827 4472 Ser-

2232 4527 2358 4566 vum
2384 4525 2603 4567 manere
2636 4510 2914 4581 permisit?
2938 4508 3009 4566 Ut
3046 4509 3305 4566 libertatis
3345 4511 3710 4580 przestantiam
3733 4526 3826 4567 co-

2231 4617 2540 4673 gnosceres.
2576 4601 2708 4657 Nam
2747 4603 2885 4657 sicut
2917 4602 3084 4679 multo
3120 4601 3293 4671 majus
3330 4615 3393 4655 ac
3431 4601 3624 4671 majori
3662 4602 3827 4656 admi-

2233 4695 2440 4750 ratione
2476 4694 2694 4766 dignum
2737 4702 2821 4749 est
2864 4692 3032 4748 illaesa
3075 4706 3291 4747 servare
3331 4692 3493 4746 trium
3540 4706 3823 4761 puerorum

2234 4802 2460 4858 corpora
2489 4796 2737 4843 manente
2766 4785 2982 4841 fornace
3006 4827 3021 4851 ,
3052 4801 3212 4856 quam
3252 4785 3395 4839 illam
3434 4784 3780 4854 exstinguere
3807 4801 3821 4835 :

2234 4878 2313 4932 sic
2350 4878 2516 4933 multo
2555 4878 2726 4948 majus
2765 4886 2820 4932 et
2856 4877 3223 4933 admirabilius
3258 4885 3379 4943 est,
3413 4890 3577 4946 quam
3617 4876 3827 4931 solvero

2235 4972 2579 5037 servitutem,
2618 4979 2868 5027 manente
2909 4970 2993 5025 illa
3032 4970 3333 5025 libertatem
3361 4968 3675 5024 ostendere.
3703 4966 3827 5021 ideo

2234 5064 2368 5119 dixit
2390 5081 2405 5120 :
2426 5063 2493 5117 Et
2517 5064 2561 5117 si
2589 5072 2729 5134 potes
2758 5063 2871 5131 ﬁeri
2893 5064 3035 5127 liber,
3061 5063 3223 5133 magis
3249 5071 3429 5124 utere;
3454 5060 3560 5117 hoc
3580 5069 3686 5125 est,
3706 5058 3825 5116 Ser-

2234 5171 2334 5212 vus
2359 5170 2515 5211 mane
2543 5170 2560 5211 :
2585 5154 2920 5211 verissimam
2949 5156 3092 5209 enim
3124 5152 3366 5222 possides
3395 5151 3721 5208 libertatem.

2304 5247 2358 5303 2.
2391 5247 2553 5302 Visne
2570 5247 2623 5302 in
2645 5246 3045 5317 magistratibus
3069 5246 3232 5302 etiam
3259 5244 3402 5300 istud
3427 5259 3654 5301 cernere
3671 5246 3696 5301 ?
3715 5245 3831 5301 Rex

2236 5339 2335 5396 fuit
2366 5340 2877 5405 Nabuchodonosor,
2919 5338 3009 5412 qui
3042 5337 3314 5394 fornacem
3345 5352 3508 5408 quam
3532 5336 3829 5394 vehemen-

2236 5432 2443 5488 tissime
2467 5432 2672 5488 curavit
2713 5431 2969 5498 accendi,
3009 5445 3074 5487 ac
3108 5438 3221 5486 tres
3258 5444 3457 5501 pueros
3494 5429 3549 5483 in
3593 5428 3832 5484 medium

2236 5520 2450 5590 adduci,
2479 5522 2722 5594 juvenes,
2765 5521 3032 5589 desertos,
3082 5521 3230 5576 omni
3272 5520 3474 5575 auxilio
3517 5517 3831 5577 destitutos.

2239 5627 2446 5682 servos,
2490 5613 2749 5684 captivos,
2781 5622 3045 5669 extorres.
3075 5611 3143 5666 Et
3167 5610 3297 5682 quid
3325 5610 3440 5667 ait?
3478 5608 3544 5664 Si
3574 5624 3710 5673 rae.
3737 5608 3835 5664 Se-

2241 5707 2386 5773 drac,
2419 5706 2605 5774 Μίδας,
2644 5704 2939 5778 Abdenago,
2962 5706 3082 5761 deos
3112 5722 3251 5761 meos
3271 5720 3374 5759 non
3402 5703 3591 5769 colitis,
3624 5712 3674 5757 et
3700 5703 3834 5756 ima-

2241 5802 2407 5874 ginem
2435 5816 2638 5857 auream
2664 5814 2816 5872 quam
2851 5798 3007 5855 statui
3035 5815 3137 5855 non
3172 5800 3398 5856 adoratis
3419 5796 3583 5871 (Dan.
3614 5798 3668 5855 3.
3709 5794 3837 5865 il)?
