  <div class='ocr_page' id='page_1' title='image "/cluster/home/n/w/nwhite01/storage/ocr_20150623/54/nnc1.0046978518/228.png"; bbox 0 0 4028 6360; ppageno 0'>
   <div class='ocr_carea' id='block_1_1' title="bbox 357 468 1947 544">
    <p class='ocr_par' dir='ltr' id='par_1_1' title="bbox 357 468 1947 544">
     <span class='ocr_line' id='line_1_1' title="bbox 357 468 1947 544; baseline 0.004 -22"><span class='ocrx_word' id='word_1_1' title='bbox 357 468 495 534; x_wconf 83' lang='lat' dir='ltr'><strong>Quid</strong></span> <span class='ocrx_word' id='word_1_2' title='bbox 526 483 653 539; x_wconf 86' lang='lat' dir='ltr'><strong>ergo</strong></span> <span class='ocrx_word' id='word_1_3' title='bbox 682 468 950 534; x_wconf 84' lang='lat' dir='ltr'><strong>illi?Vide,</strong></span> <span class='ocrx_word' id='word_1_4' title='bbox 976 486 1082 540; x_wconf 90' lang='lat' dir='ltr'><strong>quo</strong></span> <span class='ocrx_word' id='word_1_5' title='bbox 1112 482 1265 542; x_wconf 88' lang='lat' dir='ltr'><strong>pacto</strong></span> <span class='ocrx_word' id='word_1_6' title='bbox 1296 473 1461 527; x_wconf 84' lang='lat' dir='ltr'><strong>virtus</strong></span> <span class='ocrx_word' id='word_1_7' title='bbox 1489 488 1601 537; x_wconf 86' lang='lat' dir='ltr'><strong>eos,</strong></span> <span class='ocrx_word' id='word_1_8' title='bbox 1630 476 1718 542; x_wconf 91' lang='lat' dir='ltr'><strong>qui</strong></span> <span class='ocrx_word' id='word_1_9' title='bbox 1750 476 1947 544; x_wconf 88' lang='lat' dir='ltr'><strong>captivi</strong></span> 
     </span>
    </p>
   </div>
   <div class='ocr_carea' id='block_1_2' title="bbox 357 562 1951 635">
    <p class='ocr_par' dir='ltr' id='par_1_2' title="bbox 357 562 1951 635">
     <span class='ocr_line' id='line_1_2' title="bbox 357 562 1951 635; baseline 0.002 -18"><span class='ocrx_word' id='word_1_10' title='bbox 357 570 529 626; x_wconf 81' lang='lat' dir='ltr'><strong>erant,</strong></span> <span class='ocrx_word' id='word_1_11' title='bbox 552 562 721 631; x_wconf 86' lang='lat' dir='ltr'><strong>magis</strong></span> <span class='ocrx_word' id='word_1_12' title='bbox 750 564 924 632; x_wconf 83' lang='lat' dir='ltr'><strong>regios</strong></span> <span class='ocrx_word' id='word_1_13' title='bbox 952 578 1107 632; x_wconf 89' lang='lat' dir='ltr'><strong>quam</strong></span> <span class='ocrx_word' id='word_1_14' title='bbox 1140 580 1319 635; x_wconf 80' lang='lat' dir='ltr'><strong>regem</strong></span> <span class='ocrx_word' id='word_1_15' title='bbox 1349 567 1520 633; x_wconf 90' lang='lat' dir='ltr'><strong>ipsum</strong></span> <span class='ocrx_word' id='word_1_16' title='bbox 1550 565 1860 629; x_wconf 91' lang='lat' dir='ltr'><strong>reddiderit,</strong></span> <span class='ocrx_word' id='word_1_17' title='bbox 1888 582 1951 620; x_wconf 90' lang='lat' dir='ltr'><strong>ac</strong></span> 
     </span>
    </p>
   </div>
   <div class='ocr_carea' id='block_1_3' title="bbox 348 634 1948 722">
    <p class='ocr_par' dir='ltr' id='par_1_3' title="bbox 348 634 1948 722">
     <span class='ocr_line' id='line_1_3' title="bbox 348 634 1948 722; baseline 0.005 -18"><span class='ocrx_word' id='word_1_18' title='bbox 348 634 527 705; x_wconf 74' lang='lat' dir='ltr'><strong>inulto</strong></span> <span class='ocrx_word' id='word_1_19' title='bbox 553 653 832 706; x_wconf 88' lang='lat' dir='ltr'><strong>excelsiori</strong></span> <span class='ocrx_word' id='word_1_20' title='bbox 861 653 1036 707; x_wconf 88' lang='lat' dir='ltr'><strong>animo</strong></span> <span class='ocrx_word' id='word_1_21' title='bbox 1060 634 1311 722; x_wconf 69' lang='lat' dir='ltr'><strong>prmditos</strong></span> <span class='ocrx_word' id='word_1_22' title='bbox 1333 656 1451 709; x_wconf 89' lang='lat' dir='ltr'><strong>illos</strong></span> <span class='ocrx_word' id='word_1_23' title='bbox 1483 656 1794 710; x_wconf 87' lang='lat' dir='ltr'><strong>ostenderit.</strong></span> <span class='ocrx_word' id='word_1_24' title='bbox 1832 656 1948 712; x_wconf 89' lang='lat' dir='ltr'><strong>Non</strong></span> 
     </span>
    </p>
   </div>
   <div class='ocr_carea' id='block_1_4' title="bbox 356 742 1948 816">
    <p class='ocr_par' dir='ltr' id='par_1_4' title="bbox 356 742 1948 816">
     <span class='ocr_line' id='line_1_4' title="bbox 356 742 1948 816; baseline 0.004 -22"><span class='ocrx_word' id='word_1_25' title='bbox 356 742 501 796; x_wconf 85' lang='lat' dir='ltr'><strong>enim</strong></span> <span class='ocrx_word' id='word_1_26' title='bbox 528 752 793 813; x_wconf 87' lang='lat' dir='ltr'><strong>tamquam</strong></span> <span class='ocrx_word' id='word_1_27' title='bbox 827 760 1002 814; x_wconf 86' lang='lat' dir='ltr'><strong>regem</strong></span> <span class='ocrx_word' id='word_1_28' title='bbox 1033 746 1385 814; x_wconf 87' lang='lat' dir='ltr'><strong>alloquentes,</strong></span> <span class='ocrx_word' id='word_1_29' title='bbox 1410 748 1502 802; x_wconf 88' lang='lat' dir='ltr'><strong>sed</strong></span> <span class='ocrx_word' id='word_1_30' title='bbox 1535 758 1800 816; x_wconf 88' lang='lat' dir='ltr'><strong>tamquam</strong></span> <span class='ocrx_word' id='word_1_31' title='bbox 1829 765 1948 802; x_wconf 90' lang='lat' dir='ltr'><strong>cum</strong></span> 
     </span>
    </p>
   </div>
   <div class='ocr_carea' id='block_1_5' title="bbox 355 833 1949 903">
    <p class='ocr_par' dir='ltr' id='par_1_5' title="bbox 355 833 1949 903">
     <span class='ocr_line' id='line_1_5' title="bbox 355 833 1949 903; baseline 0.004 -17"><span class='ocrx_word' id='word_1_32' title='bbox 355 833 537 903; x_wconf 87' lang='lat' dir='ltr'><strong>aliquo</strong></span> <span class='ocrx_word' id='word_1_33' title='bbox 566 834 665 887; x_wconf 85' lang='lat' dir='ltr'><strong>sibi</strong></span> <span class='ocrx_word' id='word_1_34' title='bbox 706 834 921 889; x_wconf 91' lang='lat' dir='ltr'><strong>subdito</strong></span> <span class='ocrx_word' id='word_1_35' title='bbox 959 851 1260 891; x_wconf 83' lang='lat' dir='ltr'><strong>sermonem</strong></span> <span class='ocrx_word' id='word_1_36' title='bbox 1306 850 1550 892; x_wconf 89' lang='lat' dir='ltr'><strong>serentes</strong></span> <span class='ocrx_word' id='word_1_37' title='bbox 1589 854 1711 892; x_wconf 91' lang='lat' dir='ltr'><strong>cum</strong></span> <span class='ocrx_word' id='word_1_38' title='bbox 1759 838 1949 893; x_wconf 88' lang='lat' dir='ltr'><strong>ﬁducia</strong></span> 
     </span>
    </p>
   </div>
   <div class='ocr_carea' id='block_1_6' title="bbox 354 924 1951 999">
    <p class='ocr_par' dir='ltr' id='par_1_6' title="bbox 354 924 1951 999">
     <span class='ocr_line' id='line_1_6' title="bbox 354 924 1951 999; baseline 0.004 -21"><span class='ocrx_word' id='word_1_39' title='bbox 354 924 775 995; x_wconf 84' lang='lat' dir='ltr'><strong>reSpondebant.</strong></span> <span class='ocrx_word' id='word_1_40' title='bbox 822 924 944 979; x_wconf 82' lang='lat' dir='ltr'><strong>Non</strong></span> <span class='ocrx_word' id='word_1_41' title='bbox 988 944 1117 995; x_wconf 81' lang='lat' dir='ltr'><strong>opus</strong></span> <span class='ocrx_word' id='word_1_42' title='bbox 1161 927 1419 993; x_wconf 83' lang='lat' dir='ltr'><strong>habemus,</strong></span> <span class='ocrx_word' id='word_1_43' title='bbox 1451 930 1713 999; x_wconf 89' lang='lat' dir='ltr'><strong>inquitmt,</strong></span> <span class='ocrx_word' id='word_1_44' title='bbox 1758 948 1847 983; x_wconf 86' lang='lat' dir='ltr'><strong>nos</strong></span> <span class='ocrx_word' id='word_1_45' title='bbox 1889 931 1951 984; x_wconf 85' lang='lat' dir='ltr'><strong>de</strong></span> 
     </span>
    </p>
   </div>
   <div class='ocr_carea' id='block_1_7' title="bbox 354 1017 1947 1093">
    <p class='ocr_par' dir='ltr' id='par_1_7' title="bbox 354 1017 1947 1093">
     <span class='ocr_line' id='line_1_7' title="bbox 354 1017 1947 1093; baseline 0.003 -23"><span class='ocrx_word' id='word_1_46' title='bbox 354 1017 503 1071; x_wconf 81' lang='lat' dir='ltr'><strong>verba</strong></span> <span class='ocrx_word' id='word_1_47' title='bbox 533 1018 626 1071; x_wconf 79' lang='lat' dir='ltr'><strong>hoc</strong></span> <span class='ocrx_word' id='word_1_48' title='bbox 662 1018 965 1085; x_wconf 85' lang='lat' dir='ltr'><strong>respondere</strong></span> <span class='ocrx_word' id='word_1_49' title='bbox 996 1021 1101 1091; x_wconf 87' lang='lat' dir='ltr'><strong>regi</strong></span> <span class='ocrx_word' id='word_1_50' title='bbox 1143 1022 1162 1085; x_wconf 91' lang='lat'><strong>(</strong></span> <span class='ocrx_word' id='word_1_51' title='bbox 1192 1020 1326 1075; x_wconf 86' lang='lat' dir='ltr'><strong>Dan.</strong></span> <span class='ocrx_word' id='word_1_52' title='bbox 1360 1022 1412 1076; x_wconf 78' lang='grc'><strong>5.</strong></span> <span class='ocrx_word' id='word_1_53' title='bbox 1452 1024 1515 1077; x_wconf 79' lang='lat' dir='ltr'><strong>lli</strong></span> <span class='ocrx_word' id='word_1_54' title='bbox 1542 1024 1579 1093; x_wconf 92' lang='lat'><strong>).</strong></span> <span class='ocrx_word' id='word_1_55' title='bbox 1612 1024 1726 1077; x_wconf 92' lang='lat' dir='ltr'><strong>Non</strong></span> <span class='ocrx_word' id='word_1_56' title='bbox 1753 1025 1947 1091; x_wconf 79' lang='lat' dir='ltr'><strong>verbis,</strong></span> 
     </span>
    </p>
   </div>
   <div class='ocr_carea' id='block_1_8' title="bbox 356 1107 1951 1178">
    <p class='ocr_par' dir='ltr' id='par_1_8' title="bbox 356 1107 1951 1178">
     <span class='ocr_line' id='line_1_8' title="bbox 356 1107 1951 1178; baseline 0.003 -16"><span class='ocrx_word' id='word_1_57' title='bbox 356 1107 454 1162; x_wconf 88' lang='lat' dir='ltr'><strong>sed</strong></span> <span class='ocrx_word' id='word_1_58' title='bbox 498 1109 663 1163; x_wconf 81' lang='lat' dir='ltr'><strong>rebus</strong></span> <span class='ocrx_word' id='word_1_59' title='bbox 709 1107 837 1178; x_wconf 84' lang='lat' dir='ltr'><strong>ipsis</strong></span> <span class='ocrx_word' id='word_1_60' title='bbox 884 1110 1396 1167; x_wconf 89' lang='lat' dir='ltr'><strong>demonstrationem</strong></span> <span class='ocrx_word' id='word_1_61' title='bbox 1439 1113 1830 1169; x_wconf 81' lang='lat' dir='ltr'><strong>exhibebimus.</strong></span> <span class='ocrx_word' id='word_1_62' title='bbox 1860 1115 1951 1170; x_wconf 87' lang='lat' dir='ltr'><strong>Est</strong></span> 
     </span>
    </p>
   </div>
   <div class='ocr_carea' id='block_1_9' title="bbox 352 1198 1950 1277">
    <p class='ocr_par' dir='ltr' id='par_1_9' title="bbox 352 1198 1950 1277">
     <span class='ocr_line' id='line_1_9' title="bbox 352 1198 1950 1277; baseline 0.005 -25"><span class='ocrx_word' id='word_1_63' title='bbox 352 1198 495 1253; x_wconf 87' lang='lat' dir='ltr'><strong>Deus</strong></span> <span class='ocrx_word' id='word_1_64' title='bbox 523 1201 575 1252; x_wconf 86' lang='lat' dir='ltr'><strong>in</strong></span> <span class='ocrx_word' id='word_1_65' title='bbox 604 1199 749 1266; x_wconf 62' lang='lat' dir='ltr'><strong>caelo,</strong></span> <span class='ocrx_word' id='word_1_66' title='bbox 781 1212 957 1269; x_wconf 88' lang='lat' dir='ltr'><strong>potens</strong></span> <span class='ocrx_word' id='word_1_67' title='bbox 983 1204 1180 1273; x_wconf 85' lang='lat' dir='ltr'><strong>eripere</strong></span> <span class='ocrx_word' id='word_1_68' title='bbox 1201 1220 1291 1258; x_wconf 87' lang='lat' dir='ltr'><strong>nos</strong></span> <span class='ocrx_word' id='word_1_69' title='bbox 1318 1204 1495 1274; x_wconf 94' lang='lat' dir='ltr'><strong>(Ibid.</strong></span> <span class='ocrx_word' id='word_1_70' title='bbox 1521 1222 1567 1259; x_wconf 91' lang='grc' dir='ltr'><strong>υ.</strong></span> <span class='ocrx_word' id='word_1_71' title='bbox 1596 1205 1717 1277; x_wconf 90' lang='grc'><strong>17).</strong></span> <span class='ocrx_word' id='word_1_72' title='bbox 1746 1208 1950 1260; x_wconf 73' lang='grc' dir='ltr'><strong>Βειιρῐί-</strong></span> 
     </span>
    </p>
   </div>
   <div class='ocr_carea' id='block_1_10' title="bbox 355 1291 1952 1361">
    <p class='ocr_par' dir='ltr' id='par_1_10' title="bbox 355 1291 1952 1361">
     <span class='ocr_line' id='line_1_10' title="bbox 355 1291 1952 1361; baseline 0.004 -17"><span class='ocrx_word' id='word_1_73' title='bbox 355 1291 500 1344; x_wconf 88' lang='lat' dir='ltr'><strong>cium</strong></span> <span class='ocrx_word' id='word_1_74' title='bbox 543 1305 572 1344; x_wconf 88' lang='lat' dir='ltr'><strong>a</strong></span> <span class='ocrx_word' id='word_1_75' title='bbox 614 1291 833 1347; x_wconf 87' lang='lat' dir='ltr'><strong>Daniele</strong></span> <span class='ocrx_word' id='word_1_76' title='bbox 879 1302 1157 1361; x_wconf 82' lang='lat' dir='ltr'><strong>acceptum</strong></span> <span class='ocrx_word' id='word_1_77' title='bbox 1208 1296 1259 1348; x_wconf 91' lang='lat' dir='ltr'><strong>in</strong></span> <span class='ocrx_word' id='word_1_78' title='bbox 1298 1296 1611 1350; x_wconf 83' lang='lat' dir='ltr'><strong>memoriam</strong></span> <span class='ocrx_word' id='word_1_79' title='bbox 1641 1298 1716 1351; x_wconf 86' lang='lat' dir='ltr'><strong>illi</strong></span> <span class='ocrx_word' id='word_1_80' title='bbox 1744 1314 1952 1353; x_wconf 85' lang='lat' dir='ltr'><strong>revoca-</strong></span> 
     </span>
    </p>
   </div>
   <div class='ocr_carea' id='block_1_11' title="bbox 357 1381 1943 1458">
    <p class='ocr_par' dir='ltr' id='par_1_11' title="bbox 357 1381 1943 1458">
     <span class='ocr_line' id='line_1_11' title="bbox 357 1381 1943 1458; baseline 0.005 -23"><span class='ocrx_word' id='word_1_81' title='bbox 357 1389 487 1436; x_wconf 88' lang='lat' dir='ltr'><strong>runt</strong></span> <span class='ocrx_word' id='word_1_82' title='bbox 525 1381 713 1437; x_wconf 87' lang='lat' dir='ltr'><strong>iisdem</strong></span> <span class='ocrx_word' id='word_1_83' title='bbox 752 1384 834 1437; x_wconf 90' lang='lat' dir='ltr'><strong>usi</strong></span> <span class='ocrx_word' id='word_1_84' title='bbox 877 1385 1073 1448; x_wconf 86' lang='lat' dir='ltr'><strong>verbis,</strong></span> <span class='ocrx_word' id='word_1_85' title='bbox 1106 1400 1225 1454; x_wconf 72' lang='lat' dir='ltr'><strong>qua:</strong></span> <span class='ocrx_word' id='word_1_86' title='bbox 1255 1388 1516 1456; x_wconf 91' lang='lat' dir='ltr'><strong>pr0pheta</strong></span> <span class='ocrx_word' id='word_1_87' title='bbox 1557 1397 1679 1443; x_wconf 90' lang='lat' dir='ltr'><strong>tunc</strong></span> <span class='ocrx_word' id='word_1_88' title='bbox 1709 1390 1943 1458; x_wconf 89' lang='lat' dir='ltr'><strong>protulit.</strong></span> 
     </span>
    </p>
   </div>
   <div class='ocr_carea' id='block_1_12' title="bbox 351 1475 1951 1552">
    <p class='ocr_par' dir='ltr' id='par_1_12' title="bbox 351 1475 1951 1552">
     <span class='ocr_line' id='line_1_12' title="bbox 351 1475 1951 1552; baseline 0.005 -23"><span class='ocrx_word' id='word_1_89' title='bbox 351 1475 491 1545; x_wconf 84' lang='lat' dir='ltr'><strong>Quid</strong></span> <span class='ocrx_word' id='word_1_90' title='bbox 531 1476 674 1531; x_wconf 87' lang='lat' dir='ltr'><strong>enim</strong></span> <span class='ocrx_word' id='word_1_91' title='bbox 706 1475 795 1531; x_wconf 90' lang='lat' dir='ltr'><strong>ille</strong></span> <span class='ocrx_word' id='word_1_92' title='bbox 835 1476 1082 1532; x_wconf 88' lang='lat' dir='ltr'><strong>dicebat?</strong></span> <span class='ocrx_word' id='word_1_93' title='bbox 1113 1476 1234 1532; x_wconf 84' lang='lat' dir='ltr'><strong>Non</strong></span> <span class='ocrx_word' id='word_1_94' title='bbox 1264 1490 1339 1534; x_wconf 89' lang='lat' dir='ltr'><strong>est</strong></span> <span class='ocrx_word' id='word_1_95' title='bbox 1363 1497 1628 1552; x_wconf 81' lang='lat' dir='ltr'><strong>magorum</strong></span> <span class='ocrx_word' id='word_1_96' title='bbox 1663 1481 1951 1537; x_wconf 79' lang='lat' dir='ltr'><strong>Gazareno—</strong></span> 
     </span>
    </p>
   </div>
   <div class='ocr_carea' id='block_1_13' title="bbox 349 1567 1949 1642">
    <p class='ocr_par' dir='ltr' id='par_1_13' title="bbox 349 1567 1949 1642">
     <span class='ocr_line' id='line_1_13' title="bbox 349 1567 1949 1642; baseline 0.006 -24"><span class='ocrx_word' id='word_1_97' title='bbox 349 1583 487 1634; x_wconf 86' lang='lat' dir='ltr'><strong>rum,</strong></span> <span class='ocrx_word' id='word_1_98' title='bbox 536 1567 893 1622; x_wconf 67' lang='lat' dir='ltr'><strong>Chaldaeorum</strong></span> <span class='ocrx_word' id='word_1_99' title='bbox 931 1569 1155 1633; x_wconf 80' lang='lat' dir='ltr'><strong>verbum,</strong></span> <span class='ocrx_word' id='word_1_100' title='bbox 1187 1570 1323 1640; x_wconf 91' lang='lat' dir='ltr'><strong>quod</strong></span> <span class='ocrx_word' id='word_1_101' title='bbox 1354 1573 1564 1642; x_wconf 89' lang='lat' dir='ltr'><strong>requirit</strong></span> <span class='ocrx_word' id='word_1_102' title='bbox 1604 1590 1730 1627; x_wconf 77' lang='lat' dir='ltr'><strong>rex:</strong></span> <span class='ocrx_word' id='word_1_103' title='bbox 1758 1575 1845 1628; x_wconf 86' lang='lat' dir='ltr'><strong>sed</strong></span> <span class='ocrx_word' id='word_1_104' title='bbox 1876 1584 1949 1628; x_wconf 87' lang='lat' dir='ltr'><strong>est</strong></span> 
     </span>
    </p>
   </div>
   <div class='ocr_carea' id='block_1_14' title="bbox 350 1657 1948 1737">
    <p class='ocr_par' dir='ltr' id='par_1_14' title="bbox 350 1657 1948 1737">
     <span class='ocr_line' id='line_1_14' title="bbox 350 1657 1948 1737; baseline 0.006 -26"><span class='ocrx_word' id='word_1_105' title='bbox 350 1657 494 1713; x_wconf 84' lang='lat' dir='ltr'><strong>Deus</strong></span> <span class='ocrx_word' id='word_1_106' title='bbox 509 1660 562 1713; x_wconf 88' lang='lat' dir='ltr'><strong>in</strong></span> <span class='ocrx_word' id='word_1_107' title='bbox 590 1659 727 1713; x_wconf 78' lang='lat' dir='ltr'><strong>cwlis</strong></span> <span class='ocrx_word' id='word_1_108' title='bbox 746 1658 972 1715; x_wconf 84' lang='lat' dir='ltr'><strong>revelans</strong></span> <span class='ocrx_word' id='word_1_109' title='bbox 997 1662 1235 1732; x_wconf 83' lang='lat' dir='ltr'><strong>mysteria</strong></span> <span class='ocrx_word' id='word_1_110' title='bbox 1264 1662 1282 1731; x_wconf 94' lang='lat'><strong>(</strong></span> <span class='ocrx_word' id='word_1_111' title='bbox 1316 1660 1400 1715; x_wconf 90' lang='lat' dir='ltr'><strong>Id.</strong></span> <span class='ocrx_word' id='word_1_112' title='bbox 1429 1662 1487 1716; x_wconf 93' lang='lat'><strong>2.</strong></span> <span class='ocrx_word' id='word_1_113' title='bbox 1506 1662 1597 1718; x_wconf 86' lang='lat'><strong>27.</strong></span> <span class='ocrx_word' id='word_1_114' title='bbox 1625 1663 1696 1718; x_wconf 87' lang='lat'><strong>28</strong></span> <span class='ocrx_word' id='word_1_115' title='bbox 1800 1666 1948 1720; x_wconf 88' lang='lat' dir='ltr'><strong>Hanc</strong></span> 
     </span>
    </p>
   </div>
   <div class='ocr_carea' id='block_1_15' title="bbox 350 1752 1946 1820">
    <p class='ocr_par' dir='ltr' id='par_1_15' title="bbox 350 1752 1946 1820">
     <span class='ocr_line' id='line_1_15' title="bbox 350 1752 1946 1820; baseline 0.003 -14"><span class='ocrx_word' id='word_1_116' title='bbox 350 1752 513 1820; x_wconf 81' lang='lat' dir='ltr'><strong>igitur</strong></span> <span class='ocrx_word' id='word_1_117' title='bbox 550 1753 625 1806; x_wconf 91' lang='lat' dir='ltr'><strong>illi</strong></span> <span class='ocrx_word' id='word_1_118' title='bbox 654 1767 840 1807; x_wconf 84' lang='lat' dir='ltr'><strong>vocem</strong></span> <span class='ocrx_word' id='word_1_119' title='bbox 875 1755 927 1808; x_wconf 91' lang='lat' dir='ltr'><strong>in</strong></span> <span class='ocrx_word' id='word_1_120' title='bbox 948 1754 1259 1809; x_wconf 83' lang='lat' dir='ltr'><strong>memoriam</strong></span> <span class='ocrx_word' id='word_1_121' title='bbox 1289 1763 1558 1817; x_wconf 85' lang='lat' dir='ltr'><strong>revocant.</strong></span> <span class='ocrx_word' id='word_1_122' title='bbox 1580 1766 1633 1809; x_wconf 92' lang='lat' dir='ltr'><strong>ut</strong></span> <span class='ocrx_word' id='word_1_123' title='bbox 1654 1757 1946 1811; x_wconf 80' lang='lat' dir='ltr'><strong>modestio—</strong></span> 
     </span>
    </p>
   </div>
   <div class='ocr_carea' id='block_1_16' title="bbox 349 1844 1942 1916">
    <p class='ocr_par' dir='ltr' id='par_1_16' title="bbox 349 1844 1942 1916">
     <span class='ocr_line' id='line_1_16' title="bbox 349 1844 1942 1916; baseline 0.001 -17"><span class='ocrx_word' id='word_1_124' title='bbox 349 1860 465 1899; x_wconf 88' lang='lat' dir='ltr'><strong>rem</strong></span> <span class='ocrx_word' id='word_1_125' title='bbox 488 1844 635 1899; x_wconf 90' lang='lat' dir='ltr'><strong>illum</strong></span> <span class='ocrx_word' id='word_1_126' title='bbox 656 1845 901 1900; x_wconf 88' lang='lat' dir='ltr'><strong>reddant.</strong></span> <span class='ocrx_word' id='word_1_127' title='bbox 924 1846 1123 1900; x_wconf 82' lang='lat' dir='ltr'><strong>Deinde</strong></span> <span class='ocrx_word' id='word_1_128' title='bbox 1138 1846 1285 1900; x_wconf 87' lang='lat' dir='ltr'><strong>addit</strong></span> <span class='ocrx_word' id='word_1_129' title='bbox 1324 1846 1628 1916; x_wconf 87' lang='lat' dir='ltr'><strong>Scriptura:</strong></span> <span class='ocrx_word' id='word_1_130' title='bbox 1661 1848 1728 1902; x_wconf 90' lang='lat' dir='ltr'><strong>Et</strong></span> <span class='ocrx_word' id='word_1_131' title='bbox 1748 1850 1792 1901; x_wconf 95' lang='lat' dir='ltr'><strong>si</strong></span> <span class='ocrx_word' id='word_1_132' title='bbox 1822 1865 1942 1915; x_wconf 87' lang='lat' dir='ltr'><strong>non,</strong></span> 
     </span>
    </p>
   </div>
   <div class='ocr_carea' id='block_1_17' title="bbox 349 1936 1945 2006">
    <p class='ocr_par' dir='ltr' id='par_1_17' title="bbox 349 1936 1945 2006">
     <span class='ocr_line' id='line_1_17' title="bbox 349 1936 1945 2006; baseline 0.003 -18"><span class='ocrx_word' id='word_1_133' title='bbox 349 1948 523 1989; x_wconf 88' lang='lat' dir='ltr'><strong>uotum</strong></span> <span class='ocrx_word' id='word_1_134' title='bbox 551 1936 613 1989; x_wconf 91' lang='lat' dir='ltr'><strong>sit</strong></span> <span class='ocrx_word' id='word_1_135' title='bbox 643 1936 752 1999; x_wconf 89' lang='lat' dir='ltr'><strong>tibi,</strong></span> <span class='ocrx_word' id='word_1_136' title='bbox 784 1952 894 2003; x_wconf 72' lang='lat' dir='ltr'><strong>rex,</strong></span> <span class='ocrx_word' id='word_1_137' title='bbox 925 1938 1042 2006; x_wconf 86' lang='lat' dir='ltr'><strong>quia</strong></span> <span class='ocrx_word' id='word_1_138' title='bbox 1067 1936 1186 1990; x_wconf 86' lang='lat' dir='ltr'><strong>deos</strong></span> <span class='ocrx_word' id='word_1_139' title='bbox 1212 1947 1323 1992; x_wconf 88' lang='lat' dir='ltr'><strong>tuos</strong></span> <span class='ocrx_word' id='word_1_140' title='bbox 1347 1955 1447 1991; x_wconf 88' lang='lat' dir='ltr'><strong>non</strong></span> <span class='ocrx_word' id='word_1_141' title='bbox 1474 1938 1705 2003; x_wconf 91' lang='lat' dir='ltr'><strong>colimus,</strong></span> <span class='ocrx_word' id='word_1_142' title='bbox 1739 1947 1784 1992; x_wconf 89' lang='lat' dir='ltr'><strong>et</strong></span> <span class='ocrx_word' id='word_1_143' title='bbox 1813 1940 1945 1992; x_wconf 85' lang='lat' dir='ltr'><strong>inta-</strong></span> 
     </span>
    </p>
   </div>
   <div class='ocr_carea' id='block_1_18' title="bbox 348 2028 1941 2102">
    <p class='ocr_par' dir='ltr' id='par_1_18' title="bbox 348 2028 1941 2102">
     <span class='ocr_line' id='line_1_18' title="bbox 348 2028 1941 2102; baseline 0.004 -24"><span class='ocrx_word' id='word_1_144' title='bbox 348 2028 515 2096; x_wconf 83' lang='lat' dir='ltr'><strong>ginem</strong></span> <span class='ocrx_word' id='word_1_145' title='bbox 545 2043 774 2093; x_wconf 83' lang='lat' dir='ltr'><strong>auream,</strong></span> <span class='ocrx_word' id='word_1_146' title='bbox 829 2044 981 2097; x_wconf 90' lang='lat' dir='ltr'><strong>quam</strong></span> <span class='ocrx_word' id='word_1_147' title='bbox 1031 2030 1269 2094; x_wconf 79' lang='lat' dir='ltr'><strong>statuisti,</strong></span> <span class='ocrx_word' id='word_1_148' title='bbox 1301 2046 1400 2082; x_wconf 87' lang='lat' dir='ltr'><strong>non</strong></span> <span class='ocrx_word' id='word_1_149' title='bbox 1435 2030 1708 2085; x_wconf 88' lang='lat' dir='ltr'><strong>adoramus</strong></span> <span class='ocrx_word' id='word_1_150' title='bbox 1734 2029 1856 2102; x_wconf 91' lang='lat' dir='ltr'><strong>(Id.</strong></span> <span class='ocrx_word' id='word_1_151' title='bbox 1889 2034 1941 2086; x_wconf 72' lang='grc'><strong>4.</strong></span> 
     </span>
    </p>
   </div>
   <div class='ocr_carea' id='block_1_19' title="bbox 350 2119 1946 2192">
    <p class='ocr_par' dir='ltr' id='par_1_19' title="bbox 350 2119 1946 2192">
     <span class='ocr_line' id='line_1_19' title="bbox 350 2119 1946 2192; baseline 0.004 -20"><span class='ocrx_word' id='word_1_152' title='bbox 350 2119 417 2173; x_wconf 86' lang='grc'><strong>18</strong></span> <span class='ocrx_word' id='word_1_153' title='bbox 450 2120 494 2187; x_wconf 95' lang='grc'><strong>).</strong></span> <span class='ocrx_word' id='word_1_154' title='bbox 522 2119 656 2174; x_wconf 82' lang='lat' dir='ltr'><strong>Vide</strong></span> <span class='ocrx_word' id='word_1_155' title='bbox 682 2120 940 2189; x_wconf 84' lang='lat' dir='ltr'><strong>juvenum</strong></span> <span class='ocrx_word' id='word_1_156' title='bbox 970 2121 1307 2189; x_wconf 86' lang='lat' dir='ltr'><strong>sapientiam.</strong></span> <span class='ocrx_word' id='word_1_157' title='bbox 1335 2120 1471 2175; x_wconf 91' lang='lat' dir='ltr'><strong>Nam</strong></span> <span class='ocrx_word' id='word_1_158' title='bbox 1504 2131 1667 2187; x_wconf 90' lang='lat' dir='ltr'><strong>utne,</strong></span> <span class='ocrx_word' id='word_1_159' title='bbox 1700 2124 1789 2192; x_wconf 90' lang='lat' dir='ltr'><strong>qui</strong></span> <span class='ocrx_word' id='word_1_160' title='bbox 1821 2135 1946 2180; x_wconf 91' lang='lat' dir='ltr'><strong>tunc</strong></span> 
     </span>
    </p>
   </div>
   <div class='ocr_carea' id='block_1_20' title="bbox 347 2210 1945 2281">
    <p class='ocr_par' dir='ltr' id='par_1_20' title="bbox 347 2210 1945 2281">
     <span class='ocr_line' id='line_1_20' title="bbox 347 2210 1945 2281; baseline 0.004 -18"><span class='ocrx_word' id='word_1_161' title='bbox 347 2211 590 2273; x_wconf 85' lang='lat' dir='ltr'><strong>aderant,</strong></span> <span class='ocrx_word' id='word_1_162' title='bbox 634 2211 800 2265; x_wconf 89' lang='lat' dir='ltr'><strong>Deum</strong></span> <span class='ocrx_word' id='word_1_163' title='bbox 840 2210 1168 2267; x_wconf 84' lang='lat' dir='ltr'><strong>inﬁrmitatis</strong></span> <span class='ocrx_word' id='word_1_164' title='bbox 1210 2223 1544 2281; x_wconf 86' lang='lat' dir='ltr'><strong>accusarent,</strong></span> <span class='ocrx_word' id='word_1_165' title='bbox 1585 2215 1631 2268; x_wconf 89' lang='lat' dir='ltr'><strong>si</strong></span> <span class='ocrx_word' id='word_1_166' title='bbox 1669 2214 1805 2269; x_wconf 81' lang='lat' dir='ltr'><strong>forte</strong></span> <span class='ocrx_word' id='word_1_167' title='bbox 1834 2217 1945 2271; x_wconf 90' lang='lat' dir='ltr'><strong>col-</strong></span> 
     </span>
    </p>
   </div>
   <div class='ocr_carea' id='block_1_21' title="bbox 346 2302 1940 2375">
    <p class='ocr_par' dir='ltr' id='par_1_21' title="bbox 346 2302 1940 2375">
     <span class='ocr_line' id='line_1_21' title="bbox 346 2302 1940 2375; baseline 0.004 -20"><span class='ocrx_word' id='word_1_168' title='bbox 346 2303 525 2371; x_wconf 80' lang='lat' dir='ltr'><strong>lapsos</strong></span> <span class='ocrx_word' id='word_1_169' title='bbox 556 2302 675 2356; x_wconf 86' lang='lat' dir='ltr'><strong>illos</strong></span> <span class='ocrx_word' id='word_1_170' title='bbox 718 2303 768 2355; x_wconf 90' lang='lat' dir='ltr'><strong>in</strong></span> <span class='ocrx_word' id='word_1_171' title='bbox 810 2302 1078 2357; x_wconf 79' lang='lat' dir='ltr'><strong>fornacem</strong></span> <span class='ocrx_word' id='word_1_172' title='bbox 1117 2302 1255 2358; x_wconf 89' lang='lat' dir='ltr'><strong>mori</strong></span> <span class='ocrx_word' id='word_1_173' title='bbox 1288 2304 1616 2373; x_wconf 82' lang='lat' dir='ltr'><strong>contigisset,</strong></span> <span class='ocrx_word' id='word_1_174' title='bbox 1652 2308 1940 2375; x_wconf 87' lang='lat' dir='ltr'><strong>potentiam</strong></span> 
     </span>
    </p>
   </div>
   <div class='ocr_carea' id='block_1_22' title="bbox 348 2393 1944 2469">
    <p class='ocr_par' dir='ltr' id='par_1_22' title="bbox 348 2393 1944 2469">
     <span class='ocr_line' id='line_1_22' title="bbox 348 2393 1944 2469; baseline 0.004 -24"><span class='ocrx_word' id='word_1_175' title='bbox 348 2393 468 2460; x_wconf 91' lang='lat' dir='ltr'><strong>ejus</strong></span> <span class='ocrx_word' id='word_1_176' title='bbox 499 2403 625 2448; x_wconf 87' lang='lat' dir='ltr'><strong>ante</strong></span> <span class='ocrx_word' id='word_1_177' title='bbox 653 2393 974 2448; x_wconf 89' lang='lat' dir='ltr'><strong>conﬁtentur</strong></span> <span class='ocrx_word' id='word_1_178' title='bbox 1000 2394 1259 2461; x_wconf 88' lang='lat' dir='ltr'><strong>dicentes,</strong></span> <span class='ocrx_word' id='word_1_179' title='bbox 1298 2393 1395 2449; x_wconf 76' lang='lat' dir='ltr'><strong>Est</strong></span> <span class='ocrx_word' id='word_1_180' title='bbox 1431 2394 1571 2450; x_wconf 87' lang='lat' dir='ltr'><strong>Deus</strong></span> <span class='ocrx_word' id='word_1_181' title='bbox 1609 2397 1662 2450; x_wconf 88' lang='lat' dir='ltr'><strong>in</strong></span> <span class='ocrx_word' id='word_1_182' title='bbox 1691 2399 1833 2463; x_wconf 78' lang='lat' dir='ltr'><strong>cwlo,</strong></span> <span class='ocrx_word' id='word_1_183' title='bbox 1857 2400 1944 2469; x_wconf 86' lang='lat' dir='ltr'><strong>qui</strong></span> 
     </span>
    </p>
   </div>
   <div class='ocr_carea' id='block_1_23' title="bbox 347 2488 1939 2556">
    <p class='ocr_par' dir='ltr' id='par_1_23' title="bbox 347 2488 1939 2556">
     <span class='ocr_line' id='line_1_23' title="bbox 347 2488 1939 2556; baseline 0.004 -17"><span class='ocrx_word' id='word_1_184' title='bbox 347 2495 506 2556; x_wconf 78' lang='lat' dir='ltr'><strong>potest</strong></span> <span class='ocrx_word' id='word_1_185' title='bbox 536 2503 627 2541; x_wconf 87' lang='lat' dir='ltr'><strong>nos</strong></span> <span class='ocrx_word' id='word_1_186' title='bbox 669 2488 859 2556; x_wconf 83' lang='lat' dir='ltr'><strong>eripere</strong></span> <span class='ocrx_word' id='word_1_187' title='bbox 892 2502 911 2539; x_wconf 91' lang='lat'><strong>:</strong></span> <span class='ocrx_word' id='word_1_188' title='bbox 944 2503 1010 2542; x_wconf 91' lang='lat' dir='ltr'><strong>ne</strong></span> <span class='ocrx_word' id='word_1_189' title='bbox 1047 2498 1225 2542; x_wconf 86' lang='lat' dir='ltr'><strong>autem</strong></span> <span class='ocrx_word' id='word_1_190' title='bbox 1274 2503 1457 2541; x_wconf 90' lang='lat' dir='ltr'><strong>rursus</strong></span> <span class='ocrx_word' id='word_1_191' title='bbox 1502 2504 1621 2542; x_wconf 90' lang='lat' dir='ltr'><strong>cum</strong></span> <span class='ocrx_word' id='word_1_192' title='bbox 1671 2489 1939 2545; x_wconf 84' lang='lat' dir='ltr'><strong>ﬂammam</strong></span> 
     </span>
    </p>
   </div>
   <div class='ocr_carea' id='block_1_24' title="bbox 344 2578 1935 2653">
    <p class='ocr_par' dir='ltr' id='par_1_24' title="bbox 344 2578 1935 2653">
     <span class='ocr_line' id='line_1_24' title="bbox 344 2578 1935 2653; baseline 0.005 -23"><span class='ocrx_word' id='word_1_193' title='bbox 344 2579 661 2641; x_wconf 85' lang='lat' dir='ltr'><strong>evasissent,</strong></span> <span class='ocrx_word' id='word_1_194' title='bbox 692 2578 955 2633; x_wconf 88' lang='lat' dir='ltr'><strong>mercedis</strong></span> <span class='ocrx_word' id='word_1_195' title='bbox 975 2594 1036 2633; x_wconf 87' lang='lat' dir='ltr'><strong>ac</strong></span> <span class='ocrx_word' id='word_1_196' title='bbox 1057 2580 1261 2648; x_wconf 70' lang='lat' dir='ltr'><strong>prmmii</strong></span> <span class='ocrx_word' id='word_1_197' title='bbox 1282 2595 1441 2634; x_wconf 88' lang='lat' dir='ltr'><strong>causa</strong></span> <span class='ocrx_word' id='word_1_198' title='bbox 1475 2581 1581 2634; x_wconf 86' lang='lat' dir='ltr'><strong>Deo</strong></span> <span class='ocrx_word' id='word_1_199' title='bbox 1606 2584 1816 2637; x_wconf 78' lang='lat' dir='ltr'><strong>servire</strong></span> <span class='ocrx_word' id='word_1_200' title='bbox 1843 2599 1935 2653; x_wconf 92' lang='lat' dir='ltr'><strong>pu-</strong></span> 
     </span>
    </p>
   </div>
   <div class='ocr_carea' id='block_1_25' title="bbox 345 2671 1934 2741">
    <p class='ocr_par' dir='ltr' id='par_1_25' title="bbox 345 2671 1934 2741">
     <span class='ocr_line' id='line_1_25' title="bbox 345 2671 1934 2741; baseline 0.003 -17"><span class='ocrx_word' id='word_1_201' title='bbox 345 2680 605 2736; x_wconf 89' lang='lat' dir='ltr'><strong>tarentur,</strong></span> <span class='ocrx_word' id='word_1_202' title='bbox 638 2672 985 2741; x_wconf 85' lang='lat' dir='ltr'><strong>adjecerunt:</strong></span> <span class='ocrx_word' id='word_1_203' title='bbox 1017 2671 1084 2724; x_wconf 88' lang='lat' dir='ltr'><strong>Et</strong></span> <span class='ocrx_word' id='word_1_204' title='bbox 1118 2672 1162 2727; x_wconf 89' lang='lat' dir='ltr'><strong>si</strong></span> <span class='ocrx_word' id='word_1_205' title='bbox 1204 2690 1324 2736; x_wconf 89' lang='lat' dir='ltr'><strong>non,</strong></span> <span class='ocrx_word' id='word_1_206' title='bbox 1358 2683 1531 2726; x_wconf 89' lang='lat' dir='ltr'><strong>notum</strong></span> <span class='ocrx_word' id='word_1_207' title='bbox 1568 2674 1633 2726; x_wconf 85' lang='lat' dir='ltr'><strong>sit</strong></span> <span class='ocrx_word' id='word_1_208' title='bbox 1670 2674 1777 2739; x_wconf 85' lang='lat' dir='ltr'><strong>tibi,</strong></span> <span class='ocrx_word' id='word_1_209' title='bbox 1822 2692 1934 2741; x_wconf 74' lang='lat' dir='ltr'><strong>rex,</strong></span> 
     </span>
    </p>
   </div>
   <div class='ocr_carea' id='block_1_26' title="bbox 342 2764 1933 2836">
    <p class='ocr_par' dir='ltr' id='par_1_26' title="bbox 342 2764 1933 2836">
     <span class='ocr_line' id='line_1_26' title="bbox 342 2764 1933 2836; baseline 0.004 -22"><span class='ocrx_word' id='word_1_210' title='bbox 342 2764 463 2833; x_wconf 84' lang='lat' dir='ltr'><strong>quia</strong></span> <span class='ocrx_word' id='word_1_211' title='bbox 513 2764 631 2817; x_wconf 86' lang='lat' dir='ltr'><strong>deos</strong></span> <span class='ocrx_word' id='word_1_212' title='bbox 680 2774 793 2817; x_wconf 87' lang='lat' dir='ltr'><strong>tuos</strong></span> <span class='ocrx_word' id='word_1_213' title='bbox 830 2782 930 2818; x_wconf 89' lang='lat' dir='ltr'><strong>non</strong></span> <span class='ocrx_word' id='word_1_214' title='bbox 981 2766 1223 2832; x_wconf 84' lang='lat' dir='ltr'><strong>colimus,</strong></span> <span class='ocrx_word' id='word_1_215' title='bbox 1266 2775 1313 2821; x_wconf 89' lang='lat' dir='ltr'><strong>et</strong></span> <span class='ocrx_word' id='word_1_216' title='bbox 1369 2767 1640 2836; x_wconf 86' lang='lat' dir='ltr'><strong>imaginem</strong></span> <span class='ocrx_word' id='word_1_217' title='bbox 1690 2782 1933 2832; x_wconf 88' lang='lat' dir='ltr'><strong>auream,</strong></span> 
     </span>
    </p>
   </div>
   <div class='ocr_carea' id='block_1_27' title="bbox 342 2856 1939 2928">
    <p class='ocr_par' dir='ltr' id='par_1_27' title="bbox 342 2856 1939 2928">
     <span class='ocr_line' id='line_1_27' title="bbox 342 2856 1939 2928; baseline 0.006 -22"><span class='ocrx_word' id='word_1_218' title='bbox 342 2872 494 2924; x_wconf 86' lang='lat' dir='ltr'><strong>quant</strong></span> <span class='ocrx_word' id='word_1_219' title='bbox 529 2856 765 2922; x_wconf 80' lang='lat' dir='ltr'><strong>statuisti,</strong></span> <span class='ocrx_word' id='word_1_220' title='bbox 806 2874 907 2910; x_wconf 87' lang='lat' dir='ltr'><strong>non</strong></span> <span class='ocrx_word' id='word_1_221' title='bbox 938 2857 1245 2923; x_wconf 88' lang='lat' dir='ltr'><strong>adoramus;</strong></span> <span class='ocrx_word' id='word_1_222' title='bbox 1275 2858 1468 2928; x_wconf 88' lang='lat' dir='ltr'><strong>quibus</strong></span> <span class='ocrx_word' id='word_1_223' title='bbox 1497 2859 1672 2913; x_wconf 87' lang='lat' dir='ltr'><strong>verbis</strong></span> <span class='ocrx_word' id='word_1_224' title='bbox 1699 2861 1854 2914; x_wconf 91' lang='lat' dir='ltr'><strong>simul</strong></span> <span class='ocrx_word' id='word_1_225' title='bbox 1885 2871 1939 2916; x_wconf 86' lang='lat' dir='ltr'><strong>et</strong></span> 
     </span>
    </p>
   </div>
   <div class='ocr_carea' id='block_1_28' title="bbox 344 2948 1940 3021">
    <p class='ocr_par' dir='ltr' id='par_1_28' title="bbox 344 2948 1940 3021">
     <span class='ocr_line' id='line_1_28' title="bbox 344 2948 1940 3021; baseline 0.007 -25"><span class='ocrx_word' id='word_1_226' title='bbox 344 2948 635 3015; x_wconf 79' lang='lat' dir='ltr'><strong>praedicant</strong></span> <span class='ocrx_word' id='word_1_227' title='bbox 674 2950 768 3003; x_wconf 91' lang='lat' dir='ltr'><strong>Dei</strong></span> <span class='ocrx_word' id='word_1_228' title='bbox 815 2951 1060 3003; x_wconf 80' lang='lat' dir='ltr'><strong>virtutem</strong></span> <span class='ocrx_word' id='word_1_229' title='bbox 1086 2961 1138 3005; x_wconf 91' lang='lat' dir='ltr'><strong>et</strong></span> <span class='ocrx_word' id='word_1_230' title='bbox 1162 2966 1475 3021; x_wconf 80' lang='lat' dir='ltr'><strong>generosam</strong></span> <span class='ocrx_word' id='word_1_231' title='bbox 1507 2953 1697 3005; x_wconf 74' lang='lat' dir='ltr'><strong>animze</strong></span> <span class='ocrx_word' id='word_1_232' title='bbox 1728 2968 1837 3007; x_wconf 77' lang='lat' dir='ltr'><strong>suze</strong></span> <span class='ocrx_word' id='word_1_233' title='bbox 1875 2955 1940 3007; x_wconf 83' lang='lat' dir='ltr'><strong>ti-</strong></span> 
     </span>
    </p>
   </div>
   <div class='ocr_carea' id='block_1_29' title="bbox 341 3040 1936 3116">
    <p class='ocr_par' dir='ltr' id='par_1_29' title="bbox 341 3040 1936 3116">
     <span class='ocr_line' id='line_1_29' title="bbox 341 3040 1936 3116; baseline 0.008 -25"><span class='ocrx_word' id='word_1_234' title='bbox 341 3040 552 3094; x_wconf 82' lang='lat' dir='ltr'><strong>duciam</strong></span> <span class='ocrx_word' id='word_1_235' title='bbox 598 3057 706 3109; x_wconf 73' lang='lat' dir='ltr'><strong>pra:</strong></span> <span class='ocrx_word' id='word_1_236' title='bbox 755 3057 813 3097; x_wconf 90' lang='lat' dir='ltr'><strong>se</strong></span> <span class='ocrx_word' id='word_1_237' title='bbox 858 3044 1053 3109; x_wconf 80' lang='lat' dir='ltr'><strong>ferunt,</strong></span> <span class='ocrx_word' id='word_1_238' title='bbox 1093 3060 1160 3097; x_wconf 89' lang='lat' dir='ltr'><strong>ne</strong></span> <span class='ocrx_word' id='word_1_239' title='bbox 1199 3045 1335 3098; x_wconf 82' lang='lat' dir='ltr'><strong>forte</strong></span> <span class='ocrx_word' id='word_1_240' title='bbox 1373 3044 1439 3099; x_wconf 91' lang='lat' dir='ltr'><strong>de</strong></span> <span class='ocrx_word' id='word_1_241' title='bbox 1480 3045 1583 3099; x_wconf 87' lang='lat' dir='ltr'><strong>illis</strong></span> <span class='ocrx_word' id='word_1_242' title='bbox 1611 3046 1729 3116; x_wconf 88' lang='lat' dir='ltr'><strong>quis</strong></span> <span class='ocrx_word' id='word_1_243' title='bbox 1755 3046 1936 3103; x_wconf 88' lang='lat' dir='ltr'><strong>dicere</strong></span> 
     </span>
    </p>
   </div>
   <div class='ocr_carea' id='block_1_30' title="bbox 345 3134 1935 3211">
    <p class='ocr_par' dir='ltr' id='par_1_30' title="bbox 345 3134 1935 3211">
     <span class='ocr_line' id='line_1_30' title="bbox 345 3134 1935 3211; baseline 0.008 -28"><span class='ocrx_word' id='word_1_244' title='bbox 345 3142 543 3198; x_wconf 79' lang='lat' dir='ltr'><strong>posset,</strong></span> <span class='ocrx_word' id='word_1_245' title='bbox 564 3150 684 3203; x_wconf 76' lang='lat' dir='ltr'><strong>qua:</strong></span> <span class='ocrx_word' id='word_1_246' title='bbox 700 3134 982 3189; x_wconf 85' lang='lat' dir='ltr'><strong>adversum</strong></span> <span class='ocrx_word' id='word_1_247' title='bbox 1005 3136 1105 3191; x_wconf 88' lang='lat' dir='ltr'><strong>Job</strong></span> <span class='ocrx_word' id='word_1_248' title='bbox 1126 3137 1369 3191; x_wconf 86' lang='lat' dir='ltr'><strong>diabolus</strong></span> <span class='ocrx_word' id='word_1_249' title='bbox 1386 3138 1759 3195; x_wconf 89' lang='lat' dir='ltr'><strong>calumniando</strong></span> <span class='ocrx_word' id='word_1_250' title='bbox 1774 3141 1935 3211; x_wconf 86' lang='lat' dir='ltr'><strong>jacta-</strong></span> 
     </span>
    </p>
   </div>
   <div class='ocr_carea' id='block_1_31' title="bbox 344 3223 1936 3300">
    <p class='ocr_par' dir='ltr' id='par_1_31' title="bbox 344 3223 1936 3300">
     <span class='ocr_line' id='line_1_31' title="bbox 344 3223 1936 3300; baseline 0.006 -25"><span class='ocrx_word' id='word_1_251' title='bbox 344 3223 457 3278; x_wconf 88' lang='lat' dir='ltr'><strong>bat.</strong></span> <span class='ocrx_word' id='word_1_252' title='bbox 489 3224 623 3291; x_wconf 88' lang='lat' dir='ltr'><strong>Quid</strong></span> <span class='ocrx_word' id='word_1_253' title='bbox 657 3240 782 3278; x_wconf 85' lang='lat' dir='ltr'><strong>vero</strong></span> <span class='ocrx_word' id='word_1_254' title='bbox 813 3226 1023 3280; x_wconf 89' lang='lat' dir='ltr'><strong>dicebat</strong></span> <span class='ocrx_word' id='word_1_255' title='bbox 1050 3226 1337 3282; x_wconf 85' lang='lat' dir='ltr'><strong>diabolus?</strong></span> <span class='ocrx_word' id='word_1_256' title='bbox 1368 3227 1486 3282; x_wconf 89' lang='lat' dir='ltr'><strong>Non</strong></span> <span class='ocrx_word' id='word_1_257' title='bbox 1532 3231 1686 3300; x_wconf 85' lang='lat' dir='ltr'><strong>gratis</strong></span> <span class='ocrx_word' id='word_1_258' title='bbox 1725 3233 1843 3285; x_wconf 82' lang='lat' dir='ltr'><strong>colit</strong></span> <span class='ocrx_word' id='word_1_259' title='bbox 1888 3241 1936 3285; x_wconf 90' lang='lat' dir='ltr'><strong>te</strong></span> 
     </span>
    </p>
   </div>
   <div class='ocr_carea' id='block_1_32' title="bbox 337 3312 1933 3391">
    <p class='ocr_par' dir='ltr' id='par_1_32' title="bbox 337 3312 1933 3391">
     <span class='ocr_line' id='line_1_32' title="bbox 337 3312 1933 3391; baseline 0.006 -25"><span class='ocrx_word' id='word_1_260' title='bbox 337 3312 440 3368; x_wconf 82' lang='lat' dir='ltr'><strong>Job</strong></span> <span class='ocrx_word' id='word_1_261' title='bbox 462 3331 481 3367; x_wconf 89' lang='lat'><strong>:</strong></span> <span class='ocrx_word' id='word_1_262' title='bbox 501 3316 745 3387; x_wconf 79' lang='lat' dir='ltr'><strong>siquidem</strong></span> <span class='ocrx_word' id='word_1_263' title='bbox 772 3318 976 3371; x_wconf 86' lang='lat' dir='ltr'><strong>munisti</strong></span> <span class='ocrx_word' id='word_1_264' title='bbox 998 3336 1076 3373; x_wconf 89' lang='lat' dir='ltr'><strong>res</strong></span> <span class='ocrx_word' id='word_1_265' title='bbox 1102 3320 1230 3391; x_wconf 81' lang='lat' dir='ltr'><strong>ejus,</strong></span> <span class='ocrx_word' id='word_1_266' title='bbox 1263 3337 1375 3390; x_wconf 68' lang='lat' dir='ltr'><strong>qua:</strong></span> <span class='ocrx_word' id='word_1_267' title='bbox 1404 3322 1556 3387; x_wconf 87' lang='lat' dir='ltr'><strong>intra,</strong></span> <span class='ocrx_word' id='word_1_268' title='bbox 1584 3331 1627 3375; x_wconf 89' lang='lat' dir='ltr'><strong>et</strong></span> <span class='ocrx_word' id='word_1_269' title='bbox 1656 3339 1770 3391; x_wconf 78' lang='lat' dir='ltr'><strong>qua:</strong></span> <span class='ocrx_word' id='word_1_270' title='bbox 1791 3334 1933 3378; x_wconf 76' lang='lat' dir='ltr'><strong>extra</strong></span> 
     </span>
    </p>
   </div>
   <div class='ocr_carea' id='block_1_33' title="bbox 338 3407 1930 3482">
    <p class='ocr_par' dir='ltr' id='par_1_33' title="bbox 338 3407 1930 3482">
     <span class='ocr_line' id='line_1_33' title="bbox 338 3407 1930 3482; baseline 0.006 -22"><span class='ocrx_word' id='word_1_271' title='bbox 338 3417 460 3461; x_wconf 87' lang='lat' dir='ltr'><strong>sunt</strong></span> <span class='ocrx_word' id='word_1_272' title='bbox 504 3407 641 3480; x_wconf 87' lang='lat' dir='ltr'><strong>(Job</strong></span> <span class='ocrx_word' id='word_1_273' title='bbox 693 3412 744 3464; x_wconf 94' lang='grc'><strong>1.</strong></span> <span class='ocrx_word' id='word_1_274' title='bbox 778 3411 1001 3482; x_wconf 71' lang='lat'><strong>9.10).</strong></span> <span class='ocrx_word' id='word_1_275' title='bbox 1045 3412 1123 3467; x_wconf 92' lang='lat' dir='ltr'><strong>Ne</strong></span> <span class='ocrx_word' id='word_1_276' title='bbox 1166 3414 1325 3482; x_wconf 83' lang='lat' dir='ltr'><strong>igitur</strong></span> <span class='ocrx_word' id='word_1_277' title='bbox 1364 3414 1431 3468; x_wconf 91' lang='lat' dir='ltr'><strong>de</strong></span> <span class='ocrx_word' id='word_1_278' title='bbox 1478 3415 1558 3468; x_wconf 92' lang='lat' dir='ltr'><strong>his</strong></span> <span class='ocrx_word' id='word_1_279' title='bbox 1600 3416 1759 3469; x_wconf 89' lang='lat' dir='ltr'><strong>etiam</strong></span> <span class='ocrx_word' id='word_1_280' title='bbox 1806 3416 1930 3470; x_wconf 91' lang='lat' dir='ltr'><strong>illud</strong></span> 
     </span>
    </p>
   </div>
   <div class='ocr_carea' id='block_1_34' title="bbox 336 3497 1925 3576">
    <p class='ocr_par' dir='ltr' id='par_1_34' title="bbox 336 3497 1925 3576">
     <span class='ocr_line' id='line_1_34' title="bbox 336 3497 1925 3576; baseline 0.007 -26"><span class='ocrx_word' id='word_1_281' title='bbox 336 3497 443 3551; x_wconf 88' lang='lat' dir='ltr'><strong>dici</strong></span> <span class='ocrx_word' id='word_1_282' title='bbox 476 3510 676 3569; x_wconf 87' lang='lat' dir='ltr'><strong>posset,</strong></span> <span class='ocrx_word' id='word_1_283' title='bbox 701 3503 773 3558; x_wconf 89' lang='lat' dir='ltr'><strong>illi</strong></span> <span class='ocrx_word' id='word_1_284' title='bbox 800 3512 1159 3566; x_wconf 87' lang='lat' dir='ltr'><strong>antevertunt,</strong></span> <span class='ocrx_word' id='word_1_285' title='bbox 1178 3514 1232 3558; x_wconf 90' lang='lat' dir='ltr'><strong>et</strong></span> <span class='ocrx_word' id='word_1_286' title='bbox 1264 3505 1543 3576; x_wconf 90' lang='lat' dir='ltr'><strong>impudens</strong></span> <span class='ocrx_word' id='word_1_287' title='bbox 1569 3521 1629 3559; x_wconf 90' lang='lat' dir='ltr'><strong>os</strong></span> <span class='ocrx_word' id='word_1_288' title='bbox 1656 3506 1925 3561; x_wconf 85' lang='lat' dir='ltr'><strong>obturant.</strong></span> 
     </span>
    </p>
   </div>
   <div class='ocr_carea' id='block_1_35' title="bbox 422 3589 1929 3668">
    <p class='ocr_par' dir='ltr' id='par_1_35' title="bbox 422 3589 1929 3668">
     <span class='ocr_line' id='line_1_35' title="bbox 422 3589 1929 3668; baseline 0.007 -26"><span class='ocrx_word' id='word_1_289' title='bbox 422 3589 666 3645; x_wconf 83' lang='lat' dir='ltr'><strong>Virtutem</strong></span> <span class='ocrx_word' id='word_1_290' title='bbox 702 3595 788 3661; x_wconf 84' lang='lat' dir='ltr'><strong>qui</strong></span> <span class='ocrx_word' id='word_1_291' title='bbox 825 3605 1063 3659; x_wconf 79' lang='lat' dir='ltr'><strong>sectatur,</strong></span> <span class='ocrx_word' id='word_1_292' title='bbox 1096 3595 1220 3649; x_wconf 82' lang='lat' dir='ltr'><strong>liber</strong></span> <span class='ocrx_word' id='word_1_293' title='bbox 1248 3605 1319 3649; x_wconf 87' lang='lat' dir='ltr'><strong>est</strong></span> <span class='ocrx_word' id='word_1_294' title='bbox 1355 3606 1399 3650; x_wconf 89' lang='lat' dir='ltr'><strong>et</strong></span> <span class='ocrx_word' id='word_1_295' title='bbox 1432 3598 1663 3666; x_wconf 76' lang='lat' dir='ltr'><strong>superior</strong></span> <span class='ocrx_word' id='word_1_296' title='bbox 1683 3599 1883 3668; x_wconf 85' lang='lat' dir='ltr'><strong>regibus</strong></span> <span class='ocrx_word' id='word_1_297' title='bbox 1909 3616 1929 3664; x_wconf 87' lang='lat'><strong>;</strong></span> 
     </span>
    </p>
   </div>
   <div class='ocr_carea' id='block_1_36' title="bbox 333 3684 1929 3757">
    <p class='ocr_par' dir='ltr' id='par_1_36' title="bbox 333 3684 1929 3757">
     <span class='ocr_line' id='line_1_36' title="bbox 333 3684 1929 3757; baseline 0.005 -20"><span class='ocrx_word' id='word_1_298' title='bbox 333 3684 494 3738; x_wconf 70' lang='lat' dir='ltr'><strong>virtus</strong></span> <span class='ocrx_word' id='word_1_299' title='bbox 514 3702 711 3739; x_wconf 80' lang='lat' dir='ltr'><strong>omnem</strong></span> <span class='ocrx_word' id='word_1_300' title='bbox 738 3698 921 3741; x_wconf 88' lang='lat' dir='ltr'><strong>metum</strong></span> <span class='ocrx_word' id='word_1_301' title='bbox 943 3688 1365 3743; x_wconf 75' lang='lat' dir='ltr'><strong>excludit.—Sed</strong></span> <span class='ocrx_word' id='word_1_302' title='bbox 1384 3731 1397 3753; x_wconf 92' lang='lat'><strong>,</strong></span> <span class='ocrx_word' id='word_1_303' title='bbox 1429 3698 1487 3743; x_wconf 88' lang='lat' dir='ltr'><strong>ut</strong></span> <span class='ocrx_word' id='word_1_304' title='bbox 1516 3689 1779 3757; x_wconf 89' lang='lat' dir='ltr'><strong>dicebam,</strong></span> <span class='ocrx_word' id='word_1_305' title='bbox 1806 3691 1929 3745; x_wconf 89' lang='lat' dir='ltr'><strong>licet</strong></span> 
     </span>
    </p>
   </div>
   <div class='ocr_carea' id='block_1_37' title="bbox 335 3775 1930 3850">
    <p class='ocr_par' dir='ltr' id='par_1_37' title="bbox 335 3775 1930 3850">
     <span class='ocr_line' id='line_1_37' title="bbox 335 3775 1930 3850; baseline 0.005 -23"><span class='ocrx_word' id='word_1_306' title='bbox 335 3775 581 3842; x_wconf 87' lang='lat' dir='ltr'><strong>captivus</strong></span> <span class='ocrx_word' id='word_1_307' title='bbox 611 3777 681 3831; x_wconf 89' lang='lat' dir='ltr'><strong>sit</strong></span> <span class='ocrx_word' id='word_1_308' title='bbox 707 3778 919 3847; x_wconf 88' lang='lat' dir='ltr'><strong>aliquis,</strong></span> <span class='ocrx_word' id='word_1_309' title='bbox 961 3779 1084 3834; x_wconf 90' lang='lat' dir='ltr'><strong>licet</strong></span> <span class='ocrx_word' id='word_1_310' title='bbox 1110 3794 1317 3845; x_wconf 90' lang='lat' dir='ltr'><strong>servus,</strong></span> <span class='ocrx_word' id='word_1_311' title='bbox 1358 3779 1483 3833; x_wconf 86' lang='lat' dir='ltr'><strong>licet</strong></span> <span class='ocrx_word' id='word_1_312' title='bbox 1509 3780 1839 3850; x_wconf 84' lang='lat' dir='ltr'><strong>peregrinus,</strong></span> <span class='ocrx_word' id='word_1_313' title='bbox 1864 3781 1930 3835; x_wconf 86' lang='lat' dir='ltr'><strong>li-</strong></span> 
     </span>
    </p>
   </div>
   <div class='ocr_carea' id='block_1_38' title="bbox 330 3869 1926 3941">
    <p class='ocr_par' dir='ltr' id='par_1_38' title="bbox 330 3869 1926 3941">
     <span class='ocr_line' id='line_1_38' title="bbox 330 3869 1926 3941; baseline 0.004 -20"><span class='ocrx_word' id='word_1_314' title='bbox 330 3878 419 3921; x_wconf 83' lang='lat' dir='ltr'><strong>cet</strong></span> <span class='ocrx_word' id='word_1_315' title='bbox 450 3869 499 3922; x_wconf 92' lang='lat' dir='ltr'><strong>in</strong></span> <span class='ocrx_word' id='word_1_316' title='bbox 528 3869 697 3924; x_wconf 90' lang='lat' dir='ltr'><strong>aliena</strong></span> <span class='ocrx_word' id='word_1_317' title='bbox 721 3872 935 3941; x_wconf 80' lang='lat' dir='ltr'><strong>regione</strong></span> <span class='ocrx_word' id='word_1_318' title='bbox 966 3882 1227 3935; x_wconf 84' lang='lat' dir='ltr'><strong>versetur,</strong></span> <span class='ocrx_word' id='word_1_319' title='bbox 1260 3882 1313 3925; x_wconf 89' lang='lat' dir='ltr'><strong>et</strong></span> <span class='ocrx_word' id='word_1_320' title='bbox 1336 3872 1585 3926; x_wconf 85' lang='lat' dir='ltr'><strong>virtutem</strong></span> <span class='ocrx_word' id='word_1_321' title='bbox 1616 3888 1797 3926; x_wconf 84' lang='lat' dir='ltr'><strong>secum</strong></span> <span class='ocrx_word' id='word_1_322' title='bbox 1832 3873 1926 3928; x_wconf 86' lang='lat' dir='ltr'><strong>ha-</strong></span> 
     </span>
    </p>
   </div>
   <div class='ocr_carea' id='block_1_39' title="bbox 333 3960 1925 4031">
    <p class='ocr_par' dir='ltr' id='par_1_39' title="bbox 333 3960 1925 4031">
     <span class='ocr_line' id='line_1_39' title="bbox 333 3960 1925 4031; baseline 0.004 -19"><span class='ocrx_word' id='word_1_323' title='bbox 333 3960 455 4013; x_wconf 87' lang='lat' dir='ltr'><strong>beat</strong></span> <span class='ocrx_word' id='word_1_324' title='bbox 476 4001 489 4023; x_wconf 95' lang='lat'><strong>,</strong></span> <span class='ocrx_word' id='word_1_325' title='bbox 523 3962 767 4029; x_wconf 89' lang='lat' dir='ltr'><strong>superior</strong></span> <span class='ocrx_word' id='word_1_326' title='bbox 799 3963 1046 4017; x_wconf 90' lang='lat' dir='ltr'><strong>omnibus</strong></span> <span class='ocrx_word' id='word_1_327' title='bbox 1072 3962 1174 4017; x_wconf 90' lang='lat' dir='ltr'><strong>erit</strong></span> <span class='ocrx_word' id='word_1_328' title='bbox 1198 3962 1432 4031; x_wconf 77' lang='lat' dir='ltr'><strong>regibus.</strong></span> <span class='ocrx_word' id='word_1_329' title='bbox 1466 3962 1626 4017; x_wconf 75' lang='lat' dir='ltr'><strong>Vides</strong></span> <span class='ocrx_word' id='word_1_330' title='bbox 1650 3972 1704 4017; x_wconf 89' lang='lat' dir='ltr'><strong>et</strong></span> <span class='ocrx_word' id='word_1_331' title='bbox 1732 3963 1925 4019; x_wconf 88' lang='lat' dir='ltr'><strong>mulie-</strong></span> 
     </span>
    </p>
   </div>
   <div class='ocr_carea' id='block_1_40' title="bbox 330 4052 1923 4120">
    <p class='ocr_par' dir='ltr' id='par_1_40' title="bbox 330 4052 1923 4120">
     <span class='ocr_line' id='line_1_40' title="bbox 330 4052 1923 4120; baseline 0.003 -17"><span class='ocrx_word' id='word_1_332' title='bbox 330 4067 449 4103; x_wconf 85' lang='lat' dir='ltr'><strong>rum</strong></span> <span class='ocrx_word' id='word_1_333' title='bbox 473 4052 700 4105; x_wconf 88' lang='lat' dir='ltr'><strong>solutam</strong></span> <span class='ocrx_word' id='word_1_334' title='bbox 724 4068 842 4107; x_wconf 89' lang='lat' dir='ltr'><strong>esse</strong></span> <span class='ocrx_word' id='word_1_335' title='bbox 869 4055 1200 4115; x_wconf 88' lang='lat' dir='ltr'><strong>servitutem,</strong></span> <span class='ocrx_word' id='word_1_336' title='bbox 1221 4062 1274 4108; x_wconf 92' lang='lat' dir='ltr'><strong>et</strong></span> <span class='ocrx_word' id='word_1_337' title='bbox 1292 4054 1628 4120; x_wconf 79' lang='lat' dir='ltr'><strong>famulorum,</strong></span> <span class='ocrx_word' id='word_1_338' title='bbox 1659 4064 1709 4109; x_wconf 92' lang='lat' dir='ltr'><strong>et</strong></span> <span class='ocrx_word' id='word_1_339' title='bbox 1738 4069 1923 4109; x_wconf 90' lang='lat' dir='ltr'><strong>eorum</strong></span> 
     </span>
    </p>
   </div>
   <div class='ocr_carea' id='block_1_41' title="bbox 328 4143 1921 4214">
    <p class='ocr_par' dir='ltr' id='par_1_41' title="bbox 328 4143 1921 4214">
     <span class='ocr_line' id='line_1_41' title="bbox 328 4143 1921 4214; baseline 0.004 -21"><span class='ocrx_word' id='word_1_340' title='bbox 328 4143 418 4211; x_wconf 90' lang='lat' dir='ltr'><strong>qui</strong></span> <span class='ocrx_word' id='word_1_341' title='bbox 450 4144 776 4212; x_wconf 88' lang='lat' dir='ltr'><strong>principibus</strong></span> <span class='ocrx_word' id='word_1_342' title='bbox 801 4145 1061 4199; x_wconf 85' lang='lat' dir='ltr'><strong>subsunt?</strong></span> <span class='ocrx_word' id='word_1_343' title='bbox 1086 4148 1199 4214; x_wconf 83' lang='lat' dir='ltr'><strong>Age</strong></span> <span class='ocrx_word' id='word_1_344' title='bbox 1228 4146 1480 4214; x_wconf 84' lang='lat' dir='ltr'><strong>deinceps</strong></span> <span class='ocrx_word' id='word_1_345' title='bbox 1521 4145 1797 4200; x_wconf 84' lang='lat' dir='ltr'><strong>ostendam</strong></span> <span class='ocrx_word' id='word_1_346' title='bbox 1828 4147 1921 4200; x_wconf 89' lang='lat' dir='ltr'><strong>tibi</strong></span> 
     </span>
    </p>
   </div>
   <div class='ocr_carea' id='block_1_42' title="bbox 328 4236 1918 4305">
    <p class='ocr_par' dir='ltr' id='par_1_42' title="bbox 328 4236 1918 4305">
     <span class='ocr_line' id='line_1_42' title="bbox 328 4236 1918 4305; baseline 0.003 -20"><span class='ocrx_word' id='word_1_347' title='bbox 328 4243 530 4287; x_wconf 84' lang='lat' dir='ltr'><strong>metum</strong></span> <span class='ocrx_word' id='word_1_348' title='bbox 578 4249 788 4304; x_wconf 90' lang='lat' dir='ltr'><strong>quoque</strong></span> <span class='ocrx_word' id='word_1_349' title='bbox 828 4236 1116 4291; x_wconf 83' lang='lat' dir='ltr'><strong>bestiarum</strong></span> <span class='ocrx_word' id='word_1_350' title='bbox 1160 4252 1277 4290; x_wconf 88' lang='lat' dir='ltr'><strong>esse</strong></span> <span class='ocrx_word' id='word_1_351' title='bbox 1308 4236 1607 4305; x_wconf 88' lang='lat' dir='ltr'><strong>depulsum.</strong></span> <span class='ocrx_word' id='word_1_352' title='bbox 1645 4236 1698 4289; x_wconf 92' lang='lat' dir='ltr'><strong>lu</strong></span> <span class='ocrx_word' id='word_1_353' title='bbox 1731 4236 1918 4290; x_wconf 89' lang='lat' dir='ltr'><strong>eadem</strong></span> 
     </span>
    </p>
   </div>
   <div class='ocr_carea' id='block_1_43' title="bbox 326 4325 1918 4396">
    <p class='ocr_par' dir='ltr' id='par_1_43' title="bbox 326 4325 1918 4396">
     <span class='ocr_line' id='line_1_43' title="bbox 326 4325 1918 4396; baseline 0.003 -20"><span class='ocrx_word' id='word_1_354' title='bbox 326 4325 593 4392; x_wconf 87' lang='lat' dir='ltr'><strong>quondam</strong></span> <span class='ocrx_word' id='word_1_355' title='bbox 628 4326 895 4396; x_wconf 81' lang='lat' dir='ltr'><strong>Babylone</strong></span> <span class='ocrx_word' id='word_1_356' title='bbox 916 4328 1187 4396; x_wconf 85' lang='lat' dir='ltr'><strong>conjectus</strong></span> <span class='ocrx_word' id='word_1_357' title='bbox 1212 4327 1382 4381; x_wconf 81' lang='lat' dir='ltr'><strong>fuerat</strong></span> <span class='ocrx_word' id='word_1_358' title='bbox 1413 4330 1463 4379; x_wconf 91' lang='lat' dir='ltr'><strong>in</strong></span> <span class='ocrx_word' id='word_1_359' title='bbox 1496 4328 1666 4381; x_wconf 91' lang='lat' dir='ltr'><strong>lacum</strong></span> <span class='ocrx_word' id='word_1_360' title='bbox 1700 4327 1918 4381; x_wconf 88' lang='lat' dir='ltr'><strong>Daniel:</strong></span> 
     </span>
    </p>
   </div>
   <div class='ocr_carea' id='block_1_44' title="bbox 327 4418 1923 4489">
    <p class='ocr_par' dir='ltr' id='par_1_44' title="bbox 327 4418 1923 4489">
     <span class='ocr_line' id='line_1_44' title="bbox 327 4418 1923 4489; baseline 0.001 -18"><span class='ocrx_word' id='word_1_361' title='bbox 327 4418 421 4471; x_wconf 80' lang='lat' dir='ltr'><strong>Sed</strong></span> <span class='ocrx_word' id='word_1_362' title='bbox 463 4433 584 4473; x_wconf 90' lang='lat' dir='ltr'><strong>eum</strong></span> <span class='ocrx_word' id='word_1_363' title='bbox 635 4418 824 4473; x_wconf 85' lang='lat' dir='ltr'><strong>leones</strong></span> <span class='ocrx_word' id='word_1_364' title='bbox 867 4420 1129 4489; x_wconf 82' lang='lat' dir='ltr'><strong>attingere</strong></span> <span class='ocrx_word' id='word_1_365' title='bbox 1173 4435 1278 4473; x_wconf 91' lang='lat' dir='ltr'><strong>non</strong></span> <span class='ocrx_word' id='word_1_366' title='bbox 1329 4419 1613 4473; x_wconf 84' lang='lat' dir='ltr'><strong>audebant.</strong></span> <span class='ocrx_word' id='word_1_367' title='bbox 1660 4418 1923 4473; x_wconf 85' lang='lat' dir='ltr'><strong>Videbant</strong></span> 
     </span>
    </p>
   </div>
   <div class='ocr_carea' id='block_1_45' title="bbox 323 4509 1922 4582">
    <p class='ocr_par' dir='ltr' id='par_1_45' title="bbox 323 4509 1922 4582">
     <span class='ocr_line' id='line_1_45' title="bbox 323 4509 1922 4582; baseline 0.001 -18"><span class='ocrx_word' id='word_1_368' title='bbox 323 4509 469 4564; x_wconf 85' lang='lat' dir='ltr'><strong>enim</strong></span> <span class='ocrx_word' id='word_1_369' title='bbox 504 4510 774 4579; x_wconf 88' lang='lat' dir='ltr'><strong>antiquam</strong></span> <span class='ocrx_word' id='word_1_370' title='bbox 805 4521 857 4565; x_wconf 90' lang='lat' dir='ltr'><strong>et</strong></span> <span class='ocrx_word' id='word_1_371' title='bbox 884 4513 1080 4581; x_wconf 84' lang='lat' dir='ltr'><strong>regiam</strong></span> <span class='ocrx_word' id='word_1_372' title='bbox 1114 4513 1399 4582; x_wconf 88' lang='lat' dir='ltr'><strong>imaginem</strong></span> <span class='ocrx_word' id='word_1_373' title='bbox 1429 4512 1479 4565; x_wconf 90' lang='lat' dir='ltr'><strong>in</strong></span> <span class='ocrx_word' id='word_1_374' title='bbox 1510 4512 1625 4580; x_wconf 86' lang='lat' dir='ltr'><strong>ipso</strong></span> <span class='ocrx_word' id='word_1_375' title='bbox 1656 4512 1922 4582; x_wconf 84' lang='lat' dir='ltr'><strong>refulgen-</strong></span> 
     </span>
    </p>
   </div>
   <div class='ocr_carea' id='block_1_46' title="bbox 334 4602 1920 4674">
    <p class='ocr_par' dir='ltr' id='par_1_46' title="bbox 334 4602 1920 4674">
     <span class='ocr_line' id='line_1_46' title="bbox 334 4602 1920 4674; baseline 0.003 -20"><span class='ocrx_word' id='word_1_376' title='bbox 334 4612 458 4665; x_wconf 73' lang='lat' dir='ltr'><strong>tem,</strong></span> <span class='ocrx_word' id='word_1_377' title='bbox 507 4602 757 4671; x_wconf 84' lang='lat' dir='ltr'><strong>illamque</strong></span> <span class='ocrx_word' id='word_1_378' title='bbox 803 4603 1029 4657; x_wconf 82' lang='lat' dir='ltr'><strong>formam</strong></span> <span class='ocrx_word' id='word_1_379' title='bbox 1073 4606 1385 4669; x_wconf 89' lang='lat' dir='ltr'><strong>cernebant,</strong></span> <span class='ocrx_word' id='word_1_380' title='bbox 1427 4620 1584 4674; x_wconf 91' lang='lat' dir='ltr'><strong>quam</strong></span> <span class='ocrx_word' id='word_1_381' title='bbox 1630 4605 1681 4658; x_wconf 91' lang='lat' dir='ltr'><strong>iu</strong></span> <span class='ocrx_word' id='word_1_382' title='bbox 1716 4606 1920 4659; x_wconf 87' lang='lat' dir='ltr'><strong>Adamo</strong></span> 
     </span>
    </p>
   </div>
   <div class='ocr_carea' id='block_1_47' title="bbox 324 4692 1922 4765">
    <p class='ocr_par' dir='ltr' id='par_1_47' title="bbox 324 4692 1922 4765">
     <span class='ocr_line' id='line_1_47' title="bbox 324 4692 1922 4765; baseline 0.006 -22"><span class='ocrx_word' id='word_1_383' title='bbox 324 4692 573 4747; x_wconf 86' lang='lat' dir='ltr'><strong>viderant</strong></span> <span class='ocrx_word' id='word_1_384' title='bbox 614 4703 739 4748; x_wconf 86' lang='lat' dir='ltr'><strong>ante</strong></span> <span class='ocrx_word' id='word_1_385' title='bbox 783 4703 1081 4763; x_wconf 86' lang='lat' dir='ltr'><strong>peccatum.</strong></span> <span class='ocrx_word' id='word_1_386' title='bbox 1118 4695 1391 4765; x_wconf 89' lang='lat' dir='ltr'><strong>Siquidem</strong></span> <span class='ocrx_word' id='word_1_387' title='bbox 1424 4713 1544 4750; x_wconf 90' lang='lat' dir='ltr'><strong>cum</strong></span> <span class='ocrx_word' id='word_1_388' title='bbox 1579 4697 1765 4750; x_wconf 86' lang='lat' dir='ltr'><strong>eadem</strong></span> <span class='ocrx_word' id='word_1_389' title='bbox 1794 4698 1922 4752; x_wconf 91' lang='lat' dir='ltr'><strong>sub-</strong></span> 
     </span>
    </p>
   </div>
   <div class='ocr_carea' id='block_1_48' title="bbox 319 4784 1917 4855">
    <p class='ocr_par' dir='ltr' id='par_1_48' title="bbox 319 4784 1917 4855">
     <span class='ocr_line' id='line_1_48' title="bbox 319 4784 1917 4855; baseline 0.005 -18"><span class='ocrx_word' id='word_1_390' title='bbox 319 4784 573 4854; x_wconf 88' lang='lat' dir='ltr'><strong>jectione,</strong></span> <span class='ocrx_word' id='word_1_391' title='bbox 600 4800 721 4839; x_wconf 92' lang='lat' dir='ltr'><strong>cum</strong></span> <span class='ocrx_word' id='word_1_392' title='bbox 748 4787 816 4841; x_wconf 88' lang='lat' dir='ltr'><strong>ad</strong></span> <span class='ocrx_word' id='word_1_393' title='bbox 845 4786 1107 4842; x_wconf 87' lang='lat' dir='ltr'><strong>Adamum</strong></span> <span class='ocrx_word' id='word_1_394' title='bbox 1150 4792 1528 4855; x_wconf 80' lang='lat' dir='ltr'><strong>accessissent,</strong></span> <span class='ocrx_word' id='word_1_395' title='bbox 1560 4791 1774 4843; x_wconf 89' lang='lat' dir='ltr'><strong>nomina</strong></span> <span class='ocrx_word' id='word_1_396' title='bbox 1808 4802 1917 4845; x_wconf 92' lang='lat' dir='ltr'><strong>tum</strong></span> 
     </span>
    </p>
   </div>
   <div class='ocr_carea' id='block_1_49' title="bbox 321 4877 1919 4947">
    <p class='ocr_par' dir='ltr' id='par_1_49' title="bbox 321 4877 1919 4947">
     <span class='ocr_line' id='line_1_49' title="bbox 321 4877 1919 4947; baseline 0.004 -18"><span class='ocrx_word' id='word_1_397' title='bbox 321 4889 663 4946; x_wconf 83' lang='lat' dir='ltr'><strong>acceperunt.</strong></span> <span class='ocrx_word' id='word_1_398' title='bbox 694 4877 876 4947; x_wconf 82' lang='lat' dir='ltr'><strong>Neque</strong></span> <span class='ocrx_word' id='word_1_399' title='bbox 907 4877 996 4932; x_wconf 91' lang='lat' dir='ltr'><strong>hic</strong></span> <span class='ocrx_word' id='word_1_400' title='bbox 1020 4878 1193 4933; x_wconf 88' lang='lat' dir='ltr'><strong>solum</strong></span> <span class='ocrx_word' id='word_1_401' title='bbox 1220 4896 1233 4944; x_wconf 93' lang='lat'><strong>;</strong></span> <span class='ocrx_word' id='word_1_402' title='bbox 1267 4880 1361 4934; x_wconf 89' lang='lat' dir='ltr'><strong>sed</strong></span> <span class='ocrx_word' id='word_1_403' title='bbox 1390 4890 1446 4935; x_wconf 91' lang='lat' dir='ltr'><strong>et</strong></span> <span class='ocrx_word' id='word_1_404' title='bbox 1486 4882 1537 4933; x_wconf 93' lang='lat' dir='ltr'><strong>in</strong></span> <span class='ocrx_word' id='word_1_405' title='bbox 1570 4881 1726 4933; x_wconf 88' lang='lat' dir='ltr'><strong>beato</strong></span> <span class='ocrx_word' id='word_1_406' title='bbox 1756 4882 1919 4935; x_wconf 87' lang='lat' dir='ltr'><strong>Paulo</strong></span> 
     </span>
    </p>
   </div>
   <div class='ocr_carea' id='block_1_50' title="bbox 322 4969 1921 5040">
    <p class='ocr_par' dir='ltr' id='par_1_50' title="bbox 322 4969 1921 5040">
     <span class='ocr_line' id='line_1_50' title="bbox 322 4969 1921 5040; baseline 0.003 -19"><span class='ocrx_word' id='word_1_407' title='bbox 322 4969 464 5022; x_wconf 89' lang='lat' dir='ltr'><strong>idem</strong></span> <span class='ocrx_word' id='word_1_408' title='bbox 505 4970 746 5040; x_wconf 85' lang='lat' dir='ltr'><strong>contigit.</strong></span> <span class='ocrx_word' id='word_1_409' title='bbox 781 4969 911 5023; x_wconf 91' lang='lat' dir='ltr'><strong>Nam</strong></span> <span class='ocrx_word' id='word_1_410' title='bbox 937 4977 992 5023; x_wconf 88' lang='lat' dir='ltr'><strong>et</strong></span> <span class='ocrx_word' id='word_1_411' title='bbox 1020 4970 1107 5024; x_wconf 90' lang='lat' dir='ltr'><strong>ille</strong></span> <span class='ocrx_word' id='word_1_412' title='bbox 1145 4985 1265 5024; x_wconf 91' lang='lat' dir='ltr'><strong>cum</strong></span> <span class='ocrx_word' id='word_1_413' title='bbox 1294 4974 1344 5025; x_wconf 91' lang='lat' dir='ltr'><strong>in</strong></span> <span class='ocrx_word' id='word_1_414' title='bbox 1374 4972 1721 5025; x_wconf 89' lang='lat' dir='ltr'><strong>barbarorum</strong></span> <span class='ocrx_word' id='word_1_415' title='bbox 1771 4973 1921 5025; x_wconf 88' lang='lat' dir='ltr'><strong>insu-</strong></span> 
     </span>
    </p>
   </div>
   <div class='ocr_carea' id='block_1_51' title="bbox 321 5059 1913 5133">
    <p class='ocr_par' dir='ltr' id='par_1_51' title="bbox 321 5059 1913 5133">
     <span class='ocr_line' id='line_1_51' title="bbox 321 5059 1913 5133; baseline 0.003 -21"><span class='ocrx_word' id='word_1_416' title='bbox 321 5060 429 5112; x_wconf 87' lang='lat' dir='ltr'><strong>lam</strong></span> <span class='ocrx_word' id='word_1_417' title='bbox 456 5059 659 5129; x_wconf 90' lang='lat' dir='ltr'><strong>ejectus</strong></span> <span class='ocrx_word' id='word_1_418' title='bbox 696 5070 859 5125; x_wconf 88' lang='lat' dir='ltr'><strong>esset,</strong></span> <span class='ocrx_word' id='word_1_419' title='bbox 894 5075 1040 5131; x_wconf 80' lang='lat' dir='ltr'><strong>pyra:</strong></span> <span class='ocrx_word' id='word_1_420' title='bbox 1068 5061 1353 5126; x_wconf 85' lang='lat' dir='ltr'><strong>assidebat,</strong></span> <span class='ocrx_word' id='word_1_421' title='bbox 1386 5071 1442 5115; x_wconf 91' lang='lat' dir='ltr'><strong>ut</strong></span> <span class='ocrx_word' id='word_1_422' title='bbox 1475 5062 1745 5117; x_wconf 85' lang='lat' dir='ltr'><strong>caleﬁeret</strong></span> <span class='ocrx_word' id='word_1_423' title='bbox 1778 5062 1913 5133; x_wconf 83' lang='lat' dir='ltr'><strong>(Act.</strong></span> 
     </span>
    </p>
   </div>
   <div class='ocr_carea' id='block_1_52' title="bbox 319 5148 1910 5220">
    <p class='ocr_par' dir='ltr' id='par_1_52' title="bbox 319 5148 1910 5220">
     <span class='ocr_line' id='line_1_52' title="bbox 319 5148 1910 5220; baseline 0.002 -18"><span class='ocrx_word' id='word_1_424' title='bbox 319 5148 467 5219; x_wconf 83' lang='lat'><strong>23):</strong></span> <span class='ocrx_word' id='word_1_425' title='bbox 519 5148 712 5204; x_wconf 87' lang='lat' dir='ltr'><strong>deinde</strong></span> <span class='ocrx_word' id='word_1_426' title='bbox 760 5150 1043 5219; x_wconf 90' lang='lat' dir='ltr'><strong>prosiliens</strong></span> <span class='ocrx_word' id='word_1_427' title='bbox 1074 5165 1105 5204; x_wconf 93' lang='lat' dir='ltr'><strong>e</strong></span> <span class='ocrx_word' id='word_1_428' title='bbox 1136 5153 1420 5205; x_wconf 87' lang='lat' dir='ltr'><strong>sarmentis</strong></span> <span class='ocrx_word' id='word_1_429' title='bbox 1468 5152 1645 5220; x_wconf 88' lang='lat' dir='ltr'><strong>vipera</strong></span> <span class='ocrx_word' id='word_1_430' title='bbox 1693 5167 1910 5205; x_wconf 88' lang='lat' dir='ltr'><strong>manum</strong></span> 
     </span>
    </p>
   </div>
   <div class='ocr_carea' id='block_1_53' title="bbox 320 5241 1913 5313">
    <p class='ocr_par' dir='ltr' id='par_1_53' title="bbox 320 5241 1913 5313">
     <span class='ocr_line' id='line_1_53' title="bbox 320 5241 1913 5313; baseline 0.001 -17"><span class='ocrx_word' id='word_1_431' title='bbox 320 5243 439 5312; x_wconf 87' lang='lat' dir='ltr'><strong>ejus</strong></span> <span class='ocrx_word' id='word_1_432' title='bbox 484 5243 693 5298; x_wconf 91' lang='lat' dir='ltr'><strong>invasit.</strong></span> <span class='ocrx_word' id='word_1_433' title='bbox 730 5242 867 5311; x_wconf 83' lang='lat' dir='ltr'><strong>Quid</strong></span> <span class='ocrx_word' id='word_1_434' title='bbox 916 5257 1044 5313; x_wconf 85' lang='lat' dir='ltr'><strong>ergo</strong></span> <span class='ocrx_word' id='word_1_435' title='bbox 1087 5252 1271 5312; x_wconf 87' lang='lat' dir='ltr'><strong>postea</strong></span> <span class='ocrx_word' id='word_1_436' title='bbox 1318 5244 1581 5313; x_wconf 88' lang='lat' dir='ltr'><strong>contigit?</strong></span> <span class='ocrx_word' id='word_1_437' title='bbox 1621 5241 1913 5298; x_wconf 80' lang='lat' dir='ltr'><strong>ConfeStim</strong></span> 
     </span>
    </p>
   </div>
   <div class='ocr_carea' id='block_1_54' title="bbox 321 5335 1909 5405">
    <p class='ocr_par' dir='ltr' id='par_1_54' title="bbox 321 5335 1909 5405">
     <span class='ocr_line' id='line_1_54' title="bbox 321 5335 1909 5405; baseline 0 -16"><span class='ocrx_word' id='word_1_438' title='bbox 321 5335 494 5390; x_wconf 86' lang='lat' dir='ltr'><strong>bestia</strong></span> <span class='ocrx_word' id='word_1_439' title='bbox 525 5335 733 5390; x_wconf 90' lang='lat' dir='ltr'><strong>cecidit.</strong></span> <span class='ocrx_word' id='word_1_440' title='bbox 768 5335 899 5389; x_wconf 89' lang='lat' dir='ltr'><strong>Nam</strong></span> <span class='ocrx_word' id='word_1_441' title='bbox 931 5336 1181 5405; x_wconf 89' lang='lat' dir='ltr'><strong>quoniam</strong></span> <span class='ocrx_word' id='word_1_442' title='bbox 1214 5346 1489 5403; x_wconf 90' lang='lat' dir='ltr'><strong>peccatum</strong></span> <span class='ocrx_word' id='word_1_443' title='bbox 1538 5352 1642 5389; x_wconf 90' lang='lat' dir='ltr'><strong>non</strong></span> <span class='ocrx_word' id='word_1_444' title='bbox 1687 5336 1909 5402; x_wconf 89' lang='lat' dir='ltr'><strong>invenit,</strong></span> 
     </span>
    </p>
   </div>
   <div class='ocr_carea' id='block_1_55' title="bbox 324 5427 1911 5499">
    <p class='ocr_par' dir='ltr' id='par_1_55' title="bbox 324 5427 1911 5499">
     <span class='ocr_line' id='line_1_55' title="bbox 324 5427 1911 5499; baseline -0.001 -17"><span class='ocrx_word' id='word_1_445' title='bbox 324 5442 392 5482; x_wconf 88' lang='lat' dir='ltr'><strong>ne</strong></span> <span class='ocrx_word' id='word_1_446' title='bbox 421 5428 668 5482; x_wconf 89' lang='lat' dir='ltr'><strong>mordere</strong></span> <span class='ocrx_word' id='word_1_447' title='bbox 694 5428 906 5499; x_wconf 89' lang='lat' dir='ltr'><strong>quidem</strong></span> <span class='ocrx_word' id='word_1_448' title='bbox 942 5428 1153 5497; x_wconf 90' lang='lat' dir='ltr'><strong>potuit:</strong></span> <span class='ocrx_word' id='word_1_449' title='bbox 1192 5427 1285 5481; x_wconf 81' lang='lat' dir='ltr'><strong>sed</strong></span> <span class='ocrx_word' id='word_1_450' title='bbox 1314 5428 1760 5497; x_wconf 88' lang='lat' dir='ltr'><strong>quemadmodum</strong></span> <span class='ocrx_word' id='word_1_451' title='bbox 1792 5443 1911 5494; x_wconf 90' lang='lat' dir='ltr'><strong>nos,</strong></span> 
     </span>
    </p>
   </div>
   <div class='ocr_carea' id='block_1_56' title="bbox 322 5520 1910 5591">
    <p class='ocr_par' dir='ltr' id='par_1_56' title="bbox 322 5520 1910 5591">
     <span class='ocr_line' id='line_1_56' title="bbox 322 5520 1910 5591; baseline -0.001 -16"><span class='ocrx_word' id='word_1_452' title='bbox 322 5521 366 5575; x_wconf 92' lang='lat' dir='ltr'><strong>si</strong></span> <span class='ocrx_word' id='word_1_453' title='bbox 398 5520 612 5591; x_wconf 86' lang='lat' dir='ltr'><strong>quando</strong></span> <span class='ocrx_word' id='word_1_454' title='bbox 638 5520 809 5575; x_wconf 72' lang='lat' dir='ltr'><strong>lerem</strong></span> <span class='ocrx_word' id='word_1_455' title='bbox 856 5521 1088 5591; x_wconf 89' lang='lat' dir='ltr'><strong>aliquem</strong></span> <span class='ocrx_word' id='word_1_456' title='bbox 1124 5520 1403 5589; x_wconf 91' lang='lat' dir='ltr'><strong>scopulum</strong></span> <span class='ocrx_word' id='word_1_457' title='bbox 1442 5521 1732 5574; x_wconf 86' lang='lat' dir='ltr'><strong>ascendere</strong></span> <span class='ocrx_word' id='word_1_458' title='bbox 1760 5520 1910 5573; x_wconf 92' lang='lat' dir='ltr'><strong>volu-</strong></span> 
     </span>
    </p>
   </div>
   <div class='ocr_carea' id='block_1_57' title="bbox 325 5611 1912 5685">
    <p class='ocr_par' dir='ltr' id='par_1_57' title="bbox 325 5611 1912 5685">
     <span class='ocr_line' id='line_1_57' title="bbox 325 5611 1912 5685; baseline -0.003 -16"><span class='ocrx_word' id='word_1_459' title='bbox 325 5630 466 5681; x_wconf 89' lang='lat' dir='ltr'><strong>mus,</strong></span> <span class='ocrx_word' id='word_1_460' title='bbox 496 5614 621 5669; x_wconf 90' lang='lat' dir='ltr'><strong>dum</strong></span> <span class='ocrx_word' id='word_1_461' title='bbox 664 5629 923 5685; x_wconf 85' lang='lat' dir='ltr'><strong>nusquam</strong></span> <span class='ocrx_word' id='word_1_462' title='bbox 970 5614 1284 5683; x_wconf 87' lang='lat' dir='ltr'><strong>reperimus,</strong></span> <span class='ocrx_word' id='word_1_463' title='bbox 1337 5612 1477 5684; x_wconf 90' lang='lat' dir='ltr'><strong>quod</strong></span> <span class='ocrx_word' id='word_1_464' title='bbox 1517 5611 1912 5682; x_wconf 85' lang='lat' dir='ltr'><strong>apprehensum</strong></span> 
     </span>
    </p>
   </div>
   <div class='ocr_carea' id='block_1_58' title="bbox 303 5703 1910 5785">
    <p class='ocr_par' dir='ltr' id='par_1_58' title="bbox 303 5703 1910 5785">
     <span class='ocr_line' id='line_1_58' title="bbox 303 5703 1910 5785; baseline -0.004 -23"><span class='ocrx_word' id='word_1_465' title='bbox 303 5717 639 5785; x_wconf 65' lang='lat' dir='ltr'><strong>,tencamus,</strong></span> <span class='ocrx_word' id='word_1_466' title='bbox 693 5716 916 5778; x_wconf 88' lang='lat' dir='ltr'><strong>repente</strong></span> <span class='ocrx_word' id='word_1_467' title='bbox 952 5706 1315 5772; x_wconf 89' lang='lat' dir='ltr'><strong>concidimus,</strong></span> <span class='ocrx_word' id='word_1_468' title='bbox 1365 5705 1478 5761; x_wconf 88' lang='lat' dir='ltr'><strong>sive</strong></span> <span class='ocrx_word' id='word_1_469' title='bbox 1520 5704 1571 5759; x_wconf 92' lang='lat' dir='ltr'><strong>in</strong></span> <span class='ocrx_word' id='word_1_470' title='bbox 1614 5703 1910 5773; x_wconf 86' lang='lat' dir='ltr'><strong>subjectum</strong></span> 
     </span>
    </p>
   </div>
   <div class='ocr_carea' id='block_1_59' title="bbox 329 5796 1907 5875">
    <p class='ocr_par' dir='ltr' id='par_1_59' title="bbox 329 5796 1907 5875">
     <span class='ocr_line' id='line_1_59' title="bbox 329 5796 1907 5875; baseline -0.004 -18"><span class='ocrx_word' id='word_1_471' title='bbox 329 5804 569 5875; x_wconf 79' lang='lat' dir='ltr'><strong>pelagus,</strong></span> <span class='ocrx_word' id='word_1_472' title='bbox 598 5802 707 5859; x_wconf 83' lang='lat' dir='ltr'><strong>sive</strong></span> <span class='ocrx_word' id='word_1_473' title='bbox 734 5802 785 5858; x_wconf 92' lang='lat' dir='ltr'><strong>in</strong></span> <span class='ocrx_word' id='word_1_474' title='bbox 816 5800 1164 5872; x_wconf 68' lang='lat' dir='ltr'><strong>praecipitium</strong></span> <span class='ocrx_word' id='word_1_475' title='bbox 1198 5818 1209 5855; x_wconf 89' lang='lat'><strong>:</strong></span> <span class='ocrx_word' id='word_1_476' title='bbox 1240 5800 1317 5857; x_wconf 90' lang='lat' dir='ltr'><strong>sic</strong></span> <span class='ocrx_word' id='word_1_477' title='bbox 1355 5806 1409 5857; x_wconf 89' lang='lat' dir='ltr'><strong>et</strong></span> <span class='ocrx_word' id='word_1_478' title='bbox 1444 5798 1530 5854; x_wconf 89' lang='lat' dir='ltr'><strong>illa</strong></span> <span class='ocrx_word' id='word_1_479' title='bbox 1568 5796 1759 5865; x_wconf 88' lang='lat' dir='ltr'><strong>bestia,</strong></span> <span class='ocrx_word' id='word_1_480' title='bbox 1788 5811 1907 5851; x_wconf 90' lang='lat' dir='ltr'><strong>cum</strong></span> 
     </span>
    </p>
   </div>
   <div class='ocr_carea' id='block_1_60' title="bbox 1640 357 2405 417">
    <p class='ocr_par' dir='ltr' id='par_1_60' title="bbox 1640 357 2405 417">
     <span class='ocr_line' id='line_1_60' title="bbox 1640 357 2405 417; baseline 0.001 -1"><span class='ocrx_word' id='word_1_481' title='bbox 1640 360 1705 416; x_wconf 92' lang='lat' dir='ltr'><strong>lN</strong></span> <span class='ocrx_word' id='word_1_482' title='bbox 1742 357 2040 415; x_wconf 75' lang='lat' dir='ltr'><strong>GENESIM</strong></span> <span class='ocrx_word' id='word_1_483' title='bbox 2078 358 2307 417; x_wconf 80' lang='lat' dir='ltr'><strong>SERMO</strong></span> <span class='ocrx_word' id='word_1_484' title='bbox 2339 361 2405 417; x_wconf 78' lang='grc' dir='ltr'><strong>ν.</strong></span> 
     </span>
    </p>
   </div>
   <div class='ocr_carea' id='block_1_61' title="bbox 3549 371 3657 426">
    <p class='ocr_par' dir='ltr' id='par_1_61' title="bbox 3549 371 3657 426">
     <span class='ocr_line' id='line_1_61' title="bbox 3549 371 3657 426; baseline 0.037 -4"><span class='ocrx_word' id='word_1_485' title='bbox 3549 371 3657 426; x_wconf 76' lang='lat'><strong>602</strong></span> 
     </span>
    </p>
   </div>
   <div class='ocr_carea' id='block_1_62' title="bbox 2059 474 3625 550">
    <p class='ocr_par' dir='ltr' id='par_1_62' title="bbox 2059 474 3625 550">
     <span class='ocr_line' id='line_1_62' title="bbox 2059 474 3625 550; baseline 0.006 -22"><span class='ocrx_word' id='word_1_486' title='bbox 2059 474 2296 545; x_wconf 88' lang='lat' dir='ltr'><strong>subjecta</strong></span> <span class='ocrx_word' id='word_1_487' title='bbox 2328 486 2471 533; x_wconf 84' lang='lat' dir='ltr'><strong>esset</strong></span> <span class='ocrx_word' id='word_1_488' title='bbox 2496 493 2626 549; x_wconf 87' lang='lat' dir='ltr'><strong>pyra</strong></span> <span class='ocrx_word' id='word_1_489' title='bbox 2649 519 2664 545; x_wconf 92' lang='lat'><strong>,</strong></span> <span class='ocrx_word' id='word_1_490' title='bbox 2697 480 2838 550; x_wconf 88' lang='lat' dir='ltr'><strong>quod</strong></span> <span class='ocrx_word' id='word_1_491' title='bbox 2870 493 3144 550; x_wconf 87' lang='lat' dir='ltr'><strong>peccatum</strong></span> <span class='ocrx_word' id='word_1_492' title='bbox 3172 525 3187 549; x_wconf 96' lang='lat'><strong>,</strong></span> <span class='ocrx_word' id='word_1_493' title='bbox 3220 483 3301 537; x_wconf 90' lang='lat' dir='ltr'><strong>cui</strong></span> <span class='ocrx_word' id='word_1_494' title='bbox 3326 482 3625 539; x_wconf 67' lang='lat' dir='ltr'><strong>adhwret&#39;ct</strong></span> 
     </span>
    </p>
   </div>
   <div class='ocr_carea' id='block_1_63' title="bbox 2058 566 3649 647">
    <p class='ocr_par' dir='ltr' id='par_1_63' title="bbox 2058 566 3649 647">
     <span class='ocr_line' id='line_1_63' title="bbox 2058 566 3649 647; baseline 0.007 -29"><span class='ocrx_word' id='word_1_495' title='bbox 2058 580 2163 619; x_wconf 92' lang='lat' dir='ltr'><strong>non</strong></span> <span class='ocrx_word' id='word_1_496' title='bbox 2196 566 2506 636; x_wconf 89' lang='lat' dir='ltr'><strong>invenisset,</strong></span> <span class='ocrx_word' id='word_1_497' title='bbox 2539 584 2712 639; x_wconf 90' lang='lat' dir='ltr'><strong>neque</strong></span> <span class='ocrx_word' id='word_1_498' title='bbox 2749 573 2835 624; x_wconf 87' lang='lat' dir='ltr'><strong>cui</strong></span> <span class='ocrx_word' id='word_1_499' title='bbox 2858 572 3049 627; x_wconf 90' lang='lat' dir='ltr'><strong>dentes</strong></span> <span class='ocrx_word' id='word_1_500' title='bbox 3078 573 3343 643; x_wconf 87' lang='lat' dir='ltr'><strong>inﬁgeret,</strong></span> <span class='ocrx_word' id='word_1_501' title='bbox 3379 576 3430 628; x_wconf 90' lang='lat' dir='ltr'><strong>in</strong></span> <span class='ocrx_word' id='word_1_502' title='bbox 3462 591 3649 647; x_wconf 75' lang='lat' dir='ltr'><strong>pyram</strong></span> 
     </span>
    </p>
   </div>
   <div class='ocr_carea' id='block_1_64' title="bbox 2057 656 3649 728">
    <p class='ocr_par' dir='ltr' id='par_1_64' title="bbox 2057 656 3649 728">
     <span class='ocr_line' id='line_1_64' title="bbox 2057 656 3649 728; baseline 0.008 -19"><span class='ocrx_word' id='word_1_503' title='bbox 2057 656 2274 723; x_wconf 87' lang='lat' dir='ltr'><strong>decidit,</strong></span> <span class='ocrx_word' id='word_1_504' title='bbox 2294 668 2357 713; x_wconf 85' lang='lat' dir='ltr'><strong>et</strong></span> <span class='ocrx_word' id='word_1_505' title='bbox 2388 661 2708 728; x_wconf 89' lang='lat' dir='ltr'><strong>interempta</strong></span> <span class='ocrx_word' id='word_1_506' title='bbox 2740 671 2841 716; x_wconf 87' lang='lat' dir='ltr'><strong>est.</strong></span> <span class='ocrx_word' id='word_1_507' title='bbox 2878 662 2970 718; x_wconf 82' lang='lat' dir='ltr'><strong>Vis</strong></span> <span class='ocrx_word' id='word_1_508' title='bbox 3000 664 3224 718; x_wconf 90' lang='lat' dir='ltr'><strong>alterum</strong></span> <span class='ocrx_word' id='word_1_509' title='bbox 3258 666 3348 718; x_wconf 90' lang='lat' dir='ltr'><strong>tibi</strong></span> <span class='ocrx_word' id='word_1_510' title='bbox 3376 664 3649 722; x_wconf 79' lang='lat' dir='ltr'><strong>defensio-</strong></span> 
     </span>
    </p>
   </div>
   <div class='ocr_carea' id='block_1_65' title="bbox 2058 749 3647 824">
    <p class='ocr_par' dir='ltr' id='par_1_65' title="bbox 2058 749 3647 824">
     <span class='ocr_line' id='line_1_65' title="bbox 2058 749 3647 824; baseline 0.008 -25"><span class='ocrx_word' id='word_1_511' title='bbox 2058 749 2141 799; x_wconf 89' lang='lat' dir='ltr'><strong>nis</strong></span> <span class='ocrx_word' id='word_1_512' title='bbox 2184 762 2353 817; x_wconf 81' lang='lat' dir='ltr'><strong>geuus</strong></span> <span class='ocrx_word' id='word_1_513' title='bbox 2402 749 2453 803; x_wconf 88' lang='lat' dir='ltr'><strong>in</strong></span> <span class='ocrx_word' id='word_1_514' title='bbox 2500 750 2732 805; x_wconf 86' lang='lat' dir='ltr'><strong>medium</strong></span> <span class='ocrx_word' id='word_1_515' title='bbox 2780 753 3043 807; x_wconf 67' lang='lat' dir='ltr'><strong>afferam?</strong></span> <span class='ocrx_word' id='word_1_516' title='bbox 3087 755 3259 810; x_wconf 89' lang='lat' dir='ltr'><strong>Unum</strong></span> <span class='ocrx_word' id='word_1_517' title='bbox 3305 756 3516 824; x_wconf 83' lang='lat' dir='ltr'><strong>quidem</strong></span> <span class='ocrx_word' id='word_1_518' title='bbox 3544 767 3647 821; x_wconf 81' lang='lat' dir='ltr'><strong>est,</strong></span> 
     </span>
    </p>
   </div>
   <div class='ocr_carea' id='block_1_66' title="bbox 2056 841 3651 917">
    <p class='ocr_par' dir='ltr' id='par_1_66' title="bbox 2056 841 3651 917">
     <span class='ocr_line' id='line_1_66' title="bbox 2056 841 3651 917; baseline 0.005 -22"><span class='ocrx_word' id='word_1_519' title='bbox 2056 841 2197 909; x_wconf 90' lang='lat' dir='ltr'><strong>quod</strong></span> <span class='ocrx_word' id='word_1_520' title='bbox 2230 859 2332 894; x_wconf 93' lang='lat' dir='ltr'><strong>non</strong></span> <span class='ocrx_word' id='word_1_521' title='bbox 2369 845 2573 911; x_wconf 88' lang='lat' dir='ltr'><strong>priores</strong></span> <span class='ocrx_word' id='word_1_522' title='bbox 2604 853 2806 897; x_wconf 89' lang='lat' dir='ltr'><strong>tantum</strong></span> <span class='ocrx_word' id='word_1_523' title='bbox 2849 849 3149 915; x_wconf 81' lang='lat' dir='ltr'><strong>peccarint,</strong></span> <span class='ocrx_word' id='word_1_524' title='bbox 3180 848 3273 902; x_wconf 90' lang='lat' dir='ltr'><strong>sed</strong></span> <span class='ocrx_word' id='word_1_525' title='bbox 3317 859 3371 901; x_wconf 89' lang='lat' dir='ltr'><strong>et</strong></span> <span class='ocrx_word' id='word_1_526' title='bbox 3405 850 3495 917; x_wconf 92' lang='lat' dir='ltr'><strong>qui</strong></span> <span class='ocrx_word' id='word_1_527' title='bbox 3530 858 3651 917; x_wconf 82' lang='lat' dir='ltr'><strong>post</strong></span> 
     </span>
    </p>
   </div>
   <div class='ocr_carea' id='block_1_67' title="bbox 2058 931 3651 1008">
    <p class='ocr_par' dir='ltr' id='par_1_67' title="bbox 2058 931 3651 1008">
     <span class='ocr_line' id='line_1_67' title="bbox 2058 931 3651 1008; baseline 0.005 -25"><span class='ocrx_word' id='word_1_528' title='bbox 2058 931 2175 984; x_wconf 89' lang='lat' dir='ltr'><strong>illos</strong></span> <span class='ocrx_word' id='word_1_529' title='bbox 2202 933 2309 986; x_wconf 87' lang='lat' dir='ltr'><strong>nati</strong></span> <span class='ocrx_word' id='word_1_530' title='bbox 2339 942 2498 995; x_wconf 86' lang='lat' dir='ltr'><strong>sunt;</strong></span> <span class='ocrx_word' id='word_1_531' title='bbox 2527 934 2754 987; x_wconf 89' lang='lat' dir='ltr'><strong>alterum</strong></span> <span class='ocrx_word' id='word_1_532' title='bbox 2787 950 2934 995; x_wconf 85' lang='lat' dir='ltr'><strong>vero,</strong></span> <span class='ocrx_word' id='word_1_533' title='bbox 2969 937 3105 1003; x_wconf 85' lang='lat' dir='ltr'><strong>quod</strong></span> <span class='ocrx_word' id='word_1_534' title='bbox 3138 937 3225 1005; x_wconf 85' lang='lat' dir='ltr'><strong>qui</strong></span> <span class='ocrx_word' id='word_1_535' title='bbox 3255 937 3391 991; x_wconf 88' lang='lat' dir='ltr'><strong>bene</strong></span> <span class='ocrx_word' id='word_1_536' title='bbox 3433 953 3491 990; x_wconf 89' lang='lat' dir='ltr'><strong>se</strong></span> <span class='ocrx_word' id='word_1_537' title='bbox 3528 953 3651 1008; x_wconf 77' lang='lat' dir='ltr'><strong>ges-</strong></span> 
     </span>
    </p>
   </div>
   <div class='ocr_carea' id='block_1_68' title="bbox 2057 1023 3647 1093">
    <p class='ocr_par' dir='ltr' id='par_1_68' title="bbox 2057 1023 3647 1093">
     <span class='ocr_line' id='line_1_68' title="bbox 2057 1023 3647 1093; baseline 0.006 -18"><span class='ocrx_word' id='word_1_538' title='bbox 2057 1023 2262 1089; x_wconf 90' lang='lat' dir='ltr'><strong>serint,</strong></span> <span class='ocrx_word' id='word_1_539' title='bbox 2297 1024 2456 1093; x_wconf 87' lang='lat' dir='ltr'><strong>idque</strong></span> <span class='ocrx_word' id='word_1_540' title='bbox 2483 1024 2608 1078; x_wconf 91' lang='lat' dir='ltr'><strong>dum</strong></span> <span class='ocrx_word' id='word_1_541' title='bbox 2637 1026 2688 1079; x_wconf 91' lang='lat' dir='ltr'><strong>in</strong></span> <span class='ocrx_word' id='word_1_542' title='bbox 2722 1027 2821 1081; x_wconf 90' lang='lat' dir='ltr'><strong>bac</strong></span> <span class='ocrx_word' id='word_1_543' title='bbox 2849 1027 2955 1080; x_wconf 86' lang='lat' dir='ltr'><strong>vita</strong></span> <span class='ocrx_word' id='word_1_544' title='bbox 2986 1040 3351 1093; x_wconf 78' lang='lat' dir='ltr'><strong>versaremur,</strong></span> <span class='ocrx_word' id='word_1_545' title='bbox 3394 1029 3647 1084; x_wconf 77' lang='lat' dir='ltr'><strong>leviorem</strong></span> 
     </span>
    </p>
   </div>
   <div class='ocr_carea' id='block_1_69' title="bbox 2056 1116 3648 1191">
    <p class='ocr_par' dir='ltr' id='par_1_69' title="bbox 2056 1116 3648 1191">
     <span class='ocr_line' id='line_1_69' title="bbox 2056 1116 3648 1191; baseline 0.005 -23"><span class='ocrx_word' id='word_1_546' title='bbox 2056 1116 2402 1184; x_wconf 82' lang='lat' dir='ltr'><strong>experiantur</strong></span> <span class='ocrx_word' id='word_1_547' title='bbox 2430 1118 2745 1171; x_wconf 88' lang='lat' dir='ltr'><strong>servitutem</strong></span> <span class='ocrx_word' id='word_1_548' title='bbox 2772 1134 2787 1172; x_wconf 89' lang='lat'><strong>:</strong></span> <span class='ocrx_word' id='word_1_549' title='bbox 2820 1118 2900 1173; x_wconf 90' lang='lat' dir='ltr'><strong>vel</strong></span> <span class='ocrx_word' id='word_1_550' title='bbox 2928 1119 3101 1187; x_wconf 85' lang='lat' dir='ltr'><strong>putius</strong></span> <span class='ocrx_word' id='word_1_551' title='bbox 3128 1120 3195 1174; x_wconf 89' lang='lat' dir='ltr'><strong>ab</strong></span> <span class='ocrx_word' id='word_1_552' title='bbox 3226 1121 3312 1174; x_wconf 77' lang='lat' dir='ltr'><strong>illa</strong></span> <span class='ocrx_word' id='word_1_553' title='bbox 3340 1122 3544 1191; x_wconf 88' lang='lat' dir='ltr'><strong>integra</strong></span> <span class='ocrx_word' id='word_1_554' title='bbox 3579 1121 3648 1176; x_wconf 62' lang='lat' dir='ltr'><strong>li»</strong></span> 
     </span>
    </p>
   </div>
   <div class='ocr_carea' id='block_1_70' title="bbox 2058 1205 3644 1278">
    <p class='ocr_par' dir='ltr' id='par_1_70' title="bbox 2058 1205 3644 1278">
     <span class='ocr_line' id='line_1_70' title="bbox 2058 1205 3644 1278; baseline 0.006 -20"><span class='ocrx_word' id='word_1_555' title='bbox 2058 1205 2330 1273; x_wconf 86' lang='lat' dir='ltr'><strong>bereutur,</strong></span> <span class='ocrx_word' id='word_1_556' title='bbox 2381 1216 2439 1260; x_wconf 92' lang='lat' dir='ltr'><strong>ut</strong></span> <span class='ocrx_word' id='word_1_557' title='bbox 2481 1209 2642 1263; x_wconf 85' lang='lat' dir='ltr'><strong>etiam</strong></span> <span class='ocrx_word' id='word_1_558' title='bbox 2682 1211 2734 1262; x_wconf 88' lang='lat' dir='ltr'><strong>in</strong></span> <span class='ocrx_word' id='word_1_559' title='bbox 2776 1210 3111 1274; x_wconf 88' lang='lat' dir='ltr'><strong>mulieribus,</strong></span> <span class='ocrx_word' id='word_1_560' title='bbox 3143 1212 3275 1266; x_wconf 88' lang='lat' dir='ltr'><strong>etin</strong></span> <span class='ocrx_word' id='word_1_561' title='bbox 3306 1212 3553 1278; x_wconf 82' lang='lat' dir='ltr'><strong>subditis,</strong></span> <span class='ocrx_word' id='word_1_562' title='bbox 3587 1221 3644 1267; x_wconf 70' lang='lat' dir='ltr'><strong>et</strong></span> 
     </span>
    </p>
   </div>
   <div class='ocr_carea' id='block_1_71' title="bbox 2055 1299 3647 1374">
    <p class='ocr_par' dir='ltr' id='par_1_71' title="bbox 2055 1299 3647 1374">
     <span class='ocr_line' id='line_1_71' title="bbox 2055 1299 3647 1374; baseline 0.004 -22"><span class='ocrx_word' id='word_1_563' title='bbox 2055 1299 2108 1353; x_wconf 91' lang='lat' dir='ltr'><strong>in</strong></span> <span class='ocrx_word' id='word_1_564' title='bbox 2141 1299 2332 1354; x_wconf 85' lang='lat' dir='ltr'><strong>belluis</strong></span> <span class='ocrx_word' id='word_1_565' title='bbox 2376 1316 2402 1351; x_wconf 92' lang='lat' dir='ltr'><strong>a</strong></span> <span class='ocrx_word' id='word_1_566' title='bbox 2440 1300 2596 1354; x_wconf 89' lang='lat' dir='ltr'><strong>nobis</strong></span> <span class='ocrx_word' id='word_1_567' title='bbox 2629 1309 2906 1357; x_wconf 90' lang='lat' dir='ltr'><strong>ostensum</strong></span> <span class='ocrx_word' id='word_1_568' title='bbox 2948 1312 3048 1356; x_wconf 87' lang='lat' dir='ltr'><strong>est.</strong></span> <span class='ocrx_word' id='word_1_569' title='bbox 3080 1303 3316 1357; x_wconf 89' lang='lat' dir='ltr'><strong>Tertium</strong></span> <span class='ocrx_word' id='word_1_570' title='bbox 3363 1319 3488 1358; x_wconf 85' lang='lat' dir='ltr'><strong>vero</strong></span> <span class='ocrx_word' id='word_1_571' title='bbox 3526 1316 3647 1374; x_wconf 87' lang='lat' dir='ltr'><strong>post</strong></span> 
     </span>
    </p>
   </div>
   <div class='ocr_carea' id='block_1_72' title="bbox 2056 1389 3644 1462">
    <p class='ocr_par' dir='ltr' id='par_1_72' title="bbox 2056 1389 3644 1462">
     <span class='ocr_line' id='line_1_72' title="bbox 2056 1389 3644 1462; baseline 0.004 -20"><span class='ocrx_word' id='word_1_572' title='bbox 2056 1389 2165 1455; x_wconf 91' lang='lat' dir='ltr'><strong>illa,</strong></span> <span class='ocrx_word' id='word_1_573' title='bbox 2218 1389 2358 1459; x_wconf 91' lang='lat' dir='ltr'><strong>quod</strong></span> <span class='ocrx_word' id='word_1_574' title='bbox 2404 1390 2649 1445; x_wconf 84' lang='lat' dir='ltr'><strong>Christus</strong></span> <span class='ocrx_word' id='word_1_575' title='bbox 2700 1406 2822 1445; x_wconf 90' lang='lat' dir='ltr'><strong>cum</strong></span> <span class='ocrx_word' id='word_1_576' title='bbox 2869 1392 3209 1461; x_wconf 87' lang='lat' dir='ltr'><strong>advenisset,</strong></span> <span class='ocrx_word' id='word_1_577' title='bbox 3253 1395 3453 1462; x_wconf 88' lang='lat' dir='ltr'><strong>majora</strong></span> <span class='ocrx_word' id='word_1_578' title='bbox 3503 1410 3644 1448; x_wconf 90' lang='lat' dir='ltr'><strong>nunc</strong></span> 
     </span>
    </p>
   </div>
   <div class='ocr_carea' id='block_1_73' title="bbox 2053 1481 3639 1554">
    <p class='ocr_par' dir='ltr' id='par_1_73' title="bbox 2053 1481 3639 1554">
     <span class='ocr_line' id='line_1_73' title="bbox 2053 1481 3639 1554; baseline 0.001 -17"><span class='ocrx_word' id='word_1_579' title='bbox 2053 1481 2192 1537; x_wconf 86' lang='lat' dir='ltr'><strong>bona</strong></span> <span class='ocrx_word' id='word_1_580' title='bbox 2236 1485 2306 1536; x_wconf 90' lang='lat' dir='ltr'><strong>sit</strong></span> <span class='ocrx_word' id='word_1_581' title='bbox 2343 1482 2496 1537; x_wconf 89' lang='lat' dir='ltr'><strong>nobis</strong></span> <span class='ocrx_word' id='word_1_582' title='bbox 2539 1483 2827 1553; x_wconf 90' lang='lat' dir='ltr'><strong>pollicitus,</strong></span> <span class='ocrx_word' id='word_1_583' title='bbox 2874 1500 3035 1553; x_wconf 87' lang='lat' dir='ltr'><strong>quam</strong></span> <span class='ocrx_word' id='word_1_584' title='bbox 3090 1500 3153 1539; x_wconf 90' lang='lat' dir='ltr'><strong>ea</strong></span> <span class='ocrx_word' id='word_1_585' title='bbox 3194 1484 3386 1554; x_wconf 89' lang='lat' dir='ltr'><strong>quibus</strong></span> <span class='ocrx_word' id='word_1_586' title='bbox 3429 1485 3639 1554; x_wconf 88' lang='lat' dir='ltr'><strong>spoliati</strong></span> 
     </span>
    </p>
   </div>
   <div class='ocr_carea' id='block_1_74' title="bbox 2054 1572 3637 1646">
    <p class='ocr_par' dir='ltr' id='par_1_74' title="bbox 2054 1572 3637 1646">
     <span class='ocr_line' id='line_1_74' title="bbox 2054 1572 3637 1646; baseline 0.001 -19"><span class='ocrx_word' id='word_1_587' title='bbox 2054 1572 2248 1628; x_wconf 85' lang='lat' dir='ltr'><strong>fuimus</strong></span> <span class='ocrx_word' id='word_1_588' title='bbox 2272 1574 2342 1628; x_wconf 87' lang='lat' dir='ltr'><strong>ab</strong></span> <span class='ocrx_word' id='word_1_589' title='bbox 2371 1574 2455 1639; x_wconf 91' lang='lat' dir='ltr'><strong>iis,</strong></span> <span class='ocrx_word' id='word_1_590' title='bbox 2498 1574 2588 1644; x_wconf 92' lang='lat' dir='ltr'><strong>qui</strong></span> <span class='ocrx_word' id='word_1_591' title='bbox 2616 1590 2645 1626; x_wconf 92' lang='lat' dir='ltr'><strong>a</strong></span> <span class='ocrx_word' id='word_1_592' title='bbox 2682 1576 2941 1643; x_wconf 84' lang='lat' dir='ltr'><strong>principio</strong></span> <span class='ocrx_word' id='word_1_593' title='bbox 2969 1586 3270 1646; x_wconf 87' lang='lat' dir='ltr'><strong>peccarant.</strong></span> <span class='ocrx_word' id='word_1_594' title='bbox 3304 1575 3453 1643; x_wconf 77' lang='lat' dir='ltr'><strong>Quid</strong></span> <span class='ocrx_word' id='word_1_595' title='bbox 3473 1577 3637 1639; x_wconf 90' lang='lat' dir='ltr'><strong>enim,</strong></span> 
     </span>
    </p>
   </div>
   <div class='ocr_carea' id='block_1_75' title="bbox 2052 1666 3647 1737">
    <p class='ocr_par' dir='ltr' id='par_1_75' title="bbox 2052 1666 3647 1737">
     <span class='ocr_line' id='line_1_75' title="bbox 2052 1666 3647 1737; baseline 0.002 -19"><span class='ocrx_word' id='word_1_596' title='bbox 2052 1681 2251 1735; x_wconf 66' lang='lat' dir='ltr'><strong>qum-so,</strong></span> <span class='ocrx_word' id='word_1_597' title='bbox 2286 1682 2426 1721; x_wconf 89' lang='lat' dir='ltr'><strong>nunc</strong></span> <span class='ocrx_word' id='word_1_598' title='bbox 2456 1666 2639 1736; x_wconf 82' lang='lat' dir='ltr'><strong>luges?</strong></span> <span class='ocrx_word' id='word_1_599' title='bbox 2661 1682 2728 1720; x_wconf 91' lang='lat' dir='ltr'><strong>an</strong></span> <span class='ocrx_word' id='word_1_600' title='bbox 2760 1668 2901 1736; x_wconf 90' lang='lat' dir='ltr'><strong>quod</strong></span> <span class='ocrx_word' id='word_1_601' title='bbox 2935 1668 3169 1722; x_wconf 84' lang='lat' dir='ltr'><strong>admisso</strong></span> <span class='ocrx_word' id='word_1_602' title='bbox 3200 1679 3417 1736; x_wconf 87' lang='lat' dir='ltr'><strong>peccato</strong></span> <span class='ocrx_word' id='word_1_603' title='bbox 3440 1684 3470 1722; x_wconf 92' lang='lat' dir='ltr'><strong>e</strong></span> <span class='ocrx_word' id='word_1_604' title='bbox 3493 1683 3647 1737; x_wconf 84' lang='lat' dir='ltr'><strong>para-</strong></span> 
     </span>
    </p>
   </div>
   <div class='ocr_carea' id='block_1_76' title="bbox 2051 1757 3641 1828">
    <p class='ocr_par' dir='ltr' id='par_1_76' title="bbox 2051 1757 3641 1828">
     <span class='ocr_line' id='line_1_76' title="bbox 2051 1757 3641 1828; baseline 0.001 -17"><span class='ocrx_word' id='word_1_605' title='bbox 2051 1757 2169 1811; x_wconf 88' lang='lat' dir='ltr'><strong>diso</strong></span> <span class='ocrx_word' id='word_1_606' title='bbox 2213 1769 2264 1812; x_wconf 93' lang='lat' dir='ltr'><strong>te</strong></span> <span class='ocrx_word' id='word_1_607' title='bbox 2306 1757 2476 1811; x_wconf 85' lang='lat' dir='ltr'><strong>Adam</strong></span> <span class='ocrx_word' id='word_1_608' title='bbox 2520 1758 2775 1828; x_wconf 85' lang='lat' dir='ltr'><strong>ejeeerit?</strong></span> <span class='ocrx_word' id='word_1_609' title='bbox 2819 1758 2923 1812; x_wconf 87' lang='lat' dir='ltr'><strong>Fac</strong></span> <span class='ocrx_word' id='word_1_610' title='bbox 2974 1759 3111 1813; x_wconf 88' lang='lat' dir='ltr'><strong>bona</strong></span> <span class='ocrx_word' id='word_1_611' title='bbox 3163 1774 3345 1827; x_wconf 87' lang='lat' dir='ltr'><strong>opera,</strong></span> <span class='ocrx_word' id='word_1_612' title='bbox 3396 1764 3641 1813; x_wconf 87' lang='lat' dir='ltr'><strong>virtutem</strong></span> 
     </span>
    </p>
   </div>
   <div class='ocr_carea' id='block_1_77' title="bbox 2051 1849 3638 1918">
    <p class='ocr_par' dir='ltr' id='par_1_77' title="bbox 2051 1849 3638 1918">
     <span class='ocr_line' id='line_1_77' title="bbox 2051 1849 3638 1918; baseline 0.001 -16"><span class='ocrx_word' id='word_1_613' title='bbox 2051 1849 2451 1911; x_wconf 77' lang='lat' dir='ltr'><strong>temulare;nec</strong></span> <span class='ocrx_word' id='word_1_614' title='bbox 2474 1850 2582 1918; x_wconf 89' lang='lat' dir='ltr'><strong>jam</strong></span> <span class='ocrx_word' id='word_1_615' title='bbox 2612 1849 2938 1918; x_wconf 86' lang='lat' dir='ltr'><strong>paradisum,</strong></span> <span class='ocrx_word' id='word_1_616' title='bbox 2963 1849 3057 1905; x_wconf 90' lang='lat' dir='ltr'><strong>sed</strong></span> <span class='ocrx_word' id='word_1_617' title='bbox 3090 1850 3181 1904; x_wconf 89' lang='lat' dir='ltr'><strong>tibi</strong></span> <span class='ocrx_word' id='word_1_618' title='bbox 3212 1851 3400 1905; x_wconf 64' lang='lat' dir='ltr'><strong>ett-lum</strong></span> <span class='ocrx_word' id='word_1_619' title='bbox 3433 1864 3638 1915; x_wconf 90' lang='lat' dir='ltr'><strong>resero,</strong></span> 
     </span>
    </p>
   </div>
   <div class='ocr_carea' id='block_1_78' title="bbox 2051 1941 3641 2011">
    <p class='ocr_par' dir='ltr' id='par_1_78' title="bbox 2051 1941 3641 2011">
     <span class='ocr_line' id='line_1_78' title="bbox 2051 1941 3641 2011; baseline 0.001 -18"><span class='ocrx_word' id='word_1_620' title='bbox 2051 1954 2229 2009; x_wconf 90' lang='lat' dir='ltr'><strong>neque</strong></span> <span class='ocrx_word' id='word_1_621' title='bbox 2259 1942 2508 2008; x_wconf 88' lang='lat' dir='ltr'><strong>permitto</strong></span> <span class='ocrx_word' id='word_1_622' title='bbox 2528 1981 2542 2004; x_wconf 90' lang='lat'><strong>,</strong></span> <span class='ocrx_word' id='word_1_623' title='bbox 2576 1950 2632 1993; x_wconf 92' lang='lat' dir='ltr'><strong>ut</strong></span> <span class='ocrx_word' id='word_1_624' title='bbox 2655 1956 2721 1995; x_wconf 83' lang='lat' dir='ltr'><strong>ex</strong></span> <span class='ocrx_word' id='word_1_625' title='bbox 2751 1942 2905 2009; x_wconf 89' lang='lat' dir='ltr'><strong>primi</strong></span> <span class='ocrx_word' id='word_1_626' title='bbox 2941 1941 3175 2011; x_wconf 81' lang='lat' dir='ltr'><strong>parentis</strong></span> <span class='ocrx_word' id='word_1_627' title='bbox 3202 1942 3641 2011; x_wconf 65' lang='lat' dir='ltr'><strong>prwvariCaIione</strong></span> 
     </span>
    </p>
   </div>
   <div class='ocr_carea' id='block_1_79' title="bbox 2050 2032 3639 2103">
    <p class='ocr_par' dir='ltr' id='par_1_79' title="bbox 2050 2032 3639 2103">
     <span class='ocr_line' id='line_1_79' title="bbox 2050 2032 3639 2103; baseline 0 -17"><span class='ocrx_word' id='word_1_628' title='bbox 2050 2033 2178 2086; x_wconf 91' lang='lat' dir='ltr'><strong>mali</strong></span> <span class='ocrx_word' id='word_1_629' title='bbox 2210 2033 2304 2084; x_wconf 90' lang='lat' dir='ltr'><strong>tibi</strong></span> <span class='ocrx_word' id='word_1_630' title='bbox 2336 2032 2622 2102; x_wconf 87' lang='lat' dir='ltr'><strong>quidquam</strong></span> <span class='ocrx_word' id='word_1_631' title='bbox 2652 2033 2923 2087; x_wconf 86' lang='lat' dir='ltr'><strong>obveniat.</strong></span> <span class='ocrx_word' id='word_1_632' title='bbox 2955 2036 3035 2087; x_wconf 84' lang='lat' dir='ltr'><strong>An</strong></span> <span class='ocrx_word' id='word_1_633' title='bbox 3081 2034 3251 2102; x_wconf 85' lang='lat' dir='ltr'><strong>luges,</strong></span> <span class='ocrx_word' id='word_1_634' title='bbox 3289 2034 3431 2103; x_wconf 83' lang='lat' dir='ltr'><strong>quod</strong></span> <span class='ocrx_word' id='word_1_635' title='bbox 3462 2033 3639 2087; x_wconf 85' lang='lat' dir='ltr'><strong>domi-</strong></span> 
     </span>
    </p>
   </div>
   <div class='ocr_carea' id='block_1_80' title="bbox 2048 2123 3636 2195">
    <p class='ocr_par' dir='ltr' id='par_1_80' title="bbox 2048 2123 3636 2195">
     <span class='ocr_line' id='line_1_80' title="bbox 2048 2123 3636 2195; baseline 0.001 -17"><span class='ocrx_word' id='word_1_636' title='bbox 2048 2132 2175 2178; x_wconf 87' lang='lat' dir='ltr'><strong>natu</strong></span> <span class='ocrx_word' id='word_1_637' title='bbox 2204 2124 2255 2177; x_wconf 91' lang='lat' dir='ltr'><strong>in</strong></span> <span class='ocrx_word' id='word_1_638' title='bbox 2282 2123 2423 2178; x_wconf 79' lang='lat' dir='ltr'><strong>feras</strong></span> <span class='ocrx_word' id='word_1_639' title='bbox 2452 2125 2687 2193; x_wconf 87' lang='lat' dir='ltr'><strong>privatus</strong></span> <span class='ocrx_word' id='word_1_640' title='bbox 2710 2125 2820 2179; x_wconf 89' lang='lat' dir='ltr'><strong>sis?</strong></span> <span class='ocrx_word' id='word_1_641' title='bbox 2842 2126 2980 2180; x_wconf 89' lang='lat' dir='ltr'><strong>Ecce</strong></span> <span class='ocrx_word' id='word_1_642' title='bbox 3005 2126 3096 2179; x_wconf 91' lang='lat' dir='ltr'><strong>tibi</strong></span> <span class='ocrx_word' id='word_1_643' title='bbox 3126 2125 3397 2179; x_wconf 70' lang='lat' dir='ltr'><strong>dwmones</strong></span> <span class='ocrx_word' id='word_1_644' title='bbox 3423 2139 3636 2195; x_wconf 86' lang='lat' dir='ltr'><strong>quoque</strong></span> 
     </span>
    </p>
   </div>
   <div class='ocr_carea' id='block_1_81' title="bbox 2047 2216 3632 2286">
    <p class='ocr_par' dir='ltr' id='par_1_81' title="bbox 2047 2216 3632 2286">
     <span class='ocr_line' id='line_1_81' title="bbox 2047 2216 3632 2286; baseline -0.001 -15"><span class='ocrx_word' id='word_1_645' title='bbox 2047 2217 2294 2285; x_wconf 91' lang='lat' dir='ltr'><strong>subjicio,</strong></span> <span class='ocrx_word' id='word_1_646' title='bbox 2323 2216 2367 2270; x_wconf 95' lang='lat' dir='ltr'><strong>si</strong></span> <span class='ocrx_word' id='word_1_647' title='bbox 2395 2217 2526 2270; x_wconf 86' lang='lat' dir='ltr'><strong>velis</strong></span> <span class='ocrx_word' id='word_1_648' title='bbox 2551 2216 2846 2271; x_wconf 88' lang='lat' dir='ltr'><strong>attendere.</strong></span> <span class='ocrx_word' id='word_1_649' title='bbox 2877 2216 3079 2271; x_wconf 79' lang='lat' dir='ltr'><strong>Calcate</strong></span> <span class='ocrx_word' id='word_1_650' title='bbox 3118 2232 3348 2285; x_wconf 86' lang='lat' dir='ltr'><strong>namque</strong></span> <span class='ocrx_word' id='word_1_651' title='bbox 3371 2258 3384 2281; x_wconf 95' lang='lat'><strong>,</strong></span> <span class='ocrx_word' id='word_1_652' title='bbox 3431 2218 3632 2286; x_wconf 84' lang='lat' dir='ltr'><strong>inquit,</strong></span> 
     </span>
    </p>
   </div>
   <div class='ocr_carea' id='block_1_82' title="bbox 2046 2307 3635 2378">
    <p class='ocr_par' dir='ltr' id='par_1_82' title="bbox 2046 2307 3635 2378">
     <span class='ocr_line' id='line_1_82' title="bbox 2046 2307 3635 2378; baseline -0.003 -17"><span class='ocrx_word' id='word_1_653' title='bbox 2046 2324 2201 2376; x_wconf 85' lang='lat' dir='ltr'><strong>supra</strong></span> <span class='ocrx_word' id='word_1_654' title='bbox 2224 2317 2477 2378; x_wconf 82' lang='lat' dir='ltr'><strong>serpentes</strong></span> <span class='ocrx_word' id='word_1_655' title='bbox 2504 2317 2550 2360; x_wconf 89' lang='lat' dir='ltr'><strong>et</strong></span> <span class='ocrx_word' id='word_1_656' title='bbox 2578 2308 2889 2378; x_wconf 85' lang='lat' dir='ltr'><strong>scorpiones,</strong></span> <span class='ocrx_word' id='word_1_657' title='bbox 2922 2317 2967 2361; x_wconf 88' lang='lat' dir='ltr'><strong>et</strong></span> <span class='ocrx_word' id='word_1_658' title='bbox 2994 2324 3146 2376; x_wconf 87' lang='lat' dir='ltr'><strong>super</strong></span> <span class='ocrx_word' id='word_1_659' title='bbox 3173 2323 3372 2360; x_wconf 87' lang='lat' dir='ltr'><strong>onmem</strong></span> <span class='ocrx_word' id='word_1_660' title='bbox 3406 2307 3635 2359; x_wconf 81' lang='lat' dir='ltr'><strong>virtutem</strong></span> 
     </span>
    </p>
   </div>
   <div class='ocr_carea' id='block_1_83' title="bbox 2046 2398 3639 2470">
    <p class='ocr_par' dir='ltr' id='par_1_83' title="bbox 2046 2398 3639 2470">
     <span class='ocr_line' id='line_1_83' title="bbox 2046 2398 3639 2470; baseline -0.001 -18"><span class='ocrx_word' id='word_1_661' title='bbox 2046 2400 2237 2452; x_wconf 85' lang='lat' dir='ltr'><strong>inimici</strong></span> <span class='ocrx_word' id='word_1_662' title='bbox 2264 2404 2278 2470; x_wconf 92' lang='lat'><strong>(</strong></span> <span class='ocrx_word' id='word_1_663' title='bbox 2301 2399 2431 2453; x_wconf 83' lang='lat' dir='ltr'><strong>Luc.</strong></span> <span class='ocrx_word' id='word_1_664' title='bbox 2465 2399 2550 2454; x_wconf 87' lang='grc'><strong>10.</strong></span> <span class='ocrx_word' id='word_1_665' title='bbox 2590 2398 2716 2469; x_wconf 84' lang='grc'><strong>19).</strong></span> <span class='ocrx_word' id='word_1_666' title='bbox 2747 2398 2930 2469; x_wconf 88' lang='lat' dir='ltr'><strong>Neque</strong></span> <span class='ocrx_word' id='word_1_667' title='bbox 2957 2399 3124 2466; x_wconf 73' lang='lat' dir='ltr'><strong>dixit,</strong></span> <span class='ocrx_word' id='word_1_668' title='bbox 3161 2400 3512 2453; x_wconf 86' lang='lat' dir='ltr'><strong>Domiuantini</strong></span> <span class='ocrx_word' id='word_1_669' title='bbox 3533 2440 3546 2462; x_wconf 92' lang='lat'><strong>,</strong></span> <span class='ocrx_word' id='word_1_670' title='bbox 3579 2407 3639 2452; x_wconf 90' lang='lat' dir='ltr'><strong>ut</strong></span> 
     </span>
    </p>
   </div>
   <div class='ocr_carea' id='block_1_84' title="bbox 2044 2491 3635 2561">
    <p class='ocr_par' dir='ltr' id='par_1_84' title="bbox 2044 2491 3635 2561">
     <span class='ocr_line' id='line_1_84' title="bbox 2044 2491 3635 2561; baseline -0.001 -15"><span class='ocrx_word' id='word_1_671' title='bbox 2044 2506 2166 2546; x_wconf 88' lang='lat' dir='ltr'><strong>cmn</strong></span> <span class='ocrx_word' id='word_1_672' title='bbox 2192 2492 2260 2545; x_wconf 90' lang='lat' dir='ltr'><strong>de</strong></span> <span class='ocrx_word' id='word_1_673' title='bbox 2286 2492 2471 2547; x_wconf 89' lang='lat' dir='ltr'><strong>bestiis</strong></span> <span class='ocrx_word' id='word_1_674' title='bbox 2497 2501 2715 2561; x_wconf 87' lang='lat' dir='ltr'><strong>ageret,</strong></span> <span class='ocrx_word' id='word_1_675' title='bbox 2743 2491 2868 2559; x_wconf 90' lang='lat' dir='ltr'><strong>sed,</strong></span> <span class='ocrx_word' id='word_1_676' title='bbox 2898 2491 3135 2557; x_wconf 87' lang='lat' dir='ltr'><strong>Calcate,</strong></span> <span class='ocrx_word' id='word_1_677' title='bbox 3164 2499 3223 2545; x_wconf 92' lang='lat' dir='ltr'><strong>ut</strong></span> <span class='ocrx_word' id='word_1_678' title='bbox 3244 2506 3511 2545; x_wconf 90' lang='lat' dir='ltr'><strong>summum</strong></span> <span class='ocrx_word' id='word_1_679' title='bbox 3554 2493 3635 2545; x_wconf 89' lang='lat' dir='ltr'><strong>in-</strong></span> 
     </span>
    </p>
   </div>
   <div class='ocr_carea' id='block_1_85' title="bbox 2046 2584 2645 2639">
    <p class='ocr_par' dir='ltr' id='par_1_85' title="bbox 2046 2584 2645 2639">
     <span class='ocr_line' id='line_1_85' title="bbox 2046 2584 2645 2639; baseline -0.002 0"><span class='ocrx_word' id='word_1_680' title='bbox 2046 2584 2267 2639; x_wconf 91' lang='lat' dir='ltr'><strong>duceret</strong></span> <span class='ocrx_word' id='word_1_681' title='bbox 2292 2585 2645 2638; x_wconf 89' lang='lat' dir='ltr'><strong>dominatum.</strong></span> 
     </span>
    </p>
   </div>
   <div class='ocr_carea' id='block_1_86' title="bbox 2116 2676 3633 2747">
    <p class='ocr_par' dir='ltr' id='par_1_86' title="bbox 2116 2676 3633 2747">
     <span class='ocr_line' id='line_1_86' title="bbox 2116 2676 3633 2747; baseline 0 -17"><span class='ocrx_word' id='word_1_682' title='bbox 2116 2678 2171 2731; x_wconf 82' lang='grc'><strong>5.</strong></span> <span class='ocrx_word' id='word_1_683' title='bbox 2224 2676 2513 2745; x_wconf 88' lang='lat' dir='ltr'><strong>Propterea</strong></span> <span class='ocrx_word' id='word_1_684' title='bbox 2545 2676 2739 2731; x_wconf 88' lang='lat' dir='ltr'><strong>Paulus</strong></span> <span class='ocrx_word' id='word_1_685' title='bbox 2774 2693 2985 2747; x_wconf 91' lang='lat' dir='ltr'><strong>quoque</strong></span> <span class='ocrx_word' id='word_1_686' title='bbox 3014 2692 3116 2731; x_wconf 91' lang='lat' dir='ltr'><strong>non</strong></span> <span class='ocrx_word' id='word_1_687' title='bbox 3149 2676 3302 2742; x_wconf 80' lang='lat' dir='ltr'><strong>dixit,</strong></span> <span class='ocrx_word' id='word_1_688' title='bbox 3334 2676 3473 2730; x_wconf 88' lang='lat' dir='ltr'><strong>Deus</strong></span> <span class='ocrx_word' id='word_1_689' title='bbox 3504 2676 3633 2731; x_wconf 84' lang='lat' dir='ltr'><strong>sub-</strong></span> 
     </span>
    </p>
   </div>
   <div class='ocr_carea' id='block_1_87' title="bbox 2037 2767 3630 2837">
    <p class='ocr_par' dir='ltr' id='par_1_87' title="bbox 2037 2767 3630 2837">
     <span class='ocr_line' id='line_1_87' title="bbox 2037 2767 3630 2837; baseline 0.001 -18"><span class='ocrx_word' id='word_1_690' title='bbox 2037 2767 2186 2837; x_wconf 89' lang='lat' dir='ltr'><strong>jiciet</strong></span> <span class='ocrx_word' id='word_1_691' title='bbox 2232 2777 2472 2821; x_wconf 84' lang='lat' dir='ltr'><strong>satanam</strong></span> <span class='ocrx_word' id='word_1_692' title='bbox 2512 2769 2613 2822; x_wconf 90' lang='lat' dir='ltr'><strong>sub</strong></span> <span class='ocrx_word' id='word_1_693' title='bbox 2654 2767 2875 2836; x_wconf 89' lang='lat' dir='ltr'><strong>pedibus</strong></span> <span class='ocrx_word' id='word_1_694' title='bbox 2920 2770 3144 2835; x_wconf 88' lang='lat' dir='ltr'><strong>vestris,</strong></span> <span class='ocrx_word' id='word_1_695' title='bbox 3183 2768 3298 2829; x_wconf 88' lang='lat' dir='ltr'><strong>sed,</strong></span> <span class='ocrx_word' id='word_1_696' title='bbox 3330 2768 3466 2821; x_wconf 85' lang='lat' dir='ltr'><strong>Deus</strong></span> <span class='ocrx_word' id='word_1_697' title='bbox 3509 2785 3630 2821; x_wconf 85' lang='lat' dir='ltr'><strong>con-</strong></span> 
     </span>
    </p>
   </div>
   <div class='ocr_carea' id='block_1_88' title="bbox 2042 2859 3630 2931">
    <p class='ocr_par' dir='ltr' id='par_1_88' title="bbox 2042 2859 3630 2931">
     <span class='ocr_line' id='line_1_88' title="bbox 2042 2859 3630 2931; baseline 0.001 -18"><span class='ocrx_word' id='word_1_698' title='bbox 2042 2869 2162 2915; x_wconf 89' lang='lat' dir='ltr'><strong>teret</strong></span> <span class='ocrx_word' id='word_1_699' title='bbox 2204 2871 2436 2915; x_wconf 88' lang='lat' dir='ltr'><strong>satanam</strong></span> <span class='ocrx_word' id='word_1_700' title='bbox 2458 2859 2550 2914; x_wconf 88' lang='lat' dir='ltr'><strong>sub</strong></span> <span class='ocrx_word' id='word_1_701' title='bbox 2581 2860 2787 2930; x_wconf 85' lang='lat' dir='ltr'><strong>pedibus</strong></span> <span class='ocrx_word' id='word_1_702' title='bbox 2822 2860 2995 2913; x_wconf 76' lang='lat' dir='ltr'><strong>vestris</strong></span> <span class='ocrx_word' id='word_1_703' title='bbox 3039 2861 3210 2929; x_wconf 84' lang='lat' dir='ltr'><strong>(Rom.</strong></span> <span class='ocrx_word' id='word_1_704' title='bbox 3240 2860 3325 2914; x_wconf 84' lang='grc'><strong>16.</strong></span> <span class='ocrx_word' id='word_1_705' title='bbox 3360 2861 3475 2931; x_wconf 89' lang='lat'><strong>20).</strong></span> <span class='ocrx_word' id='word_1_706' title='bbox 3516 2860 3630 2914; x_wconf 89' lang='lat' dir='ltr'><strong>Non</strong></span> 
     </span>
    </p>
   </div>
   <div class='ocr_carea' id='block_1_89' title="bbox 2035 2951 3630 3022">
    <p class='ocr_par' dir='ltr' id='par_1_89' title="bbox 2035 2951 3630 3022">
     <span class='ocr_line' id='line_1_89' title="bbox 2035 2951 3630 3022; baseline -0.001 -17"><span class='ocrx_word' id='word_1_707' title='bbox 2035 2952 2169 3022; x_wconf 86' lang='lat' dir='ltr'><strong>jam,</strong></span> <span class='ocrx_word' id='word_1_708' title='bbox 2203 2959 2261 3006; x_wconf 89' lang='lat' dir='ltr'><strong>ut</strong></span> <span class='ocrx_word' id='word_1_709' title='bbox 2286 2953 2449 3021; x_wconf 91' lang='lat' dir='ltr'><strong>prius,</strong></span> <span class='ocrx_word' id='word_1_710' title='bbox 2475 2951 2595 3022; x_wconf 87' lang='lat' dir='ltr'><strong>Ipse</strong></span> <span class='ocrx_word' id='word_1_711' title='bbox 2626 2952 2899 3004; x_wconf 78' lang='lat' dir='ltr'><strong>observavit</strong></span> <span class='ocrx_word' id='word_1_712' title='bbox 2936 2962 3089 3018; x_wconf 84' lang='lat' dir='ltr'><strong>caput</strong></span> <span class='ocrx_word' id='word_1_713' title='bbox 3128 2961 3289 3017; x_wconf 87' lang='lat' dir='ltr'><strong>tuum,</strong></span> <span class='ocrx_word' id='word_1_714' title='bbox 3319 2962 3363 3004; x_wconf 88' lang='lat' dir='ltr'><strong>et</strong></span> <span class='ocrx_word' id='word_1_715' title='bbox 3390 2962 3442 3003; x_wconf 89' lang='lat' dir='ltr'><strong>tu</strong></span> <span class='ocrx_word' id='word_1_716' title='bbox 3471 2952 3630 3020; x_wconf 84' lang='lat' dir='ltr'><strong>ipsius</strong></span> 
     </span>
    </p>
   </div>
   <div class='ocr_carea' id='block_1_90' title="bbox 2039 3041 3628 3112">
    <p class='ocr_par' dir='ltr' id='par_1_90' title="bbox 2039 3041 3628 3112">
     <span class='ocr_line' id='line_1_90' title="bbox 2039 3041 3628 3112; baseline 0.001 -17"><span class='ocrx_word' id='word_1_717' title='bbox 2039 3044 2333 3097; x_wconf 87' lang='lat' dir='ltr'><strong>calcaneum</strong></span> <span class='ocrx_word' id='word_1_718' title='bbox 2361 3044 2642 3097; x_wconf 85' lang='lat' dir='ltr'><strong>obset&#39;vabis</strong></span> <span class='ocrx_word' id='word_1_719' title='bbox 2666 3058 2685 3096; x_wconf 90' lang='lat'><strong>:</strong></span> <span class='ocrx_word' id='word_1_720' title='bbox 2728 3041 2821 3098; x_wconf 89' lang='lat' dir='ltr'><strong>sed</strong></span> <span class='ocrx_word' id='word_1_721' title='bbox 2857 3042 3064 3111; x_wconf 84' lang='lat' dir='ltr'><strong>integra</strong></span> <span class='ocrx_word' id='word_1_722' title='bbox 3107 3050 3191 3096; x_wconf 88' lang='lat' dir='ltr'><strong>est</strong></span> <span class='ocrx_word' id='word_1_723' title='bbox 3228 3042 3469 3107; x_wconf 78' lang='lat' dir='ltr'><strong>victoria,</strong></span> <span class='ocrx_word' id='word_1_724' title='bbox 3500 3057 3628 3112; x_wconf 80' lang='lat' dir='ltr'><strong>per-</strong></span> 
     </span>
    </p>
   </div>
   <div class='ocr_carea' id='block_1_91' title="bbox 2038 3133 3630 3204">
    <p class='ocr_par' dir='ltr' id='par_1_91' title="bbox 2038 3133 3630 3204">
     <span class='ocr_line' id='line_1_91' title="bbox 2038 3133 3630 3204; baseline -0.002 -15"><span class='ocrx_word' id='word_1_725' title='bbox 2038 3133 2209 3189; x_wconf 78' lang='lat' dir='ltr'><strong>fectus</strong></span> <span class='ocrx_word' id='word_1_726' title='bbox 2237 3136 2556 3204; x_wconf 89' lang='lat' dir='ltr'><strong>triumphus,</strong></span> <span class='ocrx_word' id='word_1_727' title='bbox 2582 3135 2734 3203; x_wconf 89' lang='lat' dir='ltr'><strong>plena</strong></span> <span class='ocrx_word' id='word_1_728' title='bbox 2765 3143 2968 3203; x_wconf 83' lang='lat' dir='ltr'><strong>strages</strong></span> <span class='ocrx_word' id='word_1_729' title='bbox 3000 3134 3188 3198; x_wconf 88' lang='lat' dir='ltr'><strong>hostis,</strong></span> <span class='ocrx_word' id='word_1_730' title='bbox 3227 3134 3541 3197; x_wconf 84' lang='lat' dir='ltr'><strong>internecio,</strong></span> <span class='ocrx_word' id='word_1_731' title='bbox 3574 3143 3630 3187; x_wconf 83' lang='lat' dir='ltr'><strong>et</strong></span> 
     </span>
    </p>
   </div>
   <div class='ocr_carea' id='block_1_92' title="bbox 2038 3226 3627 3296">
    <p class='ocr_par' dir='ltr' id='par_1_92' title="bbox 2038 3226 3627 3296">
     <span class='ocr_line' id='line_1_92' title="bbox 2038 3226 3627 3296; baseline -0.003 -15"><span class='ocrx_word' id='word_1_732' title='bbox 2038 3227 2277 3281; x_wconf 87' lang='lat' dir='ltr'><strong>exitium.</strong></span> <span class='ocrx_word' id='word_1_733' title='bbox 2315 3227 2439 3281; x_wconf 73' lang='lat' dir='ltr'><strong>Viro</strong></span> <span class='ocrx_word' id='word_1_734' title='bbox 2476 3236 2526 3280; x_wconf 90' lang='lat' dir='ltr'><strong>te</strong></span> <span class='ocrx_word' id='word_1_735' title='bbox 2566 3226 2790 3296; x_wconf 87' lang='lat' dir='ltr'><strong>subjecit</strong></span> <span class='ocrx_word' id='word_1_736' title='bbox 2834 3226 2979 3290; x_wconf 86' lang='lat' dir='ltr'><strong>Eva;</strong></span> <span class='ocrx_word' id='word_1_737' title='bbox 3007 3240 3107 3295; x_wconf 85' lang='lat' dir='ltr'><strong>ego</strong></span> <span class='ocrx_word' id='word_1_738' title='bbox 3148 3241 3275 3280; x_wconf 88' lang='lat' dir='ltr'><strong>vero</strong></span> <span class='ocrx_word' id='word_1_739' title='bbox 3305 3237 3355 3281; x_wconf 90' lang='lat' dir='ltr'><strong>te</strong></span> <span class='ocrx_word' id='word_1_740' title='bbox 3379 3242 3482 3280; x_wconf 92' lang='lat' dir='ltr'><strong>non</strong></span> <span class='ocrx_word' id='word_1_741' title='bbox 3514 3226 3627 3279; x_wconf 88' lang='lat' dir='ltr'><strong>viro</strong></span> 
     </span>
    </p>
   </div>
   <div class='ocr_carea' id='block_1_93' title="bbox 2037 3318 3623 3389">
    <p class='ocr_par' dir='ltr' id='par_1_93' title="bbox 2037 3318 3623 3389">
     <span class='ocr_line' id='line_1_93' title="bbox 2037 3318 3623 3389; baseline -0.002 -16"><span class='ocrx_word' id='word_1_742' title='bbox 2037 3327 2263 3384; x_wconf 86' lang='lat' dir='ltr'><strong>tantum,</strong></span> <span class='ocrx_word' id='word_1_743' title='bbox 2295 3319 2389 3374; x_wconf 87' lang='lat' dir='ltr'><strong>sed</strong></span> <span class='ocrx_word' id='word_1_744' title='bbox 2430 3327 2485 3373; x_wconf 91' lang='lat' dir='ltr'><strong>et</strong></span> <span class='ocrx_word' id='word_1_745' title='bbox 2525 3319 2656 3387; x_wconf 89' lang='lat' dir='ltr'><strong>ipsis</strong></span> <span class='ocrx_word' id='word_1_746' title='bbox 2684 3318 2887 3389; x_wconf 84' lang='lat' dir='ltr'><strong>angelis</strong></span> <span class='ocrx_word' id='word_1_747' title='bbox 2914 3318 3119 3372; x_wconf 89' lang='lat' dir='ltr'><strong>honore</strong></span> <span class='ocrx_word' id='word_1_748' title='bbox 3145 3319 3404 3387; x_wconf 77' lang='lat' dir='ltr'><strong>:cqualem</strong></span> <span class='ocrx_word' id='word_1_749' title='bbox 3434 3318 3623 3385; x_wconf 89' lang='lat' dir='ltr'><strong>reddo,</strong></span> 
     </span>
    </p>
   </div>
   <div class='ocr_carea' id='block_1_94' title="bbox 2035 3407 3623 3479">
    <p class='ocr_par' dir='ltr' id='par_1_94' title="bbox 2035 3407 3623 3479">
     <span class='ocr_line' id='line_1_94' title="bbox 2035 3407 3623 3479; baseline 0 -16"><span class='ocrx_word' id='word_1_750' title='bbox 2035 3409 2080 3463; x_wconf 91' lang='lat' dir='ltr'><strong>si</strong></span> <span class='ocrx_word' id='word_1_751' title='bbox 2107 3408 2259 3462; x_wconf 88' lang='lat' dir='ltr'><strong>velis.</strong></span> <span class='ocrx_word' id='word_1_752' title='bbox 2291 3410 2403 3463; x_wconf 77' lang='lat' dir='ltr'><strong>Vita</strong></span> <span class='ocrx_word' id='word_1_753' title='bbox 2443 3420 2493 3463; x_wconf 92' lang='lat' dir='ltr'><strong>te</strong></span> <span class='ocrx_word' id='word_1_754' title='bbox 2538 3410 2784 3478; x_wconf 66' lang='lat' dir='ltr'><strong>prtesenti</strong></span> <span class='ocrx_word' id='word_1_755' title='bbox 2818 3410 3078 3478; x_wconf 88' lang='lat' dir='ltr'><strong>privavit:</strong></span> <span class='ocrx_word' id='word_1_756' title='bbox 3111 3424 3211 3479; x_wconf 89' lang='lat' dir='ltr'><strong>ego</strong></span> <span class='ocrx_word' id='word_1_757' title='bbox 3236 3424 3361 3463; x_wconf 89' lang='lat' dir='ltr'><strong>vero</strong></span> <span class='ocrx_word' id='word_1_758' title='bbox 3392 3407 3623 3463; x_wconf 81' lang='lat' dir='ltr'><strong>futuram</strong></span> 
     </span>
    </p>
   </div>
   <div class='ocr_carea' id='block_1_95' title="bbox 2036 3501 3625 3571">
    <p class='ocr_par' dir='ltr' id='par_1_95' title="bbox 2036 3501 3625 3571">
     <span class='ocr_line' id='line_1_95' title="bbox 2036 3501 3625 3571; baseline -0.001 -16"><span class='ocrx_word' id='word_1_759' title='bbox 2036 3502 2131 3556; x_wconf 89' lang='lat' dir='ltr'><strong>tibi</strong></span> <span class='ocrx_word' id='word_1_760' title='bbox 2157 3502 2377 3571; x_wconf 59' lang='lat' dir='ltr'><strong>largius,</strong></span> <span class='ocrx_word' id='word_1_761' title='bbox 2418 3516 2732 3571; x_wconf 72' lang='lat' dir='ltr'><strong>perennem,</strong></span> <span class='ocrx_word' id='word_1_762' title='bbox 2783 3501 3160 3567; x_wconf 86' lang='lat' dir='ltr'><strong>immortalem,</strong></span> <span class='ocrx_word' id='word_1_763' title='bbox 3198 3509 3252 3554; x_wconf 90' lang='lat' dir='ltr'><strong>et</strong></span> <span class='ocrx_word' id='word_1_764' title='bbox 3290 3501 3443 3554; x_wconf 90' lang='lat' dir='ltr'><strong>bouis</strong></span> <span class='ocrx_word' id='word_1_765' title='bbox 3469 3502 3625 3554; x_wconf 67' lang='lat' dir='ltr'><strong>innuo</strong></span> 
     </span>
    </p>
   </div>
   <div class='ocr_carea' id='block_1_96' title="bbox 2033 3592 3622 3662">
    <p class='ocr_par' dir='ltr' id='par_1_96' title="bbox 2033 3592 3622 3662">
     <span class='ocr_line' id='line_1_96' title="bbox 2033 3592 3622 3662; baseline 0.001 -17"><span class='ocrx_word' id='word_1_766' title='bbox 2033 3593 2196 3647; x_wconf 89' lang='lat' dir='ltr'><strong>meris</strong></span> <span class='ocrx_word' id='word_1_767' title='bbox 2224 3592 2631 3651; x_wconf 62' lang='lat' dir='ltr'><strong>redundantem.</strong></span> <span class='ocrx_word' id='word_1_768' title='bbox 2652 3592 2820 3647; x_wconf 84' lang='lat' dir='ltr'><strong>Nemo</strong></span> <span class='ocrx_word' id='word_1_769' title='bbox 2842 3593 3001 3661; x_wconf 87' lang='lat' dir='ltr'><strong>igitur</strong></span> <span class='ocrx_word' id='word_1_770' title='bbox 3029 3604 3244 3662; x_wconf 75' lang='lat' dir='ltr'><strong>promer</strong></span> <span class='ocrx_word' id='word_1_771' title='bbox 3273 3594 3392 3647; x_wconf 91' lang='lat' dir='ltr'><strong>illos</strong></span> <span class='ocrx_word' id='word_1_772' title='bbox 3417 3592 3622 3662; x_wconf 86' lang='lat' dir='ltr'><strong>priores</strong></span> 
     </span>
    </p>
   </div>
   <div class='ocr_carea' id='block_1_97' title="bbox 2032 3684 3620 3740">
    <p class='ocr_par' dir='ltr' id='par_1_97' title="bbox 2032 3684 3620 3740">
     <span class='ocr_line' id='line_1_97' title="bbox 2032 3684 3620 3740; baseline 0 -1"><span class='ocrx_word' id='word_1_773' title='bbox 2032 3685 2229 3740; x_wconf 88' lang='lat' dir='ltr'><strong>damno</strong></span> <span class='ocrx_word' id='word_1_774' title='bbox 2269 3700 2328 3739; x_wconf 89' lang='lat' dir='ltr'><strong>se</strong></span> <span class='ocrx_word' id='word_1_775' title='bbox 2374 3685 2620 3738; x_wconf 84' lang='lat' dir='ltr'><strong>aﬁ&#39;eetum</strong></span> <span class='ocrx_word' id='word_1_776' title='bbox 2670 3685 2997 3740; x_wconf 87' lang='lat' dir='ltr'><strong>arbitretur:</strong></span> <span class='ocrx_word' id='word_1_777' title='bbox 3054 3685 3250 3739; x_wconf 89' lang='lat' dir='ltr'><strong>etenim</strong></span> <span class='ocrx_word' id='word_1_778' title='bbox 3297 3684 3343 3739; x_wconf 87' lang='lat' dir='ltr'><strong>si</strong></span> <span class='ocrx_word' id='word_1_779' title='bbox 3395 3686 3620 3739; x_wconf 85' lang='lat' dir='ltr'><strong>velimus</strong></span> 
     </span>
    </p>
   </div>
   <div class='ocr_carea' id='block_1_98' title="bbox 2032 3775 3621 3846">
    <p class='ocr_par' dir='ltr' id='par_1_98' title="bbox 2032 3775 3621 3846">
     <span class='ocr_line' id='line_1_98' title="bbox 2032 3775 3621 3846; baseline -0.001 -15"><span class='ocrx_word' id='word_1_780' title='bbox 2032 3777 2233 3842; x_wconf 88' lang='lat' dir='ltr'><strong>omnia,</strong></span> <span class='ocrx_word' id='word_1_781' title='bbox 2286 3792 2405 3844; x_wconf 71' lang='lat' dir='ltr'><strong>qua:</strong></span> <span class='ocrx_word' id='word_1_782' title='bbox 2447 3776 2602 3831; x_wconf 91' lang='lat' dir='ltr'><strong>nobis</strong></span> <span class='ocrx_word' id='word_1_783' title='bbox 2647 3775 2935 3846; x_wconf 88' lang='lat' dir='ltr'><strong>largiturus</strong></span> <span class='ocrx_word' id='word_1_784' title='bbox 2985 3786 3087 3841; x_wconf 89' lang='lat' dir='ltr'><strong>est,</strong></span> <span class='ocrx_word' id='word_1_785' title='bbox 3131 3776 3397 3845; x_wconf 86' lang='lat' dir='ltr'><strong>persequi,</strong></span> <span class='ocrx_word' id='word_1_786' title='bbox 3452 3776 3621 3829; x_wconf 91' lang='lat' dir='ltr'><strong>multo</strong></span> 
     </span>
    </p>
   </div>
   <div class='ocr_carea' id='block_1_99' title="bbox 2031 3867 3621 3938">
    <p class='ocr_par' dir='ltr' id='par_1_99' title="bbox 2031 3867 3621 3938">
     <span class='ocr_line' id='line_1_99' title="bbox 2031 3867 3621 3938; baseline -0.003 -13"><span class='ocrx_word' id='word_1_787' title='bbox 2031 3869 2233 3938; x_wconf 90' lang='lat' dir='ltr'><strong>majora</strong></span> <span class='ocrx_word' id='word_1_788' title='bbox 2279 3869 2379 3934; x_wconf 90' lang='lat' dir='ltr'><strong>bis,</strong></span> <span class='ocrx_word' id='word_1_789' title='bbox 2408 3884 2529 3938; x_wconf 75' lang='lat' dir='ltr'><strong>qua:</strong></span> <span class='ocrx_word' id='word_1_790' title='bbox 2559 3868 2858 3934; x_wconf 87' lang='lat' dir='ltr'><strong>amisimus,</strong></span> <span class='ocrx_word' id='word_1_791' title='bbox 2887 3868 3043 3922; x_wconf 87' lang='lat' dir='ltr'><strong>nobis</strong></span> <span class='ocrx_word' id='word_1_792' title='bbox 3086 3883 3205 3922; x_wconf 88' lang='lat' dir='ltr'><strong>esse</strong></span> <span class='ocrx_word' id='word_1_793' title='bbox 3247 3867 3439 3922; x_wconf 87' lang='lat' dir='ltr'><strong>donata</strong></span> <span class='ocrx_word' id='word_1_794' title='bbox 3472 3882 3621 3922; x_wconf 86' lang='lat' dir='ltr'><strong>com—</strong></span> 
     </span>
    </p>
   </div>
   <div class='ocr_carea' id='block_1_100' title="bbox 2031 3961 3619 4032">
    <p class='ocr_par' dir='ltr' id='par_1_100' title="bbox 2031 3961 3619 4032">
     <span class='ocr_line' id='line_1_100' title="bbox 2031 3961 3619 4032; baseline -0.002 -15"><span class='ocrx_word' id='word_1_795' title='bbox 2031 3964 2320 4032; x_wconf 88' lang='lat' dir='ltr'><strong>periemus.</strong></span> <span class='ocrx_word' id='word_1_796' title='bbox 2361 3961 2625 4015; x_wconf 65' lang='lat' dir='ltr'><strong>Cmterum</strong></span> <span class='ocrx_word' id='word_1_797' title='bbox 2664 3976 2730 4015; x_wconf 84' lang='lat' dir='ltr'><strong>ex</strong></span> <span class='ocrx_word' id='word_1_798' title='bbox 2780 3961 2865 4022; x_wconf 89' lang='lat' dir='ltr'><strong>iis,</strong></span> <span class='ocrx_word' id='word_1_799' title='bbox 2899 3976 3018 4031; x_wconf 67' lang='lat' dir='ltr'><strong>qua:</strong></span> <span class='ocrx_word' id='word_1_800' title='bbox 3055 3961 3195 4016; x_wconf 88' lang='lat' dir='ltr'><strong>dicta</strong></span> <span class='ocrx_word' id='word_1_801' title='bbox 3224 3970 3368 4027; x_wconf 91' lang='lat' dir='ltr'><strong>sunt,</strong></span> <span class='ocrx_word' id='word_1_802' title='bbox 3399 3961 3465 4016; x_wconf 90' lang='lat' dir='ltr'><strong>de</strong></span> <span class='ocrx_word' id='word_1_803' title='bbox 3492 3961 3619 4016; x_wconf 91' lang='lat' dir='ltr'><strong>reli-</strong></span> 
     </span>
    </p>
   </div>
   <div class='ocr_carea' id='block_1_101' title="bbox 2029 4050 3620 4121">
    <p class='ocr_par' dir='ltr' id='par_1_101' title="bbox 2029 4050 3620 4121">
     <span class='ocr_line' id='line_1_101' title="bbox 2029 4050 3620 4121; baseline 0 -17"><span class='ocrx_word' id='word_1_804' title='bbox 2029 4054 2149 4121; x_wconf 90' lang='lat' dir='ltr'><strong>quis</strong></span> <span class='ocrx_word' id='word_1_805' title='bbox 2175 4053 2334 4106; x_wconf 89' lang='lat' dir='ltr'><strong>etiam</strong></span> <span class='ocrx_word' id='word_1_806' title='bbox 2364 4052 2646 4106; x_wconf 68' lang='lat' dir='ltr'><strong>coiistabit.</strong></span> <span class='ocrx_word' id='word_1_807' title='bbox 2694 4050 3040 4105; x_wconf 79' lang='lat' dir='ltr'><strong>Laboriosum</strong></span> <span class='ocrx_word' id='word_1_808' title='bbox 3084 4051 3318 4105; x_wconf 88' lang='lat' dir='ltr'><strong>Adamus</strong></span> <span class='ocrx_word' id='word_1_809' title='bbox 3345 4052 3505 4105; x_wconf 88' lang='lat' dir='ltr'><strong>vitam</strong></span> <span class='ocrx_word' id='word_1_810' title='bbox 3540 4052 3620 4104; x_wconf 88' lang='lat' dir='ltr'><strong>in-</strong></span> 
     </span>
    </p>
   </div>
   <div class='ocr_carea' id='block_1_102' title="bbox 2030 4141 3610 4211">
    <p class='ocr_par' dir='ltr' id='par_1_102' title="bbox 2030 4141 3610 4211">
     <span class='ocr_line' id='line_1_102' title="bbox 2030 4141 3610 4211; baseline -0.001 -15"><span class='ocrx_word' id='word_1_811' title='bbox 2030 4143 2213 4206; x_wconf 80' lang='lat' dir='ltr'><strong>vexit;</strong></span> <span class='ocrx_word' id='word_1_812' title='bbox 2245 4153 2299 4196; x_wconf 88' lang='lat' dir='ltr'><strong>at</strong></span> <span class='ocrx_word' id='word_1_813' title='bbox 2326 4141 2568 4196; x_wconf 85' lang='lat' dir='ltr'><strong>Christus</strong></span> <span class='ocrx_word' id='word_1_814' title='bbox 2599 4142 2756 4195; x_wconf 89' lang='lat' dir='ltr'><strong>vitam</strong></span> <span class='ocrx_word' id='word_1_815' title='bbox 2793 4143 3054 4210; x_wconf 84' lang='lat' dir='ltr'><strong>promisit,</strong></span> <span class='ocrx_word' id='word_1_816' title='bbox 3090 4142 3229 4197; x_wconf 90' lang='lat' dir='ltr'><strong>unde</strong></span> <span class='ocrx_word' id='word_1_817' title='bbox 3271 4142 3400 4211; x_wconf 78' lang='lat' dir='ltr'><strong>fugit</strong></span> <span class='ocrx_word' id='word_1_818' title='bbox 3441 4142 3610 4207; x_wconf 89' lang='lat' dir='ltr'><strong>dolor,</strong></span> 
     </span>
    </p>
   </div>
   <div class='ocr_carea' id='block_1_103' title="bbox 2030 4233 3615 4303">
    <p class='ocr_par' dir='ltr' id='par_1_103' title="bbox 2030 4233 3615 4303">
     <span class='ocr_line' id='line_1_103' title="bbox 2030 4233 3615 4303; baseline -0.001 -17"><span class='ocrx_word' id='word_1_819' title='bbox 2030 4233 2261 4295; x_wconf 87' lang='lat' dir='ltr'><strong>tristitia,</strong></span> <span class='ocrx_word' id='word_1_820' title='bbox 2293 4242 2345 4287; x_wconf 89' lang='lat' dir='ltr'><strong>et</strong></span> <span class='ocrx_word' id='word_1_821' title='bbox 2370 4234 2618 4303; x_wconf 87' lang='lat' dir='ltr'><strong>gemitus,</strong></span> <span class='ocrx_word' id='word_1_822' title='bbox 2656 4247 2819 4302; x_wconf 89' lang='lat' dir='ltr'><strong>seque</strong></span> <span class='ocrx_word' id='word_1_823' title='bbox 2850 4248 3071 4302; x_wconf 89' lang='lat' dir='ltr'><strong>regnum</strong></span> <span class='ocrx_word' id='word_1_824' title='bbox 3110 4233 3361 4286; x_wconf 69' lang='lat' dir='ltr'><strong>ewlorum</strong></span> <span class='ocrx_word' id='word_1_825' title='bbox 3395 4233 3615 4302; x_wconf 86' lang='lat' dir='ltr'><strong>largitu-</strong></span> 
     </span>
    </p>
   </div>
   <div class='ocr_carea' id='block_1_104' title="bbox 2028 4323 3616 4394">
    <p class='ocr_par' dir='ltr' id='par_1_104' title="bbox 2028 4323 3616 4394">
     <span class='ocr_line' id='line_1_104' title="bbox 2028 4323 3616 4394; baseline -0.001 -15"><span class='ocrx_word' id='word_1_826' title='bbox 2028 4340 2144 4379; x_wconf 88' lang='lat' dir='ltr'><strong>rum</strong></span> <span class='ocrx_word' id='word_1_827' title='bbox 2176 4325 2477 4394; x_wconf 83' lang='lat' dir='ltr'><strong>pollicetur.</strong></span> <span class='ocrx_word' id='word_1_828' title='bbox 2522 4323 2691 4377; x_wconf 81' lang='lat' dir='ltr'><strong>Venite</strong></span> <span class='ocrx_word' id='word_1_829' title='bbox 2722 4339 2970 4393; x_wconf 90' lang='lat' dir='ltr'><strong>namque,</strong></span> <span class='ocrx_word' id='word_1_830' title='bbox 3016 4324 3205 4392; x_wconf 86' lang='lat' dir='ltr'><strong>iuquit,</strong></span> <span class='ocrx_word' id='word_1_831' title='bbox 3248 4325 3487 4378; x_wconf 85' lang='lat' dir='ltr'><strong>benedicti</strong></span> <span class='ocrx_word' id='word_1_832' title='bbox 3510 4324 3616 4378; x_wconf 88' lang='lat' dir='ltr'><strong>Pa-</strong></span> 
     </span>
    </p>
   </div>
   <div class='ocr_carea' id='block_1_105' title="bbox 2028 4416 3616 4485">
    <p class='ocr_par' dir='ltr' id='par_1_105' title="bbox 2028 4416 3616 4485">
     <span class='ocr_line' id='line_1_105' title="bbox 2028 4416 3616 4485; baseline 0.001 -17"><span class='ocrx_word' id='word_1_833' title='bbox 2028 4417 2118 4469; x_wconf 90' lang='lat' dir='ltr'><strong>tris</strong></span> <span class='ocrx_word' id='word_1_834' title='bbox 2137 4417 2249 4476; x_wconf 87' lang='lat' dir='ltr'><strong>mei,</strong></span> <span class='ocrx_word' id='word_1_835' title='bbox 2281 4416 2527 4485; x_wconf 76' lang='lat' dir='ltr'><strong>possidete</strong></span> <span class='ocrx_word' id='word_1_836' title='bbox 2548 4426 2778 4484; x_wconf 87' lang='lat' dir='ltr'><strong>paratum</strong></span> <span class='ocrx_word' id='word_1_837' title='bbox 2806 4416 2940 4468; x_wconf 84' lang='lat' dir='ltr'><strong>vobis</strong></span> <span class='ocrx_word' id='word_1_838' title='bbox 2966 4430 3179 4483; x_wconf 84' lang='lat' dir='ltr'><strong>regnum</strong></span> <span class='ocrx_word' id='word_1_839' title='bbox 3207 4432 3238 4468; x_wconf 95' lang='lat' dir='ltr'><strong>a</strong></span> <span class='ocrx_word' id='word_1_840' title='bbox 3261 4417 3616 4470; x_wconf 87' lang='lat' dir='ltr'><strong>constitutione</strong></span> 
     </span>
    </p>
   </div>
   <div class='ocr_carea' id='block_1_106' title="bbox 2026 4506 3611 4573">
    <p class='ocr_par' dir='ltr' id='par_1_106' title="bbox 2026 4506 3611 4573">
     <span class='ocr_line' id='line_1_106' title="bbox 2026 4506 3611 4573; baseline -0.001 -12"><span class='ocrx_word' id='word_1_841' title='bbox 2026 4508 2220 4561; x_wconf 84' lang='lat' dir='ltr'><strong>mundi.</strong></span> <span class='ocrx_word' id='word_1_842' title='bbox 2239 4506 2439 4561; x_wconf 85' lang='lat' dir='ltr'><strong>Esurivi</strong></span> <span class='ocrx_word' id='word_1_843' title='bbox 2460 4509 2613 4573; x_wconf 87' lang='lat' dir='ltr'><strong>enim,</strong></span> <span class='ocrx_word' id='word_1_844' title='bbox 2639 4517 2686 4560; x_wconf 87' lang='lat' dir='ltr'><strong>et</strong></span> <span class='ocrx_word' id='word_1_845' title='bbox 2714 4507 2922 4561; x_wconf 88' lang='lat' dir='ltr'><strong>dedistis</strong></span> <span class='ocrx_word' id='word_1_846' title='bbox 2945 4508 3068 4561; x_wconf 84' lang='lat' dir='ltr'><strong>mihi</strong></span> <span class='ocrx_word' id='word_1_847' title='bbox 3090 4508 3395 4562; x_wconf 84' lang='lat' dir='ltr'><strong>manducare</strong></span> <span class='ocrx_word' id='word_1_848' title='bbox 3414 4524 3432 4561; x_wconf 91' lang='lat'><strong>:</strong></span> <span class='ocrx_word' id='word_1_849' title='bbox 3459 4508 3611 4571; x_wconf 79' lang='lat' dir='ltr'><strong>sitivi,</strong></span> 
     </span>
    </p>
   </div>
   <div class='ocr_carea' id='block_1_107' title="bbox 2025 4599 3615 4672">
    <p class='ocr_par' dir='ltr' id='par_1_107' title="bbox 2025 4599 3615 4672">
     <span class='ocr_line' id='line_1_107' title="bbox 2025 4599 3615 4672; baseline 0.001 -18"><span class='ocrx_word' id='word_1_850' title='bbox 2025 4609 2072 4654; x_wconf 90' lang='lat' dir='ltr'><strong>et</strong></span> <span class='ocrx_word' id='word_1_851' title='bbox 2097 4600 2303 4654; x_wconf 87' lang='lat' dir='ltr'><strong>dedistis</strong></span> <span class='ocrx_word' id='word_1_852' title='bbox 2332 4601 2453 4653; x_wconf 85' lang='lat' dir='ltr'><strong>mihi</strong></span> <span class='ocrx_word' id='word_1_853' title='bbox 2479 4599 2681 4654; x_wconf 78' lang='lat' dir='ltr'><strong>bibere:</strong></span> <span class='ocrx_word' id='word_1_854' title='bbox 2712 4601 2891 4670; x_wconf 81' lang='lat' dir='ltr'><strong>hospes</strong></span> <span class='ocrx_word' id='word_1_855' title='bbox 2917 4617 3075 4669; x_wconf 89' lang='lat' dir='ltr'><strong>eram,</strong></span> <span class='ocrx_word' id='word_1_856' title='bbox 3116 4612 3164 4657; x_wconf 90' lang='lat' dir='ltr'><strong>et</strong></span> <span class='ocrx_word' id='word_1_857' title='bbox 3195 4602 3466 4672; x_wconf 84' lang='lat' dir='ltr'><strong>collegistis</strong></span> <span class='ocrx_word' id='word_1_858' title='bbox 3499 4616 3615 4655; x_wconf 89' lang='lat' dir='ltr'><strong>me:</strong></span> 
     </span>
    </p>
   </div>
   <div class='ocr_carea' id='block_1_108' title="bbox 2025 4692 3613 4759">
    <p class='ocr_par' dir='ltr' id='par_1_108' title="bbox 2025 4692 3613 4759">
     <span class='ocr_line' id='line_1_108' title="bbox 2025 4692 3613 4759; baseline 0.001 -15"><span class='ocrx_word' id='word_1_859' title='bbox 2025 4692 2192 4744; x_wconf 85' lang='lat' dir='ltr'><strong>nudus</strong></span> <span class='ocrx_word' id='word_1_860' title='bbox 2226 4707 2387 4756; x_wconf 87' lang='lat' dir='ltr'><strong>eram,</strong></span> <span class='ocrx_word' id='word_1_861' title='bbox 2421 4700 2465 4744; x_wconf 87' lang='lat' dir='ltr'><strong>et</strong></span> <span class='ocrx_word' id='word_1_862' title='bbox 2498 4692 2826 4759; x_wconf 84' lang='lat' dir='ltr'><strong>cooperuistis</strong></span> <span class='ocrx_word' id='word_1_863' title='bbox 2854 4707 2971 4746; x_wconf 91' lang='lat' dir='ltr'><strong>me:</strong></span> <span class='ocrx_word' id='word_1_864' title='bbox 3000 4693 3054 4746; x_wconf 86' lang='lat' dir='ltr'><strong>in</strong></span> <span class='ocrx_word' id='word_1_865' title='bbox 3091 4709 3307 4759; x_wconf 83' lang='lat' dir='ltr'><strong>carcere,</strong></span> <span class='ocrx_word' id='word_1_866' title='bbox 3337 4702 3380 4745; x_wconf 89' lang='lat' dir='ltr'><strong>et</strong></span> <span class='ocrx_word' id='word_1_867' title='bbox 3411 4693 3613 4746; x_wconf 75' lang='lat' dir='ltr'><strong>venistis</strong></span> 
     </span>
    </p>
   </div>
   <div class='ocr_carea' id='block_1_109' title="bbox 2023 4782 2831 4853">
    <p class='ocr_par' dir='ltr' id='par_1_109' title="bbox 2023 4782 2831 4853">
     <span class='ocr_line' id='line_1_109' title="bbox 2023 4782 2831 4853; baseline -0.004 -16"><span class='ocrx_word' id='word_1_868' title='bbox 2023 4783 2091 4837; x_wconf 83' lang='lat' dir='ltr'><strong>ad</strong></span> <span class='ocrx_word' id='word_1_869' title='bbox 2121 4799 2197 4836; x_wconf 89' lang='lat' dir='ltr'><strong>me</strong></span> <span class='ocrx_word' id='word_1_870' title='bbox 2220 4782 2428 4853; x_wconf 69' lang='lat' dir='ltr'><strong>(Matt/1.</strong></span> <span class='ocrx_word' id='word_1_871' title='bbox 2458 4782 2546 4836; x_wconf 81' lang='lat'><strong>25.</strong></span> <span class='ocrx_word' id='word_1_872' title='bbox 2579 4783 2692 4836; x_wconf 61' lang='grc'><strong>51·-</strong></span> <span class='ocrx_word' id='word_1_873' title='bbox 2716 4783 2831 4853; x_wconf 78' lang='grc'><strong>56).</strong></span> 
     </span>
    </p>
   </div>
   <div class='ocr_carea' id='block_1_110' title="bbox 2096 4873 3612 4945">
    <p class='ocr_par' dir='ltr' id='par_1_110' title="bbox 2096 4873 3612 4945">
     <span class='ocr_line' id='line_1_110' title="bbox 2096 4873 3612 4945; baseline 0.001 -16"><span class='ocrx_word' id='word_1_874' title='bbox 2096 4876 2311 4929; x_wconf 82' lang='lat' dir='ltr'><strong>Illoralis</strong></span> <span class='ocrx_word' id='word_1_875' title='bbox 2326 4874 2573 4945; x_wconf 76' lang='lat' dir='ltr'><strong>epilogus.</strong></span> <span class='ocrx_word' id='word_1_876' title='bbox 2597 4873 2849 4928; x_wconf 81' lang='lat' dir='ltr'><strong>Hortatur</strong></span> <span class='ocrx_word' id='word_1_877' title='bbox 2868 4876 2936 4927; x_wconf 90' lang='lat' dir='ltr'><strong>ad</strong></span> <span class='ocrx_word' id='word_1_878' title='bbox 2955 4875 3338 4945; x_wconf 86' lang='lat' dir='ltr'><strong>eleemosynam.</strong></span> <span class='ocrx_word' id='word_1_879' title='bbox 3358 4906 3428 4917; x_wconf 89' lang='lat'><strong>-—</strong></span> <span class='ocrx_word' id='word_1_880' title='bbox 3447 4875 3612 4931; x_wconf 82' lang='lat' dir='ltr'><strong>Num-</strong></span> 
     </span>
    </p>
   </div>
   <div class='ocr_carea' id='block_1_111' title="bbox 2023 4967 3607 5040">
    <p class='ocr_par' dir='ltr' id='par_1_111' title="bbox 2023 4967 3607 5040">
     <span class='ocr_line' id='line_1_111' title="bbox 2023 4967 3607 5040; baseline 0.001 -18"><span class='ocrx_word' id='word_1_881' title='bbox 2023 4969 2148 5040; x_wconf 91' lang='lat' dir='ltr'><strong>quid</strong></span> <span class='ocrx_word' id='word_1_882' title='bbox 2179 4970 2337 5038; x_wconf 84' lang='lat' dir='ltr'><strong>igitur</strong></span> <span class='ocrx_word' id='word_1_883' title='bbox 2365 4984 2461 5022; x_wconf 90' lang='lat' dir='ltr'><strong>nos</strong></span> <span class='ocrx_word' id='word_1_884' title='bbox 2502 4983 2715 5037; x_wconf 87' lang='lat' dir='ltr'><strong>quoque</strong></span> <span class='ocrx_word' id='word_1_885' title='bbox 2762 4967 2970 5023; x_wconf 88' lang='lat' dir='ltr'><strong>beatam</strong></span> <span class='ocrx_word' id='word_1_886' title='bbox 3013 4968 3155 5021; x_wconf 91' lang='lat' dir='ltr'><strong>illam</strong></span> <span class='ocrx_word' id='word_1_887' title='bbox 3192 4984 3376 5023; x_wconf 82' lang='lat' dir='ltr'><strong>vocem</strong></span> <span class='ocrx_word' id='word_1_888' title='bbox 3420 4968 3607 5024; x_wconf 87' lang='lat' dir='ltr'><strong>audie—</strong></span> 
     </span>
    </p>
   </div>
   <div class='ocr_carea' id='block_1_112' title="bbox 2023 5059 3606 5131">
    <p class='ocr_par' dir='ltr' id='par_1_112' title="bbox 2023 5059 3606 5131">
     <span class='ocr_line' id='line_1_112' title="bbox 2023 5059 3606 5131; baseline 0.001 -16"><span class='ocrx_word' id='word_1_889' title='bbox 2023 5060 2184 5116; x_wconf 88' lang='lat' dir='ltr'><strong>mus?</strong></span> <span class='ocrx_word' id='word_1_890' title='bbox 2213 5060 2473 5131; x_wconf 88' lang='lat' dir='ltr'><strong>Equidem</strong></span> <span class='ocrx_word' id='word_1_891' title='bbox 2514 5076 2622 5114; x_wconf 88' lang='lat' dir='ltr'><strong>non</strong></span> <span class='ocrx_word' id='word_1_892' title='bbox 2661 5060 2945 5114; x_wconf 90' lang='lat' dir='ltr'><strong>admodum</strong></span> <span class='ocrx_word' id='word_1_893' title='bbox 2982 5059 3031 5113; x_wconf 91' lang='lat' dir='ltr'><strong>id</strong></span> <span class='ocrx_word' id='word_1_894' title='bbox 3061 5059 3233 5114; x_wconf 87' lang='lat' dir='ltr'><strong>ausim</strong></span> <span class='ocrx_word' id='word_1_895' title='bbox 3273 5075 3606 5126; x_wconf 86' lang='lat' dir='ltr'><strong>asseverare,</strong></span> 
     </span>
    </p>
   </div>
   <div class='ocr_carea' id='block_1_113' title="bbox 2022 5149 3607 5222">
    <p class='ocr_par' dir='ltr' id='par_1_113' title="bbox 2022 5149 3607 5222">
     <span class='ocr_line' id='line_1_113' title="bbox 2022 5149 3607 5222; baseline 0.001 -17"><span class='ocrx_word' id='word_1_896' title='bbox 2022 5153 2319 5222; x_wconf 65' lang='lat' dir='ltr'><strong>pt&#39;aasertim</strong></span> <span class='ocrx_word' id='word_1_897' title='bbox 2350 5166 2470 5204; x_wconf 90' lang='lat' dir='ltr'><strong>cum</strong></span> <span class='ocrx_word' id='word_1_898' title='bbox 2501 5166 2764 5220; x_wconf 85' lang='lat' dir='ltr'><strong>pauperes</strong></span> <span class='ocrx_word' id='word_1_899' title='bbox 2793 5149 2947 5204; x_wconf 87' lang='lat' dir='ltr'><strong>valde</strong></span> <span class='ocrx_word' id='word_1_900' title='bbox 2970 5161 3395 5205; x_wconf 86' lang='lat' dir='ltr'><strong>contemnamus.</strong></span> <span class='ocrx_word' id='word_1_901' title='bbox 3415 5150 3607 5219; x_wconf 84' lang='lat' dir='ltr'><strong>.Iejunii</strong></span> 
     </span>
    </p>
   </div>
   <div class='ocr_carea' id='block_1_114' title="bbox 2022 5240 3608 5311">
    <p class='ocr_par' dir='ltr' id='par_1_114' title="bbox 2022 5240 3608 5311">
     <span class='ocr_line' id='line_1_114' title="bbox 2022 5240 3608 5311; baseline -0.001 -15"><span class='ocrx_word' id='word_1_902' title='bbox 2022 5251 2229 5311; x_wconf 89' lang='lat' dir='ltr'><strong>tempus</strong></span> <span class='ocrx_word' id='word_1_903' title='bbox 2254 5251 2357 5307; x_wconf 90' lang='lat' dir='ltr'><strong>est,</strong></span> <span class='ocrx_word' id='word_1_904' title='bbox 2390 5250 2465 5295; x_wconf 91' lang='lat' dir='ltr'><strong>tot</strong></span> <span class='ocrx_word' id='word_1_905' title='bbox 2491 5240 2889 5295; x_wconf 89' lang='lat' dir='ltr'><strong>cohortationes</strong></span> <span class='ocrx_word' id='word_1_906' title='bbox 2916 5242 3067 5302; x_wconf 86' lang='lat' dir='ltr'><strong>ﬁunt,</strong></span> <span class='ocrx_word' id='word_1_907' title='bbox 3112 5248 3188 5295; x_wconf 89' lang='lat' dir='ltr'><strong>tot</strong></span> <span class='ocrx_word' id='word_1_908' title='bbox 3229 5240 3477 5297; x_wconf 85' lang='lat' dir='ltr'><strong>salutaria</strong></span> <span class='ocrx_word' id='word_1_909' title='bbox 3506 5242 3608 5297; x_wconf 39' lang='lat' dir='ltr'><strong>do;</strong></span> 
     </span>
    </p>
   </div>
   <div class='ocr_carea' id='block_1_115' title="bbox 2019 5333 3604 5403">
    <p class='ocr_par' dir='ltr' id='par_1_115' title="bbox 2019 5333 3604 5403">
     <span class='ocr_line' id='line_1_115' title="bbox 2019 5333 3604 5403; baseline 0 -14"><span class='ocrx_word' id='word_1_910' title='bbox 2019 5344 2264 5389; x_wconf 85' lang='lat' dir='ltr'><strong>comenta</strong></span> <span class='ocrx_word' id='word_1_911' title='bbox 2299 5344 2680 5403; x_wconf 88' lang='lat' dir='ltr'><strong>proponuntur,</strong></span> <span class='ocrx_word' id='word_1_912' title='bbox 2726 5348 2908 5403; x_wconf 89' lang='lat' dir='ltr'><strong>preces</strong></span> <span class='ocrx_word' id='word_1_913' title='bbox 2946 5333 3233 5397; x_wconf 58' lang='lat' dir='ltr'><strong>continuat,</strong></span> <span class='ocrx_word' id='word_1_914' title='bbox 3281 5333 3604 5403; x_wconf 68' lang='lat' dir='ltr'><strong>quotidiana:</strong></span> 
     </span>
    </p>
   </div>
   <div class='ocr_carea' id='block_1_116' title="bbox 2022 5424 3608 5496">
    <p class='ocr_par' dir='ltr' id='par_1_116' title="bbox 2022 5424 3608 5496">
     <span class='ocr_line' id='line_1_116' title="bbox 2022 5424 3608 5496; baseline 0.001 -17"><span class='ocrx_word' id='word_1_915' title='bbox 2022 5425 2278 5487; x_wconf 59' lang='lat' dir='ltr'><strong>collecta),</strong></span> <span class='ocrx_word' id='word_1_916' title='bbox 2307 5424 2433 5493; x_wconf 92' lang='lat' dir='ltr'><strong>quid</strong></span> <span class='ocrx_word' id='word_1_917' title='bbox 2467 5432 2641 5477; x_wconf 86' lang='lat' dir='ltr'><strong>tamen</strong></span> <span class='ocrx_word' id='word_1_918' title='bbox 2685 5435 2802 5492; x_wconf 91' lang='lat' dir='ltr'><strong>post</strong></span> <span class='ocrx_word' id='word_1_919' title='bbox 2834 5432 3032 5477; x_wconf 88' lang='lat' dir='ltr'><strong>tantam</strong></span> <span class='ocrx_word' id='word_1_920' title='bbox 3077 5440 3257 5478; x_wconf 90' lang='lat' dir='ltr'><strong>curam</strong></span> <span class='ocrx_word' id='word_1_921' title='bbox 3298 5425 3395 5479; x_wconf 80' lang='lat' dir='ltr'><strong>i3ta</strong></span> <span class='ocrx_word' id='word_1_922' title='bbox 3442 5426 3608 5496; x_wconf 83' lang='lat' dir='ltr'><strong>proﬁ-</strong></span> 
     </span>
    </p>
   </div>
   <div class='ocr_carea' id='block_1_117' title="bbox 2019 5514 3602 5584">
    <p class='ocr_par' dir='ltr' id='par_1_117' title="bbox 2019 5514 3602 5584">
     <span class='ocr_line' id='line_1_117' title="bbox 2019 5514 3602 5584; baseline 0.002 -14"><span class='ocrx_word' id='word_1_923' title='bbox 2019 5515 2208 5570; x_wconf 89' lang='lat' dir='ltr'><strong>ciunt?</strong></span> <span class='ocrx_word' id='word_1_924' title='bbox 2238 5514 2380 5569; x_wconf 88' lang='lat' dir='ltr'><strong>Nihil</strong></span> <span class='ocrx_word' id='word_1_925' title='bbox 2413 5515 2587 5584; x_wconf 88' lang='lat' dir='ltr'><strong>plane.</strong></span> <span class='ocrx_word' id='word_1_926' title='bbox 2619 5515 2753 5569; x_wconf 92' lang='lat' dir='ltr'><strong>llinc</strong></span> <span class='ocrx_word' id='word_1_927' title='bbox 2780 5517 2919 5569; x_wconf 90' lang='lat' dir='ltr'><strong>enim</strong></span> <span class='ocrx_word' id='word_1_928' title='bbox 2952 5515 3250 5570; x_wconf 87' lang='lat' dir='ltr'><strong>recedimus</strong></span> <span class='ocrx_word' id='word_1_929' title='bbox 3278 5516 3466 5572; x_wconf 90' lang='lat' dir='ltr'><strong>ordine</strong></span> <span class='ocrx_word' id='word_1_930' title='bbox 3495 5518 3602 5572; x_wconf 88' lang='lat' dir='ltr'><strong>dis-</strong></span> 
     </span>
    </p>
   </div>
   <div class='ocr_carea' id='block_1_118' title="bbox 2019 5607 3605 5678">
    <p class='ocr_par' dir='ltr' id='par_1_118' title="bbox 2019 5607 3605 5678">
     <span class='ocr_line' id='line_1_118' title="bbox 2019 5607 3605 5678; baseline 0.004 -18"><span class='ocrx_word' id='word_1_931' title='bbox 2019 5608 2190 5676; x_wconf 86' lang='lat' dir='ltr'><strong>posita</strong></span> <span class='ocrx_word' id='word_1_932' title='bbox 2223 5623 2512 5678; x_wconf 88' lang='lat' dir='ltr'><strong>pauperum</strong></span> <span class='ocrx_word' id='word_1_933' title='bbox 2540 5608 2749 5677; x_wconf 87' lang='lat' dir='ltr'><strong>agmina</strong></span> <span class='ocrx_word' id='word_1_934' title='bbox 2785 5607 2908 5662; x_wconf 90' lang='lat' dir='ltr'><strong>hinc</strong></span> <span class='ocrx_word' id='word_1_935' title='bbox 2942 5608 3065 5662; x_wconf 88' lang='lat' dir='ltr'><strong>inde</strong></span> <span class='ocrx_word' id='word_1_936' title='bbox 3104 5610 3357 5664; x_wconf 89' lang='lat' dir='ltr'><strong>stantium</strong></span> <span class='ocrx_word' id='word_1_937' title='bbox 3387 5610 3605 5667; x_wconf 81' lang='lat' dir='ltr'><strong>intuen-</strong></span> 
     </span>
    </p>
   </div>
   <div class='ocr_carea' id='block_1_119' title="bbox 2021 5698 3609 5771">
    <p class='ocr_par' dir='ltr' id='par_1_119' title="bbox 2021 5698 3609 5771">
     <span class='ocr_line' id='line_1_119' title="bbox 2021 5698 3609 5771; baseline 0.004 -19"><span class='ocrx_word' id='word_1_938' title='bbox 2021 5708 2134 5765; x_wconf 88' lang='lat' dir='ltr'><strong>tes;</strong></span> <span class='ocrx_word' id='word_1_939' title='bbox 2161 5710 2214 5754; x_wconf 91' lang='lat' dir='ltr'><strong>et</strong></span> <span class='ocrx_word' id='word_1_940' title='bbox 2242 5700 2390 5770; x_wconf 90' lang='lat' dir='ltr'><strong>quasi</strong></span> <span class='ocrx_word' id='word_1_941' title='bbox 2425 5700 2721 5766; x_wconf 86' lang='lat' dir='ltr'><strong>columnas,</strong></span> <span class='ocrx_word' id='word_1_942' title='bbox 2766 5713 2870 5753; x_wconf 89' lang='lat' dir='ltr'><strong>non</strong></span> <span class='ocrx_word' id='word_1_943' title='bbox 2906 5698 3135 5754; x_wconf 86' lang='lat' dir='ltr'><strong>humana</strong></span> <span class='ocrx_word' id='word_1_944' title='bbox 3164 5716 3385 5771; x_wconf 88' lang='lat' dir='ltr'><strong>corpora</strong></span> <span class='ocrx_word' id='word_1_945' title='bbox 3417 5718 3609 5758; x_wconf 61' lang='lat' dir='ltr'><strong>cerne»</strong></span> 
     </span>
    </p>
   </div>
   <div class='ocr_carea' id='block_1_120' title="bbox 2022 5792 3599 5866">
    <p class='ocr_par' dir='ltr' id='par_1_120' title="bbox 2022 5792 3599 5866">
     <span class='ocr_line' id='line_1_120' title="bbox 2022 5792 3599 5866; baseline 0.004 -20"><span class='ocrx_word' id='word_1_946' title='bbox 2022 5806 2220 5859; x_wconf 87' lang='lat' dir='ltr'><strong>remus,</strong></span> <span class='ocrx_word' id='word_1_947' title='bbox 2265 5792 2343 5849; x_wconf 82' lang='lat' dir='ltr'><strong>sic</strong></span> <span class='ocrx_word' id='word_1_948' title='bbox 2382 5792 2579 5863; x_wconf 85' lang='lat' dir='ltr'><strong>absque</strong></span> <span class='ocrx_word' id='word_1_949' title='bbox 2629 5792 2990 5849; x_wconf 72' lang='lat' dir='ltr'><strong>misericordia</strong></span> <span class='ocrx_word' id='word_1_950' title='bbox 3033 5795 3386 5866; x_wconf 85' lang='lat' dir='ltr'><strong>pr:ctcrimus.</strong></span> <span class='ocrx_word' id='word_1_951' title='bbox 3419 5796 3599 5866; x_wconf 88' lang='lat' dir='ltr'><strong>Itaque</strong></span> 
     </span>
    </p>
   </div>
  </div>
