4028 6360
434 375 542 431 θοις

437 508 543 544 non
572 504 727 544 secus
754 503 815 541 ac
841 487 883 539 si
908 494 1109 539 statuas
1133 483 1305 535 anima
1335 490 1601 542 carentes,
1630 493 1732 529 non
1762 475 2027 541 spirantes

437 583 681 637 homines
712 589 1097 649 specutremus,
1119 577 1185 628 ita
1209 575 1424 627 domum
1457 582 1822 639 properamus.
1858 564 2030 617 linitu-

436 688 566 729 vero
589 672 754 725 fames
783 671 945 739 cogit,
978 668 1240 736 inquiunt.
1266 665 1377 717 Imo
1406 660 1633 716 suadere
1654 659 1813 713 debet
1840 657 2025 719 fames,

436 774 497 819 ut
525 763 824 827 subsistas;
857 760 1138 831 siquidem,
1170 766 1230 811 ut
1252 755 1469 825 vulgato
1512 752 1678 807 fertur
1718 748 2024 819 proverbio,

435 856 586 912 Pleni
627 866 841 910 ventres
884 852 1187 909 esurientes
1227 864 1332 902 non
1372 856 1637 901 noverunt
1665 860 1676 896 :
1703 854 1757 896 at
1793 840 1883 909 qui
1915 855 2031 893 esu-

440 949 585 1003 rinnt
622 962 689 1001 ex
735 945 1053 1001 necessitate
1080 957 1174 998 sua
1221 941 1382 995 etiam
1422 939 1654 993 alienam
1697 940 2025 1005 agnoscunt;

437 1040 524 1095 vel
558 1040 735 1109 potius
764 1054 832 1093 ne
860 1038 937 1091 sic
962 1034 1180 1106 quidem
1213 1032 1325 1088 ﬁeri
1354 1040 1547 1102 potest,
1582 1038 1639 1083 ut
1679 1027 1823 1081 illaut
1863 1034 2025 1080 totam

434 1143 772 1204 perspectam
819 1130 1068 1185 habeant.
1120 1128 1255 1182 Nam
1300 1135 1354 1180 tu
1399 1124 1615 1195 quidem
1664 1121 1732 1175 ad
1785 1126 2027 1190 paratam

436 1240 679 1279 mensam
716 1224 953 1291 festinas,
999 1231 1052 1277 et
1085 1237 1151 1276 ne
1179 1219 1245 1275 ad
1287 1218 1553 1273 modicum
1574 1214 1790 1284 quidem
1819 1223 2027 1279 tempus

435 1326 591 1386 potes
616 1327 963 1385 exspectare:
1001 1330 1203 1385 pauper
1227 1321 1405 1367 autem
1438 1319 1543 1364 stat
1571 1307 1637 1361 ad
1668 1310 1833 1376 ipsam
1859 1317 2027 1372 usque

434 1424 715 1479 vesperam
739 1409 992 1463 festinans
1021 1418 1074 1461 et
1105 1406 1292 1461 sedulo
1318 1403 1651 1467 incumbens,
1681 1408 1738 1453 ut
1765 1396 2027 1466 quotidia-

436 1518 565 1557 num
609 1502 804 1557 victum
831 1508 1104 1570 comparet
1127 1517 1139 1554 :
1165 1512 1395 1567 cumque
1418 1495 1559 1549 diem
1584 1491 1789 1546 finitum
1813 1487 2025 1551 viderit,

436 1593 715 1666 pecuniam
744 1608 873 1648 vero
904 1592 1138 1647 nondum
1163 1600 1325 1645 totam
1347 1588 1647 1649 collectam,
1667 1598 1785 1652 qum
1806 1580 1871 1635 ad
1899 1594 2033 1650 quo-

438 1686 696 1740 tidianum
727 1685 922 1739 victum
954 1682 1203 1746 sufficiat,
1236 1680 1383 1735 dolet
1415 1686 1468 1732 et
1493 1673 1849 1735 exrandescit,
1880 1681 1936 1726 et
1961 1669 2031 1724 ad

436 1790 500 1828 ea
531 1790 649 1844 quae
693 1775 833 1829 vires
881 1773 1043 1843 ipsius
1089 1772 1356 1827 excedunt
1393 1767 1638 1823 audenda
1668 1763 2024 1832 compellitur.

438 1866 563 1921 Ideo
589 1867 688 1921 sub
713 1881 990 1937 vesperam
1016 1863 1389 1920 vehementius
1420 1878 1516 1916 nos
1553 1860 1809 1915 invadunt
1842 1856 2028 1924 juran-

441 1966 541 2024 tes,
568 1957 895 2026 adjurantes,
928 1958 1196 2027 lugentes,
1232 1954 1523 2024 plorantes,
1567 1966 1756 2006 manus
1801 1946 2027 2003 tenden-

437 2056 537 2112 tes,
564 2048 665 2103 alia
693 2048 968 2103 innumera
1002 2047 1337 2117 impudenter
1360 2061 1519 2116 agere
1542 2043 1733 2100 coaeti.
1766 2041 2029 2095 Verentur

437 2139 579 2193 enim
634 2154 722 2204 ne,
769 2155 893 2194 cum
937 2154 1125 2194 omnes
1163 2140 1377 2193 domum
1428 2136 1767 2199 recesserint,
1810 2134 1861 2186 in
1893 2135 2028 2190 urbe

440 2238 708 2300 tamquam
742 2231 793 2284 in
820 2231 1033 2285 deserto
1063 2232 1170 2285 siut
1198 2230 1426 2285 erraturi
1460 2248 1472 2281 :
1504 2238 1558 2284 et
1583 2230 1718 2283 sicut
1750 2226 1840 2298 qui
1866 2228 2029 2282 inter-

437 2323 527 2377 diu
557 2324 887 2393 naufragium
918 2325 1178 2385 fecerunt,
1206 2324 1381 2378 tabula
1413 2330 1645 2393 arrepta,
1677 2330 1802 2376 ante
1841 2334 2030 2389 vespe-

437 2431 553 2469 ram
579 2415 643 2468 ad
673 2424 885 2484 portum
913 2416 1194 2483 pervenire
1225 2414 1493 2480 festinant,
1518 2431 1587 2469 ne
1612 2414 1745 2467 forte
1775 2429 1892 2467 eum
1923 2428 2028 2466 nox

438 2506 736 2569 advenerit,
794 2507 923 2561 foris
975 2519 1255 2562 manentes
1302 2507 1514 2577 gravius
1564 2506 1901 2574 naufragium
1929 2519 2027 2574 pa-

440 2600 638 2651 tiantur
666 2617 677 2651 :
715 2600 785 2652 ita
816 2607 870 2653 et
896 2614 1157 2668 pauperes
1184 2600 1311 2653 dum
1353 2598 1547 2654 famem
1594 2608 1863 2667 tamquam
1895 2613 2028 2649 nan-

438 2690 663 2759 fragium
708 2691 1110 2759 pertimescunt,
1157 2699 1281 2745 ante
1324 2705 1601 2759 vesperam
1643 2689 1922 2757 pecuniam
1962 2687 2029 2740 ad

439 2780 687 2834 diurnum
721 2782 920 2834 victum
971 2780 1324 2834 sufficientem
1373 2780 1625 2851 colligere
1659 2780 1930 2840 festinant,
1962 2792 2030 2832 ne

438 2888 557 2925 eum
586 2888 773 2926 omnes
794 2872 1011 2926 domum
1039 2872 1400 2936 discesserint,
1432 2883 1580 2926 extra
1613 2883 1823 2938 portum
1851 2885 2030 2924 rema-

443 2975 620 3020 neant.
647 2967 837 3021 Portus
858 2967 999 3020 enim
1034 2967 1137 3020 illis
1159 2976 1283 3020 sunt
1308 2982 1493 3021 eorum
1520 2982 1732 3032 manus,
1757 2966 1845 3034 qui
1873 2979 2029 3033 opem

441 3058 634 3112 ferunt.

511 3151 563 3203 4.
598 3149 888 3217 Paupernm
920 3151 1153 3202 miseram
1189 3149 1525 3202 conditionem
1561 3149 1832 3214 describit,
1862 3150 2031 3203 diviti-

442 3242 627 3311 busque
652 3242 893 3294 duritiam
935 3244 1101 3296 cordis
1133 3242 1418 3310 exprobrat.
1443 3272 1516 3282 —
1546 3246 1614 3296 At
1649 3258 1749 3297 nos
1777 3260 1951 3313 neque
1980 3245 2030 3298 in

442 3336 557 3386 foro
582 3332 969 3387 calamitatibus
997 3349 1182 3388 eorum
1222 3350 1628 3390 commovemur
1651 3376 1665 3399 ,
1714 3352 1885 3406 neque
1910 3352 2032 3391 cum

443 3424 661 3478 domum
688 3425 891 3479 reversi
918 3440 1102 3479 smnus
1136 3442 1151 3478 :
1185 3426 1278 3480 sed
1301 3436 1356 3480 et
1380 3441 1501 3481 cum
1539 3443 1723 3482 mensa
1760 3427 1912 3483 nobis
1939 3445 2033 3499 ap-

438 3516 614 3583 posita
634 3513 830 3579 fuerit,
875 3528 1018 3583 s:r-pe
1048 3515 1266 3569 infinitis
1311 3516 1466 3572 bonis
1498 3516 1693 3573 referta
1734 3519 2032 3589 (siquidem

442 3621 505 3660 ea
556 3606 690 3661 bona
720 3607 953 3660 vocanda
986 3617 1108 3661 sunt
1137 3623 1257 3677 quae
1298 3608 1365 3663 ad
1404 3616 1601 3664 nostra:
1634 3610 2035 3667 inlutmauitatis

442 3697 940 3753 condemnationem
986 3702 1400 3771 comedimus),
1456 3718 1822 3759 verumtamen
1873 3707 2031 3760 etiam

442 3804 563 3843 cum
594 3791 831 3861 apposita
861 3790 1022 3846 fuerit
1051 3807 1257 3859 mensa,
1288 3793 1411 3847 dum
1439 3809 1535 3863 per
1554 3795 1865 3865 angiportus
1896 3796 2033 3851 infe-

442 3881 555 3934 rius
599 3881 720 3935 illos
768 3881 1076 3938 incedentes
1119 3883 1399 3948 audimus,
1447 3893 1501 3939 et
1537 3886 1590 3940 in
1631 3888 1804 3942 triviis
1842 3904 2033 3959 magna

442 3989 575 4029 voce
604 3976 897 4029 clamantes
917 4016 931 4040 ,
977 3977 1256 4047 prol'uudis
1297 3977 1540 4032 dolentes
1577 3979 1628 4032 in
1658 3979 1893 4035 tenebris
1916 4021 1931 4045 ,
1980 3985 2033 4037 in

440 4064 607 4119 multa
639 4067 922 4120 solitudine
942 4109 955 4131 ,
1004 4083 1071 4121 ne
1100 4069 1176 4121 sic
1199 4069 1413 4138 quidem
1455 4085 1858 4126 commovemur
1890 4089 1903 4125 :
1935 4072 2035 4128 sed

443 4164 500 4209 et
529 4156 694 4209 saturi
720 4156 845 4209 dum
875 4156 944 4211 ad
986 4173 1233 4213 somnum
1278 4174 1376 4213 nos
1417 4162 1777 4215 convertimus
1800 4206 1813 4226 ,
1845 4171 1901 4217 et
1943 4164 2036 4219 illo

442 4260 630 4299 rursus
659 4256 899 4317 tempore
924 4249 1104 4303 multis
1144 4250 1466 4305 clamoribus
1504 4252 1743 4308 dolorem
1778 4264 2036 4312 testantes

446 4336 713 4399 audimus,
746 4339 897 4407 quasi
941 4340 1183 4395 rabidum
1213 4356 1401 4396 canem
1425 4384 1440 4407 ,
1487 4359 1591 4397 non
1619 4343 1903 4400 humanam
1935 4362 2034 4402 vo-

450 4443 562 4482 cem
587 4427 912 4496 audiremus,
941 4431 1013 4485 ita
1043 4434 1377 4501 praeterimus
1403 4452 1417 4489 :
1447 4446 1500 4489 et
1529 4451 1701 4505 neque
1726 4437 2037 4495 difﬁcultate

448 4521 710 4590 temporis
739 4537 1036 4588 mevemur,
1065 4526 1206 4595 quod
1236 4527 1551 4597 intempesta
1582 4539 1740 4585 nocte
1764 4531 2037 4588 dormien-

447 4614 590 4667 tibus
619 4615 868 4670 omnibus
894 4617 1213 4674 lamentetur
1238 4620 1329 4674 ille
1353 4622 1519 4688 solus,
1550 4638 1724 4693 neque
1748 4626 1888 4695 quod
1918 4642 2036 4696 per-

446 4709 694 4779 exiguum
727 4710 852 4779 quid
894 4712 1157 4780 postulet,
1207 4715 1348 4783 quod
1375 4715 1503 4768 nihil
1532 4718 1760 4787 amplius
1807 4735 1837 4773 a
1881 4721 2036 4777 nobis

446 4815 607 4870 quam
636 4816 826 4871 panem
846 4844 861 4869 ,
908 4813 999 4857 aut
1024 4806 1239 4874 paulum
1268 4809 1469 4877 argenti
1497 4819 1671 4878 petat,
1718 4827 1889 4882 neque
1920 4828 2036 4868 ma-

446 4892 724 4961 gnitudine
744 4894 1061 4950 calamitatis
1088 4937 1101 4961 ,
1138 4897 1280 4967 quod
1312 4909 1566 4967 perpetua
1597 4902 1733 4957 fame
1758 4903 2037 4960 conflicte-

448 4993 557 5051 tur,
593 5001 767 5057 neque
810 4987 1073 5043 modestia
1114 4990 1481 5059 supplicantis,
1511 4993 1739 5061 quicum
1774 5004 1916 5049 tanta
1942 5012 2039 5051 ne-

446 5078 696 5131 cessitate
740 5089 1038 5148 prematur,
1081 5095 1185 5133 nou
1230 5080 1294 5133 ad
1336 5080 1478 5137 fores
1510 5084 1766 5141 accedere
1804 5086 2037 5153 audeat,

450 5182 556 5223 non
582 5171 826 5226 cominus
856 5181 1015 5236 stare,
1049 5172 1141 5227 sed
1174 5173 1392 5227 inferius
1415 5174 1570 5244 longo
1599 5186 1837 5232 remotus
1868 5189 2034 5233 mter-

449 5266 591 5321 vallo
621 5265 1059 5338 supplicationem
1106 5280 1254 5320 suam
1285 5267 1494 5321 offerat.
1534 5269 1610 5324 Ac
1638 5272 1681 5323 si
1704 5272 1913 5340 quidem
1946 5288 2037 5327 ac-

451 5357 653 5426 cipiat,
695 5357 999 5412 innumeras
1029 5374 1215 5427 preces
1255 5360 1540 5428 rependit:
1568 5361 1613 5415 si
1643 5377 1745 5416 non
1790 5363 2034 5431 accipiat,

454 5464 518 5504 ne
539 5450 618 5504 sic
636 5449 849 5520 quidem
874 5465 1118 5520 asperum
1146 5451 1367 5507 verbum
1383 5452 1599 5518 emittit,
1630 5468 1801 5523 neque
1830 5456 2038 5524 probris

453 5540 743 5595 insectatur
764 5550 857 5595 aut
880 5541 1098 5597 infamat
1125 5558 1239 5609 eos,
1268 5543 1359 5614 qui
1384 5558 1505 5598 cum
1533 5543 1662 5600 dare
1690 5546 1914 5615 possint,
1958 5549 2039 5601 ni-

456 5630 526 5683 hil
560 5632 799 5698 praebent
826 5651 839 5686 :
872 5634 965 5689 sed
1008 5644 1065 5688 ut
1103 5635 1363 5705 quispiam
1393 5634 1517 5689 dum
1548 5636 1613 5691 ad
1645 5637 2035 5693 intolerandum

454 5722 718 5789 quoddam
745 5726 1062 5795 supplicium
1094 5742 1122 5779 a
1148 5727 1396 5783 carnifice
1422 5728 1630 5783 ducitur
1653 5770 1665 5793 ,
1695 5730 1887 5784 deinde
1914 5748 2035 5785 cum

457 5823 836 5882 pra-tereuntrs
861 5833 1045 5874 etnnes
1070 5818 1354 5874 cohortalis
1380 5832 1433 5877 et
1474 5822 1762 5878 tib-.ccraus
1782 5862 1796 5891 ,
1831 5825 2031 5881 nullum

1214 367 1271 421 S.
1312 364 1592 419 JOANNIS
1632 352 2109 416 CHRYSOSTOMI
2151 353 2472 410 ARCHIEP.
2513 355 3048 413 CONSTANTINOP.

3625 361 3739 417 ωδ

2144 467 2439 522 subsidium
2469 469 2711 524 obtinere
2740 471 2987 539 potuerit,
3016 471 3173 524 multa
3201 486 3319 526 cum
3346 472 3745 532 inhumanitate

2140 560 2204 613 ad
2234 562 2548 631 supplicium
2579 563 2824 615 ducitur:
2856 564 2925 615 ita
2958 562 3042 618 hic
3071 580 3281 634 quoque
3311 566 3434 619 dum
3461 578 3739 636 tamquam

2138 669 2164 705 a
2190 654 2438 707 carnifice
2472 654 2697 708 trahitur
2726 655 2789 707 ad
2819 666 3029 709 noctem
3057 671 3085 709 a
3110 656 3272 720 fame,
3300 669 3463 728 atque
3490 660 3558 713 ad
3590 662 3736 730 vigi-

2139 746 2236 798 lias
2279 747 2638 801 intolerabiles
2663 789 2676 809 ,
2731 761 2921 801 manus
2947 748 3147 811 tendit,
3189 760 3245 803 et
3272 750 3578 806 vehementi
3607 770 3738 805 (Ίιιιι

2136 837 2372 891 clamore
2419 854 2628 891 sursum
2662 838 2711 891 in
2744 839 2949 892 :rdibus
2977 841 3226 895 sedentes
3252 841 3583 911 deprecans,
3632 860 3741 899 nec

2138 928 2297 980 ulltnn
2332 928 2673 983 humanitatis
2712 930 2969 985 auxilium
3019 932 3347 1000 impetratis,
3394 950 3515 987 cuin
3566 938 3743 989 multa

2134 1020 2449 1076 crudelitate
2492 1023 2987 1077 immisericorditer
3013 1025 3346 1079 amandatur.
3380 1026 3517 1082 Nihil
3552 1040 3743 1082 tamen

2137 1113 2323 1168 borum
2355 1130 2453 1176 nos
2488 1116 2740 1181 in’lectit,
2788 1117 2879 1170 sed
2903 1127 3023 1185 post
3053 1127 3252 1172 tantam
3288 1119 3737 1175 inhumanitatem

2134 1220 2323 1258 manus
2355 1205 2405 1258 in
2433 1208 2623 1260 exulum
2650 1206 2871 1261 tendere
2896 1206 3155 1263 audemus
3179 1250 3195 1272 ,
3242 1224 3304 1263 ac
3331 1209 3399 1263 de
3424 1212 3738 1267 misericor-

2130 1294 2217 1351 dia
2248 1295 2388 1363 apud
2432 1296 2594 1351 Deum
2622 1298 2780 1350 verba
2810 1298 2987 1352 facere
3012 1339 3029 1364 ,
3072 1301 3391 1371 veniamque
3420 1312 3741 1356 nostrorum

2134 1386 2452 1441 delictorum
2482 1390 2753 1458 postulare
2778 1406 2793 1451 ;
2849 1406 2948 1445 nec
2980 1391 3261 1457 timemus,
3304 1409 3371 1447 ne
3401 1394 3566 1448 ﬁnitis
3589 1396 3739 1465 ejus-

2128 1478 2279 1533 modi
2309 1480 2556 1548 precibus
2585 1491 2702 1549 post
2746 1492 2945 1536 tantam
2987 1483 3359 1539 crudelitatem
3399 1496 3453 1540 et
3484 1488 3735 1540 immani-

2136 1581 2295 1627 tatem
2322 1574 2388 1627 de
2412 1574 2544 1628 caelo
2572 1574 2767 1629 fulmen
2802 1574 2852 1628 in
2888 1590 2986 1630 nos
3010 1587 3148 1631 ruat.
3180 1576 3305 1645 Qui,
3333 1593 3535 1647 ιιιιωεο,
3565 1579 3641 1645 fit,
3672 1591 3735 1635 ut

2133 1677 2254 1717 cum
2277 1663 2341 1717 ad
2365 1680 2612 1718 somnum
2633 1674 2688 1719 et
2714 1665 2949 1734 quietem
2973 1666 3265 1737 pergimus,
3291 1680 3397 1721 non
3423 1684 3731 1736 vereamur,

2132 1771 2202 1808 ne
2230 1754 2385 1809 nobis
2416 1755 2501 1810 hic
2529 1756 2645 1826 ipse
2673 1772 2874 1825 pauper
2904 1758 2955 1811 in
2995 1759 3196 1813 somnis
3234 1774 3499 1828 apparens
3525 1763 3731 1830 Squali-

2133 1843 2256 1908 dus,
2288 1845 2561 1910 sordidus,
2593 1847 2783 1915 pannis
2809 1848 3037 1914 obsitus,
3066 1850 3408 1915 lamentetur,
3438 1867 3501 1905 ac
3528 1852 3734 1921 lugeat,

2133 1943 2188 1988 et
2225 1937 2597 1991 crudelitatem
2644 1939 2973 2007 exprobret?
3018 1940 3108 1995 Sic
3150 1941 3295 1995 enim
3325 1943 3524 1997 multos
3549 1944 3741 1998 auditi;

2133 2025 2372 2080 dicentes
2413 2042 2471 2081 se
2501 2068 2517 2093 ,
2567 2044 2688 2081 cum
2738 2028 2805 2083 de
2854 2030 2941 2084 die
2972 2032 3291 2101 pauperibus
3316 2034 3604 2089 subvenire
3635 2052 3730 2091 ne-

2133 2117 2441 2185 glexissettt,
2464 2121 2607 2174 visos
2633 2120 2731 2175 sibi
2759 2122 2826 2177 de
2849 2134 3005 2178 nocte
3027 2122 3243 2179 intubus
3267 2128 3583 2182 constrictos
3603 2144 3730 2197 age-

2134 2225 2324 2263 norum
2345 2226 2499 2264 tnauu
2526 2211 2684 2274 trahi.
2710 2215 2960 2276 cruciari,
2985 2224 3039 2270 et
3063 2216 3358 2272 innumeris
3387 2220 3544 2273 malis
3565 2220 3726 2274 affici.

2134 2300 2246 2355 Sed
2270 2301 2381 2356 haec
2404 2302 2619 2371 quidem
2648 2319 2870 2359 somnus
2885 2315 3011 2359 sunt
3028 2316 3084 2361 et
3110 2308 3457 2369 insomnium.
3483 2325 3549 2364 ac
3572 2326 3739 2379 pinna

2135 2397 2453 2462 temporaria
2482 2413 2497 2449 ε
2529 2413 2627 2451 nos
2656 2408 2832 2451 autem
2853 2414 3031 2453 nonne
3058 2402 3364 2463 metuimus,
3414 2419 3620 2472 quasso,
3661 2420 3731 2458 ne

2133 2485 2346 2553 quando
2375 2501 2660 2556 pauperem
2686 2487 2825 2543 hunc
2848 2489 3253 2557 lamentantem,
3285 2493 3641 2558 clamantem,
3670 2502 3729 2548 et

2136 2578 2433 2646 plorantem
2461 2581 2510 2632 iu
2537 2579 2764 2635 Abrahae
2781 2580 2901 2635 sinu
2921 2583 3218 2648 videamus,
3242 2594 3300 2638 ut
3321 2585 3447 2640 olim
3472 2585 3731 2641 Lazarum

2136 2671 2226 2725 ille
2247 2672 2439 2726 dives?
2464 2673 2594 2740 Qum
2621 2690 2749 2728 vero
2780 2683 2835 2728 et
2862 2685 3157 2745 sequuntur
3189 2678 3342 2743 inde,
3375 2689 3569 2733 vestrze
3596 2695 3730 2734 con-

2135 2763 2375 2817 scientia:
2401 2765 2702 2835 colligenda
2733 2766 2997 2835 relinquo,
3027 2770 3340 2836 peracerba,
3365 2780 3420 2824 et
3442 2771 3731 2826 intoleran-

2134 2856 2200 2911 da
2229 2857 2317 2911 illa
2346 2866 2626 2924 tormenta,
2654 2874 2766 2928 quo
2797 2869 2954 2929 pacto
2981 2876 3173 2931 aquam
3195 2862 3426 2932 petierit,
3449 2879 3557 2933 quo
3580 2874 3741 2933 pacto.

2136 2967 2205 3006 ne
2228 2960 2431 3020 guttam
2454 2951 2675 3022 quidem
2705 2952 3019 3019 obtinuerit,
3051 2970 3158 3024 quo
3190 2964 3344 3024 pacto
3373 2957 3613 3010 cruciata
3634 2957 3732 3010 lin-

2135 3056 2236 3111 gua
2270 3041 2446 3108 fuerit,
2474 3042 2743 3112 quomodo
2770 3054 2888 3113 post
2918 3046 3113 3099 multas
3141 3060 3329 3114 preces
3355 3045 3500 3100 fusas
3528 3047 3730 3101 nullam

2138 3134 2297 3187 fuerit
2335 3134 2543 3189 veniam
2584 3147 2985 3204 consequutus,
3037 3145 3094 3191 et
3139 3137 3410 3207 quomodo
3456 3139 3736 3207 suppliciis

2139 3235 2481 3295 torqueretur
2506 3227 2740 3281 aeternis.
2769 3230 2839 3281 At
2866 3228 3009 3283 enim
3041 3229 3179 3283 absit
3218 3237 3278 3283 ut
3304 3228 3403 3283 ista
3436 3244 3538 3283 nos
3566 3245 3730 3299 expe-

2138 3316 2369 3369 rimento
2398 3330 2680 3371 noscamus
2702 3357 2720 3384 ,
2775 3318 2868 3372 sed
2895 3333 2956 3375 ea
2986 3326 3189 3373 tantum
3229 3319 3371 3374 dicta
3416 3321 3730 3387 audientes,

2139 3408 2311 3461 minas
2331 3409 2584 3477 operibus
2611 3410 2783 3464 illatas
2803 3412 3092 3479 evitemus,
3106 3427 3170 3467 ae
3196 3413 3338 3483 digni
3361 3414 3579 3479 redditi,
3600 3430 3743 3483 quos.

2140 3515 2371 3569 proavus
2398 3502 2664 3555 Abraham
2695 3503 2920 3558 comiter
2942 3520 3006 3559 ac
3031 3517 3374 3575 peramauter
3392 3508 3646 3577 excipiat,
3668 3507 3744 3564 ad!

2138 3591 2386 3645 emndetn
2418 3607 2540 3646 cum
2569 3592 2659 3645 illo
2684 3595 2964 3663 pervenire
3002 3597 3175 3651 locum
3221 3598 3521 3666 possimus,
3568 3599 3743 3670 gratia

2137 3690 2193 3737 et
2224 3682 2549 3754 benignitate
2582 3684 2789 3740 Domini
2819 3688 2985 3741 nostri
3017 3686 3141 3741 Jesu
3183 3687 3415 3754 Christi,
3468 3705 3591 3743 cum
3629 3705 3732 3759 quo

2139 3772 2281 3827 Patri
2307 3775 2500 3841 gloria,
2517 3773 2713 3838 honor,
2732 3775 3039 3844 imperium,
3058 3794 3158 3831 una
3175 3794 3293 3833 cum
3311 3779 3509 3849 Spiritu
3525 3789 3744 3848 sancto,

2141 3882 2281 3921 nunc
2312 3877 2365 3921 ct
2392 3883 2622 3937 semper,
2658 3879 2709 3924 et
2734 3869 2785 3923 in
2816 3870 3011 3924 saecula
3038 3872 3383 3927 saeculorum.
3405 3878 3601 3928 Amen.

2707 4002 2939 4059 SERMO
2979 4004 3043 4059 Vl
3070 4004 3167 4079 (a).

2139 4135 2218 4191 De
2262 4138 2423 4207 tigno,
2466 4156 2539 4192 an
2576 4156 2637 4193 ea:
2689 4157 2745 4193 eo
2779 4142 3113 4210 cognitionem
3144 4143 3262 4196 boni
3284 4154 3331 4197 et
3358 4145 3483 4198 ntali
3511 4145 3741 4199 Adanuto

2210 4232 2423 4298 adeptus
2444 4233 2529 4296 sit,
2556 4250 2621 4285 an
2650 4249 2769 4286 vero
2791 4244 3058 4304 antequam
3101 4236 3287 4299 ederet,
3315 4237 3410 4290 hac
3434 4238 3734 4307 dignoscan-

2212 4323 2264 4373 di
2292 4322 2532 4390 facultate
2559 4325 2798 4391 prwdims
2828 4325 2976 4392 fuerit
3011 4343 3028 4379 .·
3055 4326 3272 4394 itemque
3319 4329 3382 4381 de
3418 4330 3646 4399 jejunio,
3690 4340 3745 4383 ει

2211 4414 2345 4481 quod
2366 4424 2589 4479 oporteat
2621 4415 2757 4468 domi
2792 4417 3022 4470 meditari
3048 4434 3161 4485 qua:
3185 4419 3238 4471 in
3265 4419 3470 4473 ecclesia
3499 4422 3737 4475 dicuntur

2213 4508 2231 4573 (
2258 4505 2383 4558 Gen.
2409 4506 2462 4559 2.
2492 4507 2575 4559 17.
2598 4524 2705 4576 sqq.

2213 4619 2265 4672 ί.
2309 4618 2513 4681 Quanto
2567 4620 2739 4672 utilius
2780 4623 2845 4671 sit
2883 4620 3205 4674 conciouibus
3254 4621 3534 4685 interesse,
3587 4639 3733 4690 quant

2145 4710 2373 4779 profanis
2400 4710 2740 4763 conuentibus.
2770 4740 2841 4750 -—
2867 4710 3135 4778 Jejunium
3163 4712 3374 4781 quidem
3402 4713 3569 4784 diligo
3595 4715 3731 4783 quod

2145 4802 2508 4870 temperantia:
2545 4802 2613 4855 sit
2651 4818 2865 4870 parens,
2896 4812 2949 4857 et
2972 4805 3091 4857 fons
3114 4804 3289 4858 omnis
3334 4807 3689 4875 philosopbim
3717 4826 3732 4861 :

2144 4891 2237 4945 scd
2292 4901 2346 4946 et
2394 4892 2521 4946 illud
2557 4902 2773 4963 propter
2802 4909 2897 4948 vos
2916 4894 3100 4963 dilige,
3131 4906 3187 4950 et
3236 4907 3457 4967 propter
3505 4909 3733 4955 vestram

2143 4985 2439 5047 caritatem,
2463 4985 2603 5053 quod
2632 4986 2771 5039 hunc
2785 4986 2914 5040 mibi
2942 5002 3151 5043 sacrum
3182 4998 3340 5059 atque
3365 4992 3729 5046 venerandum

2143 5086 2335 5129 emtum
2349 5076 2600 5144 coegerit,
2618 5076 2773 5146 idque
2793 5086 3025 5146 prmstet,
3040 5089 3096 5132 ut
3112 5090 3321 5148 optatos
3336 5082 3513 5137 vultus
3531 5092 3733 5138 vestros

2143 5165 2333 5219 intueri
2352 5166 2634 5234 possimus,
2649 5168 2992 5234 eteoneedat,
3014 5179 3074 5223 ut
3091 5170 3191 5224 hoc
3217 5185 3371 5227 sacro
3389 5184 3659 5228 conventu
3678 5188 3735 5229 ac

2144 5257 2428 5313 festivitate
2441 5275 2558 5313 eum
2584 5260 2769 5315 fiducia
2788 5261 3131 5317 delectemur.
3154 5263 3269 5319 Non
3293 5266 3434 5319 enim
3449 5268 3647 5322 errabit
3673 5269 3733 5331 is,

2144 5352 2231 5420 qui
2252 5366 2561 5406 consessum
2580 5352 2721 5408 hunc
2736 5363 2973 5409 vestrum
2999 5366 3052 5410 et
3080 5372 3288 5411 sacrum
3306 5370 3651 5421 conventum,
3686 5370 3734 5414 et

2146 5442 2502 5506 kstivitatem,
2531 5453 2586 5496 et
2608 5444 2716 5499 alia
2731 5454 2977 5499 sexcenta
3000 5446 3137 5500 bona
3158 5450 3498 5517 nuncuparit.
3532 5450 3666 5503 Nam
3693 5451 3733 5504 si

2147 5531 2198 5584 in
2238 5530 2409 5584 forum
2450 5533 2717 5601 profectus
2740 5536 3023 5604 quispiam,
3055 5537 3183 5592 etin
3211 5539 3441 5607 aliquem
3498 5541 3732 5595 incidens

2145 5638 2208 5678 ex
2230 5624 2434 5688 amicis,
2463 5640 2677 5681 omnem
2702 5642 2843 5695 s:epe
2872 5628 3149 5686 tristitiam
3186 5629 3446 5701 abstergit
3476 5648 3489 5683 :
3516 5647 3619 5686 nos
3651 5634 3736 5700 qui

2209 5777 2279 5834 tu)
2314 5784 2746 5890 liqueﬁgrmonem
2774 5790 2824 5831 et
2848 5791 3143 5845 sequentem
3161 5784 3326 5835 confer
3344 5799 3451 5835 cum
3474 5785 3643 5836 ﬂoruit.
3664 5785 3733 5834 18-

2209 5852 2292 5890 vra
2315 5853 2369 5889 co
2397 5876 2406 5886 .
2529 5876 2541 5888 .

2146 5850 2292 5902 mpm
2315 5850 2406 5889 L‘Ol.
2438 5850 2541 5890 ιιδ.
