4028 6360
341 357 456 411 οδε

345 472 669 543 ἀνθρώπους
699 474 1010 545 βλέποντες,
1040 478 1213 544 οὕτως
1236 480 1416 534 οἴκαδε
1452 483 1803 554 ἐπειγόμεθα.
1854 488 1926 538 Τὸ

346 563 456 633 γάρ
486 568 678 635 πεινῇν
710 570 1143 637 καταναγκάζει,
1176 574 1329 644 φησί.
1366 575 1478 627 Καὶ
1515 574 1619 645 μὴν
1644 576 1705 628 τὸ
1739 580 1929 647 πεινῇν

343 655 585 709 πειθέτω
611 658 793 727 μένειν
811 678 823 691 ·
843 662 899 712 αί
922 662 1021 731 μὲν
1038 663 1147 735 γὰρ
1164 665 1618 736 ἐμπεπλησμέναι
1639 668 1924 738 γαστέρες,

343 746 491 800 κατά
517 748 617 819 τὴν
646 753 961 821 παροιμίαν,
994 755 1093 817 τὰς
1124 756 1404 819 πεινώσας
1432 758 1717 825 ἀγνοοῦσιν
1744 775 1758 791 ·
1790 761 1843 813 αί
1867 758 1925 811 δὲ

344 838 615 892 πεινῶσαι
645 841 709 893 ἐκ
746 845 845 912 τῆς
878 845 1086 908 οἰκείας
1118 847 1365 918 ἀνάγκης
1390 849 1485 902 καὶ
1512 850 1609 918 τὴν
1638 849 1924 920 ἀλλοτρίαν

343 929 771 996 ἐπιγινώσκουσι
801 949 821 963 ‘
860 934 1139 1003 μᾶλλονδὲ
1159 937 1278 990 οὐδὲ
1318 936 1460 991 οὕτω
1490 939 1711 994 δυνατὸν
1743 944 1923 995 πᾶσαν

338 1019 512 1091 αὐτὴν
552 1022 808 1075 κατιδεῖν.
856 1023 928 1076 Σὺ
969 1025 1065 1094 μέν
1113 1026 1222 1097 γὰρ
1274 1028 1366 1080 ἐπὶ
1399 1032 1921 1103 παρεσκευασμένην

340 1112 557 1181 τρέχεις
585 1114 885 1185 τράπεζαν,
923 1118 1017 1169 καὶ
1035 1118 1155 1171 οὐδὲ
1195 1120 1389 1189 μικρὸν
1415 1123 1703 1192 ἀναμεῖναι
1729 1123 1919 1196 ἀνέχῃ⁸

339 1206 369 1257 ὁ
393 1204 451 1256 δὲ
476 1205 641 1275 πένης
664 1206 863 1278 ’έστηκε
896 1209 1057 1280 μέχρι
1072 1213 1171 1282 τῆς
1201 1212 1440 1284 ἑσπέρας
1464 1215 1652 1285 αὐτῆς,
1674 1215 1919 1269 σπεύδων

336 1297 436 1348 καὶ
458 1297 807 1367 ἐπειγόμενος
838 1299 941 1369 τὴν
962 1303 1235 1373 ἐφήμερον
1256 1306 1462 1375 τροφὴν
1480 1307 1799 1377 ἀπαρτίσαι·
1826 1308 1919 1361 καὶ

336 1390 483 1459 ὀρῶν
516 1391 615 1461 τὴν
634 1392 730 1459 μὲν
763 1392 976 1461 ἡμέραν
1016 1394 1419 1465 πληρωθεῖσαν,
1450 1397 1511 1449 τὸ
1567 1399 1623 1451 δέ
1654 1398 1916 1469 ἀργύριον

332 1482 553 1535 οὐδέπω
579 1482 866 1553 πληρωθὲν
890 1483 1054 1543 ἅπαν,
1083 1486 1141 1538 τὸ
1168 1486 1303 1556 πρὸς
1329 1489 1533 1558 τροφὴν
1565 1490 1769 1559 ἀρκοῦν
1820 1493 1917 1557 ἐφ-

330 1575 561 1647 ήμερον,
588 1576 839 1629 ὀδυνᾶται
871 1578 963 1629 καὶ
1001 1578 1361 1650 ἐμπίπραται,
1403 1581 1496 1633 καὶ
1545 1582 1767 1651 μείζονα
1815 1582 1916 1652 τῆς

335 1668 545 1730 οἰκείας
573 1667 859 1737 δυνάμεως
897 1668 1102 1739 τολμᾷν
1135 1670 1520 1737 ἀναγκάζεται.
1541 1673 1640 1726 Διά
1673 1674 1831 1726 τοῦτο
1856 1679 1912 1729 ἐν

333 1758 546 1829 ἑσπέρα
586 1758 942 1830 σφοδρότερον
964 1760 1095 1829 ημῖν
1119 1761 1471 1822 ἐπιτίθενται,
1495 1763 1777 1833 ὀμνύντες,
1816 1766 1911 1835 ὀρ-

333 1849 577 1915 κοῦντες,
601 1850 947 1921 θρηνοῦντες,
977 1852 1381 1924 ὀλοφυρόμενοι,
1412 1857 1510 1918 τὰς
1535 1859 1721 1927 χεῖρας
1739 1859 1914 1910 ἐκτείο

332 1960 536 2007 νοντες,
594 1944 764 2014 μυρία
823 1945 988 2015 ἕτερα
1022 1946 1397 2016 ἀναισχυντεῖν
1456 1950 1906 2021 ἀναγκαζόμενοι.

332 2034 616 2088 Δεδοίκασι
668 2036 777 2105 γὰρ
821 2036 916 2107 μὴ,
956 2036 1175 2089 πάντων
1209 2039 1390 2091 οἴκαδε
1417 2040 1907 2110 ἀναχωρησάντων,

336 2125 484 2197 [669]
507 2126 583 2188 ὡς
606 2129 660 2178 ἑν
684 2129 895 2198 ἐρήμῳ,
916 2132 981 2199 τῇ
1014 2130 1163 2181 πόλει
1192 2128 1495 2184 πλανᾶσθαι
1529 2134 1781 2199 μέλλωσι.
1803 2135 1910 2187 Καὶ

332 2217 587 2288 καθάπερ
616 2220 668 2271 οἱ
695 2221 938 2289 ναυαγίῳ
961 2221 1346 2289 περιπεσόντες
1369 2225 1427 2275 ἐν
1453 2225 1655 2296 ἡμέρα,
1692 2226 1910 2280 ἐπειδὰν

333 2309 697 2365 ἐπιλάϐωνται
745 2311 973 2374 σανίδος,
1021 2314 1126 2384 πρὸ
1173 2314 1275 2384 τῆς
1320 2315 1557 2386 ἑσπέρας
1589 2316 1679 2369 τὸν
1716 2318 1909 2387 λιμένα

332 2401 658 2454 καταλαϐεῖν
681 2404 1013 2470 ἐπείγονται,
1032 2406 1243 2474 μήποτε
1272 2406 1371 2476 τῆς
1405 2407 1599 2471 νυκτὸς
1654 2409 1910 2461 ἐπελθού-

333 2511 432 2563 σης
460 2494 564 2557 ἔξω
590 2495 872 2563 μείναντες
894 2495 1271 2566 χαλεπωτέρου
1299 2498 1598 2567 πειραθῶσι
1625 2500 1716 2553 τοῦ
1743 2517 1909 2553 ναυα-

327 2585 471 2651 γίουο
501 2584 643 2637 οὕτω
659 2587 751 2638 καὶ
773 2586 821 2638 οἱ
857 2589 1107 2657 πένητες,
1125 2588 1373 2661 καθάπερ
1398 2592 1652 2659 ναυάγιον
1674 2591 1907 2645 δεδοικό-

328 2694 419 2739 τες
450 2677 541 2729 τὸν
559 2677 735 2746 λιμὸν,
768 2678 1055 2733 σπεύδουσι
1105 2680 1210 2751 πρὸ
1255 2682 1354 2751 τῆς
1403 2682 1639 2751 ἑσπέρας
1672 2683 1731 2735 τὸ
1771 2685 1907 2755 πρὸς

330 2767 531 2839 τροφὴν
558 2770 741 2831 αὐτοῖς
757 2769 1017 2843 ἀργύριον
1054 2772 1257 2843 ἀρκοῦν
1308 2777 1652 2843 συναγαγεῖν,
1690 2776 1774 2829 ἵνα
1809 2777 1903 2847 μὴ,

329 2858 543 2910 πάντων
604 2858 1074 2929 ἀποδημησάντων
1142 2861 1345 2925 οἶκαδε,
1406 2862 1508 2925 ἔξω
1570 2863 1661 2916 τοῦ
1690 2863 1906 2935 λιμένος

330 2945 572 3013 μείνωσι.
594 2946 774 3017 Λιμὴν
792 2947 902 3019 γὰρ
930 2948 1115 3012 αὐτοῖς
1146 2951 1203 3003 αἱ
1220 2952 1329 3003 τῶν
1355 2952 1906 3023 ἀντιλαμϐανομένων

326 3039 506 3110 χεῖρές
530 3040 689 3091 εἰσιν.

393 3223 457 3278 δ’.
480 3225 669 3295 Ἡμεῖς
697 3226 753 3278 δὲ
765 3226 887 3280 οὔτε
904 3229 962 3281 ἐν
978 3228 1151 3298 ἀγορᾷ
1168 3228 1304 3300 πρὸς
1325 3228 1668 3300 τάςςέκείνων
1689 3232 1903 3302 ἐκκαμ-

323 3318 570 3388 πτόμεθα
593 3335 657 3371 συ
667 3320 902 3390 μφοράς,
933 3319 1057 3373 οὐτε
1087 3321 1267 3373 οἴκαδε
1294 3322 1637 3386 ἀπελθόντες·
1662 3323 1903 3376 ἀλλὰκαὶ

320 3411 421 3478 τῆς
442 3411 722 3481 τραπέζης
751 3414 885 3481 ἡμῖν
919 3414 1351 3483 παρακειμένης,
1386 3416 1648 3479 πολλάκις
1684 3417 1777 3469 καὶ
1802 3435 1904 3486 μυ-

322 3500 456 3572 ρίων
504 3502 782 3573 γεμούσης
825 3503 1045 3571 ἀγαθῶν
1090 3505 1225 3575 (εἴγε
1258 3507 1437 3575 ἀγαθά
1476 3507 1581 3580 χρὴ
1627 3510 1830 3572 καλεῖν,
1865 3510 1901 3564 ἆ

319 3593 415 3645 ἐπὶ
455 3593 775 3664 κατακρίσει
818 3595 915 3665 τῆς
958 3594 1116 3666 ήμῶν
1167 3598 1562 3668 ἀπανθρωπίας
1600 3600 1897 3673 ἐσθίομεν),

321 3684 459 3756 πλὴν
484 3686 618 3738 ἀλλά
648 3688 743 3740 καὶ
768 3690 866 3754 τῆς
900 3686 1176 3758 τραπέζης
1208 3692 1640 3761 παρακειμένης,
1669 3693 1897 3746 ἀκούον-

316 3793 414 3838 τες
440 3777 680 3830 κάτωθεν
708 3778 798 3831 διὰ
826 3778 934 3831 τῶν
977 3779 1265 3833 στενωπῶν
1298 3780 1622 3851 βαδιζόντων
1652 3785 1895 3847 ἐκείνων,

320 3869 418 3922 καὶ
451 3869 659 3939 μεγάλα
696 3868 940 3939 βοώντων
976 3871 1034 3921 ἐν
1088 3873 1200 3935 τοῖς
1244 3873 1525 3941 ἀμφόδοις,
1546 3874 1897 3945 ὀδυνωμένων

320 3961 379 4013 ἐν
432 3961 718 4031 βαθυτάτῳ
770 3961 968 4031 σκότῳ,
1007 3963 1063 4013 ἐν
1098 3963 1303 4035 ἐρημία
1329 3964 1517 4035 πολλῇ,
1578 3967 1698 4019 οὐδὲ
1725 3966 1896 4029 οὕτως

318 4051 803 4123 ἐπικαμπτόμεθα⁹
853 4053 987 4107 ἀλλὰ
1029 4054 1125 4107 καὶ
1159 4054 1583 4125 ἐμπλησθέντες,
1617 4057 1710 4110 καὶ
1760 4060 1897 4129 πρὸς

319 4141 486 4195 ὕπνον
513 4143 836 4211 βαδίζοντες,
868 4146 966 4197 καὶ⁸
996 4146 1052 4197 ἐν
1084 4145 1276 4216 ἐκείνῳ
1308 4146 1469 4200 πάλιν
1485 4147 1562 4218 τῷ
1596 4149 1770 4220 καιρῷ
1795 4169 1895 4219 με·-

317 4236 459 4305 γάλα
491 4237 733 4290 κάτωθεν
763 4238 1104 4308 ὀδυρομένων
1157 4239 1468 4305 ἀκούοντες,
1516 4240 1704 4312 ὥσπερ
1734 4244 1895 4307 κυνὸς

314 4326 635 4390 λυττῶντος,
660 4327 773 4379 ἀλλ’
825 4329 925 4381 οὐκ
959 4328 1307 4401 ἀνθρωπίνης
1361 4332 1648 4395 ἀκούοντες
1710 4335 1896 4402 φωνῆς

315 4417 460 4469 οὕτω
489 4418 928 4488 παρατρέχομενο
958 4421 1052 4473 καὶ
1101 4418 1227 4473 οὗτε
1256 4421 1394 4493 πρὸς
1434 4423 1526 4474 τὸν
1562 4425 1751 4494 καιρὸν
1774 4427 1893 4477 ἐπι-

320 4511 683 4581 στρεφόμεθα,
712 4512 795 4563 ὄτι
834 4512 975 4582 ἀωρὶ
1005 4511 1190 4565 λοιπὸν
1216 4513 1325 4565 τῶν
1349 4515 1560 4567 νυκτῶν
1600 4516 1891 4568 καθευδόν-

316 4616 425 4652 των
454 4599 707 4651 ἀπάντων
737 4599 943 4662 ἐκεῖνος
970 4599 1217 4671 ὀδύρεται
1259 4602 1438 4671 μόνος,
1469 4601 1595 4654 οὔτε
1636 4603 1774 4673 πρὸς
1829 4604 1892 4657 τὸ

316 4688 519 4758 κοῦφον
549 4690 644 4757 τῆς
673 4689 962 4759 αἰτήσεως,
992 4691 1073 4743 ὄτι
1124 4690 1289 4763 ἄρτου
1340 4693 1503 4747 πλέον
1549 4696 1700 4748 οὐδὲν
1743 4698 1893 4765 ἡμᾶς

314 4782 558 4845 ἀπαιτεῖ,
581 4782 614 4852 ἢ
639 4782 901 4853 ἀργύριον
924 4782 1121 4852 ὀλίγον,
1144 4783 1269 4839 οὗτε
1292 4786 1426 4857 πρὸς
1466 4787 1527 4840 τὸ
1549 4788 1775 4857 μέγεθος
1795 4792 1893 4860 τῆς

316 4874 622 4943 συμφορᾶς,
651 4872 889 4943 ὃτιλιμῴ
912 4874 1131 4929 παλαίει
1173 4876 1427 4947 διηνεκεῖ.
1455 4878 1580 4933 οὔτε
1629 4882 1763 4951 πρὸς
1792 4881 1891 4947 τὴν

313 4962 613 5016 ἐπιείκειαν
669 4965 761 5017 τοῦ
814 4966 990 5018 ἱκέτου
1018 5007 1034 5032 ,
1086 4968 1168 5021 ὅτι
1231 4971 1464 5043 τοσαύτῃ
1529 4974 1890 5043 κατεχόμενος

312 5051 551 5122 ἀνάγκη,
565 5052 625 5103 ού
650 5053 783 5123 πρὸς
804 5054 901 5119 τὰς
932 5055 1101 5126 θύρας
1125 5058 1319 5124 ἐλθεῖν,
1337 5063 1436 5114 οὐκ
1451 5064 1616 5131 ἐγγὺς
1635 5065 1890 5132 γενέσθαι

310 5138 508 5209 τολμᾷ,
560 5140 694 5195 ἀλλὰ
750 5143 992 5199 κάτωθεν
1031 5147 1095 5198 ἐκ
1140 5147 1335 5201 πολλοῦ
1370 5150 1466 5202 τοῦ
1524 5153 1890 5224 διαστήματος

312 5233 546 5285 ποιεῖται
567 5233 665 5303 τὴν
694 5233 989 5306 ἱκετηρίαν.
1020 5237 1138 5291 Κάν
1173 5239 1270 5308 μὲν
1298 5240 1456 5314 λάϐῃ,
1489 5245 1683 5316 μυρίας
1708 5246 1890 5301 δίδωσι

308 5322 410 5385 τὰς
434 5322 617 5392 εὐχάς·
646 5322 711 5377 ἂν
741 5325 796 5378 δὲ
828 5325 904 5397 μὴ
934 5326 1073 5399 λάϐῃ
1092 5369 1108 5393 ,
1133 5331 1252 5401 οὐδὲ
1283 5332 1427 5386 οὕτω
1469 5337 1663 5406 πικρὸν
1694 5337 1888 5392 ἐκϐάλ-

309 5410 393 5465 λει
416 5413 587 5483 ῥῆμα,
618 5416 737 5468 οὐδέ
768 5414 1088 5490 λοιδορεῖται
1114 5422 1208 5474 καὶ
1235 5422 1545 5495 βλασφημεῖ
1573 5429 1697 5491 τοὺς
1724 5428 1881 5483 δυνα-

314 5503 509 5572 μένους
536 5504 738 5574 δοῦναι,
775 5511 869 5563 καὶ
906 5510 981 5582 μὴ
1033 5513 1393 5585 παρέχοντας⁹
1432 5517 1545 5569 ἀλλ’
1574 5517 1764 5592 ὥσπερ
1803 5539 1883 5587 τις

309 5595 417 5683 ὑπὸ
445 5596 640 5667 δημίου
686 5600 832 5663 τινὸς
862 5603 955 5654 ἐπὶ
1008 5604 1230 5657 κόλασιν
1266 5606 1532 5677 ἀγόμενος
1588 5611 1882 5683 ἀφόρητον,

310 5678 429 5737 εἶτα
444 5687 570 5749 τούς
602 5689 896 5759 παριόντας
920 5692 1166 5757 ἅπαντας
1207 5697 1560 5767 παρακαλῶν,
1603 5701 1879 5767 ἱκετεύων,

309 5775 405 5827 καὶ
449 5778 718 5849 μηδεμιᾶς
776 5783 1056 5851 τυγχάνων
1088 5787 1461 5857 ἀντιλήψεως,
1495 5791 1634 5857 μετά
1679 5792 1881 5859 πολλῆς

1570 365 1640 420 1N
1677 367 1978 424 GENESIM
2017 367 2253 428 SERMO
2302 374 2392 432 Vl.

3499 394 3605 451 60'.

2036 489 2132 558 τῆς
2170 491 2563 561 ἀπανθρωπίας
2584 495 2718 566 πρὸς
2747 495 2842 569 τὴν
2875 500 3094 554 κόλασιν
3118 503 3329 572 ἄγεταν
3354 505 3491 560 οῦτω
3513 516 3601 563 καὶ

2033 574 2207 645 οὗτος,
2249 583 2498 653 καθάπερ
2520 586 2622 638 ὑπὸ
2642 587 2833 658 δημίου
2865 590 2959 642 τοῦ
2989 592 3144 663 λιμοῦ
3167 596 3301 667 πρὸς
3315 599 3414 671 τὴν
3435 600 3603 654 νύκτα

2033 670 2320 741 ἑλκόμενος
2346 675 2444 727 ’καὶ
2469 676 2566 748 τὴν
2587 680 2856 750 ἀφόρητον
2883 684 3211 754 ἀγρυπνίαν,
3250 670 3477 743 ἐκτείνει
3506 694 3603 762 μὲν

2031 763 2127 826 τὰς
2166 767 2369 834 χεῖρας,
2403 768 2540 835 μετά
2583 773 2814 842 σςροδρᾶς
2841 776 2938 845 τῆς
2966 776 3094 847 βοῆς
3141 780 3266 843 τοὺς
3292 783 3348 832 ἑν
3380 786 3497 847 ταῖς
3528 788 3603 837 oi-

2032 855 2176 919 κίαις
2202 858 2313 911 ἄνω
2347 859 2686 931 καθημένους
2740 868 3093 935 παρακαλῶν,
3121 871 3374 942 οὐδεμιᾶς
3405 875 3462 927 δὲ
3483 877 3601 944 φιλ·

2030 947 2343 1018 ανθρωπίας
2405 955 2719 1022 τυγχάνων,
2770 958 3012 1026 ἀνηλεῶς
3061 963 3449 1033 ἀποπέμπεται
3508 970 3601 1022 καὶ

2026 1041 2168 1110 μετά
2209 1042 2408 1112 πολλῆς
2435 1045 2533 1114 τῆς
2560 1045 2859 1117 ὠμότητος.
2890 1051 3027 1103 Ἀλλ’
3054 1054 3205 1107 οὐδὲν
3228 1058 3436 1111 τούτων
3456 1061 3601 1129 ἡμᾶς

2028 1132 2384 1202 ἐπικάμπτει,
2432 1137 2566 1190 ἀλλά
2598 1140 2735 1209 μετὰ
2767 1142 3036 1214 τοσαύτην
3080 1147 3474 1218 ἀπανθρωπίαν
3522 1155 3601 1217 εἰς

2027 1226 2115 1278 τὸν
2141 1228 2366 1297 οὐρανὸν
2398 1231 2631 1283 ἐκτεῖναι
2657 1232 2755 1295 τὰς
2780 1237 2967 1305 χεῖρας
2999 1238 3305 1309 τολμῶμεν,
3342 1244 3435 1295 καὶ
3474 1248 3601 1315 περὶ

2024 1318 2175 1371 ἐλέου
2204 1320 2546 1393 διαλεχθῆναι
2575 1324 2651 1394 τῷ
2704 1326 2839 1396 Θεῷ,
2874 1330 2962 1383 καὶ
3012 1332 3339 1401 συγγνώμην
3378 1337 3599 1405 αἰτῆσαι

2022 1411 2130 1463 τῶν
2159 1412 2372 1465 οἰκείων
2395 1415 2827 1486 ἁμαρτημάτων·
2850 1422 2940 1473 καὶ
2975 1424 3033 1475 ού
3065 1424 3379 1495 δεδοίκαμεν
3412 1427 3485 1498 μὴ
3510 1446 3599 1480 κε-

2024 1506 2215 1573 ραυνὸς
2248 1506 2384 1575 μετά
2405 1507 2502 1577 τὴν
2532 1510 2786 1581 τοιαύτην
2801 1513 2965 1583 εὐχὴν
2996 1518 3316 1589 κατενεχθῇ,
3342 1522 3479 1588 μετά
3499 1523 3598 1591 τὴν

2020 1596 2288 1667 τοσαύτην
2336 1598 2591 1669 ὠμότητα
2644 1602 2739 1654 καὶ
2796 1605 3214 1675 ἀπανθρωπίαν.
3279 1612 3404 1675 Πῶς
3462 1613 3598 1683 πρὸς

2025 1684 2212 1748 ὕπνον,
2255 1688 2373 1740 εἰπέ
2412 1706 2527 1757 μοι,
2561 1690 2843 1762 βαδίζομεν
2898 1697 2991 1748 καὶ
3019 1698 3344 1763 ἀνάπαυσιν,
3387 1703 3481 1755 καὶ
3533 1704 3593 1755 οὐ

2018 1778 2336 1849 δεδοίκαμεν
2376 1780 2525 1854 [670]
2562 1786 2635 1854 μὴ
2690 1789 2809 1839 κατ’
2845 1786 2975 1859 δναρ
3004 1790 3165 1853 αὐτὸς
3210 1788 3364 1855 οὗτος
3409 1795 3538 1865 ὑμῖν
3568 1798 3597 1849 ὁ

2020 1872 2189 1939 πένης
2211 1874 2453 1938 ἐπιστάς,
2485 1877 2731 1944 αὐχμῶν,
2760 1880 2946 1948 ῥυπῶν
3003 1882 3168 1951 ῥάκια
3197 1886 3596 1956 περιϐεϐλημέ-

2019 1980 2127 2026 νος,
2160 1965 2419 2034 ὀδύρηται
2452 1969 2543 2019 καὶ
2571 1969 2836 2042 θρηνήσῃ,
2882 1973 2980 2043 τὴν
3011 1973 3270 2044 ὡμότητα
3317 1978 3592 2045 ἐγκαλῶνς

2017 2053 2129 2105 Καὶ
2158 2054 2266 2124 γὰρ
2298 2055 2507 2109 πολλῶν
2534 2058 2789 2122 πολλάκις
2817 2063 3027 2131 ηκουσα
3062 2064 3346 2133 λεγόντων,
3371 2070 3452 2120 ὅτι
3475 2072 3594 2140 μεθ’

2018 2145 2232 2215 ἡμέραν
2254 2147 2602 2217 ὑπεριδόντες
2624 2150 2722 2219 τῆς
2749 2152 2855 2204 τῶν
2886 2155 3115 2225 πτωχῶν
3144 2157 3497 2229 ἀντιλήψεως,
3535 2164 3592 2214 ἐν

2018 2240 2171 2294 νυκτὶ
2213 2243 2421 2311 σχοινία
2471 2244 2970 2316 περιϐεϐλημένους
3026 2252 3250 2313 ἑαυτοὺς
3304 2248 3443 2305 εἶδον
3497 2255 3592 2307 καὶ

2017 2331 2341 2401 ἑλκομένους
2370 2335 2473 2386 ὐπὸ
2499 2337 2596 2405 τῆς
2613 2336 2720 2388 τῶν
2770 2339 3018 2408 πενήτων
3050 2341 3248 2411 χειρὸς,
3283 2359 3591 2413 σπαραττο-

2020 2424 2231 2492 μένους,
2259 2427 2425 2494 μυρία
2452 2427 2759 2496 πάσχοντας
2784 2431 3105 2499 πράγματα.
3125 2430 3285 2484 Ἀλλά
3304 2433 3473 2487 ταῦτα
3495 2435 3592 2503 μὲν

2012 2517 2182 2580 ὕπνος
2207 2519 2300 2570 καὶ
2335 2519 2486 2586 ὄναρ,
2528 2520 2619 2571 καὶ
2675 2521 3008 2592 πρόσκαιρος
3061 2524 3499 2596 τιμωρίαοήμεῖς
3538 2526 3591 2580 vi:

2014 2610 2075 2661 οὐ
2102 2609 2440 2679 δεδοίκαμεν,
2469 2612 2589 2662 είπέ
2625 2629 2734 2680 μοι,
2787 2616 2997 2682 μήποτε
3028 2615 3119 2667 τὸν
3168 2616 3376 2687 πένητα
3405 2619 3591 2671 τοῦτον

2013 2701 2104 2753 τὸν
2134 2702 2454 2772 ὀδυρόμενον
2481 2705 2573 2755 καὶ
2603 2704 2811 2773 βοῶντα
2846 2707 2939 2758 καὶ
2968 2706 3366 2779 ὀλοφυρόμενον
3398 2711 3455 2762 ἐν
3480 2716 3592 2771 τοῖς

2012 2793 2233 2856 κόλποις
2266 2794 2462 2863 ἴδωμεν
2490 2794 2583 2847 τοῦ
2620 2796 2888 2867 Ἀϐραὰμ,
2927 2797 3178 2871 καθάπερ
3209 2802 3339 2854 ποτὲ
3364 2803 3454 2855 τὸν
3483 2806 3592 2856 Λά-

2013 2882 2179 2955 ζαρον
2230 2886 2260 2935 ὁ
2306 2884 2558 2948 πλούσιος
2605 2888 2839 2952 ἐκεῖνος;
2896 2890 2974 2942 Τὰ
3004 2891 3060 2943 δέ
3111 2893 3357 2945 ἐντεῦθεν
3387 2896 3587 2966 ἀφίημι

2013 2977 2166 3046 ὑμῶν
2197 2977 2275 3047 τῷ
2334 2979 2617 3041 συνειδότι,
2678 2980 2746 3033 τὰ
2814 2982 2985 3051 πικρά
3038 2985 3129 3036 καὶ
3177 2986 3588 3058 ἀπαραμύθητα

2010 3070 2195 3123 ἐκεῖνα
2227 3071 2583 3141 κολαστήρια,
2606 3072 2721 3135 πῶς
2741 3073 2941 3143 ᾔτησεν
2965 3074 3126 3146 ὕδωρ,
3156 3076 3273 3141 πῶς
3316 3077 3436 3130 οὐδὲ
3465 3096 3590 3132 οτα-

2010 3162 2165 3229 γόνος
2200 3161 2377 3230 ἑτυχε,
2414 3162 2531 3225 πῶς
2559 3165 2590 3233 ή
2621 3163 2835 3230 γλῶττα
2857 3166 3305 3236 ἀπετηγανίζετο.
3321 3169 3439 3232 πῶς
3458 3171 3589 3237 πολ-

2010 3253 2104 3323 λὴν
2133 3253 2232 3323 τὴν
2259 3256 2535 3325 ἱκετηρίαν
2558 3254 2689 3319 θεὶς,
2713 3256 2968 3325 οὐδεμιᾶς
2996 3258 3324 3331 συγγνώμης
3362 3261 3588 3315 ἀπέλαυ-

2012 3362 2070 3397 σε
2090 3383 2106 3407 ,
2134 3347 2228 3397 καὶ
2262 3346 2376 3408 πῶς
2403 3345 2645 3398 ἀθάνατα
2695 3347 3001 3412 ἐκολάζετο,
3038 3349 3199 3404 Ἀλλά
3222 3352 3332 3423 γὰρ
3393 3353 3467 3424 μὴ
3493 3355 3587 3422 γέ-

2007 3452 2148 3488 νοιτο
2173 3438 2321 3506 ἡμᾶς
2359 3436 2530 3490 ταῦτα
2571 3438 2658 3491 διά
2703 3442 2799 3508 τῆς
2836 3440 3030 3510 πείρας
3077 3442 3286 3512 μαθεῖν,
3336 3444 3471 3497 ἀλλά
3500 3446 3587 3499 διὰ

2006 3529 2114 3580 τῶν
2140 3528 2312 3596 λόγων
2370 3529 2704 3592 ἀκούσαντας
2737 3534 2928 3599 φυγεῖν
2985 3534 3085 3603 τὴν
3125 3534 3213 3587 διά
3252 3534 3354 3588 τῶν
3413 3536 3587 3607 ἔργων

2006 3618 2256 3688 ἀπειλὴν,
2289 3619 2505 3687 καὶτῆς
2532 3620 2625 3672 τοῦ
2662 3623 3007 3692 προπάτορος
3045 3622 3295 3694 Ἀϐραὰμ
3327 3625 3584 3695 φιλοφρο-

2008 3711 2172 3781 σύνης
2191 3711 2374 3776 ἀξίους
2398 3712 2835 3782 ἀποδειχθέντας,
2870 3716 2949 3777 είς
2971 3715 3060 3766 τὸν
3088 3716 3246 3770 αὐτὸν
3272 3718 3462 3789 ἐκείνῳ
3481 3738 3585 3787 χω-

2010 3803 2170 3873 ρῆσαι
2204 3803 2367 3854 τόπον
2392 3845 2407 3867 ,
2466 3804 2646 3874 χάριτι
2689 3805 2784 3856 καὶ
2838 3804 3222 3876 φιλανθρωπίᾳ
3250 3806 3343 3859 τοῦ
3376 3809 3582 3877 Κυρίου

2005 3896 2162 3967 ήμῶν
2198 3895 2368 3962 Ἰησοῦ
2399 3895 2654 3965 Χριστοῦ,
2686 3896 2803 3965 μεθ’
2837 3890 2897 3948 οὗ
2926 3897 3003 3966 τῷ
3029 3899 3204 3969 Πατρὶ
3241 3898 3406 3969 τιμὴ,
3431 3898 3579 3964 δόξα,

2005 3987 2206 4057 κράτος
2229 3986 2325 4037 οὐν
2356 3986 2431 4055 τῷ
2454 3986 2591 4056 ἁγίῳ
2622 3988 2922 4057 Πνεύματι,
2955 3989 3050 4042 νῦν
3099 3988 3192 4042 καὶ
3220 3990 3328 4053 ἀεὶ,
3378 3992 3472 4043 καὶ
3502 3992 3581 4054 είς

2002 4079 2129 4140 τοὺς
2152 4077 2355 4140 αἰῶνας
2380 4077 2489 4129 τῶν
2510 4078 2740 4133 αἰώνων,
2783 4080 2976 4150 Ἀμήν.

2636 4255 2854 4306 ΛΟΓΟΣ
2885 4257 2975 4322 ς’.

2000 4381 2285 4463 Περίθτοῦ
2304 4381 2521 4464 ζήλου,
2558 4384 2606 4433 εἰ
2632 4382 2707 4461 ἐξ
2736 4383 2976 4464 (fratrm:
3009 4385 3259 4464 τέγοτςετς
3279 4387 3328 4464 ,ἡ
3358 4385 3581 4464 γιίώσις

2070 4452 2177 4505 τοῦ
2206 4451 2398 4524 καλοῦ
2426 4452 2525 4524 καὶ
2554 4452 2657 4504 τοῦ
2697 4453 2980 4524 πονηροῦ
3018 4451 3112 4524 τῷ
3164 4451 3374 4524 Ἀδὰμ(
3409 4457 3445 4523 ἢ
3480 4451 3578 4509 καί

2071 4522 2325 4593 πρὸ-τῆς
2345 4523 2629 4589 ,ϐρώσεως
2664 4518 2789 4589 εἶχε
2815 4524 2929 4587 τὴν
2958 4518 3573 4593 διάγνωσιν-’ταύτην

2068 4586 2138 4644 έθ·
2168 4586 2215 4657 ᾧ
2255 4593 2349 4643 καὶ
2384 4586 2516 4656 ἕτερὶ
2548 4586 2883 4657 νηστὰίιςέ
2906 4593 3004 4645 καὶ
3052 4586 3186 4661 ἐτερὶ
3220 4596 3322 4648 τοῦ
3355 4597 3482 4649 δεῖν
3500 4586 3577 4650 ’ἐν

2068 4664 2225 4728 οἰκίᾳ
2247 4662 2504 4728 μελετᾷν
2536 4664 2608 4713 τὰ
2627 4665 2920 4731 λεγόμενα
2940 4663 3009 4715 ἐν
3028 4665 3342 4733 ἐκκλησίᾳ.

2069 4794 2137 4841 α’.
2162 4787 2304 4839 Φιλῶ
2335 4788 2431 4857 μὲν
2456 4786 2553 4857 τὴν
2574 4788 2830 4855 νηστείαν
2849 4827 2863 4847 ,
2887 4789 2968 4841 ὅτι
2997 4791 3181 4860 μήτηρ
3220 4790 3574 4860 σωφροσύνης

1997 4880 2163 4941 ἐστὶν,
2196 4880 2289 4932 καὶ
2320 4880 2469 4949 πηγὴ
2502 4879 2817 4948 φιλοσοφίας
2868 4882 3105 4948 ἀπάσης·
3141 4880 3280 4949 φιλῶ
3309 4882 3365 4932 δὲ
3403 4883 3573 4951 αὐτὴν

1996 4971 2091 5024 καὶ
2118 4970 2182 5023 δι’
2208 4971 2379 5040 ὑμᾶς,
2431 4971 2524 5023 καὶ
2551 4971 2637 5023 διὰ
2662 4974 2760 5040 τὴν
2790 4972 3061 5041 ὑμετέραν
3092 4973 3331 5042 ἀγάπην,
3365 4973 3446 5025 ὅτι
3482 4990 3571 5043 μοι

1995 5061 2202 5131 ταύτην
2228 5062 2326 5131 τὴν
2359 5063 2507 5131 ἱερὰν
2538 5062 2631 5114 καὶ
2648 5063 2831 5132 τιμίαν
2859 5063 3012 5132 ὑμῶν
3034 5064 3308 5132 συνήγαγε
3336 5062 3572 5127 σύνοδον,

1997 5154 2173 5207 καὶτὰ
2217 5154 2525 5224 ποθούμενα
2580 5156 2846 5224 πρόσωπα
2892 5154 3074 5207 δίδωσι
3105 5154 3266 5207 πάλιν
3299 5154 3447 5217 ἰδεῖν,
3478 5157 3574 5207 καὶ

1994 5247 2223 5317 παρέχει
2251 5246 2387 5317 μετὰ
2409 5248 2591 5310 ἀδείας
2618 5248 2952 5318 ἐντρυφῆσαι
2975 5250 3039 5317 τῇ
3061 5248 3196 5319 καλῇ
3236 5249 3408 5319 ταύτῃ
3438 5266 3568 5301 παν·

1993 5338 2187 5408 ηγύρει
2216 5339 2310 5391 καὶ
2327 5339 2508 5410 ἑορτῇ.
2538 5339 2649 5391 Καὶ
2676 5340 2783 5409 γὰρ
2812 5340 2905 5392 καὶ
2929 5340 3234 5411 πανήγυριν
3265 5339 3357 5392 καὶ
3378 5338 3571 5410 ἑορτὴν

1993 5433 2086 5482 καὶ
2127 5431 2294 5501 μυρία
2315 5430 2496 5499 ἀγαθά
2533 5432 2633 5483 οὐκ
2657 5432 2721 5484 ἄν
2749 5448 2832 5494 τις
2873 5431 3107 5502 ἁμάρτοι
3152 5433 3252 5502 τὴν
3299 5432 3569 5502 ὑμετέραν

1994 5522 2207 5575 σύνοδον
2235 5522 2566 5593 προσειπών.
2614 5524 2675 5574 Εἰ
2705 5521 2813 5593 γὰρ
2844 5525 2924 5586 είς
2952 5524 3157 5594 ἀγοράν
3184 5542 3268 5587 τις
3293 5524 3569 5594 ἐμϐαλὼν,

1991 5614 2083 5666 καὶ
2110 5613 2189 5665 ἐνὶ
2213 5615 2591 5683 συντυγχάνων
2632 5613 2791 5683 φίλῳ,
2825 5614 3085 5677 πολλάκις
3127 5618 3305 5668 πᾶσαν
3331 5616 3571 5686 ἀθυμίαν

1990 5704 2321 5758 ἀποτίθεται·
2344 5708 2502 5776 ἡμεῖς
2533 5706 2633 5758 οὐκ
2662 5707 2742 5770 είς
2765 5706 2990 5778 ἀγορὰν,
3023 5708 3138 5760 ἀλλ’
3158 5710 3237 5771 είς
3272 5708 3567 5780 ἐκκλησίαν

1990 5796 2355 5863 ἀπαντῶντες,
2390 5801 2481 5853 καὶ
2511 5800 2605 5865 οὐχ
2638 5800 2717 5853 ἑνὶ
2749 5802 3206 5866 συντυγχάνοντες
3246 5801 3404 5872 φίλῳ,
3430 5802 3566 5857 ἀλλὰ
