4028 6360
433 386 541 441 605

432 498 706 563 τοσούτοις
727 500 818 553 καὶ
838 500 1102 564 τοιούτοις
1123 502 1370 570 ἀδελφοῖς
1380 503 1478 555 ,καὶ
1503 501 1742 570 πατράσι
1766 501 2013 570 συγγινόα

436 611 607 667 μενοι,
636 596 750 656 πῶς
788 596 849 647 οὺ
885 597 1067 649 πᾶσαν
1095 596 1484 667 ἀποθησόμεθα
1510 596 1786 665 ἀθυμίαν;
1821 596 1936 659 πῶς
1951 596 2012 648 ού

433 693 613 745 πᾶσαν
642 691 835 762 ἡδονὴν
862 694 1299 764 καρπωσόμεθα;
1319 696 1394 746 Οὐ
1414 694 1523 764 γάρ
1544 694 1621 763 τῷ
1644 694 1834 763 πλήθει
1857 696 2015 763 μόνον

428 782 586 850 οὗτος
617 786 841 856 βελτίων
872 791 901 841 6
928 790 1183 858 σύλλογος
1216 791 1323 843 τῶν
1358 790 1649 861 συνεδρίων
1671 790 1776 841 τῶν
1806 791 1863 841 ἐν
1898 791 2017 851 ταῖς

432 883 680 953 ἀγοραῖς,
715 883 850 936 ἀλλά
880 885 969 937 καὶ
993 886 1129 956 αὐτῇ
1166 889 1231 957 τῇ
1257 886 1417 953 φύσει
1464 886 1562 954 τῆς
1594 886 1904 949 διαλέξεως.
1954 887 2014 938 Οί

439 978 537 1047 μὲν
567 978 675 1050 γὰρ
702 982 757 1031 ἐν
788 981 1012 1046 ἀγοραῖς
1047 982 1457 1052 συνεδρεύοντες
1491 984 1585 1035 καὶ
1618 983 1752 1052 μετά
1773 981 2016 1049 ἀλλήλων

437 1075 847 1144 συγκαθήμενοι
889 1076 1095 1146 κύκλῳ,
1143 1077 1403 1141 πολλάκις
1456 1093 1551 1129 και
1582 1078 1709 1148 περὶ
1740 1074 2017 1144 ἀνονήτων

443 1168 597 1242 [671]
620 1170 958 1239 διαλέγονται
990 1172 1351 1242 πραγμάτων,
1408 1174 1501 1225 καὶ
1529 1172 1743 1241 ψυχρὰν
1764 1173 2017 1238 εἰσάγου-

440 1283 526 1319 σιν
559 1267 796 1337 ὁμιλίαν,
830 1270 924 1321 καὶ
965 1269 1293 1337 φθέγγονται
1334 1271 1459 1341 περὶ
1502 1270 1609 1322 τῶν
1639 1270 1789 1322 οὐδὲν
1837 1270 2019 1333 αὐτοῖς

436 1365 844 1435 προσηκόντων.
878 1366 988 1418 Kal
1010 1366 1118 1435 γὰρ
1149 1364 1436 1435 εἰώθαμεν,
1468 1367 1541 1429 ὡς
1574 1366 1844 1429 τὰπολλὰ,
1884 1365 2020 1436 μετά

439 1459 681 1523 πλείονος
725 1460 957 1530 σπουδῆς
996 1461 1063 1513 τά
1112 1461 1368 1531 ἀλλότρια
1420 1464 1878 1534 περιεργάζεσθαι
1929 1463 2021 1516 καὶ

438 1554 932 1624 πολυπραγμονεῖν.
966 1557 1087 1608 Ὅτι
1140 1556 1237 1625 μὲν
1268 1554 1359 1609 οὖν
1407 1560 1552 1610 ἐστιν
1602 1558 1899 1627 ἐπισφαλὲς
1928 1557 2021 1610 καὶ

438 1649 681 1703 κίνδυνον
704 1650 842 1719 ἔχον,
873 1650 941 1701 τὰ
964 1653 1183 1721 ῥήματα
1212 1654 1457 1723 προϊέναι
1486 1654 1577 1705 καὶ
1600 1653 1817 1706 ἀκούειν
1843 1652 2019 1707 τοιαῦ-

438 1763 527 1807 τα,
564 1746 658 1798 καλ.
689 1746 1124 1816 παρασύρεσθαι,
1159 1749 1252 1800 καὶ
1284 1748 1465 1800 πολλοὶ
1493 1747 1751 1811 πολλάκις
1778 1749 1888 1803 ἀπό
1914 1748 2023 1801 τῶν

440 1840 694 1893 τοιούτων
726 1842 1013 1911 συνεδρίων
1068 1843 1334 1913 χειμῶνες
1389 1844 1812 1914 ἑπῃωρίσθησαν
1841 1848 1896 1897 ἐν
1944 1845 2022 1896 οἰ-

441 1936 606 1999 κίαις,
646 1938 886 2009 παρίημι
936 1939 1052 1993 νῦν’
1095 1940 1175 1991 ὅτι
1213 1940 1269 1993 δὲ
1307 1940 1559 2009 ἀνόνητος
1595 1941 1688 1992 καὶ
1717 1940 1898 2009 ψυχρά
1930 1940 2025 1992 καὶ

443 2031 669 2103 βιωτικὴ
724 2034 871 2085 πᾶσα
930 2034 1113 2103 ἐκείνη
1174 2037 1206 2106 ὴ
1242 2036 1495 2099 διάλεξις,
1530 2036 1624 2087 καὶ
1656 2035 2026 2105 πνευματικὸς

442 2129 598 2196 λόγος
630 2129 728 2181 οὐκ
761 2129 825 2182 ἄν
848 2148 976 2182 ποτε
1005 2130 1215 2201 ταχέως
1246 2136 1323 2193 εἰς
1366 2130 1607 2184 τοιοῦτον
1636 2130 1864 2183 εἰσέλθοι
1898 2132 2025 2184 σύλ-

441 2224 617 2294 λογον,
648 2226 821 2287 οὐδεὶς
849 2227 1113 2280 ἀντείποι.
1169 2227 1433 2281 Ἐνταῦθα
1460 2228 1514 2280 δὲ
1560 2229 1657 2297 οὐχ
1681 2227 1872 2291 οὕτως,
1911 2227 2025 2282 ἀλλ’

431 2322 590 2375 ιᾶπαν
646 2323 977 2376 τούναντίονο
1037 2326 1186 2376 πᾶσα
1247 2325 1343 2393 μὲν
1374 2323 1482 2393 γάρ
1536 2324 1767 2394 ἀκερδὴς
1796 2325 2027 2389 διάλεξις

446 2417 803 2489 ἀπελήλαται,
824 2420 970 2472 πᾶσα
1004 2420 1060 2471 δὲ
1094 2418 1439 2490 πνευματικὴ
1467 2419 1787 2473 διδασκαλία
1815 2423 2028 2492 εἰσενή-

446 2530 651 2567 νεκται.
710 2514 818 2567 Kal
856 2515 964 2585 γὰρ
1020 2516 1148 2584 περὶ
1194 2514 1370 2585 ψυχῆς
1404 2514 1502 2584 τῆς
1540 2516 1810 2585 ἡμετέρας
1851 2517 2028 2569 διαλε-

447 2615 688 2685 γόμεθα,
724 2616 817 2669 καὶ
854 2616 962 2668 τῶν
1002 2615 1145 2685 ψυχῇ
1206 2615 1594 2685 προσηκόντων
1640 2616 1882 2682 ἀγαθῶν,
1933 2618 2030 2671 καὶ

448 2711 578 2779 περὶ
618 2710 724 2763 τῶν
767 2711 1145 2780 ἀποκειμένων
1195 2711 1253 2762 ἑν
1284 2712 1397 2773 τοῖς
1447 2710 1695 2778 οὐρανοῖς
1726 2712 2026 2780 στεφάνων,

449 2806 543 2858 καὶ
573 2807 698 2875 περὶ
724 2805 831 2858 τῶν
862 2805 1128 2875 λαμπρῶν
1163 2804 1312 2874 βίων,
1348 2806 1587 2877 καὶπερὶ
1614 2808 1711 2875 τῆς
1735 2808 2033 2875 φιλανθρω-

451 2900 578 2962 πίας
598 2901 689 2953 τοῦ
712 2900 867 2965 Θεοῦ,
905 2902 998 2953 καὶ
1022 2919 1087 2952 πε
1096 2902 1149 2971 9l
1170 2900 1269 2970 τῆς
1291 2901 1544 2971 προνοίας
1566 2901 1659 2953 τοῦ
1687 2906 1906 2966 παντὸς,
1939 2904 2033 2956 καὶ

451 2996 706 3067 περὶτῶν
730 2996 903 3050 ἀλλων
931 2998 1186 3050 ἁπάντων
1234 2997 1341 3049 τῶν
1378 2997 1612 3066 μάλιστα
1647 3000 2032 3069 προσηκόντων

451 3094 604 3163 ἡμῖν,
638 3094 733 3145 καὶ
756 3093 900 3155 τίνος
920 3094 1108 3145 ’ἐνεκεν
1136 3093 1462 3163 γεγόναμεν,
1491 3094 1585 3146 καὶ
1618 3096 1744 3147 ποία
1776 3095 1913 3164 μετὰ
1933 3096 2033 3167 τὴν

452 3188 702 3240 ἑντεῦθεν
723 3188 1029 3257 ἀποδημίαν
1065 3189 1440 3259 ἀπαντήσεται
1486 3189 1635 3259 λῆξις
1664 3192 1814 3260 ἡμῖν,
1863 3192 1954 3244 καὶ
1976 3194 2033 3244 ἐν

454 3284 561 3335 τίσι
591 3283 659 3335 τά
692 3283 936 3353 ἡμέτερα
966 3283 1115 3337 ἔσται
1162 3284 1302 3338 τότε.
1340 3284 1447 3337 Kal
1484 3284 1577 3336 τοῦ
1611 3285 1864 3354 συλλόγου
1908 3288 2033 3341 τού-

454 3398 548 3433 του
576 3380 674 3449 οὐχ
702 3382 862 3449 ἡμεῖς
892 3379 1072 3449 μόνον,
1098 3380 1234 3433 ἀλλά
1266 3382 1359 3433 καὶ
1390 3382 1664 3451 προφῆται
1688 3385 1779 3437 καὶ
1814 3386 2038 3439 ἀπόστο-

456 3474 535 3527 λοι
568 3476 902 3527 κοινωνοῦσισ
941 3476 1034 3529 καὶ
1049 3475 1108 3527 τὸ
1133 3476 1196 3545 δὴ
1222 3475 1403 3545 μεῖζον
1432 3478 1668 3539 πάντων,
1701 3480 1860 3543 αὐτὸς
1886 3482 2036 3536 ὁτῶν

457 3572 712 3624 ἀπάντων
746 3570 1021 3641 Δεσπότης
1072 3571 1234 3640 μέσος
1300 3572 1457 3641 ἡμῶν
1508 3573 1741 3643 ἔστηκεν
1809 3576 2034 3647 Ἰησοῦς.

456 3666 629 3728 Αὐτὸς
658 3666 766 3737 γάρ
800 3684 985 3735 φησιν,
1019 3668 1207 3719 Ὅπου
1255 3667 1363 3721 (δύο
1403 3668 1439 3736 ἢ
1475 3668 1630 3735 τρεῖς
1669 3670 2037 3739 συνηγμένοι

455 3763 615 3817 είσίν
644 3765 731 3827 εἰς
749 3763 813 3816 τὸ
845 3764 1030 3833 ὄνομὰ
1061 3782 1201 3832 μου,
1229 3764 1357 3817 ἐκεῖ
1389 3768 1500 3831 εἰμι
1526 3766 1777 3834 ἐνμέσῳ
1816 3767 2035 3822 αὐτῶν.

459 3860 521 3911 Εἰ
557 3859 612 3912 δὲ
642 3860 772 3912 ὅπου
798 3858 891 3912 δύο
918 3859 948 3928 ἢ
980 3863 1126 3930 τρεῖς
1157 3861 1262 3912 είσι
1288 3861 1636 3930 συνηγμένοι,
1663 3865 1719 3916 ἐν
1756 3863 1906 3935 μέσῳ
1937 3865 2037 3917 αὖ-

460 3954 567 4007 τῶν
606 3956 740 4019 ἐστι,
773 3952 953 4023 πολλῷ
993 3955 1190 4024 μᾶλλον
1240 3956 1375 4007 ὅπου
1398 3955 1639 4008 τοσοῦτοι
1680 3958 1779 4027 μὲν
1825 3960 2035 4030 ἄνδρες,

461 4050 717 4104 τοσαῦται
746 4049 801 4102 δέ
825 4052 1100 4117 γυναῖκες,
1131 4049 1451 4103 τοσοῦτοιδέ
1487 4054 1740 4123 πατέρες,
1780 4055 1872 4109 καὶ
1902 4058 2040 4110 ἀπό-

464 4145 638 4197 στολοι
670 4145 763 4198 καὶ
797 4145 1071 4216 προφῆται
1102 4147 1158 4198 ἑν
1183 4147 1332 4216 μέσῳ
1361 4148 1601 4217 πάρεισι.

534 4241 621 4293 Διὸ
654 4241 748 4294 καὶ
776 4243 938 4311 ἡμεῖς
998 4241 1135 4311 μετὰ
1161 4242 1405 4305 πλείονος
1448 4243 1751 4314 προθυμίας
1808 4246 2039 4316 φθεγγό-

468 4337 607 4405 μεθα
633 4339 731 4407 τῆς
753 4338 962 4390 ἐκεῖθεν
985 4336 1352 4400 ἀπολαύοντες
1385 4338 1558 4408 ῥοπῆς
1576 4378 1589 4401 ,
1647 4341 1741 4393 καὶ
1779 4342 1876 4413 τὴν
1908 4344 2040 4395 ὑπό-

466 4448 651 4502 σχεσιν
680 4432 805 4501 ὑμῖν
833 4432 1191 4502 ἀποδιδόαμεν
1218 4436 1267 4487 ⁸.
1332 4433 1710 4503 ’Υπεσχόμεθα
1752 4436 1860 4506 γὰρ
1896 4439 2039 4508 ἐρεῖν

466 4528 595 4597 περὶ
620 4525 714 4579 τοῦ
741 4526 897 4592 ξύλου
927 4528 1209 4598 πρότερον,
1233 4529 1280 4579 εἰ
1304 4527 1362 4593 ἐξ
1384 4528 1592 4581 ἐκείνου
1618 4530 1840 4597 γέγονεν
1862 4532 2042 4601 ἡγνῶ-

469 4641 553 4687 σις
583 4624 676 4677 τοῦ
711 4624 875 4677 καλοῦ
919 4626 1013 4677 καὶ
1039 4624 1131 4677 τοῦ
1159 4624 1397 4695 πονηροῦ
1424 4624 1500 4695 τῷ
1545 4627 1733 4699 Ἀδὰμ,
1757 4629 1789 4697 ἢ
1818 4628 1907 4682 καὶ
1936 4631 2042 4702 πρὸ

464 4723 566 4790 τῆς
598 4720 850 4793 βρώσεως
881 4718 991 4791 εἶχε
1010 4720 1107 4792 τὴν
1137 4721 1423 4790 διάγνωσιν
1456 4721 1677 4795 ταύτην.
1707 4726 2043 4798 Θαρροῦντες

466 4814 559 4872 οὖν
579 4818 644 4872 ἂν
678 4818 925 4887 εἴποιμεν
958 4816 1073 4878 νῦν,
1101 4818 1181 4871 ὅτι
1212 4817 1308 4870 καὶ
1342 4818 1447 4890 πρὸ
1473 4820 1571 4891 τῆς
1606 4821 1860 4891 ϐρώσεως
1910 4823 2043 4876 ταύ-

466 4932 567 4985 την
590 4912 702 4984 εἶχε
724 4913 823 4985 τὴν
849 4913 1159 4982 διάγνωσιν.
1188 4915 1250 4967 Et
1278 4916 1385 4986 γάρ
1412 4915 1486 4987 μὴ
1522 4916 1636 4987 ῇδει
1658 4917 1710 4969 τί
1737 4918 1832 4987 μὲν
1858 4918 2041 4982 καλὸν,

468 5012 522 5063 τί
545 5011 602 5063 δὲ
626 5010 880 5081 πονηρὸν,
906 5011 998 5063 καὶ
1020 5010 1198 5062 αὐτῶν
1219 5010 1327 5063 τῶν
1359 5011 1568 5080 ἀλόγων
1602 5011 1937 5084 ἀλογώτερος
1953 5011 2042 5085 ἦν,

471 5105 698 5160 καὶτῶν
729 5106 930 5160 δούλων
967 5108 996 5158 6
1033 5106 1302 5176 δεσπότης
1350 5108 1721 5181 ἀνοητότερος.
1779 5110 1903 5173 Πῶς
1935 5111 2044 5182 γὰρ

470 5202 570 5257 οὐκ
595 5204 814 5267 ἄτοπον,
850 5199 1010 5271 αἶγας
1044 5205 1139 5274 μὲν
1164 5205 1257 5257 καὶ
1292 5204 1539 5274 πρόϐατα
1567 5204 1763 5257 εἰδέναι
1793 5205 1922 5259 ποία
1947 5207 2045 5277 μὲν

471 5300 659 5361 αὐτοῖς
723 5298 917 5369 βοτάνη
968 5301 1260 5369 χρήσιμος,
1304 5299 1432 5351 ποία
1477 5299 1533 5352 δὲ
1576 5298 1812 5370 ὀλεθρία,
1847 5302 2045 5371 καὶμὴ

473 5390 639 5442 πᾶσιν
668 5388 809 5441 αὐτὰ
828 5389 1037 5441 ἐπιέναι
1070 5391 1181 5449 τοῖς
1212 5388 1574 5457 φαινομένοις,
1612 5388 1725 5441 ἀλλ’
1766 5389 1909 5459 ἔχειν
1948 5391 2047 5461 τὴν

471 5480 779 5547 διάγνωσιν,
833 5480 928 5533 καί⁵
948 5480 1145 5533 εἰδέναι
1178 5480 1383 5549 σαφῶς,
1409 5480 1461 5531 τί
1495 5480 1591 5549 μὲν
1614 5481 1795 5544 αὐτοῖς
1824 5482 2049 5534 ἐπιϐλα-

476 5572 587 5633 ϐὲς,
605 5570 656 5621 τί
681 5571 737 5622 δέ
766 5570 1060 5641 ὠφέλιμον·
1088 5571 1178 5623 τὸν
1197 5572 1253 5625 δέ
1292 5570 1577 5642 ἄνθρωπον
1625 5571 1893 5641 τοσαύτης
1915 5574 2049 5626 ἀπο-

479 5660 785 5730 στερεῖσθαι
814 5663 911 5732 τῆς
940 5662 1272 5730 ἀσφαλείας;
1328 5665 1389 5715 El
1414 5662 1522 5733 γὰρ
1560 5663 1633 5734 μὴ
1677 5662 1834 5716 τοῦτο
1883 5659 2047 5734 εἶχεν,

478 5750 686 5813 οὐδενὸς
738 5752 884 5817 ἄξιος
936 5749 1024 5822 ἦν,
1071 5753 1207 5805 ἀλλὰ
1259 5756 1350 5808 καὶ
1397 5755 1773 5828 εὐτελέστερος
1837 5757 2051 5810 πάντων

543 5866 567 5894 ⁸
593 5864 711 5928 Ηρα.
737 5866 843 5927 ὑμῖν
874 5867 1201 5930 ἀποδώσομεν.

1135 387 1194 443 S.
1235 384 1518 440 JOANNIS
1558 381 2047 439 CHRYSOSTOMI
2080 379 2403 436 ARCHIEP.
2445 379 2996 440 CONSTANTINOP.

3591 386 3704 443 606

2120 501 2352 571 ὑπῆρχε.
2378 498 2567 569 Πολλῷ
2588 500 2696 570 γὰρ
2726 499 3085 570 αἱρετώτερον
3120 494 3189 572 ῆν
3233 499 3381 570 αύτῷ
3413 502 3469 554 ἐν
3518 502 3706 573 σκότῳ

2119 596 2363 663 διάγειν,
2412 595 2505 647 καὶ
2549 595 2675 657 τοὺς
2725 594 3035 665 ὀφθαλμοὺς
3098 596 3451 665 ἐκκεκόφθαι,
3489 599 3707 652 καὶτοῦ

2120 692 2296 761 φωτὸς
2330 690 2762 761 ἀπεστερῆσθαι,
2794 692 2826 761 ἢ
2854 692 2928 763 μὴ
2980 692 3178 745 εἰδέναι
3224 694 3276 746 τί
3305 693 3402 764 μὲν
3429 694 3611 759 καλὸν,
3652 694 3712 748 τί

2119 788 2175 839 δὲ
2204 787 2461 858 πονηρόν.
2523 788 2648 839 Ἐὰν
2680 787 2789 858 γὰρ
2837 788 2995 841 τοῦτο
3052 789 3248 860 ἀνέλῃς
3280 791 3378 860 τῆς
3426 790 3571 859 ζωῆς
3600 792 3712 859 τῆς

2120 883 2415 953 ἡμετέρας,
2448 884 2627 935 πᾶσαν
2650 883 2749 953 τὴν
2782 882 2924 955 ζωὴν
2947 885 3105 955 ἡμῶν
3132 886 3358 950 ἀνεῖλες,
3382 888 3476 940 καὶ
3495 887 3713 955 πολλῆς

2124 978 2441 1047 συγχύσεως
2488 978 2556 1030 τά
2606 980 2783 1033 πάντα
2840 980 3161 1052 ἐνέπλησας.
3211 981 3382 1035 Τοῦτο
3415 980 3564 1055 [672]
3590 984 3713 1054 γάρ

2122 1074 2290 1137 ἐστιν,
2316 1068 2360 1141 ᾧ
2384 1073 2495 1126 τῶν
2519 1076 2727 1144 ἀλόγων
2754 1076 3105 1147 διαφέρομεν,
3150 1079 3243 1131 καὶ
3290 1074 3334 1146 ᾧ
3364 1080 3472 1131 τῶν
3498 1079 3713 1149 θηρίων

2123 1169 2381 1240 ἀμείνους
2422 1170 2608 1241 ἐσμὲν,
2648 1172 2725 1241 τῷ
2750 1173 2947 1226 κακίαν
3001 1173 3094 1227 καὶ
3135 1175 3336 1245 ἀρετὴν
3360 1176 3577 1235 εἰδέναι,
3606 1175 3714 1229 καὶ

2122 1264 2200 1335 τῷ
2230 1267 2609 1334 ἐπιγινώσκειν
2632 1268 2691 1321 τὸ
2712 1270 2966 1340 πονηρὸν,
2985 1272 3075 1323 καὶ
3097 1270 3157 1323 τὸ
3184 1272 3346 1324 καλὸν
3367 1270 3440 1342 μὴ
3469 1273 3713 1340 ἀγνοεῖν.

2124 1363 2187 1415 El
2213 1362 2267 1414 δὲ
2294 1364 2454 1432 ἡμεῖς
2502 1363 2661 1417 τοῦτο
2714 1365 2868 1435 ἴσμεν
2904 1366 3017 1431 νῦν,
3062 1367 3160 1437 οὐχ
3210 1370 3369 1438 ἡμεῖς
3411 1368 3467 1420 δὲ
3521 1370 3713 1438 μόνον,

2126 1457 2262 1509 ἀλλά
2287 1460 2379 1511 καί
2410 1458 2613 1511 Σκύθαι
2642 1461 2733 1513 καὶ
2757 1460 3045 1533 βάρϐαροι,
3094 1462 3272 1532 πολλῴ
3321 1464 3519 1533 μᾶλλον
3546 1468 3573 1517 6
3610 1467 3711 1519 ἄν·

2126 1556 2341 1627 θρωπος
2374 1558 2495 1609 τότε
2524 1559 2727 1619 ἐκεῖνος
2759 1560 2863 1631 πρὸ
2913 1561 3010 1630 τῆς
3046 1562 3319 1631 ἁμαρτίας
3346 1561 3506 1615 τοῦτο
3539 1563 3713 1630 ἑγνὼ-

2126 1675 2231 1711 κει·
2266 1659 2357 1711 καὶ
2386 1660 2484 1711 οὐκ
2507 1658 2572 1711 ἂν
2596 1663 2624 1712 6
2653 1660 2943 1724 τοσαύταις
2968 1662 3220 1732 τιμηθεὶς
3241 1666 3450 1733 τιμαῖς,
3495 1660 3605 1716 οἷον
3626 1665 3710 1733 τῷ

2127 1755 2247 1808 κατ’
2270 1756 2475 1818 εἰκόνα,
2498 1755 2575 1825 τῷ
2604 1756 2721 1809 καθ’
2747 1757 3024 1826 ὁμοίωσιν,
3057 1759 3150 1810 καὶ
3177 1760 3297 1821 ταῖς
3322 1758 3534 1820 λοιπαῖς
3562 1759 3711 1810 εὐλο-

2127 1852 2295 1919 γίαις,
2314 1851 2409 1903 τοῦ
2435 1851 2731 1920 κεφαλαίου
2758 1852 2867 1905 τῶν
2902 1852 3123 1919 ἀγαθῶν
3153 1852 3359 1924 ἔρημος
3396 1853 3601 1924 ἔμεινε.
3632 1855 3710 1906 Τὸ

2128 1948 2237 2019 γάρ
2267 1948 2427 2001 καλὸν
2452 1950 2544 2002 καὶ
2582 1950 2815 2020 πονηρὸν
2846 1952 3041 2002 ἐκεῖνοι
3079 1950 3227 2020 μόνοι
3255 1952 3560 2019 ἀγνοοῦσιν,
3591 1953 3709 2004 ὅσοι

2129 2046 2237 2097 τῶν
2274 2044 2416 2099 κατά
2447 2046 2609 2114 φύσιν
2655 2048 2792 2099 είσὶν
2825 2047 3257 2119 ἀπεστερημένοι
3292 2048 3524 2119 φρενῶν·
3572 2051 3601 2101 6
3650 2047 3711 2101 δὲ

2142 2142 2266 2195 Ἀδά
2276 2161 2314 2213 μ
2336 2144 2525 2211 σοφίας
2551 2142 2748 2213 πολλῆς
2776 2143 3151 2214 ἐπεπλήρωτο,
3207 2145 3301 2197 καὶ
3319 2145 3711 2213 διαγνωστικὸς

2130 2238 2410 2307 ἑκατέρων
2455 2238 2661 2291 τούτων
2711 2234 2798 2309 ῆν.
2846 2240 2957 2292 Kal
3015 2240 3096 2293 ὃτι
3122 2242 3311 2310 σοφίας
3352 2241 3714 2311 ἐπεπλήρωτο

2131 2335 2529 2404 πνευματικῆς,
2552 2335 2783 2387 ἄκουσον
2809 2337 2979 2407 αὐτῆς
3017 2336 3114 2407 τὴν
3145 2337 3438 2401 ἀπόδειξιν.
3476 2340 3711 2404 Ἥγαγε,

2133 2432 2288 2501 φησὶ,
2315 2433 2463 2499 πρὸς
2491 2433 2675 2484 αὑτὸν
2695 2435 2728 2483 d
2756 2432 2898 2497 Θεὸς
2920 2434 2993 2486 τὰ
3012 2435 3207 2499 θηρία,
3226 2433 3372 2486 ἰδεῖν
3390 2435 3448 2486 τί
3467 2433 3715 2486 καλέσει

2132 2528 2303 2581 αὐτὰ·
2355 2529 2451 2581 καὶ
2475 2529 2530 2581 ετ
2572 2546 2626 2581 τι
2673 2530 2968 2582 ἐκάλεσεν
3000 2530 3153 2583 αὐτὰ
3194 2530 3403 2597 Ἀδὰμ,
3438 2531 3612 2584 τοῦτο
3648 2531 3715 2583 τὸ

2136 2624 2324 2693 ὄνομα
2369 2624 2593 2691 αὐτοῖς.
2634 2625 2918 2694 Ἐννόησον
2968 2626 3145 2679 τοίνυν
3176 2626 3347 2696 πόσης
3405 2627 3716 2696 ἐπέπληστο

2137 2724 2352 2791 σοφίας,
2376 2722 2649 2786 τοσούτοις
2704 2721 2936 2791 γένεσιν,
2967 2722 3110 2776 οὕτω
3139 2724 3419 2790 ποικίλοις,
3452 2725 3546 2777 καὶ
3585 2742 3717 2777 παν-

2136 2817 2407 2882 τοδαποῖς,
2460 2822 2574 2881 τοῖς
2604 2818 2711 2874 τῶν
2758 2819 2991 2889 κτηνῶν,
3015 2822 3128 2883 τοῖς
3154 2820 3262 2873 τῶν
3287 2820 3555 2891 ἑρπετῶν,
3605 2823 3718 2882 τοῖς

2136 2915 2243 2967 τῶν
2275 2916 2490 2984 πτηνῶν
2539 2917 2914 2987 προσηγορίας
2962 2917 3251 2983 ἐπιθεῖναι,
3283 2918 3376 2970 καὶ
3420 2918 3599 2981 πάσας
3622 2934 3721 2969 κυ-

2142 3012 2282 3082 ρίας,
2312 3012 2578 3081 δυνηθείς.
2605 3012 2761 3067 Οὕτω
2806 3015 2911 3086 γὰρ
2958 3015 3252 3081 ἀπεδέξατο
3294 3016 3391 3086 τὴν
3422 3014 3572 3067 θέσιν
3611 3014 3722 3065 τῶν

2138 3108 2416 3178 ὀνομάτων
2446 3110 2473 3161 ὁ
2502 3108 2632 3172 Θεὸς
2655 3150 2669 3173 ,
2703 3110 2777 3174 ὠς
2820 3112 3015 3181 μηκέτι
3051 3112 3269 3182 κινῆσαι
3316 3113 3412 3175 τάς
3446 3129 3721 3183 προσηγο-

2143 3205 2262 3275 ρίας
2291 3205 2526 3269 ἐκείνας,
2564 3207 2699 3275 μηδὲ
2752 3207 3092 3278 ἁμαρτόντος
3150 3207 3312 3261 αὑτοῦ
3342 3209 3566 3278 θελῆσαι
3623 3210 3720 3260 ἀν-

2140 3302 2279 3354 ελεῖν
2311 3300 2407 3365 τάς
2431 3303 2744 3371 ἐπωνυμίας
2782 3305 2980 3358 αὐτῶν.
3010 3304 3139 3358 Πᾶν
3166 3306 3295 3375 γὰρ,
3324 3307 3509 3377 φησὶν,
3531 3306 3563 3361 ὃ
3588 3307 3722 3359 ἑκά-

2138 3401 2325 3452 λεσεν
2348 3398 2499 3452 αὐτὰ
2550 3400 2740 3469 Ἀδὰμ,
2770 3400 2945 3455 τοῦτο
2975 3400 3161 3470 ὄνομα
3185 3402 3406 3466 αὐτοῖς.

2216 3534 2281 3604 β’.
2316 3527 2482 3597 Οῦτος
2502 3533 2631 3602 γοῦν
2665 3535 2851 3603 ἠγνόει
2880 3536 2933 3587 τί
2974 3538 3071 3606 μὲν
3091 3537 3272 3601 καλὸν,
3308 3539 3360 3590 τί
3380 3538 3435 3591 δὲ
3455 3540 3720 3609 πονηρόν;

2142 3632 2253 3685 Kal
2276 3631 2391 3694 πῶς
2412 3630 2475 3684 ἂν
2500 3632 2611 3701 ἔχοι
2632 3631 2812 3699 λόγον;
2836 3633 3003 3687 Πάλιν
3025 3636 3199 3703 ἤγαγε
3221 3636 3317 3706 τὴν
3340 3640 3570 3704 γυναῖκα
3589 3639 3724 3708 πρὸς

2143 3727 2327 3791 αὐτὸν,
2352 3728 2445 3779 καὶ
2470 3727 2591 3780 ἰδὼν
2612 3729 2781 3799 αὐτὴν
2802 3729 3003 3792 εὐθέως
3026 3732 3241 3799 ἐπέγνω
3276 3732 3371 3803 τὴν
3392 3734 3491 3801 τῆς
3511 3732 3725 3801 φύσεως

2142 3823 2416 3875 κοινωνόν.
2442 3825 2550 3876 Kal
2586 3824 2638 3876 τί
2676 3841 2843 3895 φησι;
2890 3826 3070 3880 Τοῦτο
3092 3828 3208 3881 νῦν
3244 3829 3470 3881 ὀστοῦν
3503 3828 3575 3881 ἐκ
3610 3828 3725 3881 τῶν

2144 3916 2344 3971 ὀστῶν
2374 3936 2516 3987 μου,
2537 3919 2633 3972 καὶ
2670 3920 2825 3987 σὰρξ
2860 3923 2929 3975 ἐκ
2964 3921 3074 3989 τῆς
3109 3925 3336 3991 σαρκός
3350 3941 3491 3992 μου.
3509 3924 3727 3995 Ἐπειδὴ

2144 4014 2251 4085 γάρ
2294 4016 2399 4086 πρὸ
2437 4017 2663 4088 βραχέος
2700 4014 2766 4089 ἦν
2794 4021 2822 4072 6
2855 4019 2985 4082 Θεὸς
3004 4021 3340 4092 παραγαγὼν
3361 4022 3507 4092 αὐτῷ
3528 4024 3596 4076 τὰ
3616 4023 3726 4088 ζῶα

2145 4113 2381 4176 ἅπαντα,
2404 4114 2573 4179 δεῖξαι
2597 4114 2916 4185 βουλόμενος
2935 4117 2963 4168 6
2994 4118 3184 4186 Ἀδὰμ,
3207 4120 3289 4171 ὅτι
3308 4119 3465 4172 τοῦτο
3498 4119 3559 4171 τὸ
3591 4121 3726 4184 ζῶον

2143 4213 2264 4278 ούχὶ
2296 4208 2351 4261 ἓν
2390 4210 2612 4265 ἐκείνων
2648 4212 2757 4265 τῶν
2795 4212 2947 4277 ζώων
2985 4216 3154 4281 ἐστὶν,
3194 4212 3348 4269 εἷπε·
3396 4217 3576 4271 Τοῦτο
3614 4216 3727 4270 νῦν

2146 4304 2372 4358 ὀστοῦν
2389 4306 2456 4359 ἐκ
2480 4305 2596 4359 τῶν
2616 4308 2812 4362 ὀστῶν
2829 4326 2967 4378 μου,
2988 4311 3085 4363 καὶ
3110 4312 3266 4379 σὰρξ
3284 4313 3351 4365 ἐκ
3372 4311 3479 4380 τῆς
3500 4315 3726 4381 σαρκός

2140 4418 2279 4469 μου.
2305 4401 2458 4464 Τινὲς
2494 4402 2568 4465 δὲ,
2593 4404 2674 4455 ὅτι
2695 4405 2814 4474 οὐχὶ
2834 4405 2991 4457 τοῦτο
3023 4407 3183 4474 μόνον
3203 4408 3519 4473 αἰνίττεται,
3545 4410 3722 4476 φασὶν,

2147 4497 2282 4551 ἀλλά
2300 4498 2393 4551 καὶ
2413 4498 2503 4551 τὸν
2523 4499 2724 4568 τρόπον
2740 4500 2838 4569 τῆς
2855 4501 3237 4574 δημιουργίας,
3257 4505 3348 4556 καὶ
3363 4505 3446 4556 ὃτι
3460 4506 3562 4557 οὐκ
3580 4506 3727 4557 ἔσται

2147 4594 2311 4647 πάλιν
2343 4597 2407 4664 τῇ
2447 4596 2667 4663 γυναικὶ
2698 4596 2937 4660 τοιοῦτος
2955 4598 3056 4668 τῆς
3076 4600 3341 4667 γενέσεως
3359 4602 3387 4651 6
3404 4602 3625 4672 τρόπος,
3645 4601 3730 4654 διά

2146 4690 2305 4744 τοῦτο
2326 4686 2448 4744 εἶπε
2465 4707 2477 4720 '
2509 4693 2691 4747 Τοῦτο
2711 4694 2827 4748 νῦν
2842 4712 2854 4724 ·
2877 4696 3013 4766 ὅπερ
3034 4691 3127 4748 οὖν
3148 4697 3240 4749 καὶ
3259 4697 3445 4766 ἕτερος
3465 4700 3731 4769 ἑρμηνευ-

2146 4787 2247 4859 τὴς
2283 4788 2675 4861 ἀκριϐέστερον
2715 4792 3034 4861 ἑρμηνεύων
3072 4792 3225 4861 ἔλεγε
3250 4833 3265 4856 ,
3307 4793 3493 4847 Τοῦτο
3531 4794 3692 4857 ἅπαξ
3713 4833 3727 4855 .

2149 4885 2351 4940 ὡσανεὶ
2371 4886 2543 4955 ἔλεγε,
2570 4884 2683 4941 Νῦν
2704 4888 2862 4958 μόνον
2899 4890 3036 4961 γυνὴ
3077 4892 3301 4958 γέγονεν
3334 4890 3394 4957 ἐξ
3428 4891 3625 4963 ἀνδρὸς
3645 4892 3732 4961 μό-

2149 4998 2242 5037 νου
2265 4999 2278 5013 ·
2319 4983 2456 5053 μετά
2475 4982 2532 5034 δὲ
2551 4982 2725 5036 ταῦτα
2745 4984 2929 5039 οὐκέτι
2948 4985 3121 5049 οὕτως
3141 4986 3315 5047 ἔσται,
3336 4987 3453 5039 ἀλλ’
3474 4987 3534 5052 ἑξ
3553 4990 3727 5059 ἀμφο-

2149 5078 2343 5151 τέρων·
2376 5077 2623 5132 Ὀστοῦν
2640 5078 2708 5131 ἐκ
2727 5078 2846 5133 τῶν
2863 5079 3063 5135 ὀστῶν
3080 5098 3213 5149 μου,
3238 5083 3337 5136 καὶ
3359 5082 3519 5151 σὰρξ
3538 5082 3607 5136 ἐκ
3630 5081 3733 5148 τῆς

2151 5175 2377 5243 σαρκός
2389 5190 2529 5243 μου.
2561 5174 2649 5239 Ἐξ
2666 5174 2958 5248 ὁλοκλήρου
2979 5177 3088 5248 γὰρ
3106 5177 3198 5231 τοῦ
3220 5180 3543 5250 φυράματος
3560 5182 3589 5234 6
3608 5179 3732 5241 Θεὸς

2150 5269 2333 5324 λαϐὼν
2368 5270 2579 5341 κόμμα,
2598 5270 2740 5326 οὕτω
2776 5272 2874 5344 τὴν
2911 5277 3146 5340 γυναῖκα
3182 5275 3440 5338 ἔπλασεν,
3475 5276 3565 5328 ἴνα
3599 5277 3733 5330 κατὰ

2155 5369 2331 5422 πάντα
2367 5371 2596 5440 κοινωνῇ
2635 5369 2713 5440 τῷ
2750 5370 2923 5442 ἀνδρί.
2962 5372 3148 5439 Αὕτη.
3180 5375 3334 5444 φησὶ,
3371 5376 3735 5442 κληθήσεται

2154 5464 2332 5533 γυνὴ,
2354 5464 2441 5517 ὅτι
2460 5466 2528 5519 ἐκ
2548 5466 2653 5519 τοῦ
2672 5466 2891 5536 ἀνδρὸς
2910 5467 3167 5538 ἐλήφθη.
3199 5471 3362 5542 Ὁρᾷς
3392 5471 3510 5536 πῶς
3528 5474 3623 5527 καὶ
3642 5472 3737 5539 τὴν

2156 5562 2531 5633 προσηγορίαν
2566 5563 2657 5616 διὰ
2687 5564 2845 5617 τοῦτο
2883 5567 3208 5637 ἐπιτίθησιν,
3232 5569 3318 5621 ῖνα
3343 5572 3376 5639 ἡ
3401 5568 3737 5639 προσηγορία

2155 5657 2380 5729 διδάσκῃ
2419 5659 2517 5729 τὴν
2555 5661 2841 5714 κοινωνίαν
2869 5661 2972 5731 τῆς
3000 5662 3233 5730 φύσεως,
3257 5666 3351 5717 καί
3372 5666 3405 5734 ἡ
3423 5663 3740 5719 διδασκαλία

2156 5753 2256 5822 τῆς
2278 5753 2417 5806 κατὰ
2440 5755 2538 5824 τὴν
2558 5754 2719 5825 φύσιν
2740 5758 3043 5822 κοινωνίας,
3065 5760 3159 5813 καὶ
3189 5760 3218 5812 6
3253 5761 3351 5829 τῆς
3380 5759 3740 5830 δημιουργίας

2162 5852 2360 5921 τρόπος
2398 5851 2654 5917 ὑπόθεσις
2691 5854 2910 5925 ἀγάπης
3011 5854 3312 5926 διηνεκοῦς,
3334 5856 3425 5910 καὶ
3447 5855 3741 5927 σύνδεσμος
