  <div class='ocr_page' id='page_1' title='image "/cluster/home/n/w/nwhite01/storage/ocr_20150623/54/nnc1.0046978518/232.png"; bbox 0 0 4028 6360; ppageno 0'>
   <div class='ocr_carea' id='block_1_1' title="bbox 298 392 419 450">
    <p class='ocr_par' dir='ltr' id='par_1_1' title="bbox 298 392 419 450">
     <span class='ocr_line' id='line_1_1' title="bbox 298 392 419 450; baseline -0.017 1"><span class='ocrx_word' id='word_1_1' title='bbox 298 392 419 450; x_wconf 73' lang='grc'><strong>’605</strong></span> 
     </span>
    </p>
   </div>
   <div class='ocr_carea' id='block_1_2' title="bbox 309 500 1898 571">
    <p class='ocr_par' dir='ltr' id='par_1_2' title="bbox 309 500 1898 571">
     <span class='ocr_line' id='line_1_2' title="bbox 309 500 1898 571; baseline -0.009 -7"><span class='ocrx_word' id='word_1_2' title='bbox 309 528 415 565; x_wconf 85' lang='lat' dir='ltr'><strong>non</strong></span> <span class='ocrx_word' id='word_1_3' title='bbox 466 508 745 571; x_wconf 71' lang='lat' dir='ltr'><strong>in-forum,</strong></span> <span class='ocrx_word' id='word_1_4' title='bbox 789 506 890 561; x_wconf 78' lang='lat' dir='ltr'><strong>sed</strong></span> <span class='ocrx_word' id='word_1_5' title='bbox 918 505 969 559; x_wconf 92' lang='lat' dir='ltr'><strong>in</strong></span> <span class='ocrx_word' id='word_1_6' title='bbox 988 503 1265 560; x_wconf 85' lang='lat' dir='ltr'><strong>ecclesiam</strong></span> <span class='ocrx_word' id='word_1_7' title='bbox 1296 501 1557 561; x_wconf 89' lang='lat' dir='ltr'><strong>venimus,</strong></span> <span class='ocrx_word' id='word_1_8' title='bbox 1612 511 1665 554; x_wconf 92' lang='lat' dir='ltr'><strong>et</strong></span> <span class='ocrx_word' id='word_1_9' title='bbox 1696 500 1747 552; x_wconf 94' lang='lat' dir='ltr'><strong>in</strong></span> <span class='ocrx_word' id='word_1_10' title='bbox 1766 512 1898 551; x_wconf 88' lang='lat' dir='ltr'><strong>con-</strong></span> 
     </span>
    </p>
   </div>
   <div class='ocr_carea' id='block_1_3' title="bbox 307 593 1901 675">
    <p class='ocr_par' dir='ltr' id='par_1_3' title="bbox 307 593 1901 675">
     <span class='ocr_line' id='line_1_3' title="bbox 307 593 1901 675; baseline -0.009 -15"><span class='ocrx_word' id='word_1_11' title='bbox 307 622 552 675; x_wconf 72' lang='lat' dir='ltr'><strong>gressum</strong></span> <span class='ocrx_word' id='word_1_12' title='bbox 574 620 670 657; x_wconf 90' lang='lat' dir='ltr'><strong>nos</strong></span> <span class='ocrx_word' id='word_1_13' title='bbox 687 603 875 656; x_wconf 90' lang='lat' dir='ltr'><strong>damus</strong></span> <span class='ocrx_word' id='word_1_14' title='bbox 895 615 997 653; x_wconf 91' lang='lat' dir='ltr'><strong>non</strong></span> <span class='ocrx_word' id='word_1_15' title='bbox 1019 595 1367 656; x_wconf 80' lang='lat' dir='ltr'><strong>uniusamici,</strong></span> <span class='ocrx_word' id='word_1_16' title='bbox 1380 593 1473 661; x_wconf 75' lang='lat' dir='ltr'><strong>sed</strong></span> <span class='ocrx_word' id='word_1_17' title='bbox 1494 602 1596 647; x_wconf 90' lang='lat' dir='ltr'><strong>tam</strong></span> <span class='ocrx_word' id='word_1_18' title='bbox 1611 596 1901 647; x_wconf 91' lang='lat' dir='ltr'><strong>multorum</strong></span> 
     </span>
    </p>
   </div>
   <div class='ocr_carea' id='block_1_4' title="bbox 306 685 1897 761">
    <p class='ocr_par' dir='ltr' id='par_1_4' title="bbox 306 685 1897 761">
     <span class='ocr_line' id='line_1_4' title="bbox 306 685 1897 761; baseline -0.011 -9"><span class='ocrx_word' id='word_1_19' title='bbox 306 715 370 752; x_wconf 72' lang='lat' dir='ltr'><strong>ne</strong></span> <span class='ocrx_word' id='word_1_20' title='bbox 398 698 586 750; x_wconf 80' lang='lat' dir='ltr'><strong>talium</strong></span> <span class='ocrx_word' id='word_1_21' title='bbox 608 696 825 747; x_wconf 80' lang='lat' dir='ltr'><strong>fratrum</strong></span> <span class='ocrx_word' id='word_1_22' title='bbox 855 703 1187 761; x_wconf 87' lang='lat' dir='ltr'><strong>patrumque,</strong></span> <span class='ocrx_word' id='word_1_23' title='bbox 1216 688 1305 756; x_wconf 87' lang='lat' dir='ltr'><strong>qui</strong></span> <span class='ocrx_word' id='word_1_24' title='bbox 1336 686 1448 740; x_wconf 84' lang='lat' dir='ltr'><strong>ﬁeri</strong></span> <span class='ocrx_word' id='word_1_25' title='bbox 1473 685 1682 753; x_wconf 89' lang='lat' dir='ltr'><strong>poterit,</strong></span> <span class='ocrx_word' id='word_1_26' title='bbox 1708 694 1763 736; x_wconf 90' lang='lat' dir='ltr'><strong>ut</strong></span> <span class='ocrx_word' id='word_1_27' title='bbox 1790 697 1897 736; x_wconf 90' lang='lat' dir='ltr'><strong>non</strong></span> 
     </span>
    </p>
   </div>
   <div class='ocr_carea' id='block_1_5' title="bbox 306 774 1895 850">
    <p class='ocr_par' dir='ltr' id='par_1_5' title="bbox 306 774 1895 850">
     <span class='ocr_line' id='line_1_5' title="bbox 306 774 1895 850; baseline -0.01 -8"><span class='ocrx_word' id='word_1_28' title='bbox 306 807 523 844; x_wconf 83' lang='lat' dir='ltr'><strong>onmem</strong></span> <span class='ocrx_word' id='word_1_29' title='bbox 553 787 859 843; x_wconf 68' lang='lat' dir='ltr'><strong>maestitiam</strong></span> <span class='ocrx_word' id='word_1_30' title='bbox 883 783 1229 850; x_wconf 77' lang='lat' dir='ltr'><strong>deponanms,</strong></span> <span class='ocrx_word' id='word_1_31' title='bbox 1255 796 1357 834; x_wconf 91' lang='lat' dir='ltr'><strong>non</strong></span> <span class='ocrx_word' id='word_1_32' title='bbox 1381 778 1561 831; x_wconf 65' lang='lat' dir='ltr'><strong>laztitia</strong></span> <span class='ocrx_word' id='word_1_33' title='bbox 1588 776 1730 830; x_wconf 90' lang='lat' dir='ltr'><strong>omni</strong></span> <span class='ocrx_word' id='word_1_34' title='bbox 1750 774 1895 827; x_wconf 83' lang='lat' dir='ltr'><strong>frua-</strong></span> 
     </span>
    </p>
   </div>
   <div class='ocr_carea' id='block_1_6' title="bbox 296 869 1890 949">
    <p class='ocr_par' dir='ltr' id='par_1_6' title="bbox 296 869 1890 949">
     <span class='ocr_line' id='line_1_6' title="bbox 296 869 1890 949; baseline -0.011 -10"><span class='ocrx_word' id='word_1_35' title='bbox 296 884 461 939; x_wconf 78' lang='lat' dir='ltr'><strong>mur?</strong></span> <span class='ocrx_word' id='word_1_36' title='bbox 490 882 603 938; x_wconf 88' lang='lat' dir='ltr'><strong>Non</strong></span> <span class='ocrx_word' id='word_1_37' title='bbox 626 881 766 936; x_wconf 91' lang='lat' dir='ltr'><strong>enim</strong></span> <span class='ocrx_word' id='word_1_38' title='bbox 796 886 1009 947; x_wconf 84' lang='lat' dir='ltr'><strong>propter</strong></span> <span class='ocrx_word' id='word_1_39' title='bbox 1028 873 1419 949; x_wconf 74' lang='lat' dir='ltr'><strong>multitudinem</strong></span> <span class='ocrx_word' id='word_1_40' title='bbox 1449 880 1655 924; x_wconf 88' lang='lat' dir='ltr'><strong>tantum</strong></span> <span class='ocrx_word' id='word_1_41' title='bbox 1698 869 1890 923; x_wconf 85' lang='lat' dir='ltr'><strong>melior</strong></span> 
     </span>
    </p>
   </div>
   <div class='ocr_carea' id='block_1_7' title="bbox 304 961 1891 1031">
    <p class='ocr_par' dir='ltr' id='par_1_7' title="bbox 304 961 1891 1031">
     <span class='ocr_line' id='line_1_7' title="bbox 304 961 1891 1031; baseline -0.011 0"><span class='ocrx_word' id='word_1_42' title='bbox 304 987 391 1031; x_wconf 90' lang='lat' dir='ltr'><strong>est</strong></span> <span class='ocrx_word' id='word_1_43' title='bbox 419 975 722 1030; x_wconf 78' lang='lat' dir='ltr'><strong>forensibus</strong></span> <span class='ocrx_word' id='word_1_44' title='bbox 753 972 857 1025; x_wconf 83' lang='lat' dir='ltr'><strong>illis</strong></span> <span class='ocrx_word' id='word_1_45' title='bbox 897 969 1126 1023; x_wconf 68' lang='lat' dir='ltr'><strong>coetibus</strong></span> <span class='ocrx_word' id='word_1_46' title='bbox 1162 967 1248 1020; x_wconf 88' lang='lat' dir='ltr'><strong>hic</strong></span> <span class='ocrx_word' id='word_1_47' title='bbox 1268 978 1570 1028; x_wconf 89' lang='lat' dir='ltr'><strong>consessus,</strong></span> <span class='ocrx_word' id='word_1_48' title='bbox 1627 961 1720 1015; x_wconf 87' lang='lat' dir='ltr'><strong>sed</strong></span> <span class='ocrx_word' id='word_1_49' title='bbox 1767 977 1891 1031; x_wconf 92' lang='lat' dir='ltr'><strong>pro-</strong></span> 
     </span>
    </p>
   </div>
   <div class='ocr_carea' id='block_1_8' title="bbox 298 1052 1894 1140">
    <p class='ocr_par' dir='ltr' id='par_1_8' title="bbox 298 1052 1894 1140">
     <span class='ocr_line' id='line_1_8' title="bbox 298 1052 1894 1140; baseline -0.011 -16"><span class='ocrx_word' id='word_1_50' title='bbox 298 1077 430 1140; x_wconf 83' lang='lat' dir='ltr'><strong>pter</strong></span> <span class='ocrx_word' id='word_1_51' title='bbox 482 1068 648 1136; x_wconf 91' lang='lat' dir='ltr'><strong>ipsam</strong></span> <span class='ocrx_word' id='word_1_52' title='bbox 694 1061 1077 1131; x_wconf 91' lang='lat' dir='ltr'><strong>colloquiorum</strong></span> <span class='ocrx_word' id='word_1_53' title='bbox 1097 1058 1477 1114; x_wconf 75' lang='lat' dir='ltr'><strong>conditionem.</strong></span> <span class='ocrx_word' id='word_1_54' title='bbox 1510 1053 1638 1107; x_wconf 89' lang='lat' dir='ltr'><strong>Nam</strong></span> <span class='ocrx_word' id='word_1_55' title='bbox 1669 1054 1742 1106; x_wconf 85' lang='lat' dir='ltr'><strong>illi</strong></span> <span class='ocrx_word' id='word_1_56' title='bbox 1778 1052 1894 1123; x_wconf 87' lang='lat' dir='ltr'><strong>qui-</strong></span> 
     </span>
    </p>
   </div>
   <div class='ocr_carea' id='block_1_9' title="bbox 301 1142 1889 1213">
    <p class='ocr_par' dir='ltr' id='par_1_9' title="bbox 301 1142 1889 1213">
     <span class='ocr_line' id='line_1_9' title="bbox 301 1142 1889 1213; baseline -0.012 0"><span class='ocrx_word' id='word_1_57' title='bbox 301 1160 426 1213; x_wconf 87' lang='lat' dir='ltr'><strong>dem</strong></span> <span class='ocrx_word' id='word_1_58' title='bbox 452 1159 501 1212; x_wconf 93' lang='lat' dir='ltr'><strong>in</strong></span> <span class='ocrx_word' id='word_1_59' title='bbox 533 1155 646 1210; x_wconf 91' lang='lat' dir='ltr'><strong>foro</strong></span> <span class='ocrx_word' id='word_1_60' title='bbox 673 1153 1031 1213; x_wconf 85' lang='lat' dir='ltr'><strong>considentes,</strong></span> <span class='ocrx_word' id='word_1_61' title='bbox 1056 1162 1107 1205; x_wconf 92' lang='lat' dir='ltr'><strong>et</strong></span> <span class='ocrx_word' id='word_1_62' title='bbox 1129 1151 1180 1203; x_wconf 91' lang='lat' dir='ltr'><strong>in</strong></span> <span class='ocrx_word' id='word_1_63' title='bbox 1207 1148 1388 1202; x_wconf 88' lang='lat' dir='ltr'><strong>orbem</strong></span> <span class='ocrx_word' id='word_1_64' title='bbox 1413 1147 1551 1199; x_wconf 90' lang='lat' dir='ltr'><strong>inter</strong></span> <span class='ocrx_word' id='word_1_65' title='bbox 1580 1159 1637 1199; x_wconf 89' lang='lat' dir='ltr'><strong>se</strong></span> <span class='ocrx_word' id='word_1_66' title='bbox 1659 1142 1889 1208; x_wconf 79' lang='lat' dir='ltr'><strong>collecti,</strong></span> 
     </span>
    </p>
   </div>
   <div class='ocr_carea' id='block_1_10' title="bbox 301 1236 1891 1321">
    <p class='ocr_par' dir='ltr' id='par_1_10' title="bbox 301 1236 1891 1321">
     <span class='ocr_line' id='line_1_10' title="bbox 301 1236 1891 1321; baseline -0.012 -16"><span class='ocrx_word' id='word_1_67' title='bbox 301 1260 465 1321; x_wconf 83' lang='lat' dir='ltr'><strong>atque</strong></span> <span class='ocrx_word' id='word_1_68' title='bbox 484 1250 533 1302; x_wconf 93' lang='lat' dir='ltr'><strong>in</strong></span> <span class='ocrx_word' id='word_1_69' title='bbox 556 1244 937 1303; x_wconf 82' lang='lat' dir='ltr'><strong>circulis-otiosi</strong></span> <span class='ocrx_word' id='word_1_70' title='bbox 961 1256 1197 1311; x_wconf 68' lang='lat' dir='ltr'><strong>persmpe</strong></span> <span class='ocrx_word' id='word_1_71' title='bbox 1218 1240 1283 1293; x_wconf 90' lang='lat' dir='ltr'><strong>de</strong></span> <span class='ocrx_word' id='word_1_72' title='bbox 1304 1238 1460 1293; x_wconf 86' lang='lat' dir='ltr'><strong>rebus</strong></span> <span class='ocrx_word' id='word_1_73' title='bbox 1482 1236 1756 1291; x_wconf 71' lang='lat' dir='ltr'><strong>inutilibus</strong></span> <span class='ocrx_word' id='word_1_74' title='bbox 1778 1249 1891 1287; x_wconf 91' lang='lat' dir='ltr'><strong>ser-</strong></span> 
     </span>
    </p>
   </div>
   <div class='ocr_carea' id='block_1_11' title="bbox 300 1323 1890 1403">
    <p class='ocr_par' dir='ltr' id='par_1_11' title="bbox 300 1323 1890 1403">
     <span class='ocr_line' id='line_1_11' title="bbox 300 1323 1890 1403; baseline -0.012 -7"><span class='ocrx_word' id='word_1_75' title='bbox 300 1355 492 1396; x_wconf 89' lang='lat' dir='ltr'><strong>mones</strong></span> <span class='ocrx_word' id='word_1_76' title='bbox 511 1343 821 1401; x_wconf 81' lang='lat' dir='ltr'><strong>conserunt,</strong></span> <span class='ocrx_word' id='word_1_77' title='bbox 846 1345 899 1389; x_wconf 89' lang='lat' dir='ltr'><strong>et</strong></span> <span class='ocrx_word' id='word_1_78' title='bbox 922 1334 1100 1403; x_wconf 85' lang='lat' dir='ltr'><strong>jejuna</strong></span> <span class='ocrx_word' id='word_1_79' title='bbox 1131 1329 1523 1399; x_wconf 88' lang='lat' dir='ltr'><strong>colloquntione</strong></span> <span class='ocrx_word' id='word_1_80' title='bbox 1550 1326 1783 1380; x_wconf 87' lang='lat' dir='ltr'><strong>instituta</strong></span> <span class='ocrx_word' id='word_1_81' title='bbox 1824 1323 1890 1377; x_wconf 91' lang='lat' dir='ltr'><strong>de</strong></span> 
     </span>
    </p>
   </div>
   <div class='ocr_carea' id='block_1_12' title="bbox 298 1414 1890 1495">
    <p class='ocr_par' dir='ltr' id='par_1_12' title="bbox 298 1414 1890 1495">
     <span class='ocr_line' id='line_1_12' title="bbox 298 1414 1890 1495; baseline -0.009 -9"><span class='ocrx_word' id='word_1_82' title='bbox 298 1434 367 1487; x_wconf 91' lang='lat' dir='ltr'><strong>iis</strong></span> <span class='ocrx_word' id='word_1_83' title='bbox 395 1431 556 1485; x_wconf 83' lang='lat' dir='ltr'><strong>verba</strong></span> <span class='ocrx_word' id='word_1_84' title='bbox 601 1429 820 1491; x_wconf 88' lang='lat' dir='ltr'><strong>faciunt,</strong></span> <span class='ocrx_word' id='word_1_85' title='bbox 851 1442 969 1495; x_wconf 76' lang='lat' dir='ltr'><strong>qua:</strong></span> <span class='ocrx_word' id='word_1_86' title='bbox 1017 1423 1083 1478; x_wconf 87' lang='lat' dir='ltr'><strong>ad</strong></span> <span class='ocrx_word' id='word_1_87' title='bbox 1130 1423 1279 1492; x_wconf 85' lang='lat' dir='ltr'><strong>ipsos</strong></span> <span class='ocrx_word' id='word_1_88' title='bbox 1323 1419 1453 1473; x_wconf 80' lang='lat' dir='ltr'><strong>nihil</strong></span> <span class='ocrx_word' id='word_1_89' title='bbox 1501 1419 1745 1472; x_wconf 72' lang='lat' dir='ltr'><strong>attinent.</strong></span> <span class='ocrx_word' id='word_1_90' title='bbox 1800 1414 1890 1471; x_wconf 90' lang='lat' dir='ltr'><strong>Sic</strong></span> 
     </span>
    </p>
   </div>
   <div class='ocr_carea' id='block_1_13' title="bbox 297 1512 1884 1587">
    <p class='ocr_par' dir='ltr' id='par_1_13' title="bbox 297 1512 1884 1587">
     <span class='ocr_line' id='line_1_13' title="bbox 297 1512 1884 1587; baseline -0.009 -8"><span class='ocrx_word' id='word_1_91' title='bbox 297 1526 447 1579; x_wconf 89' lang='lat' dir='ltr'><strong>enim</strong></span> <span class='ocrx_word' id='word_1_92' title='bbox 476 1524 584 1577; x_wconf 87' lang='lat' dir='ltr'><strong>fere</strong></span> <span class='ocrx_word' id='word_1_93' title='bbox 606 1522 682 1585; x_wconf 90' lang='lat' dir='ltr'><strong>fit,</strong></span> <span class='ocrx_word' id='word_1_94' title='bbox 716 1531 774 1575; x_wconf 90' lang='lat' dir='ltr'><strong>ut</strong></span> <span class='ocrx_word' id='word_1_95' title='bbox 801 1518 987 1587; x_wconf 86' lang='lat' dir='ltr'><strong>majori</strong></span> <span class='ocrx_word' id='word_1_96' title='bbox 1014 1516 1188 1571; x_wconf 90' lang='lat' dir='ltr'><strong>studio</strong></span> <span class='ocrx_word' id='word_1_97' title='bbox 1205 1531 1293 1569; x_wconf 88' lang='lat' dir='ltr'><strong>res</strong></span> <span class='ocrx_word' id='word_1_98' title='bbox 1313 1515 1514 1568; x_wconf 89' lang='lat' dir='ltr'><strong>alienas</strong></span> <span class='ocrx_word' id='word_1_99' title='bbox 1537 1512 1884 1582; x_wconf 87' lang='lat' dir='ltr'><strong>inquiramus,</strong></span> 
     </span>
    </p>
   </div>
   <div class='ocr_carea' id='block_1_14' title="bbox 295 1606 1888 1683">
    <p class='ocr_par' dir='ltr' id='par_1_14' title="bbox 295 1606 1888 1683">
     <span class='ocr_line' id='line_1_14' title="bbox 295 1606 1888 1683; baseline -0.01 -10"><span class='ocrx_word' id='word_1_100' title='bbox 295 1630 352 1673; x_wconf 91' lang='lat' dir='ltr'><strong>et</strong></span> <span class='ocrx_word' id='word_1_101' title='bbox 379 1618 640 1672; x_wconf 86' lang='lat' dir='ltr'><strong>curiosius</strong></span> <span class='ocrx_word' id='word_1_102' title='bbox 670 1613 996 1683; x_wconf 78' lang='lat' dir='ltr'><strong>indagemus.</strong></span> <span class='ocrx_word' id='word_1_103' title='bbox 1025 1610 1143 1664; x_wconf 69' lang='lat' dir='ltr'><strong>iam</strong></span> <span class='ocrx_word' id='word_1_104' title='bbox 1173 1624 1301 1663; x_wconf 85' lang='lat' dir='ltr'><strong>vero</strong></span> <span class='ocrx_word' id='word_1_105' title='bbox 1346 1606 1609 1660; x_wconf 90' lang='lat' dir='ltr'><strong>lubricum</strong></span> <span class='ocrx_word' id='word_1_106' title='bbox 1657 1620 1778 1658; x_wconf 89' lang='lat' dir='ltr'><strong>esse</strong></span> <span class='ocrx_word' id='word_1_107' title='bbox 1824 1618 1888 1657; x_wconf 86' lang='lat' dir='ltr'><strong>ac</strong></span> 
     </span>
    </p>
   </div>
   <div class='ocr_carea' id='block_1_15' title="bbox 296 1697 1887 1783">
    <p class='ocr_par' dir='ltr' id='par_1_15' title="bbox 296 1697 1887 1783">
     <span class='ocr_line' id='line_1_15' title="bbox 296 1697 1887 1783; baseline -0.01 -18"><span class='ocrx_word' id='word_1_108' title='bbox 296 1710 518 1783; x_wconf 75' lang='lat' dir='ltr'><strong>pericu-li</strong></span> <span class='ocrx_word' id='word_1_109' title='bbox 547 1708 761 1777; x_wconf 87' lang='lat' dir='ltr'><strong>plenum</strong></span> <span class='ocrx_word' id='word_1_110' title='bbox 810 1705 931 1759; x_wconf 81' lang='lat' dir='ltr'><strong>talia</strong></span> <span class='ocrx_word' id='word_1_111' title='bbox 961 1703 1123 1757; x_wconf 90' lang='lat' dir='ltr'><strong>verba</strong></span> <span class='ocrx_word' id='word_1_112' title='bbox 1154 1699 1373 1754; x_wconf 85' lang='lat' dir='ltr'><strong>fundere</strong></span> <span class='ocrx_word' id='word_1_113' title='bbox 1402 1708 1561 1768; x_wconf 88' lang='lat' dir='ltr'><strong>atqtte</strong></span> <span class='ocrx_word' id='word_1_114' title='bbox 1587 1697 1799 1762; x_wconf 89' lang='lat' dir='ltr'><strong>audire,</strong></span> <span class='ocrx_word' id='word_1_115' title='bbox 1832 1704 1887 1749; x_wconf 82' lang='lat' dir='ltr'><strong>et</strong></span> 
     </span>
    </p>
   </div>
   <div class='ocr_carea' id='block_1_16' title="bbox 295 1790 1879 1867">
    <p class='ocr_par' dir='ltr' id='par_1_16' title="bbox 295 1790 1879 1867">
     <span class='ocr_line' id='line_1_16' title="bbox 295 1790 1879 1867; baseline -0.008 -10"><span class='ocrx_word' id='word_1_116' title='bbox 295 1801 501 1865; x_wconf 84' lang='lat' dir='ltr'><strong>seduci,</strong></span> <span class='ocrx_word' id='word_1_117' title='bbox 534 1800 833 1867; x_wconf 88' lang='lat' dir='ltr'><strong>multasque</strong></span> <span class='ocrx_word' id='word_1_118' title='bbox 858 1796 926 1851; x_wconf 88' lang='lat' dir='ltr'><strong>ob</strong></span> <span class='ocrx_word' id='word_1_119' title='bbox 956 1794 1213 1864; x_wconf 85' lang='lat' dir='ltr'><strong>ejusmodi</strong></span> <span class='ocrx_word' id='word_1_120' title='bbox 1260 1801 1555 1848; x_wconf 88' lang='lat' dir='ltr'><strong>conventus</strong></span> <span class='ocrx_word' id='word_1_121' title='bbox 1608 1790 1879 1845; x_wconf 90' lang='lat' dir='ltr'><strong>multoties</strong></span> 
     </span>
    </p>
   </div>
   <div class='ocr_carea' id='block_1_17' title="bbox 293 1884 1885 1955">
    <p class='ocr_par' dir='ltr' id='par_1_17' title="bbox 293 1884 1885 1955">
     <span class='ocr_line' id='line_1_17' title="bbox 293 1884 1885 1955; baseline -0.008 -5"><span class='ocrx_word' id='word_1_122' title='bbox 293 1896 558 1950; x_wconf 86' lang='lat' dir='ltr'><strong>excitatas</strong></span> <span class='ocrx_word' id='word_1_123' title='bbox 587 1907 705 1947; x_wconf 89' lang='lat' dir='ltr'><strong>esse</strong></span> <span class='ocrx_word' id='word_1_124' title='bbox 753 1892 805 1945; x_wconf 91' lang='lat' dir='ltr'><strong>in</strong></span> <span class='ocrx_word' id='word_1_125' title='bbox 852 1888 1063 1943; x_wconf 83' lang='lat' dir='ltr'><strong>familiis</strong></span> <span class='ocrx_word' id='word_1_126' title='bbox 1111 1894 1470 1955; x_wconf 87' lang='lat' dir='ltr'><strong>tempestates,</strong></span> <span class='ocrx_word' id='word_1_127' title='bbox 1518 1884 1697 1937; x_wconf 85' lang='lat' dir='ltr'><strong>dicere</strong></span> <span class='ocrx_word' id='word_1_128' title='bbox 1742 1897 1885 1937; x_wconf 92' lang='lat' dir='ltr'><strong>nunc</strong></span> 
     </span>
    </p>
   </div>
   <div class='ocr_carea' id='block_1_18' title="bbox 294 1983 1885 2057">
    <p class='ocr_par' dir='ltr' id='par_1_18' title="bbox 294 1983 1885 2057">
     <span class='ocr_line' id='line_1_18' title="bbox 294 1983 1885 2057; baseline -0.009 -14"><span class='ocrx_word' id='word_1_129' title='bbox 294 1986 621 2057; x_wconf 84' lang='lat' dir='ltr'><strong>supersedeo</strong></span> <span class='ocrx_word' id='word_1_130' title='bbox 654 1994 835 2039; x_wconf 89' lang='lat' dir='ltr'><strong>:certc</strong></span> <span class='ocrx_word' id='word_1_131' title='bbox 861 1983 1099 2037; x_wconf 86' lang='lat' dir='ltr'><strong>inutilem</strong></span> <span class='ocrx_word' id='word_1_132' title='bbox 1133 1997 1195 2035; x_wconf 91' lang='lat' dir='ltr'><strong>ac</strong></span> <span class='ocrx_word' id='word_1_133' title='bbox 1221 1995 1411 2034; x_wconf 80' lang='lat' dir='ltr'><strong>vanam</strong></span> <span class='ocrx_word' id='word_1_134' title='bbox 1436 1994 1554 2033; x_wconf 91' lang='lat' dir='ltr'><strong>esse</strong></span> <span class='ocrx_word' id='word_1_135' title='bbox 1581 1987 1737 2048; x_wconf 91' lang='lat' dir='ltr'><strong>atque</strong></span> <span class='ocrx_word' id='word_1_136' title='bbox 1784 1992 1885 2030; x_wconf 76' lang='lat' dir='ltr'><strong>sa:-</strong></span> 
     </span>
    </p>
   </div>
   <div class='ocr_carea' id='block_1_19' title="bbox 291 2072 1883 2143">
    <p class='ocr_par' dir='ltr' id='par_1_19' title="bbox 291 2072 1883 2143">
     <span class='ocr_line' id='line_1_19' title="bbox 291 2072 1883 2143; baseline -0.007 -8"><span class='ocrx_word' id='word_1_137' title='bbox 291 2082 535 2135; x_wconf 89' lang='lat' dir='ltr'><strong>cularcm</strong></span> <span class='ocrx_word' id='word_1_138' title='bbox 584 2092 796 2131; x_wconf 90' lang='lat' dir='ltr'><strong>omnem</strong></span> <span class='ocrx_word' id='word_1_139' title='bbox 846 2072 1111 2143; x_wconf 86' lang='lat' dir='ltr'><strong>ejusmodi</strong></span> <span class='ocrx_word' id='word_1_140' title='bbox 1151 2072 1650 2136; x_wconf 67' lang='lat' dir='ltr'><strong>contabulationem,</strong></span> <span class='ocrx_word' id='word_1_141' title='bbox 1708 2084 1883 2138; x_wconf 86' lang='lat' dir='ltr'><strong>neque</strong></span> 
     </span>
    </p>
   </div>
   <div class='ocr_carea' id='block_1_20' title="bbox 294 2163 1880 2242">
    <p class='ocr_par' dir='ltr' id='par_1_20' title="bbox 294 2163 1880 2242">
     <span class='ocr_line' id='line_1_20' title="bbox 294 2163 1880 2242; baseline -0.006 -17"><span class='ocrx_word' id='word_1_142' title='bbox 294 2174 448 2227; x_wconf 79' lang='lat' dir='ltr'><strong>facile</strong></span> <span class='ocrx_word' id='word_1_143' title='bbox 493 2171 822 2242; x_wconf 89' lang='lat' dir='ltr'><strong>spiritualem</strong></span> <span class='ocrx_word' id='word_1_144' title='bbox 866 2183 1120 2238; x_wconf 87' lang='lat' dir='ltr'><strong>umquam</strong></span> <span class='ocrx_word' id='word_1_145' title='bbox 1177 2181 1477 2220; x_wconf 88' lang='lat' dir='ltr'><strong>sermonem</strong></span> <span class='ocrx_word' id='word_1_146' title='bbox 1512 2165 1563 2217; x_wconf 94' lang='lat' dir='ltr'><strong>in</strong></span> <span class='ocrx_word' id='word_1_147' title='bbox 1614 2163 1880 2232; x_wconf 85' lang='lat' dir='ltr'><strong>ejusmodi</strong></span> 
     </span>
    </p>
   </div>
   <div class='ocr_carea' id='block_1_21' title="bbox 290 2260 1879 2333">
    <p class='ocr_par' dir='ltr' id='par_1_21' title="bbox 290 2260 1879 2333">
     <span class='ocr_line' id='line_1_21' title="bbox 290 2260 1879 2333; baseline -0.008 -10"><span class='ocrx_word' id='word_1_148' title='bbox 290 2282 604 2323; x_wconf 89' lang='lat' dir='ltr'><strong>consessum</strong></span> <span class='ocrx_word' id='word_1_149' title='bbox 644 2265 871 2329; x_wconf 88' lang='lat' dir='ltr'><strong>admitti,</strong></span> <span class='ocrx_word' id='word_1_150' title='bbox 903 2263 1116 2333; x_wconf 80' lang='lat' dir='ltr'><strong>negabit</strong></span> <span class='ocrx_word' id='word_1_151' title='bbox 1140 2275 1317 2316; x_wconf 89' lang='lat' dir='ltr'><strong>nemo.</strong></span> <span class='ocrx_word' id='word_1_152' title='bbox 1344 2261 1439 2314; x_wconf 88' lang='lat' dir='ltr'><strong>llic</strong></span> <span class='ocrx_word' id='word_1_153' title='bbox 1465 2269 1645 2313; x_wconf 89' lang='lat' dir='ltr'><strong>autem</strong></span> <span class='ocrx_word' id='word_1_154' title='bbox 1672 2273 1775 2311; x_wconf 92' lang='lat' dir='ltr'><strong>non</strong></span> <span class='ocrx_word' id='word_1_155' title='bbox 1806 2260 1879 2311; x_wconf 89' lang='lat' dir='ltr'><strong>ita</strong></span> 
     </span>
    </p>
   </div>
   <div class='ocr_carea' id='block_1_22' title="bbox 293 2347 1880 2424">
    <p class='ocr_par' dir='ltr' id='par_1_22' title="bbox 293 2347 1880 2424">
     <span class='ocr_line' id='line_1_22' title="bbox 293 2347 1880 2424; baseline -0.008 -11"><span class='ocrx_word' id='word_1_156' title='bbox 293 2362 371 2423; x_wconf 90' lang='lat' dir='ltr'><strong>fit,</strong></span> <span class='ocrx_word' id='word_1_157' title='bbox 402 2359 494 2414; x_wconf 90' lang='lat' dir='ltr'><strong>sed</strong></span> <span class='ocrx_word' id='word_1_158' title='bbox 552 2357 877 2412; x_wconf 89' lang='lat' dir='ltr'><strong>contrarium</strong></span> <span class='ocrx_word' id='word_1_159' title='bbox 905 2354 1064 2424; x_wconf 84' lang='lat' dir='ltr'><strong>plane</strong></span> <span class='ocrx_word' id='word_1_160' title='bbox 1103 2351 1413 2420; x_wconf 88' lang='lat' dir='ltr'><strong>:siquidem</strong></span> <span class='ocrx_word' id='word_1_161' title='bbox 1456 2350 1631 2403; x_wconf 91' lang='lat' dir='ltr'><strong>omnis</strong></span> <span class='ocrx_word' id='word_1_162' title='bbox 1679 2347 1880 2401; x_wconf 89' lang='lat' dir='ltr'><strong>inutilis</strong></span> 
     </span>
    </p>
   </div>
   <div class='ocr_carea' id='block_1_23' title="bbox 290 2440 1881 2519">
    <p class='ocr_par' dir='ltr' id='par_1_23' title="bbox 290 2440 1881 2519">
     <span class='ocr_line' id='line_1_23' title="bbox 290 2440 1881 2519; baseline -0.007 -14"><span class='ocrx_word' id='word_1_163' title='bbox 290 2465 473 2505; x_wconf 88' lang='lat' dir='ltr'><strong>sermo</strong></span> <span class='ocrx_word' id='word_1_164' title='bbox 494 2449 749 2519; x_wconf 90' lang='lat' dir='ltr'><strong>rejicitur,</strong></span> <span class='ocrx_word' id='word_1_165' title='bbox 772 2446 947 2501; x_wconf 91' lang='lat' dir='ltr'><strong>omnis</strong></span> <span class='ocrx_word' id='word_1_166' title='bbox 968 2459 1093 2499; x_wconf 87' lang='lat' dir='ltr'><strong>vero</strong></span> <span class='ocrx_word' id='word_1_167' title='bbox 1115 2443 1354 2498; x_wconf 90' lang='lat' dir='ltr'><strong>doctrina</strong></span> <span class='ocrx_word' id='word_1_168' title='bbox 1380 2441 1667 2512; x_wconf 83' lang='lat' dir='ltr'><strong>spiritualis</strong></span> <span class='ocrx_word' id='word_1_169' title='bbox 1691 2440 1741 2493; x_wconf 94' lang='lat' dir='ltr'><strong>in</strong></span> <span class='ocrx_word' id='word_1_170' title='bbox 1769 2453 1881 2494; x_wconf 83' lang='lat' dir='ltr'><strong>me-</strong></span> 
     </span>
    </p>
   </div>
   <div class='ocr_carea' id='block_1_24' title="bbox 288 2531 1874 2611">
    <p class='ocr_par' dir='ltr' id='par_1_24' title="bbox 288 2531 1874 2611">
     <span class='ocr_line' id='line_1_24' title="bbox 288 2531 1874 2611; baseline -0.006 -16"><span class='ocrx_word' id='word_1_171' title='bbox 288 2544 439 2597; x_wconf 86' lang='lat' dir='ltr'><strong>dium</strong></span> <span class='ocrx_word' id='word_1_172' title='bbox 467 2540 749 2611; x_wconf 88' lang='lat' dir='ltr'><strong>profertur.</strong></span> <span class='ocrx_word' id='word_1_173' title='bbox 807 2538 1091 2593; x_wconf 87' lang='lat' dir='ltr'><strong>Enimvero</strong></span> <span class='ocrx_word' id='word_1_174' title='bbox 1117 2535 1184 2591; x_wconf 91' lang='lat' dir='ltr'><strong>de</strong></span> <span class='ocrx_word' id='word_1_175' title='bbox 1212 2536 1387 2589; x_wconf 90' lang='lat' dir='ltr'><strong>anima</strong></span> <span class='ocrx_word' id='word_1_176' title='bbox 1420 2542 1596 2587; x_wconf 91' lang='lat' dir='ltr'><strong>nostra</strong></span> <span class='ocrx_word' id='word_1_177' title='bbox 1650 2531 1874 2587; x_wconf 88' lang='lat' dir='ltr'><strong>disseri-</strong></span> 
     </span>
    </p>
   </div>
   <div class='ocr_carea' id='block_1_25' title="bbox 281 2625 1876 2704">
    <p class='ocr_par' dir='ltr' id='par_1_25' title="bbox 281 2625 1876 2704">
     <span class='ocr_line' id='line_1_25' title="bbox 281 2625 1876 2704; baseline -0.007 -16"><span class='ocrx_word' id='word_1_178' title='bbox 281 2652 430 2697; x_wconf 84' lang='lat' dir='ltr'><strong>mus,</strong></span> <span class='ocrx_word' id='word_1_179' title='bbox 471 2635 643 2704; x_wconf 89' lang='lat' dir='ltr'><strong>deque</strong></span> <span class='ocrx_word' id='word_1_180' title='bbox 692 2632 843 2686; x_wconf 91' lang='lat' dir='ltr'><strong>bonis</strong></span> <span class='ocrx_word' id='word_1_181' title='bbox 899 2630 1023 2694; x_wconf 91' lang='lat' dir='ltr'><strong>illis,</strong></span> <span class='ocrx_word' id='word_1_182' title='bbox 1079 2644 1198 2698; x_wconf 73' lang='lat' dir='ltr'><strong>qua:</strong></span> <span class='ocrx_word' id='word_1_183' title='bbox 1225 2627 1291 2681; x_wconf 90' lang='lat' dir='ltr'><strong>ad</strong></span> <span class='ocrx_word' id='word_1_184' title='bbox 1328 2627 1560 2680; x_wconf 88' lang='lat' dir='ltr'><strong>animam</strong></span> <span class='ocrx_word' id='word_1_185' title='bbox 1591 2625 1876 2694; x_wconf 78' lang='lat' dir='ltr'><strong>pertinent,</strong></span> 
     </span>
    </p>
   </div>
   <div class='ocr_carea' id='block_1_26' title="bbox 287 2717 1875 2795">
    <p class='ocr_par' dir='ltr' id='par_1_26' title="bbox 287 2717 1875 2795">
     <span class='ocr_line' id='line_1_26' title="bbox 287 2717 1875 2795; baseline -0.008 -13"><span class='ocrx_word' id='word_1_186' title='bbox 287 2728 463 2795; x_wconf 83' lang='lat' dir='ltr'><strong>deque</strong></span> <span class='ocrx_word' id='word_1_187' title='bbox 489 2725 736 2794; x_wconf 89' lang='lat' dir='ltr'><strong>repositis</strong></span> <span class='ocrx_word' id='word_1_188' title='bbox 762 2724 812 2777; x_wconf 89' lang='lat' dir='ltr'><strong>in</strong></span> <span class='ocrx_word' id='word_1_189' title='bbox 841 2722 972 2777; x_wconf 72' lang='lat' dir='ltr'><strong>cmlo</strong></span> <span class='ocrx_word' id='word_1_190' title='bbox 992 2721 1228 2784; x_wconf 88' lang='lat' dir='ltr'><strong>coronis,</strong></span> <span class='ocrx_word' id='word_1_191' title='bbox 1245 2720 1312 2773; x_wconf 89' lang='lat' dir='ltr'><strong>de</strong></span> <span class='ocrx_word' id='word_1_192' title='bbox 1336 2720 1571 2772; x_wconf 92' lang='lat' dir='ltr'><strong>virorum</strong></span> <span class='ocrx_word' id='word_1_193' title='bbox 1593 2717 1875 2771; x_wconf 82' lang='lat' dir='ltr'><strong>illustrium</strong></span> 
     </span>
    </p>
   </div>
   <div class='ocr_carea' id='block_1_27' title="bbox 279 2808 1874 2889">
    <p class='ocr_par' dir='ltr' id='par_1_27' title="bbox 279 2808 1874 2889">
     <span class='ocr_line' id='line_1_27' title="bbox 279 2808 1874 2889; baseline -0.009 -16"><span class='ocrx_word' id='word_1_194' title='bbox 279 2821 599 2889; x_wconf 65' lang='lat' dir='ltr'><strong>vita,deque</strong></span> <span class='ocrx_word' id='word_1_195' title='bbox 627 2817 717 2873; x_wconf 89' lang='lat' dir='ltr'><strong>Dei</strong></span> <span class='ocrx_word' id='word_1_196' title='bbox 748 2814 1072 2885; x_wconf 80' lang='lat' dir='ltr'><strong>benignitate</strong></span> <span class='ocrx_word' id='word_1_197' title='bbox 1095 2820 1253 2883; x_wconf 87' lang='lat' dir='ltr'><strong>atque</strong></span> <span class='ocrx_word' id='word_1_198' title='bbox 1272 2811 1501 2867; x_wconf 87' lang='lat' dir='ltr'><strong>universi</strong></span> <span class='ocrx_word' id='word_1_199' title='bbox 1523 2808 1874 2879; x_wconf 89' lang='lat' dir='ltr'><strong>providentia,</strong></span> 
     </span>
    </p>
   </div>
   <div class='ocr_carea' id='block_1_28' title="bbox 276 2906 1873 2983">
    <p class='ocr_par' dir='ltr' id='par_1_28' title="bbox 276 2906 1873 2983">
     <span class='ocr_line' id='line_1_28' title="bbox 276 2906 1873 2983; baseline -0.008 -14"><span class='ocrx_word' id='word_1_200' title='bbox 276 2914 518 2983; x_wconf 82' lang='lat' dir='ltr'><strong>denique</strong></span> <span class='ocrx_word' id='word_1_201' title='bbox 538 2912 604 2967; x_wconf 91' lang='lat' dir='ltr'><strong>de</strong></span> <span class='ocrx_word' id='word_1_202' title='bbox 629 2911 747 2977; x_wconf 72' lang='lat' dir='ltr'><strong>aliis</strong></span> <span class='ocrx_word' id='word_1_203' title='bbox 775 2910 1039 2973; x_wconf 91' lang='lat' dir='ltr'><strong>omnibus,</strong></span> <span class='ocrx_word' id='word_1_204' title='bbox 1071 2925 1190 2979; x_wconf 74' lang='lat' dir='ltr'><strong>qua:</strong></span> <span class='ocrx_word' id='word_1_205' title='bbox 1217 2907 1282 2962; x_wconf 90' lang='lat' dir='ltr'><strong>ad</strong></span> <span class='ocrx_word' id='word_1_206' title='bbox 1312 2922 1410 2961; x_wconf 92' lang='lat' dir='ltr'><strong>nos</strong></span> <span class='ocrx_word' id='word_1_207' title='bbox 1458 2906 1729 2975; x_wconf 86' lang='lat' dir='ltr'><strong>pertinent</strong></span> <span class='ocrx_word' id='word_1_208' title='bbox 1754 2920 1873 2957; x_wconf 85' lang='lat' dir='ltr'><strong>ma-</strong></span> 
     </span>
    </p>
   </div>
   <div class='ocr_carea' id='block_1_29' title="bbox 278 2996 1877 3073">
    <p class='ocr_par' dir='ltr' id='par_1_29' title="bbox 278 2996 1877 3073">
     <span class='ocr_line' id='line_1_29' title="bbox 278 2996 1877 3073; baseline -0.006 -13"><span class='ocrx_word' id='word_1_209' title='bbox 278 3007 448 3072; x_wconf 74' lang='lat' dir='ltr'><strong>xime,</strong></span> <span class='ocrx_word' id='word_1_210' title='bbox 476 3006 625 3071; x_wconf 85' lang='lat' dir='ltr'><strong>cujus</strong></span> <span class='ocrx_word' id='word_1_211' title='bbox 645 3004 721 3058; x_wconf 90' lang='lat' dir='ltr'><strong>rei</strong></span> <span class='ocrx_word' id='word_1_212' title='bbox 746 3003 913 3073; x_wconf 84' lang='lat' dir='ltr'><strong>gratia</strong></span> <span class='ocrx_word' id='word_1_213' title='bbox 944 3002 1051 3056; x_wconf 87' lang='lat' dir='ltr'><strong>nati</strong></span> <span class='ocrx_word' id='word_1_214' title='bbox 1082 3002 1267 3066; x_wconf 91' lang='lat' dir='ltr'><strong>simus,</strong></span> <span class='ocrx_word' id='word_1_215' title='bbox 1292 3008 1345 3054; x_wconf 93' lang='lat' dir='ltr'><strong>et</strong></span> <span class='ocrx_word' id='word_1_216' title='bbox 1374 3014 1494 3068; x_wconf 63' lang='lat' dir='ltr'><strong>quas</strong></span> <span class='ocrx_word' id='word_1_217' title='bbox 1521 2996 1733 3051; x_wconf 85' lang='lat' dir='ltr'><strong>tandem</strong></span> <span class='ocrx_word' id='word_1_218' title='bbox 1760 3012 1877 3051; x_wconf 87' lang='lat' dir='ltr'><strong>sors</strong></span> 
     </span>
    </p>
   </div>
   <div class='ocr_carea' id='block_1_30' title="bbox 280 3093 1872 3159">
    <p class='ocr_par' dir='ltr' id='par_1_30' title="bbox 280 3093 1872 3159">
     <span class='ocr_line' id='line_1_30' title="bbox 280 3093 1872 3159; baseline -0.006 -7"><span class='ocrx_word' id='word_1_219' title='bbox 280 3109 339 3152; x_wconf 91' lang='lat' dir='ltr'><strong>et</strong></span> <span class='ocrx_word' id='word_1_220' title='bbox 368 3097 604 3151; x_wconf 89' lang='lat' dir='ltr'><strong>conditio</strong></span> <span class='ocrx_word' id='word_1_221' title='bbox 625 3105 863 3150; x_wconf 88' lang='lat' dir='ltr'><strong>nostrum</strong></span> <span class='ocrx_word' id='word_1_222' title='bbox 891 3110 955 3151; x_wconf 85' lang='lat' dir='ltr'><strong>ex</strong></span> <span class='ocrx_word' id='word_1_223' title='bbox 984 3094 1085 3149; x_wconf 90' lang='lat' dir='ltr'><strong>hac</strong></span> <span class='ocrx_word' id='word_1_224' title='bbox 1110 3094 1213 3147; x_wconf 91' lang='lat' dir='ltr'><strong>vita</strong></span> <span class='ocrx_word' id='word_1_225' title='bbox 1238 3093 1533 3147; x_wconf 90' lang='lat' dir='ltr'><strong>discessum</strong></span> <span class='ocrx_word' id='word_1_226' title='bbox 1584 3099 1872 3159; x_wconf 78' lang='lat' dir='ltr'><strong>exceptura</strong></span> 
     </span>
    </p>
   </div>
   <div class='ocr_carea' id='block_1_31' title="bbox 282 3183 1875 3260">
    <p class='ocr_par' dir='ltr' id='par_1_31' title="bbox 282 3183 1875 3260">
     <span class='ocr_line' id='line_1_31' title="bbox 282 3183 1875 3260; baseline -0.006 -16"><span class='ocrx_word' id='word_1_227' title='bbox 282 3192 373 3255; x_wconf 86' lang='lat' dir='ltr'><strong>sit,</strong></span> <span class='ocrx_word' id='word_1_228' title='bbox 396 3204 605 3260; x_wconf 91' lang='lat' dir='ltr'><strong>quoque</strong></span> <span class='ocrx_word' id='word_1_229' title='bbox 631 3188 682 3242; x_wconf 91' lang='lat' dir='ltr'><strong>in</strong></span> <span class='ocrx_word' id='word_1_230' title='bbox 706 3197 842 3242; x_wconf 92' lang='lat' dir='ltr'><strong>statu</strong></span> <span class='ocrx_word' id='word_1_231' title='bbox 869 3204 955 3242; x_wconf 92' lang='lat' dir='ltr'><strong>res</strong></span> <span class='ocrx_word' id='word_1_232' title='bbox 983 3196 1177 3241; x_wconf 72' lang='lat' dir='ltr'><strong>nostra:</strong></span> <span class='ocrx_word' id='word_1_233' title='bbox 1197 3196 1305 3239; x_wconf 91' lang='lat' dir='ltr'><strong>tum</strong></span> <span class='ocrx_word' id='word_1_234' title='bbox 1326 3185 1581 3255; x_wconf 90' lang='lat' dir='ltr'><strong>temporis</strong></span> <span class='ocrx_word' id='word_1_235' title='bbox 1597 3184 1704 3239; x_wconf 91' lang='lat' dir='ltr'><strong>sint</strong></span> <span class='ocrx_word' id='word_1_236' title='bbox 1732 3183 1875 3237; x_wconf 91' lang='lat' dir='ltr'><strong>futu-</strong></span> 
     </span>
    </p>
   </div>
   <div class='ocr_carea' id='block_1_32' title="bbox 280 3276 1871 3350">
    <p class='ocr_par' dir='ltr' id='par_1_32' title="bbox 280 3276 1871 3350">
     <span class='ocr_line' id='line_1_32' title="bbox 280 3276 1871 3350; baseline -0.004 -15"><span class='ocrx_word' id='word_1_237' title='bbox 280 3296 383 3335; x_wconf 58' lang='lat' dir='ltr'><strong>rae.</strong></span> <span class='ocrx_word' id='word_1_238' title='bbox 417 3284 590 3350; x_wconf 87' lang='lat' dir='ltr'><strong>Atque</strong></span> <span class='ocrx_word' id='word_1_239' title='bbox 630 3280 786 3349; x_wconf 91' lang='lat' dir='ltr'><strong>hujus</strong></span> <span class='ocrx_word' id='word_1_240' title='bbox 806 3279 1078 3333; x_wconf 88' lang='lat' dir='ltr'><strong>concionis</strong></span> <span class='ocrx_word' id='word_1_241' title='bbox 1109 3278 1392 3346; x_wconf 90' lang='lat' dir='ltr'><strong>participes</strong></span> <span class='ocrx_word' id='word_1_242' title='bbox 1422 3292 1527 3330; x_wconf 90' lang='lat' dir='ltr'><strong>non</strong></span> <span class='ocrx_word' id='word_1_243' title='bbox 1555 3276 1727 3330; x_wconf 91' lang='lat' dir='ltr'><strong>solum</strong></span> <span class='ocrx_word' id='word_1_244' title='bbox 1771 3290 1871 3330; x_wconf 93' lang='lat' dir='ltr'><strong>nos</strong></span> 
     </span>
    </p>
   </div>
   <div class='ocr_carea' id='block_1_33' title="bbox 282 3364 1874 3441">
    <p class='ocr_par' dir='ltr' id='par_1_33' title="bbox 282 3364 1874 3441">
     <span class='ocr_line' id='line_1_33' title="bbox 282 3364 1874 3441; baseline -0.004 -13"><span class='ocrx_word' id='word_1_245' title='bbox 282 3388 488 3438; x_wconf 86' lang='lat' dir='ltr'><strong>sumus,</strong></span> <span class='ocrx_word' id='word_1_246' title='bbox 517 3372 611 3427; x_wconf 91' lang='lat' dir='ltr'><strong>sed</strong></span> <span class='ocrx_word' id='word_1_247' title='bbox 633 3382 685 3426; x_wconf 88' lang='lat' dir='ltr'><strong>et</strong></span> <span class='ocrx_word' id='word_1_248' title='bbox 724 3371 995 3441; x_wconf 71' lang='lat' dir='ltr'><strong>propheta:</strong></span> <span class='ocrx_word' id='word_1_249' title='bbox 1023 3380 1077 3425; x_wconf 91' lang='lat' dir='ltr'><strong>et</strong></span> <span class='ocrx_word' id='word_1_250' title='bbox 1117 3364 1379 3439; x_wconf 87' lang='lat' dir='ltr'><strong>apostoli,</strong></span> <span class='ocrx_word' id='word_1_251' title='bbox 1427 3366 1673 3438; x_wconf 90' lang='lat' dir='ltr'><strong>quodque</strong></span> <span class='ocrx_word' id='word_1_252' title='bbox 1705 3367 1874 3436; x_wconf 89' lang='lat' dir='ltr'><strong>majus</strong></span> 
     </span>
    </p>
   </div>
   <div class='ocr_carea' id='block_1_34' title="bbox 280 3460 1875 3534">
    <p class='ocr_par' dir='ltr' id='par_1_34' title="bbox 280 3460 1875 3534">
     <span class='ocr_line' id='line_1_34' title="bbox 280 3460 1875 3534; baseline -0.007 -11"><span class='ocrx_word' id='word_1_253' title='bbox 280 3477 366 3524; x_wconf 90' lang='lat' dir='ltr'><strong>est</strong></span> <span class='ocrx_word' id='word_1_254' title='bbox 443 3468 712 3532; x_wconf 87' lang='lat' dir='ltr'><strong>omnibus,</strong></span> <span class='ocrx_word' id='word_1_255' title='bbox 770 3466 887 3534; x_wconf 93' lang='lat' dir='ltr'><strong>ipse</strong></span> <span class='ocrx_word' id='word_1_256' title='bbox 934 3463 1187 3518; x_wconf 90' lang='lat' dir='ltr'><strong>Dominus</strong></span> <span class='ocrx_word' id='word_1_257' title='bbox 1235 3462 1470 3517; x_wconf 89' lang='lat' dir='ltr'><strong>omnium</strong></span> <span class='ocrx_word' id='word_1_258' title='bbox 1522 3470 1628 3520; x_wconf 86' lang='lat' dir='ltr'><strong>stat</strong></span> <span class='ocrx_word' id='word_1_259' title='bbox 1667 3460 1875 3514; x_wconf 89' lang='lat' dir='ltr'><strong>medius</strong></span> 
     </span>
    </p>
   </div>
   <div class='ocr_carea' id='block_1_35' title="bbox 280 3552 1874 3625">
    <p class='ocr_par' dir='ltr' id='par_1_35' title="bbox 280 3552 1874 3625">
     <span class='ocr_line' id='line_1_35' title="bbox 280 3552 1874 3625; baseline -0.004 -12"><span class='ocrx_word' id='word_1_260' title='bbox 280 3562 423 3614; x_wconf 89' lang='lat' dir='ltr'><strong>inter</strong></span> <span class='ocrx_word' id='word_1_261' title='bbox 452 3574 548 3612; x_wconf 92' lang='lat' dir='ltr'><strong>nos</strong></span> <span class='ocrx_word' id='word_1_262' title='bbox 577 3558 751 3612; x_wconf 80' lang='lat' dir='ltr'><strong>Jesus.</strong></span> <span class='ocrx_word' id='word_1_263' title='bbox 802 3557 922 3625; x_wconf 88' lang='lat' dir='ltr'><strong>Ipse</strong></span> <span class='ocrx_word' id='word_1_264' title='bbox 944 3556 1136 3624; x_wconf 91' lang='lat' dir='ltr'><strong>quippe</strong></span> <span class='ocrx_word' id='word_1_265' title='bbox 1162 3554 1290 3609; x_wconf 90' lang='lat' dir='ltr'><strong>dicit</strong></span> <span class='ocrx_word' id='word_1_266' title='bbox 1322 3571 1335 3606; x_wconf 92' lang='lat'><strong>:</strong></span> <span class='ocrx_word' id='word_1_267' title='bbox 1374 3553 1472 3607; x_wconf 91' lang='lat' dir='ltr'><strong>Ubi</strong></span> <span class='ocrx_word' id='word_1_268' title='bbox 1510 3554 1611 3606; x_wconf 84' lang='lat' dir='ltr'><strong>duo</strong></span> <span class='ocrx_word' id='word_1_269' title='bbox 1655 3552 1733 3606; x_wconf 82' lang='lat' dir='ltr'><strong>vel</strong></span> <span class='ocrx_word' id='word_1_270' title='bbox 1775 3561 1874 3606; x_wconf 85' lang='lat' dir='ltr'><strong>tres</strong></span> 
     </span>
    </p>
   </div>
   <div class='ocr_carea' id='block_1_36' title="bbox 279 3644 1871 3723">
    <p class='ocr_par' dir='ltr' id='par_1_36' title="bbox 279 3644 1871 3723">
     <span class='ocr_line' id='line_1_36' title="bbox 279 3644 1871 3723; baseline -0.008 -16"><span class='ocrx_word' id='word_1_271' title='bbox 279 3653 575 3723; x_wconf 81' lang='lat' dir='ltr'><strong>congregati</strong></span> <span class='ocrx_word' id='word_1_272' title='bbox 611 3659 727 3705; x_wconf 86' lang='lat' dir='ltr'><strong>sunt</strong></span> <span class='ocrx_word' id='word_1_273' title='bbox 751 3651 804 3703; x_wconf 91' lang='lat' dir='ltr'><strong>in</strong></span> <span class='ocrx_word' id='word_1_274' title='bbox 829 3649 1029 3702; x_wconf 83' lang='lat' dir='ltr'><strong>nomine</strong></span> <span class='ocrx_word' id='word_1_275' title='bbox 1054 3664 1183 3710; x_wconf 87' lang='lat' dir='ltr'><strong>meo,</strong></span> <span class='ocrx_word' id='word_1_276' title='bbox 1224 3646 1333 3699; x_wconf 82' lang='lat' dir='ltr'><strong>illic</strong></span> <span class='ocrx_word' id='word_1_277' title='bbox 1358 3662 1470 3699; x_wconf 88' lang='lat' dir='ltr'><strong>sum</strong></span> <span class='ocrx_word' id='word_1_278' title='bbox 1500 3646 1550 3697; x_wconf 87' lang='lat' dir='ltr'><strong>in</strong></span> <span class='ocrx_word' id='word_1_279' title='bbox 1583 3644 1745 3697; x_wconf 87' lang='lat' dir='ltr'><strong>medio</strong></span> <span class='ocrx_word' id='word_1_280' title='bbox 1786 3659 1871 3696; x_wconf 86' lang='lat' dir='ltr'><strong>eo-</strong></span> 
     </span>
    </p>
   </div>
   <div class='ocr_carea' id='block_1_37' title="bbox 278 3738 1869 3815">
    <p class='ocr_par' dir='ltr' id='par_1_37' title="bbox 278 3738 1869 3815">
     <span class='ocr_line' id='line_1_37' title="bbox 278 3738 1869 3815; baseline -0.006 -17"><span class='ocrx_word' id='word_1_281' title='bbox 278 3764 396 3799; x_wconf 86' lang='lat' dir='ltr'><strong>rum</strong></span> <span class='ocrx_word' id='word_1_282' title='bbox 434 3744 646 3815; x_wconf 78' lang='lat' dir='ltr'><strong>(Matth.</strong></span> <span class='ocrx_word' id='word_1_283' title='bbox 677 3743 763 3797; x_wconf 80' lang='grc'><strong>18.</strong></span> <span class='ocrx_word' id='word_1_284' title='bbox 788 3740 859 3795; x_wconf 72' lang='lat'><strong>20</strong></span> <span class='ocrx_word' id='word_1_285' title='bbox 879 3744 919 3811; x_wconf 91' lang='lat'><strong>).</strong></span> <span class='ocrx_word' id='word_1_286' title='bbox 952 3740 1103 3806; x_wconf 90' lang='lat' dir='ltr'><strong>Quod</strong></span> <span class='ocrx_word' id='word_1_287' title='bbox 1126 3740 1170 3794; x_wconf 93' lang='lat' dir='ltr'><strong>si</strong></span> <span class='ocrx_word' id='word_1_288' title='bbox 1197 3739 1284 3792; x_wconf 92' lang='lat' dir='ltr'><strong>ubi</strong></span> <span class='ocrx_word' id='word_1_289' title='bbox 1307 3738 1413 3793; x_wconf 92' lang='lat' dir='ltr'><strong>duo</strong></span> <span class='ocrx_word' id='word_1_290' title='bbox 1436 3746 1613 3791; x_wconf 85' lang='lat' dir='ltr'><strong>tresve</strong></span> <span class='ocrx_word' id='word_1_291' title='bbox 1642 3750 1869 3805; x_wconf 80' lang='lat' dir='ltr'><strong>congre-</strong></span> 
     </span>
    </p>
   </div>
   <div class='ocr_carea' id='block_1_38' title="bbox 277 3830 1871 3909">
    <p class='ocr_par' dir='ltr' id='par_1_38' title="bbox 277 3830 1871 3909">
     <span class='ocr_line' id='line_1_38' title="bbox 277 3830 1871 3909; baseline -0.006 -15"><span class='ocrx_word' id='word_1_292' title='bbox 277 3841 385 3909; x_wconf 86' lang='lat' dir='ltr'><strong>gati</strong></span> <span class='ocrx_word' id='word_1_293' title='bbox 416 3848 560 3900; x_wconf 89' lang='lat' dir='ltr'><strong>sunt,</strong></span> <span class='ocrx_word' id='word_1_294' title='bbox 585 3838 639 3891; x_wconf 91' lang='lat' dir='ltr'><strong>in</strong></span> <span class='ocrx_word' id='word_1_295' title='bbox 682 3836 860 3890; x_wconf 91' lang='lat' dir='ltr'><strong>medio</strong></span> <span class='ocrx_word' id='word_1_296' title='bbox 916 3845 998 3889; x_wconf 89' lang='lat' dir='ltr'><strong>est</strong></span> <span class='ocrx_word' id='word_1_297' title='bbox 1052 3835 1307 3903; x_wconf 90' lang='lat' dir='ltr'><strong>ipsorum,</strong></span> <span class='ocrx_word' id='word_1_298' title='bbox 1363 3833 1530 3886; x_wconf 92' lang='lat' dir='ltr'><strong>multo</strong></span> <span class='ocrx_word' id='word_1_299' title='bbox 1571 3831 1739 3899; x_wconf 83' lang='lat' dir='ltr'><strong>magis</strong></span> <span class='ocrx_word' id='word_1_300' title='bbox 1782 3830 1871 3885; x_wconf 91' lang='lat' dir='ltr'><strong>ubi</strong></span> 
     </span>
    </p>
   </div>
   <div class='ocr_carea' id='block_1_39' title="bbox 280 3924 1872 3992">
    <p class='ocr_par' dir='ltr' id='par_1_39' title="bbox 280 3924 1872 3992">
     <span class='ocr_line' id='line_1_39' title="bbox 280 3924 1872 3992; baseline -0.006 -9"><span class='ocrx_word' id='word_1_301' title='bbox 280 3940 360 3983; x_wconf 89' lang='lat' dir='ltr'><strong>tot</strong></span> <span class='ocrx_word' id='word_1_302' title='bbox 385 3929 503 3991; x_wconf 87' lang='lat' dir='ltr'><strong>viri,</strong></span> <span class='ocrx_word' id='word_1_303' title='bbox 559 3936 637 3982; x_wconf 92' lang='lat' dir='ltr'><strong>tot</strong></span> <span class='ocrx_word' id='word_1_304' title='bbox 685 3928 975 3992; x_wconf 88' lang='lat' dir='ltr'><strong>mulieres,</strong></span> <span class='ocrx_word' id='word_1_305' title='bbox 1028 3936 1131 3981; x_wconf 85' lang='lat' dir='ltr'><strong>tam</strong></span> <span class='ocrx_word' id='word_1_306' title='bbox 1183 3924 1335 3980; x_wconf 90' lang='lat' dir='ltr'><strong>multi</strong></span> <span class='ocrx_word' id='word_1_307' title='bbox 1382 3924 1541 3978; x_wconf 85' lang='lat' dir='ltr'><strong>etiam</strong></span> <span class='ocrx_word' id='word_1_308' title='bbox 1584 3932 1784 3991; x_wconf 86' lang='lat' dir='ltr'><strong>patres,</strong></span> <span class='ocrx_word' id='word_1_309' title='bbox 1818 3926 1872 3975; x_wconf 84' lang='lat' dir='ltr'><strong>et</strong></span> 
     </span>
    </p>
   </div>
   <div class='ocr_carea' id='block_1_40' title="bbox 275 4018 1516 4093">
    <p class='ocr_par' dir='ltr' id='par_1_40' title="bbox 275 4018 1516 4093">
     <span class='ocr_line' id='line_1_40' title="bbox 275 4018 1516 4093; baseline -0.006 -17"><span class='ocrx_word' id='word_1_310' title='bbox 275 4023 502 4093; x_wconf 80' lang='lat' dir='ltr'><strong>apostoli</strong></span> <span class='ocrx_word' id='word_1_311' title='bbox 532 4036 596 4075; x_wconf 89' lang='lat' dir='ltr'><strong>ac</strong></span> <span class='ocrx_word' id='word_1_312' title='bbox 637 4020 909 4090; x_wconf 77' lang='lat' dir='ltr'><strong>prophetze</strong></span> <span class='ocrx_word' id='word_1_313' title='bbox 936 4020 988 4073; x_wconf 93' lang='lat' dir='ltr'><strong>in</strong></span> <span class='ocrx_word' id='word_1_314' title='bbox 1018 4018 1195 4073; x_wconf 91' lang='lat' dir='ltr'><strong>medio</strong></span> <span class='ocrx_word' id='word_1_315' title='bbox 1216 4026 1516 4073; x_wconf 88' lang='lat' dir='ltr'><strong>versantur.</strong></span> 
     </span>
    </p>
   </div>
   <div class='ocr_carea' id='block_1_41' title="bbox 349 4106 1870 4174">
    <p class='ocr_par' dir='ltr' id='par_1_41' title="bbox 349 4106 1870 4174">
     <span class='ocr_line' id='line_1_41' title="bbox 349 4106 1870 4174; baseline -0.006 -7"><span class='ocrx_word' id='word_1_316' title='bbox 349 4114 577 4167; x_wconf 77' lang='lat' dir='ltr'><strong>Adamus</strong></span> <span class='ocrx_word' id='word_1_317' title='bbox 597 4130 663 4166; x_wconf 90' lang='lat' dir='ltr'><strong>an</strong></span> <span class='ocrx_word' id='word_1_318' title='bbox 692 4112 952 4166; x_wconf 82' lang='lat' dir='ltr'><strong>scientiam</strong></span> <span class='ocrx_word' id='word_1_319' title='bbox 981 4112 1096 4164; x_wconf 89' lang='lat' dir='ltr'><strong>boni</strong></span> <span class='ocrx_word' id='word_1_320' title='bbox 1124 4118 1169 4164; x_wconf 84' lang='lat' dir='ltr'><strong>et</strong></span> <span class='ocrx_word' id='word_1_321' title='bbox 1197 4110 1319 4162; x_wconf 89' lang='lat' dir='ltr'><strong>mali</strong></span> <span class='ocrx_word' id='word_1_322' title='bbox 1344 4107 1591 4162; x_wconf 82' lang='lat' dir='ltr'><strong>habuerit.</strong></span> <span class='ocrx_word' id='word_1_323' title='bbox 1648 4106 1870 4174; x_wconf 79' lang='lat' dir='ltr'><strong>Quinam</strong></span> 
     </span>
    </p>
   </div>
   <div class='ocr_carea' id='block_1_42' title="bbox 276 4202 1868 4276">
    <p class='ocr_par' dir='ltr' id='par_1_42' title="bbox 276 4202 1868 4276">
     <span class='ocr_line' id='line_1_42' title="bbox 276 4202 1868 4276; baseline -0.004 -17"><span class='ocrx_word' id='word_1_324' title='bbox 276 4209 506 4276; x_wconf 79' lang='lat' dir='ltr'><strong>ignorent</strong></span> <span class='ocrx_word' id='word_1_325' title='bbox 536 4207 720 4259; x_wconf 86' lang='lat' dir='ltr'><strong>bonum</strong></span> <span class='ocrx_word' id='word_1_326' title='bbox 745 4214 791 4258; x_wconf 82' lang='lat' dir='ltr'><strong>et</strong></span> <span class='ocrx_word' id='word_1_327' title='bbox 821 4204 1029 4257; x_wconf 85' lang='lat' dir='ltr'><strong>malum.</strong></span> <span class='ocrx_word' id='word_1_328' title='bbox 1058 4233 1130 4242; x_wconf 92' lang='lat'><strong><em>—</em></strong></span> <span class='ocrx_word' id='word_1_329' title='bbox 1152 4202 1486 4271; x_wconf 85' lang='lat' dir='ltr'><strong>Quapropter</strong></span> <span class='ocrx_word' id='word_1_330' title='bbox 1530 4209 1585 4255; x_wconf 87' lang='lat' dir='ltr'><strong>et</strong></span> <span class='ocrx_word' id='word_1_331' title='bbox 1610 4216 1706 4255; x_wconf 92' lang='lat' dir='ltr'><strong>nos</strong></span> <span class='ocrx_word' id='word_1_332' title='bbox 1752 4215 1868 4253; x_wconf 90' lang='lat' dir='ltr'><strong>ma-</strong></span> 
     </span>
    </p>
   </div>
   <div class='ocr_carea' id='block_1_43' title="bbox 275 4292 1867 4369">
    <p class='ocr_par' dir='ltr' id='par_1_43' title="bbox 275 4292 1867 4369">
     <span class='ocr_line' id='line_1_43' title="bbox 275 4292 1867 4369; baseline -0.002 -19"><span class='ocrx_word' id='word_1_333' title='bbox 275 4301 379 4369; x_wconf 88' lang='lat' dir='ltr'><strong>jori</strong></span> <span class='ocrx_word' id='word_1_334' title='bbox 410 4314 530 4353; x_wconf 90' lang='lat' dir='ltr'><strong>cum</strong></span> <span class='ocrx_word' id='word_1_335' title='bbox 565 4298 751 4351; x_wconf 87' lang='lat' dir='ltr'><strong>fiducia</strong></span> <span class='ocrx_word' id='word_1_336' title='bbox 785 4296 947 4350; x_wconf 87' lang='lat' dir='ltr'><strong>verba</strong></span> <span class='ocrx_word' id='word_1_337' title='bbox 977 4295 1217 4358; x_wconf 85' lang='lat' dir='ltr'><strong>facimus,</strong></span> <span class='ocrx_word' id='word_1_338' title='bbox 1253 4308 1317 4349; x_wconf 87' lang='lat' dir='ltr'><strong>eo</strong></span> <span class='ocrx_word' id='word_1_339' title='bbox 1345 4294 1463 4348; x_wconf 92' lang='lat' dir='ltr'><strong>freti</strong></span> <span class='ocrx_word' id='word_1_340' title='bbox 1491 4292 1751 4357; x_wconf 86' lang='lat' dir='ltr'><strong>subsidio,</strong></span> <span class='ocrx_word' id='word_1_341' title='bbox 1810 4300 1867 4347; x_wconf 88' lang='lat' dir='ltr'><strong>et</strong></span> 
     </span>
    </p>
   </div>
   <div class='ocr_carea' id='block_1_44' title="bbox 276 4384 1867 4456">
    <p class='ocr_par' dir='ltr' id='par_1_44' title="bbox 276 4384 1867 4456">
     <span class='ocr_line' id='line_1_44' title="bbox 276 4384 1867 4456; baseline -0.004 -11"><span class='ocrx_word' id='word_1_342' title='bbox 276 4392 435 4446; x_wconf 87' lang='lat' dir='ltr'><strong>fidem</strong></span> <span class='ocrx_word' id='word_1_343' title='bbox 467 4390 618 4445; x_wconf 88' lang='lat' dir='ltr'><strong>vobis</strong></span> <span class='ocrx_word' id='word_1_344' title='bbox 644 4391 820 4443; x_wconf 88' lang='lat' dir='ltr'><strong>datam</strong></span> <span class='ocrx_word' id='word_1_345' title='bbox 849 4389 1105 4443; x_wconf 88' lang='lat' dir='ltr'><strong>solvimus</strong></span> <span class='ocrx_word' id='word_1_346' title='bbox 1127 4389 1166 4440; x_wconf 72' lang='grc' dir='ltr'><strong>ί.</strong></span> <span class='ocrx_word' id='word_1_347' title='bbox 1202 4387 1448 4440; x_wconf 84' lang='lat' dir='ltr'><strong>Dicturus</strong></span> <span class='ocrx_word' id='word_1_348' title='bbox 1469 4386 1611 4442; x_wconf 91' lang='lat' dir='ltr'><strong>enim</strong></span> <span class='ocrx_word' id='word_1_349' title='bbox 1635 4401 1729 4439; x_wconf 91' lang='lat' dir='ltr'><strong>nos</strong></span> <span class='ocrx_word' id='word_1_350' title='bbox 1750 4384 1867 4456; x_wconf 61' lang='lat' dir='ltr'><strong>polo</strong></span> 
     </span>
    </p>
   </div>
   <div class='ocr_carea' id='block_1_45' title="bbox 278 4481 1863 4552">
    <p class='ocr_par' dir='ltr' id='par_1_45' title="bbox 278 4481 1863 4552">
     <span class='ocr_line' id='line_1_45' title="bbox 278 4481 1863 4552; baseline -0.003 -14"><span class='ocrx_word' id='word_1_351' title='bbox 278 4484 408 4538; x_wconf 91' lang='lat' dir='ltr'><strong>liciti</strong></span> <span class='ocrx_word' id='word_1_352' title='bbox 432 4498 636 4546; x_wconf 86' lang='lat' dir='ltr'><strong>sumus,</strong></span> <span class='ocrx_word' id='word_1_353' title='bbox 662 4483 889 4552; x_wconf 90' lang='lat' dir='ltr'><strong>primum</strong></span> <span class='ocrx_word' id='word_1_354' title='bbox 915 4482 982 4535; x_wconf 93' lang='lat' dir='ltr'><strong>de</strong></span> <span class='ocrx_word' id='word_1_355' title='bbox 1012 4482 1176 4550; x_wconf 85' lang='lat' dir='ltr'><strong>ligno,</strong></span> <span class='ocrx_word' id='word_1_356' title='bbox 1217 4495 1283 4534; x_wconf 91' lang='lat' dir='ltr'><strong>an</strong></span> <span class='ocrx_word' id='word_1_357' title='bbox 1306 4495 1370 4534; x_wconf 85' lang='lat' dir='ltr'><strong>ex</strong></span> <span class='ocrx_word' id='word_1_358' title='bbox 1397 4494 1462 4535; x_wconf 91' lang='lat' dir='ltr'><strong>eo</strong></span> <span class='ocrx_word' id='word_1_359' title='bbox 1507 4481 1863 4550; x_wconf 78' lang='lat' dir='ltr'><strong>cognitionem</strong></span> 
     </span>
    </p>
   </div>
   <div class='ocr_carea' id='block_1_46' title="bbox 276 4573 1863 4645">
    <p class='ocr_par' dir='ltr' id='par_1_46' title="bbox 276 4573 1863 4645">
     <span class='ocr_line' id='line_1_46' title="bbox 276 4573 1863 4645; baseline -0.002 -15"><span class='ocrx_word' id='word_1_360' title='bbox 276 4578 401 4631; x_wconf 91' lang='lat' dir='ltr'><strong>boni</strong></span> <span class='ocrx_word' id='word_1_361' title='bbox 427 4592 489 4632; x_wconf 89' lang='lat' dir='ltr'><strong>ac</strong></span> <span class='ocrx_word' id='word_1_362' title='bbox 508 4578 630 4631; x_wconf 90' lang='lat' dir='ltr'><strong>mali</strong></span> <span class='ocrx_word' id='word_1_363' title='bbox 659 4579 728 4631; x_wconf 93' lang='lat' dir='ltr'><strong>sit</strong></span> <span class='ocrx_word' id='word_1_364' title='bbox 757 4573 979 4645; x_wconf 84' lang='lat' dir='ltr'><strong>:deptus</strong></span> <span class='ocrx_word' id='word_1_365' title='bbox 1006 4576 1260 4638; x_wconf 84' lang='lat' dir='ltr'><strong>Adamus,</strong></span> <span class='ocrx_word' id='word_1_366' title='bbox 1311 4590 1377 4628; x_wconf 92' lang='lat' dir='ltr'><strong>an</strong></span> <span class='ocrx_word' id='word_1_367' title='bbox 1423 4590 1551 4628; x_wconf 87' lang='lat' dir='ltr'><strong>vero</strong></span> <span class='ocrx_word' id='word_1_368' title='bbox 1580 4585 1863 4643; x_wconf 89' lang='lat' dir='ltr'><strong>antequam</strong></span> 
     </span>
    </p>
   </div>
   <div class='ocr_carea' id='block_1_47' title="bbox 275 4666 1866 4738">
    <p class='ocr_par' dir='ltr' id='par_1_47' title="bbox 275 4666 1866 4738">
     <span class='ocr_line' id='line_1_47' title="bbox 275 4666 1866 4738; baseline -0.002 -14"><span class='ocrx_word' id='word_1_369' title='bbox 275 4668 480 4735; x_wconf 85' lang='lat' dir='ltr'><strong>ederet,</strong></span> <span class='ocrx_word' id='word_1_370' title='bbox 527 4668 827 4738; x_wconf 90' lang='lat' dir='ltr'><strong>hnjnsmodi</strong></span> <span class='ocrx_word' id='word_1_371' title='bbox 858 4668 1040 4721; x_wconf 83' lang='lat' dir='ltr'><strong>notitia</strong></span> <span class='ocrx_word' id='word_1_372' title='bbox 1092 4668 1341 4736; x_wconf 55' lang='lat' dir='ltr'><strong>praeditus</strong></span> <span class='ocrx_word' id='word_1_373' title='bbox 1387 4676 1549 4721; x_wconf 90' lang='lat' dir='ltr'><strong>esset.</strong></span> <span class='ocrx_word' id='word_1_374' title='bbox 1599 4666 1866 4721; x_wconf 87' lang='lat' dir='ltr'><strong>Audacter</strong></span> 
     </span>
    </p>
   </div>
   <div class='ocr_carea' id='block_1_48' title="bbox 276 4760 1860 4833">
    <p class='ocr_par' dir='ltr' id='par_1_48' title="bbox 276 4760 1860 4833">
     <span class='ocr_line' id='line_1_48' title="bbox 276 4760 1860 4833; baseline -0.004 -16"><span class='ocrx_word' id='word_1_375' title='bbox 276 4762 438 4833; x_wconf 72' lang='lat' dir='ltr'><strong>igitur</strong></span> <span class='ocrx_word' id='word_1_376' title='bbox 479 4778 620 4817; x_wconf 90' lang='lat' dir='ltr'><strong>nunc</strong></span> <span class='ocrx_word' id='word_1_377' title='bbox 666 4762 905 4815; x_wconf 87' lang='lat' dir='ltr'><strong>dicamus</strong></span> <span class='ocrx_word' id='word_1_378' title='bbox 933 4802 948 4825; x_wconf 92' lang='lat'><strong>,</strong></span> <span class='ocrx_word' id='word_1_379' title='bbox 1008 4761 1165 4816; x_wconf 89' lang='lat' dir='ltr'><strong>etiam</strong></span> <span class='ocrx_word' id='word_1_380' title='bbox 1209 4769 1490 4830; x_wconf 88' lang='lat' dir='ltr'><strong>antequam</strong></span> <span class='ocrx_word' id='word_1_381' title='bbox 1535 4760 1860 4824; x_wconf 88' lang='lat' dir='ltr'><strong>comederet,</strong></span> 
     </span>
    </p>
   </div>
   <div class='ocr_carea' id='block_1_49' title="bbox 276 4852 1863 4923">
    <p class='ocr_par' dir='ltr' id='par_1_49' title="bbox 276 4852 1863 4923">
     <span class='ocr_line' id='line_1_49' title="bbox 276 4852 1863 4923; baseline -0.002 -16"><span class='ocrx_word' id='word_1_382' title='bbox 276 4854 379 4907; x_wconf 90' lang='lat' dir='ltr'><strong>hac</strong></span> <span class='ocrx_word' id='word_1_383' title='bbox 400 4868 520 4907; x_wconf 90' lang='lat' dir='ltr'><strong>eum</strong></span> <span class='ocrx_word' id='word_1_384' title='bbox 549 4853 850 4922; x_wconf 79' lang='lat' dir='ltr'><strong>cognitione</strong></span> <span class='ocrx_word' id='word_1_385' title='bbox 870 4853 1150 4923; x_wconf 75' lang='lat' dir='ltr'><strong>praeditum</strong></span> <span class='ocrx_word' id='word_1_386' title='bbox 1180 4852 1340 4906; x_wconf 87' lang='lat' dir='ltr'><strong>fuisse</strong></span> <span class='ocrx_word' id='word_1_387' title='bbox 1372 4852 1507 4906; x_wconf 92' lang='lat' dir='ltr'><strong>:nisi</strong></span> <span class='ocrx_word' id='word_1_388' title='bbox 1548 4854 1690 4906; x_wconf 89' lang='lat' dir='ltr'><strong>enim</strong></span> <span class='ocrx_word' id='word_1_389' title='bbox 1737 4852 1863 4921; x_wconf 88' lang='lat' dir='ltr'><strong>quid</strong></span> 
     </span>
    </p>
   </div>
   <div class='ocr_carea' id='block_1_50' title="bbox 276 4942 1859 5013">
    <p class='ocr_par' dir='ltr' id='par_1_50' title="bbox 276 4942 1859 5013">
     <span class='ocr_line' id='line_1_50' title="bbox 276 4942 1859 5013; baseline -0.003 -12"><span class='ocrx_word' id='word_1_390' title='bbox 276 4946 476 5001; x_wconf 83' lang='lat' dir='ltr'><strong>bonum</strong></span> <span class='ocrx_word' id='word_1_391' title='bbox 506 4946 768 5000; x_wconf 78' lang='lat' dir='ltr'><strong>malutnve</strong></span> <span class='ocrx_word' id='word_1_392' title='bbox 799 4942 953 5009; x_wconf 91' lang='lat' dir='ltr'><strong>foret,</strong></span> <span class='ocrx_word' id='word_1_393' title='bbox 983 4945 1237 5010; x_wconf 86' lang='lat' dir='ltr'><strong>novisset,</strong></span> <span class='ocrx_word' id='word_1_394' title='bbox 1259 4945 1388 5013; x_wconf 85' lang='lat' dir='ltr'><strong>ipsis</strong></span> <span class='ocrx_word' id='word_1_395' title='bbox 1416 4944 1637 4998; x_wconf 87' lang='lat' dir='ltr'><strong>rationis</strong></span> <span class='ocrx_word' id='word_1_396' title='bbox 1662 4958 1859 5012; x_wconf 84' lang='lat' dir='ltr'><strong>exper-</strong></span> 
     </span>
    </p>
   </div>
   <div class='ocr_carea' id='block_1_51' title="bbox 274 5034 1861 5100">
    <p class='ocr_par' dir='ltr' id='par_1_51' title="bbox 274 5034 1861 5100">
     <span class='ocr_line' id='line_1_51' title="bbox 274 5034 1861 5100; baseline -0.004 -7"><span class='ocrx_word' id='word_1_397' title='bbox 274 5038 419 5093; x_wconf 91' lang='lat' dir='ltr'><strong>tibus</strong></span> <span class='ocrx_word' id='word_1_398' title='bbox 446 5037 802 5091; x_wconf 86' lang='lat' dir='ltr'><strong>animantibus</strong></span> <span class='ocrx_word' id='word_1_399' title='bbox 829 5037 1131 5100; x_wconf 88' lang='lat' dir='ltr'><strong>immanior,</strong></span> <span class='ocrx_word' id='word_1_400' title='bbox 1166 5044 1219 5091; x_wconf 94' lang='lat' dir='ltr'><strong>et</strong></span> <span class='ocrx_word' id='word_1_401' title='bbox 1243 5037 1491 5091; x_wconf 88' lang='lat' dir='ltr'><strong>dominus</strong></span> <span class='ocrx_word' id='word_1_402' title='bbox 1514 5036 1683 5090; x_wconf 90' lang='lat' dir='ltr'><strong>servis</strong></span> <span class='ocrx_word' id='word_1_403' title='bbox 1729 5034 1861 5089; x_wconf 88' lang='lat' dir='ltr'><strong>stul-</strong></span> 
     </span>
    </p>
   </div>
   <div class='ocr_carea' id='block_1_52' title="bbox 273 5128 1860 5193">
    <p class='ocr_par' dir='ltr' id='par_1_52' title="bbox 273 5128 1860 5193">
     <span class='ocr_line' id='line_1_52' title="bbox 273 5128 1860 5193; baseline -0.003 -8"><span class='ocrx_word' id='word_1_404' title='bbox 273 5133 379 5185; x_wconf 89' lang='lat' dir='ltr'><strong>tior</strong></span> <span class='ocrx_word' id='word_1_405' title='bbox 404 5130 714 5185; x_wconf 80' lang='lat' dir='ltr'><strong>exstitisset.</strong></span> <span class='ocrx_word' id='word_1_406' title='bbox 776 5131 969 5184; x_wconf 87' lang='lat' dir='ltr'><strong>Annon</strong></span> <span class='ocrx_word' id='word_1_407' title='bbox 1020 5129 1161 5183; x_wconf 86' lang='lat' dir='ltr'><strong>enim</strong></span> <span class='ocrx_word' id='word_1_408' title='bbox 1210 5128 1497 5183; x_wconf 89' lang='lat' dir='ltr'><strong>absurdum</strong></span> <span class='ocrx_word' id='word_1_409' title='bbox 1542 5128 1768 5193; x_wconf 88' lang='lat' dir='ltr'><strong>videtur,</strong></span> <span class='ocrx_word' id='word_1_410' title='bbox 1804 5137 1860 5181; x_wconf 91' lang='lat' dir='ltr'><strong>ut</strong></span> 
     </span>
    </p>
   </div>
   <div class='ocr_carea' id='block_1_53' title="bbox 264 5218 1861 5292">
    <p class='ocr_par' dir='ltr' id='par_1_53' title="bbox 264 5218 1861 5292">
     <span class='ocr_line' id='line_1_53' title="bbox 264 5218 1861 5292; baseline -0.004 -13"><span class='ocrx_word' id='word_1_411' title='bbox 264 5237 450 5292; x_wconf 67' lang='lat' dir='ltr'><strong>caprae</strong></span> <span class='ocrx_word' id='word_1_412' title='bbox 479 5221 690 5291; x_wconf 88' lang='lat' dir='ltr'><strong>quidem</strong></span> <span class='ocrx_word' id='word_1_413' title='bbox 713 5228 767 5276; x_wconf 91' lang='lat' dir='ltr'><strong>et</strong></span> <span class='ocrx_word' id='word_1_414' title='bbox 795 5235 924 5275; x_wconf 90' lang='lat' dir='ltr'><strong>oves</strong></span> <span class='ocrx_word' id='word_1_415' title='bbox 952 5221 1215 5282; x_wconf 86' lang='lat' dir='ltr'><strong>noverint.</strong></span> <span class='ocrx_word' id='word_1_416' title='bbox 1256 5234 1500 5289; x_wconf 60' lang='lat' dir='ltr'><strong>quaenam</strong></span> <span class='ocrx_word' id='word_1_417' title='bbox 1543 5220 1709 5275; x_wconf 81' lang='lat' dir='ltr'><strong>herba</strong></span> <span class='ocrx_word' id='word_1_418' title='bbox 1758 5218 1861 5273; x_wconf 90' lang='lat' dir='ltr'><strong>sibi</strong></span> 
     </span>
    </p>
   </div>
   <div class='ocr_carea' id='block_1_54' title="bbox 262 5313 1860 5383">
    <p class='ocr_par' dir='ltr' id='par_1_54' title="bbox 262 5313 1860 5383">
     <span class='ocr_line' id='line_1_54' title="bbox 262 5313 1860 5383; baseline -0.003 -13"><span class='ocrx_word' id='word_1_419' title='bbox 262 5317 334 5370; x_wconf 83' lang='lat' dir='ltr'><strong>sit</strong></span> <span class='ocrx_word' id='word_1_420' title='bbox 382 5314 548 5379; x_wconf 89' lang='lat' dir='ltr'><strong>utilis,</strong></span> <span class='ocrx_word' id='word_1_421' title='bbox 597 5327 783 5383; x_wconf 69' lang='lat' dir='ltr'><strong>quaeve</strong></span> <span class='ocrx_word' id='word_1_422' title='bbox 811 5313 1130 5382; x_wconf 88' lang='lat' dir='ltr'><strong>perniciosa,</strong></span> <span class='ocrx_word' id='word_1_423' title='bbox 1179 5326 1350 5381; x_wconf 90' lang='lat' dir='ltr'><strong>neque</strong></span> <span class='ocrx_word' id='word_1_424' title='bbox 1392 5313 1459 5366; x_wconf 87' lang='lat' dir='ltr'><strong>ad</strong></span> <span class='ocrx_word' id='word_1_425' title='bbox 1502 5326 1689 5367; x_wconf 89' lang='lat' dir='ltr'><strong>omnes</strong></span> <span class='ocrx_word' id='word_1_426' title='bbox 1741 5326 1860 5381; x_wconf 84' lang='lat' dir='ltr'><strong>quae</strong></span> 
     </span>
    </p>
   </div>
   <div class='ocr_carea' id='block_1_55' title="bbox 262 5405 1863 5474">
    <p class='ocr_par' dir='ltr' id='par_1_55' title="bbox 262 5405 1863 5474">
     <span class='ocr_line' id='line_1_55' title="bbox 262 5405 1863 5474; baseline -0.001 -15"><span class='ocrx_word' id='word_1_427' title='bbox 262 5417 577 5473; x_wconf 69' lang='lat' dir='ltr'><strong>occurrunt,</strong></span> <span class='ocrx_word' id='word_1_428' title='bbox 592 5407 976 5469; x_wconf 74' lang='lat' dir='ltr'><strong>adhaerescant,</strong></span> <span class='ocrx_word' id='word_1_429' title='bbox 1000 5405 1093 5461; x_wconf 87' lang='lat' dir='ltr'><strong>sed</strong></span> <span class='ocrx_word' id='word_1_430' title='bbox 1111 5405 1414 5460; x_wconf 88' lang='lat' dir='ltr'><strong>discernere</strong></span> <span class='ocrx_word' id='word_1_431' title='bbox 1446 5406 1723 5474; x_wconf 88' lang='lat' dir='ltr'><strong>possintac</strong></span> <span class='ocrx_word' id='word_1_432' title='bbox 1739 5419 1863 5458; x_wconf 93' lang='lat' dir='ltr'><strong>nos-</strong></span> 
     </span>
    </p>
   </div>
   <div class='ocr_carea' id='block_1_56' title="bbox 263 5498 1861 5577">
    <p class='ocr_par' dir='ltr' id='par_1_56' title="bbox 263 5498 1861 5577">
     <span class='ocr_line' id='line_1_56' title="bbox 263 5498 1861 5577; baseline -0.004 -19"><span class='ocrx_word' id='word_1_433' title='bbox 263 5522 345 5569; x_wconf 79' lang='lat' dir='ltr'><strong>se,</strong></span> <span class='ocrx_word' id='word_1_434' title='bbox 379 5502 506 5577; x_wconf 86' lang='lat' dir='ltr'><strong>quid</strong></span> <span class='ocrx_word' id='word_1_435' title='bbox 537 5502 665 5573; x_wconf 88' lang='lat' dir='ltr'><strong>ipsis</strong></span> <span class='ocrx_word' id='word_1_436' title='bbox 687 5504 913 5559; x_wconf 83' lang='lat' dir='ltr'><strong>lnoxium</strong></span> <span class='ocrx_word' id='word_1_437' title='bbox 943 5504 1031 5567; x_wconf 92' lang='lat' dir='ltr'><strong>sit,</strong></span> <span class='ocrx_word' id='word_1_438' title='bbox 1060 5509 1115 5556; x_wconf 88' lang='lat' dir='ltr'><strong>et</strong></span> <span class='ocrx_word' id='word_1_439' title='bbox 1137 5499 1262 5571; x_wconf 90' lang='lat' dir='ltr'><strong>quid</strong></span> <span class='ocrx_word' id='word_1_440' title='bbox 1292 5498 1629 5554; x_wconf 88' lang='lat' dir='ltr'><strong>commodum</strong></span> <span class='ocrx_word' id='word_1_441' title='bbox 1656 5517 1671 5559; x_wconf 84' lang='lat'>;</span> <span class='ocrx_word' id='word_1_442' title='bbox 1703 5500 1861 5553; x_wconf 91' lang='lat' dir='ltr'><strong>homo</strong></span> 
     </span>
    </p>
   </div>
   <div class='ocr_carea' id='block_1_57' title="bbox 272 5591 1857 5659">
    <p class='ocr_par' dir='ltr' id='par_1_57' title="bbox 272 5591 1857 5659">
     <span class='ocr_line' id='line_1_57' title="bbox 272 5591 1857 5659; baseline -0.003 -9"><span class='ocrx_word' id='word_1_443' title='bbox 272 5612 404 5653; x_wconf 79' lang='lat' dir='ltr'><strong>vero</strong></span> <span class='ocrx_word' id='word_1_444' title='bbox 434 5607 575 5651; x_wconf 83' lang='lat' dir='ltr'><strong>tanta</strong></span> <span class='ocrx_word' id='word_1_445' title='bbox 593 5596 839 5652; x_wconf 86' lang='lat' dir='ltr'><strong>cautione</strong></span> <span class='ocrx_word' id='word_1_446' title='bbox 865 5594 1172 5651; x_wconf 86' lang='lat' dir='ltr'><strong>fraudetur?</strong></span> <span class='ocrx_word' id='word_1_447' title='bbox 1190 5592 1301 5648; x_wconf 84' lang='lat' dir='ltr'><strong>Nisi</strong></span> <span class='ocrx_word' id='word_1_448' title='bbox 1322 5591 1464 5647; x_wconf 91' lang='lat' dir='ltr'><strong>enim</strong></span> <span class='ocrx_word' id='word_1_449' title='bbox 1487 5592 1589 5647; x_wconf 91' lang='lat' dir='ltr'><strong>hoc</strong></span> <span class='ocrx_word' id='word_1_450' title='bbox 1616 5592 1857 5659; x_wconf 90' lang='lat' dir='ltr'><strong>haberet,</strong></span> 
     </span>
    </p>
   </div>
   <div class='ocr_carea' id='block_1_58' title="bbox 268 5685 1859 5760">
    <p class='ocr_par' dir='ltr' id='par_1_58' title="bbox 268 5685 1859 5760">
     <span class='ocr_line' id='line_1_58' title="bbox 268 5685 1859 5760; baseline -0.004 -11"><span class='ocrx_word' id='word_1_451' title='bbox 268 5691 466 5749; x_wconf 88' lang='lat' dir='ltr'><strong>nullius</strong></span> <span class='ocrx_word' id='word_1_452' title='bbox 493 5701 634 5746; x_wconf 83' lang='lat' dir='ltr'><strong>esset</strong></span> <span class='ocrx_word' id='word_1_453' title='bbox 657 5689 833 5760; x_wconf 80' lang='lat' dir='ltr'><strong>pretii,</strong></span> <span class='ocrx_word' id='word_1_454' title='bbox 879 5688 974 5746; x_wconf 88' lang='lat' dir='ltr'><strong>sed</strong></span> <span class='ocrx_word' id='word_1_455' title='bbox 998 5688 1234 5745; x_wconf 90' lang='lat' dir='ltr'><strong>omnium</strong></span> <span class='ocrx_word' id='word_1_456' title='bbox 1264 5685 1651 5759; x_wconf 86' lang='lat' dir='ltr'><strong>abjectissimus</strong></span> <span class='ocrx_word' id='word_1_457' title='bbox 1699 5700 1859 5759; x_wconf 85' lang='lat' dir='ltr'><strong>appa-</strong></span> 
     </span>
    </p>
   </div>
   <div class='ocr_carea' id='block_1_59' title="bbox 334 5843 948 5909">
    <p class='ocr_par' dir='ltr' id='par_1_59' title="bbox 334 5843 948 5909">
     <span class='ocr_line' id='line_1_59' title="bbox 334 5843 948 5909; baseline -0.011 -11"><span class='ocrx_word' id='word_1_458' title='bbox 334 5849 347 5879; x_wconf 82' lang='grc'><strong>¹</strong></span> <span class='ocrx_word' id='word_1_459' title='bbox 387 5854 527 5909; x_wconf 81' lang='lat' dir='ltr'><strong>tteg.,</strong></span> <span class='ocrx_word' id='word_1_460' title='bbox 551 5845 677 5897; x_wconf 78' lang='lat' dir='ltr'><strong>vobis</strong></span> <span class='ocrx_word' id='word_1_461' title='bbox 699 5843 948 5895; x_wconf 80' lang='lat' dir='ltr'><strong>sciremus.</strong></span> 
     </span>
    </p>
   </div>
   <div class='ocr_carea' id='block_1_60' title="bbox 1540 379 2340 438">
    <p class='ocr_par' dir='ltr' id='par_1_60' title="bbox 1540 379 2340 438">
     <span class='ocr_line' id='line_1_60' title="bbox 1540 379 2340 438; baseline -0.001 -1"><span class='ocrx_word' id='word_1_462' title='bbox 1540 382 1612 438; x_wconf 68' lang='grc' dir='ltr'><strong>ΙΝ</strong></span> <span class='ocrx_word' id='word_1_463' title='bbox 1643 379 1944 437; x_wconf 69' lang='lat' dir='ltr'><strong>GENESiM</strong></span> <span class='ocrx_word' id='word_1_464' title='bbox 1987 379 2213 437; x_wconf 67' lang='lat' dir='ltr'><strong>SEINO</strong></span> <span class='ocrx_word' id='word_1_465' title='bbox 2256 383 2340 436; x_wconf 70' lang='lat' dir='ltr'><strong>Vl.</strong></span> 
     </span>
    </p>
   </div>
   <div class='ocr_carea' id='block_1_61' title="bbox 3484 408 3588 463">
    <p class='ocr_par' dir='ltr' id='par_1_61' title="bbox 3484 408 3588 463">
     <span class='ocr_line' id='line_1_61' title="bbox 3484 408 3588 463; baseline 0 0"><span class='ocrx_word' id='word_1_466' title='bbox 3484 408 3588 463; x_wconf 62' lang='grc' dir='ltr'><strong>δυσ</strong></span> 
     </span>
    </p>
   </div>
   <div class='ocr_carea' id='block_1_62' title="bbox 2011 502 3570 600">
    <p class='ocr_par' dir='ltr' id='par_1_62' title="bbox 2011 502 3570 600">
     <span class='ocr_line' id='line_1_62' title="bbox 2011 502 3570 600; baseline 0.03 -51"><span class='ocrx_word' id='word_1_467' title='bbox 2011 511 2173 600; x_wconf 77' lang='lat' dir='ltr'><strong>reret.</strong></span> <span class='ocrx_word' id='word_1_468' title='bbox 2199 502 2361 557; x_wconf 84' lang='lat' dir='ltr'><strong>Multo</strong></span> <span class='ocrx_word' id='word_1_469' title='bbox 2388 506 2528 559; x_wconf 91' lang='lat' dir='ltr'><strong>enim</strong></span> <span class='ocrx_word' id='word_1_470' title='bbox 2557 510 2720 561; x_wconf 85' lang='lat' dir='ltr'><strong>satius</strong></span> <span class='ocrx_word' id='word_1_471' title='bbox 2747 511 2843 580; x_wconf 69' lang='lat' dir='ltr'><strong>ipsi</strong></span> <span class='ocrx_word' id='word_1_472' title='bbox 2866 515 3003 575; x_wconf 81' lang='lat' dir='ltr'><strong>foret</strong></span> <span class='ocrx_word' id='word_1_473' title='bbox 3031 523 3084 579; x_wconf 83' lang='lat' dir='ltr'><strong>in</strong></span> <span class='ocrx_word' id='word_1_474' title='bbox 3112 525 3343 587; x_wconf 63' lang='lat' dir='ltr'><strong>tenebris</strong></span> <span class='ocrx_word' id='word_1_475' title='bbox 3361 544 3570 600; x_wconf 86' lang='lat' dir='ltr'><strong>versari</strong></span> 
     </span>
    </p>
   </div>
   <div class='ocr_carea' id='block_1_63' title="bbox 2007 588 3593 693">
    <p class='ocr_par' dir='ltr' id='par_1_63' title="bbox 2007 588 3593 693">
     <span class='ocr_line' id='line_1_63' title="bbox 2007 588 3593 693; baseline 0.026 -48"><span class='ocrx_word' id='word_1_476' title='bbox 2007 592 2279 661; x_wconf 91' lang='lat' dir='ltr'><strong>oculisque</strong></span> <span class='ocrx_word' id='word_1_477' title='bbox 2305 607 2519 665; x_wconf 89' lang='lat' dir='ltr'><strong>captum</strong></span> <span class='ocrx_word' id='word_1_478' title='bbox 2569 616 2707 666; x_wconf 87' lang='lat' dir='ltr'><strong>esse,</strong></span> <span class='ocrx_word' id='word_1_479' title='bbox 2753 620 2815 659; x_wconf 91' lang='lat' dir='ltr'><strong>ac</strong></span> <span class='ocrx_word' id='word_1_480' title='bbox 2864 609 2992 666; x_wconf 86' lang='lat' dir='ltr'><strong>locis</strong></span> <span class='ocrx_word' id='word_1_481' title='bbox 3043 631 3262 687; x_wconf 87' lang='lat' dir='ltr'><strong>aspectu</strong></span> <span class='ocrx_word' id='word_1_482' title='bbox 3306 588 3593 693; x_wconf 38' lang='lat' dir='ltr'><strong>privatutim-j</strong></span> 
     </span>
    </p>
   </div>
   <div class='ocr_carea' id='block_1_64' title="bbox 2005 677 3595 784">
    <p class='ocr_par' dir='ltr' id='par_1_64' title="bbox 2005 677 3595 784">
     <span class='ocr_line' id='line_1_64' title="bbox 2005 677 3595 784; baseline -0.026 -49"><span class='ocrx_word' id='word_1_483' title='bbox 2005 698 2165 784; x_wconf 68' lang='lat' dir='ltr'><strong>quam</strong></span> <span class='ocrx_word' id='word_1_484' title='bbox 2195 689 2397 757; x_wconf 88' lang='lat' dir='ltr'><strong>utquid</strong></span> <span class='ocrx_word' id='word_1_485' title='bbox 2447 689 2641 744; x_wconf 86' lang='lat' dir='ltr'><strong>bonum</strong></span> <span class='ocrx_word' id='word_1_486' title='bbox 2669 695 2757 761; x_wconf 91' lang='lat' dir='ltr'><strong>sit,</strong></span> <span class='ocrx_word' id='word_1_487' title='bbox 2810 700 3002 767; x_wconf 89' lang='lat' dir='ltr'><strong>quidve</strong></span> <span class='ocrx_word' id='word_1_488' title='bbox 3049 677 3267 773; x_wconf 76' lang='lat' dir='ltr'><strong>malum,</strong></span> 
     </span>
    </p>
   </div>
   <div class='ocr_carea' id='block_1_65' title="bbox 2006 768 3585 876">
    <p class='ocr_par' dir='ltr' id='par_1_65' title="bbox 2006 768 3585 876">
     <span class='ocr_line' id='line_1_65' title="bbox 2006 768 3585 876; baseline 0.024 -47"><span class='ocrx_word' id='word_1_489' title='bbox 2006 775 2160 833; x_wconf 88' lang='lat' dir='ltr'><strong>Tolle</strong></span> <span class='ocrx_word' id='word_1_490' title='bbox 2190 780 2328 835; x_wconf 90' lang='lat' dir='ltr'><strong>hanc</strong></span> <span class='ocrx_word' id='word_1_491' title='bbox 2353 798 2383 835; x_wconf 93' lang='lat' dir='ltr'><strong>e</strong></span> <span class='ocrx_word' id='word_1_492' title='bbox 2407 783 2510 837; x_wconf 87' lang='lat' dir='ltr'><strong>vita</strong></span> <span class='ocrx_word' id='word_1_493' title='bbox 2537 794 2723 842; x_wconf 90' lang='lat' dir='ltr'><strong>nostra</strong></span> <span class='ocrx_word' id='word_1_494' title='bbox 2773 792 3107 865; x_wconf 83' lang='lat' dir='ltr'><strong>facultatem,</strong></span> <span class='ocrx_word' id='word_1_495' title='bbox 3120 802 3229 871; x_wconf 87' lang='lat' dir='ltr'><strong>jam</strong></span> <span class='ocrx_word' id='word_1_496' title='bbox 3258 768 3585 876; x_wconf 60' lang='lat' dir='ltr'><strong>ipsam</strong></span> 
     </span>
    </p>
   </div>
   <div class='ocr_carea' id='block_1_66' title="bbox 2004 876 3590 961">
    <p class='ocr_par' dir='ltr' id='par_1_66' title="bbox 2004 876 3590 961">
     <span class='ocr_line' id='line_1_66' title="bbox 2004 876 3590 961; baseline 0.023 -36"><span class='ocrx_word' id='word_1_497' title='bbox 2004 888 2126 927; x_wconf 89' lang='lat' dir='ltr'><strong>nem</strong></span> <span class='ocrx_word' id='word_1_498' title='bbox 2178 876 2336 931; x_wconf 88' lang='lat' dir='ltr'><strong>vitam</strong></span> <span class='ocrx_word' id='word_1_499' title='bbox 2393 889 2628 936; x_wconf 91' lang='lat' dir='ltr'><strong>nostram</strong></span> <span class='ocrx_word' id='word_1_500' title='bbox 2679 887 2977 950; x_wconf 83' lang='lat' dir='ltr'><strong>sustuleris.</strong></span> <span class='ocrx_word' id='word_1_501' title='bbox 3022 902 3075 946; x_wconf 90' lang='lat' dir='ltr'><strong>et</strong></span> <span class='ocrx_word' id='word_1_502' title='bbox 3123 900 3357 955; x_wconf 82' lang='lat' dir='ltr'><strong>onniinm</strong></span> <span class='ocrx_word' id='word_1_503' title='bbox 3412 919 3590 961; x_wconf 88' lang='lat' dir='ltr'><strong>rerum</strong></span> 
     </span>
    </p>
   </div>
   <div class='ocr_carea' id='block_1_67' title="bbox 2004 967 3592 1065">
    <p class='ocr_par' dir='ltr' id='par_1_67' title="bbox 2004 967 3592 1065">
     <span class='ocr_line' id='line_1_67' title="bbox 2004 967 3592 1065; baseline 0.025 -50"><span class='ocrx_word' id='word_1_504' title='bbox 2004 967 2456 1065; x_wconf 85' lang='lat' dir='ltr'><strong>perturbationem</strong></span> <span class='ocrx_word' id='word_1_505' title='bbox 2481 971 2767 1031; x_wconf 85' lang='lat' dir='ltr'><strong>invexeris.</strong></span> <span class='ocrx_word' id='word_1_506' title='bbox 2803 978 2912 1035; x_wconf 87' lang='lat' dir='ltr'><strong>Hoc</strong></span> <span class='ocrx_word' id='word_1_507' title='bbox 2932 983 3071 1038; x_wconf 88' lang='lat' dir='ltr'><strong>enim</strong></span> <span class='ocrx_word' id='word_1_508' title='bbox 3107 988 3229 1044; x_wconf 93' lang='lat' dir='ltr'><strong>illud</strong></span> <span class='ocrx_word' id='word_1_509' title='bbox 3258 1002 3358 1057; x_wconf 83' lang='lat' dir='ltr'><strong>est,</strong></span> <span class='ocrx_word' id='word_1_510' title='bbox 3409 1014 3515 1065; x_wconf 86' lang='lat' dir='ltr'><strong>quo</strong></span> <span class='ocrx_word' id='word_1_511' title='bbox 3562 1017 3592 1054; x_wconf 90' lang='lat' dir='ltr'><strong>a</strong></span> 
     </span>
    </p>
   </div>
   <div class='ocr_carea' id='block_1_68' title="bbox 2003 1055 3589 1153">
    <p class='ocr_par' dir='ltr' id='par_1_68' title="bbox 2003 1055 3589 1153">
     <span class='ocr_line' id='line_1_68' title="bbox 2003 1055 3589 1153; baseline 0.022 -44"><span class='ocrx_word' id='word_1_512' title='bbox 2003 1055 2171 1153; x_wconf 81' lang='lat' dir='ltr'><strong>brutis</strong></span> <span class='ocrx_word' id='word_1_513' title='bbox 2191 1060 2547 1119; x_wconf 87' lang='lat' dir='ltr'><strong>animantibus</strong></span> <span class='ocrx_word' id='word_1_514' title='bbox 2568 1066 2884 1136; x_wconf 69' lang='lat' dir='ltr'><strong>differimus,</strong></span> <span class='ocrx_word' id='word_1_515' title='bbox 2906 1083 2957 1127; x_wconf 90' lang='lat' dir='ltr'><strong>et</strong></span> <span class='ocrx_word' id='word_1_516' title='bbox 2978 1092 3082 1145; x_wconf 88' lang='lat' dir='ltr'><strong>quo</strong></span> <span class='ocrx_word' id='word_1_517' title='bbox 3104 1079 3229 1135; x_wconf 90' lang='lat' dir='ltr'><strong>feris</strong></span> <span class='ocrx_word' id='word_1_518' title='bbox 3250 1055 3589 1153; x_wconf 77' lang='lat' dir='ltr'><strong>przestamus,</strong></span> 
     </span>
    </p>
   </div>
   <div class='ocr_carea' id='block_1_69' title="bbox 2002 1150 3587 1251">
    <p class='ocr_par' dir='ltr' id='par_1_69' title="bbox 2002 1150 3587 1251">
     <span class='ocr_line' id='line_1_69' title="bbox 2002 1150 3587 1251; baseline 0.02 -51"><span class='ocrx_word' id='word_1_519' title='bbox 2002 1150 2141 1218; x_wconf 90' lang='lat' dir='ltr'><strong>quod</strong></span> <span class='ocrx_word' id='word_1_520' title='bbox 2170 1152 2351 1207; x_wconf 78' lang='lat' dir='ltr'><strong>vitium</strong></span> <span class='ocrx_word' id='word_1_521' title='bbox 2376 1158 2730 1229; x_wconf 87' lang='lat' dir='ltr'><strong>virtutemque</strong></span> <span class='ocrx_word' id='word_1_522' title='bbox 2759 1167 3081 1234; x_wconf 90' lang='lat' dir='ltr'><strong>noverimus,</strong></span> <span class='ocrx_word' id='word_1_523' title='bbox 3115 1180 3170 1225; x_wconf 91' lang='lat' dir='ltr'><strong>et</strong></span> <span class='ocrx_word' id='word_1_524' title='bbox 3222 1150 3362 1243; x_wconf 83' lang='lat' dir='ltr'><strong>quod</strong></span> <span class='ocrx_word' id='word_1_525' title='bbox 3418 1150 3587 1251; x_wconf 43' lang='lat' dir='ltr'><strong>agno.</strong></span> 
     </span>
    </p>
   </div>
   <div class='ocr_carea' id='block_1_70' title="bbox 2001 1244 3587 1341">
    <p class='ocr_par' dir='ltr' id='par_1_70' title="bbox 2001 1244 3587 1341">
     <span class='ocr_line' id='line_1_70' title="bbox 2001 1244 3587 1341; baseline 0.022 -49"><span class='ocrx_word' id='word_1_526' title='bbox 2001 1254 2215 1296; x_wconf 83' lang='lat' dir='ltr'><strong>scantus</strong></span> <span class='ocrx_word' id='word_1_527' title='bbox 2244 1244 2367 1312; x_wconf 91' lang='lat' dir='ltr'><strong>quid</strong></span> <span class='ocrx_word' id='word_1_528' title='bbox 2416 1249 2613 1303; x_wconf 90' lang='lat' dir='ltr'><strong>malum</strong></span> <span class='ocrx_word' id='word_1_529' title='bbox 2656 1253 2745 1314; x_wconf 84' lang='lat' dir='ltr'><strong>sit,</strong></span> <span class='ocrx_word' id='word_1_530' title='bbox 2783 1270 2954 1325; x_wconf 83' lang='lat' dir='ltr'><strong>neque</strong></span> <span class='ocrx_word' id='word_1_531' title='bbox 2977 1260 3103 1329; x_wconf 91' lang='lat' dir='ltr'><strong>quid</strong></span> <span class='ocrx_word' id='word_1_532' title='bbox 3126 1264 3194 1317; x_wconf 90' lang='lat' dir='ltr'><strong>sit</strong></span> <span class='ocrx_word' id='word_1_533' title='bbox 3216 1264 3410 1322; x_wconf 87' lang='lat' dir='ltr'><strong>bonum</strong></span> <span class='ocrx_word' id='word_1_534' title='bbox 3439 1244 3587 1341; x_wconf 66' lang='lat' dir='ltr'><strong>igneo</strong></span> 
     </span>
    </p>
   </div>
   <div class='ocr_carea' id='block_1_71' title="bbox 1998 1338 3586 1429">
    <p class='ocr_par' dir='ltr' id='par_1_71' title="bbox 1998 1338 3586 1429">
     <span class='ocr_line' id='line_1_71' title="bbox 1998 1338 3586 1429; baseline 0.023 -45"><span class='ocrx_word' id='word_1_535' title='bbox 1998 1347 2195 1389; x_wconf 84' lang='lat' dir='ltr'><strong>remus.</strong></span> <span class='ocrx_word' id='word_1_536' title='bbox 2251 1338 2402 1402; x_wconf 86' lang='lat' dir='ltr'><strong>Quod</strong></span> <span class='ocrx_word' id='word_1_537' title='bbox 2451 1342 2493 1393; x_wconf 92' lang='lat' dir='ltr'><strong>si</strong></span> <span class='ocrx_word' id='word_1_538' title='bbox 2527 1358 2624 1397; x_wconf 91' lang='lat' dir='ltr'><strong>nos</strong></span> <span class='ocrx_word' id='word_1_539' title='bbox 2685 1344 2734 1398; x_wconf 90' lang='lat' dir='ltr'><strong>id</strong></span> <span class='ocrx_word' id='word_1_540' title='bbox 2809 1363 2948 1403; x_wconf 91' lang='lat' dir='ltr'><strong>nunc</strong></span> <span class='ocrx_word' id='word_1_541' title='bbox 2998 1353 3215 1422; x_wconf 86' lang='lat' dir='ltr'><strong>scimus,</strong></span> <span class='ocrx_word' id='word_1_542' title='bbox 3269 1376 3441 1429; x_wconf 89' lang='lat' dir='ltr'><strong>neque</strong></span> <span class='ocrx_word' id='word_1_543' title='bbox 3462 1338 3586 1421; x_wconf 26' lang='lat' dir='ltr'><strong>inos</strong></span> 
     </span>
    </p>
   </div>
   <div class='ocr_carea' id='block_1_72' title="bbox 1997 1429 3587 1527">
    <p class='ocr_par' dir='ltr' id='par_1_72' title="bbox 1997 1429 3587 1527">
     <span class='ocr_line' id='line_1_72' title="bbox 1997 1429 3587 1527; baseline 0.023 -51"><span class='ocrx_word' id='word_1_544' title='bbox 1997 1433 2223 1527; x_wconf 78' lang='lat' dir='ltr'><strong>tantum,</strong></span> <span class='ocrx_word' id='word_1_545' title='bbox 2279 1429 2374 1482; x_wconf 89' lang='lat' dir='ltr'><strong>sed</strong></span> <span class='ocrx_word' id='word_1_546' title='bbox 2424 1433 2580 1485; x_wconf 89' lang='lat' dir='ltr'><strong>etiam</strong></span> <span class='ocrx_word' id='word_1_547' title='bbox 2629 1433 2843 1507; x_wconf 65' lang='lat' dir='ltr'><strong>Scythae</strong></span> <span class='ocrx_word' id='word_1_548' title='bbox 2887 1455 2949 1494; x_wconf 90' lang='lat' dir='ltr'><strong>ac</strong></span> <span class='ocrx_word' id='word_1_549' title='bbox 2996 1442 3227 1514; x_wconf 86' lang='lat' dir='ltr'><strong>barbari,</strong></span> <span class='ocrx_word' id='word_1_550' title='bbox 3259 1452 3427 1506; x_wconf 90' lang='lat' dir='ltr'><strong>multo</strong></span> <span class='ocrx_word' id='word_1_551' title='bbox 3475 1474 3587 1511; x_wconf 88' lang='lat' dir='ltr'><strong>ma-</strong></span> 
     </span>
    </p>
   </div>
   <div class='ocr_carea' id='block_1_73' title="bbox 1994 1524 3583 1604">
    <p class='ocr_par' dir='ltr' id='par_1_73' title="bbox 1994 1524 3583 1604">
     <span class='ocr_line' id='line_1_73' title="bbox 1994 1524 3583 1604; baseline 0.021 -35"><span class='ocrx_word' id='word_1_552' title='bbox 1994 1524 2075 1585; x_wconf 83' lang='lat' dir='ltr'><strong>gis</strong></span> <span class='ocrx_word' id='word_1_553' title='bbox 2106 1528 2214 1572; x_wconf 91' lang='lat' dir='ltr'><strong>tum</strong></span> <span class='ocrx_word' id='word_1_554' title='bbox 2249 1525 2503 1591; x_wconf 84' lang='lat' dir='ltr'><strong>temporis</strong></span> <span class='ocrx_word' id='word_1_555' title='bbox 2549 1524 2709 1581; x_wconf 89' lang='lat' dir='ltr'><strong>homo</strong></span> <span class='ocrx_word' id='word_1_556' title='bbox 2758 1530 2843 1583; x_wconf 91' lang='lat' dir='ltr'><strong>ille</strong></span> <span class='ocrx_word' id='word_1_557' title='bbox 2897 1541 3021 1588; x_wconf 87' lang='lat' dir='ltr'><strong>ante</strong></span> <span class='ocrx_word' id='word_1_558' title='bbox 3066 1550 3339 1604; x_wconf 87' lang='lat' dir='ltr'><strong>peccatum</strong></span> <span class='ocrx_word' id='word_1_559' title='bbox 3381 1545 3431 1598; x_wconf 91' lang='lat' dir='ltr'><strong>id</strong></span> <span class='ocrx_word' id='word_1_560' title='bbox 3483 1564 3583 1602; x_wconf 86' lang='lat' dir='ltr'><strong>no-</strong></span> 
     </span>
    </p>
   </div>
   <div class='ocr_carea' id='block_1_74' title="bbox 1995 1620 3578 1695">
    <p class='ocr_par' dir='ltr' id='par_1_74' title="bbox 1995 1620 3578 1695">
     <span class='ocr_line' id='line_1_74' title="bbox 1995 1620 3578 1695; baseline 0.021 -34"><span class='ocrx_word' id='word_1_561' title='bbox 1995 1620 2144 1662; x_wconf 91' lang='lat' dir='ltr'><strong>vcrat</strong></span> <span class='ocrx_word' id='word_1_562' title='bbox 2194 1628 2207 1664; x_wconf 93' lang='lat'><strong>:</strong></span> <span class='ocrx_word' id='word_1_563' title='bbox 2254 1628 2425 1683; x_wconf 84' lang='lat' dir='ltr'><strong>neque</strong></span> <span class='ocrx_word' id='word_1_564' title='bbox 2498 1632 2619 1671; x_wconf 84' lang='lat' dir='ltr'><strong>cum</strong></span> <span class='ocrx_word' id='word_1_565' title='bbox 2689 1622 2847 1677; x_wconf 86' lang='lat' dir='ltr'><strong>tantis</strong></span> <span class='ocrx_word' id='word_1_566' title='bbox 2910 1624 3200 1685; x_wconf 87' lang='lat' dir='ltr'><strong>honoribus</strong></span> <span class='ocrx_word' id='word_1_567' title='bbox 3276 1640 3578 1695; x_wconf 85' lang='lat' dir='ltr'><strong>cumulatus</strong></span> 
     </span>
    </p>
   </div>
   <div class='ocr_carea' id='block_1_75' title="bbox 1998 1710 3579 1789">
    <p class='ocr_par' dir='ltr' id='par_1_75' title="bbox 1998 1710 3579 1789">
     <span class='ocr_line' id='line_1_75' title="bbox 1998 1710 3579 1789; baseline 0.022 -34"><span class='ocrx_word' id='word_1_568' title='bbox 1998 1713 2161 1763; x_wconf 82' lang='lat' dir='ltr'><strong>esset,</strong></span> <span class='ocrx_word' id='word_1_569' title='bbox 2220 1716 2402 1772; x_wconf 78' lang='lat' dir='ltr'><strong>utpote</strong></span> <span class='ocrx_word' id='word_1_570' title='bbox 2449 1710 2589 1778; x_wconf 88' lang='lat' dir='ltr'><strong>quod</strong></span> <span class='ocrx_word' id='word_1_571' title='bbox 2644 1714 2707 1766; x_wconf 91' lang='lat' dir='ltr'><strong>ad</strong></span> <span class='ocrx_word' id='word_1_572' title='bbox 2752 1715 3028 1785; x_wconf 85' lang='lat' dir='ltr'><strong>imaginem</strong></span> <span class='ocrx_word' id='word_1_573' title='bbox 3086 1732 3138 1777; x_wconf 92' lang='lat' dir='ltr'><strong>et</strong></span> <span class='ocrx_word' id='word_1_574' title='bbox 3180 1726 3579 1789; x_wconf 88' lang='lat' dir='ltr'><strong>similitudinem</strong></span> 
     </span>
    </p>
   </div>
   <div class='ocr_carea' id='block_1_76' title="bbox 1993 1792 3582 1889">
    <p class='ocr_par' dir='ltr' id='par_1_76' title="bbox 1993 1792 3582 1889">
     <span class='ocr_line' id='line_1_76' title="bbox 1993 1792 3582 1889; baseline 0.021 -43"><span class='ocrx_word' id='word_1_575' title='bbox 1993 1792 2085 1847; x_wconf 89' lang='lat' dir='ltr'><strong>Dei</strong></span> <span class='ocrx_word' id='word_1_576' title='bbox 2119 1794 2391 1889; x_wconf 78' lang='lat' dir='ltr'><strong>formatus</strong></span> <span class='ocrx_word' id='word_1_577' title='bbox 2444 1811 2602 1866; x_wconf 85' lang='lat' dir='ltr'><strong>esset,</strong></span> <span class='ocrx_word' id='word_1_578' title='bbox 2636 1805 2856 1875; x_wconf 88' lang='lat' dir='ltr'><strong>aliisque</strong></span> <span class='ocrx_word' id='word_1_579' title='bbox 2899 1809 3169 1870; x_wconf 85' lang='lat' dir='ltr'><strong>beneficiis</strong></span> <span class='ocrx_word' id='word_1_580' title='bbox 3217 1832 3457 1889; x_wconf 86' lang='lat' dir='ltr'><strong>ornatus,</strong></span> <span class='ocrx_word' id='word_1_581' title='bbox 3516 1842 3582 1881; x_wconf 89' lang='lat' dir='ltr'><strong>eo</strong></span> 
     </span>
    </p>
   </div>
   <div class='ocr_carea' id='block_1_77' title="bbox 1992 1887 3577 1970">
    <p class='ocr_par' dir='ltr' id='par_1_77' title="bbox 1992 1887 3577 1970">
     <span class='ocr_line' id='line_1_77' title="bbox 1992 1887 3577 1970; baseline 0.021 -33"><span class='ocrx_word' id='word_1_582' title='bbox 1992 1887 2130 1954; x_wconf 88' lang='lat' dir='ltr'><strong>quod</strong></span> <span class='ocrx_word' id='word_1_583' title='bbox 2188 1898 2347 1958; x_wconf 83' lang='lat' dir='ltr'><strong>caput</strong></span> <span class='ocrx_word' id='word_1_584' title='bbox 2396 1891 2652 1948; x_wconf 79' lang='lat' dir='ltr'><strong>b0flOf’Ufl]</strong></span> <span class='ocrx_word' id='word_1_585' title='bbox 2700 1905 2800 1961; x_wconf 82' lang='lat' dir='ltr'><strong>est,</strong></span> <span class='ocrx_word' id='word_1_586' title='bbox 2868 1902 3087 1958; x_wconf 88' lang='lat' dir='ltr'><strong>orbatus</strong></span> <span class='ocrx_word' id='word_1_587' title='bbox 3137 1918 3281 1963; x_wconf 87' lang='lat' dir='ltr'><strong>esset</strong></span> <span class='ocrx_word' id='word_1_588' title='bbox 3339 1887 3577 1970; x_wconf 80' lang='lat' dir='ltr'><strong>relictus.</strong></span> 
     </span>
    </p>
   </div>
   <div class='ocr_carea' id='block_1_78' title="bbox 1988 1978 3575 2071">
    <p class='ocr_par' dir='ltr' id='par_1_78' title="bbox 1988 1978 3575 2071">
     <span class='ocr_line' id='line_1_78' title="bbox 1988 1978 3575 2071; baseline 0.018 -39"><span class='ocrx_word' id='word_1_589' title='bbox 1988 1978 2121 2033; x_wconf 87' lang='lat' dir='ltr'><strong>Nam</strong></span> <span class='ocrx_word' id='word_1_590' title='bbox 2173 1982 2295 2049; x_wconf 92' lang='lat' dir='ltr'><strong>quid</strong></span> <span class='ocrx_word' id='word_1_591' title='bbox 2329 1983 2520 2036; x_wconf 83' lang='lat' dir='ltr'><strong>boonm</strong></span> <span class='ocrx_word' id='word_1_592' title='bbox 2553 1985 2621 2038; x_wconf 90' lang='lat' dir='ltr'><strong>sit</strong></span> <span class='ocrx_word' id='word_1_593' title='bbox 2663 1996 2719 2041; x_wconf 90' lang='lat' dir='ltr'><strong>et</strong></span> <span class='ocrx_word' id='word_1_594' title='bbox 2746 1990 2965 2058; x_wconf 82' lang='lat' dir='ltr'><strong>malum,</strong></span> <span class='ocrx_word' id='word_1_595' title='bbox 2998 1995 3069 2047; x_wconf 93' lang='lat' dir='ltr'><strong>illi</strong></span> <span class='ocrx_word' id='word_1_596' title='bbox 3120 1998 3289 2052; x_wconf 92' lang='lat' dir='ltr'><strong>solum</strong></span> <span class='ocrx_word' id='word_1_597' title='bbox 3314 2002 3575 2071; x_wconf 86' lang='lat' dir='ltr'><strong>ignorant.</strong></span> 
     </span>
    </p>
   </div>
   <div class='ocr_carea' id='block_1_79' title="bbox 1988 2071 3577 2155">
    <p class='ocr_par' dir='ltr' id='par_1_79' title="bbox 1988 2071 3577 2155">
     <span class='ocr_line' id='line_1_79' title="bbox 1988 2071 3577 2155; baseline 0.019 -34"><span class='ocrx_word' id='word_1_598' title='bbox 1988 2071 2076 2139; x_wconf 91' lang='lat' dir='ltr'><strong>qui</strong></span> <span class='ocrx_word' id='word_1_599' title='bbox 2119 2073 2343 2125; x_wconf 87' lang='lat' dir='ltr'><strong>naturali</strong></span> <span class='ocrx_word' id='word_1_600' title='bbox 2394 2076 2615 2128; x_wconf 86' lang='lat' dir='ltr'><strong>rationis</strong></span> <span class='ocrx_word' id='word_1_601' title='bbox 2658 2078 2861 2146; x_wconf 91' lang='lat' dir='ltr'><strong>judicio</strong></span> <span class='ocrx_word' id='word_1_602' title='bbox 2899 2095 3023 2137; x_wconf 91' lang='lat' dir='ltr'><strong>sunt</strong></span> <span class='ocrx_word' id='word_1_603' title='bbox 3074 2091 3260 2155; x_wconf 87' lang='lat' dir='ltr'><strong>privati</strong></span> <span class='ocrx_word' id='word_1_604' title='bbox 3305 2094 3577 2151; x_wconf 83' lang='lat' dir='ltr'><strong>:Adamus</strong></span> 
     </span>
    </p>
   </div>
   <div class='ocr_carea' id='block_1_80' title="bbox 1988 2166 3579 2249">
    <p class='ocr_par' dir='ltr' id='par_1_80' title="bbox 1988 2166 3579 2249">
     <span class='ocr_line' id='line_1_80' title="bbox 1988 2166 3579 2249; baseline 0.016 -34"><span class='ocrx_word' id='word_1_605' title='bbox 1988 2173 2163 2217; x_wconf 90' lang='lat' dir='ltr'><strong>autem</strong></span> <span class='ocrx_word' id='word_1_606' title='bbox 2189 2166 2349 2217; x_wconf 90' lang='lat' dir='ltr'><strong>multa</strong></span> <span class='ocrx_word' id='word_1_607' title='bbox 2377 2168 2630 2234; x_wconf 81' lang='lat' dir='ltr'><strong>sapientia</strong></span> <span class='ocrx_word' id='word_1_608' title='bbox 2649 2172 2882 2239; x_wconf 85' lang='lat' dir='ltr'><strong>repletus</strong></span> <span class='ocrx_word' id='word_1_609' title='bbox 2904 2184 3039 2237; x_wconf 85' lang='lat' dir='ltr'><strong>erat.</strong></span> <span class='ocrx_word' id='word_1_610' title='bbox 3081 2187 3136 2231; x_wconf 89' lang='lat' dir='ltr'><strong>et</strong></span> <span class='ocrx_word' id='word_1_611' title='bbox 3174 2179 3332 2249; x_wconf 89' lang='lat' dir='ltr'><strong>hujus</strong></span> <span class='ocrx_word' id='word_1_612' title='bbox 3381 2189 3579 2240; x_wconf 89' lang='lat' dir='ltr'><strong>utrius-</strong></span> 
     </span>
    </p>
   </div>
   <div class='ocr_carea' id='block_1_81' title="bbox 1987 2254 3577 2346">
    <p class='ocr_par' dir='ltr' id='par_1_81' title="bbox 1987 2254 3577 2346">
     <span class='ocr_line' id='line_1_81' title="bbox 1987 2254 3577 2346; baseline 0.017 -40"><span class='ocrx_word' id='word_1_613' title='bbox 1987 2269 2090 2323; x_wconf 91' lang='lat' dir='ltr'><strong>que</strong></span> <span class='ocrx_word' id='word_1_614' title='bbox 2115 2254 2448 2311; x_wconf 87' lang='lat' dir='ltr'><strong>discernendi</strong></span> <span class='ocrx_word' id='word_1_615' title='bbox 2481 2257 2728 2315; x_wconf 89' lang='lat' dir='ltr'><strong>facultate</strong></span> <span class='ocrx_word' id='word_1_616' title='bbox 2760 2264 3008 2331; x_wconf 90' lang='lat' dir='ltr'><strong>pollehat.</strong></span> <span class='ocrx_word' id='word_1_617' title='bbox 3029 2267 3202 2339; x_wconf 85' lang='lat' dir='ltr'><strong>Atque</strong></span> <span class='ocrx_word' id='word_1_618' title='bbox 3230 2280 3287 2325; x_wconf 93' lang='lat' dir='ltr'><strong>ut</strong></span> <span class='ocrx_word' id='word_1_619' title='bbox 3313 2274 3577 2346; x_wconf 81' lang='lat' dir='ltr'><strong>intelligas</strong></span> 
     </span>
    </p>
   </div>
   <div class='ocr_carea' id='block_1_82' title="bbox 1987 2348 3579 2426">
    <p class='ocr_par' dir='ltr' id='par_1_82' title="bbox 1987 2348 3579 2426">
     <span class='ocr_line' id='line_1_82' title="bbox 1987 2348 3579 2426; baseline 0.014 -26"><span class='ocrx_word' id='word_1_620' title='bbox 1987 2360 2107 2400; x_wconf 90' lang='lat' dir='ltr'><strong>eum</strong></span> <span class='ocrx_word' id='word_1_621' title='bbox 2133 2348 2388 2416; x_wconf 79' lang='lat' dir='ltr'><strong>Spirituali</strong></span> <span class='ocrx_word' id='word_1_622' title='bbox 2424 2352 2685 2418; x_wconf 85' lang='lat' dir='ltr'><strong>repletum</strong></span> <span class='ocrx_word' id='word_1_623' title='bbox 2730 2352 2894 2410; x_wconf 89' lang='lat' dir='ltr'><strong>fuisse</strong></span> <span class='ocrx_word' id='word_1_624' title='bbox 2921 2359 3199 2426; x_wconf 89' lang='lat' dir='ltr'><strong>sapientia,</strong></span> <span class='ocrx_word' id='word_1_625' title='bbox 3242 2363 3579 2421; x_wconf 85' lang='lat' dir='ltr'><strong>demonstra-</strong></span> 
     </span>
    </p>
   </div>
   <div class='ocr_carea' id='block_1_83' title="bbox 1986 2437 3567 2526">
    <p class='ocr_par' dir='ltr' id='par_1_83' title="bbox 1986 2437 3567 2526">
     <span class='ocr_line' id='line_1_83' title="bbox 1986 2437 3567 2526; baseline 0.015 -36"><span class='ocrx_word' id='word_1_626' title='bbox 1986 2437 2184 2491; x_wconf 90' lang='lat' dir='ltr'><strong>tionem</strong></span> <span class='ocrx_word' id='word_1_627' title='bbox 2211 2440 2325 2508; x_wconf 86' lang='lat' dir='ltr'><strong>ejns</strong></span> <span class='ocrx_word' id='word_1_628' title='bbox 2356 2442 2431 2494; x_wconf 91' lang='lat' dir='ltr'><strong>rei</strong></span> <span class='ocrx_word' id='word_1_629' title='bbox 2462 2442 2605 2496; x_wconf 89' lang='lat' dir='ltr'><strong>audi.</strong></span> <span class='ocrx_word' id='word_1_630' title='bbox 2646 2443 2876 2499; x_wconf 74' lang='lat' dir='ltr'><strong>Adduxit</strong></span> <span class='ocrx_word' id='word_1_631' title='bbox 2927 2452 2997 2501; x_wconf 82' lang='lat' dir='ltr'><strong>ad</strong></span> <span class='ocrx_word' id='word_1_632' title='bbox 3030 2465 3142 2503; x_wconf 82' lang='lat' dir='ltr'><strong>eum</strong></span> <span class='ocrx_word' id='word_1_633' title='bbox 3164 2449 3325 2521; x_wconf 82' lang='lat' dir='ltr'><strong>Deus,</strong></span> <span class='ocrx_word' id='word_1_634' title='bbox 3377 2456 3567 2526; x_wconf 88' lang='lat' dir='ltr'><strong>inquit,</strong></span> 
     </span>
    </p>
   </div>
   <div class='ocr_carea' id='block_1_84' title="bbox 1984 2528 3570 2612">
    <p class='ocr_par' dir='ltr' id='par_1_84' title="bbox 1984 2528 3570 2612">
     <span class='ocr_line' id='line_1_84' title="bbox 1984 2528 3570 2612; baseline 0.013 -31"><span class='ocrx_word' id='word_1_635' title='bbox 1984 2528 2186 2593; x_wconf 76' lang='lat' dir='ltr'><strong>bestias,</strong></span> <span class='ocrx_word' id='word_1_636' title='bbox 2215 2541 2271 2583; x_wconf 87' lang='lat' dir='ltr'><strong>ut</strong></span> <span class='ocrx_word' id='word_1_637' title='bbox 2301 2532 2484 2586; x_wconf 86' lang='lat' dir='ltr'><strong>videret</strong></span> <span class='ocrx_word' id='word_1_638' title='bbox 2509 2536 2632 2606; x_wconf 82' lang='lat' dir='ltr'><strong>quid</strong></span> <span class='ocrx_word' id='word_1_639' title='bbox 2654 2547 2850 2591; x_wconf 77' lang='lat' dir='ltr'><strong>voearet</strong></span> <span class='ocrx_word' id='word_1_640' title='bbox 2879 2555 2963 2591; x_wconf 88' lang='lat' dir='ltr'><strong>eas</strong></span> <span class='ocrx_word' id='word_1_641' title='bbox 2983 2556 3000 2603; x_wconf 93' lang='lat'><em>;</em></span> <span class='ocrx_word' id='word_1_642' title='bbox 3019 2551 3064 2594; x_wconf 88' lang='lat' dir='ltr'><strong>et</strong></span> <span class='ocrx_word' id='word_1_643' title='bbox 3088 2543 3133 2595; x_wconf 95' lang='lat' dir='ltr'><strong>si</strong></span> <span class='ocrx_word' id='word_1_644' title='bbox 3156 2545 3278 2612; x_wconf 85' lang='lat' dir='ltr'><strong>quid</strong></span> <span class='ocrx_word' id='word_1_645' title='bbox 3305 2540 3391 2599; x_wconf 85' lang='lat' dir='ltr'><strong>eas</strong></span> <span class='ocrx_word' id='word_1_646' title='bbox 3415 2565 3570 2601; x_wconf 84' lang='lat' dir='ltr'><strong>voca-</strong></span> 
     </span>
    </p>
   </div>
   <div class='ocr_carea' id='block_1_85' title="bbox 1982 2620 3573 2705">
    <p class='ocr_par' dir='ltr' id='par_1_85' title="bbox 1982 2620 3573 2705">
     <span class='ocr_line' id='line_1_85' title="bbox 1982 2620 3573 2705; baseline 0.013 -32"><span class='ocrx_word' id='word_1_647' title='bbox 1982 2621 2051 2673; x_wconf 85' lang='lat' dir='ltr'><strong>vit</strong></span> <span class='ocrx_word' id='word_1_648' title='bbox 2072 2620 2256 2686; x_wconf 81' lang='lat' dir='ltr'><strong>Adam,</strong></span> <span class='ocrx_word' id='word_1_649' title='bbox 2278 2624 2371 2675; x_wconf 79' lang='lat' dir='ltr'><strong>ltoc</strong></span> <span class='ocrx_word' id='word_1_650' title='bbox 2393 2633 2465 2678; x_wconf 82' lang='lat' dir='ltr'><strong>est</strong></span> <span class='ocrx_word' id='word_1_651' title='bbox 2494 2642 2676 2679; x_wconf 87' lang='lat' dir='ltr'><strong>nomen</strong></span> <span class='ocrx_word' id='word_1_652' title='bbox 2708 2629 2833 2696; x_wconf 85' lang='lat' dir='ltr'><strong>ipsis</strong></span> <span class='ocrx_word' id='word_1_653' title='bbox 2865 2630 2883 2699; x_wconf 91' lang='lat'><strong>(</strong></span> <span class='ocrx_word' id='word_1_654' title='bbox 2904 2628 3028 2684; x_wconf 82' lang='lat' dir='ltr'><strong>Gen.</strong></span> <span class='ocrx_word' id='word_1_655' title='bbox 3054 2632 3107 2685; x_wconf 74' lang='grc'><strong>2.</strong></span> <span class='ocrx_word' id='word_1_656' title='bbox 3138 2635 3264 2705; x_wconf 87' lang='grc'><strong>19).</strong></span> <span class='ocrx_word' id='word_1_657' title='bbox 3283 2637 3573 2694; x_wconf 71' lang='lat' dir='ltr'><strong>Considera</strong></span> 
     </span>
    </p>
   </div>
   <div class='ocr_carea' id='block_1_86' title="bbox 1983 2718 3570 2799">
    <p class='ocr_par' dir='ltr' id='par_1_86' title="bbox 1983 2718 3570 2799">
     <span class='ocr_line' id='line_1_86' title="bbox 1983 2718 3570 2799; baseline 0.013 -34"><span class='ocrx_word' id='word_1_658' title='bbox 1983 2729 2131 2782; x_wconf 89' lang='lat' dir='ltr'><strong>ergo,</strong></span> <span class='ocrx_word' id='word_1_659' title='bbox 2179 2724 2374 2783; x_wconf 88' lang='lat' dir='ltr'><strong>quanta</strong></span> <span class='ocrx_word' id='word_1_660' title='bbox 2433 2718 2691 2787; x_wconf 90' lang='lat' dir='ltr'><strong>sapientia</strong></span> <span class='ocrx_word' id='word_1_661' title='bbox 2744 2722 3046 2776; x_wconf 88' lang='lat' dir='ltr'><strong>cumulatus</strong></span> <span class='ocrx_word' id='word_1_662' title='bbox 3101 2736 3265 2793; x_wconf 89' lang='lat' dir='ltr'><strong>esset,</strong></span> <span class='ocrx_word' id='word_1_663' title='bbox 3320 2730 3408 2799; x_wconf 92' lang='lat' dir='ltr'><strong>qui</strong></span> <span class='ocrx_word' id='word_1_664' title='bbox 3462 2738 3570 2785; x_wconf 87' lang='lat' dir='ltr'><strong>tam</strong></span> 
     </span>
    </p>
   </div>
   <div class='ocr_carea' id='block_1_87' title="bbox 1982 2806 3574 2888">
    <p class='ocr_par' dir='ltr' id='par_1_87' title="bbox 1982 2806 3574 2888">
     <span class='ocr_line' id='line_1_87' title="bbox 1982 2806 3574 2888; baseline 0.013 -32"><span class='ocrx_word' id='word_1_665' title='bbox 1982 2806 2161 2858; x_wconf 91' lang='lat' dir='ltr'><strong>multis</strong></span> <span class='ocrx_word' id='word_1_666' title='bbox 2177 2807 2481 2874; x_wconf 83' lang='lat' dir='ltr'><strong>generibus,</strong></span> <span class='ocrx_word' id='word_1_667' title='bbox 2505 2819 2608 2861; x_wconf 91' lang='lat' dir='ltr'><strong>tam</strong></span> <span class='ocrx_word' id='word_1_668' title='bbox 2632 2810 2790 2862; x_wconf 90' lang='lat' dir='ltr'><strong>variis</strong></span> <span class='ocrx_word' id='word_1_669' title='bbox 2811 2812 3109 2881; x_wconf 75' lang='lat' dir='ltr'><strong>etcujusvis</strong></span> <span class='ocrx_word' id='word_1_670' title='bbox 3130 2817 3574 2888; x_wconf 85' lang='lat' dir='ltr'><strong>speciei,jtnnen-</strong></span> 
     </span>
    </p>
   </div>
   <div class='ocr_carea' id='block_1_88' title="bbox 1983 2900 3567 2981">
    <p class='ocr_par' dir='ltr' id='par_1_88' title="bbox 1983 2900 3567 2981">
     <span class='ocr_line' id='line_1_88' title="bbox 1983 2900 3567 2981; baseline 0.011 -31"><span class='ocrx_word' id='word_1_671' title='bbox 1983 2904 2178 2957; x_wconf 84' lang='lat' dir='ltr'><strong>torum,</strong></span> <span class='ocrx_word' id='word_1_672' title='bbox 2198 2900 2488 2968; x_wconf 84' lang='lat' dir='ltr'><strong>reptilinm,</strong></span> <span class='ocrx_word' id='word_1_673' title='bbox 2517 2912 2568 2954; x_wconf 91' lang='lat' dir='ltr'><strong>et</strong></span> <span class='ocrx_word' id='word_1_674' title='bbox 2586 2902 2861 2956; x_wconf 90' lang='lat' dir='ltr'><strong>volucrum</strong></span> <span class='ocrx_word' id='word_1_675' title='bbox 2889 2907 3122 2970; x_wconf 90' lang='lat' dir='ltr'><strong>nomina,</strong></span> <span class='ocrx_word' id='word_1_676' title='bbox 3140 2924 3306 2978; x_wconf 87' lang='lat' dir='ltr'><strong>eaque</strong></span> <span class='ocrx_word' id='word_1_677' title='bbox 3331 2916 3567 2981; x_wconf 89' lang='lat' dir='ltr'><strong>pr0pria,</strong></span> 
     </span>
    </p>
   </div>
   <div class='ocr_carea' id='block_1_89' title="bbox 1981 2989 3570 3073">
    <p class='ocr_par' dir='ltr' id='par_1_89' title="bbox 1981 2989 3570 3073">
     <span class='ocr_line' id='line_1_89' title="bbox 1981 2989 3570 3073; baseline 0.011 -30"><span class='ocrx_word' id='word_1_678' title='bbox 1981 2989 2258 3059; x_wconf 88' lang='lat' dir='ltr'><strong>imponere</strong></span> <span class='ocrx_word' id='word_1_679' title='bbox 2295 2992 2543 3059; x_wconf 89' lang='lat' dir='ltr'><strong>potuerit.</strong></span> <span class='ocrx_word' id='word_1_680' title='bbox 2576 2990 2664 3047; x_wconf 91' lang='lat' dir='ltr'><strong>Sic</strong></span> <span class='ocrx_word' id='word_1_681' title='bbox 2691 2994 2831 3047; x_wconf 90' lang='lat' dir='ltr'><strong>enim</strong></span> <span class='ocrx_word' id='word_1_682' title='bbox 2862 2994 2999 3049; x_wconf 88' lang='lat' dir='ltr'><strong>hanc</strong></span> <span class='ocrx_word' id='word_1_683' title='bbox 3029 3002 3305 3055; x_wconf 90' lang='lat' dir='ltr'><strong>nominum</strong></span> <span class='ocrx_word' id='word_1_684' title='bbox 3347 3004 3570 3073; x_wconf 81' lang='lat' dir='ltr'><strong>imposi-</strong></span> 
     </span>
    </p>
   </div>
   <div class='ocr_carea' id='block_1_90' title="bbox 1982 3082 3563 3165">
    <p class='ocr_par' dir='ltr' id='par_1_90' title="bbox 1982 3082 3563 3165">
     <span class='ocr_line' id='line_1_90' title="bbox 1982 3082 3563 3165; baseline 0.012 -32"><span class='ocrx_word' id='word_1_685' title='bbox 1982 3082 2180 3135; x_wconf 90' lang='lat' dir='ltr'><strong>tionem</strong></span> <span class='ocrx_word' id='word_1_686' title='bbox 2207 3083 2518 3152; x_wconf 86' lang='lat' dir='ltr'><strong>approbavit</strong></span> <span class='ocrx_word' id='word_1_687' title='bbox 2550 3085 2686 3139; x_wconf 89' lang='lat' dir='ltr'><strong>Dens</strong></span> <span class='ocrx_word' id='word_1_688' title='bbox 2708 3127 2722 3151; x_wconf 98' lang='lat'><strong>,</strong></span> <span class='ocrx_word' id='word_1_689' title='bbox 2764 3094 2821 3138; x_wconf 91' lang='lat' dir='ltr'><strong>ut</strong></span> <span class='ocrx_word' id='word_1_690' title='bbox 2860 3103 2963 3141; x_wconf 93' lang='lat' dir='ltr'><strong>non</strong></span> <span class='ocrx_word' id='word_1_691' title='bbox 2986 3091 3212 3158; x_wconf 87' lang='lat' dir='ltr'><strong>amplius</strong></span> <span class='ocrx_word' id='word_1_692' title='bbox 3234 3094 3350 3149; x_wconf 88' lang='lat' dir='ltr'><strong>illas</strong></span> <span class='ocrx_word' id='word_1_693' title='bbox 3381 3100 3563 3165; x_wconf 69' lang='lat' dir='ltr'><strong>appel-</strong></span> 
     </span>
    </p>
   </div>
   <div class='ocr_carea' id='block_1_91' title="bbox 1981 3172 3559 3250">
    <p class='ocr_par' dir='ltr' id='par_1_91' title="bbox 1981 3172 3559 3250">
     <span class='ocr_line' id='line_1_91' title="bbox 1981 3172 3559 3250; baseline 0.011 -25"><span class='ocrx_word' id='word_1_694' title='bbox 1981 3172 2207 3227; x_wconf 87' lang='lat' dir='ltr'><strong>lationes</strong></span> <span class='ocrx_word' id='word_1_695' title='bbox 2263 3177 2498 3237; x_wconf 80' lang='lat' dir='ltr'><strong>inutarit,</strong></span> <span class='ocrx_word' id='word_1_696' title='bbox 2529 3192 2700 3245; x_wconf 89' lang='lat' dir='ltr'><strong>neque</strong></span> <span class='ocrx_word' id='word_1_697' title='bbox 2727 3194 2845 3233; x_wconf 77' lang='lat' dir='ltr'><strong>euzn</strong></span> <span class='ocrx_word' id='word_1_698' title='bbox 2876 3180 2961 3234; x_wconf 90' lang='lat' dir='ltr'><strong>ille</strong></span> <span class='ocrx_word' id='word_1_699' title='bbox 2990 3194 3300 3250; x_wconf 84' lang='lat' dir='ltr'><strong>peccasset,</strong></span> <span class='ocrx_word' id='word_1_700' title='bbox 3333 3189 3559 3243; x_wconf 85' lang='lat' dir='ltr'><strong>voluerit</strong></span> 
     </span>
    </p>
   </div>
   <div class='ocr_carea' id='block_1_92' title="bbox 1980 3265 3573 3346">
    <p class='ocr_par' dir='ltr' id='par_1_92' title="bbox 1980 3265 3573 3346">
     <span class='ocr_line' id='line_1_92' title="bbox 1980 3265 3573 3346; baseline 0.011 -28"><span class='ocrx_word' id='word_1_701' title='bbox 1980 3279 2072 3319; x_wconf 90' lang='lat' dir='ltr'><strong>eas</strong></span> <span class='ocrx_word' id='word_1_702' title='bbox 2121 3284 2151 3318; x_wconf 87' lang='lat' dir='ltr'><strong>e</strong></span> <span class='ocrx_word' id='word_1_703' title='bbox 2198 3265 2372 3319; x_wconf 87' lang='lat' dir='ltr'><strong>medio</strong></span> <span class='ocrx_word' id='word_1_704' title='bbox 2401 3266 2584 3321; x_wconf 89' lang='lat' dir='ltr'><strong>tollere</strong></span> <span class='ocrx_word' id='word_1_705' title='bbox 2612 3285 2624 3322; x_wconf 93' lang='lat'><strong>:</strong></span> <span class='ocrx_word' id='word_1_706' title='bbox 2661 3268 2822 3323; x_wconf 80' lang='lat' dir='ltr'><strong>Omne</strong></span> <span class='ocrx_word' id='word_1_707' title='bbox 2847 3272 3009 3336; x_wconf 88' lang='lat' dir='ltr'><strong>enim,</strong></span> <span class='ocrx_word' id='word_1_708' title='bbox 3052 3273 3240 3344; x_wconf 91' lang='lat' dir='ltr'><strong>inquit,</strong></span> <span class='ocrx_word' id='word_1_709' title='bbox 3265 3279 3399 3346; x_wconf 78' lang='lat' dir='ltr'><strong>quod</strong></span> <span class='ocrx_word' id='word_1_710' title='bbox 3427 3298 3573 3334; x_wconf 83' lang='lat' dir='ltr'><strong>voca-</strong></span> 
     </span>
    </p>
   </div>
   <div class='ocr_carea' id='block_1_93' title="bbox 1980 3359 2938 3432">
    <p class='ocr_par' dir='ltr' id='par_1_93' title="bbox 1980 3359 2938 3432">
     <span class='ocr_line' id='line_1_93' title="bbox 1980 3359 2938 3432; baseline 0.009 -21"><span class='ocrx_word' id='word_1_711' title='bbox 1980 3360 2047 3411; x_wconf 87' lang='lat' dir='ltr'><strong>vit</strong></span> <span class='ocrx_word' id='word_1_712' title='bbox 2077 3375 2137 3412; x_wconf 90' lang='lat' dir='ltr'><strong>ea</strong></span> <span class='ocrx_word' id='word_1_713' title='bbox 2156 3359 2340 3425; x_wconf 84' lang='lat' dir='ltr'><strong>Adam,</strong></span> <span class='ocrx_word' id='word_1_714' title='bbox 2375 3360 2468 3413; x_wconf 85' lang='lat' dir='ltr'><strong>hoc</strong></span> <span class='ocrx_word' id='word_1_715' title='bbox 2497 3372 2565 3415; x_wconf 86' lang='lat' dir='ltr'><strong>est</strong></span> <span class='ocrx_word' id='word_1_716' title='bbox 2585 3377 2764 3415; x_wconf 83' lang='lat' dir='ltr'><strong>nomen</strong></span> <span class='ocrx_word' id='word_1_717' title='bbox 2794 3364 2938 3432; x_wconf 84' lang='lat' dir='ltr'><strong>ipsis.</strong></span> 
     </span>
    </p>
   </div>
   <div class='ocr_carea' id='block_1_94' title="bbox 2050 3450 3566 3531">
    <p class='ocr_par' dir='ltr' id='par_1_94' title="bbox 2050 3450 3566 3531">
     <span class='ocr_line' id='line_1_94' title="bbox 2050 3450 3566 3531; baseline 0.013 -27"><span class='ocrx_word' id='word_1_718' title='bbox 2050 3450 2106 3504; x_wconf 75' lang='grc'><strong>2.</strong></span> <span class='ocrx_word' id='word_1_719' title='bbox 2130 3453 2210 3504; x_wconf 86' lang='lat' dir='ltr'><strong>An</strong></span> <span class='ocrx_word' id='word_1_720' title='bbox 2244 3453 2402 3521; x_wconf 85' lang='lat' dir='ltr'><strong>igitur</strong></span> <span class='ocrx_word' id='word_1_721' title='bbox 2432 3454 2549 3518; x_wconf 89' lang='lat' dir='ltr'><strong>iste,</strong></span> <span class='ocrx_word' id='word_1_722' title='bbox 2580 3456 2703 3524; x_wconf 92' lang='lat' dir='ltr'><strong>quid</strong></span> <span class='ocrx_word' id='word_1_723' title='bbox 2734 3456 2926 3510; x_wconf 89' lang='lat' dir='ltr'><strong>bonum</strong></span> <span class='ocrx_word' id='word_1_724' title='bbox 2955 3468 3115 3525; x_wconf 85' lang='lat' dir='ltr'><strong>esset,</strong></span> <span class='ocrx_word' id='word_1_725' title='bbox 3150 3461 3344 3531; x_wconf 79' lang='lat' dir='ltr'><strong>quidve</strong></span> <span class='ocrx_word' id='word_1_726' title='bbox 3371 3467 3566 3523; x_wconf 91' lang='lat' dir='ltr'><strong>malum</strong></span> 
     </span>
    </p>
   </div>
   <div class='ocr_carea' id='block_1_95' title="bbox 1978 3540 3571 3615">
    <p class='ocr_par' dir='ltr' id='par_1_95' title="bbox 1978 3540 3571 3615">
     <span class='ocr_line' id='line_1_95' title="bbox 1978 3540 3571 3615; baseline 0.013 -22"><span class='ocrx_word' id='word_1_727' title='bbox 1978 3540 2296 3611; x_wconf 83' lang='lat' dir='ltr'><strong>ignorabat?</strong></span> <span class='ocrx_word' id='word_1_728' title='bbox 2343 3542 2439 3597; x_wconf 88' lang='lat' dir='ltr'><strong>Cui</strong></span> <span class='ocrx_word' id='word_1_729' title='bbox 2471 3560 2597 3598; x_wconf 87' lang='lat' dir='ltr'><strong>vero</strong></span> <span class='ocrx_word' id='word_1_730' title='bbox 2645 3546 2693 3598; x_wconf 94' lang='lat' dir='ltr'><strong>id</strong></span> <span class='ocrx_word' id='word_1_731' title='bbox 2727 3547 2997 3615; x_wconf 87' lang='lat' dir='ltr'><strong>probabile</strong></span> <span class='ocrx_word' id='word_1_732' title='bbox 3038 3551 3322 3607; x_wconf 81' lang='lat' dir='ltr'><strong>videatur?</strong></span> <span class='ocrx_word' id='word_1_733' title='bbox 3368 3555 3571 3613; x_wconf 70' lang='lat' dir='ltr'><strong>l‘tursus</strong></span> 
     </span>
    </p>
   </div>
   <div class='ocr_carea' id='block_1_96' title="bbox 1980 3636 3567 3706">
    <p class='ocr_par' dir='ltr' id='par_1_96' title="bbox 1980 3636 3567 3706">
     <span class='ocr_line' id='line_1_96' title="bbox 1980 3636 3567 3706; baseline 0.009 -17"><span class='ocrx_word' id='word_1_734' title='bbox 1980 3636 2257 3690; x_wconf 88' lang='lat' dir='ltr'><strong>mulierem</strong></span> <span class='ocrx_word' id='word_1_735' title='bbox 2284 3637 2348 3689; x_wconf 90' lang='lat' dir='ltr'><strong>ad</strong></span> <span class='ocrx_word' id='word_1_736' title='bbox 2380 3636 2551 3706; x_wconf 89' lang='lat' dir='ltr'><strong>ipsum</strong></span> <span class='ocrx_word' id='word_1_737' title='bbox 2583 3638 2818 3702; x_wconf 86' lang='lat' dir='ltr'><strong>adduxit,</strong></span> <span class='ocrx_word' id='word_1_738' title='bbox 2851 3652 2904 3694; x_wconf 89' lang='lat' dir='ltr'><strong>et</strong></span> <span class='ocrx_word' id='word_1_739' title='bbox 2932 3656 2993 3694; x_wconf 86' lang='lat' dir='ltr'><strong>ea</strong></span> <span class='ocrx_word' id='word_1_740' title='bbox 3025 3643 3133 3696; x_wconf 83' lang='lat' dir='ltr'><strong>visa</strong></span> <span class='ocrx_word' id='word_1_741' title='bbox 3160 3646 3439 3702; x_wconf 88' lang='lat' dir='ltr'><strong>confestim</strong></span> <span class='ocrx_word' id='word_1_742' title='bbox 3469 3665 3567 3703; x_wconf 89' lang='lat' dir='ltr'><strong>na-</strong></span> 
     </span>
    </p>
   </div>
   <div class='ocr_carea' id='block_1_97' title="bbox 1981 3730 3569 3800">
    <p class='ocr_par' dir='ltr' id='par_1_97' title="bbox 1981 3730 3569 3800">
     <span class='ocr_line' id='line_1_97' title="bbox 1981 3730 3569 3800; baseline 0.008 -20"><span class='ocrx_word' id='word_1_743' title='bbox 1981 3736 2111 3785; x_wconf 65' lang='lat' dir='ltr'><strong>tura:</strong></span> <span class='ocrx_word' id='word_1_744' title='bbox 2155 3738 2459 3781; x_wconf 90' lang='lat' dir='ltr'><strong>consortem</strong></span> <span class='ocrx_word' id='word_1_745' title='bbox 2511 3730 2744 3797; x_wconf 83' lang='lat' dir='ltr'><strong>agnovit.</strong></span> <span class='ocrx_word' id='word_1_746' title='bbox 2802 3730 2869 3784; x_wconf 88' lang='lat' dir='ltr'><strong>Et</strong></span> <span class='ocrx_word' id='word_1_747' title='bbox 2912 3732 3037 3800; x_wconf 88' lang='lat' dir='ltr'><strong>quid</strong></span> <span class='ocrx_word' id='word_1_748' title='bbox 3068 3734 3183 3787; x_wconf 88' lang='lat' dir='ltr'><strong>ait?</strong></span> <span class='ocrx_word' id='word_1_749' title='bbox 3212 3735 3324 3789; x_wconf 83' lang='lat' dir='ltr'><strong>Iloc</strong></span> <span class='ocrx_word' id='word_1_750' title='bbox 3353 3755 3485 3791; x_wconf 85' lang='lat' dir='ltr'><strong>nunc</strong></span> <span class='ocrx_word' id='word_1_751' title='bbox 3514 3758 3569 3794; x_wconf 84' lang='lat' dir='ltr'><strong>os</strong></span> 
     </span>
    </p>
   </div>
   <div class='ocr_carea' id='block_1_98' title="bbox 1976 3820 3562 3901">
    <p class='ocr_par' dir='ltr' id='par_1_98' title="bbox 1976 3820 3562 3901">
     <span class='ocr_line' id='line_1_98' title="bbox 1976 3820 3562 3901; baseline 0.009 -28"><span class='ocrx_word' id='word_1_752' title='bbox 1976 3837 2039 3873; x_wconf 77' lang='lat' dir='ltr'><strong>ea:</strong></span> <span class='ocrx_word' id='word_1_753' title='bbox 2090 3820 2281 3874; x_wconf 88' lang='lat' dir='ltr'><strong>ossibus</strong></span> <span class='ocrx_word' id='word_1_754' title='bbox 2333 3822 2476 3885; x_wconf 84' lang='lat' dir='ltr'><strong>meis,</strong></span> <span class='ocrx_word' id='word_1_755' title='bbox 2528 3832 2575 3875; x_wconf 89' lang='lat' dir='ltr'><strong>et</strong></span> <span class='ocrx_word' id='word_1_756' title='bbox 2617 3839 2737 3876; x_wconf 82' lang='lat' dir='ltr'><strong>caro</strong></span> <span class='ocrx_word' id='word_1_757' title='bbox 2768 3823 2830 3876; x_wconf 84' lang='lat' dir='ltr'><strong>de</strong></span> <span class='ocrx_word' id='word_1_758' title='bbox 2854 3841 3003 3878; x_wconf 85' lang='lat' dir='ltr'><strong>carne</strong></span> <span class='ocrx_word' id='word_1_759' title='bbox 3023 3842 3133 3879; x_wconf 87' lang='lat' dir='ltr'><strong>mea</strong></span> <span class='ocrx_word' id='word_1_760' title='bbox 3161 3826 3322 3897; x_wconf 85' lang='lat' dir='ltr'><strong>(Ibid.</strong></span> <span class='ocrx_word' id='word_1_761' title='bbox 3354 3846 3399 3882; x_wconf 92' lang='lat' dir='ltr'><strong>v.</strong></span> <span class='ocrx_word' id='word_1_762' title='bbox 3428 3831 3499 3885; x_wconf 76' lang='grc'><strong>25</strong></span> <span class='ocrx_word' id='word_1_763' title='bbox 3518 3833 3562 3901; x_wconf 92' lang='grc'><strong>).</strong></span> 
     </span>
    </p>
   </div>
   <div class='ocr_carea' id='block_1_99' title="bbox 1975 3912 3564 3983">
    <p class='ocr_par' dir='ltr' id='par_1_99' title="bbox 1975 3912 3564 3983">
     <span class='ocr_line' id='line_1_99' title="bbox 1975 3912 3564 3983; baseline 0.007 -15"><span class='ocrx_word' id='word_1_764' title='bbox 1975 3912 2106 3968; x_wconf 92' lang='lat' dir='ltr'><strong>Cum</strong></span> <span class='ocrx_word' id='word_1_765' title='bbox 2149 3915 2290 3969; x_wconf 90' lang='lat' dir='ltr'><strong>enim</strong></span> <span class='ocrx_word' id='word_1_766' title='bbox 2341 3915 2498 3983; x_wconf 87' lang='lat' dir='ltr'><strong>paulo</strong></span> <span class='ocrx_word' id='word_1_767' title='bbox 2543 3926 2668 3970; x_wconf 88' lang='lat' dir='ltr'><strong>ante</strong></span> <span class='ocrx_word' id='word_1_768' title='bbox 2711 3917 2847 3970; x_wconf 88' lang='lat' dir='ltr'><strong>Deus</strong></span> <span class='ocrx_word' id='word_1_769' title='bbox 2872 3918 2936 3971; x_wconf 92' lang='lat' dir='ltr'><strong>ad</strong></span> <span class='ocrx_word' id='word_1_770' title='bbox 2964 3934 3084 3973; x_wconf 90' lang='lat' dir='ltr'><strong>eum</strong></span> <span class='ocrx_word' id='word_1_771' title='bbox 3103 3933 3292 3976; x_wconf 92' lang='lat' dir='ltr'><strong>cuncta</strong></span> <span class='ocrx_word' id='word_1_772' title='bbox 3317 3925 3564 3980; x_wconf 89' lang='lat' dir='ltr'><strong>animalia</strong></span> 
     </span>
    </p>
   </div>
   <div class='ocr_carea' id='block_1_100' title="bbox 1974 4006 3564 4084">
    <p class='ocr_par' dir='ltr' id='par_1_100' title="bbox 1974 4006 3564 4084">
     <span class='ocr_line' id='line_1_100' title="bbox 1974 4006 3564 4084; baseline 0.009 -27"><span class='ocrx_word' id='word_1_773' title='bbox 1974 4006 2301 4071; x_wconf 81' lang='lat' dir='ltr'><strong>adduxisset,</strong></span> <span class='ocrx_word' id='word_1_774' title='bbox 2359 4006 2643 4060; x_wconf 80' lang='lat' dir='ltr'><strong>ostendere</strong></span> <span class='ocrx_word' id='word_1_775' title='bbox 2676 4009 2861 4062; x_wconf 83' lang='lat' dir='ltr'><strong>volens</strong></span> <span class='ocrx_word' id='word_1_776' title='bbox 2909 4010 3077 4064; x_wconf 80' lang='lat' dir='ltr'><strong>Adam</strong></span> <span class='ocrx_word' id='word_1_777' title='bbox 3117 4028 3222 4065; x_wconf 90' lang='lat' dir='ltr'><strong>non</strong></span> <span class='ocrx_word' id='word_1_778' title='bbox 3261 4013 3473 4084; x_wconf 88' lang='lat' dir='ltr'><strong>aliquod</strong></span> <span class='ocrx_word' id='word_1_779' title='bbox 3501 4032 3564 4071; x_wconf 81' lang='lat' dir='ltr'><strong>ex</strong></span> 
     </span>
    </p>
   </div>
   <div class='ocr_carea' id='block_1_101' title="bbox 1975 4100 3566 4167">
    <p class='ocr_par' dir='ltr' id='par_1_101' title="bbox 1975 4100 3566 4167">
     <span class='ocr_line' id='line_1_101' title="bbox 1975 4100 3566 4167; baseline 0.006 -14"><span class='ocrx_word' id='word_1_780' title='bbox 1975 4100 2186 4154; x_wconf 71' lang='lat' dir='ltr'><strong>caneris</strong></span> <span class='ocrx_word' id='word_1_781' title='bbox 2213 4115 2332 4154; x_wconf 90' lang='lat' dir='ltr'><strong>esse</strong></span> <span class='ocrx_word' id='word_1_782' title='bbox 2361 4100 2462 4154; x_wconf 93' lang='lat' dir='ltr'><strong>hoc</strong></span> <span class='ocrx_word' id='word_1_783' title='bbox 2490 4101 2705 4167; x_wconf 91' lang='lat' dir='ltr'><strong>animal,</strong></span> <span class='ocrx_word' id='word_1_784' title='bbox 2733 4101 2865 4155; x_wconf 88' lang='lat' dir='ltr'><strong>dixit</strong></span> <span class='ocrx_word' id='word_1_785' title='bbox 2899 4121 2913 4157; x_wconf 94' lang='lat'>:</span> <span class='ocrx_word' id='word_1_786' title='bbox 2940 4101 3052 4156; x_wconf 85' lang='lat' dir='ltr'><strong>Hoc</strong></span> <span class='ocrx_word' id='word_1_787' title='bbox 3078 4120 3212 4158; x_wconf 85' lang='lat' dir='ltr'><strong>nunc</strong></span> <span class='ocrx_word' id='word_1_788' title='bbox 3251 4122 3305 4158; x_wconf 83' lang='lat' dir='ltr'><strong>os</strong></span> <span class='ocrx_word' id='word_1_789' title='bbox 3335 4124 3397 4160; x_wconf 74' lang='lat' dir='ltr'><strong>ex</strong></span> <span class='ocrx_word' id='word_1_790' title='bbox 3435 4109 3566 4162; x_wconf 85' lang='lat' dir='ltr'><strong>ossi-</strong></span> 
     </span>
    </p>
   </div>
   <div class='ocr_carea' id='block_1_102' title="bbox 1973 4190 3563 4264">
    <p class='ocr_par' dir='ltr' id='par_1_102' title="bbox 1973 4190 3563 4264">
     <span class='ocr_line' id='line_1_102' title="bbox 1973 4190 3563 4264; baseline 0.006 -20"><span class='ocrx_word' id='word_1_791' title='bbox 1973 4190 2064 4245; x_wconf 84' lang='lat' dir='ltr'><strong>bus</strong></span> <span class='ocrx_word' id='word_1_792' title='bbox 2088 4192 2231 4253; x_wconf 88' lang='lat' dir='ltr'><strong>meis,</strong></span> <span class='ocrx_word' id='word_1_793' title='bbox 2255 4201 2300 4244; x_wconf 88' lang='lat' dir='ltr'><strong>et</strong></span> <span class='ocrx_word' id='word_1_794' title='bbox 2326 4208 2443 4245; x_wconf 89' lang='lat' dir='ltr'><strong>caro</strong></span> <span class='ocrx_word' id='word_1_795' title='bbox 2488 4192 2552 4245; x_wconf 88' lang='lat' dir='ltr'><strong>de</strong></span> <span class='ocrx_word' id='word_1_796' title='bbox 2594 4209 2743 4246; x_wconf 84' lang='lat' dir='ltr'><strong>carne</strong></span> <span class='ocrx_word' id='word_1_797' title='bbox 2770 4210 2900 4247; x_wconf 87' lang='lat' dir='ltr'><strong>mea.</strong></span> <span class='ocrx_word' id='word_1_798' title='bbox 2928 4194 3176 4249; x_wconf 89' lang='lat' dir='ltr'><strong>Nonnulli</strong></span> <span class='ocrx_word' id='word_1_799' title='bbox 3204 4213 3330 4252; x_wconf 90' lang='lat' dir='ltr'><strong>vero</strong></span> <span class='ocrx_word' id='word_1_800' title='bbox 3359 4199 3563 4264; x_wconf 85' lang='lat' dir='ltr'><strong>dicunt,</strong></span> 
     </span>
    </p>
   </div>
   <div class='ocr_carea' id='block_1_103' title="bbox 1973 4283 3565 4350">
    <p class='ocr_par' dir='ltr' id='par_1_103' title="bbox 1973 4283 3565 4350">
     <span class='ocr_line' id='line_1_103' title="bbox 1973 4283 3565 4350; baseline 0.006 -14"><span class='ocrx_word' id='word_1_801' title='bbox 1973 4298 2078 4336; x_wconf 88' lang='lat' dir='ltr'><strong>non</strong></span> <span class='ocrx_word' id='word_1_802' title='bbox 2104 4283 2153 4337; x_wconf 92' lang='lat' dir='ltr'><strong>id</strong></span> <span class='ocrx_word' id='word_1_803' title='bbox 2184 4284 2353 4336; x_wconf 89' lang='lat' dir='ltr'><strong>solum</strong></span> <span class='ocrx_word' id='word_1_804' title='bbox 2384 4300 2504 4337; x_wconf 91' lang='lat' dir='ltr'><strong>eum</strong></span> <span class='ocrx_word' id='word_1_805' title='bbox 2550 4285 2788 4350; x_wconf 86' lang='lat' dir='ltr'><strong>innuere,</strong></span> <span class='ocrx_word' id='word_1_806' title='bbox 2818 4285 2910 4339; x_wconf 89' lang='lat' dir='ltr'><strong>sed</strong></span> <span class='ocrx_word' id='word_1_807' title='bbox 2952 4288 3109 4340; x_wconf 87' lang='lat' dir='ltr'><strong>etiam</strong></span> <span class='ocrx_word' id='word_1_808' title='bbox 3139 4291 3424 4344; x_wconf 87' lang='lat' dir='ltr'><strong>creationis</strong></span> <span class='ocrx_word' id='word_1_809' title='bbox 3447 4309 3565 4345; x_wconf 88' lang='lat' dir='ltr'><strong>mo-</strong></span> 
     </span>
    </p>
   </div>
   <div class='ocr_carea' id='block_1_104' title="bbox 1973 4374 3563 4447">
    <p class='ocr_par' dir='ltr' id='par_1_104' title="bbox 1973 4374 3563 4447">
     <span class='ocr_line' id='line_1_104' title="bbox 1973 4374 3563 4447; baseline 0.005 -19"><span class='ocrx_word' id='word_1_810' title='bbox 1973 4374 2121 4441; x_wconf 92' lang='lat' dir='ltr'><strong>dum,</strong></span> <span class='ocrx_word' id='word_1_811' title='bbox 2146 4391 2317 4445; x_wconf 89' lang='lat' dir='ltr'><strong>neque</strong></span> <span class='ocrx_word' id='word_1_812' title='bbox 2340 4374 2453 4429; x_wconf 88' lang='lat' dir='ltr'><strong>fore</strong></span> <span class='ocrx_word' id='word_1_813' title='bbox 2475 4384 2530 4429; x_wconf 90' lang='lat' dir='ltr'><strong>ut</strong></span> <span class='ocrx_word' id='word_1_814' title='bbox 2553 4391 2736 4429; x_wconf 91' lang='lat' dir='ltr'><strong>rursus</strong></span> <span class='ocrx_word' id='word_1_815' title='bbox 2759 4377 2949 4431; x_wconf 89' lang='lat' dir='ltr'><strong>mulier</strong></span> <span class='ocrx_word' id='word_1_816' title='bbox 2974 4393 3035 4431; x_wconf 90' lang='lat' dir='ltr'><strong>ea</strong></span> <span class='ocrx_word' id='word_1_817' title='bbox 3065 4380 3267 4434; x_wconf 89' lang='lat' dir='ltr'><strong>ratione</strong></span> <span class='ocrx_word' id='word_1_818' title='bbox 3294 4393 3563 4447; x_wconf 90' lang='lat' dir='ltr'><strong>nascatur,</strong></span> 
     </span>
    </p>
   </div>
   <div class='ocr_carea' id='block_1_105' title="bbox 1972 4465 3564 4537">
    <p class='ocr_par' dir='ltr' id='par_1_105' title="bbox 1972 4465 3564 4537">
     <span class='ocr_line' id='line_1_105' title="bbox 1972 4465 3564 4537; baseline 0.004 -17"><span class='ocrx_word' id='word_1_819' title='bbox 1972 4477 2254 4537; x_wconf 86' lang='lat' dir='ltr'><strong>propterea</strong></span> <span class='ocrx_word' id='word_1_820' title='bbox 2299 4467 2518 4531; x_wconf 85' lang='lat' dir='ltr'><strong>dixisse,</strong></span> <span class='ocrx_word' id='word_1_821' title='bbox 2556 4465 2666 4519; x_wconf 83' lang='lat' dir='ltr'><strong>Hoc</strong></span> <span class='ocrx_word' id='word_1_822' title='bbox 2695 4484 2846 4531; x_wconf 85' lang='lat' dir='ltr'><strong>nunc,</strong></span> <span class='ocrx_word' id='word_1_823' title='bbox 2893 4468 3031 4537; x_wconf 92' lang='lat' dir='ltr'><strong>quod</strong></span> <span class='ocrx_word' id='word_1_824' title='bbox 3074 4469 3254 4535; x_wconf 52' lang='lat' dir='ltr'><strong>utique</strong></span> <span class='ocrx_word' id='word_1_825' title='bbox 3298 4472 3433 4527; x_wconf 85' lang='lat' dir='ltr'><strong>alius</strong></span> <span class='ocrx_word' id='word_1_826' title='bbox 3480 4473 3564 4527; x_wconf 81' lang='lat' dir='ltr'><strong>in-</strong></span> 
     </span>
    </p>
   </div>
   <div class='ocr_carea' id='block_1_106' title="bbox 1971 4560 3551 4634">
    <p class='ocr_par' dir='ltr' id='par_1_106' title="bbox 1971 4560 3551 4634">
     <span class='ocr_line' id='line_1_106' title="bbox 1971 4560 3551 4634; baseline 0.001 -19"><span class='ocrx_word' id='word_1_827' title='bbox 1971 4570 2177 4631; x_wconf 86' lang='lat' dir='ltr'><strong>terpres</strong></span> <span class='ocrx_word' id='word_1_828' title='bbox 2221 4562 2518 4614; x_wconf 79' lang='lat' dir='ltr'><strong>accuratius</strong></span> <span class='ocrx_word' id='word_1_829' title='bbox 2546 4560 2901 4628; x_wconf 88' lang='lat' dir='ltr'><strong>interpretans</strong></span> <span class='ocrx_word' id='word_1_830' title='bbox 2922 4561 3075 4625; x_wconf 88' lang='lat' dir='ltr'><strong>dixit,</strong></span> <span class='ocrx_word' id='word_1_831' title='bbox 3110 4561 3220 4615; x_wconf 81' lang='lat' dir='ltr'><strong>Hoc</strong></span> <span class='ocrx_word' id='word_1_832' title='bbox 3248 4566 3402 4618; x_wconf 81' lang='lat' dir='ltr'><strong>semel</strong></span> <span class='ocrx_word' id='word_1_833' title='bbox 3431 4565 3507 4634; x_wconf 82' lang='grc' dir='ltr'><strong>(α)</strong></span> <span class='ocrx_word' id='word_1_834' title='bbox 3535 4607 3551 4633; x_wconf 84' lang='grc'><em>,</em></span> 
     </span>
    </p>
   </div>
   <div class='ocr_carea' id='block_1_107' title="bbox 1969 4652 3551 4724">
    <p class='ocr_par' dir='ltr' id='par_1_107' title="bbox 1969 4652 3551 4724">
     <span class='ocr_line' id='line_1_107' title="bbox 1969 4652 3551 4724; baseline 0.006 -19"><span class='ocrx_word' id='word_1_835' title='bbox 1969 4655 2118 4724; x_wconf 85' lang='lat' dir='ltr'><strong>quasi</strong></span> <span class='ocrx_word' id='word_1_836' title='bbox 2145 4652 2369 4718; x_wconf 89' lang='lat' dir='ltr'><strong>diceret,</strong></span> <span class='ocrx_word' id='word_1_837' title='bbox 2396 4652 2546 4706; x_wconf 87' lang='lat' dir='ltr'><strong>Nunc</strong></span> <span class='ocrx_word' id='word_1_838' title='bbox 2574 4661 2775 4705; x_wconf 90' lang='lat' dir='ltr'><strong>tantum</strong></span> <span class='ocrx_word' id='word_1_839' title='bbox 2806 4654 2994 4707; x_wconf 85' lang='lat' dir='ltr'><strong>mulier</strong></span> <span class='ocrx_word' id='word_1_840' title='bbox 3040 4672 3103 4708; x_wconf 82' lang='lat' dir='ltr'><strong>ex</strong></span> <span class='ocrx_word' id='word_1_841' title='bbox 3136 4657 3250 4709; x_wconf 92' lang='lat' dir='ltr'><strong>solo</strong></span> <span class='ocrx_word' id='word_1_842' title='bbox 3277 4658 3389 4710; x_wconf 88' lang='lat' dir='ltr'><strong>viro</strong></span> <span class='ocrx_word' id='word_1_843' title='bbox 3420 4660 3551 4714; x_wconf 81' lang='lat' dir='ltr'><strong>facta</strong></span> 
     </span>
    </p>
   </div>
   <div class='ocr_carea' id='block_1_108' title="bbox 1969 4742 3557 4817">
    <p class='ocr_par' dir='ltr' id='par_1_108' title="bbox 1969 4742 3557 4817">
     <span class='ocr_line' id='line_1_108' title="bbox 1969 4742 3557 4817; baseline 0.004 -19"><span class='ocrx_word' id='word_1_844' title='bbox 1969 4754 2089 4809; x_wconf 90' lang='lat' dir='ltr'><strong>est,</strong></span> <span class='ocrx_word' id='word_1_845' title='bbox 2143 4742 2364 4813; x_wconf 86' lang='lat' dir='ltr'><strong>posthac</strong></span> <span class='ocrx_word' id='word_1_846' title='bbox 2409 4752 2585 4795; x_wconf 89' lang='lat' dir='ltr'><strong>autem</strong></span> <span class='ocrx_word' id='word_1_847' title='bbox 2629 4758 2734 4796; x_wconf 91' lang='lat' dir='ltr'><strong>non</strong></span> <span class='ocrx_word' id='word_1_848' title='bbox 2780 4743 2857 4796; x_wconf 92' lang='lat' dir='ltr'><strong>sic</strong></span> <span class='ocrx_word' id='word_1_849' title='bbox 2897 4744 3020 4811; x_wconf 87' lang='lat' dir='ltr'><strong>erit,</strong></span> <span class='ocrx_word' id='word_1_850' title='bbox 3065 4746 3157 4798; x_wconf 90' lang='lat' dir='ltr'><strong>scd</strong></span> <span class='ocrx_word' id='word_1_851' title='bbox 3188 4762 3253 4800; x_wconf 82' lang='lat' dir='ltr'><strong>ex</strong></span> <span class='ocrx_word' id='word_1_852' title='bbox 3285 4750 3557 4817; x_wconf 65' lang='lat' dir='ltr'><strong>utrisque:</strong></span> 
     </span>
    </p>
   </div>
   <div class='ocr_carea' id='block_1_109' title="bbox 1971 4836 3561 4910">
    <p class='ocr_par' dir='ltr' id='par_1_109' title="bbox 1971 4836 3561 4910">
     <span class='ocr_line' id='line_1_109' title="bbox 1971 4836 3561 4910; baseline 0.003 -18"><span class='ocrx_word' id='word_1_853' title='bbox 1971 4838 2042 4892; x_wconf 82' lang='lat' dir='ltr'><strong>Os</strong></span> <span class='ocrx_word' id='word_1_854' title='bbox 2064 4854 2128 4891; x_wconf 82' lang='lat' dir='ltr'><strong>ea:</strong></span> <span class='ocrx_word' id='word_1_855' title='bbox 2147 4836 2337 4891; x_wconf 88' lang='lat' dir='ltr'><strong>ossibus</strong></span> <span class='ocrx_word' id='word_1_856' title='bbox 2363 4837 2501 4898; x_wconf 89' lang='lat' dir='ltr'><strong>meis,</strong></span> <span class='ocrx_word' id='word_1_857' title='bbox 2526 4846 2571 4889; x_wconf 86' lang='lat' dir='ltr'><strong>et</strong></span> <span class='ocrx_word' id='word_1_858' title='bbox 2594 4852 2710 4890; x_wconf 83' lang='lat' dir='ltr'><strong>caro</strong></span> <span class='ocrx_word' id='word_1_859' title='bbox 2732 4836 2795 4890; x_wconf 85' lang='lat' dir='ltr'><strong>de</strong></span> <span class='ocrx_word' id='word_1_860' title='bbox 2808 4854 2959 4892; x_wconf 82' lang='lat' dir='ltr'><strong>carne</strong></span> <span class='ocrx_word' id='word_1_861' title='bbox 2982 4854 3108 4892; x_wconf 89' lang='lat' dir='ltr'><strong>mea.</strong></span> <span class='ocrx_word' id='word_1_862' title='bbox 3137 4839 3264 4892; x_wconf 82' lang='lat' dir='ltr'><strong>Nam</strong></span> <span class='ocrx_word' id='word_1_863' title='bbox 3287 4853 3561 4910; x_wconf 89' lang='lat' dir='ltr'><strong>assumpto</strong></span> 
     </span>
    </p>
   </div>
   <div class='ocr_carea' id='block_1_110' title="bbox 1969 4929 3554 4999">
    <p class='ocr_par' dir='ltr' id='par_1_110' title="bbox 1969 4929 3554 4999">
     <span class='ocr_line' id='line_1_110' title="bbox 1969 4929 3554 4999; baseline 0.002 -13"><span class='ocrx_word' id='word_1_864' title='bbox 1969 4946 2031 4986; x_wconf 87' lang='lat' dir='ltr'><strong>ex</strong></span> <span class='ocrx_word' id='word_1_865' title='bbox 2056 4940 2162 4984; x_wconf 79' lang='lat' dir='ltr'><strong>tata</strong></span> <span class='ocrx_word' id='word_1_866' title='bbox 2186 4944 2358 4983; x_wconf 88' lang='lat' dir='ltr'><strong>massa</strong></span> <span class='ocrx_word' id='word_1_867' title='bbox 2391 4929 2688 4999; x_wconf 87' lang='lat' dir='ltr'><strong>fragmento</strong></span> <span class='ocrx_word' id='word_1_868' title='bbox 2704 4946 2831 4996; x_wconf 92' lang='lat' dir='ltr'><strong>uno,</strong></span> <span class='ocrx_word' id='word_1_869' title='bbox 2859 4932 2938 4984; x_wconf 92' lang='lat' dir='ltr'><strong>sic</strong></span> <span class='ocrx_word' id='word_1_870' title='bbox 2980 4933 3257 4986; x_wconf 86' lang='lat' dir='ltr'><strong>mulierem</strong></span> <span class='ocrx_word' id='word_1_871' title='bbox 3287 4933 3554 4998; x_wconf 88' lang='lat' dir='ltr'><strong>formavit,</strong></span> 
     </span>
    </p>
   </div>
   <div class='ocr_carea' id='block_1_111' title="bbox 1969 5021 3554 5079">
    <p class='ocr_par' dir='ltr' id='par_1_111' title="bbox 1969 5021 3554 5079">
     <span class='ocr_line' id='line_1_111' title="bbox 1969 5021 3554 5079; baseline 0.003 -4"><span class='ocrx_word' id='word_1_872' title='bbox 1969 5032 2025 5076; x_wconf 93' lang='lat' dir='ltr'><strong>ut</strong></span> <span class='ocrx_word' id='word_1_873' title='bbox 2053 5023 2104 5076; x_wconf 90' lang='lat' dir='ltr'><strong>in</strong></span> <span class='ocrx_word' id='word_1_874' title='bbox 2134 5021 2381 5076; x_wconf 89' lang='lat' dir='ltr'><strong>omnibus</strong></span> <span class='ocrx_word' id='word_1_875' title='bbox 2407 5022 2525 5075; x_wconf 92' lang='lat' dir='ltr'><strong>viro</strong></span> <span class='ocrx_word' id='word_1_876' title='bbox 2565 5023 2943 5076; x_wconf 88' lang='lat' dir='ltr'><strong>communicet.</strong></span> <span class='ocrx_word' id='word_1_877' title='bbox 2992 5021 3116 5074; x_wconf 72' lang='lat' dir='ltr'><strong>Hazc</strong></span> <span class='ocrx_word' id='word_1_878' title='bbox 3157 5025 3414 5077; x_wconf 84' lang='lat' dir='ltr'><strong>vocabitur</strong></span> <span class='ocrx_word' id='word_1_879' title='bbox 3440 5043 3554 5079; x_wconf 87' lang='lat' dir='ltr'><strong>nm-</strong></span> 
     </span>
    </p>
   </div>
   <div class='ocr_carea' id='block_1_112' title="bbox 1967 5114 3558 5186">
    <p class='ocr_par' dir='ltr' id='par_1_112' title="bbox 1967 5114 3558 5186">
     <span class='ocr_line' id='line_1_112' title="bbox 1967 5114 3558 5186; baseline 0.002 -16"><span class='ocrx_word' id='word_1_880' title='bbox 1967 5117 2080 5180; x_wconf 84' lang='lat' dir='ltr'><strong>lier,</strong></span> <span class='ocrx_word' id='word_1_881' title='bbox 2137 5115 2328 5186; x_wconf 85' lang='lat' dir='ltr'><strong>inquit,</strong></span> <span class='ocrx_word' id='word_1_882' title='bbox 2378 5115 2617 5184; x_wconf 86' lang='lat' dir='ltr'><strong>quoniam</strong></span> <span class='ocrx_word' id='word_1_883' title='bbox 2665 5114 2729 5166; x_wconf 86' lang='lat' dir='ltr'><strong>de</strong></span> <span class='ocrx_word' id='word_1_884' title='bbox 2775 5115 2882 5167; x_wconf 88' lang='lat' dir='ltr'><strong>viro</strong></span> <span class='ocrx_word' id='word_1_885' title='bbox 2926 5124 3126 5183; x_wconf 83' lang='lat' dir='ltr'><strong>sumpta</strong></span> <span class='ocrx_word' id='word_1_886' title='bbox 3168 5124 3259 5167; x_wconf 86' lang='lat' dir='ltr'><strong>est.</strong></span> <span class='ocrx_word' id='word_1_887' title='bbox 3316 5114 3476 5171; x_wconf 84' lang='lat' dir='ltr'><strong>Vides</strong></span> <span class='ocrx_word' id='word_1_888' title='bbox 3504 5128 3558 5174; x_wconf 88' lang='lat' dir='ltr'><strong>ut</strong></span> 
     </span>
    </p>
   </div>
   <div class='ocr_carea' id='block_1_113' title="bbox 1969 5205 3560 5277">
    <p class='ocr_par' dir='ltr' id='par_1_113' title="bbox 1969 5205 3560 5277">
     <span class='ocr_line' id='line_1_113' title="bbox 1969 5205 3560 5277; baseline 0.001 -14"><span class='ocrx_word' id='word_1_889' title='bbox 1969 5209 2129 5263; x_wconf 88' lang='lat' dir='ltr'><strong>etiam</strong></span> <span class='ocrx_word' id='word_1_890' title='bbox 2161 5206 2570 5277; x_wconf 85' lang='lat' dir='ltr'><strong>appellationem</strong></span> <span class='ocrx_word' id='word_1_891' title='bbox 2619 5205 2816 5260; x_wconf 90' lang='lat' dir='ltr'><strong>idcirco</strong></span> <span class='ocrx_word' id='word_1_892' title='bbox 2862 5206 3120 5276; x_wconf 88' lang='lat' dir='ltr'><strong>imponat,</strong></span> <span class='ocrx_word' id='word_1_893' title='bbox 3166 5215 3226 5260; x_wconf 92' lang='lat' dir='ltr'><strong>ut</strong></span> <span class='ocrx_word' id='word_1_894' title='bbox 3276 5209 3560 5277; x_wconf 88' lang='lat' dir='ltr'><strong>appellatio</strong></span> 
     </span>
    </p>
   </div>
   <div class='ocr_carea' id='block_1_114' title="bbox 1968 5298 3559 5368">
    <p class='ocr_par' dir='ltr' id='par_1_114' title="bbox 1968 5298 3559 5368">
     <span class='ocr_line' id='line_1_114' title="bbox 1968 5298 3559 5368; baseline 0.003 -15"><span class='ocrx_word' id='word_1_895' title='bbox 1968 5300 2394 5353; x_wconf 90' lang='lat' dir='ltr'><strong>communionem</strong></span> <span class='ocrx_word' id='word_1_896' title='bbox 2422 5308 2624 5351; x_wconf 74' lang='lat' dir='ltr'><strong>natura:</strong></span> <span class='ocrx_word' id='word_1_897' title='bbox 2650 5299 2997 5362; x_wconf 89' lang='lat' dir='ltr'><strong>demonstret,</strong></span> <span class='ocrx_word' id='word_1_898' title='bbox 3027 5307 3081 5351; x_wconf 93' lang='lat' dir='ltr'><strong>et</strong></span> <span class='ocrx_word' id='word_1_899' title='bbox 3106 5298 3273 5368; x_wconf 91' lang='lat' dir='ltr'><strong>ipsius</strong></span> <span class='ocrx_word' id='word_1_900' title='bbox 3303 5301 3559 5357; x_wconf 85' lang='lat' dir='ltr'><strong>naturalis</strong></span> 
     </span>
    </p>
   </div>
   <div class='ocr_carea' id='block_1_115' title="bbox 1966 5388 3555 5459">
    <p class='ocr_par' dir='ltr' id='par_1_115' title="bbox 1966 5388 3555 5459">
     <span class='ocr_line' id='line_1_115' title="bbox 1966 5388 3555 5459; baseline 0 -15"><span class='ocrx_word' id='word_1_901' title='bbox 1966 5389 2357 5445; x_wconf 90' lang='lat' dir='ltr'><strong>communionis</strong></span> <span class='ocrx_word' id='word_1_902' title='bbox 2396 5388 2783 5443; x_wconf 88' lang='lat' dir='ltr'><strong>demonstratio</strong></span> <span class='ocrx_word' id='word_1_903' title='bbox 2813 5394 2867 5441; x_wconf 90' lang='lat' dir='ltr'><strong>et</strong></span> <span class='ocrx_word' id='word_1_904' title='bbox 2892 5388 3179 5442; x_wconf 88' lang='lat' dir='ltr'><strong>creationis</strong></span> <span class='ocrx_word' id='word_1_905' title='bbox 3222 5390 3411 5445; x_wconf 90' lang='lat' dir='ltr'><strong>modus</strong></span> <span class='ocrx_word' id='word_1_906' title='bbox 3440 5408 3555 5459; x_wconf 86' lang='lat' dir='ltr'><strong>per-</strong></span> 
     </span>
    </p>
   </div>
   <div class='ocr_carea' id='block_1_116' title="bbox 1967 5479 3562 5555">
    <p class='ocr_par' dir='ltr' id='par_1_116' title="bbox 1967 5479 3562 5555">
     <span class='ocr_line' id='line_1_116' title="bbox 1967 5479 3562 5555; baseline 0 -16"><span class='ocrx_word' id='word_1_907' title='bbox 1967 5484 2113 5555; x_wconf 89' lang='lat' dir='ltr'><strong>petui</strong></span> <span class='ocrx_word' id='word_1_908' title='bbox 2153 5483 2353 5537; x_wconf 87' lang='lat' dir='ltr'><strong>amoris</strong></span> <span class='ocrx_word' id='word_1_909' title='bbox 2390 5481 2622 5547; x_wconf 90' lang='lat' dir='ltr'><strong>occasio,</strong></span> <span class='ocrx_word' id='word_1_910' title='bbox 2682 5489 2737 5534; x_wconf 91' lang='lat' dir='ltr'><strong>ct</strong></span> <span class='ocrx_word' id='word_1_911' title='bbox 2792 5479 3059 5533; x_wconf 87' lang='lat' dir='ltr'><strong>vinculum</strong></span> <span class='ocrx_word' id='word_1_912' title='bbox 3104 5481 3174 5535; x_wconf 91' lang='lat' dir='ltr'><strong>sit</strong></span> <span class='ocrx_word' id='word_1_913' title='bbox 3222 5483 3562 5539; x_wconf 62' lang='lat' dir='ltr'><strong>concordiae?</strong></span> 
     </span>
    </p>
   </div>
   <div class='ocr_carea' id='block_1_117' title="bbox 2029 5638 3557 5703">
    <p class='ocr_par' dir='ltr' id='par_1_117' title="bbox 2029 5638 3557 5703">
     <span class='ocr_line' id='line_1_117' title="bbox 2029 5638 3557 5703; baseline -0.001 -12"><span class='ocrx_word' id='word_1_914' title='bbox 2029 5642 2102 5703; x_wconf 72' lang='grc' dir='ltr'><strong>(τι)</strong></span> <span class='ocrx_word' id='word_1_915' title='bbox 2135 5646 2276 5690; x_wconf 80' lang='lat' dir='ltr'><strong>Juxta</strong></span> <span class='ocrx_word' id='word_1_916' title='bbox 2299 5640 2421 5689; x_wconf 86' lang='lat' dir='ltr'><strong>duos</strong></span> <span class='ocrx_word' id='word_1_917' title='bbox 2444 5642 2756 5703; x_wconf 80' lang='lat' dir='ltr'><strong>interpretes.</strong></span> <span class='ocrx_word' id='word_1_918' title='bbox 2776 5649 2967 5703; x_wconf 76' lang='lat' dir='ltr'><strong>nempe</strong></span> <span class='ocrx_word' id='word_1_919' title='bbox 2978 5639 3303 5703; x_wconf 77' lang='lat' dir='ltr'><strong>Symmachum</strong></span> <span class='ocrx_word' id='word_1_920' title='bbox 3330 5647 3382 5688; x_wconf 92' lang='lat' dir='ltr'><strong>et</strong></span> <span class='ocrx_word' id='word_1_921' title='bbox 3404 5638 3557 5703; x_wconf 70' lang='lat' dir='ltr'><strong>Thro-</strong></span> 
     </span>
    </p>
   </div>
   <div class='ocr_carea' id='block_1_118' title="bbox 1965 5700 3557 5764">
    <p class='ocr_par' dir='ltr' id='par_1_118' title="bbox 1965 5700 3557 5764">
     <span class='ocr_line' id='line_1_118' title="bbox 1965 5700 3557 5764; baseline -0.001 -12"><span class='ocrx_word' id='word_1_922' title='bbox 1965 5700 2381 5764; x_wconf 80' lang='lat' dir='ltr'><strong>dotionent,voces</strong></span> <span class='ocrx_word' id='word_1_923' title='bbox 2404 5701 2649 5749; x_wconf 64' lang='lat' dir='ltr'><strong>Itebraicaa</strong></span> <span class='ocrx_word' id='word_1_924' title='bbox 2685 5705 2845 5756; x_wconf 64' lang='grc' dir='ltr'><strong>ΞἸΞΠ</strong></span> <span class='ocrx_word' id='word_1_925' title='bbox 2872 5700 2981 5753; x_wconf 70' lang='lat' dir='ltr'><strong>nm</strong></span> <span class='ocrx_word' id='word_1_926' title='bbox 3010 5701 3259 5750; x_wconf 70' lang='lat' dir='ltr'><strong>vertenda:</strong></span> <span class='ocrx_word' id='word_1_927' title='bbox 3297 5709 3426 5756; x_wconf 75' lang='lat' dir='ltr'><strong>sunt.</strong></span> <span class='ocrx_word' id='word_1_928' title='bbox 3466 5700 3557 5751; x_wconf 77' lang='lat' dir='ltr'><strong>hoc</strong></span> 
     </span>
    </p>
   </div>
   <div class='ocr_carea' id='block_1_119' title="bbox 1966 5771 3555 5833">
    <p class='ocr_par' dir='ltr' id='par_1_119' title="bbox 1966 5771 3555 5833">
     <span class='ocr_line' id='line_1_119' title="bbox 1966 5771 3555 5833; baseline -0.001 -10"><span class='ocrx_word' id='word_1_929' title='bbox 1966 5775 2147 5832; x_wconf 75' lang='lat' dir='ltr'><strong>semel;</strong></span> <span class='ocrx_word' id='word_1_930' title='bbox 2170 5780 2227 5822; x_wconf 85' lang='lat' dir='ltr'><strong>ad</strong></span> <span class='ocrx_word' id='word_1_931' title='bbox 2268 5772 2456 5821; x_wconf 75' lang='lat' dir='ltr'><strong>lituram</strong></span> <span class='ocrx_word' id='word_1_932' title='bbox 2480 5784 2596 5833; x_wconf 84' lang='lat' dir='ltr'><strong>vero</strong></span> <span class='ocrx_word' id='word_1_933' title='bbox 2635 5772 2702 5819; x_wconf 91' lang='lat' dir='ltr'><strong>sic</strong></span> <span class='ocrx_word' id='word_1_934' title='bbox 2726 5772 3120 5833; x_wconf 81' lang='lat' dir='ltr'><strong>interpretamur,</strong></span> <span class='ocrx_word' id='word_1_935' title='bbox 3154 5772 3245 5819; x_wconf 82' lang='lat' dir='ltr'><strong>hac</strong></span> <span class='ocrx_word' id='word_1_936' title='bbox 3267 5771 3383 5829; x_wconf 81' lang='lat' dir='ltr'><strong>rice,</strong></span> <span class='ocrx_word' id='word_1_937' title='bbox 3426 5772 3555 5833; x_wconf 77' lang='lat' dir='ltr'><strong>quod</strong></span> 
     </span>
    </p>
   </div>
   <div class='ocr_carea' id='block_1_120' title="bbox 1971 5832 3508 5905">
    <p class='ocr_par' dir='ltr' id='par_1_120' title="bbox 1971 5832 3508 5905">
     <span class='ocr_line' id='line_1_120' title="bbox 1971 5832 3508 5905; baseline -0.003 -18"><span class='ocrx_word' id='word_1_938' title='bbox 1971 5837 2147 5905; x_wconf 71' lang='lat' dir='ltr'><strong>eodem</strong></span> <span class='ocrx_word' id='word_1_939' title='bbox 2169 5835 2356 5893; x_wconf 80' lang='lat' dir='ltr'><strong>recidit,</strong></span> <span class='ocrx_word' id='word_1_940' title='bbox 2381 5836 2422 5884; x_wconf 85' lang='lat' dir='ltr'><strong>si</strong></span> <span class='ocrx_word' id='word_1_941' title='bbox 2447 5832 2708 5896; x_wconf 81' lang='lat' dir='ltr'><strong>intelligas,</strong></span> <span class='ocrx_word' id='word_1_942' title='bbox 2732 5832 2821 5882; x_wconf 81' lang='lat' dir='ltr'><strong>hac</strong></span> <span class='ocrx_word' id='word_1_943' title='bbox 2845 5832 2942 5885; x_wconf 76' lang='lat' dir='ltr'><strong>rice</strong></span> <span class='ocrx_word' id='word_1_944' title='bbox 2965 5835 3135 5893; x_wconf 83' lang='lat' dir='ltr'><strong>solum,</strong></span> <span class='ocrx_word' id='word_1_945' title='bbox 3156 5834 3202 5883; x_wconf 89' lang='lat' dir='ltr'><strong>id</strong></span> <span class='ocrx_word' id='word_1_946' title='bbox 3227 5844 3320 5895; x_wconf 85' lang='lat' dir='ltr'><strong>est,</strong></span> <span class='ocrx_word' id='word_1_947' title='bbox 3345 5832 3508 5884; x_wconf 77' lang='lat' dir='ltr'><strong>semet.</strong></span> 
     </span>
    </p>
   </div>
  </div>
