4028 6360
257 382 379 443 607

254 507 550 577 ὀμονοίας;
590 488 722 562 Είτα
758 490 814 561 τί
850 492 1050 579 φησιν;
1084 509 1233 564 Ἀντί
1256 510 1472 564 τούτου
1497 508 1847 577 καταλείψει

254 601 574 667 ἄνθρωπος
604 602 712 655 τὸν
748 604 976 670 πατέρα
1006 603 1194 658 αὐτοῦ
1226 603 1324 657 καί
1364 602 1480 671 τὴν
1494 601 1721 672 μητέρα
1737 604 1846 656 αὺέ

255 691 389 753 τοῦ,
412 692 510 746 καὶ
529 693 1135 761 προσκολληθήσεται
1154 693 1229 763 τῇ
1248 694 1485 764 γυναικὶ
1504 694 1711 749 αὐτοῦ.
1727 693 1845 749 Οὐκ

252 785 409 839 εἶπεν
437 787 651 851 ἁπλῶς,
681 788 1035 859 ἐνωθήσεται,
1070 790 1228 854 ἀλλά,
1249 792 1723 858 Κολληθήσεται,
1743 795 1843 863 τὴν

251 881 462 951 ἀκριϐῆ
500 882 795 950 συνάφειαν
817 881 1192 955 [675]δηλῶνο
1217 885 1327 938 Καί
1364 885 1608 939 ἔσονται
1643 889 1695 940 οι
1732 885 1849 939 δύο

247 974 339 1036 εἰς
375 972 575 1042 σάρκα
606 975 775 1043 μίαν.
792 975 850 1028 ’0
882 975 1119 1029 τοσαῦτα
1137 972 1230 1031 οῦν
1247 975 1425 1039 εἰδὼς,
1446 977 1567 1031 εἰπέ
1607 993 1717 1047 μοι,
1739 979 1840 1032 οὐκ

244 1064 366 1134 ᾔδει
388 1065 441 1116 τί
475 1065 575 1134 μὲν
594 1066 781 1129 καλὸν,
803 1066 855 1119 τί
887 1066 946 1119 δὲ
979 1070 1243 1139 πονηρόν;
1265 1070 1372 1123 Καὶ
1391 1069 1509 1133 πῶς
1529 1070 1595 1125 ἂν
1616 1070 1728 1140 ἔχοι
1748 1070 1845 1124 λό·

244 1172 379 1223 γον;
421 1157 483 1210 Εἰ
520 1156 631 1229 γὰρ
673 1158 746 1229 μὴ
786 1159 902 1229 ⁴ᾔδει.
921 1159 973 1213 τί
996 1161 1095 1231 μὲν
1116 1161 1297 1226 καλὸν,
1319 1161 1448 1215 τίδὲ
1467 1163 1700 1234 πονηρὸν
1730 1163 1837 1234 πρὸ

241 1248 340 1301 τοῦ
378 1253 576 1317 φαγεῖν
595 1251 704 1304 ἀπὸ
721 1251 816 1306 τοῦ
839 1252 1019 1318 ξύλου,
1041 1254 1177 1308 ἀλλά
1200 1255 1339 1326 μετὰ
1354 1257 1455 1328 τὴν
1478 1255 1679 1328 βρῶσιν
1698 1258 1833 1328 ἔμα-

242 1340 361 1402 θεν,
382 1343 416 1411 ὴ
440 1343 684 1414 ἁμαρτία
706 1344 927 1412 γέγονεν
946 1346 1096 1417 αύτῷ
1117 1349 1309 1416 σοφίας
1336 1349 1671 1414 διδάσκαλος,
1694 1352 1787 1406 καὶ
1804 1354 1833 1405 6

238 1432 367 1501 ὕφις
383 1435 569 1489 οὐκέτι
588 1437 866 1504 ἀπατεὼν,
888 1439 1024 1493 ἀλλά
1046 1440 1108 1493 σύ
1117 1442 1345 1512 μὸουλος
1376 1444 1489 1498 τῶν
1535 1445 1834 1517 συμφερόν-

236 1537 351 1574 των
386 1525 627 1596 κατέστη
653 1564 669 1589 ,
709 1528 774 1579 ἐκ
826 1528 1014 1599 θηρίου
1052 1534 1287 1602 ποιήσας
1323 1536 1485 1589 αὐτὸν
1521 1536 1824 1608 ἄνθρωπον.

249 1613 414 1667 Ἀλλά
436 1615 512 1687 μὴ
532 1615 741 1685 γένοιτο
759 1635 773 1648 ο
794 1620 895 1672 οὐκ
914 1619 1031 1675 ἔστι
1049 1623 1222 1677 ταῦτα
1241 1624 1436 1689 οὕτως,
1456 1628 1555 1679 οὐκ
1578 1627 1743 1685 ἔστιν.
1764 1631 1828 1683 EE

234 1703 346 1776 γάρ
370 1705 447 1776 μὴ
469 1706 584 1776 ᾔδει
615 1708 668 1760 τί
700 1709 798 1778 μὲν
837 1711 1020 1773 καλὸν,
1042 1712 1095 1765 τί
1114 1713 1168 1766 δὲ
1190 1716 1443 1786 πονηρὸν,
1466 1716 1583 1781 πῶς
1604 1719 1698 1771 καὶ
1729 1718 1826 1790 τὴν

232 1794 456 1865 ἐντολὴν
494 1796 837 1867 ἐλάμϐανεν;
875 1802 1063 1865 Οὐδεὶς
1098 1806 1206 1876 γὰρ
1238 1804 1418 1858 δίδωσι
1457 1807 1621 1877 νόμον
1651 1808 1729 1878 τῷ
1750 1810 1825 1880 μὴ

231 1887 423 1951 εἰδότι,
446 1888 527 1940 ὅτι
565 1889 732 1942 κακὸν
767 1892 799 1960 ἡ
837 1893 1183 1963 παράϐασις·
1212 1895 1313 1948 ὁδὲ
1334 1897 1466 1959 Θεὸς
1502 1899 1597 1950 καὶ
1636 1899 1821 1965 ἔδωκε,

231 1978 328 2030 καὶ
364 1978 689 2050 παραὸάντα
724 1982 985 2037 ἐκόλασεν
1008 2026 1023 2047 ,
1063 1987 1164 2038 οὑκ
1201 1987 1265 2040 ἂν
1316 1989 1602 2060 ἀμφότερα
1651 1989 1824 2044 ταῦτα

229 2072 487 2141 ποιήσας,
524 2074 573 2125 εἰ
614 2073 688 2145 μὴ
724 2077 1026 2143 γνωστικδν
1064 2078 1225 2132 αὐτὸν
1260 2079 1318 2146 ἐξ
1360 2083 1534 2153 ἀρχῆς
1569 2084 1823 2154 ἐποίησεν

226 2164 437 2234 ἀρετῆς
474 2165 571 2218 καὶ
608 2166 1009 2240 κακίας.⁹ορᾷς
1031 2170 1147 2235 πῶς
1169 2173 1431 2227 πάντοθεν
1458 2178 1591 2245 ἡμῖν
1630 2177 1822 2229 ἀποδέ-

225 2258 461 2319 δεικται,
482 2260 564 2311 ὅτι
600 2260 660 2312 ού
705 2262 842 2332 μετά
877 2264 974 2335 τὴν
1019 2266 1221 2338 βρῶσιν
1250 2268 1343 2321 τοῦ
1380 2268 1534 2333 ξύλου
1569 2270 1628 2323 τὸ
1658 2271 1821 2325 καλὸν

223 2352 345 2423 ᾔδει
366 2355 461 2406 καὶ
482 2354 543 2406 τὸ
561 2359 817 2429 πονηρὸν,
839 2360 975 2414 ἀλλά
993 2362 1088 2414 καί⁸
1108 2362 1215 2433 πρὸ
1232 2362 1422 2415 τούτου
1443 2363 1744 2433 ῆπίστατο;

254 2474 260 2479 ρ
299 2447 486 2500 Ταῦτα
522 2445 616 2503 οὖν
655 2450 897 2515 ἅπαντα,
933 2454 1245 2523 ἀγαπητοὶ,
1284 2454 1686 2526 διακρατῶμεν,
1725 2458 1819 2511 καὶ

221 2532 413 2587 οἴκαδε
434 2538 687 2611 ἀναχωρὴ
697 2557 890 2605 σαντες
910 2542 1103 2613 διπλῆν
1124 2544 1457 2615 παραθῶμεν
1484 2548 1582 2617 τὴν
1618 2549 1819 2619 τράπε-

224 2625 347 2689 ζαν,
370 2628 471 2698 τὴν
511 2629 619 2683 τῶν
661 2632 868 2697 σιτίων,
893 2634 987 2687 καὶ
1007 2618 1109 2705 τὴν
1126 2635 1226 2706 τῆς
1246 2636 1565 2706 ἀκροάσεως
1581 2678 1596 2701 ,
1618 2639 1712 2691 καὶ
1732 2639 1819 2691 λε-

218 2718 367 2784 γέτω
420 2721 521 2790 μὲν
557 2722 698 2794 ἀνὴρ
735 2725 806 2778 τά
844 2728 1109 2797 εἰρημένα
1132 2767 1147 2789 ,
1194 2729 1511 2798 μανθανέτω
1544 2732 1601 2784 δὲ
1635 2733 1810 2803 γυνὴ,

218 2812 471 2868 ἀκουέτω
508 2816 564 2868 δὲ
599 2819 693 2870 καὶ
722 2820 932 2876 παιδία.
960 2821 1033 2891 μὴ
1068 2822 1583 2893 ἀποστερεῖσθωσαν
1601 2826 1656 2879 δὲ
1681 2828 1814 2896 μηδὲ

215 2909 432 2961 οἰκέται
465 2912 567 2979 τῆς
602 2913 924 2982 ἀκροάσεως
962 2916 1188 2984 ταύτης.
1224 2917 1552 2986 Ἐκκλησίαν
1589 2919 1814 2987 ποίησόν

219 3017 318 3052 σου
336 3002 437 3071 τὴν
456 3003 634 3057 οίκίαν
653 3019 669 3035 ·
690 3007 786 3058 καὶ
817 3004 925 3077 γὰρ
946 3009 1041 3062 καί¹
1061 3008 1361 3072 ὑπεύθυνος
1378 3005 1430 3063 εἷ
1447 3011 1542 3063 καὶ
1576 3012 1676 3080 τῆς
1701 3011 1812 3064 τῶν

222 3095 458 3149 παιδίων
497 3099 591 3150 καὶ
629 3099 727 3168 τῆς
746 3100 855 3152 τῶν
875 3102 1102 3155 οἰκετῶν
1125 3103 1424 3174 σωτηρίας·
1449 3105 1542 3156 καὶ
1563 3104 1811 3175 καθάπερ

220 3192 389 3260 ἡμεῖς
424 3192 565 3264 ὑπὲρ
603 3194 632 3247 ύ
641 3195 757 3261 μῶν
787 3194 1165 3265 ἀπαιτούμεθα
1188 3196 1367 3264 λόγον,
1385 3196 1529 3249 οὕτω
1555 3198 1650 3249 καὶ
1677 3195 1809 3249 ἔκα-

217 3299 343 3346 στος
380 3284 535 3354 ὑμῶν
576 3286 673 3339 καὶ
709 3287 851 3357 ὑπὲρ
887 3286 1121 3351 οἰκέτου,
1146 3289 1239 3341 καὶ
1258 3290 1398 3361 ὑπὲρ
1416 3292 1695 3357 γυναικὸς,
1718 3292 1812 3344 καὶ

217 3374 362 3445 ὑπὲρ
384 3376 574 3439 παιδὸς
595 3377 908 3432 ἀπαιτεῖται
929 3379 1181 3444 εὐθύνας.
1206 3382 1340 3435 Ἀπὸ
1358 3382 1489 3449 γοῦν
1505 3382 1615 3435 τῶν
1633 3383 1809 3436 τοιού-

215 3483 325 3519 των
344 3467 704 3538 διηγημάτων
722 3470 915 3539 ῆδιστα
953 3471 1255 3537 διαδέξεται
1277 3475 1427 3545 ἡμᾶς
1442 3474 1511 3527 τά
1530 3475 1805 3545 ὀνείρατα,

213 3557 313 3611 καὶ
355 3561 660 3626 φαντασίας
694 3562 1094 3632 ἀπηλλαγμένα
1125 3565 1375 3636 ἀπάσης⁹
1415 3562 1503 3620 οἷα
1540 3567 1649 3639 γὰρ
1689 3567 1806 3638 μεθ’

212 3650 433 3721 ἡμέραν
452 3652 486 3721 ὴ
505 3651 651 3724 ψυχὴ
676 3652 907 3725 μελετᾷν
930 3654 1111 3719 εἴωθε,
1124 3656 1347 3710 τοιαῦτα
1362 3658 1455 3710 καὶ
1471 3657 1591 3712 καθ’
1606 3658 1807 3723 ῦπνους

214 3741 573 3810 φαντάζεται.
597 3744 709 3796 Καὶ
747 3745 842 3798 ἐὰν
862 3745 931 3798 τὰ
950 3746 1074 3798 καθ’
1096 3746 1334 3817 ἑκάστην
1354 3747 1564 3818 ἡμέραν
1604 3748 1805 3816 φυλάτ-

210 3851 396 3905 τωμεν
432 3836 723 3906 λεγόμενα,
747 3838 807 3891 οὐ
847 3839 1043 3893 πολλοῦ
1080 3839 1459 3912 δεηθησόμεθα
1489 3840 1652 3893 πόνου
1674 3856 1687 3870 ·
1710 3842 1805 3894 καὶ

212 3928 324 3998 γὰρ
346 3931 682 4001 σαφέστερος
719 3933 747 3984 6
786 3932 925 4001 μετά
959 3932 1132 3987 ταῦτα
1172 3933 1328 4002 λόγος
1366 3935 1498 4005 ὑμῖν
1517 3934 1804 4000 Eant,an

210 4024 347 4093 ἡμῖν
387 4023 774 4095 προθυμοτέρα
810 4027 842 4092 ἡ
882 4024 1214 4079 διδασκαλία.
1242 4027 1339 4081 ”Ιν’
1366 4023 1459 4081 οὖν
1495 4028 1716 4096 γένηταί
1750 4048 1802 4083 τι

213 4113 377 4166 πλέον
413 4115 507 4166 καὶ
545 4116 676 4184 ἡμῖν
714 4116 807 4168 καὶ
843 4118 996 4184 ὑμῖν.
1019 4120 1151 4187 ἡμῖν
1190 4119 1289 4188 μὲν
1310 4119 1416 4172 ἀπὸ
1436 4120 1533 4189 τῆς
1550 4120 1803 4175 διδασκα-

212 4201 354 4267 λίας,
371 4205 499 4272 ύμῖν
519 4206 575 4257 δὲ
596 4205 705 4258 ἀπὸ
722 4207 819 4276 τῆς
840 4208 1177 4276 ἀκροάσεως,
1205 4208 1342 4278 μετὰ
1361 4209 1460 4278 τῆς
1481 4212 1800 4279 σωματικῆς

216 4284 495 4365 τραπέζης
513 4296 607 4349 καὶ
627 4298 660 4367 ἡ
680 4297 926 4366 τράπεζα
948 4300 1076 4368 ὑμῖν
1100 4299 1484 4369 παρατιθέσθω
1503 4305 1534 4371 ἠ
1560 4321 1690 4357 πνευ
1699 4322 1800 4374 μα-

209 4386 360 4454 τική.
388 4387 496 4439 Καὶ
532 4386 642 4457 γὰρ
661 4387 930 4455 ἀσφάλεια
951 4390 1043 4442 καὶ
1066 4390 1270 4460 κόσμος
1292 4393 1474 4447 ἐκεῖνα
1495 4394 1621 4463 ὑμῖν
1641 4398 1800 4467 γενή-

212 4492 391 4537 σεται,
413 4476 507 4528 καὶ
524 4474 595 4527 τὰ
614 4474 716 4544 τῆς
733 4475 1016 4546 παρούσης
1054 4477 1198 4547 ζωῆς
1220 4478 1356 4549 πρὸς
1373 4479 1435 4531 τὸ
1458 4480 1736 4550 συμφέρον
1770 4480 1798 4532 6

210 4566 347 4628 Θεὸς
368 4565 704 4624 κατευθυνεῖ,
729 4566 822 4618 καὶ
853 4567 1026 4636 ῥᾷστα
1061 4567 1190 4637 ύμῖν
1226 4566 1380 4621 ἔσται
1400 4567 1578 4621 πάντα
1598 4568 1691 4622 καὶ
1711 4567 1799 4621 εῦ-

210 4657 365 4709 κολα.
383 4656 619 4721 Ζητεῖτε
634 4656 765 4725 γὰρ,
781 4673 854 4728 φη
862 4658 935 4720 σί,
954 4657 1188 4725 πρῶτον
1207 4659 1320 4727 τὴν
1333 4661 1662 4723 βασιλείαν
1680 4660 1800 4713 τῶν

209 4747 509 4811 οὐρανῶν,
533 4747 633 4801 καί
665 4746 865 4801 πάντα
900 4747 1089 4802 ταῦτα
1123 4750 1593 4817 προστεθήσεται
1633 4751 1793 4820 ὑμῖν.

209 4840 478 4909 Ζητῶμεν
505 4836 597 4894 οὖν
625 4843 852 4909 ταύτην,
874 4842 1167 4912 ἀγαπητοὶ,
1188 4843 1275 4894 ἵνα
1294 4843 1387 4896 καὶ
1419 4844 1527 4895 τῶν
1565 4843 1796 4897 ἐνταῦθα

210 4933 308 4986 καὶ
345 4934 456 4985 τῶν
492 4935 609 4986 ἐκεῖ
644 4933 988 5004 ἐπιτύχωμεν
1018 4934 1258 5002 ἀγαθῶν,
1282 4936 1460 5006 χάριτι
1491 4937 1585 4989 καὶ
1605 4936 1795 5005 φιλανο

208 5023 434 5094 θρωπίᾳ
464 5024 560 5077 τοῦ
589 5024 789 5095 Κυρίου
829 5025 985 5096 ἡμῶν
1016 5026 1188 5095 Ἰησοῦ
1226 5022 1484 5097 Χριστοῦ,
1507 5028 1574 5081 δι’
1611 5023 1672 5082 οῦ
1702 5029 1796 5081 καὶ

212 5114 338 5185 μεθ’
358 5108 418 5167 οὗ
454 5115 582 5181 δόξα
609 5117 688 5185 τῷ
708 5117 882 5187 Πατρὶ
901 5115 1092 5187 καὶτῷ
1111 5116 1250 5186 ἁγίῳ
1268 5115 1568 5187 Πνεύματι,
1587 5116 1683 5171 νῦν
1703 5118 1797 5171 καὶ

209 5207 321 5266 ἀεὶ.
344 5208 442 5260 καὶ
458 5208 538 5271 είς
555 5210 682 5272 τοὺς
701 5209 902 5272 αἰῶνας
923 5209 1036 5262 τῶν.
1052 5207 1281 5263 αἰώνων.
1302 5209 1499 5280 Ἀμήν.

657 5318 810 5392 [6m
844 5321 1064 5377 ΛΟΓΟΣ
1102 5324 1174 5375 Ζν.

211 5453 317 5507 Διὰ
349 5453 404 5506 τί
434 5454 623 5528 ξύλον
663 5456 932 5523 γνωστὸν
958 5456 1150 5528 καλοῦ
1178 5457 1275 5510 καί
1309 5460 1570 5528 πονηροῦ
1600 5459 1795 5514 καλεῖ-

286 5524 489 5601 ται-τιὸ
525 5526 742 5601 ξύλονὲ
772 5528 870 5580 καὶ
906 5527 963 5601 τί
996 5526 1138 5601 αοτέ
1177 5528 1337 5593 ἐστι,
1377 5524 1625 5600 Σήμερον
1667 5532 1795 5601 μετ’

286 5595 422 5663 ἐμοῦ
453 5594 551 5667 ἔσῃ
582 5598 637 5649 ἑν
671 5594 752 5665 τῷ
783 5598 1110 5668 παραδείσῳ.

275 5735 347 5782 α’.
371 5732 547 5785 Πολλά
569 5732 918 5805 παρεκάλεσα
934 5734 1060 5804 χθὲς
1072 5734 1170 5806 τὴν
1187 5736 1454 5808 ὑμετέραν
1467 5737 1683 5808 ἀγάπην
1707 5756 1795 5806 με-

217 5823 455 5893 μνῆσθαι
470 5825 576 5876 τῶν
589 5825 916 5897 εἰρημένων,
929 5828 1018 5879 καὶ
1036 5827 1226 5900 διπλῆν
1244 5832 1301 5883 ὲν
1315 5830 1522 5902 ἑσπέρᾳ
1536 5830 1797 5900 παραθεῖ.

552 5943 824 6005 Ρλτιιοι.
858 5945 975 6007 Gn.
1012 5948 1167 6009 LIV.

1478 391 1548 446 IN
1586 386 1892 447 GENESIM
1929 388 2169 450 SERMO
2223 369 2333 453 vn;

3427 405 3534 458 608

1958 524 2045 560 ναι
2081 508 2180 581 τὴν
2220 512 2518 582 τράπεζαν,
2538 510 2638 585 τὴν
2672 516 2780 571 τῶν
2821 518 3144 589 βρωμάτων,
3168 516 3263 570 καὶ
3297 515 3395 585 τὴν
3427 514 3536 569 ἀπὸ

1953 599 2061 653 τῶν
2089 601 2261 671 λόγων
2300 606 2689 676 προστιθέντας
2720 611 2983 665 ἑστίασιν.
3005 610 3071 663 Τί
3091 605 3213 674 οῦν;
3241 610 3535 680 ἐποιήσατε

1952 692 2128 758 τοῦτο,
2152 696 2246 750 καὶ
2265 699 2613 771 παρεθήκατε
2636 702 2829 774 διπλῆν
2849 704 2946 774 τὴν
2964 703 3244 775 τράπεζαν
3264 718 3279 767 ;
3304 696 3435 755 υίδα
3453 703 3536 754 δτι

1951 786 2263 858 ἐποιήσατε,
2299 793 2394 845 καὶ
2430 794 2532 847 οὐκ
2569 794 2785 865 ἐκείνης
2826 796 3006 865 μόνον,
3028 794 3163 849 ἁλλά
3203 795 3297 847 καὶ
3332 792 3535 856 ταύτης

1952 878 2263 950 μετέσχετε.
2289 884 2363 937 Οὐ
2384 884 2492 955 γάρ
2511 884 2574 957 δὴ
2595 902 2663 939 πε
2670 887 2723 958 ρὶ
2743 886 2840 957 τὴν
2863 887 3069 940 ἐλάττω
3109 886 3529 949 σπουδάσαντες,

1946 972 2045 1042 τῆς
2065 973 2333 1042 βελτίονος
2352 978 2605 1048 ἐμέλλετε
2628 981 2866 1051 ἀμελεῖν.
2889 981 3000 1035 Καὶ
3019 980 3128 1051 γὰρ
3151 979 3371 1050 βελτίων
3392 980 3531 1032 ἐκεί-

1946 1081 2042 1132 νης
2081 1065 2243 1137 αὕτη,
2268 1068 2378 1141 Τὴν
2420 1071 2518 1141 μὲν
2554 1073 2661 1144 γὰρ
2705 1074 2981 1144 μαγείρων
3001 1072 3302 1143 συνέθηκαν
3322 1074 3524 1141 χεῖρες.

1942 1154 2143 1227 ταύτην
2176 1158 2232 1212 δὲ
2268 1162 2562 1233 προφητῶν
2599 1165 3016 1233 παρεσκεύασαν
3055 1164 3328 1232 γλῶσσαι*
3371 1161 3466 1215 καὶ
3489 1164 3524 1231 ἡ

1945 1247 2044 1317 μὲν
2075 1249 2144 1303 τά
2177 1251 2283 1304 ἀπὸ
2308 1254 2407 1324 τῆς
2426 1255 2527 1325 γῆς
2547 1255 2658 1327 ἔχει
2680 1256 3053 1328 βλαστήματα,
3078 1259 3111 1327 ή
3130 1257 3185 1309 δὲ
3205 1256 3296 1310 τὸν
3315 1255 3524 1325 καρπὸν

1940 1339 2029 1391 τὸν
2047 1340 2156 1394 ἀπὸ
2175 1341 2270 1395 τοῦ
2293 1344 2433 1397 Πνεύ
2442 1363 2611 1416 ματος
2627 1363 2640 1376 ο
2665 1349 2760 1401 καὶ
2777 1347 2981 1419 ταύτης
3004 1348 3104 1417 μὲν
3122 1349 3218 1418 τῆς
3243 1344 3526 1417 τραπέζης

1941 1429 2078 1499 πρὸς
2116 1432 2321 1506 φθοράν
2361 1438 2639 1505 ἐπείγεται
2676 1438 2745 1490 τά
2784 1438 2949 1503 σιτία,
2971 1438 3113 1491 τὰδὲ
3136 1439 3349 1509 ἐκείνης
3387 1436 3523 1506 πρὸς

1938 1523 2245 1596 ἀφθαρσίαν
2263 1541 2277 1553 ’
2297 1528 2392 1580 καὶ
2412 1528 2548 1598 αὕτη
2573 1530 2671 1599 μὲν
2691 1529 2789 1600 τὴν
2811 1530 3090 1601 παροῦσαν
3109 1532 3141 1600 ἡ
3151 1529 3267 1600 μῶν
3289 1545 3524 1599 συγκρα-

1937 1619 2019 1669 τεῖ
2037 1616 2202 1688 ζωὴν,
2226 1619 2405 1689 ἐκείνη
2446 1620 2501 1673 δὲ
2544 1622 2678 1691 πρὸς
2696 1621 2792 1693 τὴν
2817 1622 3115 1692 μέλλουσαν
3137 1623 3283 1692 ἡμᾶς
3314 1621 3522 1690 ὁδηγεῖ.

1939 1704 2062 1757 Ὅτι
2086 1707 2184 1775 μὲν
2204 1703 2296 1761 οὖν
2316 1710 2662 1781 παρεθὴκατε
2689 1714 2804 1781 μετ’
2822 1712 3035 1781 ἐκείνης
3064 1711 3159 1765 καὶ
3190 1711 3414 1781 ταύτην,
3438 1706 3519 1762 οἷ-

1932 1795 2020 1857 δα,
2042 1798 2141 1851 οὐκ
2179 1799 2468 1853 ἀκόλουθον
2506 1803 2534 1853 ὑ
2543 1802 2660 1871 μῶν
2681 1804 2981 1873 ἐρωτήσας,
3004 1802 3104 1855 οὐκ
3123 1803 3360 1873 οἰκέτην,
3383 1802 3519 1855 ἀλλά

1918 1887 2022 1939 ’τὸν
2061 1888 2264 1941 τούτων
2302 1892 2632 1963 σαφέστερον
2660 1894 2909 1961 ἄγγελον.
2933 1894 3067 1946 Τίνα
3084 1893 3147 1964 δὴ
3168 1893 3355 1945 τοῦτον
3375 1911 3389 1957 ;
3411 1892 3516 1945 Τὸν

1933 1979 2125 2048 κρότον
2142 1980 2252 2035 τῶν
2273 1984 2596 2054 εἰρημένων,
2613 1985 2703 2038 τὸν
2725 1984 2945 2039 ἔπαινον
2965 1985 3056 2038 τὸν
3076 1986 3169 2037 ἐπὶ
3186 1987 3252 2055 τῇ
3270 1985 3517 2038 διδασκα-

1931 2071 2038 2142 λίᾳ.
2060 2073 2274 2145 Ἐπειδὴ
2294 2074 2400 2147 γὰρ
2416 2068 2564 2128 εἷπον
2580 2074 3094 2146 χθὲς,ὅτι”Εκαστος
3114 2076 3269 2146 ὑμῶν
3290 2078 3514 2146 ποιησά-

1928 2180 2006 2216 τω
2042 2164 2140 2235 τὴν
2168 2167 2347 2219 οἰκίαν
2376 2166 2538 2222 αὐτοῦ
2571 2168 2885 2237 ἐκκλησίαν,
2912 2169 3053 2239 μέγα
3072 2169 3508 2238 ἀνακεκράγατε,

1926 2255 2213 2325 δηλοῦντες
2248 2260 2349 2330 τὴν
2384 2260 2577 2331 ἡδονὴν
2618 2261 2715 2332 τὴν
2756 2262 2850 2314 ἐπὶ
2884 2264 2997 2324 τοῖς
3028 2261 3436 2332 είρημένοις.’0
3454 2260 3513 2312 δὲ

1930 2346 2048 2416 μεθ’
2068 2348 2262 2418 ἡδονῆς
2298 2349 2511 2404 ἀκούων
2547 2351 2656 2403 τῶν
2694 2350 3023 2421 λεγομένων,
3046 2343 3201 2414 οὗτος
3239 2350 3333 2403 καὶ
3373 2348 3510 2415 πρὸς

1924 2440 2023 2510 τὴν
2058 2440 2167 2493 τῶν
2203 2441 2380 2513 ἔργων
2417 2444 2675 2508 ἐπίδειξιν
2711 2444 3172 2515 παρεσκεύασται.
3205 2445 3304 2498 Διά
3338 2436 3510 2498 ταῦτα

1924 2532 2018 2582 καὶ
2037 2532 2277 2605 τήμερον
2296 2532 2699 2605 προθυμότερον
2719 2532 2885 2587 ἀπεδυ
2894 2534 3073 2605 σάμην
3095 2534 3230 2605 πρὸς
3251 2533 3349 2605 τὴν
3365 2534 3508 2588 διδα-

1930 2619 2175 2673 σκαλίαν.

2004 2798 2164 2852 Ἀλλά
2196 2798 2513 2871 διεγέρθητε
2553 2802 2647 2854 καὶ
2684 2799 2798 2856 νῦν.
2834 2802 2969 2857 Οὐδὲ
3007 2803 3115 2874 γὰρ
3155 2802 3245 2856 τὸν
3280 2803 3505 2871 λέγοντα

1919 2891 2343 2963 διεγηγερμένον
2363 2887 2499 2946 εἶναι
2520 2893 2623 2967 χρὴ
2649 2892 2829 2962 μόνον,
2850 2893 2986 2947 ἀλλά
3005 2892 3243 2956 καὶτοὺς
3282 2893 3504 2946 ἀκούον-

1919 3001 2016 3046 τας
2037 2984 2362 3051 ἐναγωνίους
2381 2980 2520 3037 εἶναι
2540 2985 2666 3056 χρὴ,
2691 2984 2926 3048 καὶτοὺς
2944 2984 3239 3047 ἀκούοντας
3278 2985 3501 3055 μᾶλλον,

1918 3075 1951 3143 ἢ
1991 3075 2082 3128 τὸν
2120 3076 2578 3146 λέγοντα.Ἠμεῖς
2600 3077 2697 3146 μὲν
2717 3076 2824 3146 γὰρ
2850 3076 2978 3147 μίαν
3010 3076 3207 3148 ἔχομεν
3244 3076 3498 3147 σπουδὴν,

1919 3166 2244 3220 καταϐαλεῖν
2283 3166 2353 3220 τά
2387 3167 2681 3223 δεσποτικὰ
2718 3170 2976 3239 χρήματα
2996 3185 3007 3197 ·
3033 3169 3160 3239 ὑμῖν
3179 3168 3232 3221 δὲ
3256 3168 3455 3221 πλείων
3473 3170 3503 3221 6

1920 3259 2099 3323 πόνος,
2122 3259 2262 3311 ὥστε
2284 3259 2378 3312 καὶ
2398 3258 2762 3323 ὑποδέξασθαι
2805 3260 2967 3322 αὐτὰ,
2989 3261 3082 3312 καὶ
3124 3258 3262 3331 μετά
3299 3258 3501 3329 πολλῆς

1915 3350 2153 3421 τηρῆσαι
2200 3353 2301 3420 τῆς
2350 3352 2672 3420 ἀσφαλείας.
2708 3352 2956 3405 Ἐπίθετε
2993 3352 3171 3404 τοίνυν
3210 3350 3348 3420 μετά
3399 3352 3501 3422 τὴν

1916 3444 2181 3512 ἀκρόασιν
2216 3444 2284 3498 τά
2321 3444 2544 3513 κλεῖθρα
2581 3446 2702 3508 ταῖς
2738 3443 2952 3514 θύραις,
2974 3444 3101 3507 τοὺς
3123 3441 3380 3513 μοχλούς·
3405 3445 3501 3497 καὶ

1915 3535 2207 3606 λογισμοὺς
2243 3537 2368 3599 τοὺς
2406 3536 2709 3608 φοϐεροὺς,
2751 3537 3003 3606 καθάπερ
3040 3534 3191 3598 τινάς
3229 3535 3495 3602 φύλακας,

1915 3624 2250 3697 πανταχόθεν
2288 3642 2358 3679 πε
2367 3627 2519 3697 ριστή
2529 3643 2655 3680 σατε
2676 3628 2741 3695 τῇ
2763 3625 2929 3695 ψυχῇ.
2954 3625 3063 3677 Καὶ
3082 3625 3189 3696 γὰρ
3208 3625 3497 3694 ἀναίσχυν-

1912 3734 2004 3781 τος
2037 3720 2065 3772 6
2101 3717 2342 3788 κλέπτης
2361 3717 2499 3779 ἐστὶ,
2523 3718 2614 3770 καὶ
2631 3716 2923 3779 διαπαντὸς
2943 3718 3230 3787 ἀγρυπνεῖ,
3252 3718 3345 3768 καὶ
3373 3734 3497 3769 συν-

1912 3807 2052 3876 εχῶς
2087 3806 2388 3860 ἐπιτίθεται
2412 3848 2425 3867 ,
2464 3805 2569 3859 κᾶν
2608 3805 2866 3867 πολλάκις
2905 3803 3150 3877 ἀποτύχῃ
3178 3845 3192 3865 ,
3236 3804 3493 3867 πολλάκις

1912 3900 2487 3971 ἐπιχειρεί.Ἔστωσαν
2524 3897 2699 3951 τοίνυν
2738 3897 2957 3967 φοϐεροὶ
2993 3898 3043 3949 οί
3080 3897 3314 3965 φύλακες
3337 3913 3348 3923 ·
3389 3898 3493 3951 κᾶν

1914 3998 2063 4052 ίδωσι
2082 3998 2173 4050 τὸν
2191 3994 2433 4050 διάϐδλον
2456 3993 2678 4047 ἐλθόντα
2698 3996 2790 4048 καί
2812 3992 3130 4063 βουλόμενον
3161 3990 3403 4062 ἁρπάσαι
3439 4009 3492 4044 τι

1911 4093 2018 4146 τῶν
2058 4090 2524 4162 καταϐληθέντων,
2551 4089 2690 4158 μετά
2710 4087 2908 4156 πολλῆς
2929 4085 3089 4139 αὑτὸν
3110 4084 3489 4139 ἁπελαυνέτω-

1912 4204 2009 4239 σαν
2027 4186 2125 4256 τῆς
2143 4185 2394 4256 κραυγῆς
2410 4201 2421 4211 ·
2446 4182 2547 4235 κᾶν
2569 4180 2845 4252 φροντίδες
2869 4179 3118 4249 βιωτικαὶ
3144 4178 3356 4243 ἐπίωσι,
3381 4196 3488 4230 κω-

1908 4278 2208 4331 λυέτωσαν·
2252 4277 2353 4329 κᾶν
2391 4274 2528 4345 λήθη
2569 4272 2721 4343 παρά
2754 4272 2853 4338 τῆς
2893 4269 3105 4338 φύσεως
3132 4269 3486 4340 διενοχλῇ,τῇ

1910 4368 2107 4440 μελέτῃ
2126 4368 2223 4440 τὴν
2248 4368 2467 4438 μνήμην
2486 4362 2919 4435 διεγειρέτωσαν.
2936 4362 3008 4414 Οὐ
3029 4361 3136 4431 γάρ
3155 4362 3270 4413 ἐστι
3294 4359 3487 4431 μικρὸς

1906 4461 1936 4511 6
1975 4460 2237 4520 κίνδυνος,
2261 4455 2523 4510 ἀπολέσαι
2560 4454 2819 4523 χρήματα
2854 4449 3166 4503 δεσποτικὰ.
3191 4449 3253 4501 Εἰ
3292 4448 3399 4519 γὰρ
3436 4448 3486 4499 οί

1906 4546 2309 4622 ταῦτατά[675]
2330 4548 2588 4619 χρήματα
2600 4542 3001 4616 ὑποδεχόμενοι,
3014 4542 3111 4592 ἐπε
3120 4539 3231 4592 ιδάν
3245 4538 3488 4609 διασκορ-

1906 4644 2106 4696 πίσωσι
2124 4642 2192 4694 τὰ
2214 4638 2588 4700 πιστευθέντα,
2621 4634 2833 4705 θανάτῳ
2854 4631 3167 4695 κολάζονται
3190 4630 3445 4693 πολλάκις
3467 4645 3481 4659 ⁸

1905 4737 1954 4788 οί
1991 4735 2062 4788 τὰ
2100 4732 2277 4803 πολλῷ
2311 4730 2611 4802 τιμιώτερα
2647 4727 2852 4781 τούτων
2888 4725 3273 4793 ὑποδεξάμενοι
3307 4722 3482 4789 λόγια,

1905 4825 2022 4879 εἶτα
2040 4822 2422 4885 ἀπολέσαντες,
2449 4819 2606 4872 ποίαν
2625 4818 2723 4889 οὐχ
2745 4815 3141 4886 ὑποστήσονται
3178 4813 3446 4883 τιμωρίαν
3465 4826 3481 4875 ;

1918 4917 2041 4969 Ἐπὶ
2083 4915 2182 4985 μὲν
2220 4912 2424 4966 τούτων
2451 4909 2558 4963 τῶν
2580 4910 2878 4981 χρημάτων
2900 4907 3144 4977 φυλακῆς
3164 4908 3300 4957 εἰσιν
3321 4905 3483 4957 ὑπεύ-

1905 5009 2054 5062 θυνοι
2090 5007 2250 5078 μόνον
2284 5006 2333 5058 οἱ
2371 5004 2671 5075 δεχόμενοι,
2694 5002 2879 5073 ἐτέρου
2899 5002 2955 5055 δὲ
2974 4999 3352 5061 οὐδενός-,Ὅσα
3371 4998 3481 5066 γὰρ

1905 5098 2252 5164 ὑπεδέξαντο,
2269 5096 2507 5149 τοσαῦτα
2524 5093 2721 5156 αὐτοὺς
2741 5092 3056 5147 καταθεῖναι
3078 5092 3224 5143 πᾶσα
3241 5091 3453 5159 ἀνάγκη
3466 5131 3478 5151 ,

1904 5190 1997 5244 καὶ
2019 5188 2180 5242 πλέον
2199 5186 2371 5249 οὐδεὶς
2392 5187 2546 5239 οὐδὲν
2573 5187 2881 5240 ἀπαιτεῖται
2902 5185 3029 5253 παρ’
3049 5183 3227 5237 αὐτῶν
3246 5198 3261 5213 ’
3300 5184 3392 5235 ἐπὶ
3423 5183 3478 5235 δὲ

1901 5288 2010 5341 τῶν
2029 5285 2125 5339 τοῦ
2140 5284 2276 5338 Θεοῦ
2297 5283 2468 5351 λόγων
2489 5282 2609 5353 ούχὶ
2632 5280 2875 5349 φυλακῆς
2893 5280 3059 5348 ἐσμεν
3079 5277 3367 5331 ὑπεύθυνοι
3386 5279 3479 5346 μό-

1902 5396 2012 5443 νον,
2034 5377 2170 5431 ἀλλά
2206 5376 2300 5429 καί⁵
2335 5372 2596 5445 ἐργασίας
2615 5371 2834 5440 πολλῆς.
2858 5369 2993 5423 Οὐδὲ
3012 5368 3119 5440 γὰρ
3138 5369 3279 5438 άπερ
3300 5368 3480 5434 ἐδεξάο

1906 5471 2046 5544 μεθα
2086 5470 2247 5540 μόνον
2283 5466 2576 5522 ἀποδοῦναι
2614 5462 2966 5533 κελευόμεθα,
3006 5462 3142 5517 ἀλλά
3187 5464 3277 5514 καὶ
3316 5460 3479 5515 διπλᾶ

1902 5564 2076 5618 ταῦτα
2097 5562 2173 5633 τῷ
2192 5561 2436 5631 Δεσπότῃ
2458 5558 2863 5632 προσενεγκεῖν.
2887 5556 3078 5608 Καίτοι
3118 5556 3165 5606 εἰ
3195 5554 3290 5606 καὶ
3311 5553 3453 5621 φυλά

1905 5657 1991 5723 ξαι
2030 5655 2317 5727 προέκειτο
2356 5655 2579 5727 μόνονα,
2602 5650 2799 5721 πολλῆς
2836 5649 3074 5717 ἀγωνίας⁵
3112 5649 3205 5701 καὶ
3243 5645 3477 5715 σπουδῆς

1968 5839 1994 5869 ⁸
2018 5837 2141 5902 Reg.
2164 5835 2287 5887 εδιδ
2310 5835 2500 5899 φυλάξαι
2524 5833 2754 5892 προσήκει
2772 5833 2943 5895 μόνον.

3101 5941 3167 5995 15
