4028 6360
496 366 602 425 609

494 482 667 538 ἐδεῖτο
700 482 760 536 16
798 482 1029 553 πρᾶγμα
1046 498 1058 511 ·
1098 483 1226 538 ὅταν
1245 484 1301 538 δὲ
1322 485 1419 539 καὶ
1439 485 1731 541 πλεονάσαι
1752 485 1891 540 αὐτὰ
1911 502 2082 558 προσ-

493 577 662 646 τάττῃ
685 577 815 645 ἡμῖν
834 577 861 626 6
881 574 1178 646 Δεσπότης,
1202 576 1455 647 ἐννόησον
1475 578 1599 630 ὅσου
1624 579 1784 631 πόνου
1806 578 1894 631 καὶ
1921 595 2086 648 φρον-

492 669 639 731 τίδος
677 669 806 737 ἡμῖν
846 665 926 719 δεῖ
958 669 1072 727 τοῖς
1092 664 1449 722 πιστευθεῖσι.
1472 670 1570 723 Διά
1588 687 1670 723 τοι
1690 670 1847 723 τοῦτο
1867 687 2087 723 πιστευ-

496 762 607 826 θείς
644 780 728 824 τις
765 763 926 814 πέντε
962 757 1341 833 τάλαντα,ούχ
1378 764 1480 817 ὅσα
1518 763 1873 834 ἐνεπιστεύθη
1912 780 2085 832 προσο

496 856 748 925 ήνεγκεν,
770 852 908 906 ἀλλὰ
927 852 1021 905 καὶ
1040 852 1204 923 ’ἕτερα
1222 851 1483 907 τοσαῦτα.
1502 854 1714 906 Ἐκεῖνα
1739 853 1836 923 μὲν
1854 851 1963 923 γάρ
1982 852 2085 922 τῆς

493 944 587 997 τοῦ
608 944 870 998 δεσπότου
892 944 1303 1016 φιλανθρωπίας
1321 941 1388 1015 ἦν
1403 960 1415 973 ·
1442 942 1546 999 ἔδει
1565 945 1620 997 δὲ
1644 946 1737 998 καὶ
1754 945 1845 998 τὸν
1867 944 2085 1013 οἰκέτην

493 1038 591 1107 τὴν
629 1036 824 1090 ἐαυτοῦ
865 1036 1100 1108 σπουδὴν
1139 1036 1783 1107 ἐπιδείξασθαι.’ομοίως
1823 1038 1917 1090 καὶ
1954 1037 1982 1088 6
2015 1035 2087 1090 τά

494 1128 587 1181 δύο
605 1128 843 1183 τάλαντα
864 1130 1175 1192 πιστευθεὶς
1193 1130 1487 1203 εἰργάσατο
1504 1130 1637 1185 άλλα
1656 1129 1768 1193 δύο,
1785 1131 1877 1183 καὶ
1896 1128 2084 1182 τούτου

495 1220 659 1273 ἕνεκα
695 1219 903 1291 ἠξιώθη
941 1222 1039 1291 τῆς
1079 1221 1253 1291 αὐτῆς
1271 1220 1436 1292 τιμῆς
1458 1222 1610 1293 παρὰ
1627 1220 1717 1275 τοῦ
1742 1222 1871 1275 ἰδίου
1889 1220 2085 1275 δεσπό-

494 1311 814 1375 του.¹Ἀλλος
853 1312 909 1364 δέ
946 1329 1029 1375 τις
1070 1312 1232 1366 πάλιν
1268 1312 1326 1364 ἒν
1364 1312 1626 1366 τάλαντον
1665 1314 1971 1376 πιστευθεὶς
1995 1314 2087 1366 καὶ

499 1406 882 1473 προσενεγκὼν
921 1402 1053 1457 αὐτὸ
1090 1404 1226 1475 ὅπερ
1263 1402 1580 1473 ἐπιστεύθη,
1602 1404 1662 1457 ού
1705 1402 1964 1473 μειώσας,
1988 1404 2088 1456 οὐκ

500 1495 811 1559 ἐλαττώσεις
830 1495 928 1567 τὴν
949 1494 1443 1567 παρακαταθήκην,
1465 1496 1565 1549 ούκ
1586 1496 1644 1562 ἐξ
1664 1496 1917 1565 ἡμισείας
1952 1495 2089 1549 ἀπο-

497 1588 640 1650 δοὺς,
668 1587 857 1659 ἐπειδὴ
899 1587 974 1660 μὴ
1011 1588 1112 1659 τὴν
1148 1586 1533 1659 πραγματείαν
1570 1586 1909 1653 ἀπεδείξατο,
1952 1586 2087 1659 μηδὲ

497 1678 718 1733 διπλοῦν
756 1680 1096 1749 προσήνεγκε
1118 1680 1177 1732 16
1202 1679 1505 1744 πιστευθὲν,
1526 1680 1624 1750 τὴν
1644 1679 1878 1749 ἐσχάτην
1918 1679 2087 1732 ἔδωκε

498 1770 655 1841 δίκην
676 1786 690 1799 °
713 1772 807 1823 καὶ
850 1770 995 1841 μάλα
1032 1771 1276 1833 εἰκότως.
1304 1772 1367 1823 EI
1404 1772 1513 1841 γάρ
1553 1771 1875 1843 ἐϐουλόμην,
1898 1771 2087 1840 φησὶν,

499 1860 640 1913 αὐτὰ
681 1860 1045 1930 φυλάττεσθαι
1091 1862 1271 1932 μόνον,
1292 1861 1383 1914 καὶ
1420 1860 1587 1931 ἄλλην
1623 1860 1697 1932 μὴ
1716 1860 2091 1929 γενέσθαιέμ-

500 1953 697 2025 πορίαν
736 1956 795 2006 ἐν
834 1954 1038 2017 αὐτοῖς,
1059 1954 1159 2006 οὐκ
1180 1952 1244 2005 ἂν
1264 1952 1404 2005 αύτά
1425 1954 1545 2015 ταῖς
1564 1952 1673 2006 τῶν
1691 1951 1889 2005 δούλων
1910 1951 2091 2004 ἔδωκα

499 2046 673 2117 χερσί,
701 2045 771 2097 Σὺ
806 2044 862 2097 δέ
901 2061 989 2114 μοι
1010 2044 1109 2096 θέα
1130 2041 1231 2111 τὴν
1252 2042 1664 2115 φιλανθρωπίαν
1685 2041 1779 2095 τοῦ
1800 2041 2088 2097 δεσπότου.

500 2139 881 2209 Προσήνεγκεν
929 2139 958 2190 6
1006 2136 1078 2188 τά
1133 2138 1293 2189 πέντε
1330 2136 1569 2189 τάλαντα
1607 2134 1919 2197 πιστευθεὶς
1956 2134 2092 2187 ἄλλα

500 2228 682 2293 πέντε,
706 2228 801 2280 καὶ
840 2228 868 2279 6
905 2226 971 2280 τά
1010 2226 1125 2291 δύο,
1146 2224 1284 2279 ἄλλα
1319 2224 1583 2277 τοσαῦτα·
1627 2225 1721 2278 καὶ
1756 2224 1865 2277 τῶν
1906 2224 2091 2278 αὐτῶν

501 2322 761 2391 ἑκάτερος
800 2319 1115 2389 άπήλαυσεν
1151 2316 1633 2389 άμοιϐῶν.Ὢσπερ
1656 2317 1764 2387 γάρ
1784 2316 1979 2387 ἐκείνῳ
2013 2311 2091 2369 εί-

502 2430 603 2467 πεν
621 2427 636 2445 ο
658 2406 767 2476 Εὖ,
788 2409 971 2464 δοῦλε
1008 2408 1193 2478 ἀγαθὲ
1228 2408 1329 2462 καί
1366 2408 1563 2473 πιστὲ,
1592 2408 1689 2461 ἐπὶ
1712 2408 1882 2477 ὀλίγα
1901 2403 1973 2481 ἧς
1997 2424 2091 2460 πι-

500 2503 787 2568 στὸς,ὲπί
826 2499 1076 2555 πολλῶν
1111 2518 1185 2553 σε
1224 2500 1613 2565 καταστήσω·
1653 2498 1795 2552 οὕτω
1815 2499 1908 2552 καὶ
1927 2498 2006 2570 τῷ
2024 2500 2091 2551 τά

501 2592 597 2645 δύο
634 2590 1051 2661 προσενεγκόντι
1089 2591 1274 2658 φησὶν,
1300 2584 1407 2652 Εὖ,
1431 2588 1615 2641 δοῦλε
1634 2588 1818 2657 ἀγαθὲ
1856 2586 1955 2641 καί
1995 2602 2092 2641 πι-

501 2680 632 2744 στὲ,
654 2680 752 2733 ἐπὶ
793 2681 967 2749 ὀλίγα
1005 2674 1081 2747 ἦς
1118 2678 1353 2743 πιστὸς,
1384 2679 1481 2731 ἐπὶ
1525 2676 1773 2731 πολλῶν
1804 2691 1879 2730 σε
1913 2694 2091 2731 κατα-

500 2772 731 2837 στήσω.
752 2769 812 2822 Ἢ
838 2769 1097 2839 πρόσοδος
1117 2769 1215 2838 οὐχ
1238 2770 1271 2839 ή
1296 2767 1455 2838 αύτὴ,
1472 2767 1565 2820 καὶ
1587 2769 1614 2821 6
1637 2766 1825 2837 μισθὸς
1845 2769 1873 2820 6
1892 2768 2055 2831 αὐτός
2074 2784 2088 2799 ο

500 2861 645 2915 οὕτω
676 2859 770 2913 καὶ
797 2857 985 2912 τοῦτον
1018 2857 1116 2929 τῆς
1149 2856 1321 2926 αὐτῆς
1346 2854 1545 2928 ἠξίωσε
1565 2858 1750 2927 τιμῆς.
1774 2858 1839 2910 Τί
1856 2857 2091 2929 δήποτε;

506 2956 626 3007 Ὅτι
648 2952 708 3006 οὐ
728 2955 793 3022 τῇ
818 2951 1076 3021 ποσότητι
1108 2949 1217 3002 τῶν
1246 2949 1735 3021 προσενεχθέντων,
1758 2949 1893 3002 ἀλλὰ
1910 2952 1977 3019 τῇ
1997 2950 2093 3001 δυ-

501 3047 665 3117 νάμει
699 3044 809 3099 τῶν
848 3043 1232 3116 ἐργαζομένων
1272 3046 1558 3115 προσεῖχεν
1593 3045 1622 3096 6
1656 3042 1808 3105 Θεός.
1839 3043 2094 3095 Ἐκείνων

507 3139 605 3209 μὲν
641 3137 750 3209 γάρ
785 3137 1015 3200 ἕκαστος
1052 3134 1121 3188 τά
1158 3136 1301 3187 κατά
1334 3134 1562 3205 δύναμιν
1598 3133 1941 3199 ἐπεδείξατο·
1997 3133 2095 3188 τδν

505 3226 844 3296 πλεονασμὸν
863 3225 920 3277 δέ
940 3224 1049 3277 τῶν
1071 3223 1546 3297 προσενεχθέντων
1567 3225 1660 3277 καὶ
1680 3223 1779 3294 τὴν
1800 3224 2095 3278 ἐλάττωσιν

503 3322 602 3391 οὐχ
642 3320 675 3389 ἡ
717 3317 961 3390 ῥᾳθυμία
1000 3317 1233 3382 ἐκείνου,
1253 3316 1375 3370 ούδέ
1395 3318 1427 3386 ή
1450 3316 1654 3389 σπουδὴ
1690 3316 1903 3380 τούτου,
1924 3316 2040 3371 ἀλλ’
2059 3317 2095 3386 ή

505 3410 736 3482 διαφορά
756 3412 852 3479 τῆς
873 3408 1343 3480 παρακαταθήκης
1364 3408 1640 3479 ἐποίησεν.
1676 3409 1913 3471 Ἐκεῖνος
1932 3410 2096 3464 πέντε

506 3502 689 3565 ἔλαϐε,
712 3501 804 3555 καὶ
838 3500 1000 3554 πέντε
1034 3499 1171 3555 ἄλλα
1191 3500 1567 3569 προσήνεγκεν
1592 3514 1605 3528 ·
1629 3494 1781 3563 οὗτος
1800 3500 1893 3553 δύο
1912 3501 2094 3566 ἔλαϐε,

507 3597 603 3649 καὶ
637 3594 729 3647 δύο
767 3595 1132 3666 προσήνεγκε,
1152 3593 1247 3646 καὶ
1284 3594 1407 3645 κατ’
1428 3592 1579 3645 οὐδὲν
1614 3592 1997 3662 ὴλάττωταιέν
2016 3592 2097 3665 τῷ

506 3687 609 3756 τῆς
627 3686 861 3756 σπουδῆς
880 3684 1045 3755 λόγῳ.
1069 3685 1179 3737 Καὶ
1200 3684 1308 3754 γὰρ
1327 3685 1421 3738 καί⁸
1450 3677 1604 3749 οὗτος
1640 3683 1825 3746 διπλᾶ,
1846 3686 2097 3748 κάκεῖνος

506 3777 672 3830 διπλᾶ
689 3776 758 3829 τά
778 3775 1135 3829 πιστευθέντα
1154 3776 1448 3846 εἰργάσατο
1465 3792 1478 3807 ο
1498 3775 1595 3830 ὁδὶ
1615 3776 1673 3829 ἒν
1692 3775 1871 3830 λαϐὼν
1890 3775 2097 3829 ἁπλοῦν

509 3870 854 3941 προσήνεγκε
873 3883 889 3900 ο
911 3868 991 3921 διὸ
1011 3868 1106 3921 καὶ
1127 3866 1434 3931 ἐκολάζετο.

588 3962 653 4031 β’.
700 3960 1001 4015 Ἠκούσατε
1029 3961 1208 4013 τοίνυν
1230 3960 1372 4031 πόση
1390 3962 1633 4033 τιμωρία
1660 3966 1836 4018 κεῖται
1860 3968 1971 4029 τοῖς
2022 3964 2098 4037 μὴ

509 4052 1055 4125 πραγματευομένοις
1094 4052 1222 4122 περὶ
1255 4050 1325 4105 τά
1361 4054 1621 4124 χρήματα
1664 4054 1732 4108 τά
1766 4055 2093 4121 δεσποτικά;

509 4145 718 4199 Οὐκοῦν
740 4145 832 4199 καὶ
852 4143 1200 4214 φυλάξωμεν,
1222 4142 1319 4196 καὶ
1347 4143 1923 4213 πραγματευσώμεθα,
1946 4145 2094 4217 [676]

511 4238 607 4291 καὶ
633 4236 834 4309 πολλὴν
854 4233 1250 4306 ἐπιδειξώμεθα
1271 4236 1398 4305 περὶ
1417 4235 1558 4288 αύτά
1575 4236 1672 4307 τὴν
1693 4238 1981 4308 ἐμπορίαν.
2005 4240 2096 4311 Μὴ

510 4334 717 4402 λεγέτω
736 4348 837 4395 τιςο
856 4329 1092 4401 Ἰδιώτης
1114 4329 1249 4399 εἰμὶ,
1275 4328 1523 4398 μαθητής
1542 4330 1676 4399 είμι,
1700 4328 1855 4398 λόγον
1873 4332 1971 4385 οὑκ
1992 4332 2100 4402 ἔχω

512 4425 879 4488 διδασκαλίας,
901 4423 1120 4494 ἀμαθὴς
1156 4422 1231 4475 ὢν
1270 4422 1365 4476 καὶ
1403 4421 1614 4485 οὐδενὸς
1652 4420 1818 4487 ἄξιος.
1840 4423 1960 4476 Κᾶν
1993 4424 2099 4493 γὰρ

519 4516 733 4587 ἰδιώτης
769 4513 856 4591 ᾗς,
877 4517 983 4571 κᾶν
1023 4514 1262 4586 ἀμαθὴς,
1283 4514 1389 4569 κᾶν
1410 4514 1468 4567 ἓν
1487 4514 1748 4569 τάλαντον
1783 4516 2097 4587 πιπευθῇς,

516 4608 751 4680 ἐργάζου
790 4608 849 4661 16
889 4606 1244 4677 ἐγχειρισθέν,
1269 4607 1361 4659 καὶ
1394 4607 1486 4659 τὸν
1523 4607 1685 4661 αὑτὸν
1702 4608 1779 4678 τῷ
1798 4608 2099 4663 διδάσκοντι

515 4701 661 4772 λήψῃ
686 4698 897 4771 μισθόν.
916 4698 1053 4751 Ἀλλ’
1075 4699 1155 4751 ὅτι
1180 4698 1278 4767 μὲν
1298 4697 1590 4766 φυλάττετε
1611 4699 1679 4751 τά
1701 4700 1984 4771 εἰρημένα,
2006 4701 2101 4754 καὶ

520 4792 658 4863 μετὰ
670 4791 869 4861 πολλῆς
879 4790 978 4860 τῆς
989 4789 1272 4861 ἀκριϐείας
1284 4789 1540 4859 κατέχετε
1549 4831 1563 4854 ,
1584 4790 1723 4843 πάνυ
1742 4791 2097 4845 πεπίστευκα’

518 4887 604 4941 ἵνα
646 4884 704 4938 δὲ
741 4883 816 4955 μὴ
855 4884 936 4946 είς
972 4883 1130 4936 τοῦτο
1148 4882 1241 4934 τὸν
1273 4882 1429 4947 λόγον
1464 4882 1678 4936 ἅπαντα
1712 4882 2099 4953 ἀναλώσωμεν,

519 4976 656 5048 φέρε
676 4976 770 5031 καὶ
789 4976 858 5029 τὰ
878 4974 1006 5044 ἐξῆς
1025 4974 1134 5028 τῶν
1154 4974 1278 5044 χθὲς
1300 4976 1430 5044 ἡμῖν
1450 4975 1743 5044 λεχθέντων
1778 4974 2102 5046 προσθῶμεν

519 5070 614 5122 ἐπὶ
648 5069 745 5139 τῆς
787 5067 1059 5137 ὑμετέρας
1098 5066 1339 5137 ἀγάπης,
1359 5065 1546 5119 τοῦτον
1566 5066 1665 5135 τῆς
1686 5065 1935 5135 φυλακῆς
1972 5066 2102 5135 ύμῖν

520 5159 863 5222 ἀποδιδόντες
883 5158 973 5211 τὸν
1011 5157 1215 5228 μισθόν.
1237 5158 1297 5211 '0
1317 5158 1424 5229 γάρ
1444 5157 1512 5211 τά
1533 5158 1775 5229 πρότερα
1793 5159 2102 5222 πιστευθεὶς

520 5251 615 5304 καὶ
635 5251 902 5322 τηρήσας,
923 5249 1072 5315 ἄξιος
1109 5248 1175 5303 ἂν
1214 5252 1297 5319 εἴη
1322 5251 1415 5303 καὶ
1452 5251 1614 5320 ἕτερα
1635 5249 1795 5302 πάλιν
1814 5249 2014 5302 λαϐεῖν.
2037 5252 2102 5303 Τί

520 5338 613 5394 οὖν
649 5337 717 5412 ἦν
754 5341 817 5393 τὸ
851 5340 1093 5411 διήγημα
1128 5339 1187 5392 τὸ
1223 5339 1349 5409 χθὲς
1386 5341 1517 5410 ήμῖν
1540 5338 1991 5409 προτεθένςῐῖερί⁵
2008 5339 2101 5392 τοῦ

522 5430 682 5491 ξύλου
704 5431 733 5482 6
750 5430 907 5497 λόγος
926 5427 1017 5500 ἦν,
1039 5431 1130 5483 καὶ
1149 5430 1430 5499 ἐδείξαμεν
1451 5430 1531 5481 ὅτι
1553 5428 1665 5498 ᾔδει
1685 5429 1713 5479 ὁ
1734 5427 2017 5497 ἄνθρωπος
2043 5430 2104 5481 16

522 5521 686 5574 καλὸν
725 5522 821 5576 καὶ
855 5522 916 5574 τὸ
951 5522 1207 5592 πονηρὸν,
1229 5522 1357 5592 πρὶν
1396 5520 1429 5591 ἢ
1469 5522 1661 5589 φαγεῖν
1682 5520 1788 5572 ἀπὸ
1807 5520 1900 5572 τοῦ
1924 5518 2099 5584 ξύλου,

523 5616 620 5665 καὶ
655 5614 855 5683 πολλῆς
894 5614 1082 5682 σοφίας
1122 5613 1492 5683 ἐπεπλήρωτο,
1532 5612 1624 5681 ἀφ’
1652 5605 1726 5665 ὧν
1763 5610 1998 5683 ἐπέθηκε
2034 5613 2102 5666 τὰ

525 5702 763 5771 ὀνόματα
798 5708 909 5768 τοῖς
949 5705 1177 5776 θηρίοις,
1199 5706 1293 5775 ἀφ’
1313 5699 1385 5758 ὧν
1407 5705 1621 5773 ἐπέγνω
1640 5704 1739 5774 τὴν
1757 5708 1989 5773 γυναῖκα
2006 5705 2103 5772 τὴν

529 5796 722 5848 ἑαυτοῦ
747 5836 762 5861 ,
818 5799 911 5868 ἀφ’
946 5792 1021 5854 ὧν
1057 5794 1205 5853 εἶπε·
1252 5798 1431 5853 Τοῦτο
1466 5797 1583 5853 νῦν
1621 5795 1846 5851 ὀστοῦν
1880 5795 1946 5848 ἐκ
1986 5794 2104 5850 τῶν

1137 364 1197 419 S.
1242 363 1530 422 JOANNIS
1565 363 2058 421 CIIRYSOSTOMI
2100 363 2424 427 ARCIIIEP.
2465 368 3020 428 CONSTANTINOP.

3662 370 3778 429 610

2194 484 2424 540 ὀστέων
2435 506 2555 557 μου
2570 506 2582 519 ⁸
2602 489 2697 559 ἀφ’
2713 483 2788 545 ὧν
2807 488 3049 562 περὶτοῦ
3069 486 3248 559 γάμου
3267 486 3512 559 διελέχθη
3534 488 3629 541 καὶ
3650 490 3783 559 περὶ

2197 582 2559 651 παιδοποιίας,
2582 588 2677 639 καὶ
2698 587 2959 654 συζυγίας
2978 586 3075 639 καὶ
3095 584 3299 655 πατρὸς
3320 585 3416 637 καὶ
3434 584 3643 654 μητρὸς
3652 626 3666 649 ν
3683 584 3782 653 ἀφ’

2191 672 2267 732 ὧν
2304 680 2522 749 ἐντολὴν
2560 682 2771 739 ἐλαϐεν.
2796 684 2930 739 Ούδέ
2965 682 3075 753 γὰρ
3110 680 3330 751 ἐντολὴν
3348 681 3530 735 δίδωσί
3564 699 3649 743 τις
3686 682 3788 735 καὶ

2194 777 2356 847 νόμον
2390 776 2479 829 τοῦ
2518 779 2795 849 πρακτέου
2817 780 2911 832 καὶ
2928 779 3023 832 τοῦ
3047 780 3122 849 μὴ
3143 778 3417 848 πρακτέου
3437 776 3514 847 τῷ
3532 778 3594 830 16
3614 777 3789 830 καλὸν

2192 880 2290 933 καὶ
2329 879 2563 951 πονηρὸν
2600 876 2904 943 ἀγνοοῦντι.
2944 878 3191 946 Σήμερον
3228 875 3527 941 ἀναγκαῖον
3562 874 3787 937 εἰπεῖν,

2192 977 2339 1041 τίνος
2374 978 2582 1043 ἕνεκεν,
2605 979 2653 1030 εί
2696 976 2769 1047 μὴ
2807 975 2957 1046 παρὰ
2991 973 3087 1026 τοῦ
3125 972 3283 1039 ξύλου
3302 973 3400 1040 τὴν
3420 970 3624 1039 γνῶσιν
3641 971 3673 1023 6
3690 970 3792 1023 άνο

2194 1075 2414 1147 θρωπος
2434 1074 2616 1139 ἔλαϐε,
2637 1072 2878 1140 γνωστὸν
2912 1070 3081 1123 καλοῦ
3120 1068 3216 1121 καὶ⁵
3252 1066 3493 1137 πονηροῦ
3528 1064 3592 1118 τὸ
3626 1064 3791 1131 ξύλον

2193 1171 2408 1243 εἴρηται
2430 1186 2444 1202 ⁸
2484 1171 2545 1223 οὺ
2584 1168 2693 1239 γάρ
2733 1167 2928 1239 μικρὸν
2946 1165 3007 1219 16
3029 1164 3242 1235 μαθεῖν,
3262 1163 3352 1215 διὰ
3368 1162 3421 1214 τί
3440 1160 3649 1230 ταύτην
3683 1161 3791 1228 τὴν

2195 1267 2569 1338 προσηγορίαν
2590 1265 2703 1336 ἔχει
2723 1264 2819 1317 καὶ
2840 1263 3016 1329 ξύλον.
3038 1261 3149 1314 Καὶ
3168 1259 3279 1331 γὰρ
3295 1258 3326 1309 6
3340 1256 3587 1320 διάϐολος
3604 1253 3787 1309 εἶπεν·

2193 1358 2279 1434 *ῌ
2295 1363 2373 1417 ἂν
2390 1362 2582 1432 ἡμέρᾳ
2603 1360 2831 1431 φάγητε
2847 1358 2965 1414 ἀπὸ
2982 1356 3089 1411 τοῦ
3106 1352 3797 1421 ξύλουβιανοιχθήσονε

2194 1478 2288 1514 ται
2324 1460 2494 1529 ὑμῶν
2531 1462 2585 1512 οι
2626 1455 2942 1527 ὀφθαλμοὶ,
2963 1455 3063 1508 καὶ
3091 1452 3312 1506 ἔσεσθε
3344 1452 3424 1517 ὡς
3442 1452 3588 1513 θεοὶ,
3612 1450 3790 1518 τινώο

2195 1572 2451 1620 σκοντες
2473 1554 2664 1607 καλὸν
2684 1552 2779 1606 καί
2801 1552 3086 1619 πονηρόν.
3112 1546 3237 1612 Πῶς
3255 1543 3347 1600 οὖν
3370 1546 3433 1597 σὺ
3452 1545 3653 1612 λέγεις,
3679 1560 3755 1613 φη
3771 1570 3790 1582 ·

2198 1654 2302 1711 σὶν,
2323 1652 2403 1706 ὅτι
2440 1653 2540 1705 ούκ
2578 1650 2800 1719 ἐνέθηκε
2836 1648 3039 1718 γνῶσιν
3072 1644 3241 1700 καλοῦ
3264 1645 3357 1698 καὶ
3380 1641 3654 1713 πονηροῦ;
3690 1640 3793 1705 τίς

2196 1750 2326 1821 γὰρ,
2351 1749 2471 1802 είπέ
2500 1765 2611 1819 μοι,
2636 1745 2891 1817 ἐνέθηκεν
2916 1763 2930 1810 ;
2954 1737 3061 1814 ἆρα
3079 1746 3105 1796 6
3123 1741 3366 1804 διάϐολος
3387 1756 3400 1803 ;
3443 1740 3571 1801 Ναὶ,
3595 1739 3790 1807 φησὶν,

2197 1844 2367 1900 εἰπών
2387 1861 2399 1874 ·
2427 1845 2683 1897 Ἕσεσθε
2716 1842 2795 1909 ώς
2835 1841 2980 1904 θεοὶ,
3014 1836 3419 1909 γινώσκοντες
3453 1838 3647 1889 καλέτ
3686 1835 3789 1888 καὶ

2197 1944 2491 2011 πονηρόν,
2546 1936 2677 1993 Εῐτα
2698 1938 2789 1993 τοῦ
2813 1935 3007 2009 ἐχθροῦ
3042 1956 3131 2008 μοι
3153 1938 3339 2007 φέρεις
3358 1936 3455 2006 τὴν
3480 1933 3793 2005 μαρτυρίαν

2197 2041 2291 2093 καὶ
2327 2038 2420 2092 τοῦ
2461 2036 2779 2102 ἐπιϐούλους
2812 2035 3005 2087 Καίτοι
3039 2027 3194 2096 οὗτος
3233 2028 3403 2097 εἶπεν,
3427 2032 3644 2087 ὅτιιὶαὶ
3681 2028 3793 2081 θεοὶ

2198 2134 2387 2189 ἔσεσθε
2410 2152 2421 2164 '
2444 2129 2553 2207 ἆρα
2590 2131 2681 2186 οὖν
2720 2132 2813 2185 κα)⁸
2850 2130 2964 2184 θεοὶ
2998 2130 3247 2200 ἐγένοντο
3271 2148 3286 2196 ;
3308 2129 3521 2199 Ὥσπερ
3558 2122 3653 2180 οὖν
3692 2126 3795 2177 οὐκ

2198 2233 2447 2301 ἐγένοντο
2484 2229 2808 2294 θεοληούτως
2846 2228 2970 2281 οὕτε
3008 2226 3208 2295 γνῶσιν
3231 2224 3396 2278 καλοῦ
3416 2224 3510 2277 καὶ
3549 2220 3792 2293 πονηροῦ

2196 2329 2319 2382 τότε
2356 2327 2566 2381 ἔλαϐον.
2606 2324 2861 2395 Ψευστὴς
2898 2323 3007 2394 γάρ
3045 2324 3192 2375 ἐστιν
3230 2324 3470 2385 ἐκεῖνος,
3510 2322 3607 2372 καὶ
3642 2319 3796 2371 οὐδὲν

2198 2426 2395 2498 ἀληθὲς
2432 2424 2867 2495 φθέγγεται.Ὲν
2904 2422 3013 2491 γὰρ
3054 2418 3129 2488 τῇ
3169 2420 3443 2487 ἀληθείᾳ,
3467 2416 3793 2489 φησὶν,οῠχ

2200 2523 2445 2590 ἕστηκε.

2270 2618 2363 2691 Μὴ
2400 2618 2463 2688 δὴ
2500 2616 2595 2670 τοῦ
2636 2615 2832 2687 ἐχθροῦ
2869 2614 3286 2685 παραγάγωμεν
3322 2612 3421 2684 τὴν
3462 2610 3796 2681 μαρτυρίαν,

2199 2714 2314 2769 ἀλλ’
2340 2714 2540 2783 ἴδωμεν
2576 2714 2671 2766 ἀπ’
2693 2711 2873 2765 αὐτῶν
2894 2711 3003 2763 τῶν
3026 2711 3393 2780 πραγμάτων,
3416 2709 3565 2769 τίνος
3584 2706 3793 2768 ἕνεκεν,

2200 2812 2441 2881 γνωστὸν
2478 2810 2644 2864 καλοῦ
2688 2809 2783 2862 καὶ
2819 2807 3057 2879 πονηροῦ
3096 2806 3344 2860 καλεῖται
3377 2805 3442 2858 16
3478 2803 3661 2870 ξύλον.
3686 2804 3797 2857 Καὶ

2201 2912 2489 2983 πρότερον,
2511 2910 2559 2961 εί
2580 2909 2746 2972 δοκεῖ,
2765 2906 2819 2959 τι
2840 2906 2970 2959 ποτέ
2988 2907 3103 2958 ἐστι
3126 2904 3288 2957 καλὸν
3310 2903 3405 2955 καὶ
3425 2901 3667 2971 πονηρὸν
3686 2902 3798 2954 ἐπι-

2203 3002 2555 3072 σκεψώμεθα.
2578 2999 2642 3054 Τί
2660 2995 2753 3052 οὖν
2774 3001 2889 3051 ἐστι
2910 2996 3103 3060 καλόν;
3140 2994 3203 3048 Ὶί
3245 2995 3485 3063 ὑπακοή.
3512 2993 3577 3045 Τί
3614 2991 3673 3044 δέ
3699 3008 3799 3043 πο-

2201 3096 2396 3167 νηρόν;
2450 3094 2514 3147 Ἡ
2536 3092 2813 3164 παρακοή.
2834 3090 2945 3143 Καὶ
2964 3089 3101 3152 τέως
3124 3090 3274 3158 ήμῖν,
3294 3087 3380 3139 ἵνα
3407 3086 3480 3155 μὴ
3504 3081 3800 3153 πλανώμε-

2203 3193 2271 3247 θα
2310 3192 2439 3262 περὶ
2476 3192 2576 3261 τὴν
2610 3189 2773 3257 φύσιν
2807 3186 2904 3240 τοῦ
2942 3184 3111 3238 καλοῦ
3150 3182 3246 3237 καὶ
3279 3180 3375 3236 τοῦ
3399 3179 3668 3251 πονηροῦ,
3689 3179 3800 3234 άπὸ

2202 3288 2311 3341 τῶν
2332 3286 2567 3358 Γραφῶν
2585 3285 2756 3340 ταῦτα
2777 3279 3332 3352 διακριϐούσθω.”οτι
3350 3276 3461 3348 γὰρ
3479 3277 3645 3329 τοῦτό
3680 3277 3799 3328 ἐστι

2202 3383 2265 3438 16
2299 3382 2464 3437 καλὸν
2484 3382 2577 3436 καὶ
2598 3380 2850 3451 πονηρὸν,
2872 3380 3106 3433 ἄκουσον
3123 3375 3174 3427 τί
3195 3389 3363 3443 φησιν
3399 3374 3429 3425 6
3467 3372 3760 3442 προφήτης
3778 3387 3795 3401 ⁸

2210 3483 2270 3535 Τί
2289 3480 2500 3543 καλὸν,
2524 3479 2623 3533 καί
2642 3480 2698 3532 τί
2718 3479 2934 3545 Κύριος
2951 3478 2985 3529 ὁ
3006 3472 3154 3539 Θεὸς
3186 3470 3418 3537 ἐκζητεῖ
3444 3470 3607 3537 παρὰ
3644 3468 3760 3522 σοῦ
3777 3484 3800 3530 ,'

2204 3576 2353 3630 Εἰπὲ
2372 3578 2427 3629 τί
2447 3577 2657 3629 καλόν.
2677 3572 2935 3643 Ἀγαπᾷν
2952 3572 3173 3637 Κύριον
3188 3567 3457 3620 τὸνθεόν
3475 3581 3618 3617 σου.
3635 3566 3803 3634 Ὁρᾷς

2204 3675 2285 3727 ὅτι
2304 3674 2337 3743 ή
2357 3670 2571 3740 ὑπακοὴ
2590 3670 2751 3724 καλόν
2772 3686 2785 3733 ;
2805 3671 2869 3721 ἐκ
2887 3666 2997 3738 γὰρ
3015 3665 3116 3734 τῆς
3134 3663 3357 3733 άγάπης
3379 3664 3412 3732 ή
3436 3661 3673 3728 ὑπακοή.
3692 3661 3802 3712 Kal

2205 3769 2365 3823 πάλιν
2386 3785 2399 3797 ·
2436 3767 2589 3839 [677]
2623 3768 2737 3819 Δύο
2776 3762 3028 3831 πονηρὰ,
3054 3762 3241 3830 φησιν,
3274 3758 3570 3823 ἐποίησεν
3590 3760 3624 3809 ό
3648 3757 3801 3821 λαός

2198 3883 2317 3935 μου
2338 3861 2516 3930 οὗτος
2531 3879 2544 3893 ·
2563 3862 2667 3933 ἐμὲ
2685 3860 3081 3931 ἐγκατέλιπον
3099 3855 3303 3925 πηγὴν
3321 3855 3541 3919 ὕδατος
3558 3852 3794 3915 ζῶντος.

2205 3962 2299 4015 καὶ
2336 3961 2576 4029 ὤρυξαν
2605 3956 2842 4023 ἑαυτοῖς
2862 3954 3130 4019 λάκκους
3148 3949 3722 4017 συντετριμμένους,
3744 3947 3803 4000 οι

2204 4061 2275 4112 οὺ
2311 4057 2680 4123 δυνήσονται
2711 4054 2868 4121 ὕδωρ
2887 4051 3195 4119 συνέχειν.
3219 4049 3383 4119 Ὁρᾷς
3401 4048 3483 4100 ὅτι
3506 4045 3743 4115 πονηρὸν
3764 4047 3797 4115 ή

2205 4154 2461 4229 παρακοὴ
2483 4154 2577 4207 καὶ
2598 4148 3072 4224 ήέγκατάλειψις;
3104 4147 3255 4208 Τέως
3290 4140 3387 4198 οὖν
3420 4143 3583 4196 τοῦτο
3619 4142 3801 4213 τηρῶ-

2210 4270 2330 4323 μεν,
2352 4253 2433 4305 δτι
2470 4250 2632 4303 καλὸν
2654 4251 2687 4321 ή
2708 4248 2949 4318 ὑπακοὴ,
2972 4246 3067 4298 καλ⁵
3090 4244 3326 4315 πονηρὸν
3348 4244 3380 4313 ὴ
3404 4241 3685 4313 παρακοὴ,
3707 4240 3803 4292 καὶ

2206 4348 2379 4411 οὕτως
2415 4346 2672 4417 εἰσόμεθα
2712 4347 2952 4398 κάκεῖνο.
2977 4343 3085 4395 Kal
3106 4341 3216 4411 γάρ
3252 4340 3339 4393 διά
3378 4338 3538 4391 τοῦτο
3559 4338 3800 4406 γνωστὸν

2206 4444 2373 4498 καλοῦ
2395 4444 2488 4498 καὶ
2508 4441 2745 4513 πονηροῦ
2768 4441 3015 4494 καλεῖται
3034 4438 3095 4491 τδ
3116 4438 3293 4505 ξύλον,
3318 4436 3508 4506 ἐπειδὴ
3528 4437 3562 4506 ή
3586 4433 3800 4503 ἐντολὴ,

2204 4542 2238 4609 ὴ
2262 4540 2613 4611 γυμνάζουσα
2632 4538 2728 4608 τὴν
2750 4536 2998 4607 ὑπακοὴν
3022 4533 3116 4587 καὶ
3134 4533 3233 4604 τὴν
3256 4530 3567 4601 παρακοήν,
3590 4531 3721 4601 περὶ
3739 4530 3801 4580 16

2208 4634 2364 4700 ξύλον
2402 4633 2801 4705 ἐγένετοπῌδει
2824 4632 2921 4703 μὲν
2942 4631 3052 4703 γάρ
3073 4630 3168 4683 καὶ
3190 4630 3295 4699 πρὸ
3331 4627 3523 4680 τούτου
3546 4627 3573 4678 6
3606 4626 3796 4694 Ἀδὰμ.

2206 4733 2289 4784 ὅτι
2309 4731 2472 4784 καλὸν
2496 4732 2594 4801 μὲν
2615 4731 2648 4800 ή
2671 4729 2906 4799 ὑπακοὴ,
2927 4727 3161 4799 πονηρὸν
3182 4727 3237 4779 δέ
3259 4728 3292 4795 ή
3317 4726 3571 4795 παρακοή
3593 4742 3605 4753 ’
3630 4723 3798 4793 ἔμαθε

2206 4829 2263 4881 δὲ
2296 4827 2522 4899 ὕστερον
2556 4825 2889 4896 σαφέστερον
2930 4824 2996 4877 δι’
3018 4824 3191 4894 αὐτῆς
3210 4823 3318 4875 τῶν
3340 4821 3686 4894 πραγμάτων
3705 4819 3802 4889 τῆς

2208 4926 2641 4997 πείρας.Ὢσπερ
2678 4922 2788 4992 γάρ
2826 4922 2919 4975 καὶ
2955 4923 2984 4973 6
3021 4922 3161 4974 Κάῖν
3198 4919 3317 4991 ᾔδει
3356 4921 3456 4989 μὲν
3475 4916 3799 4987 ὃτικακδνή

2208 5022 2610 5091 ἁδελφοκτονία.
2634 5022 2729 5072 καὶ
2765 5018 2895 5088 πρὶν
2934 5017 2966 5087 ἢ
3010 5016 3213 5085 σφάξαι
3234 5016 3323 5069 16v
3343 5015 3575 5083 ἀδελφὺν
3593 5012 3761 5068 αὐτοῦ
3783 5030 3797 5043 ·

2208 5121 2287 5173 ὅτι
2314 5120 2423 5190 γὰρ
2445 5119 2559 5190 ᾔδει
2581 5116 2814 5188 πονηρὸν
2834 5114 2893 5168 δν
2913 5116 2974 5167 τὸ
2994 5116 3246 5185 πρᾶγμα,
3270 5115 3509 5167 ἄκουσον
3538 5111 3592 5164 τί
3628 5128 3761 5181 φησι
3782 5128 3798 5143 -

2209 5216 2414 5283 Δεῦρο,
2435 5213 2773 5282 ἐξέλθωμεν
2791 5214 2878 5277 εις
2897 5211 2963 5264 τὸ
2984 5210 3215 5265 πεδίον.
3239 5210 3435 5263 Καίτοι
3454 5208 3599 5271 τίνος
3619 5208 3805 5260 ἐνεκεν

2210 5314 2387 5375 ἕλκεις
2424 5312 2504 5374 είς
2539 5308 2601 5362 16
2637 5308 2817 5361 πεδίον
2855 5307 2963 5367 ἀπὸ
2999 5307 3112 5360 τῶν
3147 5306 3436 5377 πατρικῶν
3473 5303 3803 5363 ἀποσπάσας

2209 5409 2465 5478 ἀγκαλῶν
2483 5408 2575 5461 16v
2597 5406 2823 5476 ἀδελφόν
2843 5423 2857 5471 ;
2877 5405 2931 5457 τί
2951 5406 3007 5459 δὲ
3030 5404 3295 5474 καθιστᾷς
3316 5406 3375 5455 ἐν
3394 5402 3639 5474 ἐρημίας
3674 5401 3725 5451 τί
3745 5399 3803 5451 δὲ

2212 5508 2418 5578 γυμνὸν
2439 5509 2611 5568 ποιεῖς
2631 5506 2727 5575 τῆς
2751 5503 3076 5573 κηδεμονίας
3094 5519 3108 5567 ;
3127 5502 3180 5555 τί
3202 5502 3394 5573 πόρρω
3412 5500 3512 5569 τῆς
3531 5498 3808 5568 πατρικῆς

2210 5604 2447 5671 ἀπάγεις
2466 5602 2672 5671 δψεως;
2711 5600 2763 5653 τί
2799 5599 3155 5670 διακρύπτεις
3173 5600 3272 5669 τὴν
3290 5597 3519 5667 τόλμαν,
3541 5597 3590 5648 εί
3627 5596 3703 5664 μὴ
3722 5593 3808 5645 δέ·

2210 5701 2396 5763 δοικας
2434 5698 2531 5769 τὴν
2567 5698 2881 5769 άμαρτίαν;
2919 5696 2971 5749 τί
3008 5694 3066 5749 δὲ
3103 5696 3198 5749 καὶ
3230 5695 3367 5765 μετὰ
3386 5695 3446 5747 16
3467 5691 3697 5761 ποιῆσαι
3715 5693 3807 5743 16:

2216 5796 2395 5869 φόνον,
2414 5794 2575 5850 πάλιν
2595 5791 2947 5865 ἐρωτώμενος
2967 5792 3340 5864 δυσχεραίνεις
3360 5790 3452 5844 καὶ
3472 5787 3680 5860 ψεύδῃς
3701 5783 3809 5841 Τοῦ
