4028 6360
217 418 325 476 «19

213 545 376 599 esset,
408 535 573 592 multa
592 534 949 592 sollicitudine
971 550 1034 591 ac
1050 534 1224 592 studio
1246 550 1332 592 res
1358 534 1619 607 indigeret
1642 552 1654 589 :
1686 551 1809 591 cum

216 641 344 682 vero
371 637 430 682 ut
457 630 618 683 etiam
647 628 1085 698 multiplicentur,
1113 627 1268 683 nobis
1296 628 1550 683 Dominus
1578 628 1813 698 impera-

216 719 307 786 rit,
333 720 508 791 cogita
532 729 787 791 quantum
815 720 1015 775 laboris
1047 729 1104 775 et
1144 735 1287 775 curae
1318 721 1387 775 sit
1431 735 1460 773 a
1498 720 1669 785 nobis,
1699 718 1817 789 qui-

218 812 316 867 bus
344 828 408 867 ea
451 812 740 867 commissa
786 818 930 878 sunt,
960 810 1365 867 conferendum.
1419 810 1542 867 ldeo
1564 811 1813 881 quidam,

216 904 303 960 cui
350 906 640 960 commissa
689 904 899 960 fuerant
950 905 1146 959 talenta
1189 904 1423 975 quinque
1470 903 1811 975 (Mattlt.25.

217 997 306 1052 ﬂ.
328 1014 440 1069 sqq.
467 997 511 1065 ),
555 1012 662 1052 non
692 995 911 1052 totidem
960 997 1173 1062 obtulit,
1204 996 1299 1051 sed
1352 995 1639 1067 duplicata.
1680 996 1813 1049 Nam

215 1088 308 1144 illa
336 1088 577 1159 quidem,
622 1089 962 1159 benignitatis
990 1098 1144 1144 erant
1185 1087 1385 1143 domini
1416 1107 1429 1143 :
1462 1088 1556 1147 sed
1582 1090 1816 1158 oportuit

214 1182 378 1237 etiam
421 1197 637 1238 servum
667 1197 817 1237 suam
867 1181 1121 1237 exhibere
1168 1181 1517 1252 diligentiam.
1558 1180 1815 1237 Similiter

215 1286 273 1330 et
295 1275 343 1330 is
370 1276 457 1331 cui
481 1275 590 1330 duo
611 1276 807 1330 talenta
832 1276 1034 1331 credita
1064 1274 1295 1342 fuerant,
1318 1275 1421 1329 alia
1444 1275 1549 1329 duo
1579 1276 1813 1332 lucratus

214 1377 299 1423 est
322 1408 338 1433 ,
367 1378 527 1438 atque
548 1367 744 1422 idcirco
774 1368 886 1438 pari
917 1384 1037 1423 eum
1066 1367 1317 1423 dominus
1340 1367 1542 1423 honore
1566 1367 1813 1438 dignatus

215 1469 321 1514 est.
348 1458 502 1514 Alius
532 1474 658 1514 vero
684 1474 868 1515 rursus
906 1460 990 1515 cui
1036 1460 1290 1515 talentum
1340 1476 1503 1515 unum
1548 1461 1811 1516 creditum

214 1549 412 1619 fuerat,
437 1562 492 1606 et
520 1550 650 1605 illud
673 1551 846 1621 ipsum
867 1550 1153 1618 obtulerat,
1184 1550 1327 1621 quod
1370 1551 1632 1607 creditum
1658 1561 1773 1607 erat
1790 1591 1807 1618 ,

214 1641 309 1713 qui
360 1657 469 1697 non
518 1642 880 1708 imminuerat,
919 1658 1027 1698 non
1071 1643 1306 1699 deterius
1342 1643 1650 1700 reddiderat
1681 1643 1812 1699 illud

214 1734 537 1804 depositum,
581 1750 756 1804 neque
811 1733 1144 1791 dimidiatum
1198 1744 1401 1789 tantum
1456 1734 1808 1790 reddiderat:

215 1826 338 1898 quia
369 1836 632 1897 qumstum
671 1840 776 1881 non
802 1825 1023 1892 fecerat,
1050 1840 1222 1895 neque
1243 1825 1569 1895 duplicatum
1599 1825 1811 1881 obtule—

213 1928 317 1985 rat,
339 1918 482 1991 quod
503 1917 767 1973 creditum
798 1917 989 1985 fuerat,
1016 1928 1260 1973 extremo
1296 1917 1555 1987 supplicio
1596 1917 1812 1987 punitus

213 2012 346 2078 fuit;
377 2027 442 2069 ac
460 2010 654 2068 merito
675 2027 824 2067 sane.
855 2012 986 2067 Nam
1020 2012 1066 2066 si
1094 2027 1156 2066 ea
1183 2012 1440 2067 custodiri
1481 2022 1683 2066 tantum
1712 2028 1811 2066 vo-

213 2107 460 2171 luissem,
513 2105 703 2178 inquit,
746 2120 847 2161 nec
895 2104 1041 2161 aliud
1082 2106 1289 2161 lucrum
1331 2121 1396 2162 ex
1428 2106 1542 2161 istis
1566 2105 1808 2177 acquiri,

210 2217 317 2255 non
348 2200 438 2255 illa
470 2215 749 2255 servorum
782 2199 1025 2254 manibus
1063 2199 1418 2255 tradidissem.
1447 2199 1527 2254 Tu
1555 2215 1682 2254 vero
1709 2199 1810 2254 do-

209 2292 342 2347 mini
390 2291 772 2362 benignitatem
804 2292 1105 2349 considera.
1140 2291 1190 2346 ls
1216 2292 1298 2347 cui
1348 2292 1550 2347 talenta
1580 2295 1811 2364 quinque

208 2384 503 2440 commissa
521 2382 749 2451 fuerant,
776 2383 972 2440 obtulit
989 2384 1091 2438 alia
1114 2384 1372 2455 quinque,
1402 2394 1458 2438 et
1478 2384 1523 2438 is
1549 2384 1635 2439 cui
1656 2383 1765 2439 duo
1789 2425 1806 2451 ,

209 2477 380 2531 altera
403 2485 543 2530 tanta
560 2516 576 2539 ,
600 2485 655 2531 et
673 2475 859 2531 eadem
877 2486 1101 2549 uterque
1123 2477 1337 2546 prznmia
1359 2477 1558 2530 retulit.
1583 2476 1650 2533 Ut
1665 2477 1808 2531 enim

210 2568 285 2623 illi
312 2567 451 2622 dixit
475 2588 488 2622 :
520 2567 686 2638 Euge,
714 2583 852 2621 serve
871 2567 997 2622 bone
1020 2584 1083 2622 ac
1100 2568 1287 2637 ﬁdelis,
1312 2584 1467 2638 super
1489 2585 1650 2638 pauca
1666 2569 1808 2640 fuisti

208 2658 402 2728 ﬁdelis,
418 2674 572 2728 super
586 2660 747 2712 multa
760 2658 1117 2712 teconstituam
1147 2660 1165 2730 (
1186 2657 1214 2713 1
1221 2658 1322 2713 bid.
1340 2673 1387 2711 υ.
1403 2658 1464 2713 21
1490 2660 1508 2729 )
1529 2677 1542 2714 :
1558 2661 1635 2714 sic
1648 2664 1806 2716 ctiam

210 2751 288 2803 illi
306 2748 399 2819 qui
413 2750 520 2803 duo
538 2749 826 2813 obtulerat,
849 2748 1039 2818 inquit,
1058 2747 1218 2819 Euge,
1239 2763 1381 2803 serue
1400 2748 1524 2803 bone
1541 2765 1601 2801 ac
1615 2750 1805 2817 ﬁdelis,

207 2858 365 2913 super
402 2858 565 2911 pauca
604 2842 745 2909 fuisti
781 2841 980 2911 ﬁdelis,
1024 2857 1178 2911 super
1219 2842 1381 2895 multa
1424 2851 1473 2897 te
1509 2842 1809 2897 constituam

209 2935 378 3005 (Ibid.
406 2952 452 2990 υ.
481 2935 603 3007 9.3).
628 2935 926 2990 Provenlus
949 2934 1087 2989 haud
1110 2934 1249 2990 idem
1277 2945 1359 2989 cst
1377 2977 1392 3002 ,
1421 2944 1474 2990 et
1496 2949 1703 2991 merces
1726 2944 1809 2989 est

207 3029 401 3085 eadem
456 3046 470 3083 :
517 3029 595 3083 sic
642 3037 697 3082 et
742 3028 883 3082 bunc
931 3027 1120 3083 eodem
1175 3027 1379 3083 honore
1420 3029 1667 3099 dignatus
1702 3040 1804 3087 est.

206 3121 349 3188 Quid
382 3120 493 3174 ita?
516 3120 779 3186 Quoniam
803 3134 908 3174 n0n
935 3133 1121 3174 eorum
1148 3135 1267 3190 qua:
1291 3120 1467 3174 oblata
1490 3133 1614 3174 sunt
1641 3136 1810 3190 quan-

210 3215 442 3278 titatem,
469 3213 562 3268 sed
600 3227 788 3267 eorum
821 3213 1089 3278 virtutem,
1120 3214 1209 3284 qui
1259 3212 1514 3284 negotiati
1559 3214 1806 3283 fuerant,

210 3305 519 3361 attendebat
547 3305 705 3362 Dens.
747 3304 879 3359 Nam
912 3315 1135 3376 uterque
1160 3320 1257 3375 pro
1281 3305 1417 3360 virili
1448 3320 1566 3375 qua:
1589 3320 1807 3361 suarum

212 3398 441 3469 partium
486 3406 639 3451 erant
694 3397 1013 3466 praistitcrat
1054 3414 1067 3451 :
1108 3411 1195 3452 res
1245 3406 1424 3452 autem
1468 3398 1662 3452 oblatae
1700 3413 1805 3452 non

212 3490 581 3562 multiplicum
608 3490 822 3545 fuerant
845 3498 938 3545 aut
958 3490 1251 3544 imminutae
1275 3491 1359 3546 vel
1386 3490 1459 3545 ob
1483 3490 1626 3545 illius
1655 3490 1806 3561 igna-

211 3585 379 3646 viam,
416 3582 499 3637 vel
534 3581 605 3637 ob
632 3580 959 3651 diligentiam
1003 3580 1177 3647 istius,
1204 3580 1297 3636 sed
1329 3596 1425 3650 pro
1452 3581 1678 3652 depositi
1720 3579 1832 3643 di-,

210 3676 488 3732 versitate.
514 3675 606 3731 Ille
625 3674 859 3745 quinque
879 3674 1105 3744 accepit,
1123 3683 1178 3728 et
1201 3674 1396 3729 obtulit
1414 3674 1517 3729 alia
1538 3675 1802 3747 quinque;

210 3768 301 3824 hic
322 3768 532 3839 accepit
554 3767 682 3834 duo,
705 3776 761 3823 et
778 3767 969 3821 obtulit
995 3767 1301 3838 duo,neque
1323 3767 1463 3838 quod
1485 3766 1552 3822 ad
1573 3767 1808 3822 studium

207 3863 423 3926 attinet,
451 3861 673 3917 inferior
699 3858 923 3915 exstitit.
953 3859 1224 3929 Siquidem
1255 3869 1309 3914 et
1350 3859 1438 3914 hic
1461 3858 1721 3930 duplicia,
1754 3866 1810 3913 ct

210 3955 304 4009 ille
332 3953 565 4023 duplicia
596 3953 830 4008 lucratus
859 3960 943 4006 est
979 3951 1178 4006 credita
1210 3970 1225 4006 :
1255 3951 1302 4008 is
1341 3966 1471 4006 vero
1509 3951 1601 4021 qui
1644 3966 1808 4006 unum

207 4055 515 4117 acceperat,
543 4046 767 4116 simplex
791 4046 921 4101 illud
948 4045 1177 4112 obtulit;
1200 4060 1361 4118 quam
1386 4045 1457 4101 ob
1486 4058 1701 4101 causam
1725 4051 1810 4099 est

206 4142 375 4197 etiam
402 4141 711 4211 castigatus.

280 4235 339 4289 2.
365 4234 604 4291 Audistis
628 4249 756 4305 ergo
778 4243 1033 4305 quantum
1062 4234 1182 4289 illos
1207 4243 1417 4288 maneat
1441 4233 1758 4302 supplicium
1785 4273 1802 4297 ,

206 4327 305 4399 qui
329 4342 397 4382 ex
423 4326 710 4381 dominicis
737 4328 976 4397 pecuniis
998 4327 1249 4397 negotiati
1282 4341 1388 4379 non
1418 4324 1633 4380 fuerint.
1668 4325 1808 4391 Ergo

206 4432 266 4477 et
311 4420 681 4477 custodiamus
704 4460 720 4485 ,
765 4429 821 4474 et
861 4420 1231 4489 negotiemur,
1273 4427 1330 4473 et
1356 4418 1579 4472 multum
1610 4432 1674 4471 ex
1704 4417 1809 4471 illis

210 4514 423 4570 lucrum
449 4511 816 4568 exhibeamns.
840 4511 1022 4583 Neque
1044 4511 1183 4567 dicat
1208 4511 1400 4581 aliquis
1428 4528 1441 4564 :
1466 4509 1629 4564 ldiota
1656 4525 1805 4574 sum,

208 4604 512 4675 discipulus
552 4618 711 4671 sum,
751 4602 974 4657 verbum
1004 4602 1261 4658 doctrina:
1300 4618 1406 4657 non
1448 4600 1652 4666 habeo,
1683 4616 1805 4655 cum

208 4695 496 4765 imperitus
535 4695 637 4750 sim
684 4703 739 4749 et
773 4694 970 4750 nullius
1000 4694 1175 4765 pretii.
1209 4692 1441 4748 Tametsi
1472 4694 1614 4748 enim
1646 4691 1807 4746 idiota

208 4791 288 4844 sis
309 4830 325 4853 ,
362 4788 486 4842 licet
509 4786 801 4855 discipulus
822 4828 836 4853 ,
862 4787 987 4842 licet
1014 4802 1176 4840 unum
1204 4785 1299 4841 tibi
1329 4786 1582 4840 talentum
1603 4784 1674 4839 sit
1691 4798 1809 4838 cre-

207 4880 424 4943 ditum,
459 4878 732 4950 negotiarc
757 4894 821 4933 ex
861 4893 927 4933 eo
951 4878 1093 4949 quod
1124 4877 1216 4932 tibi
1237 4878 1581 4931 commissum
1611 4886 1692 4930 est
1711 4917 1725 4941 ,
1755 4882 1809 4929 et

208 4971 462 5025 rznndem
488 4986 609 5026 cum
635 4969 856 5025 doctore
880 4968 1183 5024 mercedem
1207 4968 1453 5039 accipies.
1479 4969 1555 5022 Ac
1577 4982 1672 5021 vos
1689 4965 1808 5037 qui-

206 5065 337 5118 dem
378 5077 445 5117 ea
486 5078 603 5133 qua:
631 5062 772 5117 dicta
815 5070 940 5117 sunt
964 5061 1233 5116 custodire
1258 5071 1313 5116 et
1340 5069 1524 5116 exacte
1550 5060 1806 5114 memoria

209 5166 405 5211 tenere
432 5156 650 5210 omnino
673 5156 836 5211 credo
866 5173 879 5209 :
912 5155 1006 5210 sed
1035 5170 1103 5209 ne
1127 5154 1181 5209 in
1210 5153 1311 5209 hoc
1327 5162 1489 5209 totam
1512 5154 1808 5209 orationem

209 5247 621 5320 impendamus,
666 5264 765 5318 age
809 5265 927 5319 qua:
971 5258 1267 5319 sequuntur
1293 5264 1353 5304 ea
1377 5265 1496 5319 qua:
1525 5249 1663 5304 dicta
1684 5257 1810 5303 sunt

209 5360 241 5396 ει
287 5343 445 5398 nobis
490 5342 604 5397 heri
636 5342 775 5412 apud
815 5342 1091 5397 caritatem
1122 5350 1350 5396 vestram
1374 5382 1390 5407 ,
1419 5341 1804 5412 adjungamus,

208 5444 271 5488 ct
310 5432 456 5487 hanc
494 5432 645 5487 vobis
669 5433 926 5488 custodia:
955 5431 1255 5487 mercedem
1290 5431 1674 5502 persolvamus.
1704 5431 1807 5499 Qui

208 5523 362 5578 enim
408 5523 586 5594 priora
625 5523 729 5578 sibi
761 5523 962 5578 credita
992 5523 1360 5586 conservavit,
1390 5522 1583 5592 dignus
1609 5532 1694 5578 est
1717 5524 1807 5592 qui
1834 5566 1835 5569 η

207 5615 319 5669 alia
342 5629 530 5669 rursus
557 5613 804 5684 accipiat.
829 5613 1086 5684 Quianam
1114 5614 1274 5684 igitur
1300 5613 1414 5668 beri
1438 5615 1705 5683 pr0posita
1726 5623 1809 5670 est

208 5723 241 5761 a
266 5706 427 5762 nobis
453 5707 730 5762 narratio?
752 5707 828 5762 De
850 5706 992 5777 ligno
1017 5722 1195 5762 sermo
1221 5717 1336 5762 erat
1352 5749 1366 5770 ,
1397 5715 1453 5762 et
1478 5708 1808 5763 ostendimus

208 5800 525 5865 hominem,
567 5812 851 5871 antequam
894 5799 963 5855 de
1007 5800 1149 5871 ligno
1189 5799 1405 5867 ederet,
1445 5800 1568 5856 boni
1594 5816 1657 5855 ac
1680 5802 1806 5855 mali

201 5894 577 5963 cognitionem
623 5894 904 5962 imbuisse,
951 5893 1217 5965 multaque
1256 5896 1514 5967 repletum
1543 5895 1799 5967 sapientia

1498 416 1564 477 ΙΝ
1602 419 1899 478 GENESIM
1937 420 2167 480 SERMO
2209 420 2316 480 ΥΠ,
2376 410 2377 413 ¹

3414 424 3515 485 611)

1926 534 2122 601 fuisse,
2163 552 2230 592 ex
2279 551 2344 591 eo
2373 537 2514 607 quod
2542 535 2754 591 nomina
2787 536 2975 593 bestiis
3004 538 3345 609 imposuerit,
3374 544 3517 610 quiut

1925 643 2147 683 uxorem
2183 642 2333 683 suam
2374 630 2684 698 agnoverit,
2717 630 2857 701 quod
2883 630 3081 687 dixerit
3114 648 3126 684 ;
3166 631 3275 686 Hoc
3303 648 3436 687 nunc
3458 653 3515 688 os

1922 736 1985 774 ca:
2005 720 2200 774 ossibus
2226 720 2348 774 meis
2370 719 2521 792 (Gen.
2550 721 2604 773 2.
2629 721 2719 792 25)
2744 739 2758 787 ;
2784 721 2924 792 quod
2943 723 3009 776 de
3030 724 3228 793 nuptiis
3248 724 3501 780 dissertio

1920 812 2028 878 rit,
2058 810 2126 867 de
2152 813 2522 881 procreatione
2548 812 2868 879 liberorum,
2902 813 2970 869 de
2997 815 3260 886 conjugali
3287 818 3520 887 conjun-

1919 901 2099 957 ctione
2126 911 2181 957 ct
2206 901 2273 957 dc
2295 912 2445 973 patre
2467 919 2535 959 ac
2559 913 2764 969 matre;
2789 906 2931 976 quod
2962 909 3258 964 ntandatutn
3296 921 3525 974 accepe-

1919 995 2010 1049 rit.
2036 995 2219 1067 Neque
2243 998 2386 1051 enim
2413 996 2720 1051 mandatum
2747 996 2840 1052 dat
2862 1000 3141 1071 quisquam
3167 1016 3228 1055 ac
3251 1000 3423 1072 legem
3447 1003 3521 1060 de

1919 1085 2082 1140 rebus
2122 1086 2373 1156 gerendis
2414 1097 2503 1141 aut
2543 1103 2648 1141 non
2688 1089 2941 1159 gerendis
2980 1093 3066 1157 ci,
3107 1092 3195 1161 qui
3227 1092 3422 1146 bonum
3448 1107 3516 1148 ac

1921 1178 2119 1232 malum
2160 1177 2389 1248 ignoret.
2434 1178 2607 1235 Hodie
2645 1180 2827 1235 dicere
2854 1196 3035 1251 opera:
3063 1182 3220 1237 fuerit
3245 1184 3470 1253 pretium
3493 1214 3514 1251 δ

1918 1283 2075 1339 quam
2114 1268 2185 1323 ob
2216 1284 2435 1324 causam
2455 1310 2471 1336 ,
2500 1271 2600 1325 sia
2630 1270 2776 1342 ligno
2802 1273 3076 1327 scientiam
3104 1272 3267 1329 homo
3294 1291 3399 1330 non
3426 1290 3516 1329 ac-

1916 1361 2090 1429 cepit,
2141 1361 2339 1431 lignum
2383 1362 2623 1418 scientia:
2669 1363 2796 1418 boni
2841 1380 2904 1418 ac
2944 1364 3068 1420 mali
3098 1368 3254 1421 fuerit
3280 1368 3516 1437 appella.

1920 1459 2031 1505 tum
2077 1451 2238 1523 (Ibid.
2274 1469 2321 1507 v.
2366 1454 2421 1525 9)
2466 1473 2479 1508 :
2524 1471 2697 1525 neque
2736 1458 2876 1510 enim
2908 1458 3040 1513 levis
3068 1463 3321 1515 momenti
3350 1462 3508 1516 fuerit

1917 1540 2171 1598 didicisse
2189 1582 2207 1609 ,
2235 1559 2333 1598 cur
2362 1543 2477 1599 lucc
2501 1547 2794 1615 appellatio
2821 1548 2967 1619 ligno
2992 1550 3059 1603 sit
3088 1549 3276 1605 indita.
3301 1551 3432 1606 Nam
3460 1563 3514 1607 rt

1916 1633 2160 1689 diabolus
2204 1636 2336 1691 dixit
2368 1653 2382 1689 :
2414 1638 2530 1703 Qua
2571 1639 2654 1691 die
2690 1640 3109 1694 manducareritis
3132 1643 3194 1695 de
3217 1660 3273 1697 eo
3296 1685 3310 1709 ,
3343 1646 3515 1714 aperi—

1916 1734 2061 1779 entur
2097 1728 2233 1781 oculi
2268 1729 2418 1782 vestri
2440 1770 2456 1795 ,
2495 1738 2540 1783 et
2564 1730 2703 1785 eritis
2726 1732 2854 1784 sicut
2883 1732 2986 1799 dii,
3015 1732 3225 1787 scientes
3253 1733 3439 1789 bonum
3465 1746 3515 1789 ct

1916 1819 2106 1873 malum
2137 1818 2296 1891 (Ibid.
2339 1820 2392 1876 5.
2427 1822 2503 1891 5).
2539 1821 2819 1888 Quomodo
2848 1823 3036 1894 igitur,
3069 1824 3258 1894 inquit,
3295 1835 3349 1880 tu
3377 1826 3512 1881 dicis

1916 1909 2193 1965 scientiam
2240 1926 2347 1966 non
2392 1913 2684 1969 inseruisse
2732 1913 2858 1968 boni
2901 1930 2965 1969 ac
2994 1916 3156 1969 mali?
3186 1917 3317 1984 Quis
3344 1933 3525 1981 vero,

1914 2018 2127 2072 quaeso,
2168 2004 2433 2059 inseruit?
2466 2022 2594 2060 num
2625 2006 2913 2062 diabolus?
2937 2007 3117 2077 Certe,
3149 2010 3318 2079 inquit
3338 2053 3353 2076 ,
3385 2027 3508 2066 cum

1918 2095 2143 2163 dixerit,
2170 2094 2332 2152 Erilis
2356 2099 2484 2154 sicut
2511 2100 2603 2166 dii,
2631 2100 2841 2155 scientes
2862 2100 3047 2154 bonum
3071 2114 3117 2156 et
3138 2105 3348 2157 malum.
3374 2103 3510 2159 Tum

1916 2198 1971 2243 tu
2017 2190 2175 2260 igitur
2216 2192 2580 2247 testimonium
2607 2194 2736 2247 milii
2766 2193 2937 2249 hostis
2964 2195 3123 2249 all'crs
3148 2206 3205 2252 et
3233 2198 3513 2253 insidiato-

1917 2280 2030 2335 ris?
2069 2282 2233 2353 Atqui
2270 2283 2406 2339 dixit
2446 2283 2534 2341 bic
2575 2301 2788 2357 quoque
2810 2328 2826 2355 ,
2861 2288 3022 2342 Eritis
3049 2289 3209 2344 etiam
3237 2287 3309 2347 dli
3336 2304 3360 2350 :
3386 2308 3512 2345 num

1916 2373 2078 2443 igitur
2116 2374 2187 2428 dii
2214 2385 2339 2429 sunt
2366 2376 2535 2429 facti?
2566 2375 2635 2432 Ut
2664 2377 2823 2448 igitur
2852 2378 2925 2433 dii
2958 2378 3080 2433 facti
3112 2395 3214 2434 non
3244 2392 3405 2445 sunt,
3436 2375 3515 2436 .tc

1914 2480 2088 2533 neque
2128 2467 2402 2521 scientiam
2434 2468 2560 2523 boni
2602 2485 2666 2523 ac
2706 2470 2830 2524 nali
2855 2478 2965 2525 tum
2990 2481 3331 2541 acceperunt.
3360 2473 3512 2528 Men-

1912 2554 2017 2611 dax
2055 2558 2196 2612 enim
2238 2566 2322 2613 est
2359 2558 2448 2614 ille
2470 2601 2486 2626 ,
2512 2559 2750 2631 nihilque
2777 2576 2956 2616 verum
2987 2562 3319 2633 proloquitur
3348 2581 3360 2615 :
3390 2581 3513 2619 nam

1913 2647 1980 2703 In
2000 2650 2204 2705 veritate
2222 2692 2237 2716 ,
2268 2652 2470 2722 inquit,
2499 2669 2602 2707 non
2626 2654 2761 2709 stetit
2792 2653 3031 2726 (Joan.8.
3059 2656 3175 2727 41).

1984 2743 2087 2797 Cur
2106 2744 2303 2815 lignum
2320 2745 2544 2799 scientia:
2558 2744 2677 2799 boni
2700 2755 2745 2800 et
2766 2746 2890 2801 ntali
2911 2747 2983 2801 sic
3008 2757 3235 2801 vocatum
3252 2749 3423 2819 fuerit.
3444 2779 3515 2793 -

1910 2832 1990 2889 Nc
2036 2834 2196 2905 igitur
2240 2835 2443 2892 inimici
2495 2837 2859 2891 testimonium
2902 2837 3295 2907 producamus,
3323 2840 3417 2894 sed
3442 2855 3509 2896 ex

1916 2929 2044 2998 ipsis
2073 2930 2232 2985 rebus
2257 2931 2601 3002 colligamus,
2634 2946 2740 3002 qua
2766 2932 2833 2987 de
2858 2947 3018 2986 causa
3046 2932 3245 3002 lignum
3273 2934 3514 2989 scientia:

1913 3020 2040 3076 boni
2084 3037 2148 3077 ac
2173 3022 2301 3077 mali
2332 3032 2574 3078 vocetur.
2617 3024 2697 3078 Ac
2726 3024 2871 3093 prius
2892 3062 2910 3091 ,
2938 3024 2981 3079 si
3013 3024 3220 3079 videtur
3240 3064 3256 3087 ,
3289 3025 3416 3095 quid
3444 3026 3515 3081 sit

1915 3115 2113 3169 bonum
2151 3131 2217 3171 ac
2260 3115 2462 3170 malum
2502 3115 2933 3173 consideremus.
2973 3117 3111 3184 Quid
3151 3133 3282 3188 ergo
3313 3119 3512 3174 bonum

1913 3209 2038 3267 est?
2067 3208 2403 3265 Obedientia.
2434 3209 2572 3277 Quid
2592 3210 2791 3266 malum
2815 3211 2837 3265 ?
2864 3211 3252 3268 lnobedicntia.
3281 3215 3361 3267 Ac
3385 3223 3507 3267 tan-

1915 3301 2083 3374 tispcr
2120 3318 2151 3357 a
2188 3302 2342 3359 nobis
2367 3302 2483 3359 lucc
2512 3319 2576 3359 ex
2610 3304 2740 3373 ipsis
2768 3304 3061 3375 Scripturis
3084 3314 3273 3361 exacte
3303 3306 3512 3364 exami-

1914 3407 2112 3455 nentur
2130 3438 2147 3464 ,
2178 3412 2246 3453 ne
2271 3396 2413 3453 forte
2431 3438 2448 3465 ,
2477 3397 2605 3452 dum
2631 3397 2757 3452 boni
2777 3414 2840 3454 ac
2866 3399 2990 3453 mali
3017 3410 3259 3455 naturam
3285 3401 3515 3470 inquiri-

1914 3505 2071 3557 mus,
2109 3490 2455 3549 aberremns.
2487 3490 2603 3547 Hoc
2640 3491 2782 3547 enim
2811 3506 2932 3547 esse
2956 3492 3156 3548 bonum
3185 3508 3249 3548 ac
3276 3494 3473 3547 “talum
3496 3533 3512 3558 ,

1912 3581 2036 3637 audi
2075 3597 2183 3654 quo
2222 3590 2378 3654 pacto
2402 3582 2593 3638 doceat
2620 3584 2877 3653 prepheta
2906 3599 3027 3639 cum
3056 3585 3185 3640 dicit
3212 3602 3227 3638 :
3258 3584 3395 3649 Quid
3420 3586 3512 3639 bo-

1914 3691 2035 3728 num
2054 3715 2069 3740 ,
2101 3684 2150 3731 et
2180 3675 2304 3745 quid
2329 3676 2580 3731 Dominus
2604 3675 2743 3731 Deus
2770 3678 2979 3747 requirit
3004 3694 3036 3731 a
3062 3680 3151 3734 te?
3173 3677 3271 3732 Dic
3296 3680 3419 3748 quid
3444 3681 3515 3733 sit

1914 3767 2120 3821 bonum.
2155 3766 2222 3823 Ut
2246 3767 2433 3839 diligas
2457 3765 2736 3821 Dominum
2766 3766 2931 3823 Deum
2959 3778 3101 3823 tuum
3126 3769 3315 3839 (Misit.
3336 3769 3393 3824 6.
3415 3772 3501 3840 8).

1915 3859 2078 3915 Vides
2124 3860 2319 3916 bonum
2364 3874 2486 3916 esse
2525 3859 2921 3916 obedientiam?
2961 3863 3224 3933 siquidem
3265 3877 3333 3918 cx
3372 3864 3505 3918 dile-

1912 3955 2089 4011 ctione
2112 3953 2280 4009 oritur
2301 3952 2627 4011 obedientia.
2655 3954 2723 4009 Et
2746 3970 2966 4011 rursus:
2990 3955 3106 4011 Duo
3128 3957 3264 4010 mala
3284 3958 3401 4028 fecit
3423 3974 3513 4027 p0-

1913 4046 2066 4116 pulus
2091 4062 2230 4100 meus
2250 4045 2333 4099 hic
2361 4060 2381 4099 :
2409 4061 2489 4101 me
2513 4046 2885 4113 dereliquerunt
2914 4047 3104 4117 fontem
3130 4063 3278 4118 aquae
3297 4048 3439 4112 vivw,
3463 4058 3513 4102 ct

1913 4140 2153 4209 [oderunt
2180 4138 2274 4191 sibi
2302 4139 2544 4192 cisternas
2564 4138 2808 4192 contritas
2830 4179 2846 4204 ,
2868 4154 2983 4209 qua:
3008 4154 3111 4193 non
3131 4149 3364 4209 poterunt
3385 4156 3509 4195 con-

1913 4232 2071 4285 tinere
2095 4247 2281 4296 aquam
2308 4230 2442 4300 (Jer.
2466 4229 2523 4285 2.
2555 4231 2671 4301 15).
2698 4230 2860 4286 Vides
2889 4231 3302 4287 inobcdicntiant
3330 4243 3385 4288 ct
3413 4233 3508 4289 de-

1913 4326 2242 4381 relictionem
2287 4325 2485 4380 malum
2532 4326 2695 4383 esse?
2743 4326 2856 4381 lloc
2900 4327 3059 4397 igitur
3085 4327 3299 4383 interim
3328 4340 3510 4385 tenea—

1913 4434 2067 4487 mus,
2111 4418 2468 4475 obedientiam
2504 4418 2877 4485 bonumesse,
2908 4430 3069 4489 atque
3092 4420 3505 4478 inobcdientiam

1914 4510 2112 4565 malum
2136 4550 2153 4577 ,
2178 4519 2236 4566 et
2259 4511 2338 4565 sic
2365 4509 2495 4565 illud
2525 4510 2686 4565 etiam
2712 4525 3121 4581 cognoscemus.
3152 4512 3283 4568 Nam
3311 4513 3513 4568 idcirco

1914 4601 2117 4671 lignum
2159 4600 2401 4657 scientia:
2440 4600 2567 4656 boni
2595 4616 2659 4656 ac
2682 4602 2810 4657 mali
2838 4612 3091 4669 vocatur,
3119 4604 3262 4675 quod
3291 4605 3512 4660 manda-

1914 4704 2025 4749 tum
2058 4693 2128 4750 de
2152 4694 2301 4767 ligno
2329 4693 2577 4749 traditum
2605 4694 2787 4762 fuerit,
2815 4696 2968 4765 cujus
2987 4698 3269 4754 occasione
3316 4699 3399 4754 vel
3430 4699 3513 4754 in-

1912 4786 2219 4842 obedientia
2267 4786 2350 4842 vel
2373 4786 2678 4843 obedientia
2704 4798 3014 4844 exercetur.
3035 4787 3173 4844 Nam
3197 4799 3352 4844 antea
3374 4791 3511 4845 scie-

1912 4880 2005 4936 bat
2030 4879 2269 4935 Adamus
2293 4878 2654 4935 obedientiam
2681 4880 2881 4936 bonum
2907 4863 3061 4949 esse,
3087 4881 3505 4938 inobedientiam
3530 4908 3541 4914 -

1911 4980 2090 5026 autem
2117 4970 2318 5027 malum
2348 4989 2363 5024 :
2388 4970 2727 5028 manifestius
2751 4982 2933 5027 autem
2965 4983 3148 5042 postea
3176 4987 3240 5027 ex
3274 4974 3386 5043 ipsa
3418 4990 3509 5029 re-

1912 5079 2033 5119 rum
2059 5063 2388 5134 experientia
2413 5063 2615 5119 didicit.
2640 5065 2790 5120 Sicut
2809 5064 2972 5120 etiam
2995 5065 3195 5120 caedem
3216 5064 3506 5119 fraternam

1911 5157 2112 5212 malum
2163 5171 2284 5211 esse
2325 5168 2548 5211 noverat
2597 5156 2764 5223 Cain,
2813 5157 2898 5211 vel
2949 5165 3234 5226 antequam
3286 5156 3505 5211 fratrem

1912 5264 2069 5304 suum
2095 5248 2363 5305 occideret
2398 5266 2413 5303 ε
2447 5259 2504 5302 ιιι
2529 5248 2671 5303 enim
2698 5248 2963 5319 intelligas
2988 5263 3111 5303 eum
3136 5248 3358 5303 scivisse
3388 5264 3507 5302 ma-

1912 5341 2016 5394 lam
2053 5354 2164 5395 rem
2204 5338 2403 5404 fuisse,
2443 5339 2568 5394 audi
2612 5339 2741 5410 quid
2781 5338 2968 5394 dicat:
3006 5338 3153 5408 Veni,
3191 5355 3431 5393 exeamus
3457 5340 3509 5393 in

1912 5450 2146 5505 campum
2180 5431 2329 5502 (Gen.
2374 5434 2431 5488 4.
2471 5432 2549 5504 8).
2580 5431 2779 5489 Verum
2818 5448 2922 5504 qua
2947 5432 3014 5488 de
3041 5448 3203 5489 causa
3231 5433 3450 5490 fratrem
3476 5449 3507 5486 a

1912 5526 2151 5595 paternis
2178 5525 2318 5580 ulnis
2339 5525 2587 5580 avulsum
2607 5526 2662 5581 in
2690 5541 2937 5596 campum
2966 5526 3134 5581 trahis
3154 5528 3178 5579 ?
3202 5542 3300 5582 cur
3327 5527 3379 5581 in
3409 5527 3509 5582 de-

1913 5625 2057 5671 serto
2095 5617 2419 5672 constituis?
2455 5632 2552 5671 cur
2587 5617 2790 5673 auxilio
2824 5618 3135 5674 dPStitutnm
3171 5618 3389 5673 reddis?
3412 5632 3509 5673 cur

1913 5710 2070 5780 longe
2109 5723 2140 5763 a
2170 5719 2393 5779 paterno
2431 5720 2718 5778 conspectu
2756 5710 3021 5766 abducis?
3057 5725 3153 5766 cur
3181 5710 3353 5766 audax
3379 5710 3506 5767 fari.

1914 5818 2015 5857 nus
2044 5806 2302 5867 occultas,
2321 5801 2366 5855 si
2396 5812 2672 5871 peceatum
2693 5816 2798 5856 non
2826 5800 3142 5857 reformidas
3163 5804 3187 5853 ’ἐ
3211 5818 3308 5856 cur
3324 5812 3506 5858 autem

1917 5906 1969 5952 ct
2015 5904 2137 5966 post
2161 5892 2363 5951 caedem
2390 5902 2748 5967 perpetratum
2778 5910 2960 5951 rursus
2991 5894 3345 5965 interrogatus
3371 5895 3530 5950 indi.-
