4028 6360
482 402 578 455 ῆΗ

475 534 653 591 gnaris
694 534 755 574 ac
778 514 1016 572 mentiris
1036 514 1061 567 ἲ
1084 512 1215 569 Cum
1243 514 1386 568 enim
1413 514 1635 569 dixisset
1659 514 1795 568 Deus
1816 555 1829 576 ,
1861 512 1959 569 Ubi
1983 526 2060 576 est

477 617 598 672 Abel
638 620 797 684 frater
822 612 981 665 tum?
1014 610 1333 679 respondisti
1368 630 1381 666 :
1414 610 1679 681 Numquid
1705 624 1872 669 custos
1893 615 2069 685 fratris

473 709 571 762 utri
613 723 725 760 sum
755 722 843 776 ego
870 703 1023 777 (Gen.
1045 705 1099 758 4.
1134 703 1236 775 9)?
1264 705 1340 759 Ex
1364 719 1470 774 quo
1492 706 1652 775 liquet
1675 748 1690 771 ,
1714 721 1836 760 eum
1865 721 1986 761 cum
2015 706 2066 761 id

473 800 638 868 probe
668 806 879 863 nosset,
908 795 974 851 ad
996 795 1098 851 hoc
1124 795 1328 852 facinus
1349 798 1673 867 prorupisse.
1702 797 1768 853 Ut
1789 799 1946 868 igitur
1969 800 2069 855 iste

471 900 727 953 noverat,
779 900 1066 960 antequam
1106 890 1472 956 experiretur,
1524 889 1724 945 caedem
1780 905 1901 946 esse
1949 907 2065 946 rem

471 982 663 1038 malam
691 1001 705 1045 ;
751 991 932 1051 postea
978 996 1104 1036 vero
1144 982 1328 1037 didicit
1356 982 1518 1036 etiam
1542 981 1879 1037 manifestius
1899 1022 1914 1049 ,
1941 997 2064 1038 cum

471 1090 683 1146 prunam
727 1075 981 1129 sustinuit
1017 1074 1326 1145 audivitque
1345 1114 1359 1139 ,
1400 1073 1615 1129 Gemens
1640 1091 1700 1128 ac
1728 1084 1942 1129 tremens
1968 1075 2066 1129 eris

468 1184 623 1238 super
669 1177 856 1220 terram
908 1165 1067 1237 (Ibid.
1097 1182 1145 1220 v.
1177 1166 1267 1237 l2)
1298 1186 1311 1222 :
1337 1167 1415 1223 sic
1441 1176 1494 1223 et
1520 1167 1671 1221 istius
1700 1174 1850 1236 pater
1870 1207 1886 1232 ,
1914 1176 2066 1220 ante-

469 1275 630 1329 quam
674 1258 892 1325 ederet,
939 1257 1066 1313 boni
1106 1272 1169 1313 ac
1196 1258 1320 1312 mali
1352 1258 1653 1327 cognitione
1681 1257 1945 1328 pollebat,
1981 1268 2060 1312 ta-

472 1352 627 1406 metsi
670 1368 773 1405 non
803 1352 873 1405 ita
902 1351 1170 1417 evidenti,
1212 1366 1275 1406 ac
1312 1366 1434 1407 cum
1460 1350 1529 1406 de
1552 1351 1692 1422 ligno
1717 1352 2058 1407 comedisset.

470 1444 652 1499 Dicam
679 1444 933 1514 apertius.

546 1536 691 1590 Mala
738 1537 917 1590 melius
960 1536 1186 1590 novimus
1207 1576 1221 1602 ,
1262 1546 1526 1607 postquam
1552 1553 1611 1590 ea
1636 1537 2053 1607 perpetravimus.

471 1659 541 1668 —
563 1629 699 1684 Mala
742 1629 939 1684 scimus
985 1643 1172 1683 omnes
1197 1670 1211 1693 ,
1253 1628 1415 1682 etiam
1449 1636 1734 1698 antequam
1756 1628 1844 1683 illa
1871 1644 2060 1699 perpe—

470 1731 707 1783 tremus;
777 1718 1109 1774 manifestius
1151 1734 1281 1773 vero
1327 1734 1389 1773 ea
1433 1718 1723 1784 discimus,
1779 1729 2059 1789 postquam

468 1814 556 1868 illa
582 1814 1004 1884 perpetravimus
1027 1855 1041 1878 ,
1065 1828 1128 1869 ac
1155 1814 1322 1868 multo
1350 1815 1511 1869 etiam
1534 1814 1865 1870 manifestius
1888 1856 1904 1882 ,
1936 1829 2058 1869 cum

466 1906 734 1974 punimur.
765 1904 854 1961 Sic
880 1905 1041 1959 etiam
1069 1903 1197 1960 Cain
1221 1905 1423 1961 sciebat
1446 1906 1658 1976 quidem
1680 1915 1832 1961 antea
1855 1906 2055 1961 caedem

468 1996 754 2052 fraternam
800 1998 997 2052 malum
1044 2011 1164 2052 esse
1207 2014 1219 2051 :
1264 2007 1448 2067 postea
1484 2013 1611 2053 vero
1638 1998 2058 2053 didicitevidcn-

466 2088 600 2153 tius,
629 2104 752 2143 cum
781 2088 1042 2159 supplicio
1087 2089 1369 2144 mulctatus
1399 2098 1517 2143 est:
1551 2104 1647 2144 nos
1676 2091 1817 2145 enim
1845 2104 2057 2159 quoque

467 2180 750 2235 sanitatem
783 2196 897 2234 rem
926 2180 1117 2234 bonam
1149 2195 1269 2235 esse
1296 2181 1541 2235 novimus
1566 2221 1581 2246 ,
1610 2189 1664 2235 et
1688 2180 2054 2251 aagritudinem

466 2289 580 2328 rem
623 2273 932 2338 molestam,
976 2283 1259 2344 antequam
1301 2274 1429 2330 illud
1472 2276 1855 2343 experiamur:
1889 2276 2056 2331 multo

466 2384 593 2423 vero
618 2369 815 2423 certius
835 2410 849 2434 ,
878 2384 1001 2423 cum
1031 2370 1082 2423 in
1105 2370 1350 2425 morbum
1380 2369 1723 2426 inciderimus
1742 2412 1755 2439 ,
1780 2372 2063 2443 utriusque

466 2462 541 2515 rei
573 2460 861 2517 discrimen
888 2462 1245 2532 agnoscimus.

536 2553 589 2606 5.
633 2551 832 2608 Eadem
871 2553 1120 2608 nimirum
1148 2554 1355 2611 ratione
1384 2564 1605 2610 noverat
1628 2556 1787 2612 etiam
1818 2557 2054 2614 Adamus

464 2643 824 2699 obedientiam
848 2660 960 2699 rem
983 2646 1176 2703 bonam
1198 2660 1338 2713 esse,
1364 2646 1777 2705 inobedientiam
1796 2665 1921 2706 vero
1942 2666 2054 2706 ma-

467 2736 573 2792 lam
599 2756 611 2792 :
644 2736 898 2808 deinceps
924 2754 1052 2794 vero
1077 2740 1262 2796 didicit
1288 2742 1585 2798 evidentius
1604 2785 1620 2811 ,
1648 2760 1769 2800 cum
1799 2745 1939 2818 ligno
1956 2760 2058 2817 gu-

462 2839 604 2886 stato
638 2846 670 2886 e
707 2833 954 2901 paradiso
982 2834 1183 2904 ejectus
1211 2844 1329 2900 est,
1362 2845 1415 2891 et
1442 2837 1509 2893 ab
1536 2839 1624 2895 illa
1656 2842 1852 2897 excidit
1879 2841 2051 2899 felici-

465 2933 593 2980 tate.
614 2922 747 2980 Cum
778 2926 935 2995 igitur
961 2928 1011 2982 in
1040 2942 1256 2997 penam
1277 2930 1594 2998 incurrerit,
1626 2935 1797 3005 quod,
1822 2936 1933 2991 Deo
1958 2954 2054 2994 ve-

463 3025 639 3081 tante,
686 3018 883 3087 lignum
931 3020 1255 3090 degustarit,
1297 3023 1632 3079 manifestius
1672 3041 1797 3081 eum
1838 3043 1934 3098 per
1961 3044 2057 3084 ex,

463 3111 776 3179 perientiam
826 3126 981 3182 pana
1010 3112 1227 3181 docuit,
1263 3114 1372 3169 Deo
1399 3132 1502 3170 non
1534 3117 1907 3189 obtemperare
1934 3136 2053 3176 ma-

460 3201 571 3257 htm
596 3242 613 3269 ,
636 3212 692 3257 at
718 3202 1091 3274 obtemperare
1120 3205 1318 3261 bonum
1344 3222 1464 3263 esse
1488 3226 1501 3261 :
1526 3220 1805 3279 propterea
1851 3213 2051 3283 lignum

460 3293 698 3349 scientias
734 3294 860 3351 boni
904 3309 968 3350 ac
1010 3296 1136 3351 mali
1166 3306 1405 3353 vocatur.
1444 3300 1513 3354 Et
1544 3317 1645 3371 qua
1689 3303 1757 3357 de
1784 3318 1975 3369 causa,
2006 3305 2052 3359 si

465 3400 571 3440 non
613 3385 725 3456 ipsa
753 3386 882 3456 ligni
921 3395 1109 3444 natura
1138 3388 1414 3445 scientiam
1444 3392 1629 3448 habuit
1651 3393 1776 3448 boni
1804 3404 1858 3450 et
1886 3395 2052 3464 mali,

462 3478 556 3534 sed
593 3494 659 3533 ex
698 3479 810 3549 ipsa
839 3495 995 3550 pinna
1022 3490 1240 3552 propter
1266 3483 1677 3539 inobedientiam
1710 3487 1778 3542 ob
1802 3486 2052 3559 degusta-

462 3586 573 3629 tum
616 3570 817 3641 lignum
862 3571 1009 3627 illata
1045 3572 1378 3629 manifestius
1419 3575 1520 3631 hoc
1559 3577 1743 3633 didicit
1763 3578 1958 3646 homo,
1990 3582 2055 3636 li-

459 3682 621 3735 gnum
660 3667 901 3723 scientiae
937 3668 1061 3723 boni
1089 3684 1152 3725 ac
1178 3671 1303 3725 mali
1332 3673 1594 3728 vocatur?
1621 3672 1774 3740 Quod
1801 3676 2053 3731 nimirum

460 3757 546 3811 hic
597 3757 887 3827 Scripturaa
932 3775 1049 3816 mos
1074 3761 1175 3826 sit,
1210 3762 1296 3816 ubi
1322 3778 1411 3817 res
1435 3764 1695 3833 quaepiam
1724 3765 1775 3819 in
1806 3766 1936 3820 locis
1960 3776 2053 3821 aut

460 3851 790 3919 temporibus
820 3851 1139 3922 quibusdam
1158 3852 1451 3919 acciderit,
1484 3870 1513 3909 a
1538 3855 1696 3910 rebus
1725 3856 1830 3910 illis
1854 3866 1909 3911 ct
1934 3858 2048 3912 loca

457 3952 512 3995 et
553 3950 794 4011 tempora
834 3958 1049 3999 vocare.
1095 3944 1199 4000 Sed
1239 3955 1295 3999 ut
1336 3946 1532 4001 clarius
1578 3948 1718 4018 quod
1756 3949 1877 4004 dico
1924 3950 2048 4016 ﬁat,

458 4032 585 4087 illud
613 4033 861 4104 exemplo
882 4035 1034 4091 vobis
1059 4036 1357 4093 illustrabo.
1385 4038 1579 4094 Puteos
1608 4040 1893 4111 aliquando
1919 4042 2052 4098 fodit

458 4124 605 4180 Isaac
635 4144 650 4181 :
680 4127 778 4181 hos
799 4137 977 4182 autem
1009 4139 1201 4198 puteos
1228 4131 1387 4185 vicini
1409 4131 1683 4188 destruere
1709 4149 1828 4189 cum
1850 4137 2051 4205 agressi

456 4230 668 4286 essent,
718 4220 843 4276 inde
883 4221 1124 4276 simultas
1167 4224 1414 4293 quaedam
1452 4233 1535 4280 est
1578 4234 1723 4291 orta,
1755 4238 1809 4281 et
1836 4230 2052 4283 vacavit

458 4321 677 4376 puteum
731 4312 1039 4368 Inimicitias
1090 4332 1104 4369 :
1157 4330 1263 4369 non
1316 4315 1456 4383 quod
1507 4325 1697 4385 puteus
1747 4317 2049 4375 inimicitias

458 4411 767 4470 exerceret,
800 4405 895 4459 sed
923 4405 1064 4475 quod
1093 4407 1232 4461 circa
1263 4406 1407 4462 illum
1433 4407 1722 4462 inimicitiae
1742 4420 1945 4464 exorta).
1965 4425 2051 4464 es-

457 4504 578 4549 sent
611 4494 761 4565 (Gen.
785 4497 875 4552 26.
901 4496 1013 4566 2|).
1038 4497 1127 4553 Sic
1152 4508 1204 4554 et
1226 4499 1424 4569 lignum
1447 4499 1683 4553 scientiae
1705 4500 1827 4555 boni
1850 4509 1903 4556 et
1924 4501 2049 4555 mali

406 4590 409 4653 ξ
462 4599 714 4655 vocatur,
748 4605 853 4644 non
881 4590 1022 4660 quod
1050 4591 1220 4661 ipsum
1253 4592 1471 4647 scientia
1504 4592 1760 4662 polleret,
1789 4594 1882 4648 sed
1909 4594 2050 4664 quod

456 4684 601 4737 circa
629 4683 755 4737 illud
782 4682 928 4739 facta
946 4694 1090 4739 esset
1115 4685 1351 4740 scientia:
1372 4685 1495 4741 boni
1517 4701 1579 4741 ac
1595 4686 1720 4740 mali
1740 4686 2048 4742 declaratio.

463 4775 669 4830 Rursus
706 4784 921 4847 puteum
953 4776 1087 4831 fodit
1109 4777 1378 4831 Abraham
1398 4819 1413 4843 ,
1441 4777 1661 4834 insidias
1686 4780 1891 4849 paravit
1918 4779 2050 4835 Abi-

462 4868 670 4923 melech
717 4886 730 4923 :
772 4878 1168 4933 convenerunt,
1217 4870 1521 4927 inimicitias
1566 4870 1957 4941 deposuerunt,
1988 4887 2053 4928 ac

460 4961 701 5031 praestita
743 4969 930 5016 mutuo
963 4961 1267 5032 iuramento
1307 4973 1525 5031 puteum
1565 4962 1712 5018 illum
1755 4963 2051 5018 Juramenti

464 5064 680 5123 puteum
717 5055 1053 5125 appellarunt
1080 5054 1245 5127 (Ibid.
1271 5055 1360 5111 21.
1392 5058 1482 5113 51.
1512 5055 1603 5126 52)
1629 5073 1644 5122 ;
1673 5072 1776 5112 non
1800 5057 1943 5128 quod
1967 5057 2054 5127 ju-

461 5156 633 5202 rasset
678 5156 902 5216 puteus,
950 5146 1044 5202 sed
1083 5146 1225 5217 quod
1263 5148 1404 5203 circa
1444 5157 1659 5216 puteum
1691 5148 2054 5219 juramentum

462 5240 756 5306 prmstitum
794 5248 957 5294 esset.
1008 5238 1165 5293 Vides
1190 5238 1304 5294 loca
1333 5254 1439 5293 non
1471 5238 1584 5293 fieri
1614 5254 1802 5293 causas
1830 5254 2052 5305 rerum,

462 5330 587 5385 licet
633 5345 664 5383 a
707 5329 867 5385 rebus
905 5344 1099 5384 nomen
1146 5330 1452 5401 accipiant?
1480 5330 1752 5399 Siquidem
1776 5330 1927 5385 valde
1954 5346 2054 5385 nc-

461 5425 755 5479 cessarium
780 5434 895 5491 est,
925 5433 982 5479 ut
1006 5424 1359 5479 adhibeantur
1377 5423 1619 5492 exempla
1641 5464 1656 5487 ,
1688 5438 1794 5493 quo
1827 5422 2054 5477 manife-

461 5519 624 5571 stiora
658 5517 785 5571 ﬁant
805 5533 924 5587 quae
945 5517 1194 5572 dicimus.
1222 5516 1428 5571 Rursus
1454 5525 1799 5569 occurrentes
1828 5513 1931 5569 sibi
1958 5530 2056 5567 an-

460 5609 611 5675 gelos
639 5609 770 5663 vidit
790 5608 952 5663 Jacob
979 5618 1035 5664 et
1056 5616 1233 5663 castra
1266 5608 1360 5663 Dei
1386 5649 1401 5673 ,
1433 5617 1541 5661 tum
1567 5606 1855 5677 appellavit
1877 5608 2054 5662 locum

461 5700 652 5754 Castra
677 5700 836 5772 (ibid.
869 5699 957 5755 32.
987 5698 1067 5771 2).
1098 5699 1333 5755 Tametsi
1358 5708 1509 5755 Iocus
1529 5708 1704 5754 castra
1734 5713 1841 5754 non
1868 5710 2052 5765 esset,

463 5788 812 5844 nihilominus
836 5790 1021 5845 Castra
1048 5799 1267 5844 vocatus
1286 5799 1368 5845 est
1397 5789 1577 5857 locus,
1606 5790 1728 5859 quia
1752 5789 1861 5845 illic
1881 5799 2055 5845 castra

462 5878 688 5935 viderat.
722 5874 877 5931 Vides
918 5890 976 5933 ut
1004 5882 1072 5935 ab
1093 5893 1292 5941 aventu
1321 5884 1431 5952 rei,
1462 5899 1580 5958 quae
1609 5885 1662 5940 in
1692 5883 1809 5940 loco
1831 5880 2042 5941 accide-

1154 395 1211 451 S.
1253 394 1532 451 JOANNIS
1569 393 2042 453 CHRYSOSTOMI
2084 395 2399 455 ARCHIEP.
2441 399 2974 463 CONSTANTINUP.

3658 416 3773 475 612

2177 525 2280 584 rat,
2303 518 2477 574 locum
2504 522 2826 591 appellarit?
2851 525 2939 580 Sic
2961 525 3119 580 etiam
3143 525 3343 597 lignum
3366 530 3605 587 scientia:
3632 536 3762 590 boni

2171 627 2235 667 ac
2255 614 2379 667 mali
2401 625 2620 667 vocatur
2637 657 2651 675 ,
2678 630 2781 669 non
2813 616 2955 686 quod
2980 617 3149 687 ipsum
3174 619 3296 674 boui
3326 623 3558 692 malique
3581 628 3764 679 scien-

2175 704 2242 757 tia
2268 704 2513 774 poilerct,
2534 706 2626 760 sed
2648 707 2786 777 quod
2815 710 3052 763 scientia:
3080 711 3203 765 boni
3221 727 3282 767 ac
3301 714 3425 768 mali
3448 714 3586 769 facta
3606 716 3767 772 fuerit

2172 797 2310 851 circa
2342 797 2469 851 illud
2498 798 2906 865 demonstratio,
2949 811 3003 855 et
3030 803 3404 861 inobedientias
3442 816 3603 877 atque
3632 810 3779 863 obc-

2171 890 2384 945 dientire
2406 895 2734 947 exercitatio.
2756 894 2961 949 Rursus
2976 896 3141 951 Deum
3162 898 3291 954 vidit
3310 899 3765 971 Jacob,quantum

2173 982 2285 1037 fieri
2316 992 2508 1050 potest,
2533 994 2590 1039 ut
2617 985 2685 1039 ab
2702 987 2915 1043 homine
2940 989 3197 1054 videatur,
3236 1002 3291 1047 et
3315 995 3521 1048 voravit
3563 1010 3760 1051 nomen

2163 1074 2273 1130 ioci
2303 1077 2446 1131 illius
2480 1076 2692 1151 δραι-ἕω
2734 1077 2849 1134 Dei.
2880 1081 3099 1146 Quare?
3123 1084 3254 1149 Quia
3278 1088 3380 1138 viai
3405 1084 3570 1139 Deum
3600 1087 3759 1156 (Gen.

2169 1166 2255 1221 32.
2282 1167 2395 1238 30).
2413 1168 2599 1237 inquit.
2624 1170 2955 1241 Quamquam
2982 1187 3088 1227 non
3106 1175 3254 1229 locus
3283 1175 3372 1229 Dei
3393 1176 3600 1245 Species
3621 1186 3763 1243 erat,

2166 1257 2262 1312 sed
2311 1275 2337 1312 a
2386 1276 2444 1314 re
2487 1277 2607 1329 quas
2652 1272 2905 1317 evenerat
2928 1264 2980 1318 in
3011 1264 3158 1331 loco,
3192 1276 3310 1321 nata
3338 1276 3421 1322 est
3448 1269 3762 1338 appellatio.

2167 1349 2328 1405 Vides
2370 1367 2530 1421 quam
2579 1353 2759 1408 multis
2798 1370 2862 1409 ex
2906 1355 3038 1410 locis
3084 1372 3285 1411 morem
3316 1373 3436 1414 esse
3464 1358 3761 1427 Scriptura:

2164 1442 2744 1510 demonstraverimus,
2792 1455 2848 1501 ut
2890 1462 2920 1500 a
2965 1448 3126 1503 rebus
3174 1466 3292 1517 qure
3334 1452 3627 1505 acciderint
3654 1466 3760 1506 no-

2163 1535 2305 1589 mina
2356 1536 2485 1591 locis
2528 1537 2806 1606 imponat?
2844 1537 3075 1609 ldipsum
3103 1556 3315 1612 quoque
3342 1543 3392 1596 in
3424 1544 3761 1613 temporibus

2162 1643 2323 1699 agere
2372 1630 2668 1686 consuevit.
2714 1631 2820 1687 Sed
2866 1648 2933 1688 ne
2980 1634 3139 1689 tudio
3167 1650 3264 1691 vos
3305 1635 3628 1701 afﬁciamus,
3658 1652 3767 1709 age

2164 1735 2467 1776 sermonem
2534 1738 2566 1777 a
2629 1724 2954 1779 tristioribus
2999 1728 3065 1781 ad
3104 1727 3419 1796 iucundiora
3467 1730 3763 1785 transfera-

2162 1828 2301 1867 mus.
2344 1813 2553 1868 Etenim
2586 1815 2694 1885 jam
2725 1815 3009 1886 defatigata
3039 1826 3123 1874 est
3161 1835 3312 1874 mens
3344 1831 3520 1875 vestra
3579 1824 3761 1877 subti-

2163 1904 2387 1961 lioribus
2413 1908 2694 1961 sententiis
2723 1908 3000 1963 immorata
3028 1928 3043 1965 :
3073 1920 3395 1981 quapropter
3418 1927 3594 1981 opera:
3625 1928 3757 1982 pre-

2162 1994 2291 2049 tium
2316 1995 2473 2051 fuerit
2496 1998 2634 2052 illam
2663 2014 2905 2054 recreare
2919 2016 2981 2055 ac
3002 2002 3414 2072 simplicioribus
3427 2005 3758 2061 laetioribus-

2159 2103 2265 2159 que
2290 2091 2571 2146 sententiis
2600 2092 2741 2147 illam
2773 2108 3009 2163 pascere.

2232 2180 2310 2235 De
2332 2183 2473 2236 bonis
2501 2185 2606 2254 agit
2635 2203 2723 2252 per
2742 2203 2940 2240 crucem
2970 2188 3196 2243 invectis.
3226 2187 3379 2243 Latro
3407 2206 3497 2245 cur
3519 2191 3571 2244 in
3594 2209 3756 2261 para-

2161 2273 2326 2328 disum
2352 2273 2684 2329 introductus.
2702 2307 2776 2317 —
2794 2279 2875 2334 Ad
2905 2280 3136 2336 salutare
3164 2281 3322 2351 igitur
3349 2282 3547 2353 lignum
3578 2287 3763 2341 crucis

2158 2366 2462 2422 redeamus.
2512 2368 2623 2423 lloc
2648 2369 2790 2424 enim
2823 2371 3001 2425 omnia
3030 2373 3166 2426 mala
3195 2374 3445 2441 sustulit,
3476 2389 3596 2445 quze
3623 2377 3766 2431 illud

2159 2455 2434 2513 invexerat
2479 2474 2493 2513 :
2532 2459 2618 2513 vel
2658 2460 2835 2528 potius
2862 2476 2966 2516 non
2994 2462 3121 2517 illud
3152 2464 3287 2518 mala
3317 2464 3626 2532 invexerat,
3656 2466 3765 2521 sed

2159 2548 2320 2605 homo
2362 2554 2483 2621 ipse
2511 2561 2707 2609 cuncta
2724 2595 2738 2617 ,
2762 2570 2881 2625 quae
2908 2555 3107 2611 deinde
3131 2556 3372 2613 Christus
3396 2559 3553 2629 plane
3575 2570 3763 2614 sustu-

2160 2640 2257 2708 lit,
2295 2652 2461 2713 atque
2508 2645 2613 2701 illis
2635 2648 2894 2717 ampliora
2925 2649 3095 2703 multo
3122 2649 3260 2705 bona
3287 2652 3506 2707 invexit;
3536 2651 3620 2708 Ob
3647 2651 3756 2709 hoc

2159 2734 2332 2804 ipsum
2358 2736 2432 2790 ait
2457 2737 2650 2793 Paulus
2679 2758 2691 2794 :
2731 2741 2829 2796 Ubi
2849 2742 3117 2796 abundavit
3133 2744 3372 2799 delictum
3391 2787 3407 2813 ,
3437 2747 3758 2817 superabun-

2158 2830 2292 2885 davit
2321 2831 2487 2901 gratia
2515 2832 2691 2902 (Rom.
2722 2835 2776 2889 5.
2809 2834 2898 2905 20)
2922 2853 2936 2900 ;
2964 2835 3066 2891 hoc
3092 2847 3209 2903 est,
3238 2839 3410 2908 majus
3434 2849 3517 2895 est
3543 2839 3761 2896 donum

2156 2938 2314 2993 quam
2362 2934 2657 2994 peccatum.
2699 2926 2902 2983 Idcirco
2948 2943 3133 2985 rursus
3160 2930 3235 2985 ait
3272 2949 3285 2985 :
3316 2929 3439 2987 Non
3463 2932 3592 2986 sicut
3617 2933 3759 2987 deli-

2156 3026 2290 3070 ctum
2315 3058 2330 3083 ,
2362 3018 2435 3069 ita
2478 3026 2527 3072 et
2553 3018 2740 3072 donum
2763 3018 2936 3087 (Rom.
2961 3020 3013 3075 5.
3044 3020 3132 3089 15)
3163 3038 3176 3076 :
3208 3037 3315 3078 non
3336 3034 3590 3092 quantum
3619 3040 3757 3094 pec—

2156 3108 2297 3163 cavit
2335 3108 2496 3164 homo
2520 3151 2534 3174 ,
2579 3118 2780 3165 tantum
2824 3111 3040 3166 donavit
3083 3113 3225 3169 Deus
3266 3131 3279 3168 :
3312 3130 3418 3169 non
3447 3127 3643 3186 quanta
3667 3118 3759 3188 ja-

2157 3212 2329 3267 ctura,
2356 3212 2534 3262 tantus
2559 3214 2642 3261 est
2670 3214 2906 3275 quaestus
2930 3224 2943 3260 :
2972 3222 3077 3262 non
3102 3216 3358 3279 quantum
3388 3209 3759 3279 naufragium,

2157 3302 2304 3348 tanta
2346 3296 2513 3352 etiam
2557 3297 2846 3368 negotiatio
2897 3297 2994 3353 fuit
3041 3316 3056 3353 :
3107 3299 3200 3355 sed
3246 3299 3404 3369 plura
3428 3301 3565 3356 bona
3595 3301 3757 3359 fuere

2156 3400 2317 3455 quam
2362 3387 2534 3453 mala;
2580 3398 2635 3444 et
2678 3390 2888 3445 merito.
2918 3390 3188 3460 Siquidem
3216 3392 3363 3446 mala
3382 3407 3571 3448 servus
3602 3393 3758 3448 inve-

2155 3478 2254 3546 xit,
2279 3487 2330 3534 et
2355 3480 2558 3535 minora
2589 3491 2742 3535 erant
2768 3501 2781 3537 :
2811 3482 2946 3536 bona
2972 3498 3098 3537 vero
3120 3484 3340 3554 largitus
3360 3494 3445 3539 est
3465 3485 3753 3553 Dominus,

2156 3572 2406 3641 quocirca
2433 3572 2643 3627 fuerunt
2668 3582 2721 3628 et
2742 3573 2895 3643 plura
2921 3592 2933 3626 :
2965 3584 3244 3644 propterea
3267 3575 3396 3631 dicit
3426 3594 3439 3629 :
3473 3574 3597 3631 Non
3619 3578 3764 3632 sicut

2155 3662 2393 3716 delictum
2416 3703 2429 3726 ,
2474 3664 2547 3716 ita
2584 3673 2630 3717 et
2676 3664 2883 3717 donum.
2915 3664 3116 3719 Deinde
3144 3664 3433 3719 discrimen
3460 3666 3705 3738 adjungit
3738 3686 3754 3721 :

2157 3752 2296 3807 Nam
2310 3755 2566 3824 judicium
2586 3756 2786 3823 quidem
2816 3772 2877 3808 ea:
2903 3772 3005 3809 uno
3032 3756 3085 3808 in
3107 3755 3599 3818 condemnationem.
3630 3775 3756 3829 gra-

2156 3850 2225 3901 tia
2273 3857 2440 3902 autent
2468 3865 2533 3903 ea:
2571 3849 2742 3902 multis
2783 3848 2979 3902 delictis
3006 3848 3057 3902 in
3076 3850 3518 3918 justiﬁcationem.
3545 3851 3757 3905 Obscu-

2154 3940 2267 3995 rius
2287 3950 2369 3995 est
2391 3982 2407 4007 ,
2439 3942 2579 4009 quod
2600 3941 2829 3995 diximus
2855 3959 2868 3994 :
2905 3942 3082 4011 itaque
3107 3956 3327 3997 necesse
3353 3952 3436 3997 cst
3456 3982 3475 4009 ,
3500 3952 3559 3998 ut
3579 3959 3759 4013 expo-

2155 4034 2403 4088 sitionem
2432 4034 2802 4104 adjungamus.
2831 4032 2979 4087 Nam
2997 4034 3258 4103 judicium
3278 4037 3512 4105 quidem,
3536 4035 3641 4093 hoc
3667 4047 3762 4092 est

2154 4140 2347 4195 poena,
2392 4125 2706 4195 supplicium
2731 4166 2747 4191 ,
2784 4140 2963 4191 mors;
2996 4125 3077 4180 Ea:
3097 4143 3230 4190 uno,
3257 4127 3463 4182 scilicet
3483 4137 3705 4197 peccato
3742 4151 3757 4186 :
3788 4160 3799 4175 ι

2154 4218 2415 4288 siquidem
2467 4233 2630 4272 unum
2678 4228 2951 4287 peccatum
3002 4228 3206 4275 tantum
3256 4220 3452 4275 malum
3502 4222 3755 4285 invexit;

2153 4313 2323 4382 gratia
2364 4328 2492 4366 vero
2534 4328 2641 4367 non
2689 4313 2818 4366 illud
2868 4313 3040 4367 solum
3090 4323 3403 4384 peccatum,
3435 4313 3529 4368 sed
3562 4324 3621 4369 et
3645 4314 3759 4370 alia

2155 4404 2318 4459 multa
2362 4404 2596 4459 sustulit.
2640 4402 2844 4459 Idcirco
2882 4403 3013 4459 dicit
3042 4422 3056 4458 :
3091 4404 3271 4459 Gratia
3294 4417 3460 4459 autem
3488 4422 3551 4458 ea:
3574 4407 3759 4460 multis

2156 4497 2351 4551 delictis
2395 4497 2447 4550 in
2486 4497 2931 4566 justiﬁcationem.
2978 4496 3266 4567 Propterea
3312 4498 3546 4553 Joannes
3588 4499 3757 4553 etiam

2155 4587 2391 4657 Baptista
2434 4588 2700 4643 clamabat
2744 4604 2759 4641 :
2800 4586 2935 4643 Ecce
2972 4605 3136 4659 agnus
3159 4587 3297 4655 Dei,
3321 4605 3463 4653 non,
3492 4589 3582 4659 qui
3614 4590 3760 4645 tollit

2155 4689 2431 4749 peccatum
2478 4679 2708 4747 Adami,
2760 4679 2888 4747 sed,
2947 4680 3048 4747 Qui
3086 4681 3217 4734 tollit
3262 4690 3526 4751 peceatum
3571 4682 3760 4735 mundi

2159 4770 2338 4841 (Joan.
2382 4773 2434 4827 1.
2467 4772 2583 4841 29).
2622 4772 2830 4838 Vidisti,
2861 4788 2966 4841 quo
2997 4783 3150 4843 pacto
3175 4789 3281 4828 non
3308 4774 3447 4828 sicut
3470 4772 3731 4829 delictum

2157 4862 2227 4916 ita
2253 4871 2307 4916 et
2333 4864 2498 4933 gratia
2520 4904 2535 4927 ,
2560 4863 2654 4919 sed
2677 4863 2826 4933 plura
2848 4865 3047 4935 lignum
3071 4865 3173 4920 hoc
3190 4866 3387 4921 invexit
3407 4864 3570 4932 bona,
3590 4881 3759 4935 quam

2156 4971 2184 5010 a
2215 4958 2475 5027 principio
2506 4957 2704 5012 fuerint
2732 4958 2940 5013 invecta
2967 4959 3144 5013 mala?

2228 5051 2283 5105 4.
2312 5050 2437 5105 Haec
2466 5065 2643 5106 autem
2665 5067 2692 5103 a
2716 5066 2802 5105 me
2825 5051 2964 5106 dicta
2993 5060 3139 5118 sunt,
3170 5066 3238 5106 ne
3263 5066 3293 5105 a
3320 5050 3507 5120 primis
3533 5050 3639 5105 illis
3659 5066 3761 5120 pa-

2156 5144 2400 5199 rentibus
2428 5143 2626 5198 damno
2648 5154 2699 5198 te
2726 5143 2974 5199 affectum
3003 5144 3297 5199 arbitreris.
3324 5143 3578 5199 Diabolus
3603 5142 3760 5197 Ada-

2159 5250 2304 5289 mum
2325 5234 2505 5304 ejecit,
2541 5235 2799 5290 latronem
2823 5235 3066 5290 Christus
3089 5235 3407 5290 introduxit.
3437 5236 3517 5290 Ac
3541 5235 3754 5290 disci-ec

2159 5326 2396 5398 pantiam
2422 5327 2564 5381 vides
2594 5328 2688 5381 llic
2719 5328 2988 5382 hominem
3028 5328 3175 5382 nullo
3202 5328 3454 5384 infectum
3493 5337 3757 5397 peccato,

2159 5420 2254 5476 sed
2299 5420 2412 5474 sola
2456 5419 2832 5475 inobedientiae
2874 5419 3099 5482 macula,
3147 5420 3307 5490 ejccit
3335 5436 3349 5473 :
3378 5419 3623 5474 Christus
3666 5417 3724 5472 Ia

2160 5522 2367 5566 tronem
2412 5511 2690 5566 innumera
2737 5518 3071 5579 peccatorum
3098 5525 3295 5581 genera
3347 5517 3646 5579 gestantem
3700 5510 3761 5564 in

2163 5605 2469 5676 paradisum
2526 5602 2839 5660 introduxit.
2897 5605 2979 5658 An
3036 5604 3195 5674 igitur
3253 5604 3353 5658 hoc
3408 5611 3613 5657 tantum
3665 5611 3764 5657 est

2160 5695 2495 5760 admirabile,
2526 5695 2668 5765 quod
2700 5694 2961 5750 latronem
3002 5694 3054 5749 in
3080 5694 3389 5766 paradisum
3418 5692 3762 5756 introduxit.

2161 5787 2304 5842 aliud
2327 5800 2454 5841 vero
2479 5785 2651 5841 nihil?
2673 5784 2856 5840 Potest
2875 5794 2929 5840 et
2947 5784 3091 5839 aliud
3120 5784 3289 5854 majus
3309 5783 3435 5839 dici.
3462 5782 3580 5837 Non
3605 5784 3765 5838 enim

2163 5879 2338 5937 soium
2365 5877 2656 5935 introduxit
2684 5876 2969 5945 latronem,
3002 5877 3096 5933 sed
3126 5886 3179 5933 et
3204 5886 3329 5932 ante
3346 5876 3610 5932 mundum
3635 5892 3764 5930 um-
