4028 6360
234 344 340 400 ﬁ“

244 466 352 534 γὰρ
375 461 510 517 Θεοῦ
533 464 799 528 εἰπόντος·
824 465 947 520 Ποῦ
995 468 1185 529 Ἅϐελ,
1226 470 1257 522 ό
1295 466 1560 537 ἀδελφός
1579 481 1694 521 σου
1709 482 1727 528 ;
1749 462 1823 517 εἶ-

243 564 353 609 πας
372 563 385 575 ⁸
409 546 507 614 Μὴ
548 547 752 616 φύλαξ
788 550 905 617 εἰμί
942 552 1047 603 τοῦ
1082 550 1347 618 ἀδελφοῦ
1361 567 1479 619 μου
1498 549 1637 617 ὲγώ;
1662 548 1822 600 Ὅθεν

242 632 405 699 δῆλον
424 633 507 685 ὃτι
530 632 716 700 σαφῶς
736 633 887 696 εἰδὼς³
905 630 1066 704 ἦλθεν
1088 635 1180 686 ἐπὶ
1199 635 1296 706 τὴν
1316 633 1576 703 ἐργασίαν
1597 632 1818 699 ταύτην.

246 717 458 786 Ὥσπερ
494 711 587 769 οὖν
624 712 779 778 οὗτος
798 716 913 786 ᾔδει
937 717 1034 787 μὲν
1056 720 1149 770 καὶ
1170 718 1273 788 πρὸ
1292 717 1389 788 τῆς
1410 717 1603 786 πείρας
1620 717 1701 768 ὃτι
1721 731 1820 767 κα-

244 800 342 852 κὸν
361 802 390 852 6
411 800 591 867 φόνος,
613 799 783 867 ἔμαθε
805 800 861 873 δὲ
883 800 1211 873 σαφέστερον
1231 802 1324 854 καὶ
1345 800 1484 869 μετὰ
1501 800 1692 864 ταῦτα,
1733 800 1821 852 ὅτε

242 884 344 954 τὴν
371 885 641 955 τιμωρίαν
671 871 908 947 ἐδέξατο,
933 887 1024 937 καὶ
1044 871 1241 956 ήκουσε
1264 903 1276 915 ·
1302 886 1533 939 Στένων
1564 884 1660 937 καὶ
1693 882 1821 949 τρέε

234 990 372 1043 μων
389 973 505 1038 ἔσῃ
527 972 625 1025 ἐπὶ
664 967 775 1038 τῆς
812 971 926 1040 γῆς
946 989 958 1002 ·
980 972 1121 1025 οὓτω
1140 976 1231 1025 καὶ
1251 973 1281 1024 6
1301 971 1444 1043 πατὴ
1452 989 1481 1042 ρ
1500 971 1689 1023 τούτου
1709 965 1823 1038 εἶχε

241 1056 339 1108 τοῦ
379 1054 545 1109 καλοῦ
584 1054 788 1108 καὶτοῦ
812 1055 980 1108 κακοῦ
1004 1058 1096 1110 καὶ
1116 1056 1221 1126 πρὸ
1240 1057 1332 1109 τοῦ
1354 1058 1545 1122 φαγεῖν
1566 1054 1662 1126 τὴν
1685 1054 1824 1120 γνῶ-

245 1156 353 1199 σιν.
378 1142 428 1192 εἰ
450 1139 541 1192 καὶ
567 1138 641 1209 μὴ
664 1138 807 1192 οὕτω
829 1139 1087 1209 σαφῆ,ὼς
1109 1140 1244 1209 μετὰ
1269 1138 1365 1210 τὴν
1382 1138 1476 1192 τοῦ
1502 1137 1655 1204 ξύλου
1684 1135 1825 1208 βρῶ-

242 1240 351 1278 σιν.
382 1223 449 1276 Τί
476 1223 623 1291 λέγω
639 1241 655 1289 ;

316 1344 399 1396 T6
433 1344 540 1413 γάρ
572 1345 718 1397 κακὰ
743 1345 944 1408 πάντες
977 1345 1198 1415 οἴδαμεν
1239 1344 1331 1397 καὶ
1371 1342 1500 1412 πρὶν
1529 1340 1563 1413 ἢ
1597 1339 1823 1412 πρᾶξαι,

240 1427 578 1503 σαφέστερον
601 1427 659 1480 δὲ
696 1427 1038 1498 μανθάνομεν
1090 1426 1228 1496 μετὰ
1274 1427 1335 1480 :6
1384 1426 1606 1498 πρᾶξαι·
1646 1422 1826 1494 πολλῷ

240 1509 302 1564 δὲ
337 1511 693 1582 σαφέστερον,
734 1513 862 1565 ὅταν
899 1510 1273 1581 κολαζὼμεθα.
1311 1507 1467 1563 Οῦτω
1504 1513 1599 1564 καὶ
1625 1511 1653 1562 6
1685 1510 1825 1563 Κάῖν

235 1594 362 1665 ᾔδει
405 1594 503 1665 μὲν
538 1594 619 1647 ὅτι
658 1594 828 1648 κακὸν
867 1597 899 1666 ή
939 1594 1323 1663 ἁδελφοκτονία
1351 1595 1445 1647 καὶ
1476 1594 1580 1664 πρὸ
1609 1596 1822 1647 τούτου·

242 1676 415 1746 ἔμαθε
467 1676 525 1730 δὲ
571 1674 797 1747 ὕστερον
846 1676 933 1731 διὰ
979 1677 1079 1746 τῆς
1131 1676 1404 1739 κολάσεως
1452 1676 1782 1747 σαφέστερον
1808 1691 1822 1703 ο

244 1761 370 1813 ἐπεὶ
392 1760 484 1812 καὶ⁸
513 1760 671 1829 ἡμεῖς
694 1758 914 1829 οἴδαμεν
934 1759 1014 1812 ὅτι
1036 1759 1197 1812 καλὸν
1228 1761 1260 1830 ή
1295 1760 1492 1827 ὑγίεια,
1525 1759 1618 1812 καὶ
1636 1775 1825 1828 φορτι-

240 1844 341 1896 κδν
360 1844 396 1913 ή
416 1841 569 1905 νόσος
596 1842 688 1893 καὶ
713 1841 818 1911 πρὸ
835 1841 934 1911 τῆς
954 1841 1166 1911 πείρας·
1186 1842 1366 1912 πολλῷ
1381 1841 1437 1894 δὲ
1457 1842 1676 1911 μᾶλλον,
1698 1841 1827 1895 ὅταν

236 1927 327 1988 εἰς
355 1926 455 1996 τὴν
490 1925 644 1977 νόσον
685 1924 1037 1995 ἐμπέσωμεν,
1073 1925 1399 1995 ἀμφοτέρων
1439 1924 1537 1995 τὴν
1566 1922 1826 1994 διαφορὰν

240 2009 611 2079 γινώσκομεν.

316 2118 387 2189 γ’.
425 2120 529 2173 Τδν
554 2119 715 2172 αὑτὸν
742 2118 806 2188 δὴ
835 2119 1038 2189 τρόπον
1072 2119 1165 2171 καὶ
1189 2119 1217 2171 6
1262 2119 1430 2189 Ἀδὰμ
1464 2118 1580 2191 ᾔδει
1608 2119 1707 2191 μὲν
1744 2120 1825 2174 ὅτι

238 2203 413 2259 1καλὸν
445 2206 479 2271 ή
514 2200 753 2272 ὑπακοὴ,
806 2203 899 2253 καὶ
926 2201 1093 2254 κακὸν
1124 2203 1156 2272 ἡ
1184 2204 1432 2273 παρακοή
1455 2219 1469 2233 '
1508 2202 1732 2276 ὕστερον
1770 2203 1827 2257 δὲ

240 2288 582 2357 σαφέστερον
610 2284 835 2355 ἔμαθεν,
868 2286 957 2337 ὅτε
1008 2286 1102 2338 τοῦ
1136 2285 1295 2350 ξύλου
1333 2287 1672 2356 γευσάμενος
1706 2288 1825 2352 ἑξε-

239 2369 418 2440 ϐλήθη
440 2369 534 2422 τοῦ
564 2368 917 2438 παραδείσου,
944 2368 1035 2420 καὶ
1060 2370 1155 2438 τῆς
1194 2368 1589 2440 μακαριότητος
1611 2370 1827 2438 ἐκείνης

243 2456 527 2521 ἐξέπεσεν.
565 2451 718 2504 Ἐπεὶ
738 2448 830 2504 οὖν
865 2454 944 2513 εἰς
983 2451 1253 2522 τιμωρίαν
1285 2452 1561 2517 ἐνέπεσεν,
1602 2454 1705 2516 ὅτι,
1730 2451 1824 2505 τοῦ

235 2539 384 2592 θεοῦ
432 2537 793 2599 κωλύσαντος,
843 2535 1105 2605 ἐγεύσατο
1141 2537 1235 2589 τοῦ
1292 2537 1470 2602 ξύλου,
1522 2539 1828 2610 ήτιμωρία

235 2623 410 2679 αὐτὸν
437 2621 766 2690 σαφέστερον
798 2621 1084 2673 ἐπαίδευσε
1112 2621 1199 2673 διὰ
1226 2622 1322 2691 τῆς
1348 2622 1561 2692 πείρας,
1588 2623 1709 2675 ὅσον
1731 2640 1823 2674 κα·

242 2707 345 2760 κον
372 2704 508 2758 Θεοῦ
547 2702 904 2772 παρακούειν,
929 2705 1023 2756 καὶ
1048 2704 1170 2757 ὅσον
1202 2704 1497 2756 ὑπακούειν
1516 2704 1680 2757 καλόν
1700 2723 1712 2736 ·
1738 2704 1825 2757 διὰ

236 2788 407 2841 τοῦτο
437 2785 677 2855 γνωστὸν
713 2785 881 2839 καλοῦ
913 2786 1006 2838 καὶ
1026 2786 1264 2856 πονηροῦ
1286 2786 1346 2839 τὸ
1372 2786 1524 2851 ξύλον
1558 2788 1821 2840 καλεῖται.

243 2873 359 2925 Καὶ
386 2871 531 2934 τίνος
562 2870 771 2933 ἔνεκεν,
800 2872 847 2923 εἰ
882 2869 956 2939 μὴ
989 2870 1124 2941 αὐτὴ
1158 2872 1192 2941 ή
1232 2870 1390 2938 φύσις
1424 2870 1517 2924 τοῦ
1549 2872 1705 2935 ξύλου
1725 2872 1826 2942 τὴν

234 2955 449 3023 γνῶσιν
477 2950 589 3023 εῐχε
621 2952 716 3006 τοῦ
744 2951 910 3006 καλοῦ
934 2954 1027 3005 καὶ
1057 2952 1149 3005 τοῦ
1188 2953 1445 3022 πονηροῦ,
1480 2953 1595 3006 ἀλλ’
1623 2956 1687 3006 ὲκ
1724 2953 1826 3022 τῆς

236 3037 515 3109 τιμωρίας
540 3037 638 3106 τῆς
671 3035 759 3089 διὰ
787 3035 883 3107 τὴν
905 3036 1188 3107 παρακοήν
1220 3036 1316 3107 τήν
1341 3037 1432 3089 ἐπὶ
1456 3036 1535 3106 τῷ
1559 3036 1697 3106 ξύλῳ
1732 3053 1827 3089 σα-

241 3122 512 3191 φέστερον
559 3118 718 3172 τοῦτο
751 3118 950 3189 ἔμαθεν
988 3121 1016 3170 6
1044 3117 1348 3188 ἄνθρωπος,
1384 3120 1625 3186 γνωστὸν
1657 3118 1824 3171 καλοῦ

240 3207 344 3261 καὶ
372 3203 611 3275 πονηροῦ
633 3203 695 3255 :6
724 3202 882 3269 ξύλον
910 3202 1187 3265 καλείταις
1241 3203 1363 3255 Ὀτι
1397 3202 1516 3264 ἔθος
1543 3205 1606 3274 τῇ
1635 3204 1823 3273 Γραφῇ

244 3287 425 3352 τοῦτο,
450 3286 668 3339 ἐπειδὰν
696 3286 756 3338 τὸ
773 3288 1009 3356 πρᾶγμα
1038 3286 1282 3356 γένηται,
1305 3286 1337 3357 ἦ
1364 3288 1422 3338 ἐν
1442 3287 1646 3350 τόποις.
1668 3286 1825 3359 [678]

244 3372 279 3441 ἢ
308 3374 367 3425 ἐν
389 3369 733 3439 καιροῖς,άπὺ
754 3368 863 3421 τῶν
888 3370 1225 3440 πραγμάτων
1250 3368 1435 3421 καλεῖν
1468 3370 1560 3422 καὶ
1586 3371 1711 3431 τοὺς
1738 3368 1827 3421 τό·

244 3472 385 3517 πους
416 3455 507 3507 καὶ
536 3458 663 3515 τοὺς
685 3451 929 3521 καιρούς.
967 3452 1075 3504 Καὶ
1114 3452 1201 3505 ἵνα
1231 3452 1560 3520 σαφέστερον
1601 3451 1826 3521 γένηται

237 3536 641 3605 τὸλεγόμενον,
679 3535 773 3586 ἐπὶ
815 3534 1210 3604 ὑποδείγματος
1260 3534 1388 3604 ὑμῖν
1424 3534 1582 3587 τοῦτο
1616 3536 1827 3605 ποιήσω

243 3619 504 3691 φανερόν.
554 3619 611 3671 Ὀ
668 3618 851 3672 Ἰσαάκ
896 3635 1025 3670 ποτε
1079 3619 1289 3689 φρέατα
1322 3617 1533 3687 ὥρυξε’
1560 3616 1733 3670 ταῦτα
1758 3616 1827 3670 τὰ

244 3706 461 3775 φρέατα
497 3703 858 3773 ἐπεχείρησαν
878 3703 925 3754 οἰ
946 3701 1183 3768 γείτονες
1210 3702 1516 3772 διαφθεῖραι
1534 3717 1548 3732 ’
1576 3700 1825 3754 ἐντεῦθεν

245 3787 467 3855 ἐγένετό
492 3803 572 3847 τις
602 3783 888 3854 ἀπέχθεια,
926 3786 1019 3837 καὶ
1043 3784 1263 3836 ἐκάλεσε
1279 3783 1340 3838 :6
1364 3782 1537 3855 φρέαρ
1551 3782 1791 3853 Ἔχθραν
1809 3800 1823 3814 ’

236 3873 349 3924 οὐκ
378 3869 567 3940 ἐπειδὴ
594 3868 725 3921 αὐτὸ
745 3868 805 3921 :6
836 3868 1013 3939 φρέαρ
1036 3866 1323 3937 ήχθρανεν,
1356 3865 1467 3916 ἀλλ’
1492 3867 1677 3937 ἐπειδὴ
1701 3867 1825 3936 περὶ

243 3953 384 4009 αὐτὸ
411 3954 445 4021 ή
477 3951 644 4022 ἔχθρα
673 3951 914 4019 γέγονεν.
951 3950 1106 4003 Οὕτω
1152 3949 1245 4002 καὶ
1293 3949 1353 4001 :6
1400 3948 1554 4015 ξύλον
1586 3952 1826 4017 γνωστὸν

243 4037 421 4097 καλοῦ
472 4036 567 4088 καὶ
596 4032 835 4103 πονηροῦ
868 4032 1135 4097 καλεῖται,
1189 4033 1287 4084 οὐκ
1321 4032 1506 4103 ἐπειδὴ
1551 4033 1683 4086 αὐτὸ
1714 4027 1826 4101 εἶχε

244 4121 474 4190 γνῶσιν,
509 4118 621 4172 ἀλλ’
655 4116 843 4187 ἐπειδὴ
871 4116 999 4187 περὶ
1033 4116 1164 4168 αὐτὸ
1184 4116 1400 4183 ἐγένετο
1423 4118 1450 4169 ὁ
1478 4117 1697 4187 ἐλεγχος
1729 4119 1828 4188 τῆς

244 4203 506 4273 γνώσεως
551 4200 645 4254 τοῦ
699 4199 864 4253 καλοῦ
896 4200 989 4252 καὶ
1030 4199 1124 4251 τοῦ
1158 4198 1415 4269 πονηροῦ.
1461 4200 1626 4252 Πάλιν
1653 4201 1828 4270 ὤρυξε

246 4286 433 4356 φρέαρ
461 4286 490 4337 6
532 4282 802 4355 Ἀϐραὰμ,
837 4282 1228 4336 ἐπεϐούλευσεν
1261 4285 1289 4335 6
1338 4282 1657 4354 ’Ᾱϐιμέλεχθ
1701 4302 1819 4337 συν-

246 4370 436 4440 ἦλθον,
469 4367 771 4421 κατέλυσαν
804 4364 900 4435 τήν
924 4363 1143 4434 ἔχθραν,
1169 4365 1260 4417 καὶ
1306 4365 1498 4435 ὅρκους
1522 4365 1698 4429 δόντες
1737 4368 1831 4420 ἀλ-

245 4453 454 4522 λήλοις,
487 4450 751 4503 ἐκάλεσαν
785 4449 845 4500 τὸ
880 4448 1056 4518 φρέαρ
1091 4449 1262 4501 ἐκεῖνο
1287 4449 1467 4519 Φρέαρ
1498 4450 1660 4519 ὅρκου
1680 4468 1692 4479 ·
1730 4452 1831 4504 οὐκ

247 4533 443 4605 ἐπειδὴ
475 4532 537 4585 :6
572 4534 749 4602 φρέαρ
780 4530 1011 4601 ὤμοσεν,
1045 4530 1159 4583 ἀλλ’
1196 4532 1380 4601 ἐπειδὴ
1409 4534 1536 4602 περὶ
1564 4532 1622 4585 :6
1656 4535 1830 4604 φρέαρ

244 4621 277 4671 6
306 4620 471 4689 ὅρκος
500 4617 733 4683 ἐγένετο.
770 4614 943 4686 Ὀρᾷς
969 4613 1085 4677 πῶς
1121 4614 1240 4684 οὐχὶ
1280 4613 1385 4669 τῶν
1420 4617 1759 4685 πραγμάτων
1783 4618 1831 4670 οί

246 4702 412 4753 τόποι
445 4699 607 4751 αἴτιοι
632 4697 895 4765 γίνονται,
945 4700 992 4750 εί
1032 4698 1126 4750 καὶ
1168 4698 1276 4750 τῶν
1317 4698 1657 4767 πραγμάτων
1687 4697 1829 4768 λαμ-

249 4785 479 4837 ϐάνουσι
522 4782 591 4835 τὰ
626 4783 869 4852 ὀνόματα
900 4800 912 4846 ;
954 4783 1064 4835 Καὶ
1091 4781 1197 4852 γὰρ
1224 4782 1392 4852 πολλὴ
1425 4782 1634 4854 ἀνάγκη
1658 4801 1831 4854 παρα-

248 4869 448 4936 γαγεῖν
478 4866 921 4936 παραδείγματα,
950 4866 1090 4918 ώστε
1122 4866 1453 4936 σαφέστερον
1481 4867 1731 4933 γενέσθαι
1772 4868 1833 4920 :6

246 4951 568 5021 λεγόμενον.
610 4950 779 5003 Πάλιν
820 4946 960 5003 εἶδεν
984 4952 1012 5002 6
1048 4947 1243 5001 Ἰακὼϐ
1293 4949 1557 5017 ἀγγέλους
1582 4951 1832 5020 ἀπαντή-

251 5050 450 5095 σοντας
499 5031 648 5102 αύτῷ
698 5033 790 5085 καὶ
834 5031 1186 5102 παρεμϐολὴν
1243 5032 1412 5091 Θεοῦ,
1469 5032 1563 5084 καὶ
1607 5032 1832 5086 ἐκάλεσε

246 5117 347 5170 τὸν
379 5118 545 5170 τόπον
588 5115 967 5188 Παρεμϐολήν.
1019 5116 1212 5167 Καίτοι
1260 5115 1357 5183 οὐχ
1401 5117 1429 5167 ὁ
1472 5115 1637 5178 τόπος
1688 5113 1755 5186 ἦν
1798 5119 1831 5186 ή

252 5199 601 5270 παρεμϐολὴ,
637 5200 751 5253 ἀλλ’
789 5201 937 5270 ὅμως
969 5198 1173 5267 ἐκλήθη
1205 5199 1232 5248 6
1266 5198 1425 5261 τόπος
1469 5198 1831 5271 Παρεμϐολὴ,

250 5282 448 5353 ἐπειδὴ
494 5283 609 5335 ἐκεῖ
649 5279 756 5335 εἶδε
803 5283 901 5353 τὴν
942 5282 1312 5353 παρεμϐολήν.
1356 5282 1518 5352 Ὁρᾷς
1558 5283 1676 5347 πῶς
1726 5285 1834 5337 67:6

249 5366 350 5420 τοῦ
398 5367 723 5436 πράγματος
768 5366 862 5419 τοῦ
910 5366 1216 5435 συμϐάντος
1254 5367 1310 5417 ὲν
1349 5366 1425 5435 τῷ
1452 5366 1600 5436 τόπῳ
1626 5368 1716 5421 τὸν
1742 5368 1833 5420 τό-

248 5468 357 5505 τινον
401 5449 719 5520 ὠνόμασεν;
769 5450 921 5501 Οὕτω
952 5451 1043 5501 καὶ
1083 5447 1143 5501 :6
1191 5448 1344 5515 ξύλον
1378 5453 1616 5517 γνωστὸν
1668 5452 1834 5504 καλοῦ

247 5533 355 5589 ’.ιιὶ
400 5533 642 5606 πονηροῦ
676 5532 943 5593 καλεῖται,
983 5533 1083 5584 οὐκ
1107 5532 1293 5603 ἐπειδὴ
1324 5532 1456 5585 αὐτὸ
1496 5528 1606 5602 εἶχε
1637 5535 1835 5601 γνῶσιν

248 5614 424 5670 καλοῦ
448 5616 541 5668 καὶ
572 5616 833 5686 πονηροῦ,
865 5616 978 5669 ἀλλ’
1010 5617 1196 5687 ἐπειδὴ
1230 5615 1357 5687 περὶ
1395 5616 1525 5668 αὐτὸ
1558 5618 1772 5683 ἐγένετο
1801 5622 1832 5690 ή

252 5697 534 5762 ἀπόδειξις
561 5700 659 5771 τῆς
687 5698 939 5767 γνώσεως
983 5700 1077 5752 τοῦ
1116 5699 1282 5752 καλοῦ
1324 5700 1417 5751 καὶ
1458 5700 1551 5751 τοῦ
1581 5703 1833 5771 πονηροῦ,

252 5784 353 5837 καὶ
378 5784 414 5854 ή
440 5783 713 5854 γυμνασία
736 5784 839 5854 τῆς
874 5783 1153 5854 παρακοῆς
1178 5785 1268 5838 καὶ
1300 5784 1395 5855 τῆς
1429 5784 1693 5854 ὑπακοῆς.
1725 5787 1831 5840 Πά-

1472 342 1544 400 ὶΝ
1575 340 1875 401 GENESIM
1911 340 2143 401 SERMO
2171 343 2283 403 VII.

3394 358 3496 412 612

1927 465 2010 519 λιν
2034 463 2138 521 εἶδε
2167 470 2258 523 τὸν
2288 470 2419 526 Θεὸν
2440 474 2469 526 6
2505 474 2720 540 Ἰακὼϐ,
2764 475 2840 541 ὼς
2872 477 2997 529 ίδεῖν
3028 475 3300 548 ἀνθρώπῳ
3340 476 3496 531 δυναη

1925 563 2017 615 τὸν
2042 559 2129 635 ἦν,
2144 566 2237 619 καὶ
2259 568 2483 622 ἐκάλεσε
2512 569 2572 623 :6
2595 570 2764 641 ὄνομα
2778 572 2872 626 τοῦ
2902 574 3067 626 τόπου
3088 573 3300 627 ἐκείνου
3324 574 3500 640 Εἶδος

1930 656 2097 709 Θεοῦ.
2121 657 2221 710 Διά
2243 658 2297 711 τί
2318 676 2330 686 ·
2356 659 2485 713 ’Ὀτι
2510 657 2674 715 εἴδον-
2696 662 2803 717 τὸν
2833 665 3010 725 Θεὸν,
3054 665 3206 733 φησί.
3249 668 3359 719 Καὶ
3393 666 3499 736 μὴν

1925 745 2023 814 οὐχ
2062 747 2090 799 6
2130 747 2292 812 τόπος
2319 747 2457 813 εἶδος
2480 752 2616 805 Θεοῦ
2649 748 2738 824 ἧν,
2778 754 2895 808 ἀλλ’
2916 755 3023 809 ἀπὸ
3052 756 3145 809 τοῦ
3174 757 3499 828 πράγματος

1924 839 2018 892 τοῦ
2068 842 2371 911 συμϐάντος
2410 845 2469 898 ὲν
2504 844 2580 915 τῷ
2612 845 2762 916 τόπῳ
2804 848 2838 917 ή
2881 848 3223 918 προσηγορία
3252 848 3494 917 γέγονεν.

1940 929 2103 1002 Ὁρᾷς
2129 931 2218 985 διὰ
2246 934 2428 989 πόσων
2466 936 2871 1001 ἀποδέδεικται,
2905 938 2988 991 ὄτι
3031 937 3151 1002 ἔθος
3195 942 3262 1011 τῇ
3304 940 3497 1011 Γραφῇ

1928 1020 2037 1075 ἀπὸ
2063 1022 2172 1077 τῶν
2194 1025 2531 1095 πραγμάτων
2551 1026 2658 1079 τῶν
2681 1027 3084 1097 συμϐαινόντων
3106 1031 3163 1081 ἐν
3180 1026 3294 1093 τοῖς
3311 1031 3499 1094 τόποις

1927 1116 2124 1188 αὐτοὺς
2169 1120 2296 1181 τοὺς
2328 1120 2527 1184 τόπους
2572 1121 2785 1187 καλεῖν;
2830 1122 2904 1175 T6
2943 1124 3075 1177 αὐτὸ
3120 1124 3177 1176 δὲ
3213 1126 3370 1179 τοῦτο
3406 1127 3501 1179 καὶ

1928 1206 2021 1261 ἐπὶ
2046 1209 2251 1278 καιρῶν
2278 1212 2447 1263 ποιεῖν
2469 1210 2679 1264 εἴωθεν.
2719 1212 2856 1265 Ἀλλ’
2881 1214 2966 1266 ἵνα
2999 1215 3072 1286 μὴ
3094 1218 3499 1287 κατατείνωμεν

1930 1298 2094 1371 ὑμᾶς,
2124 1304 2255 1374 φέρε
2287 1304 2679 1374 μεταγάγωμεν
2705 1305 2797 1359 τὸν
2813 1305 2968 1375 λόγον
2991 1308 3099 1360 ἀπὸ
3124 1309 3232 1362 τῶν
3256 1310 3500 1381 σκυθρω-

1930 1394 2174 1464 ποτέρων
2198 1395 2291 1449 ἐπὶ
2318 1395 2389 1449 τὰ
2418 1396 2764 1468 φαιδρότερα.
2794 1399 2904 1452 Καὶ
2929 1398 3039 1470 γάρ
3059 1400 3262 1471 ἔκαμεν
3284 1402 3438 1472 ὑμῶν
3465 1405 3498 1473 ἠ

1927 1481 2133 1536 διάνοια
2184 1486 2294 1547 τοῖς
2344 1484 2691 1557 λεπτοτέροις
2724 1489 2991 1559 νοήμασιν
3041 1490 3452 1562 ἐνδιατρίϐουσα
3482 1512 3494 1524 °

1927 1571 2115 1645 διόπερ
2140 1576 2308 1645 αὐτὴν
2324 1577 2635 1632 ἀναπαῦσαι
2661 1579 2844 1646 καλὸν,
2871 1584 2984 1644 τοῖς
3012 1581 3390 1655 ἀφελεστέροις
3407 1585 3500 1638 καὶ

1931 1665 2303 1739 φαιδροτέροις
2328 1669 2648 1735 διαιτῶντας
2682 1673 2970 1743 νοήμασιν;

2012 1759 2350 1831 Ἐπανίωμεν
2380 1763 2559 1815 τοίνυν
2594 1763 2689 1816 ἐπὶ
2734 1764 2794 1816 :6
2824 1765 3092 1835 σωτήριον
3132 1767 3225 1819 τοῦ
3264 1765 3499 1839 σταυροῦ

1931 1849 2109 1915 ξύλον.
2162 1851 2330 1904 Τοῦτο
2362 1853 2491 1924 γὰρ,
2525 1852 2682 1907 τοῦτο
2732 1854 2908 1909 πάντα
2954 1855 3182 1909 άνέλυσε
3229 1857 3298 1909 τὰ
3330 1858 3500 1922 δεινά,

1929 1938 2028 1991 ὅσα
2058 1939 2234 1992 ἐκεῖνο
2262 1942 2523 2011 εἰσήγαγε
2546 1957 2559 1971 ⁸
2589 1941 2789 2011 μᾶλλον
2821 1940 2878 1994 δὲ
2907 1940 3007 1995 οὒκ
3034 1945 3209 1998 ἐκεῖνο
3240 1946 3501 2015 εἰσήγαγε

1927 2029 1998 2083 :6
2024 2030 2190 2095 δεινὰ,
2215 2031 2328 2085 ἀλλ’
2355 2034 2382 2085 6
2410 2031 2692 2103 ἄνθρωπος
2719 2033 2954 2094 ἅπαντα,
2971 2033 3113 2106 άπερ
3144 2035 3281 2106 μετά
3302 2036 3504 2107 πολλῆς

1933 2121 2159 2195 ὕστερον
2192 2124 2423 2179 ἀνέλυσε
2467 2126 2569 2196 τῆς
2615 2127 2934 2199 περιουσίας
2966 2130 2993 2181 6
3039 2127 3291 2198 Χριστὸς,
3324 2130 3504 2201 πολλῷ

1935 2212 2157 2284 μείζονα
2190 2214 2369 2270 αὐτῶν
2400 2217 2710 2287 εἰσαγαγὼν
2753 2219 2954 2287 ἀγαθά.
3008 2223 3086 2274 Δι’
3121 2222 3252 2276 αὐτὸ
3283 2221 3443 2276 τοῦτο
3475 2222 3504 2276 6

1932 2307 2141 2371 Παῦλός
2197 2325 2360 2378 φησιν
2392 2326 2405 2340 °
2449 2311 2641 2364 Ὅπου
2691 2310 3066 2367 ἐπλεόνασεν
3114 2314 3153 2381 ἡ
3206 2314 3461 2383 ἁμαρτία
3482 2352 3502 2379 ι,

1929 2400 2528 2468 ὑπερεπερίσσευσεν
2563 2402 2601 2468 ἡ
2651 2402 2850 2472 χάρις·
2901 2406 3167 2471 τουτέστι,
3218 2408 3401 2477 μεῖζον
3445 2407 3506 2461 :6

1930 2486 2103 2559 δῶρον
2136 2490 2231 2542 τοῦ
2278 2491 2695 2563 ἁμαρτήματος.
2748 2494 2847 2546 Διὰ
2884 2494 3043 2548 τοῦτο
3086 2496 3247 2550 πάλιν
3294 2498 3459 2569 φησίν
3489 2514 3501 2528 ·

1936 2582 2058 2649 υὺχ
2091 2579 2171 2647 ὥς
2213 2580 2281 2634 τὸ
2319 2583 2722 2652 παράπτωμα,
2770 2585 2923 2638 οὕτω
2963 2586 3064 2640 καὶ
3104 2586 3168 2640 τὸ
3200 2587 3500 2657 χάρισμα·

1927 2676 2027 2745 οὐχ
2057 2676 2178 2729 ὅσον
2210 2676 2460 2747 ἥμαρτεν
2484 2679 2512 2731 6
2537 2676 2843 2749 ἄνθρωπος,
2880 2681 3134 2733 τοσοῦτον
3163 2682 3455 2751 ἐχαρίσατο
3478 2684 3506 2735 6

1928 2766 2062 2830 Θεός
2080 2782 2093 2795 ·
2119 2766 2217 2837 οὐχ
2240 2766 2339 2837 ὃση
2362 2769 2395 2838 ή
2422 2767 2613 2838 ζημία,
2637 2768 2870 2840 τοσαύτη
2900 2768 3050 2840 [679]
3071 2770 3164 2822 καὶ
3190 2772 3222 2840 ή
3247 2789 3506 2842 πραγμα·

1929 2857 2050 2910 τεία
2067 2872 2081 2885 ·
2115 2857 2214 2927 οὐχ
2250 2857 2372 2910 ὅσον
2396 2856 2458 2911 :6
2484 2856 2760 2925 ναυάγιον,
2782 2855 3017 2929 τοσαύτη
3040 2860 3135 2912 καὶ
3162 2862 3195 2930 ή
3227 2863 3466 2932 ἐμπορία
3489 2880 3502 2893 ·

1932 2945 2069 3001 ἀλλὰ
2102 2946 2272 3000 πλείω
2303 2947 2373 2999 :6
2401 2947 2578 3015 ἀγαθὰ
2608 2947 2720 3000 τῶν
2752 2949 2935 3001 κακῶν
2958 2966 2971 2979 ·
3016 2949 3112 3002 καὶ
3148 2951 3392 3014 εἰκότως.
3425 2953 3506 3007 Τά

1933 3036 2032 3106 μὲν
2058 3037 2169 3105 γὰρ
2197 3035 2341 3088 κακὰ
2371 3035 2554 3099 δοῦλος
2592 3037 2874 3106 εἰσήγαγε,
2906 3038 3001 3089 καὶ
3029 3037 3284 3092 ἐλάττονα
3305 3035 3403 3111 ἦν’
3438 3042 3505 3095 τὰ

1929 3128 1986 3181 δὲ
2018 3126 2199 3197 ἀγαθὰ
2230 3126 2504 3197 Δεσπότης
2547 3126 2861 3198 ἐχαρίσατο,
2908 3127 2990 3181 διὸ
3031 3130 3125 3182 καὶ
3165 3130 3384 3187 πλείονα
3415 3129 3502 3204 ἦν.

1930 3220 2029 3274 Διὰ
2048 3218 2204 3273 τοῦτό
2227 3236 2390 3290 φησιν
2413 3236 2425 3248 ·
2453 3222 2576 3286 Οὐχ
2607 3219 2687 3284 ὡς
2718 3219 2786 3270 τὸ
2817 3217 3203 3290 παράπτωμα,
3226 3222 3378 3275 οὕτω
3405 3223 3505 3277 καὶ

1929 3311 1995 3365 τὸ
2024 3310 2305 3380 χάρισμα.
2330 3306 2461 3363 Εἶτα
2492 3310 2682 3378 ἐπάγει
2708 3311 2804 3363 καὶ
2830 3309 2927 3381 τὴν
2951 3312 3212 3382 διαφοράν
3231 3330 3244 3344 ·
3294 3314 3364 3368 Τὸ
3389 3316 3507 3384 μὲν

1930 3404 2041 3472 γὰρ
2078 3401 2256 3471 κρῖμα
2288 3401 2357 3467 ἐξ
2385 3402 2523 3467 ἐνὸς
2569 3402 2656 3466 εἰς
2688 3401 3037 3471 κατάκριμα,
3062 3403 3127 3457 τὸ
3150 3403 3218 3457 δὲ
3243 3404 3506 3474 χάρισμα

1928 3496 1997 3549 ἐκ
2051 3492 2300 3549 πολλῶν
2330 3490 2816 3561 παραπτωμάτων¹
2855 3494 2944 3558 εἰς
2985 3492 3291 3564 δικαίωμα.
3343 3498 3503 3550 Ἀσα-

1932 3591 2192 3660 φέστερον
2240 3587 2301 3641 :6
2351 3586 2673 3658 εἰρημένονο
2730 3585 2926 3638 οὐκοῦν
2972 3586 3185 3657 ἀνάγκη
3217 3589 3315 3657 τὴν
3352 3589 3505 3643 λύσιν

1930 3682 2255 3750 ἐπαγαγεῖν.
2298 3678 2367 3732 Τὸ
2380 3677 2497 3747 μὲν
2528 3681 2639 3745 γὰρ
2668 3677 2867 3745 κρῖμα,
2898 3677 3173 3731 τουτέστιν
3204 3681 3235 3750 ή
3262 3678 3501 3743 κόλασις,

1932 3778 1964 3847 ή
1989 3771 2245 3844 τιμωρία,
2277 3773 2305 3825 6
2326 3770 2551 3832 θάνατος
2569 3787 2583 3800 ο
2626 3769 2722 3845 Ἐξ
2747 3769 2885 3834 ἑνὸς
2906 3808 2921 3831 ,
2948 3771 3225 3823 τουτέστιν
3251 3773 3503 3844 ἁμαρτή-

1936 3884 2103 3937 ματος
2127 3883 2141 3898 ·
2169 3862 2277 3917 Μία
2302 3863 2430 3933 γάρ,
2464 3863 2649 3932 φησὶν,
2678 3861 2922 3931 ἁμαρτία
2958 3861 3209 3916 τοσοῦτον
3242 3865 3504 3934 εἰσήγαγε

1933 3957 2098 4011 κακόν
2118 3974 2132 3989 ο
2162 3955 2223 4009 :6
2262 3956 2318 4009 δὲ
2347 3955 2591 4025 χάρισμα
2623 3954 2722 4006 ούκ
2749 3952 2963 4021 ἐκείνην
2998 3953 3162 4023 μόνην
3200 3953 3296 4025 τὴν
3325 3956 3507 4026 ἁμαρ..

1929 4048 2051 4102 τίαν
2070 4046 2279 4110 ἔλυσεν,
2313 4045 2447 4098 ἀλλὰ
2476 4044 2571 4097 καλ⁸
2596 4043 2681 4096 ὲτέ
2692 4061 2789 4114 ρας
2818 4042 3035 4106 πολλάς.
3088 4043 3186 4097 Διὰ
3218 4043 3375 4097 τοῦτο
3407 4044 3500 4097 λέ-

1932 4159 2018 4210 γει
2040 4158 2055 4171 ·
2091 4140 2161 4195 Τὸ
2186 4137 2253 4192 δὲ
2281 4137 2544 4207 χάρισμα
2568 4137 2634 4189 ὲκ
2665 4134 2912 4191 πολλῶν
2927 4135 3408 4204 παραπτωμάτων
3422 4140 3507 4203 εἰς

1932 4233 2242 4300 δικαίωμα.
2282 4229 2381 4282 Διὰ
2428 4226 2586 4281 τοῦτο
2618 4228 2711 4280 καὶ
2758 4230 2785 4280 6
2840 4226 3092 4297 Ἰωάννης
3136 4230 3165 4280 6
3210 4228 3508 4301 βαπτιστὴς

1932 4324 2060 4377 ἐϐόα
2082 4342 2095 4354 ·
2131 4323 2254 4379 Ἴδε
2291 4325 2326 4376 ὀ
2354 4321 2544 4388 ἀμνὸς
2590 4319 2697 4373 τοῦ
2751 4321 2919 4384 Θεοῦ,
2975 4322 3117 4390 οὐχὶ,
3148 4320 3177 4372 6
3206 4320 3379 4393 αἴρων
3410 4324 3508 4392 τήν

1933 4412 2206 4483 ἁμαρτίαν
2222 4411 2316 4464 τοῦ
2352 4410 2543 4481 Ἀδὰμ,
2574 4409 2709 4474 ἀλλ’,
2757 4411 2818 4463 '0
2844 4410 3026 4479 αἵρων
3056 4409 3169 4478 τὴν
3217 4413 3509 4481 ἁμαρτίαν

1932 4505 2038 4559 τοῦ
2063 4505 2314 4572 κόσμου.
2342 4498 2499 4566 Εἶδες
2542 4501 2658 4563 πῶς
2679 4502 2776 4572 οὐχ
2798 4502 2871 4565 ὡς
2892 4502 2952 4554 :6
2980 4502 3349 4574 παράπτωμα,
3367 4504 3509 4558 οὕτω

1935 4597 2031 4651 καὶ
2073 4596 2136 4649 :6
2183 4595 2464 4666 χάρισμα,
2512 4592 2650 4647 ἀλλὰ
2688 4593 2908 4647 πλείονα
2940 4595 3205 4665 εἰσήγαγε
3252 4594 3410 4649 τοῦτο
3448 4598 3509 4649 τὸ

1936 4689 2094 4755 ξύλον
2139 4686 2321 4757 ἀγαθὰ
2368 4685 2477 4740 τῶν
2525 4686 2678 4756 παρὰ
2720 4686 2819 4757 τὴν
2872 4686 3049 4757 ἀρχὴν
3094 4686 3508 4757 εἰσενεχθέντων

1936 4781 2121 4836 κακῶν
2141 4798 2156 4845 ;

2006 4871 2069 4925 δ’.
2092 4867 2277 4923 Ταῦτα
2294 4869 2350 4922 δὲ
2372 4863 2543 4931 εἷπον,
2566 4868 2655 4921 ἵνα
2680 4867 2752 4938 μὴ
2775 4868 3007 4938 νομίσῃς
3027 4867 3429 4937 ἔπηρεάζεσθαί
3450 4883 3508 4920 σε

1937 4962 2088 5035 παρὰ
2114 4961 2222 5014 τῶν
2252 4961 2505 5031 πρώτων.
2545 4959 2828 5024 Ἐξέϐαλεν
2861 4962 2889 5012 6
2919 4959 3165 5022 διάϐολος
3180 4960 3269 5012 τὸν
3315 4960 3508 5028 Ἀδάμ,

1934 5057 2195 5127 εἰσήγαγε
2211 5052 2302 5104 τὸν
2330 5051 2530 5121 λῃστὴν
2556 5053 2584 5104 6
2609 5051 2859 5123 Χριστός.
2880 5051 2989 5104 Καὶ¹
3016 5051 3207 5103 σκόπει
3236 5050 3296 5103 τὸ
3325 5050 3509 5118 διάφο-

1940 5166 2049 5219 ρον.
2102 5148 2338 5207 Ἐκεῖνος
2384 5144 2483 5197 οὐκ
2532 5142 2723 5213 ἔχοντα
2752 5142 3027 5212 ἁμαρτίαν
3075 5140 3165 5192 τὸν
3198 5140 3508 5210 ἄνθρωπον,

1936 5237 2073 5293 ἀλλὰ
2129 5236 2255 5307 μίαν
2305 5234 2497 5304 κηλῖδα
2540 5234 2849 5303 παρακοῆς,
2895 5231 3185 5296 ἐξέϐαλεν·
3215 5233 3244 5283 6
3275 5231 3512 5301 Χριστὸς

1936 5330 2139 5399 λῃστὴν
2158 5328 2322 5399 μυρία
2339 5325 2533 5399 φορτία
2557 5326 2969 5397 ἁμαρτημάτων
2990 5323 3323 5393 βαστάζοντα
3340 5323 3512 5386 οὕτως

1938 5420 2233 5490 εἰσήγαγεν
2260 5420 2338 5481 εἰς
2364 5417 2454 5469 τὸν
2482 5415 2829 5485 παράδεισον.
2857 5408 2985 5483 τΑρ⁹
3022 5409 3115 5465 οὖν
3150 5412 3308 5465 τοῦτο
3352 5411 3511 5482 μόνον

1938 5513 1999 5564 τὸ
2030 5510 2213 5580 θαῦμά
2237 5512 2406 5574 ἔστιν,
2433 5508 2514 5561 ὅτι
2539 5504 2740 5578 λῃστὴν
2759 5505 3049 5575 εἰσήγαγεν
3068 5506 3146 5566 εἰς
3162 5503 3508 5574 παράδεισον,

1940 5603 2068 5658 ἄλλο
2096 5603 2153 5655 δὲ
2180 5601 2331 5654 οὐδέν
2355 5618 2369 5667 ;
2406 5601 2559 5654 Ἐστι
2582 5599 2675 5652 καὶ
2709 5597 2837 5651 ἄλλο
2872 5595 3055 5666 μεῖζον
3079 5598 3274 5649 εἰπεῖν.
3306 5597 3378 5649 Ού
3406 5598 3511 5666 γὰρ

1922 5694 2143 5768 λῃστὴν
2175 5693 2431 5762 εἰσήγαγε
2473 5689 2650 5760 μόνον,
2670 5686 2804 5741 ἀλλὰ
2830 5688 2922 5740 καὶ
2947 5685 3049 5757 πρὸ
3070 5689 3165 5755 τῆς
3194 5685 3511 5755 οἰκουμένης

1946 5786 2183 5856 ἁπάσης,
2234 5786 2323 5839 καὶ
2377 5783 2481 5855 πρὸ
2515 5782 2620 5838 τῶν
2662 5780 3006 5837 ἀποστόλων*
3067 5779 3153 5834 ἵνα
3190 5780 3375 5851 μηδεὶς
3408 5780 3514 5833 τῶν
