4028 6360
223 378 336 436 613

220 507 471 556 versum,
504 500 558 546 et
595 501 718 546 ante
761 490 1075 561 apostolos:
1109 502 1177 543 ne
1222 487 1340 558 quis
1375 495 1715 557 posterorum
1759 500 1819 542 se

225 586 432 654 ingredi
462 599 618 653 posse
647 584 897 654 deSperet
917 626 931 650 ,
964 597 1135 652 neque
1161 596 1311 651 spem
1349 595 1565 635 omnem
1593 597 1705 635 sua:
1734 594 1822 634 sa-

222 676 352 729 lutis
382 676 600 745 abjiciat
624 718 636 739 ,
667 691 787 729 cum
821 674 1115 729 innumeris
1150 680 1443 727 scatentem
1484 671 1638 725 malis
1681 685 1740 726 se
1769 671 1822 725 in

225 770 373 839 regio
403 769 609 823 versari
636 768 839 838 palatio
865 768 1056 823 videat.
1089 766 1196 823 Sed
1224 764 1629 822 consideremus
1648 807 1664 832 ,
1693 780 1820 818 num

227 862 441 917 labores
476 872 532 917 et
557 875 704 917 recte
729 863 865 917 facta
904 874 958 917 et
989 861 1190 916 fructus
1220 861 1520 916 exhibuerit
1559 861 1711 915 latro.
1742 860 1823 916 Ne

224 954 331 1010 hoc
352 955 569 1025 quidem
598 955 700 1009 dici
736 964 929 1025 potest,
961 955 1056 1009 sed
1087 954 1229 1009 nudo
1256 954 1421 1008 verbo
1452 954 1678 1023 prolato,
1708 953 1823 1007 sola

226 1047 331 1102 lide
362 1047 600 1101 exhibita
633 1049 685 1101 in
718 1047 1021 1117 paradisum
1063 1056 1190 1103 ante
1216 1047 1488 1117 apostolos
1517 1047 1738 1114 insiliit,
1768 1055 1826 1101 ut

228 1138 497 1208 intelligas
525 1153 628 1192 non
648 1139 761 1208 ejus
784 1139 1104 1208 probitatem
1134 1147 1336 1193 tantum
1356 1139 1609 1204 valuisse,
1639 1154 1824 1193 verum

228 1229 440 1286 Domini
460 1232 845 1300 benignitatem
877 1242 1045 1286 totum
1076 1233 1345 1302 negotium
1368 1234 1656 1302 peregisse.
1686 1230 1825 1298 Quid

223 1325 372 1377 enim
416 1323 550 1377 latro
588 1324 759 1378 dixit?
788 1323 914 1393 quid
962 1324 1133 1378 fecit?
1177 1339 1304 1377 num
1350 1322 1652 1393 jejunavit?
1698 1338 1823 1376 num

226 1414 413 1469 ﬂevit?
446 1430 572 1468 num
599 1430 659 1469 se
690 1414 1064 1469 afllixit?num
1095 1415 1256 1485 longo
1288 1425 1531 1485 tempore
1556 1416 1825 1484 paeniten-

226 1506 358 1558 tiam
388 1504 671 1558 exhibuit?
716 1503 1057 1576 Nequaquam
1090 1524 1101 1557 :
1136 1506 1229 1560 sed
1272 1506 1323 1559 in
1356 1506 1467 1575 ipsa
1508 1522 1668 1561 cruce
1708 1514 1827 1575 post

224 1597 551 1649 sententiam
615 1596 842 1651 salutem
905 1597 1154 1651 obtinuit.
1195 1596 1328 1652 Vide
1355 1597 1685 1652 celeritatem
1735 1615 1747 1650 :
1794 1612 1824 1651 a

225 1701 390 1740 cruce
421 1686 471 1738 in
502 1687 713 1751 caelum,
746 1702 775 1739 a
805 1687 1069 1756 supplicio
1110 1688 1165 1742 in
1215 1687 1466 1742 salutem.
1496 1687 1625 1755 Quae
1667 1703 1826 1757 porro

226 1785 358 1830 sunt
383 1776 471 1830 illa
498 1777 695 1830 verba?
722 1792 879 1846 quam
909 1778 1121 1833 tandem
1141 1779 1246 1832 vim
1274 1778 1488 1842 habent,
1514 1787 1570 1832 ut
1595 1780 1696 1834 hoc
1720 1794 1826 1834 uno

220 1868 376 1921 tanta
408 1877 827 1936 consequeretur
869 1868 1046 1923 bona?
1078 1868 1335 1922 Memento
1373 1870 1504 1935 mei,
1538 1870 1740 1939 inquit,
1771 1870 1826 1923 in

225 1977 387 2031 regno
413 1972 498 2014 tuo
528 1959 677 2028 (Luc.
704 1960 798 2015 25.
827 1962 943 2030 42).
971 1961 1108 2029 Quid
1140 1962 1241 2016 hoc
1264 1962 1339 2015 rei
1366 1962 1483 2016 est?
1502 1962 1660 2017 Petiit
1683 1962 1821 2018 bona

222 2052 368 2119 dari,
420 2068 525 2106 non
570 2052 825 2122 Operihus
866 2052 995 2124 ipsis
1034 2052 1267 2107 studium
1317 2052 1483 2107 ullum
1531 2052 1822 2107 adhibuit:

224 2158 417 2197 verum
454 2144 500 2200 is
545 2144 629 2206 cui
660 2158 754 2198 cor
783 2143 899 2215 ejus
948 2155 1130 2199 notum
1157 2154 1307 2210 erat,
1343 2161 1447 2198 non
1492 2144 1721 2200 attendit
1759 2144 1825 2199 ad

226 2236 393 2291 verba
415 2278 430 2301 ,
462 2235 557 2291 sed
586 2235 651 2290 ad
679 2237 876 2291 mentis
906 2236 1177 2291 allectum.
1208 2236 1340 2291 Nam
1382 2237 1457 2291 illi
1489 2237 1704 2307 quidem
1735 2238 1826 2307 qui

228 2327 616 2398 pr0phetarum
650 2328 859 2383 fuerant
884 2328 1221 2383 documentis
1253 2329 1533 2394 instructi,
1557 2329 1646 2399 qui
1677 2328 1828 2398 signa

226 2420 497 2484 viderant,
520 2420 609 2490 qui
633 2421 881 2475 miracula
926 2420 1138 2475 fuerant
1183 2421 1548 2489 contemplati,
1584 2420 1651 2475 de
1682 2419 1831 2476 Chri-

224 2522 312 2565 sto
356 2510 643 2566 dicebant:
671 2510 990 2565 Dtemonium
1032 2510 1200 2576 habet,
1247 2521 1338 2575 et,
1379 2510 1588 2566 Seducit
1631 2511 1829 2565 turbam

225 2601 447 2670 (Matth.
479 2604 566 2655 11.
595 2601 686 2672 18)
718 2619 731 2657 :
760 2602 896 2656 latro
938 2617 1088 2668 vero,
1118 2602 1208 2672 qui
1240 2601 1526 2671 prophetas
1572 2617 1679 2657 non
1728 2618 1826 2656 au-

226 2693 426 2759 dierat,
445 2695 534 2763 qui
567 2692 804 2765 prodigia
828 2709 935 2748 non
961 2694 1187 2760 viderat,
1211 2694 1300 2764 qui
1325 2696 1375 2749 in
1397 2710 1555 2750 cruce
1579 2694 1828 2749 suftixum

227 2784 464 2849 viderat,
496 2800 600 2838 non
629 2785 855 2839 attendit
878 2784 943 2838 ad
968 2785 1338 2855 ignominiam,
1370 2801 1476 2841 non
1503 2786 1739 2857 respexit
1761 2786 1831 2841 ad

226 2876 529 2943 infamiam,
560 2876 657 2931 sed
697 2877 1029 2932 divinitatem
1079 2878 1246 2946 ipsam
1290 2877 1670 2943 considerans,
1717 2877 1832 2933 Me-

224 2977 419 3031 mento,
449 2968 640 3037 inquit,
682 2968 778 3021 mei
808 2968 861 3022 in
885 2984 1040 3039 regno
1080 2977 1185 3023 tuo.
1229 2967 1340 3022 lloc
1373 2983 1505 3022 sane
1549 2982 1744 3021 novum
1776 2975 1832 3023 et

228 3061 567 3116 inusitatum.
598 3061 825 3116 Crucem
854 3061 1023 3126 vides,
1053 3070 1110 3116 et
1150 3062 1297 3131 regni
1334 3061 1661 3115 meministi?
1691 3061 1830 3129 Quid

226 3155 451 3225 dignum
494 3170 660 3225 regno
695 3154 921 3209 vidisti?
954 3154 1237 3210 IIominem
1276 3153 1595 3209 cruciﬁxum
1616 3194 1632 3220 ,
1662 3154 1831 3224 alapis

228 3263 455 3313 cmsum,
482 3248 718 3317 illusum,
750 3255 1061 3304 accusatum
1082 3290 1098 3315 ,
1131 3249 1300 3319 sputis
1328 3263 1697 3318 conspersum,
1727 3247 1828 3303 ﬂa-

226 3338 487 3408 gellatam
511 3356 525 3391 :
553 3338 791 3395 haeccine
820 3350 966 3405 sunt,
994 3356 1176 3410 quaeso
1197 3381 1213 3406 ,
1246 3340 1405 3409 digna
1437 3339 1642 3408 regno?
1672 3338 1831 3395 Vides

228 3448 354 3486 eum
381 3434 551 3487 oculis
588 3434 706 3489 fidei
736 3435 1046 3503 respexisse
1067 3475 1082 3499 ,
1126 3448 1233 3488 non
1259 3448 1320 3487 ea
1348 3447 1467 3503 quae
1496 3432 1828 3503 apparebant

226 3524 592 3594 expendisse?
619 3525 911 3595 Propterea
942 3540 1116 3595 neque
1164 3526 1307 3580 Deus
1348 3526 1487 3580 nuda
1527 3527 1688 3581 verba
1732 3541 1827 3580 ex-

229 3615 536 3684 pendebat,
564 3616 659 3671 sed
691 3625 747 3669 ιιι
778 3616 867 3671 ille
895 3617 947 3669 in
979 3615 1346 3682 divinitatem,
1374 3617 1454 3671 sic
1485 3617 1625 3671 Deus
1652 3616 1704 3669 in
1734 3632 1830 3671 cor

230 3709 457 3761 latronis
483 3707 820 3778 respiciebat,
849 3716 904 3763 et
942 3707 1017 3761 ait
1045 3723 1060 3764 :
1094 3705 1262 3760 Hodie
1287 3723 1479 3760 mecum
1509 3708 1607 3760 eris
1636 3708 1690 3760 in
1727 3724 1824 3776 pa-

226 3801 406 3854 radiso
436 3800 583 3870 (Luc.
608 3800 699 3853 ‘23.
725 3799 839 3867 45).

309 3892 657 3961 Objectionem
686 3892 868 3963 refellit
896 3890 1322 3945 Manichaeorum.
1352 3920 1424 3929 ——
1452 3890 1565 3946 Hoc
1595 3890 1712 3944 loco
1741 3899 1825 3943 at-

230 3983 468 4038 tendite:
498 3982 761 4053 siquidem
783 3982 1009 4052 quaestio
1034 3998 1139 4037 non
1158 3982 1390 4052 vulgaris
1410 3983 1667 4037 exoritur.
1692 3981 1826 4036 Nam

230 4075 537 4140 hlauicbrei,
569 4090 730 4130 canes
758 4074 889 4130 muti
909 4083 966 4130 et
986 4075 1179 4141 rabidi,
1213 4076 1448 4144 speciem
1474 4075 1688 4145 quidem
1718 4092 1826 4143 prae

227 4184 291 4224 sc
320 4170 501 4226 ferunt
527 4168 826 4234 modestiae,
862 4170 1005 4223 intus
1030 4184 1161 4222 vero
1189 4184 1405 4238 gravent
1450 4183 1641 4222 canum
1682 4169 1826 4221 inSa-

234 4262 384 4315 niam
414 4259 617 4322 fovent,
648 4268 703 4313 et
732 4260 847 4313 ovis
878 4259 1014 4329 pelle
1048 4259 1229 4328 lupum
1257 4258 1543 4313 occultant.
1575 4260 1644 4312 At
1674 4266 1730 4312 tu
1758 4274 1827 4314 ne

226 4354 373 4425 quod
405 4360 630 4423 apparet
651 4353 901 4422 aspicias,
932 4368 1117 4407 verum
1149 4352 1294 4407 intus
1322 4352 1573 4407 latentem
1594 4352 1824 4407 hclluam

228 4447 554 4517 pervestiga.
591 4444 680 4498 Isti
722 4459 850 4514 ergo
878 4444 1054 4499 locum
1097 4443 1239 4498 hunc
1264 4443 1582 4513 arripientes
1625 4444 1773 4497 aiunt
1806 4460 1820 4498 :

228 4538 378 4591 Dixit
397 4536 663 4598 Christus,
688 4534 869 4601 Amen,
898 4551 1045 4588 amen
1066 4534 1179 4587 dico
1201 4533 1310 4601 tibi,
1336 4533 1487 4587 hodie
1512 4550 1703 4588 mecum
1725 4535 1825 4588 eris

222 4630 279 4681 in
311 4628 555 4697 paradiso
584 4643 603 4681 :
632 4628 789 4696 igitur
814 4627 925 4696 jam
968 4626 1102 4681 facta
1130 4634 1213 4682 est
1239 4627 1503 4681 bonorum
1544 4626 1824 4681 retributio

223 4728 281 4773 et
310 4718 581 4786 superflua
628 4719 731 4771 erit
757 4718 1102 4772 resurrectio.
1151 4718 1208 4771 Si
1244 4718 1386 4772 enim
1429 4718 1519 4772 illo
1548 4718 1637 4773 die
1687 4720 1824 4773 latro

226 4812 369 4866 bona
397 4812 621 4881 recepit,
676 4828 872 4881 corpus
917 4825 1095 4866 autem
1127 4812 1244 4882 ejus
1290 4811 1527 4867 nondum
1571 4812 1637 4866 ad
1683 4812 1823 4867 hunc

224 4918 405 4971 usque
435 4903 576 4959 diem
606 4904 923 4969 resurrexit,
958 4920 1063 4957 non
1094 4905 1200 4958 erit
1243 4904 1497 4973 deinceps
1535 4919 1820 4973 corporum

228 4998 579 5051 resurrectio.
612 4996 879 5065 Numquid
911 4997 1252 5051 intellexistis
1282 4998 1422 5066 quod
1456 4997 1688 5051 diximus
1708 5038 1725 5064 ,
1752 5013 1820 5052 an

222 5101 361 5141 vero
390 5088 580 5142 iterum
611 5089 736 5143 illud
764 5088 867 5143 dici
909 5104 1125 5144 necesse
1149 5089 1273 5143 est?
1301 5088 1493 5155 Amen,
1525 5106 1674 5145 amen
1706 5091 1820 5144 dico

226 5180 340 5244 tibi,
370 5180 520 5235 hodie
544 5198 739 5235 mecum
764 5184 861 5236 eris
883 5183 933 5235 in
957 5181 1215 5251 paradiso.
1238 5180 1516 5252 Ingressus
1530 5192 1612 5237 est
1639 5183 1818 5254 igitur,

230 5269 429 5338 inquit,
479 5273 532 5325 in
572 5273 872 5341 paradisum
910 5274 1044 5327 latro
1089 5290 1194 5327 non
1235 5288 1355 5327 cum
1401 5289 1625 5342 corpore
1669 5291 1822 5344 :quo

231 5362 379 5415 enim
424 5374 599 5432 pacto,
631 5381 751 5419 cum
798 5366 1063 5435 sepultum
1112 5382 1218 5420 non
1259 5374 1402 5420 esset
1447 5382 1640 5435 corpus
1665 5368 1816 5436 ejus,

230 5466 412 5521 neque
455 5454 812 5521 dissolutum,
842 5467 894 5510 et
946 5458 997 5511 in
1038 5457 1249 5512 cineres
1293 5456 1603 5511 redactum?
1648 5476 1821 5529 neque

231 5542 434 5599 dictum
484 5559 704 5615 usquam
765 5547 861 5601 fuit
910 5550 1283 5603 resuscitatum
1338 5547 1483 5601 illum
1537 5563 1567 5602 a
1606 5548 1821 5605 Christo

234 5634 420 5689 fuisse.
446 5635 596 5703 Quod
614 5638 657 5691 si
683 5637 942 5693 latronem
962 5640 1274 5703 introduxit,
1299 5651 1349 5694 ct
1376 5640 1575 5709 absque
1594 5656 1821 5712 corpore

231 5725 391 5779 lmnis
418 5728 612 5795 potitus
637 5738 739 5794 est,
783 5731 1118 5786 manifestum
1160 5741 1244 5788 est
1283 5716 1525 5799 corporis
1565 5747 1809 5788 resurre-

236 5817 470 5873 stionem
501 5835 606 5877 non
634 5835 773 5878 esse.
801 5819 933 5878 Nam
964 5824 1008 5878 si
1040 5824 1278 5895 corporis
1305 5831 1446 5880 esset
1472 5826 1814 5895 resurrectio,

1494 373 1558 428 IN
1598 369 1893 428 GENESIM
1931 369 2162 426 SERMO
2203 367 2312 425 νιῐ.

3418 376 3522 432 611

1932 500 2036 540 non
2064 484 2321 539 dixisset:
2355 482 2523 538 Hodie
2560 501 2749 539 mecum
2778 486 2876 540 eris
2905 485 2957 538 in
2986 484 3259 555 paradiso,
3306 489 3421 553 sed,
3458 491 3513 546 In

1929 589 2173 646 tempore
2216 575 2727 641 consummationis,
2777 576 2991 646 quando
3030 580 3352 633 resurrectio
3401 597 3523 634 eor—

1932 683 2120 738 porum
2150 669 2273 722 crit.
2301 668 2454 734 Quod
2484 669 2526 723 si
2554 670 2664 739 jam
2689 670 2950 724 latronem
2983 670 3297 738 introduxit,
3322 688 3521 743 corpus

1930 769 2107 815 autem
2156 760 2272 829 ejus
2313 758 2442 813 foris
2484 769 2798 829 corruptum
2843 761 3129 826 remansit,
3159 763 3317 831 plane
3359 752 3543 834 liquet

1933 865 2217 921 corporum
2246 850 2698 906 resurrectionem
2740 867 2845 905 non
2887 866 3027 907 esse.
3058 854 3233 923 Atque
3262 855 3376 910 haec
3403 848 3553 926 qui-i

1932 940 2053 996 dem
2088 940 2157 995 illi
2188 958 2202 996 :
2231 942 2341 1011 jam
2372 957 2501 996 vero
2530 958 2647 1012 quae
2694 957 2722 995 a
2761 943 2916 996 nobis
2947 943 3357 1014 proficiscuntur
3383 949 3525 1003 acci-

1935 1035 2075 1104 pite;
2110 1035 2218 1088 imo
2265 1049 2394 1089 vero
2433 1049 2537 1087 non
2582 1050 2701 1104 quae
2747 1049 2777 1087 a
2818 1034 3008 1101 nobis,
3050 1035 3143 1090 sed
3171 1053 3289 1106 quze
3314 1053 3343 1092 a
3373 1054 3525 1094 sacra

1932 1125 2201 1197 Scriptura
2232 1136 2357 1181 sunt
2380 1144 2394 1180 :
2422 1141 2594 1196 neque
2615 1127 2756 1181 enim
2779 1141 2897 1196 quae
2919 1137 3099 1182 nostra
3120 1139 3246 1183 sunt
3274 1129 3523 1197 dicimus,

1933 1218 2028 1274 sed
2056 1236 2175 1289 qua:
2201 1220 2432 1290 Spiritus
2463 1221 2656 1274 sancti.
2689 1220 2824 1287 Quid
2856 1219 2975 1273 ais?
3003 1236 3107 1274 non
3139 1223 3281 1276 venit
3302 1224 3353 1278 in
3379 1240 3527 1279 com-

1933 1310 2243 1365 munioncm
2288 1326 2611 1366 coronarum
2654 1311 2821 1365 caro?
2851 1311 2957 1364 Sed
3001 1312 3052 1365 in
3092 1316 3525 1383 communionem

1933 1402 2150 1472 quidem
2193 1402 2434 1458 laborum
2475 1403 2645 1469 venit,
2693 1403 2928 1471 praemiis
2977 1419 3108 1458 vero
3153 1406 3427 1474 privatur?
3474 1418 3531 1464 et

1932 1494 2147 1564 quando
2176 1495 2491 1549 certandum
2520 1494 2735 1564 quidem
2768 1493 2886 1559 fuit,
2910 1496 3169 1564 majorem
3203 1509 3409 1568 partem
3438 1515 3528 1555 su-

1932 1583 2125 1639 dorum
2149 1586 2432 1651 sustinuit;
2456 1584 2668 1655 quando
2694 1599 2822 1640 vero
2849 1600 3169 1641 coronarum
3203 1597 3411 1659 tempus
3436 1592 3531 1644 ad.

1935 1677 2054 1744 fuit,
2083 1679 2260 1734 anima
2305 1679 2419 1734 sola
2467 1680 2797 1735 coronatur?
2825 1679 2940 1736 Non
2986 1682 3139 1736 audis
3180 1683 3400 1738 Paulum
3449 1686 3532 1742 di-

1933 1774 2187 1826 centem?
2229 1772 2382 1827 Stare
2421 1790 2512 1827 nos
2552 1784 2749 1841 oportet
2797 1785 2915 1828 ante
2954 1775 3178 1829 tribunal
3219 1777 3428 1846 Christi,
3474 1790 3531 1834 ut

1932 1864 2119 1932 referat
2152 1865 2495 1935 unusquisque
2521 1865 2729 1935 propria
2754 1868 2985 1936 corporis
3004 1908 3018 1934 ,
3053 1879 3201 1936 prout
3225 1870 3397 1939 gessit,
3429 1872 3532 1925 sive

1934 1958 2141 2025 bonum,
2173 1961 2275 2013 sive
2294 1960 2484 2014 malum
2513 1960 2688 2032 (Rom.
2714 1963 2802 2016 M.
2834 1962 2919 2017 10.
2947 1963 3017 2027 2;
3048 1962 3163 2018 Cor.
3197 1966 3250 2020 5.
3279 1965 3390 2036 IO).
3412 1966 3529 2021 Non

1933 2052 2089 2105 audis
2126 2053 2301 2119 ipsum
2349 2069 2536 2109 rursus
2580 2054 2888 2110 dicentem:
2922 2055 3136 2127 Oportet
3176 2060 3392 2114 mortale
3435 2061 3532 2114 hoc

1934 2143 2148 2197 induere
2186 2144 2650 2211 immortalitatem,
2703 2154 2752 2198 et
2802 2148 3132 2217 corruptibile
3176 2150 3273 2202 hoc
3318 2150 3534 2206 induere

1936 2237 2373 2307 incorruptionem
2395 2237 2471 2310 (I.
2505 2237 2624 2293 Cor.
2656 2238 2745 2292 15.
2780 2237 2914 2309 53)?
2941 2238 3205 2295 Mortale?
3231 2242 3531 2310 quodnam?

1936 2331 2167 2384 animam
2196 2347 2262 2384 an
2295 2331 2529 2401 corpus?
2562 2329 2711 2384 IIaud
2748 2329 3000 2395 dubium,
3031 2333 3157 2401 quin
3187 2347 3382 2402 corpus
3412 2352 3425 2387 :
3453 2335 3531 2390 si-

1935 2420 2153 2490 quidem
2178 2420 2352 2475 anima
2384 2430 2568 2474 natura
2595 2436 2690 2476 sua
2717 2430 2800 2475 est
2826 2420 3175 2488 immortalis;
3196 2436 3397 2493 corpus
3428 2441 3526 2479 au.-

1936 2521 2045 2565 tcm
2070 2522 2256 2565 natura
2283 2512 2506 2579 mortale
2530 2521 2630 2566 est.
2665 2513 2734 2566 At
2754 2512 2896 2567 enim
2918 2512 3087 2567 multa
3108 2529 3173 2567 cx
3203 2514 3320 2568 istis
3342 2514 3417 2569 illi
3443 2532 3533 2571 rc-

1936 2613 2122 2657 secaut
2142 2620 2154 2655 :
2174 2611 2409 2658 attamen
2428 2619 2492 2657 ex
2513 2603 2618 2657 illis
2636 2601 2765 2673 ipsis
2780 2619 2900 2674 quae
2921 2614 3142 2670 restant,
3157 2608 3531 2676 cognationem

1936 2712 2124 2751 eorum
2140 2712 2258 2766 qua:
2276 2704 2482 2750 resecta
2510 2704 2635 2750 sunt
2655 2694 3141 2765 deprehendemus.
3162 2697 3439 2767 Ingressus
3452 2710 3535 2755 est

1935 2790 2075 2845 latro
2118 2790 2172 2844 in
2204 2789 2539 2860 paradisum,
2574 2789 2764 2859 inquit.
2804 2788 2943 2857 Quid
2988 2798 3100 2844 tum
3143 2792 3367 2860 postea?
3403 2809 3529 2846 num

1937 2882 2083 2937 enim
2108 2880 2225 2937 haec
2250 2881 2335 2935 illa
2366 2888 2491 2936 sunt
2517 2880 2677 2948 bona,
2706 2895 2827 2952 quas
2855 2879 3008 2935 nobis
3038 2881 3177 2934 Deus
3208 2883 3532 2950 pollicetur?

2009 2976 2065 3031 5.
2091 2975 2208 3030 Non
2230 2975 2381 3029 audis
2406 2973 2532 3045 quid
2564 2974 2630 3028 de
2656 2974 2812 3029 bonis
2841 2972 2947 3028 illis
2978 2972 3172 3027 Paulus
3197 2973 3381 3028 dicat?
3409 2975 3535 3040 Qua:

1939 3070 2118 3123 oculus
2143 3085 2245 3121 non
2272 3067 2417 3131 vidit,
2446 3076 2492 3120 et
2515 3066 2656 3119 auris
2686 3081 2789 3119 non
2810 3063 3025 3131 audivit,
3049 3074 3095 3117 et
3120 3065 3172 3117 in
3199 3081 3287 3117 cor
3316 3066 3535 3121 hominis

1938 3177 2043 3215 non
2078 3159 2415 3215 ascenderunt
2440 3157 2519 3229 (I.
2567 3156 2688 3211 Cor.
2730 3155 2787 3210 2.
2819 3152 2911 3228 9):
2939 3154 3086 3225 atqui
3130 3154 3433 3225 paradisum
3477 3165 3535 3211 ct

1937 3254 2126 3309 oculus
2158 3253 2292 3307 vidit
2318 3251 2531 3314 Adami,
2559 3260 2613 3305 ct
2639 3250 2785 3304 auris
2827 3248 3053 3314 audivit,
3089 3256 3143 3303 et
3166 3263 3261 3304 cor
3301 3247 3535 3306 hominis

1937 3346 2195 3415 excepit:
2224 3344 2408 3398 multis
2430 3344 2572 3397 enim
2606 3344 2716 3411 jam
2746 3340 2936 3395 diebus
2962 3340 3028 3395 de
3069 3340 3162 3395 illo
3202 3341 3362 3396 verba
3398 3341 3534 3397 faci-

1936 3452 2056 3492 mus
2086 3456 2099 3491 :
2132 3434 2404 3507 quomodo
2434 3433 2595 3505 igitur
2634 3433 2773 3486 bona
2805 3431 2943 3486 latro
2977 3430 3221 3500 recepit?
3245 3430 3361 3487 Non
3386 3432 3532 3488 enim

1935 3545 1995 3586 se
2023 3532 2075 3583 in
2120 3529 2419 3599 paradisum
2457 3540 2556 3581 nos
2595 3524 3017 3579 introducturum
3064 3522 3327 3592 promittit
3353 3523 3537 3588 Deus.

1935 3623 2029 3679 sed
2053 3623 2104 3677 in
2134 3624 2309 3693 ipsum
2331 3621 2519 3676 cadum
2550 3637 2563 3674 :
2594 3634 2766 3688 neque
2787 3633 3007 3687 regnum
3036 3617 3287 3687 paradisi,
3321 3618 3412 3674 sed
3442 3637 3531 3675 re-

1933 3731 2097 3788 gnum
2122 3715 2376 3769 czelorum
2409 3710 2737 3782 prmdicavit.
2770 3708 2928 3779 Coepit
2968 3708 3133 3769 enim,
3168 3708 3372 3779 inquit,
3397 3729 3533 3780 pra:-

1935 3807 2124 3870 dicare,
2166 3814 2212 3859 et
2261 3804 2448 3866 dicere,
2482 3799 2836 3854 I’trnitentiam
2876 3799 3011 3868 agite
3056 3797 3268 3866 (Matth.
3315 3800 3516 3872 4.17)ὁ

1934 3896 2362 3969 appropinquavit
2385 3893 2553 3958 enim,
2585 3906 2690 3945 non
2734 3904 2956 3959 regnum
3001 3888 3254 3957 paradisi,
3302 3890 3418 3955 sed,
3451 3908 3534 3945 te-

1934 4005 2090 4061 gnum
2127 3987 2391 4041 ctrlorum.
2419 3983 2551 4038 Nam
2581 3993 2635 4037 tu
2670 3980 2887 4052 quidem
2928 3980 3232 4050 paradisum
3275 3983 3526 4048 atnisisti,

1938 4081 2080 4135 Deus
2104 4090 2281 4133 autem
2322 4075 2514 4131 ctelum
2539 4073 2633 4129 tibi
2664 4072 2830 4136 dedit,
2877 4080 2936 4126 ut
2964 4086 3076 4125 sure
3123 4070 3214 4125 tibi
3255 4074 3529 4141 specimen

1935 4174 2119 4229 ederet
2156 4168 2529 4240 benignitatis,
2567 4182 2632 4222 ac
2660 4164 2877 4221 diabolo
2914 4163 3154 4218 dolorem
3185 4163 3443 4231 inureret,
3477 4179 3531 4221 et

1933 4263 2261 4327 ostenderet,
2283 4260 2492 4315 tametsi
2515 4259 2825 4313 innumeras
2851 4256 2939 4310 ille
2963 4258 3012 4309 io
3040 4270 3212 4325 genus
3232 4254 3526 4315 humanum

1936 4355 2158 4411 insidias
2198 4354 2477 4417 moliatur,
2510 4351 2643 4406 nihil
2694 4360 2871 4404 tamen
2911 4349 3013 4403 hoc
3043 4348 3121 4404 illi
3164 4349 3523 4418 profuturum.

1931 4463 2052 4504 cum
2083 4447 2223 4501 Deus
2258 4460 2471 4515 semper
2496 4443 2755 4512 majorem
2781 4440 2847 4495 ad
2890 4441 3145 4495 honorem
3192 4455 3291 4495 nos
3314 4443 3526 4499 evehat.

1932 4538 2173 4594 Amisisti
2221 4552 2351 4608 ergo
2395 4536 2733 4607 paradisum,
2780 4543 2835 4588 et
2878 4534 3069 4587 caelum
3118 4532 3211 4589 tibi
3257 4534 3397 4589 Deus
3438 4544 3526 4584 rc.-

1931 4631 2174 4685 seravit:
2224 4627 2549 4697 temporario
2600 4626 2782 4680 labore
2831 4624 3115 4678 damnatus
3166 4638 3258 4689 es,
3310 4634 3362 4679 et
3411 4625 3524 4681 vita

1930 4732 2130 4776 mterna
2156 4720 2460 4776 decoratus.
2492 4717 2753 4788 Praecepit
2781 4724 2941 4771 terrae
2972 4724 3029 4769 ut
3049 4716 3230 4785 Spinas
3259 4716 3527 4784 proferret

1929 4829 1994 4867 ac
2023 4812 2283 4879 tribulos,
2314 4820 2369 4865 et
2414 4809 2642 4864 fructum
2688 4807 2781 4863 tibi
2830 4806 3060 4876 Spiritus
3102 4807 3283 4860 anima
3322 4810 3525 4874 germi-

1930 4907 2075 4961 navit
2105 4904 2257 4977 (Gen.
2288 4905 2341 4959 '5.
2387 4903 2501 4975 18).
2535 4901 2698 4957 Vides
2730 4909 2786 4955 ut
2831 4900 3061 4968 majores
3093 4900 3200 4952 sint
3238 4898 3409 4966 poenis
3440 4900 3523 4952 fa-

1928 5002 2183 5062 cultates,
2214 5007 2273 5052 ut
2301 4997 2594 5065 ampliores
2619 4994 2727 5050 sint
2758 4992 2992 5048 divitire?
3022 4990 3259 5059 Exempli
3306 5006 3464 5047 causa
3502 5006 3524 5052 ς

1931 5093 2181 5148 formavit
2206 5092 2349 5146 Deus
2389 5089 2660 5144 hominem
2691 5104 2722 5143 e
2754 5097 2894 5142 terra
2933 5095 2990 5141 et
3039 5099 3195 5153 aqua,
3242 5084 3525 5154 ipsumque

1930 5186 2110 5257 posuit
2134 5184 2186 5238 in
2213 5181 2481 5253 paradiso.
2509 5179 2627 5234 Non
2652 5179 2822 5234 evasit
2863 5177 3017 5231 home
3063 5175 3227 5245 frugis
3248 5215 3262 5238 ,
3292 5176 3380 5245 qui
3412 5175 3525 5230 for-

1929 5287 2105 5333 matus
2128 5276 2328 5341 fuerat,
2348 5273 2441 5331 sed
2468 5274 2789 5342 depravatus
2818 5280 2936 5325 est:
2973 5284 3075 5323 non
3099 5269 3208 5336 jam
3237 5283 3267 5322 e
3297 5276 3437 5323 terra
3472 5280 3526 5325 et

1927 5384 2062 5437 aqua
2090 5368 2264 5438 ipsum
2295 5365 2525 5434 reﬁngit,
2554 5364 2647 5418 sed
2675 5379 2741 5418 ex
2766 5377 2902 5432 aqua
2929 5372 2983 5415 et
3009 5360 3207 5429 Spiritu
3240 5377 3252 5413 :
3282 5376 3387 5413 non
3409 5361 3520 5430 jam

1928 5461 2003 5515 illi
2047 5459 2386 5530 paradisum,
2416 5455 2509 5512 sed
2550 5470 2770 5526 regnum
2812 5454 3065 5509 caelorum
3105 5452 3407 5521 pollicetur.
3455 5453 3524 5508 Et

1928 5568 2035 5623 quo
2060 5562 2215 5621 pacto
2235 5549 2287 5605 id
2311 5550 2421 5616 ﬁat,
2447 5548 2594 5603 audi.
2622 5546 2753 5602 Cum
2776 5547 2918 5601 enim
2944 5544 3191 5615 princeps
3209 5540 3520 5599 Iudaeorum

1934 5645 2255 5700 Nicodemus
2289 5643 2468 5712 lapsus
2493 5648 2665 5705 esset,
2695 5647 2749 5693 et
2779 5637 2937 5717 hujus
2967 5638 3093 5692 vita:
3124 5636 3317 5692 natalia
3348 5635 3524 5706 inqui-

1930 5745 2095 5803 reret,
2147 5735 2477 5804 diceretque,
2525 5731 2641 5786 lteri
2684 5746 2788 5784 non
2835 5744 3026 5799 posse,
3058 5736 3114 5782 ut
3151 5743 3315 5783 senex
3345 5726 3522 5783 denuo

1934 5835 2262 5895 nasceretur,
2281 5825 2402 5883 vide
2420 5839 2527 5897 quo
2548 5830 2701 5895 pacto
2722 5820 2968 5879 Christus
2989 5819 3064 5875 illi
3088 5819 3284 5876 clarius
3305 5817 3523 5874 modum
