4028 6360
482 337 586 396 MS

479 454 695 524 detegat
721 448 995 505 natalium.
1025 443 1142 499 Nisi
1178 444 1289 513 quis
1306 452 1454 497 natus
1468 441 1618 511 fuerit
1640 455 1701 495 ex
1722 453 1853 509 aqua
1874 445 1919 491 et
1944 434 2072 503 Spi-

481 545 605 610 ritu,
623 559 721 595 non
736 549 891 612 potest
906 539 1115 592 introire
1126 537 1175 589 in
1188 550 1394 606 regnum
1408 533 1647 589 calorum
1662 528 1820 601 (locu
1835 529 1892 585 .3
1903 529 1958 583 ,4
1974 526 2077 596 .5).

494 634 548 688 Si
602 634 762 704 igitur
810 644 1031 701 regnum
1072 626 1327 683 czelorum
1369 624 1640 695 promisit,
1677 625 1728 677 in
1773 619 2077 692 paradisum

485 741 663 782 antem
680 726 943 779 latronem
968 720 1283 785 introduxit,
1305 719 1537 773 nondum
1562 716 1635 770 illi
1655 715 1793 771 bona
1809 711 2077 768 retribuit.

560 816 697 885 Quid
733 815 935 868 nomine
968 813 1197 884 paradisi
1235 814 1299 866 sit
1341 808 1747 881 intelligendum.
1783 836 1857 846 —
1882 805 2078 861 Verum

482 907 624 961 aliud
679 914 937 975 prmterea
978 902 1230 975 quiddam
1274 902 1551 972 objiciunt.
1602 898 1936 963 Paradisum,
1995 897 2079 950 in-

484 999 694 1068 quiunt,
731 997 829 1050 hoc
860 996 1015 1060 loco,
1044 1011 1150 1049 non
1183 996 1485 1064 paradisum
1518 992 1688 1056 dixit,
1722 991 1817 1046 sed
1848 989 2079 1060 paradisi

487 1089 705 1143 nomine
747 1102 971 1157 regnum
1002 1087 1256 1141 caelorum
1304 1085 1625 1156 designavit.
1655 1082 1788 1138 Nam
1837 1082 1957 1151 quia
2001 1081 2081 1134 la-

484 1187 696 1233 tronem
750 1179 1150 1247 alloquebatur,
1188 1176 1457 1232 hominem
1501 1176 1593 1246 qui
1625 1173 1939 1229 sublimibus
1988 1172 2085 1227 do-

486 1270 755 1341 gmatibus
795 1270 1027 1324 imbutus
1060 1284 1165 1323 non
1211 1270 1416 1334 fuerat,
1466 1282 1637 1337 neque
1683 1266 1752 1321 de
1804 1264 2083 1336 prophetia

490 1363 778 1434 quidquam
809 1371 1051 1427 noverat,
1085 1362 1177 1417 sed
1199 1375 1359 1415 omne
1390 1370 1597 1429 tempus
1620 1359 1673 1412 in
1705 1358 1931 1412 desertis
1956 1356 2086 1411 locis

491 1462 848 1524 transegerat,
878 1453 1160 1523 caedesque
1189 1460 1446 1521 patrarat,
1476 1465 1649 1519 neque
1680 1447 1743 1502 ad
1771 1448 2083 1503 concionem

492 1546 742 1617 umquam
769 1547 820 1601 in
850 1547 1078 1602 transitu
1106 1545 1420 1610 declinarat,
1450 1558 1622 1613 neque
1644 1558 1811 1597 sacra:
1838 1540 2088 1596 lectionis

496 1637 763 1706 particeps
797 1637 1003 1699 fuerat,
1048 1651 1222 1705 neque
1264 1634 1392 1704 quid
1440 1633 1653 1687 tandem
1685 1640 1828 1687 esset
1866 1646 2086 1701 regnum

494 1730 744 1784 ca-lorum
775 1738 1019 1793 noverat,
1056 1727 1155 1781 hoc
1193 1724 1409 1780 dicebat
1438 1743 1451 1778 :
1489 1723 1657 1778 Hodie
1681 1740 1876 1778 mecum
1911 1724 2008 1777 eris
2035 1724 2089 1775 in

495 1821 739 1892 paradiso
773 1820 923 1889 (Luc.
956 1820 1044 1875 25.
1086 1821 1211 1891 45);
1246 1817 1439 1872 notiori
1468 1827 1519 1872 et
1564 1817 1826 1871 usitatiori
1873 1818 2089 1871 nomine

492 1914 723 1985 paradisi
758 1930 978 1984 regnum
1006 1913 1259 1967 caelorum
1290 1912 1582 1982 signiﬁcat,
1609 1919 1663 1964 et
1700 1910 1768 1964 de
1799 1910 1890 1964 illo
1930 1909 2087 1963 Citri-

497 2018 612 2061 stus
654 2006 726 2059 ad
784 2006 955 2077 ipsum
1002 2004 1162 2058 verba
1219 2002 1366 2057 facit.
1422 2000 1681 2055 Adtnitto.
1732 2000 1885 2056 Unde
1930 2001 2089 2071 igitur

493 2107 707 2153 constat
747 2098 920 2167 ipsum
966 2098 1016 2151 in
1054 2111 1273 2165 regnum
1302 2095 1557 2150 CtL'iOl‘lllll
1606 2095 1901 2165 ingressum
1934 2095 2089 2149 esse?

494 2193 579 2247 Ex
607 2207 672 2246 eo
699 2191 840 2261 quod
886 2191 1103 2255 dixerit,
1142 2188 1309 2242 Hodie
1356 2206 1550 2242 mecum
1594 2190 1692 2242 eris
1728 2189 1781 2241 in
1822 2188 2084 2258 paradiso.

494 2284 648 2352 Quod
676 2286 721 2339 si
750 2285 1033 2339 violentior
1055 2284 1171 2338 bam
1200 2283 1395 2336 solutio
1426 2282 1690 2349 videatur,
1719 2281 2090 2336 dilucitliorem

494 2378 865 2448 adjungemus.
909 2380 1163 2443 Qnmnam
1192 2374 1279 2428 illa
1322 2388 1482 2443 porro
1510 2374 1628 2427 est?
1650 2372 1898 2428 Christus
1934 2374 2089 2440 dixit,

501 2470 600 2535 Qui
647 2487 748 2524 non
785 2470 941 2522 credit
985 2470 1037 2521 in
1088 2467 1301 2530 Filium,
1324 2469 1439 2537 jam
1479 2467 1746 2535 judicatus
1793 2477 1865 2521 est
1912 2466 2089 2537 (Joan.

494 2560 548 2615 3.
582 2560 693 2628 l8).
729 2560 866 2627 Quid
910 2559 1102 2628 igitur?
1126 2557 1594 2629 jatnnejndicatus
1620 2558 1740 2613 est?
1770 2560 1929 2629 Atqui
1954 2576 2091 2615 non-

496 2653 623 2705 dum
653 2659 736 2705 est
765 2651 1123 2714 resurrectio,
1155 2648 1389 2703 nondum
1433 2650 1752 2719 supplicium
1795 2659 1847 2704 et
1877 2666 2048 2720 poenae
2079 2670 2093 2707 :

494 2743 764 2815 quomodo
793 2758 923 2813 ergo
947 2744 1054 2812 jam
1083 2741 1349 2811 judicatus
1376 2742 1495 2797 est?
1522 2742 1745 2811 Propter
1781 2752 2092 2813 peccatum.

499 2837 562 2891 Et
591 2850 775 2891 rursus
808 2850 825 2890 :
872 2835 973 2901 Qui
1014 2835 1174 2887 credit
1218 2834 1267 2886 in
1298 2832 1511 2898 Filium,
1560 2834 1752 2904 inquit,
1778 2836 2005 2890 transivit
2035 2836 2098 2891 de

498 2939 655 2983 morte
683 2929 751 2982 ad
779 2930 933 2982 vitam
959 2926 1136 2999 (Joan.
1169 2926 1222 2981 5.
1253 2924 1368 2997 24).
1394 2925 1574 2997 Neque
1600 2926 1763 2993 dixit,
1790 2926 2093 2996 Transibit,

497 3021 591 3078 sed
614 3065 627 3088 ,
648 3022 757 3093 jam
793 3021 1066 3082 Transiuit,
1091 3030 1146 3075 et
1175 3020 1259 3075 hic
1277 3035 1463 3074 rursus
1487 3030 1703 3090 propter
1721 3021 1919 3075 bonum
1937 3038 2095 3092 opus,

499 3125 553 3171 et
581 3116 669 3171 ille
714 3131 900 3170 rursus
942 3125 1160 3185 propter
1206 3123 1499 3183 peccatum.
1540 3113 1609 3170 Ut
1638 3114 1797 3185 igitur
1833 3130 1969 3170 unus
2008 3115 2097 3185 ju-

500 3207 708 3262 dicatus
741 3216 842 3270 est,
875 3221 995 3259 cum
1030 3205 1264 3259 nonduin
1296 3203 1455 3258 fuerit
1480 3204 1770 3274 judicatus,
1799 3206 1937 3260 alter
1964 3223 2097 3277 quo-

501 3312 605 3367 que
636 3295 881 3350 transivit
919 3296 987 3349 ad
1017 3296 1180 3349 vitam
1202 3334 1217 3361 ,
1258 3310 1377 3349 cum
1428 3295 1665 3350 nondum
1716 3299 2015 3365 transierit,
2046 3308 2100 3354 et

502 3402 609 3446 tam
651 3389 721 3445 ad
765 3405 927 3444 unum
978 3387 1048 3443 ob
1093 3389 1292 3443 bonum
1340 3402 1512 3457 opus,
1558 3404 1717 3458 quam
1765 3389 1831 3443 ad
1872 3390 2097 3446 alterum

501 3484 570 3538 ob
597 3491 895 3554 peccatum,
927 3480 1079 3551 quasi
1103 3479 1211 3550 jam
1240 3494 1327 3534 res
1351 3478 1665 3545 acciderint,
1693 3496 1816 3535 cum
1860 3482 2096 3537 nondum

502 3576 818 3641 acciderint,
851 3574 1012 3629 verba
1058 3572 1225 3628 facit:
1264 3572 1342 3627 sic
1381 3581 1435 3627 et
1466 3571 1532 3627 ad
1576 3572 1836 3628 latronem
1867 3574 2097 3631 dicebat.

505 3667 636 3721 Nam
664 3675 719 3721 et
746 3666 939 3720 medici
970 3674 1251 3735 postquam
1279 3664 1509 3734 aliquem
1528 3663 1867 3734 desperatum
1897 3666 2098 3734 vident,

508 3775 629 3814 cum
646 3759 869 3830 periisse
886 3758 992 3827 jam
1017 3765 1071 3811 et
1097 3764 1363 3811 mortuum
1388 3772 1507 3811 esse
1528 3756 1734 3824 dicunt,
1759 3758 1969 3813 tametsi
1993 3760 2101 3829 spi-

430 3892 433 3895 -
509 3862 716 3908 rantem
745 3851 922 3905 adhuc
968 3850 1261 3904 intuentur.
1294 3848 1402 3904 Sed
1438 3860 1494 3903 ut
1525 3851 1635 3916 ille,
1665 3852 1915 3921 quoniam
1954 3854 2099 3908 nulla

509 3953 757 4015 superest
786 3959 909 4015 Spes
934 3943 1051 4012 ejus
1076 3943 1288 4010 salutis,
1314 3942 1453 4013 apud
1476 3943 1711 3999 medicos
1727 3945 1836 4015 jam
1860 3955 2102 4002 mortuus

512 4049 595 4096 est
624 4056 638 4093 :
668 4038 746 4093 sic
786 4039 946 4091 etiam
980 4037 1148 4104 latro,
1194 4038 1446 4107 quoniam
1487 4038 1781 4106 periculum
1827 4054 1985 4095 omne
2012 4056 2101 4095 re-

508 4130 771 4184 versionis
802 4129 866 4182 ad
897 4128 1249 4199 perditionem
1274 4128 1384 4197 jam
1416 4138 1679 4195 evaserat,
1712 4130 1762 4183 in
1793 4131 1983 4185 eteltnn
2018 4132 2101 4185 in-

512 4222 690 4276 travit.
717 4222 807 4275 Sic
838 4221 998 4274 etiam
1042 4219 1246 4272 audivit
1274 4219 1443 4272 Adam
1480 4236 1492 4271 :
1528 4218 1639 4287 Quo
1667 4220 1747 4274 die
1785 4230 1953 4275 autem
1988 4222 2106 4277 ede-

519 4314 633 4369 ritis
659 4330 720 4367 ea:
746 4329 825 4379 eo,
855 4323 1015 4365 morte
1038 4311 1323 4365 moriemini
1350 4310 1501 4383 (Gen.
1530 4311 1585 4363 ‘2.
1620 4311 1728 4384 Π).
1754 4312 1889 4380 Quid
1913 4314 2105 4385 igitur?

511 4425 580 4462 an
628 4407 718 4461 illo
746 4407 861 4476 ipso
896 4407 983 4461 die
1025 4416 1267 4460 mortuus
1309 4404 1428 4460 est?
1460 4404 1826 4476 Nequaquam,
1861 4407 1954 4462 sed
1984 4417 2106 4479 post

510 4498 658 4553 illum
685 4497 827 4553 diem
853 4506 1153 4567 nongentos
1176 4498 1302 4550 vixit
1327 4505 1380 4551 et
1399 4498 1578 4567 plures
1602 4512 1792 4552 annos.
1817 4499 1924 4554 Cur
1947 4501 2105 4571 igitur

513 4592 650 4649 dixit
675 4593 843 4653 Deus,
876 4590 968 4644 Illa
1013 4590 1123 4659 ipsa
1159 4589 1245 4644 die
1285 4590 1623 4644 moriemini?
1652 4590 1945 4658 Sententia,
1998 4610 2103 4648 non

515 4682 871 4754 experientia.
906 4681 997 4736 Sic
1032 4681 1192 4735 etiam
1224 4682 1361 4735 latro
1392 4681 1442 4735 in
1474 4682 1662 4735 caelum
1700 4683 1971 4753 ingressus
2000 4696 2102 4741 est.

514 4776 652 4832 Audi
682 4789 832 4837 sane,
860 4772 985 4843 quid
1013 4771 1155 4827 dicat
1182 4772 1397 4835 Paulus,
1430 4781 1487 4827 ut
1516 4773 1781 4828 neminem
1809 4774 1983 4831 adhuc
2012 4776 2105 4831 bo-

513 4882 709 4923 norum
748 4863 1154 4919 retributionem
1195 4863 1467 4930 accepisse
1514 4862 1788 4918 declaret:
1836 4882 1955 4919 nam
1983 4882 2104 4921 cum

514 4958 583 5014 de
611 4955 888 5027 prophetis
915 4969 977 5008 ac
994 4954 1154 5023 justis
1175 4954 1485 5020 dissereret,
1508 4955 1703 5026 adjecit
1732 4973 1743 5008 :
1766 4954 1933 5011 Juxta
1953 4958 2107 5027 ﬁdem

518 5049 747 5118 defuncti
774 5056 894 5101 sunt
923 5046 1005 5100 isti
1032 5061 1221 5109 omnes,
1249 5061 1363 5097 cum
1394 5047 1806 5114 repromissiones
1831 5065 1930 5102 non
1960 5066 2105 5103 acce-

515 5142 725 5212 pissent,
753 5139 842 5194 sed
869 5156 901 5192 a
930 5140 1077 5209 longe
1103 5154 1188 5191 eas
1214 5139 1545 5206 aspexissent,
1573 5150 1620 5193 et
1647 5141 1967 5205 salutassent,
1998 5142 2109 5197 Deo

515 5232 695 5287 melius
732 5230 924 5301 aliquid
963 5246 1055 5299 pro
1084 5228 1225 5282 nobis
1262 5229 1549 5297 providente
1568 5270 1583 5293 ,
1615 5240 1669 5283 ut
1704 5248 1805 5285 non
1830 5234 1937 5287 sine
1969 5237 2110 5290 nobis

511 5335 987 5382 consummareutur
1025 5322 1209 5392 (Hebr.
1242 5322 1330 5376 ll.
1370 5322 1457 5376 l3.
1490 5322 1605 5389 40).
1650 5323 1775 5377 lltec
1804 5336 2004 5392 notate,
2048 5344 2109 5383 ac

516 5417 779 5475 memoria
816 5424 1015 5481 tenete,
1045 5428 1243 5483 eosque
1270 5414 1358 5483 qui
1400 5428 1507 5468 non
1538 5414 1853 5482 audierunt,
1887 5418 2107 5485 docete;

513 5518 678 5579 atque
716 5508 834 5562 haec
874 5506 927 5561 in
971 5505 1228 5570 ecclesia,
1270 5505 1325 5558 in
1367 5504 1488 5559 foro
1533 5520 1596 5560 ac
1638 5506 1780 5561 domi
1825 5512 2111 5580 unusquis-

514 5617 619 5669 que
650 5600 956 5655 meditetur.
996 5596 1139 5651 Nihil
1173 5596 1316 5651 enim
1352 5610 1503 5651 sacra
1536 5597 1764 5653 lectione
1799 5599 2102 5669 jucundius.

521 5692 682 5759 Audi,
709 5706 914 5761 quatso,
937 5690 1063 5760 quid
1091 5689 1160 5743 de
1183 5689 1268 5742 illa
1296 5689 1438 5743 dicat
1470 5689 1727 5759 prOpheta
1756 5709 1767 5743 :
1801 5692 1965 5759 Quam
1995 5696 2111 5748 dul-

517 5784 596 5838 cia
645 5784 875 5852 faucibus
925 5782 1047 5836 meis
1093 5781 1291 5851 eloquia
1335 5790 1460 5849 tua,
1508 5798 1660 5851 super
1700 5785 1796 5837 mel
1842 5796 1885 5839 ct
1938 5793 2110 5857 {avum

1195 328 1250 386 S.
1293 324 1571 385 J0.\NNIS
1599 315 2078 382 CHRYSOSTOMI
2118 314 2434 372 ARCHIEP.
2476 314 3010 373 CONSTANTINOP.

3679 318 3787 364 lil‘i

2186 431 2263 485 ori
2289 447 2398 485 meo
2425 428 2600 484 lPsal.
2634 429 2756 485 H8.
2792 428 2937 499 l03).
2976 428 3130 484 Hunc
3170 427 3349 499 itaque
3374 427 3549 483 favum
3597 428 3653 482 in
3690 444 3784 479 ve-

2186 530 2426 595 spertina
2473 542 2660 581 mensa
2716 540 2954 597 appone,
3004 531 3063 577 ut
3118 531 3281 576 totam
3333 522 3478 576 illam
3508 519 3788 593 spirituali

2186 619 2399 689 replens
2447 620 2743 689 voluptate.
2778 617 2893 673 Non
2936 615 3131 672 videtis
3176 614 3423 671 homines
3470 615 3786 685 opulentos,

2187 710 2460 781 quomodo
2492 720 2613 781 post
2652 710 2837 779 epulas
2865 706 3192 764 citharae-dos
3232 721 3296 761 ac
3343 706 3589 761 tibicines
3615 706 3792 760 intro-

2190 800 2425 857 ducant?
2471 802 2549 857 Illi
2594 816 2719 857 suas
2752 800 2898 856 aedes
2945 800 3213 855 theatrum
3256 798 3524 865 efﬁciunt;
3566 808 3628 854 tu
3670 809 3793 853 luas

2188 894 2334 950 mdes
2382 894 2573 949 caelum
2622 894 2777 950 efﬁce
2811 912 2825 949 :
2856 893 2905 947 id
2950 909 3080 947 vero
3111 892 3333 957 efﬁcies,
3391 908 3499 947 non
3547 893 3792 963 parietes

2189 989 2498 1053 immutans,
2517 997 2609 1041 aut
2630 986 2958 1041 transferens
2974 985 3339 1051 fundamenta,
3362 984 3455 1040 sed
3479 985 3523 1038 si
3550 984 3617 1039 ad
3641 994 3789 1038 tuam

2189 1095 2430 1134 mensam
2471 1078 2755 1133 Dominum
2789 1078 2963 1147 ipsum
3008 1076 3266 1131 ctelorum
3295 1091 3472 1130 voces.
3505 1074 3623 1130 Non
3660 1091 3791 1129 cru-

2191 1172 2364 1226 bescit
2407 1168 2671 1241 ejusmodi
2720 1168 2963 1224 convivia
3014 1169 3174 1223 Deus.
3219 1166 3318 1224 Ubi
3355 1183 3585 1237 namque
3628 1167 3791 1237 spiri-

2190 1264 2350 1319 tualis
2376 1262 2643 1330 doctrina,
2674 1263 2747 1318 ibi
2795 1271 2849 1317 et
2897 1262 3270 1332 temperantia,
3319 1269 3373 1315 et
3418 1262 3706 1323 modestia,
3735 1271 3791 1313 et

2192 1358 2382 1412 lenitas
2413 1376 2425 1411 :
2454 1357 2543 1412 ubi
2572 1357 2653 1411 vir
2697 1366 2749 1411 et
2782 1371 2917 1409 uxor
2945 1370 3007 1409 ac
3036 1354 3211 1421 liberi,
3254 1353 3540 1408 concordia
3568 1363 3624 1408 et
3648 1356 3789 1407 ami-

2192 1451 2316 1505 citia
2363 1460 2417 1505 et
2460 1448 2676 1505 virtutis
2708 1447 2938 1502 vinculis
2989 1446 3191 1501 fuerint
3230 1446 3487 1515 colligati,
3531 1443 3640 1500 illic
3666 1462 3791 1500 ver-

2193 1550 2343 1596 satur
2371 1542 2422 1595 in
2451 1540 2630 1595 medio
2659 1538 2923 1593 Christus.
2954 1536 3070 1591 Non
3100 1538 3243 1591 enim
3274 1552 3497 1591 aureum
3533 1539 3793 1606 laqueare

2194 1634 2407 1703 qumrit,
2438 1647 2538 1687 nec
2564 1632 2937 1687 columnarum
2972 1628 3231 1700 fulgorem
3253 1670 3268 1691 ,
3300 1643 3473 1698 neque
3502 1629 3797 1683 marmoris

2194 1726 2645 1797 pulchritudinem
2669 1766 2685 1792 ,
2714 1724 2808 1780 sed
2842 1724 3035 1778 anima:
3079 1723 3329 1776 decorem
3355 1736 3419 1775 ac
3453 1722 3646 1775 utentis
3675 1720 3796 1775 for-

2194 1838 2357 1887 mam,
2401 1832 2456 1876 et
2499 1835 2741 1875 mensam
2776 1820 2985 1890 justitia
3027 1818 3311 1883 refertam,
3341 1826 3397 1873 et
3429 1818 3797 1886 eleemosyme

2196 1915 2457 1969 fructibus
2512 1912 2895 1969 abundantem.
2944 1911 3096 1979 Quod
3142 1911 3185 1963 si
3238 1924 3480 1964 mensam
3526 1908 3796 1978 ejusmodi

2194 2008 2408 2074 viderit,
2441 2007 2723 2062 confestim
2764 2004 3027 2075 ejusmodi
3056 2012 3357 2058 conventus
3395 2002 3453 2055 ﬁt
3485 2002 3791 2072 particeps,

2194 2102 2327 2155 etin
2353 2115 2477 2155 eum
2509 2114 2568 2153 se
2615 2098 2791 2151 infert.
2842 2096 2957 2166 Ipse
2983 2098 3127 2151 enim
3174 2103 3276 2159 est,
3321 2092 3412 2165 qui
3452 2093 3590 2148 dixit
3620 2112 3632 2146 :
3657 2092 3797 2149 Esu-

2194 2198 2405 2249 rientem
2436 2210 2515 2247 me
2552 2193 2779 2260 vidistis,
2810 2202 2858 2245 et
2888 2191 3091 2244 aluistis
3123 2189 3335 2258 (Matth.
3363 2178 3465 2243 25..
3505 2189 3617 2257 '55).
3659 2185 3796 2241 Cum

2196 2286 2356 2357 igitur
2387 2284 2612 2339 inferius
2642 2298 2832 2353 magna
2860 2297 2992 2337 voce
3017 2281 3339 2335 clamantem
3371 2278 3641 2333 audiveris
3666 2294 3799 2348 pau-

2196 2393 2403 2448 perem,
2433 2374 2629 2431 deinde
2664 2373 2938 2443 quidpiam
2985 2387 3170 2428 eorum
3223 2387 3343 2441 qua":
3391 2370 3640 2440 apposita
3671 2378 3799 2425 sunt

2199 2470 2268 2526 de
2297 2485 2484 2526 mensa
2515 2484 2686 2539 egeno
2729 2468 2967 2532 dederis,
3000 2467 3285 2521 Dominum
3315 2464 3384 2519 ad
3414 2479 3659 2519 mensam
3697 2478 3798 2516 vo-

2198 2562 2331 2617 casti
2365 2578 2459 2632 per
2491 2576 2727 2627 servum,
2752 2568 2807 2614 et
2832 2559 2977 2613 illam
3006 2567 3170 2611 totam
3201 2557 3294 2611 Dei
3325 2554 3799 2610 benedictionibus

2200 2653 2493 2724 rcplevisti,
2523 2652 2826 2721 oblatisque
2857 2649 3105 2719 primitiis
3136 2648 3421 2703 maximam
3452 2647 3798 2701 occasionem

2200 2758 2287 2802 tua
2317 2746 2679 2817 promptuaria
2710 2744 2953 2815 plurimis
2977 2740 3280 2812 complendi
3308 2741 3464 2795 bonis
3492 2738 3801 2809 prﬁ‘uisti.

2200 2840 2341 2894 Deus
2368 2847 2547 2894 autem
2573 2838 2717 2909 pacis
2738 2846 2794 2890 et
2815 2835 3078 2900 caritatis,
3100 2834 3191 2903 qui
3220 2832 3310 2887 dat
3338 2847 3531 2902 panem
3555 2830 3623 2883 ad
3653 2845 3801 2883 man-

2200 2930 2533 2997 ducandum,
2572 2940 2626 2985 et
2651 2944 2835 2983 semen
2868 2926 3191 2992 seminanti,
3218 2932 3451 2979 vestram
3496 2930 3802 2978 sementem

2200 3025 2547 3093 multiplicet,
2580 3034 2634 3078 et
2656 3031 2850 3092 augeat
2887 3021 3218 3074 incrementa
3250 3018 3463 3086 frugum
3491 3016 3715 3083 justitim
3745 3014 3801 3067 in

2201 3118 2452 3174 omnibus
2493 3115 2664 3181 vobis,
2707 3128 2860 3169 suam
2901 3112 3035 3167 dans
3077 3111 3328 3181 gratiam,
3379 3124 3585 3179 vosque
3634 3123 3804 3177 regno

2200 3211 2455 3265 caelorum
2495 3208 2743 3280 dignetur
2791 3204 2870 3279 (Ξ.
2917 3204 3036 3259 Cor.
3075 3203 3129 3258 9.
3174 3202 3265 3273 10)
3298 3218 3311 3254 :
3352 3200 3508 3271 cujus
3549 3215 3650 3254 nos
3679 3215 3805 3269 par-

2204 3306 2392 3375 ticipes
2424 3304 2540 3359 ﬁeri
2582 3302 2894 3371 contingat,
2917 3299 3084 3369 gratia
3116 3307 3171 3352 et
3212 3294 3542 3366 benignitate
3590 3293 3805 3347 Domini

2203 3396 2372 3451 nostri
2402 3394 2531 3450 .Iesu
2562 3393 2797 3457 Christi,
2832 3406 2929 3461 per
2953 3404 3111 3459 queat
3141 3396 3195 3444 et
3224 3402 3345 3441 cum
3369 3401 3475 3456 quo
3500 3385 3669 3456 gloria
3696 3384 3804 3439 Pa-

2203 3488 2301 3554 tri,
2334 3496 2387 3542 et
2417 3485 2639 3557 Spiritui
2666 3492 2872 3548 sancto,
2903 3496 3047 3537 nunc
3073 3490 3128 3536 et
3155 3495 3405 3551 semper,
3434 3488 3489 3534 et
3520 3478 3574 3532 in
3601 3477 3801 3531 saecula

2203 3580 2544 3635 sreculorum.
2575 3578 2767 3633 Amen.

2794 3668 3027 3726 SERMO
3066 3666 3203 3722 VIII.

2205 3763 2273 3820 In
2315 3765 2448 3819 diem
2489 3763 2806 3827 nitnbosum,
2835 3771 2881 3816 et
2922 3763 2976 3815 in
3021 3769 3318 3815 conventum
3345 3758 3725 3828 episcopum,
3757 3764 3805 3809 et

2276 3857 2340 3911 de
2380 3855 2622 3910 mandato
2672 3854 2808 3926 quod
2838 3853 3078 3907 traditum
3129 3859 3201 3904 est
3255 3850 3474 3914 Adamo,
3508 3863 3806 3919 "togaeque

2277 3947 2603 4019 providentia:
2628 3947 2784 4016 fuisse
2809 3944 2945 4016 quod
2968 3944 3129 4014 legem
3155 3941 3424 4012 acceperit.

2279 4041 2332 4095 l.
2363 4039 2591 4095 Nubium
2623 4037 2838 4109 quidem
2877 4048 3170 4090 concursus
3198 4034 3340 4089 diem
3371 4031 3528 4087 nobis
3571 4028 3808 4085 reddidit

2206 4115 2499 4190 tristiorem
2531 4154 2544 4188 :
2574 4131 2835 4187 adventus
2881 4138 3059 4185 autem
3098 4127 3335 4183 doctoris
3379 4124 3453 4198 (a)
3491 4124 3807 4179 hilariorem

2210 4228 2357 4283 illum
2388 4224 2584 4281 etl‘ecit.
2619 4222 2733 4277 Non
2760 4221 2901 4277 enim
2932 4222 3002 4274 ita
3028 4218 3131 4283 sol,
3173 4232 3293 4273 cum
3324 4216 3393 4271 de
3433 4215 3615 4269 medio
3643 4213 3808 4267 caelo-

2208 4334 2326 4373 rum
2354 4316 2564 4387 fastigio
2606 4314 2786 4369 radios
2834 4312 3052 4378 emittit,
3081 4324 3306 4381 corpora
3356 4307 3617 4374 illustrat,
3660 4315 3717 4359 ut
3742 4320 3809 4360 ex

2209 4408 2389 4465 medio
2432 4422 2532 4463 suo
2562 4405 2756 4460 throno
2801 4402 2960 4457 facies
3010 4409 3246 4472 paterna:
3290 4398 3526 4453 caritatis
3553 4398 3811 4451 amittens

2209 4500 2411 4565 radios,
2443 4499 2649 4553 animas
2670 4505 2882 4551 nostras
2907 4494 3187 4549 illuminat.
3216 4491 3366 4561 Quod
3389 4506 3511 4545 cum
3535 4491 3651 4559 ipse
3672 4506 3809 4559 quo-

2210 4610 2315 4664 que
2346 4593 2511 4663 probe
2560 4600 2763 4655 nosset,
2810 4604 2913 4643 non
2959 4588 3115 4643 nobis
3159 4587 3307 4641 solus
3344 4586 3583 4652 advenit,
3619 4585 3712 4639 sed
3757 4592 3812 4638 et

2213 4686 2554 4740 luminarium
2584 4694 2725 4738 cmtu
2750 4683 3035 4736 comitatus
3064 4679 3286 4749 appulit,
3320 4689 3379 4733 ut
3409 4680 3496 4733 lux
3529 4679 3689 4732 nobis
3715 4692 3809 4732 cu-

2218 4778 2419 4849 piosior
2447 4775 2740 4846 all'nlgeret.
2769 4773 2886 4841 Quo
2915 4772 2971 4827 ﬁt
3000 4781 3057 4827 ut
3082 4772 3235 4827 nobis
3267 4772 3479 4825 laetetur
3507 4769 3740 4824 ecclesia
3760 4777 3814 4823 et

2213 4869 2480 4926 exsultent
2527 4882 2737 4937 greges,
2771 4879 2975 4934 nosque
3022 4864 3210 4931 majori
3239 4878 3360 4917 cum
3390 4861 3673 4916 alacritate
3700 4875 3815 4913 scr-

2212 4978 2428 5017 monem
2470 4960 2826 5015 instituamus.
2875 4956 2976 5013 Ubi
3020 4956 3165 5011 enim
3210 4965 3484 5026 pastorum
3517 4967 3812 5009 concursu!

2213 5066 2317 5122 est,
2349 5056 2456 5110 illic
2483 5063 2537 5110 et
2566 5054 2747 5107 ovium
2777 5062 2861 5107 est
2903 5051 3181 5106 securitas.
3228 5049 3302 5103 Ita
3333 5057 3515 5103 nauta:
3542 5047 3815 5110 Inﬂantur,

2216 5166 2336 5206 cum
2386 5149 2567 5219 plures
2619 5146 2725 5201 illis
2788 5145 2985 5199 adsunt
3028 5141 3621 5214 gubernatoreszdum
3672 5141 3814 5194 enim

2219 5242 2381 5296 maris
2409 5238 2763 5307 tranquillitas
2788 5247 2843 5293 et
2887 5236 3028 5292 aeris
3058 5245 3140 5290 est
3163 5235 3447 5299 serenitas,
3474 5232 3816 5303 gubernacu-

2218 5335 2392 5388 lorum
2424 5330 2664 5385 subsidio
2709 5328 2947 5383 laborem
2989 5326 3092 5381 illis
3122 5323 3489 5394 remigationis
3533 5323 3735 5381 levant,
3764 5328 3820 5375 et

2218 5424 2346 5480 dum
2403 5437 2550 5477 mare
2596 5419 2845 5491 procellis
2892 5419 3145 5488 agitatur,
3191 5426 3309 5471 arte
3355 5430 3420 5470 ac
3472 5412 3820 5468 multitudine

2219 5529 2501 5586 operarum
2528 5512 2770 5584 praelium
2796 5509 3054 5563 undarum
3076 5508 3284 5563 sedant.
3311 5505 3515 5561 Idcirco
3537 5520 3639 5559 nos
3660 5506 3820 5560 etiam

2220 5608 2554 5663 conﬁdenter
2595 5604 2816 5660 docendi
2848 5619 3006 5658 causa
3038 5616 3345 5659 sermonem
3378 5599 3745 5671 aggredimur.
3772 5609 3821 5651 ot

2223 5706 2463 5775 ipsorum
2526 5700 2772 5771 precibus
2821 5709 3011 5752 cuncta
3062 5694 3468 5753 committimus.
3522 5692 3591 5749 Ut
3645 5703 3823 5747 autem

2288 5797 2360 5860 (α)
2395 5802 2463 5845 De
2482 5793 2700 5843 Flaviano
2724 5789 2953 5853 loquitur.
