4028 6360
270 349 379 404 615

270 468 517 523 δύναται
536 469 833 523 εἰσελθεῖν
847 471 938 535 εἰς
952 467 1068 539 τήν
1081 470 1411 535 ,ϐασιλείαν
1424 469 1543 523 τῶν
1556 470 1829 538 οὐρανῶν

268 562 334 614 Εἰ
354 560 533 613 τοίνυν
565 560 847 629 βασιλείαν
884 561 1128 632 οὐρανῶν
1178 562 1569 633 ἐπηγγείλατο,
1622 564 1702 625 εἰς
1746 578 1853 613 πα-

270 650 517 720 ράδεισον
562 651 618 702 δὲ
651 651 915 721 εἰσήγαγε
942 650 1034 705 τὸν
1060 652 1285 725 λῃστὴν,
1316 653 1532 706 οὐδέπω
1573 652 1855 707 ἀπέδωκεν

267 739 417 810 αὐτῷ
444 741 511 793 τά
546 740 746 809 ἀγαθά.

354 831 493 884 Ἀλλ’
524 830 713 903 ἕτερόν
741 850 793 885 τι
816 833 953 904 πρὸς
994 832 1154 887 τοῦτο
1182 833 1422 903 λέγουσι.
1458 834 1563 889 Τὸν
1590 835 1854 907 παράδει-

269 938 385 987 σον,
431 923 613 990 φασὶν,
644 922 899 990 ἐνταῦθα,
942 924 1003 977 οὐ
1033 925 1124 978 τὸν
1160 926 1489 997 παράδεισον
1521 922 1696 987 εἶπεν,
1721 927 1860 980 ἀλλά

266 1011 347 1083 τῷ
372 1011 469 1066 τοῦ
507 1012 836 1083 παραδείσου
865 1014 1091 1082 ὀνόματι
1124 1014 1222 1085 τὴν
1253 1014 1527 1084 βασιλείαν
1556 1016 1665 1068 τῶν
1695 1017 1860 1086 οὐρα-

267 1104 378 1157 νῶν
405 1104 711 1174 ὠνόμασεν.
763 1105 983 1176 Ἐπειδὴ
1012 1106 1121 1177 γὰρ
1150 1107 1285 1178 πρὸς
1320 1107 1522 1177 λῃστὴν
1568 1106 1857 1174 διελέγετο,

268 1195 557 1265 ἄνθρωπον
603 1196 754 1247 οὐδὲν
802 1197 1078 1266 ἀκηκοότα
1126 1198 1235 1251 τῶν
1279 1198 1500 1269 ὑψηλῶν
1553 1197 1859 1267 δογμάτων,

268 1286 396 1339 οὐδέ
417 1286 593 1339 εἰδότα
625 1288 753 1357 περὶ
788 1287 1148 1358 προφητείας,
1179 1287 1316 1341 ἀλλά
1343 1288 1521 1341 πάντα
1553 1288 1645 1341 τὸν
1672 1288 1862 1358 χρόνον

270 1373 332 1424 ἐν
349 1371 604 1443 ἐρημίαις
627 1373 1003 1444 διατρίψαντα,
1021 1376 1118 1428 καὶ
1136 1376 1330 1444 φόνους
1351 1377 1750 1448 ἐργασάμενον,
1768 1379 1862 1431 καὶ

278 1462 416 1533 μηδὲ
456 1464 857 1534 παρακύψαντα
886 1484 1016 1520 ποτε
1061 1470 1140 1531 εἰς
1172 1468 1492 1538 ἐκκλησίαν,
1527 1469 1661 1539 μήτε
1700 1484 1863 1538 μετα-

276 1556 477 1625 σχόντα
506 1557 652 1619 θείας
678 1560 1017 1631 ἀκροάσεως,
1041 1561 1115 1632 μὴ
1137 1562 1315 1615 εἰδότα
1340 1563 1393 1615 τί
1416 1563 1545 1616 ποτέ
1573 1564 1686 1616 ἐστι
1712 1562 1863 1632 βασι-

275 1646 396 1700 λεία
430 1647 539 1701 τῶν
566 1649 833 1720 οὐρανῶν,
870 1651 1028 1704 τοῦτο
1056 1653 1239 1721 ἐλεγε”
1269 1652 1539 1722 Σήμερον
1562 1654 1688 1723 μετ’
1718 1654 1864 1724 ἐμοῦ

275 1738 395 1807 ἔστι
418 1739 489 1792 ἐν
509 1739 591 1804 τῷ
608 1742 975 1809 παραδείσῳ
1010 1742 1088 1813 τῷ
1107 1746 1511 1816 γνωριμωτέρῳ
1530 1749 1623 1800 καὶ
1648 1748 1867 1818 συνηθε-

280 1831 459 1901 στέρῳ
491 1830 640 1902 [682]
668 1832 892 1903 ὀνόματι
924 1833 1018 1885 τοῦ
1059 1836 1390 1906 παραδείσου
1438 1838 1537 1908 τὴν
1585 1839 1863 1909 βασιλείαν

276 1922 387 1977 τῶν
411 1923 655 1994 οὐρανῶν
688 1924 857 1995 δηλοῖ,
881 1928 974 1979 καὶ
1006 1928 1133 1999 περὶ
1153 1932 1364 2000 ἐκείνης
1392 1931 1539 2001 αὐτῷ
1558 1932 1863 2001 διαλέγεται

278 2014 308 2065 6
336 2012 591 2085 Χριστός.
640 2016 897 2085 Δέχομαι.
927 2015 1158 2081 Οὐκοῦν,
1194 2022 1379 2090 φησὶν,
1409 2022 1625 2092 είσῆλθε
1659 2027 1737 2089 εἰς
1766 2025 1866 2094 τὴν

281 2108 560 2176 βασιλείαν
590 2110 696 2162 τῶν
745 2111 1010 2182 οὐρανῶν.
1052 2113 1223 2165 Πόθεν
1255 2113 1445 2184 δῆλον;
1495 2115 1580 2181 Ἐξ
1608 2108 1682 2169 ὧν
1720 2112 1863 2181 εἶπε,

278 2194 551 2264 Σήμερον
580 2199 706 2266 μετ’
742 2198 889 2267 ἐμοῦ
931 2201 1044 2268 ἐσῃ
1083 2201 1152 2253 ἐν
1176 2200 1257 2265 τῷ
1288 2202 1648 2269 παραδείσῳ.
1697 2204 1758 2255 Εἰ
1806 2203 1865 2256 δὲ

282 2286 565 2360 βιαιοτέρα
596 2291 628 2361 ή
661 2290 816 2353 λύσις
845 2290 982 2362 αῦτη
1008 2334 1021 2357 ,
1066 2292 1163 2364 τὴν
1200 2295 1536 2366 σαφεστέραν
1568 2295 1861 2365 ἐπάξομεν.

283 2378 349 2431 Τί
396 2376 489 2432 οὖν
537 2381 685 2433 ἐστιν
726 2381 900 2452 αὐτης
950 2380 1116 2437 Εἶπεν
1161 2386 1190 2437 6
1233 2386 1489 2457 Χριστὸς,
1534 2387 1589 2439 '0
1632 2387 1717 2456 μὴ
1772 2404 1867 2440 πι-

281 2472 519 2523 στεύων
553 2474 642 2536 είς
680 2472 787 2525 τὸν
828 2473 983 2537 Υίὸν,
1033 2474 1149 2543 ἤδη
1179 2476 1463 2543 κέκριται.
1493 2479 1556 2531 Τί
1591 2476 1716 2545 οὖνς
1764 2480 1865 2550 ήδη

282 2564 569 2633 κέκριται;
600 2564 792 2617 Καίτοι
820 2564 973 2618 οὐπω
1008 2567 1324 2630 ἀνάστασις,
1355 2568 1507 2623 οὐπω
1534 2571 1749 2634 κόλασις
1774 2572 1867 2623 καὶ

284 2655 524 2726 τιμωρία
544 2672 556 2684 ·
590 2655 706 2719 πῶς
728 2653 821 2709 οὖν
850 2657 947 2729 ἤδη
978 2658 1262 2729 κέκριται;
1294 2660 1426 2713 Ἀπὸ
1453 2662 1550 2731 τῆς
1572 2662 1863 2733 ἁμαρτίας.

284 2746 398 2799 Καὶ
426 2746 607 2811 πάλιν,
640 2749 700 2801 '0
718 2751 1020 2803 πιστεύων
1047 2754 1134 2817 εἰς
1148 2751 1256 2805 τὸν
1281 2753 1438 2816 rm,
1459 2753 1610 2821 φησὶ,
1624 2752 1867 2821 μεταϐέ-

284 2840 470 2906 ὄηκεν
491 2840 559 2893 ἐκ
591 2840 696 2895 τοῦ
730 2841 987 2896 θανάτου
1016 2846 1103 2910 είς
1131 2844 1245 2912 τὴν
1276 2844 1443 2911 ζωήν.
1475 2846 1583 2900 Καὶ
1601 2847 1701 2898 οὐκ
1724 2842 1865 2911 εἷπε,

290 2928 698 3000 μεταϐήσεται,
740 2932 874 2994 ἀλλ’,
930 2933 1031 3005 ἤδη
1098 2936 1460 3003 μεταϐέϐηκε
1494 2951 1509 2965 ⁸
1568 2937 1663 2988 καὶ
1716 2929 1870 2999 οὗτος

288 3021 450 3074 πάλιν
475 3022 583 3076 ἀπὸ
604 3022 695 3076 τοῦ
728 3023 1166 3094 κατορθώματος,
1192 3026 1438 3088 κάκεῖνος
1458 3024 1617 3079 πάλιν
1643 3026 1750 3079 ἀπὸ
1774 3025 1868 3079 τοῦ

290 3116 707 3186 ἁμαρτήματος.
742 3116 952 3185 Ὥσπερ
976 3113 1066 3169 οὖν
1102 3119 1306 3180 ἐκεῖνος
1343 3119 1615 3188 κέκριται,
1642 3118 1870 3190 μηδέπω

292 3206 631 3276 κρινόμενος,
666 3208 915 3269 κάκεῖνος
940 3209 1313 3278 μεταϐέϐηκεν
1345 3211 1421 3271 εἰς
1449 3212 1546 3279 τὴν
1568 3208 1732 3280 ζωὴν,
1769 3226 1873 3281 μη-

290 3298 440 3353 δέπω
492 3299 764 3371 μεταϐὰς,
820 3301 1083 3369 καὶπρὸς
1138 3303 1342 3354 ἐκεῖνον
1394 3303 1501 3354 ἀπὸ
1546 3302 1636 3355 τοῦ
1679 3318 1873 3373 κατορ-

294 3390 565 3461 θώματος,
614 3395 707 3447 καὶ
748 3394 884 3465 πρὸς
921 3395 1107 3448 τοῦτον
1154 3396 1262 3449 ἀπὸ
1319 3395 1414 3448 τοῦ
1455 3396 1870 3467 ἁμαρτήματος,

290 3483 368 3549 ὡς
402 3488 782 3557 γεγενημένων
826 3488 890 3559 δὴ
942 3489 1281 3560 πραγμάτων
1317 3488 1468 3542 οὐπω
1494 3489 1873 3559 γεγενημένων

293 3574 637 3645 διαλέγεται⁸
677 3578 819 3631 οὕτω
864 3580 958 3632 καί
995 3581 1131 3649 πρὸς
1160 3580 1251 3632 τὸν
1306 3579 1509 3651 λῃστὴν
1556 3581 1730 3649 ἔλεγε.
1764 3582 1875 3635 Καὶ

293 3666 406 3736 γὰρ
437 3667 488 3719 οἱ
519 3668 713 3738 ἰατροὶ,
742 3668 959 3721 ἐπειδάν
983 3669 1132 3723 ἴδωσί
1160 3686 1281 3721 τινα
1318 3670 1762 3740 ἀπεγνωσμένον,
1790 3670 1876 3723 λέ·-

294 3774 508 3827 γουσιν,
540 3760 623 3811 ὅτι
662 3759 762 3831 ήδη
800 3760 1028 3831 τέθνηκε
1064 3762 1158 3814 καὶ
1198 3761 1389 3832 νεκρός
1434 3762 1569 3825 ἐστι,
1601 3762 1775 3816 καίτοι
1812 3779 1876 3830 γε

297 3848 381 3901 ἔτι
403 3849 709 3919 ἐμπνέοντα
728 3849 1038 3920 βλέποντες.
1066 3849 1204 3903 Ἀλλ’
1226 3849 1416 3920 ῶσπερ
1436 3852 1661 3916 ἐκεῖνος,
1688 3853 1878 3925 ἐπειδὴ

298 3940 490 3993 ἐλπίδα
509 3940 780 4011 σωτηρίας
801 3941 900 3993 οὐκ
920 3940 1054 4012 ἔχει,
1076 3941 1302 4012 τέθνηκε
1333 3942 1484 4012 παρά
1508 3945 1619 4005 τοῖς
1649 3944 1875 4013 ἰατροῖς·

296 4031 445 4085 οὕτω
472 4032 568 4085 καὶ
607 4032 635 4083 ὁ
660 4032 881 4103 λῃστὴς,
913 4034 1100 4104 ἐπειδὴ
1151 4034 1479 4104 προσδοκίαν
1505 4033 1687 4085 οὐκέτι
1732 4029 1879 4103 εἶχεν

299 4123 653 4195 ὑποστροφῆς
666 4126 745 4184 εἰς
761 4124 1056 4191 ἀπώλειαν,
1070 4125 1413 4195 εἰσελήλυθεν
1430 4127 1509 4187 εἰς
1523 4125 1613 4176 τὸν
1629 4124 1688 4176 οὐ
1697 4125 1876 4196 ρανόν.

300 4216 461 4271 υύτω
490 4219 583 4270 καὶ
608 4218 638 4269 6
680 4218 852 4290 Ἀδάμ
880 4220 1134 4288 ἤκουσεν,
1170 4210 1242 4291 ᾟ
1272 4219 1324 4273 δ’
1350 4218 1426 4273 ἂν
1445 4219 1639 4289 ἡμέρᾳ
1654 4218 1881 4289 φάγητε

298 4308 420 4363 ἀπὸ
446 4309 553 4363 τοῦ
580 4310 790 4376 ξύλου,
814 4310 1046 4376 θανάτῳ
1069 4311 1484 4366 ἀποθανεῖσθε.
1510 4311 1574 4363 Τί
1599 4307 1713 4375 οὖν,
1741 4311 1877 4382 αὐτῇ

299 4403 368 4471 τῇ
403 4400 587 4472 ἡμέρα
607 4401 874 4455 ἀπέθανεν
893 4419 908 4468 ;
931 4401 1194 4472 Οὐδαμῶς
1215 4420 1228 4433 ο
1255 4403 1365 4455 ἀλλ’
1382 4402 1573 4471 ἔζησεν
1590 4403 1683 4473 ἐτη
1706 4405 1884 4455 ἐννεα-

302 4491 464 4541 κόσια
480 4491 573 4543 καὶ
599 4490 856 4543 ἐπέκεινα
882 4490 1017 4561 μετά
1036 4492 1134 4562 τὴν
1154 4492 1365 4562 ἡμέραν
1386 4491 1616 4563 ἐκείνην.
1644 4491 1769 4554 Πῶς
1789 4488 1882 4543 οὖν

302 4579 492 4648 ἔλεγεν
545 4582 569 4633 6
620 4580 786 4647 Θεὸς,
814 4583 895 4635 ὅτι
926 4587 1006 4656 Τῇ
1053 4584 1189 4653 αὐτῇ
1246 4585 1429 4654 ἡμέρα
1477 4583 1879 4647 ἀποθανεῖσθεὲ

304 4674 387 4745 Τῇ
440 4674 739 4743 ἀποφάσει,
794 4676 851 4728 οὐ
902 4677 967 4746 τῇ
1025 4676 1214 4747 πείρᾳ.
1271 4676 1426 4729 Οὕτω
1476 4676 1570 4730 καὶ
1608 4677 1635 4727 6
1679 4675 1881 4745 λῃστὴς

304 4762 556 4833 εἰσῆλθεν
590 4766 669 4827 εἰς
696 4765 789 4817 τὸν
813 4765 1057 4836 οὐρανόν.
1095 4768 1359 4820 ’Λκουσον
1385 4766 1515 4835 γοῦν
1561 4763 1613 4817 τί
1657 4782 1820 4835 φησιν
1853 4766 1882 4816 6

306 4853 541 4920 Παῦλος,
575 4855 750 4925 δηλῶν
795 4857 876 4908 ὃτι
909 4856 1084 4919 οὐδεὶς
1119 4856 1329 4911 οὐδέπω
1358 4856 1466 4909 τῶν
1500 4854 1719 4923 ἀγαθῶν
1749 4855 1882 4908 ἀπέ-

305 4946 441 4999 λαϐε
469 4945 566 5018 τὴν
586 4946 851 5001 ἀντίδοσιν
870 4963 885 4977 ο
916 4949 1044 5017 περὶ
1072 4947 1181 5018 γὰρ
1205 4946 1313 5000 τῶν
1343 4948 1637 5019 προφητῶν
1661 4947 1755 5000 καὶ
1775 4946 1881 4998 τῶν

306 5038 533 5091 δικαίων
573 5038 950 5109 διαλεγόμενος
996 5040 1267 5108 ἐπήγαγε·
1303 5044 1462 5092 Κατα
1486 5038 1694 5091 πίστιν
1740 5038 1873 5090 ἀπέ-

308 5133 499 5184 θανον
520 5125 683 5184 οὗτοι
704 5130 927 5197 πάντες
956 5129 1041 5200 μὴ
1074 5128 1459 5200 κομισάμενοι
1503 5131 1609 5195 τὰς
1637 5132 1885 5202 ἐπαγγε-

306 5224 472 5288 λίας,
490 5224 651 5278 ἀλλὰ
684 5227 986 5293 πόρρωθεν
1006 5223 1229 5290 εἰδότες
1257 5222 1443 5289 αὑτὰς
1482 5225 1577 5277 καὶ
1602 5225 1882 5279 ἀσπασά-

303 5332 502 5386 μενοι,
530 5315 638 5369 τοῦ
679 5316 826 5369 Θεοῦ
859 5316 1146 5385 κρεῖσσόν
1178 5333 1231 5368 τι
1272 5317 1405 5384 περὶ
1438 5316 1605 5385 ἡμῶν
1636 5320 1886 5386 προϐλε-

312 5405 614 5475 ¹ψαμένου,
645 5408 746 5460 ἵνα
771 5407 855 5477 μὴ
880 5408 1058 5476 χωρίς
1090 5406 1258 5475 ἡμῶν
1282 5407 1653 5463 τελειωθῶσι.
1700 5408 1887 5462 Ταῦτα

314 5500 602 5569 κατέχετε,
642 5500 735 5552 καὶ
788 5498 1088 5569 μέμνησθε,
1147 5501 1240 5552 καὶ
1277 5500 1402 5562 τούς
1448 5500 1548 5552 οὐκ
1584 5499 1889 5567 ἀκηκοότας

314 5597 625 5652 διδάσκετε*
658 5594 827 5649 ταῦτα
848 5597 941 5649 καλ⁵
967 5598 1024 5649 ἐν
1053 5595 1338 5666 ἐκκλησίᾳ,
1368 5595 1459 5647 καὶ
1488 5595 1545 5647 ἐν
1574 5593 1769 5666 ἀγορᾷ,
1794 5595 1890 5647 καὶ

317 5694 378 5744 ἐν
434 5690 580 5760 οἰκία
638 5688 914 5761 μελετάτω
960 5688 1210 5751 ἕκαστος.
1260 5687 1424 5740 Οὐδὲν
1477 5684 1585 5757 γάρ
1634 5686 1891 5758 ήδύτερον

318 5784 639 5855 ἀκροάσεως
674 5782 842 5845 θείας.
883 5783 1145 5836 ’Ἄκουσον
1169 5780 1296 5849 γοῦν
1330 5781 1381 5834 τί
1422 5797 1552 5851 φησι
1596 5783 1722 5851 περὶ
1764 5780 1889 5834 ταύ-

1466 346 1535 402 IN
1574 344 1876 404 GENESII
1921 346 2157 405 SERMO
2195 348 2330 408 VIII.

3427 352 3532 409 6I6

1958 488 2060 540 της
2084 472 2113 524 6
2140 472 2464 545 Προφήτηςο
2515 472 2611 539 Ὠς
2647 471 2873 544 γλυκέα
2903 473 2984 539 τῷ
3021 473 3277 543 λάρυγγί
3301 490 3421 543 μου
3464 476 3536 528 τὰ

1954 553 2131 621 λόγιά
2160 569 2298 620 σου,
2321 555 2474 622 ὑπὲρ
2499 554 2640 624 μέλι
2663 556 2761 609 καὶ
2785 557 2998 624 κηρίον
3026 555 3105 622 τῷ
3120 556 3377 625 στόματί
3391 573 3532 624 μου.

1957 635 2126 689 Τοῦτο
2150 637 2325 691 τοίνυν
2358 638 2652 709 παρατίθει
2695 639 2757 691 τὸ
2785 639 2975 709 κηρίον
3008 638 3101 691 ἐπὶ
3125 642 3224 710 τῆς
3257 636 3537 709 τραπέζης

1955 719 2053 789 τῆς
2083 720 2395 793 ἐσπερινῆς,
2429 720 2568 773 ὥστε
2607 723 2785 775 πᾶσαν
2821 722 2991 792 αὐτὴν
3030 721 3221 792 ἡδονῆς
3248 720 3536 791 πληρῶσαι

1959 810 2353 880 πνευματικῆς.
2385 810 2497 880 Οὐχ
2525 812 2685 880 ὁρᾶτε
2718 812 2845 875 τοὺς
2881 810 3145 881 εὐπόρους
3172 809 3282 862 τῶν
3321 807 3536 879 ἀνθρώ-

1960 911 2097 959 πων,
2132 896 2247 960 πῶς
2295 898 2433 967 μετά
2484 898 2549 951 τὰ
2596 896 2738 951 σιτία
2784 897 3114 969 κιθαρῳδοὺς
3157 898 3253 951 καὶ
3296 896 3535 965 αὐλητάς

1962 988 2341 1055 ἐπεισάγουσι;
2398 987 2634 1057 Θέατρον
2691 990 2888 1042 ἐκεῖνοι
2938 988 3147 1042 ποιοῦσι
3184 990 3285 1059 τὴν
3331 986 3539 1041 ἐαυτῶν

1960 1074 2154 1127 οἰκίαν·
2188 1076 2250 1127 σὺ
2276 1075 2497 1144 ποίησον
2522 1075 2619 1146 τὴν
2646 1076 2820 1129 οἰκίαν
2850 1075 2946 1145 τὴν
2980 1076 3078 1146 σὴν
3110 1075 3352 1146 οὐρανόν⁸
3386 1076 3543 1141 ποιήο

1964 1178 2077 1223 σεις
2108 1161 2187 1226 δὲ,
2232 1163 2353 1232 οὐχὶ
2376 1164 2501 1225 τοὺς
2537 1162 2748 1231 τοίχους
2783 1163 3049 1231 ἀμείϐων,
3082 1162 3200 1214 οὐδέ
3243 1161 3541 1231 μεταλλάτ-

1962 1264 2070 1300 των
2095 1248 2162 1300 τά
2184 1247 2429 1319 θεμέλια,
2464 1248 2578 1301 ἀλλ’
2611 1249 2773 1301 αὐτὸν
2798 1250 2890 1301 τὸν
2924 1249 3032 1302 τῶν
3064 1250 3304 1320 οὐρανῶν
3334 1248 3542 1301 Δεσπό-

1962 1352 2061 1405 την
2094 1335 2186 1387 ἐπὶ
2216 1336 2315 1407 τὴν
2347 1336 2623 1407 τράπεζαν
2662 1335 2841 1388 καλῶν
2856 1335 2953 1406 τὴν
2988 1336 3106 1405 σήν.
3140 1336 3253 1388 υύκ
3282 1334 3545 1405 ἐπαισχύ-

1967 1438 2115 1474 νεται
2139 1422 2207 1475 τὰ
2229 1423 2451 1476 τοιαῦτα
2476 1424 2664 1476 δεῖπνα
2693 1425 2720 1476 6
2744 1423 3073 1486 Θεός.”Ενθα
3101 1422 3211 1493 γάρ
3231 1422 3545 1476 διδασκαλία

1966 1510 2332 1580 πνευματικὴ,
2365 1512 2480 1563 ἐκεῖ
2512 1512 2605 1563 καὶ
2632 1509 2973 1581 σωφροσύνη,
3004 1511 3098 1563 καὶ
3132 1511 3415 1580 σεμνότης,
3450 1510 3545 1565 καὶ

1965 1597 2252 1649 ἐπιείκεια
2295 1598 2423 1651 ἔνθα
2450 1599 2589 1670 ἀνὴρ
2623 1599 2718 1650 καὶ
2749 1598 2883 1668 γυνὴ
2909 1600 3002 1652 καὶ
3028 1597 3233 1663 παιδία,
3267 1596 3412 1669 [685]
3452 1598 3547 1651 καὶ

1965 1686 2185 1755 ὁμόνοια
2219 1687 2314 1739 καὶ
2335 1686 2505 1754 φιλία,
2548 1687 2642 1740 καὶ
2672 1688 2785 1749 τοῖς
2813 1686 2909 1755 τῆς
2947 1686 3146 1757 ἀρετῆς
3179 1684 3546 1755 συνδεδεμένοι

1965 1774 2205 1842 δεσμοῖς,
2257 1776 2373 1826 ἐκεῖ
2419 1775 2582 1845 μέσος
2632 1776 2661 1827 6
2713 1773 2966 1843 Χριστός.
3024 1773 3099 1825 Οὐ
3154 1772 3264 1843 γάρ
3314 1772 3547 1842 χρυσοῦν

1966 1860 2160 1932 ὄροφον
2191 1860 2362 1931 ζητεῖ,
2385 1861 2505 1914 οὐδέ
2522 1860 2807 1931 ἀστραπὰς
2830 1860 3044 1919 κιόνων,
3059 1859 3178 1913 οὐδὲ
3202 1858 3371 1928 κάλλη
3405 1876 3546 1929 μαρ-

1969 1948 2183 2018 μάρων,
2217 1947 2351 2000 ἀλλὰ.
2384 1949 2561 2019 ψυχῆς
2594 1947 2764 2019 ὤραν,
2795 1947 2889 2000 καὶ
2932 1947 3171 2009 διανοίας
3225 1945 3546 2016 εὐμορφίαν,

1967 2036 2063 2088 καὶ
2092 2035 2366 2107 τράπεζαν
2399 2035 2744 2105 δικαιοσύνης
2761 2034 3038 2105 γέμουσαν
3068 2034 3161 2087 καὶ
3180 2032 3548 2103 ἐλεημοσύνης

1966 2125 2211 2195 καρποὺς
2226 2124 2474 2194 ἔχουσαν.
2504 2124 2621 2177 Κᾶν
2639 2123 2722 2195 ἴδῃ
2747 2123 3000 2192 τοιαύτην
3022 2121 3320 2193 τράπεζαν,
3340 2119 3549 2191 ταχέως

1967 2214 2213 2264 κοινωνεῖ
2242 2212 2335 2265 τοῦ
2375 2210 2657 2279 συλλόγου,
2705 2212 2799 2265 καὶ
2845 2210 3223 2280 παραγίνεται.
3276 2211 3378 2263 Κα⁸⁹
3444 2209 3550 2279 γάρ

1967 2297 2129 2360 αὐτός
2176 2300 2324 2351 ἐστιν
2372 2300 2400 2350 6
2447 2297 2707 2369 εἰρηκώς⁸
2751 2297 3051 2352 Πεινῶντά
3078 2315 3154 2366 με
3188 2297 3397 2361 εἴδετε,
3449 2295 3551 2349 καὶ

1967 2384 2275 2453 ἐθρέψατε.
2308 2386 2475 2439 Ὅταν
2524 2382 2616 2439 οὖν
2644 2386 2884 2458 ἀκούσῃς
2916 2384 3145 2456 πένητος
3176 2384 3418 2438 κάτωθεν
3455 2400 3553 2453 με·

1968 2473 2108 2541 γάλα
2142 2473 2391 2543 βοῶντος,
2429 2468 2549 2528 εἶτα
2594 2474 2703 2527 ἀπὸ
2748 2477 2847 2545 τῆς
2878 2473 3157 2545 τραπέζης
3186 2473 3294 2525 τῶν
3334 2488 3554 2542 προκει-

1972 2561 2149 2631 μένων
2200 2560 2305 2630 δῷς
2330 2579 2383 2613 τι
2434 2560 2512 2631 τῷ
2539 2561 2797 2631 δεομένῳ,
2843 2560 2934 2613 τὸν
2971 2560 3246 2629 Δεσπότην
3292 2559 3553 2621 ἐκάλεσας

1966 2650 2054 2702 διά
2082 2649 2177 2701 τοῦ
2204 2649 2391 2703 δούλου
2414 2650 2550 2720 πρὸς
2574 2651 2674 2717 τὴν
2700 2650 2977 2720 τράπεζαν
2996 2649 3093 2720 τὴν
3119 2649 3239 2720 σὴν,
3262 2650 3441 2702 πᾶσαν
3463 2648 3555 2699 αὐ-

1967 2739 2066 2807 τὴν
2097 2738 2356 2807 εὐλογιῶν
2390 2738 2713 2809 ἐνέπλησας,
2745 2741 2837 2791 καὶ
2858 2739 2945 2792 διὰ
2976 2739 3075 2809 τῆς
3101 2737 3354 2807 άπαρχῆς
3386 2738 3556 2807 ἀφορ-

1973 2826 2078 2895 μὴν
2112 2825 2373 2896 μεγίστην
2402 2825 2494 2879 τοῦ
2526 2825 2891 2896 πληθύνεσθαι
2911 2843 2992 2878 σοι
3017 2826 3085 2878 τά
3111 2828 3310 2895 ταμεῖα
3333 2822 3555 2892 ἀγαθῶν

1970 2912 2180 2965 πολλῶν
2230 2912 2673 2985 παρεσκεύασας.
2738 2913 2797 2964 ὐ
2823 2912 2879 2966 δέ
2922 2912 3054 2976 Θεὸς
3088 2912 3187 2983 τῆς
3242 2912 3487 2982 εἰρήνης,
3522 2912 3551 2963 6

1968 2998 2143 3062 διδοὺς
2179 2999 2341 3071 ἄρτον
2386 3001 2465 3063 εἰς
2498 2999 2721 3071 βρῶσιν,
2751 3000 2845 3053 καὶ
2882 2999 3101 3070 σπέρμα
3137 2998 3215 3069 τῷ
3250 2998 3548 3069 σπείροντι,

1972 3084 2234 3156 πληθύνοι
2261 3086 2352 3139 τὸν
2382 3087 2580 3158 σπόρον
2614 3086 2789 3157 ὐμῶν,
2836 3086 2929 3141 καὶ
2969 3086 3223 3155 αὐξήσειε
3266 3087 3333 3138 τά
3360 3086 3555 3155 γεννή-

1974 3188 2120 3241 ματα
2147 3173 2246 3241 τῆς
2273 3173 2617 3244 δικαιοσύνης
2647 3177 2705 3227 ἐν
2734 3175 2897 3226 πᾶσιν
2925 3174 3072 3244 ὑμῖν,
3104 3172 3201 3244 τὴν
3226 3174 3354 3244 παρ’
3388 3170 3555 3225 αὐτοῦ

1973 3259 2133 3331 χάριν
2169 3260 2362 3325 διδοὺς,
2399 3261 2493 3314 καὶ
2518 3259 2872 3327 καταξιώσειε
2903 3260 3002 3330 τῆς
3023 3258 3298 3329 βασιλείας
3326 3258 3437 3311 τῶν
3464 3259 3556 3310 οὐν

1977 3346 2170 3419 ρανῶν·
2204 3344 2272 3421 ἦς
2305 3348 2515 3418 γένοιτο
2572 3348 2779 3410 πάντας
2832 3349 2983 3419 ήμᾶς
3039 3348 3335 3417 ἐπιτυχεῖν,
3377 3347 3558 3417 χάριτι

1974 3437 2067 3490 καὶ
2100 3436 2479 3509 φιλανθρωπία
2518 3436 2611 3491 τοῦ
2642 3436 2845 3507 Κυρίου
2891 3436 3049 3506 ἡμῶν
3084 3434 3257 3506 Ἰησοῦ
3298 3433 3558 3506 Χριστοῦ,

1973 3524 2041 3576 δι’
2057 3521 2117 3579 οὗ
2146 3527 2236 3579 καὶ
2258 3526 2374 3596 μεθ’
2392 3520 2453 3579 οὗ
2469 3525 2592 3589 δόξα
2620 3524 2695 3595 τῷ
2712 3523 2905 3594 Πατρὶ,
2924 3525 3018 3576 καὶ
3045 3523 3122 3593 τῷ
3154 3522 3292 3592 ἀγίῳ
3309 3522 3562 3590 [Ινεύμαη

1975 3629 2047 3679 τι,
2060 3613 2153 3667 νῦν
2170 3616 2263 3668 καὶ
2281 3615 2388 3678 ἀεὶ,
2405 3616 2496 3667 καὶ
2514 3632 2536 3666 ε
2548 3616 2593 3677 ίς
2610 3616 2735 3674 τοὺς
2765 3612 2965 3675 αἰῶνας
2994 3611 3101 3665 τῶν
3118 3611 3346 3664 αἰώνων.
3366 3610 3557 3680 Ἀμήν.

2605 3768 2825 3822 ΛΟΓΟΣ
2851 3766 2933 3822 Η’·

1977 3877 2083 3940 Εἰς
2113 3874 2228 3941 τὴν
2246 3872 2472 3941 ἡμέραν
2488 3876 2781 3941 χειμέριον
2806 3868 3147 3941 οὖσαν,καί
3173 3872 3259 3935 εἰς
3283 3869 3399 3941 τὴν
3414 3871 3561 3923 σύν-
3606 3886 3614 3894 ·

2047 3938 2192 3998 ὁδον
2223 3938 2343 3996 τῶν
2355 3938 2729 4004 ἐπισκόπων,
2762 3943 2859 3996 καὶ
2883 3944 2967 4006 εἰς
2982 3939 3099 4007 τὴν
3123 3939 3295 3993 δόσιν
3326 3938 3437 4007 τῆς
3464 3942 3561 3992 ὲν-

2048 4013 2233 4082 τολῆς
2258 4012 2407 4081 πρὸς
2432 4014 2537 4066 τὸν
2566 4012 2768 4081 Ἀδὰμ.
2800 4012 2897 4065 καὶ
2920 4012 3009 4065 ὅτι
3034 4010 3277 4078 πολλῆς
3308 4010 3559 4080 κηδεμοο

2048 4086 2181 4150 νίας
2213 4085 2317 4137 τὸν
2354 4084 2540 4152 νόμον
2557 4085 2783 4137 λαϐεῖν.

2049 4200 2118 4248 α’.
2144 4193 2209 4246 Ἢ
2228 4194 2326 4263 μὲν
2345 4191 2450 4245 τῶν
2474 4190 2650 4261 νεφῶν
2671 4191 2940 4263 συνδρομὴ
2957 4192 3052 4261 τὴν
3073 4189 3286 4262 ἡμέραν
3309 4192 3438 4261 ἡμῖν
3459 4208 3561 4243 κα-

1977 4280 2317 4352 τηφεστέραν
2344 4279 2616 4350 ἐποίησεν·
2650 4280 2684 4348 ἡ
2710 4279 2766 4331 δέ
2800 4280 3071 4350 παρουσία
3111 4278 3205 4331 τοῦ
3241 4277 3563 4330 διδασκάλου

1980 4368 2337 4437 φαιδροτέραν
2370 4366 2539 4437 αὐτὴν
2588 4365 2897 4435 εἰργάσατο.
2942 4366 3015 4417 Οὐ
3070 4364 3179 4435 γάρ
3212 4362 3382 4427 οὓτως
3414 4364 3563 4433 ἥλιος

1981 4456 2047 4506 ἐκ
2107 4454 2277 4523 μέσης
2334 4451 2441 4505 τῶν
2484 4452 2726 4522 οὐρανῶν
2760 4452 2861 4521 τῆς
2896 4454 3143 4522 κορυφῆς
3190 4451 3289 4514 τὰς
3341 4453 3563 4513 ἀκτῖνας

1980 4547 2180 4614 ἀφιεὶς,
2234 4545 2577 4615 καταλάμπει
2610 4544 2677 4596 τὰ
2731 4543 2976 4612 σώματα,
3007 4544 3082 4606 ὠς
3128 4541 3249 4611 ὃψις
3290 4542 3562 4614 πατρικῆς

1982 4634 2359 4705 φιλοστοργίας
2388 4634 2613 4695 ἀκτῖνας
2663 4634 2886 4700 ἀφιεῖσα
2927 4634 2992 4684 ἐκ
3030 4632 3194 4701 μέσου
3220 4629 3315 4684 τοῦ
3344 4630 3559 4701 θρόνου,

1981 4724 2313 4792 καταυγάζει
2338 4723 2435 4785 τάς
2468 4723 2741 4793 ἡμετέρας
2767 4721 2964 4790 ψυχάς.
2994 4722 3171 4792 Ὅπερ
3212 4717 3304 4774 οὖν
3331 4722 3423 4772 καὶ
3466 4722 3564 4773 αὐ-

1981 4814 2071 4875 τὸς
2104 4811 2350 4871 συνιδὼν,
2386 4811 2507 4880 οὐχὶ
2536 4811 2693 4879 μόνος
2718 4813 2848 4879 ἡμῖν
2879 4808 3274 4879 παραγέγονεν.
3299 4806 3433 4860 ἀλλὰ
3465 4806 3563 4859 καὶ

1984 4902 2287 4971 φωστήρων
2317 4900 2474 4970 χορὸν
2492 4900 2628 4969 ἔχων
2659 4894 2790 4968 ἦλθε
2823 4897 2943 4966 μεθ’
2973 4895 3185 4959 ἑαυτοῦ,
3214 4895 3354 4948 ὥστε
3400 4894 3562 4948 πλέον

1984 4988 2233 5056 γενέσθαι
2270 4987 2329 5038 τὸ
2361 4986 2493 5055 φῶς.
2553 4986 2642 5037 Διὸ
2670 4986 2764 5038 καὶ
2799 4986 2832 5054 ἡ
2867 4982 3131 5051 ἐκκλησία
3171 4982 3303 5050 ἡμῖν
3330 4979 3561 5047 ἀγάλλε-

1984 5094 2097 5142 ται,
2130 5077 2223 5129 καὶ
2249 5076 2444 5145 σκιρτᾷ
2476 5074 2545 5126 τά
2577 5074 2822 5143 ποίμνια,
2851 5074 2944 5124 καὶ
2970 5073 3127 5142 ἡμεῖς
3150 5068 3289 5138 μετά
3318 5068 3559 5131 πλείονος

1984 5164 2292 5238 προθυμίας
2319 5164 2425 5217 τῶν
2452 5164 2624 5237 λόγων
2664 5161 2964 5232 ἁπτόμεθα.
3005 5162 3176 5213 Ὅπου
3202 5160 3312 5229 γὰρ
3338 5158 3561 5228 συνδρο-

1988 5255 2063 5324 μὴ
2110 5253 2405 5322 ποιμένων,
2439 5253 2554 5305 ἐκεῖ
2600 5254 2693 5305 καὶ
2735 5249 3020 5320 προϐάτων
3066 5245 3350 5315 ἀσφάλεια.
3401 5244 3563 5297 Οὐτω

1985 5342 2080 5394 καὶ
2109 5339 2300 5393 ναῦται
2350 5338 2620 5410 χαίρουσι,
2670 5333 3015 5407 κυϐερνητῶν
3058 5334 3240 5397 αὐτοῖς
3279 5334 3562 5403 παρόντων

1987 5426 2219 5481 πολλῶν·
2271 5428 2366 5479 καὶ
2415 5427 2523 5497 γὰρ
2552 5426 2793 5495 γαλήνης
2822 5422 2988 5492 οῦσης
3026 5421 3121 5474 καὶ
3157 5420 3439 5489 νηνεμίας,
3469 5419 3562 5471 τὸν

1988 5515 2085 5585 τῆς
2110 5514 2465 5584 κωπηλασίας
2487 5513 2644 5567 πόνον
2676 5513 2860 5574 αὐτοῖς
2900 5508 3311 5576 ἐπικουφίζουσι
3336 5507 3424 5559 διὰ
3450 5505 3564 5558 τῶν

1989 5603 2210 5655 οἰάκων*
2265 5605 2359 5655 καὶ
2405 5602 2501 5672 τῆς
2529 5598 2803 5668 θαλάσσης
2850 5595 3265 5665 στασιαζούσης,
3299 5597 3364 5665 τῇ
3395 5594 3563 5665 τέχνῃ

1992 5694 2086 5747 καὶ
2116 5695 2181 5762 τῇ
2243 5692 2558 5762 πολυχειρίᾳ
2591 5690 2690 5759 τὴν
2736 5689 2843 5741 τῶν
2886 5687 3095 5741 ὑδάτων
3139 5685 3560 5741 καταστέλλουσι

1998 5780 2192 5853 μάχην.
2230 5781 2329 5835 Διά
2382 5780 2537 5835 τοῦτο
2573 5781 2663 5835 καὶ
2696 5780 2854 5850 ἡμεῖς
2884 5777 3235 5850 θαρροῦντες,
3265 5777 3361 5830 τὸν
3403 5776 3562 5845 λόγον
