4028 6360
450 365 553 422 (ΞΠ

451 487 531 544 εἰς
547 475 888 552 διδασκαλίαν
905 469 1274 542 προτείνομεν,
1296 469 1414 528 ταῖς
1437 465 1623 534 εὐχαῖς
1643 459 1824 513 αὐτῶν
1838 457 1900 512 τὺ
1918 461 2027 512 πᾶν

455 548 856 640 ὲπιρῥίψαντες.
889 563 1045 614 Ὥστε
1073 559 1127 611 δὲ
1154 552 1556 626 εὐμαθεστέραν
1573 551 1666 603 καὶ
1690 548 2028 618 σαφεστέραν

455 630 856 728 ύμῖίγένέσθαι
884 649 983 720 τὴν
1011 646 1291 718 ἀκρόασιν,
1311 641 1403 694 καὶ
1429 639 1539 692 τῶν
1558 637 1683 704 χθὲς
1716 637 1844 706 ὑμῖν
1874 635 2027 704 εἰρηο

458 722 634 816 μένων
685 741 1083 811 ἀναμνήσωμεν
1131 735 1189 786 ἐν
1226 731 1430 803 βραχεῖ.
1467 722 1632 778 Εἶπον
1678 727 1760 778 ὃτι
1800 722 1904 794 πρὸ
1930 722 2030 791 τῆς

455 809 549 887 τοῦ
583 830 738 898 ξύλου
773 809 1024 898 βρώσεως
1056 822 1171 893 ᾔδει
1207 820 1267 872 τὸ
1313 818 1476 871 καλὸν
1519 815 1613 868 καὶ
1644 812 1706 864 τὸ
1737 809 2031 898 πονηρδνῗό

456 921 760 990 ἅνθρωπος,
797 897 890 969 καὶ
927 915 1006 966 ὅτι
1040 913 1100 964 οὐ
1134 908 1272 980 μετά
1309 909 1407 978 τὴν
1436 905 1622 973 γεῦσιν
1644 901 1846 970 ταύτην
1871 897 2028 951 ἔλαϐε

455 986 609 1080 [686]
637 1007 733 1076 τὴν
760 1004 980 1072 γνῶσιν.
1012 995 1178 1052 Εἶπον
1214 995 1357 1057 τίνος
1394 995 1580 1047 ἕνεκεν
1606 989 1758 1054 ξύλον
1787 986 2028 1055 γνωστὸν

454 1074 622 1150 καλοῦ
650 1074 742 1145 καὶ
773 1088 1009 1160 πονηροῦ
1041 1087 1276 1153 ἐλέγετο,
1305 1084 1398 1134 καὶ
1429 1079 1542 1142 πῶς
1572 1077 1688 1140 ἔθος
1718 1078 1784 1146 τῇ
1815 1074 2026 1160 Γραφῇ,

457 1182 674 1236 ἐπειδάν
703 1197 753 1232 τι
798 1159 1029 1250 πρᾶγμα
1057 1171 1234 1243 ωμόᾖ
1270 1170 1396 1240 περὶ
1416 1167 1578 1219 τόπον
1607 1166 1639 1235 ἢ
1676 1163 1888 1250 καιρὸν,
1921 1159 2032 1212 ἀπὸ

453 1270 548 1325 τοῦ
579 1271 901 1342 πράγματος
933 1263 1216 1333 ὀνομάζειν
1244 1258 1336 1312 καὶ
1362 1257 1454 1308 τὸν
1485 1255 1648 1306 τόπον
1677 1253 1771 1304 καὶ
1800 1249 1889 1302 τὸν
1909 1265 2031 1301 και-

459 1357 570 1429 ρόν.
607 1338 853 1426 Σήμερον
900 1351 1192 1419 ἀναγκαῖον
1216 1345 1386 1414 αὐτὴν
1415 1340 1721 1410 ἀναγνῶναι
1750 1339 1848 1410 τὴν
1883 1338 2033 1388 ἐντο⁶

455 1444 574 1516 λὴν,
602 1443 668 1496 δι’
697 1438 764 1514 ἦς
802 1439 1039 1492 ἐκώλυσε
1085 1433 1176 1488 τοῦ
1210 1433 1368 1499 ξύλου
1411 1430 1510 1499 τὴν
1560 1426 1782 1498 βρῶσιν.
1821 1423 1916 1486 Τίς
1941 1417 2034 1475 οὖν

457 1511 604 1587 ἐστιν
626 1511 763 1602 αῦτη
780 1547 794 1594 ;
812 1528 916 1584 Καὶ
937 1526 1270 1580 ἐνετείλατο
1285 1521 1497 1586 Κύριος
1520 1521 1552 1571 ό
1579 1515 1723 1581 Θεὸς
1749 1513 1828 1579 τῷ
1843 1511 2033 1602 ᾉδὰμ,

455 1621 668 1688 λέγων’
710 1619 852 1672 Ἀπὸ
877 1616 1095 1679 παντὸς
1130 1611 1320 1676 ξύλου
1345 1607 1452 1660 τοῦ
1481 1607 1551 1658 ἐν
1589 1603 1668 1669 τῷ
1696 1601 2037 1671 παραδείσῳ

453 1705 678 1775 ,ϐρώσει
716 1705 897 1774 φάγῃ.
929 1702 1083 1764 Θεῖος
1111 1702 1138 1752 6
1169 1697 1354 1766 νόμος,
1391 1693 1526 1748 ἀλλὰ
1561 1690 1935 1762 προσέχωμεν.
1976 1688 2036 1739 Εἰ

458 1793 568 1864 γὰρ
602 1790 853 1862 βασιλικὰ
891 1786 1354 1856 ἀναγινώσκοντες
1404 1781 1710 1852 γράμματα
1737 1778 2033 1848 ἄνθρωποι,

457 1885 748 1952 ὁλόκληρον
777 1878 1032 1932 ἀνιστῶσι
1054 1876 1300 1945 θέατρον·
1322 1869 1501 1940 πολλῷ
1531 1868 1729 1938 μᾶλλον
1764 1867 1911 1937 ἡμᾶς
1937 1865 2037 1917 οὐκ

458 1969 780 2040 άιθρὼπων,
817 1965 950 2018 ἀλλά
977 1962 1113 2016 Θεοῦ
1141 1962 1339 2031 νόμους
1367 1955 1761 2026 ἀναγινώσκειν
1813 1952 2037 2024 μέλλον-

457 2075 557 2121 τας
589 2053 962 2110 διανίστασθαι
983 2051 1090 2122 χρὴ
1113 2053 1181 2121 τῇ
1215 2047 1448 2116 διανοίᾳ,
1488 2045 1584 2099 καὶ
1612 2042 1902 2114 προσέχειν
1926 2042 2040 2103 τοῖς

457 2145 797 2216 λεγομένοις.

531 2347 667 2405 Οἶδα
692 2349 773 2402 ὅτι
798 2343 1164 2416 κατηγοροῦσί
1189 2359 1335 2405 τινες
1359 2339 1454 2394 τοῦ
1485 2337 1800 2410 νομοθέτου,
1835 2338 1930 2390 καὶ
1950 2335 2041 2388 τὸν

459 2439 625 2509 νόμον
659 2438 830 2490 αῖτιον
877 2432 1017 2486 εἷναί
1057 2447 1190 2500 φασι
1238 2429 1331 2483 τοῦ
1376 2426 1844 2498 παραπτώματος.
1896 2423 2041 2494 Πρὸς

459 2527 620 2579 τοῦτο
640 2521 730 2578 οὖν
749 2524 958 2592 ἀνάγκη
986 2521 1175 2588 στῆναι
1196 2517 1474 2586 πρότερον,
1510 2514 1604 2567 καὶ
1630 2512 1799 2576 δεῖξαι
1824 2511 1912 2565 διὰ
1937 2512 2043 2564 τῶν

462 2612 806 2683 πραγμάτων
859 2608 1060 2671 αὐτῶν,
1113 2607 1193 2659 ὅτι
1244 2605 1364 2674 οὐχὶ
1395 2601 1568 2674 μισῶν
1609 2601 1701 2653 τὸν
1735 2601 2042 2672 ἄνθρωπον,

461 2702 584 2755 οὐδὲ
615 2699 836 2770 ὑϐρίσαι
892 2697 1213 2768 βουλόμενος
1249 2693 1345 2762 τὴν
1387 2690 1550 2760 φύσιν
1598 2689 1696 2759 τὴν
1744 2688 2043 2759 ἡμετέραν,

461 2789 599 2844 ἀλλά
628 2786 794 2857 φιλῶν
836 2787 928 2839 καὶ
977 2783 1295 2854 κηδόμενος,
1347 2779 1436 2831 τὸν
1475 2779 1638 2847 νόμον
1669 2777 1890 2830 ἔδωκεν.
1924 2777 2046 2829 ’Ὁτι

467 2877 575 2948 rip
617 2877 696 2939 εἰς
730 2873 1044 2944 συμμαχίαν
1094 2872 1223 2939 ἡμῖν
1272 2869 1434 2922 αὑτὸν
1481 2866 1700 2929 ἔδωκεν,
1737 2866 1967 2919 ἄκουσον
1996 2863 2048 2916 τί

465 2981 632 3034 φησιν
672 2963 914 3024 Ἠσαίας
958 2958 1158 3027 Νόμον
1205 2957 1314 3025 γὰρ
1355 2959 1442 3020 εἰς
1466 2954 1760 3019 βοήθειαν
1798 2953 2046 3007 ἔδωκεν.

477 3049 538 3105 Ὀ
566 3053 621 3105 δὲ
657 3050 851 3120 μισῶν,
873 3049 932 3100 ού
967 3047 1166 3117 βοηθεῖ.
1205 3045 1372 3098 Πάλιν
1398 3043 1428 3094 6
1450 3044 1734 3113 Προφήτης
1769 3041 1886 3110 βοᾷ·
1931 3041 2050 3095 Λύ-

466 3156 614 3210 χνος
653 3137 777 3202 τοῖς
810 3135 960 3188 ποσί
1005 3151 1124 3203 μου
1156 3136 1187 3186 ό
1230 3133 1415 3199 νόμος
1439 3145 1578 3191 σου,
1615 3129 1714 3182 καὶ
1736 3127 1864 3197 φῶς
1920 3129 2050 3194 ταῖς

468 3227 694 3293 τρίϐοις
721 3241 862 3293 μου.
900 3221 959 3274 Ὁ
980 3222 1034 3274 δέ
1067 3220 1259 3291 μισῶν,
1283 3219 1342 3272 οὑ
1373 3217 1487 3270 λύει
1521 3219 1581 3271 τὸ
1614 3218 1802 3281 σκότος
1831 3216 1922 3270 διὰ
1955 3216 2050 3269 τοῦ

469 3311 689 3382 λύχνου,
723 3309 844 3363 οὐδὲ
884 3309 1068 3378 ὁδηγεῖ
1107 3307 1245 3377 μετά
1277 3306 1453 3375 φωτὸς
1481 3305 1572 3357 τὸν
1610 3303 2047 3376 πεπλανημένον.

471 3400 639 3454 Πάλιν
672 3401 700 3452 6
731 3396 1002 3468 Σολομὼνο
1025 3397 1262 3463 Λύχνος
1293 3393 1514 3460 ἐντολὴ
1545 3394 1754 3460 νόμου,
1786 3393 1882 3447 καὶ
1903 3391 2049 3462 φῶς,

471 3490 571 3544 καί
602 3487 736 3554 ζωὴ,
767 3488 864 3542 καὶ
892 3487 1142 3554 ἐλεγχος
1174 3481 1280 3538 καῖ
1304 3483 1559 3536 παιδεία.
1611 3482 1741 3536 Ἰδοὺ
1771 3483 1892 3552 οὐχὶ
1921 3481 2051 3552 βοή-

472 3577 593 3630 θεια
618 3576 798 3645 μόνον,
816 3574 934 3628 οὐδὲ
952 3573 1141 3642 λύχνος
1174 3571 1354 3638 μόνον,
1381 3568 1517 3622 ἀλλά
1542 3569 1636 3622 καὶ
1664 3567 1778 3637 φῶς
1803 3569 1896 3619 καὶ
1915 3568 2049 3638 ζωήο

471 3663 643 3718 ταῦτα
671 3664 724 3716 δὲ
754 3664 854 3715 οὐκ
878 3662 990 3715 ἔστι
1019 3658 1320 3730 μισοῦντος,
1362 3656 1481 3710 οὐδὲ
1509 3655 1771 3708 ἀπολέσαι
1795 3653 2054 3723 βουλομέ-

472 3770 596 3813 νου,
633 3751 769 3805 ἀλλὰ
823 3752 979 3820 χεῖρα
1025 3747 1310 3817 ὀρέγοντος
1359 3745 1454 3798 καὶ
1495 3743 1896 3804 διανιστῶντος.
1955 3740 2054 3792 Διά

471 3843 631 3896 τοῦτο
661 3846 754 3894 καὶ
790 3842 818 3892 ὁ
851 3837 1057 3900 Παῦλος
1112 3841 1247 3906 πρὸς
1274 3836 1366 3887 τὸν
1421 3833 1670 3888 Ἰουδαῖον
1703 3830 2054 3900 ἀποτεινόμε-

475 3947 584 3996 νος,
625 3929 720 3982 καὶ
751 3927 964 3988 δεικνὺς
992 3927 1115 3977 ὅσον
1144 3924 1427 3993 εἰσήνεγκε
1459 3921 1649 3990 κέρδος
1677 3921 1704 3972 ὁ
1733 3919 1916 3981 νόμος,
1961 3917 2051 3970 καὶ

473 4019 558 4072 ὅτι
583 4019 910 4077 ἀνάπαυσις,
937 4015 996 4066 οὐ
1050 4013 1280 4083 βάρησις
1325 4011 1424 4081 τῆς
1454 4009 1668 4078 φύσεως
1697 4010 1853 4079 ἡμῶν
1884 4009 2051 4066 ἐστιν,

475 4106 678 4174 ἔλεγεν·
709 4103 830 4156 Ἴδε
855 4103 935 4156 σὺ
983 4099 1273 4162 Ἰουδαῖος
1303 4093 1659 4165 ἐπονομάζῃ,
1707 4095 1803 4148 καί
1835 4095 2056 4147 ἐπανα-

476 4196 642 4262 παύῃ
673 4192 754 4257 τῷ
782 4192 961 4259 νόμῳ.
1007 4189 1168 4259 Ὁρᾷς
1197 4188 1277 4239 ὃτι
1302 4186 1423 4257 ούχὶ
1451 4184 1632 4255 βαρῶν
1653 4183 1809 4254 ἡμῶν
1833 4183 1932 4253 τὴν
1957 4181 2056 4250 φύ-

479 4299 582 4344 σιν,
603 4281 717 4332 ἀλλ’
747 4277 1063 4340 ἀναπαύων,
1090 4276 1180 4327 τὸν
1213 4274 1374 4344 νόμον
1399 4271 1598 4324 ἔδωκεν
1622 4272 1650 4322 ό
1675 4269 1835 4336 Θεός;
1869 4269 2056 4322 Βούλει

483 4369 674 4438 μαθεῖν
726 4367 804 4418 ὅτι
845 4365 939 4418 καὶ
984 4364 1191 4434 τιμῶνς
1229 4361 1478 4415 Μάλιστα
1510 4359 1608 4428 μὲν
1632 4353 1724 4410 οὖν
1763 4354 2057 4409 καὶταῦτα

445 4454 642 4509 ’ἰκανά
684 4453 852 4516 δεῖξαι
899 4451 996 4522 τὴν
1029 4451 1195 4520 τιμὴν
1244 4449 1336 4500 καὶ
1374 4447 1472 4516 τὴν
1520 4444 1870 4514 κηδεμονίαν,
1918 4443 2058 4514 πλὴν

479 4543 573 4596 καὶ
602 4543 694 4609 ἀφ’
729 4541 928 4608 ἐτέρων
963 4536 1274 4608 μαρτυριῶν
1307 4534 1436 4588 αὐτὸ
1454 4532 1609 4585 τοῦτο
1639 4531 1934 4601 ποιήσομαι
1957 4547 2060 4598 φας

479 4631 653 4702 νερόν.
695 4628 973 4686 Ἐπαίνει,
1007 4625 1190 4695 φησὶν,
1237 4621 1654 4691 Ἰερουσαλὴμ,
1685 4622 1793 4674 τὸν
1818 4622 2055 4687 Κύριον·

477 4721 634 4773 αινει
656 4716 762 4770 τὸν
784 4715 928 4768 Θεόν
961 4728 1100 4776 σου,
1127 4711 1297 4765 Σιώνο
1327 4709 1416 4763 ὅτι
1462 4711 1754 4776 ἐνίσχυσε
1781 4709 1922 4774 τοὺς
1949 4726 2060 4776 μο-

477 4805 671 4878 χλοὺς
695 4802 813 4856 τῶν
858 4799 1070 4854 πυλῶν
1097 4815 1234 4862 σου,
1275 4799 1573 4866 ε-ὐλότησε
1611 4796 1750 4862 τοὺς
1773 4796 2070 4861 υιούςσου

477 4895 552 4949 ἄν
577 4909 698 4948 σοι’
755 4895 787 4945 ὀ
823 4887 1003 4953 τιθεὶς
1049 4888 1120 4940 τὰ
1157 4885 1289 4954 ὅριά
1311 4901 1428 4939 σου
1461 4884 1726 4952 εἰρήνην,
1752 4882 1851 4936 καί
1877 4885 2062 4950 στέαρ

478 4979 677 5050 πυροῦ
731 4975 1048 5047 ἐμπιπλῶν
1078 4989 1171 5028 σε.
1209 4971 1353 5039 Εἶτα.⁸
1376 4972 1545 5026 εἰπὼν
1579 4974 1672 5025 καὶ
1697 4973 1796 5043 τὴν
1842 4971 1933 5024 διά
1961 4971 2062 5042 τῆς

479 5071 648 5141 ἄλλης
676 5068 905 5129 κτίσεως
950 5064 1276 5134 εὐεργεσίαν
1331 5061 1483 5132 παρά
1517 5061 1612 5114 τοῦ
1640 5060 1774 5114 Θεοῦ
1805 5077 2068 5130 χορηγου-

485 5160 674 5230 μένην,
711 5156 960 5224 ἐπήγαγε
993 5153 1091 5222 τὴν
1125 5150 1403 5222 ἐξαίρετον
1447 5150 1544 5201 καὶ
1577 5149 1820 5215 μείζονα,
1860 5148 2064 5200 οὑτωσὶ

482 5247 678 5314 λέγων·
722 5243 784 5295 ’0
811 5239 1211 5296 ἀποστέλλων
1247 5237 1354 5290 τὸν
1385 5237 1573 5303 λόγον
1611 5235 1800 5290 αὑτοῦ
1829 5233 1912 5299 τῷ
1961 5235 2064 5288 Ἰα-

483 5333 626 5395 κὼϐ,
657 5329 1020 5398 δικαιώματα
1045 5327 1144 5380 καί
1179 5327 1434 5394 κρίματα
1457 5323 1644 5378 αὑτοῦ
1674 5323 1754 5389 τῷ
1791 5323 2060 5391 Ἰσραήλ.

486 5424 611 5477 Οὐκ
647 5419 941 5484 ἐποίησεν
963 5416 1117 5469 οὕτω
1143 5415 1325 5469 παντὶ
1354 5414 1534 5476 ἔθνει,
1563 5410 1662 5464 καί
1707 5410 1783 5465 τὰ
1811 5413 2064 5481 κρίματα

484 5505 672 5560 αὑτοῦ
701 5507 812 5558 οὐκ
849 5503 1158 5570 ἐδήλωσεν
1180 5500 1402 5567 αὐτοῖς.
1441 5502 1582 5570 Ὅρα
1604 5500 1747 5552 πόσα
1777 5500 2064 5565 κατέλεξεν

485 5593 685 5661 ἀγαθά.
725 5591 1048 5660 Ἀσφάλειαν
1087 5589 1314 5654 πόλεως.
1363 5589 1690 5658 Ἐνίσχυσε
1736 5588 1866 5660 γὰρ,
1907 5590 2060 5659 φησὶ.

486 5682 631 5746 τοὺς
671 5683 940 5750 μοχλοὺς
983 5679 1104 5734 τῶν
1128 5679 1338 5735 πυλῶν
1383 5695 1520 5733 σουο
1557 5679 1874 5749 ἀπαλλαγὴν
1905 5679 2066 5732 πολέ-

493 5787 628 5838 μων·
669 5771 722 5824 Ὀ
774 5771 953 5839 τιθεὶς
997 5773 1125 5840 γὰρ,
1172 5771 1325 5842 φησὶ,
1359 5770 1430 5824 τὰ
1484 5769 1614 5839 ἔριά
1649 5788 1766 5827 σου
1793 5771 2061 5841 εἰρήνην·

1145 353 1202 410 5.
1243 348 1525 408 JOAN'NIS
1553 340 2041 402 CIIBYSOSTOMI
2069 340 2390 399 ARCIIIEP.
2426 336 2953 396 CONSTANTiNOP

3605 305 3713 388 οη

2135 455 2394 524 ἀφθονίαν
2443 455 2551 508 τῶν
2581 453 2914 522 ἀναγκαίων·
2946 448 3056 506 Καὶ
3087 449 3270 519 στέαρ
3295 448 3489 516 πυροῦ
3537 449 3718 519 ἐμπι-

2133 543 2304 596 πλῶν
2322 559 2416 597 σε.
2451 541 2588 594 Ἀλλ’
2619 543 2766 608 ὅμως
2799 540 3016 593 πάντων
3043 538 3250 592 τούτων
3281 538 3382 608 τὴν
3412 538 3508 590 τοῦ
3542 539 3718 608 νόμου

2131 631 2276 684 δόσιν
2295 630 2624 702 τιμιωτέραν
2653 629 2953 699 ἀπέφηνεν.
2975 629 3098 680 Ὅτι
3121 628 3230 696 γὰρ
3259 627 3355 679 καὶ
3382 626 3718 694 ἀσφαλείας,

2131 720 2224 771 καὶ
2254 717 2401 790 [685]
2416 720 2653 788 εἰρήνης,
2673 717 2764 769 καὶ
2781 714 3098 784 ἀπαλλαγῆς
3117 713 3388 783 πολέμων,
3405 717 3498 766 καὶ
3516 715 3718 767 εὖπαιο

2131 806 2266 870 δίας,
2295 808 2388 860 καὶ⁵
2421 806 2794 868 πολυπαιδίας,
2825 804 2920 857 καὶ
2945 804 3043 873 τῆς
3071 802 3181 854 τῶν
3213 803 3524 870 ἀναγκαίων
3548 804 3722 871 ἀφθοο

2131 894 2250 958 νίας
2264 894 2439 965 πολλῷ
2458 893 2639 964 μεῖζον
2655 893 2824 965 δῶρόν
2837 895 2950 944 ἐστι
2967 891 3028 944 τὸ
3043 891 3204 960 νόμον
3221 889 3425 952 λαῦεῖν,
3440 892 3537 943 καὶ
3552 892 3623 944 τὰ
3637 891 3723 944 δτ-

2133 983 2423 1052 καιῶματα
2469 983 2563 1036 τοῦ
2597 983 2730 1036 Θεοῦ
2794 983 3005 1054 μαθεῖν,
3051 982 3269 1035 πάντων
3313 981 3540 1050 ὕστερον
3586 981 3723 1034 αὐτὸ

2135 1072 2249 1136 θεῖς
2279 1073 2352 1136 ὡς
2382 1073 2675 1142 κεφάλαιον
2717 1072 2809 1124 καὶ
2845 1071 3142 1141 σύνδεσμον
3168 1070 3276 1122 τῶν
3301 1069 3545 1138 ἀγαθῶν,
3573 1072 3722 1142 ἐπήο

2135 1176 2272 1228 γαγε
2289 1160 2479 1228 λέγων·
2504 1162 2625 1213 Οὐκ
2650 1160 2936 1224 ἐποίησεν
2952 1157 3106 1211 οὕτω
3121 1156 3300 1209 παντὶ
3326 1157 3505 1211 ἔθνει.
3530 1157 3721 1221 Οὕτω,

2137 1248 2284 1312 πῶς;
2314 1248 2422 1302 Καὶ
2452 1247 2557 1317 μὴν
2587 1248 2681 1299 καὶ
2695 1247 2974 1315 ἀφθονίας,
2999 1245 3092 1297 καὶ
3115 1245 3222 1296 τῶν
3249 1244 3422 1296 ἄλλων
3455 1245 3560 1297 τῶν
3583 1245 3728 1313 ἀπη-

2138 1333 2488 1405 ριθμημένων
2536 1333 2720 1386 πολλοὶ
2765 1331 3018 1395 πολλάκις
3069 1330 3413 1392 ἀπέλαυσαν,
3470 1330 3611 1383 Ἀλλ’
3657 1331 3726 1383 οὐ

2137 1423 2266 1493 περὶ
2301 1422 2407 1474 τῶν
2445 1421 2854 1492 προειρημένων
2887 1419 3057 1488 λέγω,
3092 1417 3278 1488 φησὶν,
3305 1417 3440 1472 ἀλλά
3470 1419 3601 1489 περὶ
3624 1418 3726 1470 τοῦ

2138 1511 2324 1582 νόμου,
2356 1511 2438 1564 ὅτι
2489 1513 2611 1564 Οὐκ
2659 1510 2950 1576 ἐποίησεν
2995 1509 3148 1562 οὕτω
3189 1507 3367 1561 παντὶ
3400 1507 3579 1562 ἔθνει.
3613 1509 3730 1561 Καὶ

2138 1599 2223 1652 διὰ
2248 1598 2406 1653 τοῦτο
2427 1600 2695 1670 ἐπήγαγε·
2721 1597 2832 1651 Καὶ
2860 1598 2931 1650 τὰ
2955 1597 3205 1666 κρίματα
3227 1594 3415 1649 αὐτοῦ
3452 1597 3564 1650 οὐκ
3589 1593 3730 1660 ἐδή-

2138 1690 2340 1740 λωσεν
2354 1687 2579 1752 αὐτοῖς.
2598 1687 2758 1757 Ὁρᾷς
2782 1685 2897 1748 πῶς
2923 1683 3030 1737 τῶν
3058 1684 3262 1754 ἀπηριθ
3271 1700 3345 1754 μη
3353 1682 3530 1754 μένων
3546 1681 3730 1735 ἀπάνο

2139 1791 2247 1828 των
2269 1773 2494 1843 ἀγαθῶν
2523 1773 2707 1844 μεῖζον
2734 1775 2761 1826 6
2791 1772 2976 1843 νόμος.

2213 1901 2277 1974 β’.
2321 1902 2492 1956 Τοῦτο
2519 1901 2614 1955 καὶ
2657 1901 2926 1972 Ἱερεμίας
2961 1899 3208 1968 ἐνέφηνε·
3239 1898 3366 1962 τοὺς
3388 1897 3498 1970 γὰρ
3519 1900 3578 1952 ἐν
3609 1900 3734 1969 αἰχ-

2145 1991 2392 2062 μαλωσίᾳ
2429 1991 2586 2054 ὄντας
2615 1989 2848 2060 θρηνῶν,
2877 1988 3050 2054 ἔλεγε,
3089 1987 3149 2040 Τί
3174 1986 3264 2040 ὅτι
3303 1987 3374 2039 ἐν
3399 1985 3469 2053 τῇ
3507 1985 3586 2056 τῇ
3615 1986 3735 2040 τῶν

2141 2078 2370 2147 ἐχθρῶν
2398 2074 2452 2130 εί
2464 2094 2481 2140 ;
2531 2076 2650 2142 Τὴν
2676 2075 2880 2145 πηγὴν
2927 2075 3038 2141 τῆς
3064 2075 3288 2142 σοφίας
3316 2073 3710 2142 ἐγκατέλιπες

2142 2167 2232 2220 τὸν
2273 2166 2436 2236 νόμον
2472 2165 2529 2216 λέ
2545 2182 2667 2232 των.
2701 2163 2962 2233 Καθάπερ
3015 2164 3047 2231 ὴ
3089 2162 3239 2232 πηγὴ
3274 2160 3500 2222 πολλοὺς
3525 2177 3739 2213 παντα-

2142 2252 2300 2324 χόθεν
2325 2253 2518 2321 ἀφίησι
2547 2251 2788 2321 ῥύακας,
2824 2249 2966 2302 οὕτω
2998 2249 3092 2301 καὶ
3115 2250 3144 2301 6
3172 2248 3334 2317 νόμος
3364 2246 3566 2309 πολλὰς
3597 2264 3738 2299 παν-

2145 2341 2368 2412 ταχὸθεν
2390 2341 2582 2410 ἀφίησι
2607 2341 2703 2402 τὰς
2734 2338 2972 2401 ἐντολὰς,
3007 2337 3183 2408 ἄρδων
3219 2335 3374 2406 ήμῶν
3406 2336 3506 2406 τὴν
3527 2335 3733 2404 ψυχήν.

2147 2426 2281 2483 Εἶτα
2299 2428 2475 2498 δηλῶν
2504 2428 2564 2480 τὸ
2596 2427 2870 2498 ἐξαίρετον
2898 2426 2998 2496 τῆς
3025 2425 3192 2494 τιμῆς
3213 2425 3312 2493 τῆς
3343 2422 3431 2476 διὰ
3445 2422 3541 2475 τοῦ
3563 2424 3736 2492 νόμου

2146 2518 2468 2588 γενομένης,
2505 2516 2709 2584 ἔλεγεν·
2747 2517 2867 2568 Οὐκ
2897 2514 3175 2581 ἠκούσθη
3205 2513 3274 2565 ὲν
3307 2511 3548 2565 Χαναὰν
3579 2511 3737 2578 αὕτη

2149 2608 2186 2674 τ)
2213 2605 2418 2675 σοφία,
2450 2600 2592 2657 οὐδὲ
2633 2603 2798 2671 ὤφθη
2846 2602 2916 2654 ὲν
2946 2598 3342 2670 Θαιμὰν,οὺδὲ
3371 2599 3489 2652 υἱοὶ
3529 2599 3735 2666 Ἅγαρ,

2148 2696 2203 2747 οι
2239 2693 2504 2761 ἔμποροι,
2529 2691 2624 2744 καὶ
2660 2692 2714 2742 οἱ
2751 2687 3060 2755 ἐκζητηταὶ
3093 2688 3370 2757 ἔγνωσαν
3402 2685 3509 2750 τὰς
3551 2683 3740 2749 ὁδοὺς

2149 2781 2356 2849 αὐτῆς,
2394 2779 2536 2832 οὐδὲ
2561 2775 2958 2846 ἐμνήσθησαν
2980 2774 3098 2829 τῶν
3133 2775 3346 2844 τρίϐων
3386 2771 3598 2840 αὐτῆς.
3625 2772 3743 2825 Καὶ

2149 2869 2362 2931 δεικνὺς
2383 2869 2465 2920 ὅτι
2493 2866 2833 2936 πνευματική
2865 2865 2950 2927 τίς
2979 2863 3205 2916 ἐστικαὶ
3223 2861 3365 2925 θεία,
3405 2862 3501 2925 Τίς
3527 2859 3738 2925 ἀνέϐη,

2151 2961 2336 3030 φησὶν,
2370 2961 2456 3024 εἰς
2478 2958 2584 3010 τὸν
2627 2958 2906 3023 οὐρανὸν,
2948 2957 3047 3008 καὶ
3084 2954 3477 3008 κατεϐίϐασεν
3504 2950 3742 3015 αῠτὴν;

2152 3044 2285 3100 Εἶτα
2322 3048 2622 3116 ἐπήγαγεν
2652 3040 2839 3108 Οὗτος
2879 3045 2910 3094 ό
2939 3040 3085 3105 Θεὸς
3126 3039 3316 3108 ἡμῶν,
3347 3039 3420 3091 οὐ
3444 3033 3744 3104 λογισθή-

2151 3150 2320 3189 σεται
2347 3134 2547 3200 ἓτερος
2574 3131 2724 3198 πρὸς
2770 3129 2974 3182 αὐτόν.
3039 3125 3281 3192 Ἔξεῦρε
3328 3122 3536 3178 πᾶσαν
3592 3120 3765 3175 ὀδύν-

2150 3220 2508 3288 ἐπιστήμης.
2544 3218 2642 3272 καί
2693 3216 2916 3269 ἔδωκεν
2950 3213 3147 3278 αὐτὴν
3194 3211 3404 3267 Ἰακὼϐ
3445 3207 3525 3274 τῷ
3569 3207 3743 3262 παιδί

2151 3309 2362 3371 αὑτοῦ,
2416 3307 2514 3361 καὶ
2559 3303 2798 3372 Ἰσραὴλ
2849 3301 2931 3367 τῷ
2970 3299 3336 3370 ἠγαπημένῳ
3386 3299 3491 3353 ὑπ’
3528 3295 3744 3350 αὐτοῦ.

2154 3399 2253 3451 Διά
2270 3396 2428 3450 τοῦτο
2457 3395 2551 3448 καὶ
2581 3395 2610 3446 6
2639 3391 2800 3445 Δαυὶδ
2855 3390 3062 3457 ἔλεγεν·
3119 3391 3240 3442 Οὐκ
3266 3386 3559 3450 ἐποίησεν
3587 3384 3747 3437 οὕτω

2155 3485 2332 3538 παντὶ
2361 3483 2539 3540 ἔθνει,
2569 3479 2666 3533 καὶ
2699 3479 2770 3530 τὰ
2797 3477 3049 3545 κρίματα
3072 3474 3258 3530 αὑτοῦ
3292 3476 3404 3528 οὐκ
3431 3472 3749 3538 ἐδήλωσεν

2154 3571 2377 3636 αὐτοῖς.
2396 3569 2566 3622 Τοῦτο
2587 3566 2719 3635 γοῦν
2753 3565 2847 3617 καὶ
2880 3562 3092 3626 Παῦλος
3121 3561 3492 3631 αἰνιττόμενος
3509 3560 3744 3630 ἔγραφεο

2161 3661 2222 3713 Τί
2259 3654 2372 3713 οὖν
2396 3656 2462 3709 τὸ
2509 3653 2807 3722 περισσὸν
2836 3651 2943 3706 τοῦ
2997 3648 3321 3712 Ἰουδαίους
3360 3647 3396 3715 ἢ
3422 3647 3514 3713 τίς
3539 3648 3577 3714 ἡ
3604 3642 3750 3714 ὠφέ-

2155 3751 2290 3801 λεια
2333 3743 2433 3810 τῆς
2492 3738 2851 3810 περιτομῆς;
2894 3737 3038 3791 Πολὺ
3097 3735 3239 3789 κατά
3293 3735 3473 3789 πάντα
3517 3734 3741 3806 τρόπον.

2156 3831 2378 3902 Πρῶτον
2407 3830 2505 3899 μὲν
2531 3828 2638 3898 γὰρ
2655 3828 2736 3879 ὅτι
2766 3824 3167 3895 ἐπιστεύθησαν
3187 3822 3258 3876 τά
3284 3823 3443 3890 λόγια
3468 3821 3563 3875 τοῦ
3584 3820 3746 3874 θεοῦ.

2168 3921 2332 3992 Ὁρᾷς
2366 3917 2481 3980 πῶς
2511 3917 2605 3969 καὶ
2631 3911 2784 3978 οὗτος
2816 3915 3125 3986 ἡρμήνευσε
3178 3913 3259 3976 τὸ,
3303 3914 3427 3965 Οὐκ
3451 3911 3754 3979 ἐποίησεν

2157 4009 2309 4062 οὕτω
2336 4005 2515 4060 παντί
2541 4006 2719 4064 ἔθνει,
2747 4005 2845 4056 καὶ
2874 4001 2945 4056 τὰ
2973 4003 3226 4070 κρίματα
3257 3999 3447 4055 αὑτοῦ
3473 4002 3586 4053 οὐκ
3609 3998 3750 4064 ἐδή-

2157 4101 2360 4150 λωσεν
2387 4094 2628 4158 αὑτοῖς;
2671 4093 2733 4145 Εἰ
2779 4091 2886 4162 γὰρ
2933 4091 2994 4144 τὸ
3051 4091 3310 4162 περισσὸν
3345 4088 3440 4142 τοῦ
3485 4087 3750 4141 Ἰουδαίου

2158 4183 2316 4237 τοῦτό
2372 4183 2541 4244 ἐστιν,
2572 4182 2654 4233 ὅτι
2689 4179 2843 4232 αὐτοὶ
2885 4177 3036 4248 μόνοι
3085 4179 3196 4229 τῶν
3235 4176 3410 4232 ἄλλων
3441 4174 3751 4245 ἀνθρώπων

2161 4269 2502 4340 ἐτιμήθησαν
2538 4269 2604 4337 τῇ
2650 4267 2794 4319 δόσει
2848 4266 2942 4318 τοῦ
2999 4263 3248 4334 γραπτοῦ
3294 4263 3484 4334 νόμου,
3516 4263 3618 4315 οὑκ

2164 4356 2344 4428 βαρῶν
2366 4355 2520 4426 ἡμῶν
2557 4355 2655 4422 τὴν
2687 4353 2867 4422 φύσιν,
2907 4351 3045 4404 ἀλλά
3069 4351 3264 4421 τιμῶν,
3299 4350 3392 4402 τὸν
3425 4350 3590 4419 νόμον
3619 4349 3751 4401 ἑδω-

2161 4463 2256 4500 κεν
2282 4447 2311 4498 6
2341 4444 2493 4506 Θεός.
2527 4443 2636 4496 Καὶ
2667 4442 2728 4494 οὐ
2760 4440 2934 4509 τούτῳ
2966 4439 3127 4509 μόνον
3151 4440 3402 4508 ἐτίμησε,
3438 4437 3518 4506 τῷ
3563 4438 3757 4490 δοῦναι

2159 4534 2252 4588 τὸν
2279 4533 2461 4603 νόμον,
2487 4529 2619 4583 ἀλλὰ
2640 4529 2734 4582 καὶ
2765 4527 2844 4598 τῷ
2870 4527 2936 4579 δι’
2959 4525 3152 4579 ἐαυτοῦ
3173 4525 3378 4580 δοῦναιο
3405 4525 3629 4596 καὶγὰρ
3660 4526 3758 4577 καὶ

2162 4621 2320 4674 τοῦτο
2353 4620 2604 4690 μέγιστον
2636 4616 2774 4678 εἶδος
2804 4615 2990 4686 τιμῆς,
3022 4613 3081 4666 τὸ
3113 4613 3189 4684 μὴ
3224 4614 3384 4683 μόνον
3423 4615 3752 4683 παρασχεῖν.

2165 4709 2289 4762 Ὅτι
2310 4708 2419 4780 γὰρ
2453 4706 2594 4777 μέγα
2617 4704 2776 4757 τοῦτό
2810 4707 2926 4757 ἐστι
2957 4704 3018 4754 τὸ
3037 4702 3230 4772 δῶρον,
3267 4702 3504 4756 ἄκουσον
3527 4700 3624 4753 καὶ
3657 4698 3754 4751 τοῦ

2163 4795 2379 4850 Παύλου
2433 4793 2592 4848 τοῦτο
2625 4789 3059 4860 ἐνδεικνυμένου.
3101 4788 3275 4860 Ὁρῶν
3308 4788 3418 4858 γὰρ
3457 4788 3588 4850 τοὺς
3624 4787 3756 4840 Ἰου-

2163 4886 2346 4948 δαίους
2389 4881 2838 4954 πεφυσιωμένους
2892 4879 2950 4932 ἐν
2977 4877 3054 4948 τῷ
3105 4879 3232 4941 τοὺς
3281 4878 3568 4948 προψήτας
3617 4874 3760 4945 πρὸς

2164 4975 2363 5036 αὐτοὺς
2389 4971 2582 5030 ἐλθεῖν,
2617 4969 2710 5021 καὶ
2745 4964 3122 5020 καταστέλλων
3164 4964 3344 5019 αὐτῶν
3376 4963 3439 5017 τὸ
3465 4963 3758 5034 φρόνημα,

2164 5061 2377 5124 δεικνὺς
2407 5059 2489 5111 ὅτι
2520 5053 2763 5128 μείζονος
2811 5055 2972 5126 ἡμεῖς
3003 5051 3402 5124 ἀπηλαύσαμεν
3429 5051 3533 5121 τῆς
3561 5049 3759 5121 τιμῆς,

2164 5148 2225 5201 οὐ
2253 5147 2341 5200 διὰ
2379 5145 2588 5207 δούλου,
2621 5142 2758 5196 ἀλλὰ
2799 5141 2888 5194 διὰ
2935 5140 3206 5194 Δεσπότου
3254 5139 3356 5209 τῆς
3402 5137 3758 5199 διδασκαλίας

2165 5235 2436 5306 τυχόντες,
2465 5230 2663 5286 οὑτωσί
2701 5228 2817 5295 πῶς
2841 5247 2974 5301 φησι
3004 5230 3140 5300 πρὸς
3180 5226 3468 5298 Ἐϐραίους
3499 5222 3768 5296 γράφειν’

2165 5320 2519 5391 Πολυμερῶς
2548 5318 2646 5372 καὶ
2671 5317 3061 5385 πολυτρόπως
3093 5313 3282 5369 πάλαι
3312 5316 3346 5368 ό
3381 5316 3530 5379 Θεὸς
3557 5311 3756 5379 λαλή-

2165 5427 2280 5477 σας
2304 5409 2425 5476 τοῖς
2444 5408 2740 5476 πατράσιν
2760 5405 2948 5474 ἡμῶν,
2975 5405 3070 5460 ὲπῖ
3083 5403 3360 5472 ἐσχάτων
3379 5401 3500 5457 τῶν
3516 5401 3760 5472 ἡμερῶν

2165 5499 2473 5565 ἐλάλησεν
2505 5497 2643 5564 ἡμῖν
2673 5497 2742 5549 ἑν
2767 5493 2895 5559 Fid}.
2931 5493 3040 5547 Καὶ
3066 5492 3226 5546 πάλιν
3254 5491 3510 5561 ἀλλαχοῦ·
3549 5493 3633 5544 οὐ
3645 5491 3760 5558 μό-

2166 5603 2277 5641 νον
2301 5585 2388 5647 δὲ,
2413 5583 2575 5640 ἀλλὰ
2615 5582 2714 5636 καί
2765 5580 3134 5650 καυχώμενοι
3167 5580 3237 5646 ἐν
3264 5577 3344 5643 τῷ
3370 5576 3492 5642 Θεῷ
3522 5575 3622 5631 διὰ
3648 5576 3759 5629 τοῦ

2169 5678 2390 5746 Κυρίου
2410 5673 2576 5743 ἡμῶν
2589 5672 2793 5740 Ἰησοῦ
2811 5670 3090 5740 Χριστοῦ,
3107 5670 3182 5722 δι’
3196 5665 3268 5724 οὗ
3293 5669 3392 5722 καὶ
3413 5667 3528 5735 τὴν
3543 5670 3761 5720 κατα-1·

2168 5764 2364 5836 λαγῖιν
2377 5751 2978 5836 [686-6871ἑλάϐομεν.
2996 5759 3161 5832 Ὁρᾷς
3178 5757 3338 5810 αὑτὸν
3348 5756 3449 5808 οὐκ
3467 5754 3562 5809 ἐπὶ
3579 5757 3645 5826 τῇ
3664 5771 3764 5808 καί
