4028 6360
251 384 359 440 617

252 499 462 556 facilius
492 514 554 555 ac
582 497 866 554 dilucidius
891 512 1008 569 qua
1031 496 1261 553 audietis
1301 495 1576 567 percipere
1603 492 1842 564 possitis,

250 608 437 647 eorum
465 606 586 662 quae
612 591 763 645 vobis
794 594 1046 646 hesterno
1070 590 1159 645 die
1188 590 1331 645 dicta
1371 598 1496 643 sunt
1524 588 1840 641 mermoriam

251 684 435 753 paucis
460 682 850 738 refricabimns.
887 682 1002 737 Dixi
1030 681 1326 746 hominem,
1365 689 1651 750 antequam
1675 677 1743 732 de
1770 678 1841 733 li-

248 792 355 845 gno
408 775 738 841 comederet,
771 774 970 831 bonum
1018 790 1081 829 ac
1129 775 1326 829 malum
1376 774 1612 838 novisse,
1667 786 1842 841 neque

250 879 533 938 postquam
570 876 859 939 gustasset,
892 867 1027 921 hanc
1068 867 1213 920 illum
1261 864 1539 921 scientiam
1586 863 1840 933 adeptum

246 975 389 1014 esse.
422 960 561 1025 Dixi,
592 975 758 1029 quare
803 959 1004 1029 lignum
1035 959 1271 1013 scientiae
1296 957 1423 1013 boni
1449 965 1503 1011 et
1547 956 1670 1011 mali
1696 954 1843 1010 dicc-

246 1062 420 1113 retur,
452 1059 509 1105 et
546 1066 652 1121 quo
679 1060 832 1120 pacto
857 1051 1028 1106 soleat
1052 1051 1347 1121 Scriptura,
1378 1060 1658 1120 postquam
1699 1048 1839 1104 circa

247 1151 466 1213 tempus
509 1143 721 1214 aliquod
765 1143 1009 1198 locumve
1050 1158 1135 1198 res
1181 1142 1442 1213 qumpiam
1468 1141 1727 1207 evenerit,
1773 1140 1841 1194 ab

248 1236 339 1290 illa
391 1253 452 1291 re
501 1235 718 1291 ductum
763 1236 882 1291 loco
919 1235 1004 1290 vel
1052 1237 1277 1303 tempori
1327 1249 1521 1289 nomen
1561 1233 1838 1287 tribuere:

248 1342 433 1394 opera:
472 1329 698 1397 pretium
745 1326 903 1383 hodie
932 1327 1094 1381 fuerit
1138 1328 1309 1397 ipsum
1352 1326 1661 1381 mandatum
1706 1327 1845 1380 reci-

249 1424 385 1481 tare,
419 1418 571 1486 cujus
601 1418 897 1472 interventu
941 1417 1150 1472 arboris
1181 1417 1325 1473 illius
1375 1427 1457 1472 est
1485 1432 1610 1473 esus
1656 1416 1843 1488 prohi-

250 1508 419 1563 bitus.
446 1509 723 1576 Quodnam
747 1509 905 1580 igitur
930 1509 1057 1564 illud
1085 1510 1209 1565 est?
1238 1508 1305 1563 Et
1332 1510 1567 1580 prwcepit
1595 1508 1842 1564 Dominus

249 1598 392 1655 Deus
412 1601 576 1654 Adam
600 1601 772 1655 dicens
803 1618 821 1655 :
852 1600 937 1657 Ea:
954 1602 1092 1655 omni
1117 1602 1255 1672 ligno
1278 1602 1413 1672 quod
1441 1611 1514 1656 est
1533 1602 1587 1655 in
1603 1602 1842 1673 paradiso

250 1709 368 1747 esca
415 1693 645 1748 comedes
685 1692 837 1763 (Gen.
891 1694 946 1748 2.
989 1694 1104 1766 16).
1155 1694 1339 1749 Divina
1390 1694 1479 1749 lex
1522 1703 1626 1761 est,
1654 1710 1839 1749 verum

248 1783 609 1840 attendamus.
640 1785 694 1841 Si
723 1784 864 1840 enim
911 1784 1155 1841 homines
1201 1785 1328 1840 dum
1367 1787 1543 1857 regias
1572 1787 1750 1857 legunt
1781 1787 1846 1841 li-

247 1883 419 1942 teras,
446 1875 752 1931 universum
782 1884 1145 1946 spectatorum
1172 1888 1370 1932 cretum
1394 1877 1583 1947 jubent
1618 1892 1844 1932 consur-

246 1980 380 2035 gere
413 1987 427 2022 :
458 1965 623 2020 multo
664 1966 835 2038 magis
883 1982 979 2023 nos
1007 1969 1096 2038 qui
1142 1983 1251 2023 non
1282 1968 1579 2034 hominum,
1608 1968 1701 2024 sed
1747 1970 1839 2024 Dci

248 2057 402 2128 leges
440 2059 633 2115 lecturi
672 2075 878 2127 sumus,
922 2061 1130 2117 animos
1169 2070 1380 2132 oportet
1405 2061 1635 2134 erigere,
1682 2072 1842 2133 atque

247 2150 317 2205 iis
341 2166 463 2220 qua:
487 2150 737 2206 dicuntur
764 2152 1063 2209 attendere.

321 2242 404 2296 An
430 2241 515 2296 lea:
541 2245 606 2296 sit
633 2259 788 2297 causa
810 2243 1019 2314 peccati.
1047 2274 1118 2284 —
1141 2242 1266 2301 Scio
1296 2244 1581 2299 nonnullos
1604 2243 1845 2315 Legisla-

247 2339 424 2387 torem
453 2347 730 2399 accusare,
760 2349 824 2390 ac
853 2335 1021 2406 legem
1044 2350 1259 2391 causam
1289 2335 1469 2405 lapsus
1492 2351 1612 2392 esse
1639 2336 1840 2392 dicere.

246 2425 530 2482 Adversus
557 2426 659 2481 hoc
686 2427 847 2498 igitur
870 2429 1098 2499 primum
1137 2427 1446 2483 certandum
1471 2438 1573 2494 est,
1598 2443 1662 2482 ac
1680 2428 1843 2485 rebus

250 2518 389 2588 ipsis
414 2519 827 2584 ostendendum,
847 2535 958 2574 non
986 2520 1127 2590 quod
1159 2519 1430 2575 hominem
1451 2520 1575 2574 odio
1596 2519 1838 2588 haberet,

246 2620 345 2665 aut
389 2621 635 2667 naturam
671 2621 909 2667 nostram
949 2612 1235 2683 ignominia
1280 2622 1468 2668 notare
1515 2612 1699 2679 vellet,
1745 2612 1841 2668 sed

251 2701 400 2771 quod
428 2712 633 2757 amaret
675 2703 895 2773 ejusque
922 2719 1104 2759 curam
1130 2713 1359 2774 gereret,
1394 2704 1564 2774 legem
1604 2704 1839 2760 dedisse.

248 2792 322 2849 Ut
349 2795 497 2848 enim
524 2795 704 2850 discas
732 2796 785 2849 in
831 2794 1127 2850 subsidium
1151 2794 1306 2850 nobis
1334 2810 1451 2849 eam
1481 2795 1659 2850 datam
1699 2811 1862 2865 esse,

244 2885 374 2939 audi
400 2885 528 2956 quid
558 2886 702 2941 dicat
730 2885 890 2942 Isaias
920 2908 935 2943 :
962 2886 1146 2957 Legem
1172 2887 1304 2941 enim
1322 2886 1378 2941 in
1415 2888 1663 2941 auxilium
1705 2888 1843 2943 dedit

248 2976 407 3047 (Isai.
438 2977 493 3033 8.
520 2977 636 3049 20).
678 2979 749 3032 At
776 2977 869 3049 qui
896 2978 1024 3033 odio
1068 2980 1426 3049 prosequitur,
1456 2993 1563 3033 non
1603 2980 1704 3034 fert
1747 2996 1848 3034 au-

246 3069 458 3123 xilium.
494 3071 699 3125 Rursus
744 3069 1067 3126 vociferatur
1094 3071 1353 3142 propheta
1385 3090 1398 3125 :
1429 3070 1662 3126 Lucerna
1698 3074 1843 3144 pedi-

248 3158 343 3214 bus
388 3161 510 3215 meis
549 3162 753 3215 uerbum
801 3170 962 3229 tuum,
995 3170 1042 3216 et
1089 3162 1257 3217 lumen
1281 3162 1469 3217 semitis
1506 3163 1629 3218 meis
1667 3164 1840 3235 (I’sal.

249 3255 377 3309 118.
410 3254 559 3324 105).
595 3257 661 3308 At
682 3255 772 3324 qui
804 3254 931 3309 odio
953 3255 1312 3325 prosequitur,
1342 3255 1591 3311 tenebras
1631 3257 1843 3312 lucerna

249 3361 361 3401 non
401 3345 637 3409 discutit,
668 3360 770 3401 nec
807 3354 1076 3400 errantem
1107 3358 1229 3400 cum
1274 3346 1395 3401 luce
1422 3346 1656 3401 deducit.
1690 3346 1843 3403 Salo.

250 3450 378 3489 mon
404 3451 625 3489 rursus:
656 3434 885 3489 Lucerna
908 3435 1203 3489 mandatum
1231 3436 1384 3507 legis,
1414 3445 1464 3491 et
1491 3438 1582 3491 tua:
1599 3479 1613 3502 ,
1638 3450 1684 3492 et
1702 3439 1803 3491 vita
1825 3479 1841 3505 ,

247 3537 298 3580 et
339 3527 621 3597 correptio,
671 3538 719 3581 et
761 3527 1030 3596 disciplina
1074 3525 1255 3594 (Prov.
1291 3528 1347 3582 6.
1371 3528 1490 3599 23).
1547 3529 1685 3584 Ecce
1739 3545 1844 3583 non

249 3618 511 3673 auxilium
561 3618 736 3673 solum
763 3659 778 3685 ,
812 3633 909 3673 nec
940 3618 1153 3673 lucerna
1181 3618 1354 3672 solum
1377 3659 1392 3685 ,
1425 3618 1519 3674 sed
1550 3629 1604 3674 et
1630 3620 1718 3674 lux
1763 3630 1847 3675 est

249 3721 308 3766 et
334 3710 442 3763 vita
468 3727 481 3763 :
515 3709 629 3764 haec
673 3724 833 3779 porro
863 3725 969 3764 non
999 3718 1123 3764 sunt
1149 3708 1275 3764 odio
1306 3710 1678 3780 prosequentis
1698 3751 1713 3776 ,
1748 3726 1844 3766 nc-

246 3816 357 3870 que
386 3800 611 3870 perdere
638 3800 864 3855 volentis
885 3842 900 3867 ,
941 3799 1036 3856 sed
1062 3815 1277 3855 manum
1307 3802 1629 3871 porrigentis
1655 3811 1708 3856 et
1737 3803 1845 3855 eri-

252 3891 453 3961 gentis.
484 3891 611 3946 Ideo
638 3890 833 3947 Paulus
861 3906 1073 3962 quoque
1115 3892 1242 3946 dum
1275 3892 1327 3946 in
1369 3891 1609 3947 Judaeum
1640 3892 1848 3949 invehi-

254 3994 377 4051 tur,
418 3993 473 4040 et
497 3993 748 4055 quantam
780 3986 863 4040 lex
908 3986 1168 4040 invexerit
1212 3985 1527 4052 utilitatem,
1576 3985 1843 4053 ostendit,

255 4090 485 4146 eamque
526 4092 631 4131 non
655 4091 877 4147 gravare
906 4086 1146 4130 naturam
1170 4085 1405 4131 nostram
1425 4117 1439 4143 ,
1469 4077 1562 4132 sed
1590 4074 1811 4131 reficere
1829 4116 1845 4141 ,

255 4169 507 4225 dicebat:
541 4167 674 4223 Ecce
701 4180 753 4222 tu
777 4167 994 4223 Judwus
1038 4170 1447 4240 cognominaris,
1492 4178 1540 4223 et
1576 4168 1849 4239 requiescis

256 4261 309 4313 in
337 4260 448 4331 lege
477 4257 654 4332 (Rom.
674 4258 728 4311 ‘2.
754 4258 864 4329 17).
901 4258 1063 4313 Vides
1106 4274 1213 4312 non
1244 4269 1301 4313 ut
1333 4268 1573 4313 naturam
1614 4268 1849 4313 nostram

256 4358 539 4422 gravaret,
592 4349 684 4405 sed
724 4358 781 4403 nt
839 4365 958 4404 eam
996 4360 1307 4414 recrearet,
1350 4350 1515 4405 Deunt
1545 4351 1717 4421 legem
1756 4351 1853 4407 de-

255 4443 448 4499 disse?
476 4441 637 4496 Visne
686 4441 891 4498 discere
911 4482 927 4508 ,
962 4442 1013 4495 id
1040 4443 1198 4496 etiam
1228 4442 1375 4496 illum
1402 4443 1575 4512 egisse
1594 4482 1613 4510 ,
1644 4452 1701 4497 ut
1750 4443 1850 4497 ho-

257 4549 449 4589 norem
476 4532 753 4589 deferrct?
782 4532 911 4589 Nam
939 4543 1180 4603 potet-ant
1208 4542 1263 4588 et
1292 4534 1389 4589 ista
1417 4535 1546 4589 satis
1571 4535 1854 4592 ostendere

256 4636 312 4681 et
335 4627 594 4681 honorem
623 4627 857 4682 delatum
878 4668 894 4694 ,
926 4639 981 4682 et
1009 4642 1191 4682 curam
1235 4628 1569 4698 impensam:
1607 4629 1701 4684 sed
1751 4630 1853 4687 hoc

258 4719 439 4793 ipsum
466 4718 583 4773 aliis
602 4718 850 4773 adhibitis
877 4719 1191 4774 testimoniis
1208 4719 1604 4775 demonstrabo.
1633 4721 1814 4776 Lauda
1834 4765 1852 4792 ,

257 4812 455 4882 inquit,
476 4810 759 4866 Jerusalem
780 4853 797 4878 ,
821 4811 1125 4873 Dominum;
1142 4813 1297 4866 lauda
1312 4813 1470 4867 Deum
1488 4823 1629 4868 tuum
1651 4858 1667 4884 ,
1691 4816 1855 4871 Sion:

258 4905 503 4974 quoniam
541 4904 860 4972 conﬁrmavit
909 4914 1067 4957 vectes
1112 4914 1369 4973 portarum
1416 4915 1647 4967 tuarum,
1705 4907 1855 4961 benc-

259 4997 391 5051 ἀίει-ξι
412 4996 535 5064 ﬁliis
555 4997 650 5049 tuis
672 4996 829 5050 inte:
852 4996 938 5066 qui
962 4996 1102 5066 ponit
1123 4996 1246 5063 ﬁnes
1271 5013 1388 5050 suos
1412 5014 1619 5068 pacem,
1643 5009 1687 5052 et
1708 4999 1860 5069 adipe

261 5087 509 5160 frumenti
531 5089 682 5141 satiat
704 5088 788 5156 te(
820 5085 962 5140 Psal.
992 5087 1113 5140 H7.
1156 5085 1224 5140 12
1246 5118 1269 5127 -
1295 5088 1412 5158 14).
1465 5090 1664 5144 Deinde
1712 5101 1857 5159 pust-

259 5193 427 5249 quam
456 5178 557 5232 alia
584 5179 717 5232 dixit
745 5178 999 5233 beneficia
1030 5194 1123 5249 per
1161 5179 1295 5233 alias
1323 5192 1601 5235 creaturas
1629 5183 1818 5236 collata
1840 5225 1855 5249 ,

262 5269 545 5338 sultjunxit
584 5270 905 5340 praecipuum
945 5281 999 5324 et
1049 5271 1257 5324 eteteris
1299 5275 1499 5340 majus,
1555 5273 1639 5327 Itis
1682 5276 1859 5328 verbis

263 5372 463 5417 utens:
498 5362 597 5429 Qui
618 5364 887 5415 annuntiat
909 5360 1492 5430 verbuntsuumlacob,
1541 5366 1862 5437 iustiﬁcatio-

264 5470 356 5507 nes
376 5464 423 5506 et
433 5454 639 5523 judicia
662 5471 756 5507 sua
784 5452 966 5508 Israel.
996 5452 1117 5507 Non
1146 5454 1263 5526 fecit
1292 5454 1457 5507 taliter
1477 5458 1612 5509 onmi
1633 5459 1824 5511 nationi
1844 5501 1859 5524 ,

265 5556 313 5601 et
327 5547 534 5621 judicia
573 5564 667 5602 sua
720 5564 822 5601 non
873 5549 1209 5618 manifestavit
1251 5549 1320 5601 eis
1360 5546 1522 5616 (Ibid.
1545 5566 1591 5602 υ.
1619 5550 1707 5605 19.
1742 5552 1863 5622 20).

269 5640 409 5695 Vide
450 5656 610 5711 quam
657 5642 819 5695 multa
849 5640 1178 5695 euumemrit
1228 5640 1389 5695 bona.
1415 5640 1572 5695 Urbis
1601 5643 1860 5698 securita-

268 5740 380 5787 tem
412 5751 429 5788 :
469 5732 795 5799 Conﬁrmavit
821 5733 961 5787 enim
980 5770 996 5797 ,
1028 5730 1231 5801 inquit,
1262 5741 1421 5785 vectes
1453 5741 1711 5802 portarum
1751 5745 1864 5787 tua-

270 5817 700 5884 rnntﬂieliorum
745 5816 1148 5887 depulsionem:
1186 5815 1284 5885 Qui
1304 5815 1443 5887 ponit
1468 5816 1861 5889 cnim,iuquit,

1505 381 1572 437 IN
1611 372 1910 435 GENESlM
1936 372 2178 428 SERMO
2210 372 2342 430 Vlll.

3448 377 3555 433 ets

1952 487 2078 557 ﬁnes
2107 496 2221 541 tuos
2254 504 2430 557 pacem
2452 504 2472 541 :
2495 489 2790 546 ubertatem
2836 505 3070 547 annonae
3107 508 3122 546 :
3151 491 3220 546 Et
3242 493 3395 563 adipe
3449 499 3559 561 [rn-

1947 583 2102 635 menti
2142 584 2292 637 satiat
2335 593 2401 637 te.
2444 584 2692 640 Attamen
2742 586 2826 640 his
2873 588 3122 641 omnibus
3167 590 3552 660 pretiosiorem

1949 674 2079 746 legis
2127 675 2468 732 donationem
2523 692 2643 732 esse
2677 678 2986 733 declaravit.
3020 679 3150 734 Nam
3197 682 3447 751 quoniam
3505 693 3558 734 et

1946 768 2233 824 securitate
2260 780 2314 824 et
2335 785 2462 839 pace
2480 811 2496 835 ,
2525 782 2579 825 et
2599 770 2911 841 depulsione
2941 772 3238 841 bellorum,
3267 783 3322 829 et
3345 775 3552 829 libern-

1946 874 2066 913 rnm
2096 859 2417 915 fecunditate
2457 876 2521 915 ac
2563 862 2900 917 multitudine
2919 904 2934 928 ,
2959 875 3117 934 atque
3141 880 3367 919 annonm
3391 867 3553 919 nher-

1948 957 2055 1004 tate
2084 951 2253 1005 multo
2283 952 2452 1021 majus
2495 962 2578 1007 est
2604 953 2803 1007 donum
2840 954 3009 1023 legem
3042 958 3342 1027 accepisse,
3366 974 3428 1013 ac
3450 957 3541 1015 Del

1941 1040 2345 1109 justificationes
2387 1042 2673 1108 didicisse,
2713 1059 2834 1098 cum
2880 1047 3007 1101 illud
3054 1049 3291 1102 omnium
3339 1063 3539 1119 pnstre

1949 1149 2094 1187 mum
2137 1144 2404 1205 tamquam
2432 1146 2591 1205 caput
2632 1146 2686 1192 et
2713 1139 3015 1209 congeriem
3067 1140 3325 1195 bonorum
3373 1144 3544 1196 collo-

1946 1236 2149 1295 casset,
2190 1229 2388 1297 adjecit
2412 1229 2596 1284 dicens
2622 1248 2636 1285 :
2668 1229 2785 1284 Non
2809 1232 2926 1301 fecit
2970 1233 3137 1286 taliter
3161 1236 3295 1286 omni
3325 1236 3543 1291 nationi.

1947 1316 2175 1383 Taliter,
2226 1336 2331 1389 quo
2386 1321 2577 1390 pacto?
2606 1322 2765 1391 Atqui
2795 1338 3024 1378 annonae
3069 1326 3343 1391 ubertate,
3381 1335 3553 1396 atque

1946 1409 2086 1475 aliis,
2114 1427 2232 1480 qua:
2261 1420 2387 1465 sunt
2409 1422 2719 1468 enumerata
2739 1454 2755 1478 ,
2786 1414 2938 1468 multi
2968 1415 3163 1485 surpius
3192 1417 3343 1486 potiti
3374 1426 3499 1472 sunt
3524 1436 3537 1473 :

1947 1513 2313 1558 verumtamen
2342 1505 2410 1560 de
2439 1505 2541 1559 illis
2566 1521 2686 1576 qua:
2712 1506 2851 1562 dicta
2882 1518 3004 1562 sunt
3035 1524 3140 1563 non
3188 1512 3405 1580 loquor,
3454 1512 3542 1566 in-

1947 1594 2095 1663 quit,
2123 1595 2217 1649 sed
2248 1597 2315 1649 de
2344 1596 2459 1666 lege
2479 1639 2494 1663 ,
2518 1598 2660 1668 quod
2685 1599 2832 1654 omni
2853 1600 3053 1654 nationi
3085 1601 3164 1655 sic
3193 1618 3299 1656 non
3334 1602 3543 1663 fecerit.

1948 1687 2236 1757 Propterea
2257 1690 2567 1759 subjunxit:
2599 1690 2666 1745 Et
2699 1692 2901 1762 judicia
2926 1711 3018 1748 sua
3050 1711 3153 1748 non
3201 1698 3545 1768 manifestacit

1945 1779 2037 1833 eis.
2063 1778 2224 1835 Vides
2257 1784 2491 1837 omnium
2516 1782 2778 1839 bonorum
2803 1800 2922 1854 qua:
2946 1796 3071 1840 sunt
3094 1798 3401 1843 enumerata
3430 1805 3545 1844 ma-

1945 1870 2145 1924 ximum
2193 1886 2313 1927 esse
2355 1872 2545 1943 legem.

2015 1962 2071 2016 2.
2108 1964 2221 2019 Hoc
2269 1965 2428 2020 etiam
2473 1966 2734 2023 Jeremias
2763 1968 3045 2024 indicavit:
3097 1971 3223 2025 dum
3263 1972 3406 2027 enim
3446 1988 3543 2029 eos

1946 2055 2035 2125 qui
2057 2056 2110 2109 in
2136 2058 2439 2126 captivitate
2459 2060 2808 2115 versabantur
2828 2062 3031 2132 lugeret
3054 2106 3069 2129 ,
3092 2063 3336 2119 diccbat:
3364 2066 3502 2133 Quid
3519 2106 3537 2133 ,

1945 2149 2083 2217 quod
2103 2150 2157 2202 in
2181 2158 2315 2204 terra
2340 2152 2657 2206 inimicorum
2677 2171 2728 2207 es
2743 2155 2769 2208 ?
2795 2155 3113 2225 Dereliquisti
3137 2162 3325 2227 fontem
3340 2160 3542 2230 sapien-

1946 2238 2031 2293 tia:
2067 2238 2313 2309 (Baruch.
2347 2244 2399 2297 5.
2433 2243 2523 2298 10.
2568 2244 2658 2314 12)
2697 2263 2711 2299 :
2745 2246 2908 2315 legem
2944 2247 3014 2300 ita
3045 2262 3260 2302 vocans.
3307 2248 3375 2304 Ut
3399 2250 3541 2304 enim

1948 2330 2065 2385 fons
2086 2334 2278 2389 multos
2300 2335 2532 2407 undique
2557 2337 2704 2392 rivos
2724 2341 2916 2394 emittit
2940 2381 2956 2405 ,
2977 2341 3053 2395 sic
3074 2343 3231 2396 etiam
3266 2343 3352 2397 lex
3376 2345 3541 2398 multa

1946 2422 2179 2494 undique
2226 2424 2473 2480 mandata
2502 2428 2810 2496 profundit,
2832 2430 3025 2500 quibus
3048 2430 3279 2486 animam
3303 2444 3540 2489 nostram

1946 2512 2150 2583 irrigat.
2180 2515 2384 2572 Deinde
2411 2518 2736 2588 praecipuum
2766 2519 2933 2576 decus
2986 2522 3239 2589 honoris,
3272 2526 3357 2595 qni
3390 2527 3543 2581 nobis

1946 2618 1976 2657 a
2007 2604 2123 2673 lege
2146 2605 2418 2674 defertur,
2445 2610 2734 2665 ostendens
2760 2610 2974 2668 aiebat:
3023 2613 3147 2667 Non
3179 2626 3250 2668 est
3274 2618 3449 2671 audita
3491 2622 3551 2675 in.

1948 2694 2191 2749 Chanaan
2242 2698 2349 2752 lucc
2391 2700 2676 2769 sapientia,
2724 2718 2886 2771 neque
2934 2705 3040 2757 visa
3065 2715 3137 2760 est
3166 2707 3218 2759 in
3260 2706 3538 2776 Tltwman,

1947 2803 2103 2858 neque
2150 2788 2247 2857 ﬁlii
2272 2790 2409 2861 Agar
2435 2802 2734 2846 mercatores
2753 2834 2768 2858 ,
2798 2803 2845 2846 et
2887 2796 3211 2865 exquisitores
3261 2800 3392 2852 viam
3436 2802 3546 2873 ejus

1947 2888 2189 2933 not-erunt
2206 2920 2221 2945 ,
2244 2897 2402 2952 neque
2429 2883 2718 2937 semitarum
2745 2885 2856 2954 ejus
2884 2897 2998 2940 sunt
3029 2889 3279 2942 recordati
3303 2889 3462 2963 (Ibid.
3492 2910 3541 2946 ν.

1946 2969 2035 3024 22.
2063 2968 2179 3043 25).
2208 2974 2382 3041 Atque
2404 2983 2459 3026 ut
2488 2973 2780 3043 Spiritalem
2812 2991 2875 3031 ac
2903 2977 3135 3033 divinam
3164 2995 3283 3035 esse
3308 2982 3541 3038 demou-

1948 3071 2143 3120 straret
2166 3104 2181 3129 ,
2214 3064 2342 3131 Quis
2383 3066 2610 3120 ascendit
2635 3107 2651 3134 ,
2683 3068 2884 3138 inquit,
2912 3070 2964 3124 in
2992 3072 3170 3125 caelum
3200 3114 3217 3138 ,
3258 3087 3303 3128 et
3334 3074 3544 3130 deduxit

1948 3154 2093 3208 illam
2113 3153 2273 3224 (Ibid.
2297 3172 2344 3209 υ.
2364 3157 2493 3226 29)?
2514 3157 2646 3212 Tum
2670 3159 2910 3229 adjunxit
2932 3178 2946 3213 :
2972 3160 3073 3214 Hic
3102 3174 3176 3217 est
3196 3163 3335 3219 Deus
3346 3176 3543 3232 noster,.

1948 3261 2048 3299 non
2069 3246 2398 3301 cstimabitur
2417 3250 2549 3303 alius
2572 3250 2640 3303 ad
2682 3267 2815 3304 eum.
2870 3252 3137 3307 Adinvenit
3175 3272 3371 3310 onmem
3413 3260 3545 3315 viam

1948 3337 2170 3391 scientia:
2196 3346 2244 3392 et
2274 3339 2413 3392 dedit
2433 3355 2542 3393 eam
2569 3338 2732 3395 Iacob
2760 3358 2917 3412 puero
2938 3361 3028 3398 suo
3046 3386 3062 3412 ,
3093 3355 3138 3399 et
3170 3344 3335 3403 Israel
3356 3350 3540 3405 dilecto

1949 3443 2042 3480 suo
2070 3426 2230 3500 (Ibid.
2261 3445 2308 3483 υ.
2335 3429 2423 3486 36.
2449 3431 2565 3500 57).
2600 3431 2885 3502 Propterea
2909 3435 3120 3490 dicebat
3145 3439 3305 3493 etiam
3336 3441 3499 3497 David
3524 3462 3539 3497 :

1952 3519 2075 3575 Non
2110 3524 2225 3593 fecit
2253 3524 2419 3576 taliter
2444 3527 2581 3579 omni
2602 3527 2829 3594 nationi,
2857 3539 2902 3581 et
2914 3530 3117 3598 judicia
3142 3548 3236 3585 sua
3256 3550 3357 3587 non
3378 3537 3545 3589 mani-

1952 3615 2150 3684 festavit
2172 3616 2241 3668 eis
2259 3614 2431 3684 (Psal.
2466 3617 2585 3671 H7.
2614 3616 2731 3688 20).
2759 3618 2870 3673 Hoc
2887 3622 3135 3675 nimirum
3159 3631 3213 3677 et
3241 3624 3438 3680 Paulus
3464 3627 3548 3682 in-

1951 3719 2123 3759 nuens
2150 3706 2457 3762 scribebat:
2502 3708 2637 3775 Quid
2662 3726 2779 3781 ergo
2822 3714 3041 3780 amplius
3086 3713 3273 3769 Judceo
3306 3718 3412 3771 est?
3456 3729 3548 3773 aut

1950 3803 2067 3861 qua:
2107 3792 2300 3845 utilitas
2345 3793 2739 3849 circumcisionis
2765 3796 2943 3865 (Rom.
2975 3799 3028 3853 5.
3064 3801 3159 3876 1).?
3202 3801 3423 3857 Multum
3450 3821 3551 3875 per

1952 3896 2165 3936 omnem
2188 3882 2423 3937 modum.
2447 3884 2682 3940 Primum
2701 3888 2911 3957 quidem
2930 3892 3179 3959 quoniam
3197 3894 3397 3951 credita
3417 3907 3545 3954 sunt

1953 3971 2055 4025 illis
2079 3973 2286 4041 eloquia
2310 3973 2420 4028 Dei.
2452 3973 2613 4030 Vides
2633 3993 2737 4046 quo
2759 3962 2914 4047 pacto
2942 3978 3026 4035 hic
3050 3981 3211 4037 etiam
3238 3991 3548 4055 exposuerit

1954 4064 2082 4120 illud
2101 4105 2117 4131 ,
2142 4065 2263 4120 Non
2285 4068 2403 4137 fecit
2426 4067 2594 4122 taliter
2629 4072 2766 4124 omni
2788 4074 2980 4127 nationi
3003 4116 3019 4137 ,
3051 4086 3097 4128 et
3110 4076 3315 4145 judicia
3334 4096 3424 4133 sua
3446 4098 3550 4136 non

1954 4157 2290 4227 manifeslavit
2311 4160 2416 4213 eis?
2443 4158 2499 4214 Si
2526 4161 2669 4215 enim
2708 4162 2809 4217 hoc
2834 4165 2961 4220 illud
2988 4178 3070 4221 est
3101 4169 3327 4238 amplius
3362 4171 3551 4228 Judan

1955 4250 2097 4320 quod
2119 4250 2193 4305 illi
2244 4251 2343 4306 soli
2360 4269 2424 4307 ex
2452 4254 2569 4308 aliis
2592 4253 2897 4313 hominibus
2919 4259 3050 4328 legis
3069 4261 3280 4331 scripta:
3305 4264 3553 4321 donatio-

1956 4357 2023 4395 ne
2040 4352 2162 4396 sunt
2188 4343 2428 4397 honorati
2452 4385 2469 4411 ,
2498 4360 2602 4400 non
2626 4348 2786 4417 igitur
2807 4360 2864 4402 ιιι
2890 4359 3133 4405 naturam
3160 4366 3395 4409 nostram
3427 4373 3552 4427 gra-

1954 4444 2137 4497 varet,
2167 4435 2260 4490 sed
2301 4446 2358 4489 ut
2402 4436 2605 4492 honore
2651 4437 2918 4508 alliceret,
2971 4442 3116 4497 dedit
3166 4449 3339 4517 legem
3386 4448 3549 4506 Deus.

1955 4524 2139 4595 Neque
2166 4526 2267 4580 hoc
2289 4535 2490 4582 tantum
2523 4528 2726 4585 honore
2764 4532 2970 4599 aﬂecit,
2999 4537 3139 4605 quod
3168 4538 3337 4609 legem
3363 4540 3508 4596 dedit
3536 4583 3553 4608 ,
3633 4589 3641 4598 .

1957 4615 2053 4670 scd
2083 4616 2241 4671 etiam
2270 4619 2409 4688 quod
2460 4635 2555 4689 per
2586 4623 2819 4690 seipsum
2846 4624 3030 4680 dedit:
3076 4628 3178 4684 hoc
3213 4632 3356 4685 enim
3383 4648 3556 4702 genus

1960 4705 2177 4762 honoris
2203 4718 2284 4762 est
2306 4713 2593 4766 maximum
2627 4715 2767 4784 quod
2797 4731 2901 4770 non
2928 4718 3098 4772 solum
3123 4720 3261 4775 bona
3307 4724 3555 4793 praebuer-

1960 4799 2063 4864 rit,
2099 4799 2190 4854 sed
2223 4816 2318 4870 per
2343 4803 2576 4871 seipsum
2609 4805 2914 4873 przehuerit.
2945 4808 3057 4864 Hoc
3082 4811 3278 4881 quippe
3305 4830 3554 4884 maguum

1962 4908 2084 4947 esse
2127 4893 2360 4960 donum,
2414 4895 2535 4949 audi
2578 4900 2846 4967 quomodo
2888 4900 3083 4956 Paulus
3108 4905 3372 4960 ostendat.
3418 4907 3554 4964 Cum

1963 4985 2104 5039 enim
2127 4985 2337 5041 inflatos
2367 5001 2486 5041 esse
2514 4988 2728 5044 luda'os
2758 5004 3032 5061 cerneret,
3054 4994 3196 5064 quod
3221 4996 3287 5050 ad
3309 5012 3402 5051 cos
3425 5013 3554 5067 pro-

1967 5078 2141 5148 pheta:
2180 5080 2483 5142 venissent,
2527 5092 2584 5134 ut
2628 5098 2813 5137 corum
2868 5088 3221 5155 arrogantiam
3274 5100 3549 5160 coerceat,

1964 5186 2166 5240 nosque
2207 5171 2395 5240 majori
2439 5186 2557 5226 esse
2596 5174 2813 5229 affectos
2844 5175 3043 5231 honore
3069 5178 3431 5245 demonstret,
3465 5183 3557 5252 qui

1965 5277 2070 5314 non
2104 5262 2278 5327 servi,
2308 5262 2402 5316 sed
2434 5263 2644 5317 Dotuiui
2674 5280 2835 5335 opera
2875 5268 3103 5322 delatam
3134 5269 3429 5326 doctrinam
3463 5288 3554 5327 ac-

1964 5354 2203 5423 cepimus
2221 5395 2234 5420 ,
2262 5353 2343 5409 his
2363 5356 2545 5410 verbis
2562 5356 2726 5411 utitur
2741 5358 2804 5411 ad
2830 5358 3081 5414 Hebraeos
3106 5362 3344 5417 scribens
3370 5382 3383 5417 :
3411 5363 3556 5419 Mula

1966 5446 2191 5515 tifariam
2232 5448 2500 5519 multisque
2534 5449 2698 5503 modis
2735 5450 2856 5503 olim
2893 5450 3030 5505 Deus
3073 5452 3283 5523 loquens
3328 5458 3558 5525 patribus

1966 5538 2171 5601 nostris,
2190 5539 2471 5592 novissimis
2500 5539 2673 5593 diebus
2698 5541 2806 5594 istis
2830 5541 3067 5612 loquutus
3084 5553 3161 5598 est
3181 5544 3324 5600 nobis
3343 5546 3398 5600 in
3418 5545 3561 5603 Filio

1969 5629 2151 5702 (Hebr.
2179 5630 2229 5683 1.
2255 5631 2306 5684 1.
2325 5631 2408 5700 2).
2432 5631 2500 5685 Ει
2522 5632 2701 5686 rursus
2735 5632 2861 5688 alibi
2888 5651 2903 5687 :
2927 5632 3053 5689 Non
3076 5637 3239 5691 solum
3258 5648 3448 5706 autem,
3471 5640 3563 5694 sed

1967 5736 2012 5777 et
2057 5725 2333 5795 gloriamur
2382 5726 2432 5777 in
2479 5724 2623 5789 Deo,
2676 5743 2765 5794 per
2798 5725 3069 5782 Dominum
3120 5742 3348 5784 nostrum
3381 5729 3559 5786 Iesum

1971 5818 2246 5885 Christum,
2268 5833 2358 5889 per
2370 5835 2513 5890 quem
2535 5830 2578 5874 et
2602 5819 3059 5877 rccwtciliaticucm
3081 5823 3364 5894 accepimus
3385 5823 3558 5896 (Rom.
