4028 6360
456 378 564 432 619

458 495 510 545 5.
558 490 669 561 lt).
708 486 867 544 Vides
896 502 1026 543 eum
1057 501 1161 541 non
1210 487 1280 541 ob
1320 486 1803 541 reconciliationem
1846 492 2049 539 tantum

461 587 713 657 gloriari,
744 580 837 635 sed
866 578 1028 636 etiam
1053 578 1196 647 quod
1237 593 1332 648 per
1354 577 1622 632 Christum
1659 575 2047 629 reconciliatio-

467 694 583 733 nem
624 674 921 742 acceperit?
975 673 1042 727 Et
1070 686 1256 726 rursus
1302 686 1420 724 cum
1451 669 1896 724 resurrectionem
1938 683 2049 721 tua-

459 770 651 841 guilice
696 766 1032 828 celebraret,
1086 764 1196 818 ait:
1238 762 1360 833 Ipse
1406 762 1651 816 Dominus
1689 760 1951 814 descendet
1988 758 2052 812 de

460 861 585 916 uelo
620 860 693 928 (ί.
718 858 901 913 Thess.
930 859 983 913 4.
1014 856 1128 921 15).
1152 856 1281 910 Vide
1302 855 1408 909 illic
1425 869 1636 924 quoque
1658 869 1749 923 per
1772 853 2049 906 Dominum

460 961 629 1008 totum
676 949 901 1020 perlici:
940 957 997 1004 et
1038 948 1125 1003 hic
1175 963 1279 1002 non
1332 962 1427 1017 per
1469 947 1698 1014 aliquem
1755 944 2048 1010 famulum,

459 1062 565 1099 non
593 1060 686 1114 per
706 1043 951 1112 angelum
979 1052 1035 1096 et
1060 1041 1434 1111 archangelum
1454 1081 1468 1104 ,
1492 1038 1587 1094 sed
1616 1041 1729 1108 ipse
1763 1054 1856 1107 per
1880 1053 1939 1092 se
1969 1037 2049 1105 ip-

450 1153 577 1195 sum
621 1136 790 1191 Adam
836 1135 1117 1205 praecepit,
1164 1133 1357 1202 duplici
1382 1132 1650 1186 hominem
1701 1135 1900 1185 honore
1927 1129 2050 1185 affi-

458 1229 634 1295 ciens,
664 1225 878 1298 etquod
902 1226 1073 1294 legem
1099 1224 1337 1287 dederit,
1366 1234 1419 1278 et
1440 1223 1582 1292 quod
1616 1223 1822 1277 dederit
1851 1237 1945 1291 per
1968 1236 2054 1275 se-

467 1320 665 1387 ipsum.
688 1318 967 1386 Quomodo
992 1317 1153 1386 igitur
1178 1316 1357 1386 lapsus
1384 1325 1467 1369 est
1506 1316 1631 1369 ille?
1673 1316 1753 1369 0b
1791 1315 2052 1385 ignaviam

462 1424 616 1463 suam
646 1426 665 1466 ι
695 1408 855 1477 idque
891 1406 1181 1462 ostendunt
1218 1415 1476 1477 quotquot
1506 1406 1677 1476 legem
1701 1415 2049 1476 acceperunt,

468 1518 569 1557 nec
597 1501 727 1571 lapsi
752 1510 911 1564 sunt,
950 1499 1044 1554 sed
1073 1507 1129 1553 et
1161 1498 1309 1566 plura
1339 1515 1497 1567 quam
1523 1500 1776 1566 imperata
1809 1498 2047 1563 fuerant,

469 1593 850 1662 pra-stitcrunt.
891 1590 995 1644 Sed
1024 1590 1276 1658 quoniam
1310 1589 1413 1643 hoc
1451 1598 1659 1654 tempus
1684 1588 1839 1643 video
1868 1602 1965 1642 nos
1998 1587 2050 1641 in

465 1694 748 1753 angustum
778 1681 1040 1751 redigere,
1072 1682 1123 1735 in
1153 1682 1374 1735 alteram
1395 1681 1824 1735 dissertationem
1850 1694 2055 1735 sermo-

470 1790 593 1834 nem
624 1773 923 1841 rejiciemus
948 1790 960 1825 :
990 1787 1084 1826 vos
1104 1787 1230 1826 vero
1256 1788 1375 1841 quae
1404 1772 1544 1826 dicta
1571 1780 1694 1825 sunt
1720 1780 2051 1833 conservato,

466 1881 531 1918 ac
570 1864 825 1918 memoria
870 1872 1045 1917 tenete
1064 1904 1079 1929 ,
1110 1863 1333 1932 illosque
1358 1862 1445 1932 qui
1474 1878 1580 1917 non
1608 1862 1921 1929 audierunt,
1953 1862 2052 1916 do-

468 1966 620 2022 cete,
654 1966 813 2026 atque
843 1957 958 2009 hare
997 1956 1049 2010 in
1090 1955 1315 2010 ecclesia
1339 1998 1353 2018 ,
1387 1956 1437 2009 in
1468 1956 1602 2021 foro,
1632 1972 1692 2009 ac
1718 1955 1862 2009 domi
1891 1970 2054 2009 unus-

466 2048 691 2118 quisque
718 2048 1004 2102 meditetur
1034 2045 1128 2119 (a).
1159 2047 1297 2101 Nihil
1334 2050 1478 2102 enim
1515 2063 1663 2102 sacra
1716 2048 1942 2101 lectione
1969 2048 2057 2114 ju-

464 2122 712 2193 cundius.
744 2137 878 2192 Audi
904 2152 1037 2192 sane
1061 2138 1187 2207 quid
1212 2139 1278 2193 de
1303 2138 1389 2191 illa
1410 2138 1553 2191 dicat
1573 2137 1828 2207 propheta
1855 2156 1866 2190 :
1891 2138 2057 2204 Quam

465 2230 639 2284 dulcia
669 2229 899 2297 faucibus
923 2230 1044 2283 meis
1068 2230 1267 2299 eloquia
1288 2239 1394 2295 tua,
1417 2245 1568 2297 super
1589 2230 1685 2283 mel
1712 2237 1757 2283 et
1782 2229 1952 2298 favum
1980 2230 2058 2283 ori

469 2338 580 2376 meo
607 2320 779 2391 (I’sal.
820 2322 934 2377 H8.
964 2321 1113 2391 105).
1149 2323 1297 2376 llunc
1336 2323 1511 2389 itaque
1540 2322 1718 2375 favum
1754 2322 1805 2375 in
1838 2337 2057 2391 vesper-

468 2414 577 2467 tina
617 2429 801 2468 mensa
826 2430 1065 2485 appone,
1099 2424 1155 2469 ut
1197 2425 1359 2469 totam
1391 2414 1535 2468 illam
1564 2414 1821 2483 spirituali
1849 2416 2058 2484 repleas

468 2504 759 2573 voluptate.
800 2503 916 2558 Non
944 2504 1134 2559 videtis
1179 2503 1422 2558 homines
1460 2506 1760 2574 opulentos,
1790 2505 2058 2573 quomodo

466 2604 589 2668 post
627 2597 812 2665 epulas
851 2597 1178 2653 citharredos
1205 2614 1268 2653 ac
1295 2599 1537 2653 tibicines
1564 2599 1940 2654 introducant?
1980 2599 2057 2654 Illi

472 2705 599 2771 suas
627 2688 771 2745 mdes
801 2690 1065 2745 theatrum
1089 2691 1345 2756 efﬁciunt,
1375 2701 1430 2745 tu
1456 2700 1571 2746 tuas
1597 2693 1740 2747 ardes
1763 2695 1954 2747 Caelum
1982 2692 2059 2747 cf-

470 2782 609 2834 tice:
636 2780 689 2836 id
734 2797 860 2836 vero
904 2782 1138 2849 el‘ticies,
1187 2799 1292 2837 non
1339 2784 1565 2853 parietes
1611 2785 1925 2851 immutans,
1968 2795 2061 2840 aut

535 2891 609 2962 (_a)
637 2891 862 2962 outedam
887 2906 952 2942 ex
996 2894 1318 2958 sequentibus
1359 2894 1419 2943 ad
1464 2895 1671 2945 verbum
1715 2894 1910 2945 homilia
1935 2911 2059 2960 pra.»

467 2952 669 3002 cedenti
694 2951 942 3017 leguntur.

1179 370 1236 426 S.
1275 368 1556 426 JOANNIS
1594 364 2066 423 CilRYSOSTOMI
2104 364 2420 422 ARCIIIEP.
2461 360 2994 420 CONSTANTINOP.

2159 480 2489 537 transferens
2514 480 2852 535 fundamenta
2869 521 2884 545 ,
2915 479 3015 534 sed
3040 479 3084 533 si
3111 478 3177 533 ad
3202 490 3342 533 tuam
3368 496 3607 535 mensam
3632 480 3747 533 Do-

2154 575 2356 629 minum
2382 575 2551 644 ipsum
2572 574 2824 627 actorum
2847 587 3023 627 voces.
3057 571 3171 625 Non
3191 572 3458 626 erubescit
3476 574 3746 641 ejusmodi

2156 668 2399 721 convivia
2430 666 2590 720 Deus.
2618 664 2717 721 Ubi
2750 678 2977 731 namque
3001 664 3290 733 spiritualis
3309 662 3571 727 doctrina,
3597 665 3663 717 ibi
3687 675 3751 717 et

2146 756 2535 827 ternperautia,
2569 765 2624 810 et
2653 753 2931 817 modestia,
2958 763 3011 807 et
3049 753 3274 817 lenitas;
3304 754 3392 807 ubi
3423 755 3503 807 vir
3528 764 3583 807 et
3608 769 3751 808 uxor

2157 864 2217 903 ac
2240 849 2409 910 liberi.
2432 848 2716 903 concordia
2737 856 2793 900 et
2813 845 3045 899 amicitia
3073 853 3129 898 et
3150 844 3360 898 virtutis
3385 845 3608 897 vinculis
3631 846 3755 897 fue-

2158 941 2263 993 rint
2290 939 2560 1008 colligati,
2600 939 2706 992 illic
2728 946 2969 990 versatur
3011 937 3060 988 in
3105 934 3283 988 medio
3310 934 3577 989 Christus.
3623 934 3748 988 Non

2157 1034 2299 1085 enim
2328 1046 2546 1083 aureum
2578 1031 2822 1098 laqueare
2849 1027 3069 1097 qua‘rit,
3104 1042 3202 1081 nec
3241 1026 3609 1079 columnarum
3640 1024 3752 1078 ful-

2158 1137 2362 1190 gnt't'ttt,
2399 1136 2567 1187 neque
2601 1118 2883 1172 marmoris
2920 1117 3364 1186 pulchritudinem
3395 1132 3409 1168 :
3435 1117 3528 1169 sed
3553 1117 3754 1170 anima:

2158 1214 2407 1266 decorem
2430 1226 2491 1264 ac
2510 1208 2703 1263 mentis
2725 1208 2970 1270 formam,
2998 1216 3052 1261 et
3076 1222 3315 1261 mensam
3347 1206 3546 1276 justitia
3582 1207 3754 1259 reler-

2160 1312 2268 1357 tam
2290 1342 2305 1365 ,
2340 1312 2396 1357 et
2434 1301 2787 1371 eleemosynu:
2818 1298 3075 1353 fructibus
3110 1298 3487 1351 abundantem.
3514 1297 3670 1363 Quod
3701 1298 3752 1350 si

2160 1408 2398 1449 mensam
2438 1391 2698 1461 ejusmodi
2728 1390 2949 1455 viderit,
2992 1389 3271 1444 confestim
3315 1389 3575 1456 ejusmodi
3612 1404 3751 1442 COII-

2160 1497 2347 1540 ventus
2378 1488 2433 1538 fit
2462 1484 2745 1553 particeps,
2777 1492 2830 1536 ct
2872 1483 2922 1536 in
2957 1497 3078 1536 eum
3120 1497 3177 1535 se
3222 1478 3401 1533 infert.
3446 1481 3557 1548 Ipse
3602 1480 3752 1533 enim

2159 1585 2262 1638 est,
2284 1576 2373 1642 qui
2395 1575 2548 1639 dixit,
2575 1573 2890 1626 Esurtentem
2918 1589 2996 1625 ne
3020 1571 3211 1625 vidistis
3237 1581 3281 1624 et
3310 1570 3504 1623 aluistis
3525 1568 3747 1640 (Matth.

2158 1667 2247 1722 25.
2280 1667 2393 1737 55).
2420 1664 2555 1719 Cum
2587 1663 2745 1734 igitur
2771 1662 2990 1717 inferius
3026 1678 3216 1732 magna
3259 1677 3388 1716 voce
3424 1664 3752 1715 clamantem

2159 1759 2427 1814 audiveris
2453 1776 2759 1830 pauperem,
2787 1758 2981 1815 deinde
3010 1759 3279 1828 quidpiam
3307 1774 3489 1811 eorum
3511 1772 3631 1827 qua!
3659 1772 3753 1826 ap-

2160 1850 2329 1920 posita
2374 1859 2499 1904 sunt
2536 1852 2603 1906 de
2652 1866 2834 1905 mensa
2881 1865 3050 1919 egeno
3088 1849 3321 1913 dederis,
3364 1849 3641 1901 Dominum
3679 1848 3753 1901 ad

2160 1958 2397 1997 mensam
2419 1944 2618 1999 vocasti
2648 1961 2740 2013 per
2766 1960 3014 2009 servum,
3043 1952 3099 1998 et
3137 1942 3279 1997 illam
3314 1951 3476 1995 totam
3523 1942 3615 1996 Dei
3654 1942 3755 1995 be-

2160 2034 2550 2090 nedictionibus
2578 2034 2865 2104 replcvisti,
2884 2034 3177 2103 oblatisque
3200 2033 3445 2103 primitiis
3460 2034 3752 2085 maximam

2161 2128 2496 2180 occasionem
2523 2134 2610 2180 tua
2641 2127 2999 2195 promptuaria
3034 2124 3275 2195 plurimis
3312 2124 3613 2193 complendi
3652 2123 3754 2177 hoc

2163 2219 2247 2271 nis
2278 2218 2567 2287 pricbuisti.
2610 2218 2750 2273 Deus
2778 2228 2957 2272 autem
2985 2218 3128 2286 pacis
3156 2229 3212 2272 et
3243 2218 3482 2271 caritatis
3500 2257 3513 2279 ,
3539 2217 3632 2286 qui
3662 2217 3758 2271 dat

2165 2326 2355 2380 panem
2403 2311 2468 2366 ad
2515 2311 2941 2367 manducandum
2977 2311 3061 2382 (2.
3092 2310 3211 2364 Cor.
3240 2311 3294 2365 9.
3329 2311 3453 2379 40),
3481 2318 3536 2363 et
3562 2324 3757 2363 sentes:

2165 2402 2448 2457 seminanti
2474 2443 2489 2464 ,
2517 2410 2751 2457 vestram
2790 2410 3085 2457 sementem
3116 2401 3451 2469 multiplicet,
3481 2409 3536 2453 et
3558 2409 3760 2467 augeat

2164 2492 2490 2547 incrementa
2524 2492 2735 2561 frugum
2770 2492 2991 2562 justitia:
3019 2492 3071 2546 in
3106 2492 3352 2545 omnibus
3386 2491 3571 2551 vobis,
3600 2505 3755 2543 suam

2166 2583 2299 2637 dans
2319 2584 2563 2654 gratiam,
2589 2599 2790 2653 nosque
2819 2598 2986 2653 regno
3013 2583 3265 2638 eiciorqu
3292 2581 3540 2650 dignetur
3566 2580 3759 2647 :cujus

2166 2692 2265 2729 nos
2309 2676 2591 2745 participes
2642 2676 2756 2731 ﬁeri
2799 2677 3089 2746 contingat,
3118 2676 3286 2745 gratia
3329 2683 3379 2728 et
3423 2674 3757 2742 benignitate

2167 2769 2377 2824 Domini
2403 2771 2570 2824 nostri
2595 2768 2722 2825 Jesu
2749 2769 2967 2833 Christi,
2991 2785 3112 2823 cum
3140 2784 3247 2836 quo
3272 2768 3414 2821 Patri
3432 2768 3626 2835 gloria,
3649 2766 3754 2818 ho-

2168 2876 2286 2926 nor,
2319 2860 2619 2930 impcriutn,
2643 2878 2744 2917 una
2771 2876 2895 2915 cum
2917 2861 3114 2930 Spiritu
3142 2869 3345 2924 sancto,
3370 2874 3512 2913 nunc
3534 2866 3593 2913 et
3616 2872 3761 2912 seta-

2172 2968 2285 3022 per,
2315 2961 2371 3010 et
2400 2953 2451 3007 in
2481 2954 2672 3009 smcula
2700 2953 3039 3009 saeculorum.
3068 2953 3257 3007 Amen.

1632 3659 1987 3723 MONlTUM
2041 3662 2141 3722 AD
2196 3660 2617 3722 SERMONEM

568 3921 667 3976 Hic
698 3935 901 3988 sermo,
938 3921 1103 3992 longo
1152 3928 1272 3990 post
1329 3927 1452 3975 octo
1485 3918 1622 3975 alios
1672 3917 1930 3988 temporis
1965 3915 2252 3971 intervallo
2284 3915 2525 3978 habitus,
2573 3918 2627 3971 in
2670 3917 2773 3973 hac
2827 3918 2969 3973 serie
3020 3919 3232 3988 positus
3284 3917 3407 3985 fuit,
3444 3937 3550 3974 non
3606 3923 3775 3977 modo

495 4042 624 4114 quia
652 4039 704 4092 in
731 4038 822 4094 illo
853 4038 920 4093 de
951 4038 1224 4093 Abraham
1259 4037 1413 4093 etde
1446 4035 1561 4091 Noe
1593 4036 1840 4103 pluribus
1886 4035 2088 4105 agitur,
2138 4034 2232 4089 sed
2282 4036 2445 4089 etiam
2494 4037 2622 4105 quia
2677 4051 2785 4091 non
2854 4053 3023 4107 pauca
3090 4040 3179 4094 hic
3227 4039 3496 4094 habentur
3544 4040 3773 4107 similia,

498 4166 619 4220 imo
636 4161 827 4215 eadem
865 4174 1002 4231 pene
1027 4174 1148 4229 quae
1175 4158 1228 4211 in
1258 4155 1511 4211 Homiliis
1548 4155 1601 4208 in
1651 4154 1927 4209 Genesim.
1981 4152 2135 4209 llunc
2182 4168 2347 4223 porro
2394 4154 2714 4209 Sermonem
2762 4158 2953 4211 eodem
3008 4156 3198 4211 habuit
3232 4172 3378 4212 anno
3423 4172 3532 4226 quo
3577 4156 3779 4211 Boniti-

500 4277 602 4332 lias
630 4276 849 4346 triginta
880 4277 1015 4329 duas
1055 4275 1265 4343 priores
1296 4273 1349 4325 in
1380 4270 1661 4335 Genesim,
1696 4279 1885 4339 etquo
1917 4267 2179 4324 llomilias
2228 4270 2283 4325 iu
2330 4270 2657 4341 principium
2702 4274 2987 4336 Actorum,
3027 4283 3081 4326 et
3126 4271 3194 4327 de
3243 4272 3548 4326 mutatione
3592 4278 3778 4325 nomi-

500 4411 653 4449 num.
683 4395 850 4464 Cujus
885 4393 1251 4461 chronologite
1296 4389 1564 4443 rationem
1615 4389 1939 4457 explicatam
1994 4388 2163 4443 habes
2197 4388 2250 4443 in
2312 4388 2520 4443 Monito
2566 4389 2633 4442 ad
2685 4387 2949 4443 llomilias
3007 4388 3061 4441 in
3116 4388 3447 4459 principium
3510 4387 3778 4441 Actorum

499 4507 674 4562 Tomo
705 4508 739 4562 5
765 4508 889 4577 (col.
926 4506 1039 4576 63),
1074 4512 1312 4577 itemque
1337 4508 1389 4561 in
1417 4506 1620 4561 Monito
1643 4507 1708 4560 ad
1734 4506 1997 4561 llomilias
2031 4508 2098 4561 de
2128 4507 2427 4563 mutatione
2454 4508 2736 4561 nominum
2760 4508 2951 4561 eodem
2976 4506 3150 4560 Tomo
3178 4504 3308 4575 (col.
3344 4505 3491 4574 Hi).
3518 4503 3643 4571 Quo
3676 4518 3781 4555 au-

505 4635 616 4679 tem
645 4640 790 4678 anno
822 4624 938 4678 haec
966 4632 1112 4677 tanta
1152 4622 1497 4676 homiliarum
1538 4636 1965 4691 sermonumque
2012 4636 2181 4676 series
2232 4622 2581 4690 pronuntiata
2622 4622 2808 4688 fuerit,
2852 4622 3095 4677 nondum
3138 4623 3418 4692 potuimus
3460 4622 3773 4691 deprehen-

496 4742 657 4800 dere.
691 4742 818 4797 Illud
853 4742 1028 4798 solum
1057 4758 1157 4813 pro
1184 4756 1336 4798 certo
1369 4744 1758 4814 exploratoquc
1803 4743 2082 4807 habemus,
2115 4756 2303 4797 omnes
2351 4753 2471 4811 post
2523 4758 2728 4798 annum
2778 4742 2884 4798 587
2942 4742 3155 4798 habitas
3204 4740 3395 4797 fuisse.
3456 4740 3536 4795 Ea
3589 4740 3659 4794 de
3714 4754 3778 4793 re

1105 5260 1336 5317 SERMO
1376 5258 1465 5313 IX.

496 5362 762 5433 Quomodo
782 5366 1009 5430 oporteat
1029 5360 1248 5426 fratrum
1270 5362 1473 5422 peccata
1490 5364 1722 5419 arguere,
1757 5356 1804 5399 et
1828 5346 1961 5416 quod
1986 5362 2075 5399 eo-

559 5471 674 5509 rum
697 5452 875 5507 salutis
906 5464 1082 5503 curam
1109 5445 1288 5499 habere
1312 5444 1605 5503 conveniat,
1633 5450 1681 5493 et
1708 5454 1864 5507 quare
1891 5438 2078 5490 Abram

561 5557 763 5601 vocatus
788 5544 851 5598 sit
874 5541 1150 5603 Abraham,
1191 5547 1239 5591 et
1272 5537 1337 5590 de
1377 5534 1577 5588 nomine
1620 5531 1741 5585 Noe”
1767 5546 1786 5584 :
1808 5531 1942 5599 quod
1976 5546 2075 5582 non

563 5640 752 5704 frustra
777 5644 864 5689 aut
891 5634 998 5689 sine
1020 5648 1175 5685 causa
1203 5630 1331 5700 justi
1366 5628 1442 5681 illi
1479 5626 1665 5696 fuerint
1693 5624 1770 5677 his
1795 5622 2078 5676 nominibus

561 5727 832 5795 appellati,
856 5724 944 5778 sed
967 5724 1037 5775 ita
1060 5723 1385 5790 dispensante
1404 5716 1501 5771 Dei
1528 5714 1861 5786 providentia.

564 5819 617 5874 ί.
635 5818 781 5874 Haud
796 5817 1006 5873 difticile
1020 5816 1153 5872 foret
1172 5829 1234 5869 ex
1253 5809 1625 5882 consequentia
1643 5805 2082 5878 nuperdictorum

2184 5256 2458 5327 praesentis
2479 5257 2743 5311 sermonis
2762 5271 2975 5313 sumere
2998 5258 3335 5327 prommium,
3355 5259 3617 5330 siquidem
3640 5261 3782 5315 scire

2185 5349 2411 5417 possetis
2437 5349 2563 5417 quid
2593 5364 2762 5417 nuper
2790 5364 2818 5401 a
2849 5349 3002 5403 nobis
3030 5350 3253 5414 dictum,
3282 5362 3335 5404 et
3356 5352 3626 5420 quomodo
3657 5353 3780 5405 lini~

2184 5446 2267 5491 tus
2296 5436 2455 5491 fuerit
2482 5454 2681 5491 sermo.
2724 5438 2920 5493 Verum
2951 5440 3074 5509 quia
3104 5440 3341 5510 plerique
3368 5458 3431 5495 ex
3462 5442 3529 5495 iis
3555 5441 3646 5510 qui
3674 5459 3781 5493 nu-

2185 5544 2281 5598 per
2303 5528 2504 5583 aii'uere
2522 5568 2536 5594 ,
2567 5528 2725 5583 hodie
2752 5545 2859 5583 non
2886 5530 3110 5596 adsunt,
3138 5540 3193 5584 et
3212 5546 3274 5586 ex
3312 5532 3375 5585 iis
3403 5534 3491 5602 qui
3513 5548 3655 5586 nunc
3679 5534 3780 5585 ad-

2184 5630 2329 5683 sunt,
2354 5636 2522 5689 nupcr
2545 5620 2781 5687 abfuere,
2808 5622 2953 5690 cogit
2980 5622 3281 5677 auditorum
3313 5624 3563 5687 varietas,
3600 5634 3658 5676 ut
3688 5640 3781 5677 re-

2186 5711 2411 5781 petenda
2439 5712 2577 5775 sint,
2608 5728 2728 5782 qua;
2764 5728 2938 5783 nuper
2975 5712 3116 5767 dicta
3151 5731 3163 5767 :
3197 5713 3337 5769 unde
3366 5725 3419 5769 et
3450 5716 3481 5768 ii
3511 5716 3600 5784 qui
3633 5716 3786 5786 prius

2186 5818 2490 5859 sermonem
2542 5802 2857 5871 audierant,
2909 5804 3100 5859 melius
3146 5804 3406 5860 dictorum
3460 5808 3790 5862 memoriam
