4028 6360
441 370 545 425 6‘31

445 474 598 538 σεται
630 480 831 537 τούτων
880 483 912 553 ἡ
960 482 1189 553 μνήμη,
1237 483 1398 536 πάλιν
1449 480 2024 553 ἀναμιμνῃσκομένοις

442 560 521 620 ὦν
571 566 837 635 ἤκουσαν·
893 565 986 618 καὶ
1046 552 1158 627 τοῖς
1211 552 1615 632 ἀπολειφθεῖσιν
1672 566 1733 617 ού
1787 564 2027 632 τοσαύτη

443 650 595 703 ἔσται
626 648 819 719 βλάϐη,
847 649 938 702 τοῦ
968 649 1128 717 λόγου
1154 650 1586 721 γνωριμωτέραν
1616 649 1800 711 αὐτοῖς
1822 645 2025 702 ἄνωθεν

444 732 722 793 ποιοῦντος
756 732 857 801 τὴν
884 732 1253 787 διδασκαλίαν.
1289 732 1398 786 Καὶ
1431 734 1537 802 μὴν
1565 732 1696 793 ῖσως
1729 731 1795 784 ἂν
1823 731 2026 782 εἴποιεν

441 815 494 865 ot
528 814 613 866 ἀεὶ
651 815 1095 885 παραγινόμενοι,
1124 818 1205 870 ὅτι
1233 816 1299 869 δι’
1334 815 1466 867 αὐτὸ
1498 815 1596 884 μὲν
1623 810 1714 867 οὖν
1744 812 1900 865 τοῦτο
1928 811 2029 864 ούκ

444 897 611 966 ἐχρῆν
643 897 932 951 ἀναλαϐεῖν
963 901 1031 952 τά
1060 898 1345 969 είρημένα,
1380 899 1465 950 ἴνα
1491 897 1909 965 ἀπολειφθέντες
1937 894 2030 946 καὶ

444 979 555 1031 τῶν
604 980 875 1045 συνάξεων
905 984 1453 1052 καταφρονήσαντες,
1500 980 1647 1051 ἔργῳ
1692 980 1790 1049 τὴν
1828 974 2031 1047 βλάϐην

446 1062 840 1132 ὑπομείναντες
863 1106 876 1129 ,
915 1065 1155 1134 βελτίους
1200 1064 1484 1131 γένωνται,
1517 1067 1584 1135 τῇ
1629 1061 1802 1133 ζημίᾳ
1843 1057 2029 1132 [688]

449 1148 936 1217 σωφρονιζόμενοι.

536 1228 676 1298 Ἐγὼ
706 1230 766 1283 δέ
795 1230 1001 1284 ἐπαινῶ
1026 1230 1121 1300 μὲν
1149 1230 1313 1300 ὑμᾶς,
1336 1228 1421 1281 ὅτι
1450 1228 1592 1281 οὕτω
1612 1226 1871 1281 δάκνεσθε
1892 1225 2033 1297 ὑπὲρ

452 1312 553 1381 τῆς
589 1313 858 1385 ῥᾳθυμίας
885 1314 993 1367 τῶν
1026 1314 1293 1383 ἀδελφῶν,
1318 1314 1412 1365 καὶ
1442 1313 1533 1365 τὸν
1562 1312 1719 1382 ζῆλον
1748 1310 2031 1381 θαυμάζωο

456 1394 717 1466 βούλομαι
750 1398 805 1451 δὲ
836 1398 930 1451 καὶ
959 1396 1336 1467 φιλανθρωπίᾳ
1372 1396 1464 1448 τὸν
1500 1394 1659 1464 ζῆλον
1690 1395 1834 1463 ὑμᾶς
1871 1393 2036 1463 κερά-

458 1494 549 1531 σαι
592 1479 795 1532 τοῦτον.
848 1481 1015 1551 Ζῆλος
1049 1482 1156 1552 γάρ
1191 1479 1522 1549 συγγνώμης
1572 1477 2035 1548 ἀπεστερημένος,

456 1560 519 1612 ού
563 1561 753 1629 ζῆλος,
801 1562 937 1616 ἀλλά
972 1563 1140 1633 θυμὸς
1178 1563 1378 1634 μᾶλλόν
1411 1565 1563 1625 ἐστι,
1614 1562 1707 1615 καὶ
1750 1560 2036 1623 νουθεσία,

458 1642 866 1713 φιλανθρωπίαν
894 1646 994 1699 ούκ
1021 1646 1240 1715 ἔχουσα,
1280 1646 1549 1717 βασκανία
1592 1663 1677 1709 τις
1714 1641 2036 1698 εἶναιδοκεῖ.

458 1725 556 1778 Διά
592 1726 748 1780 τοῦτο
795 1729 939 1798 ὑμᾶς
975 1729 1174 1797 μᾶλλον
1225 1728 1550 1800 παρακαλῶ,
1609 1729 1685 1799 μὴ
1720 1727 1930 1799 πικρῶς
1970 1726 2042 1780 τὰ

457 1808 567 1859 τῶν
621 1809 847 1880 πλησίον
898 1812 1105 1883 κρίνειν
1157 1813 1549 1884 ἁμαρτήματα.
1606 1813 1814 1883 ’Ὠσπερ
1851 1811 1959 1882 γὰρ
2011 1811 2042 1864 6

458 1893 626 1960 χωρὶς
658 1895 987 1965 συγγνώμης
1022 1894 1163 1967 ὁρῶν
1198 1897 1264 1949 τά
1308 1895 1415 1948 τῶν
1455 1894 1698 1964 ἀδελφῶν
1728 1894 2042 1965 τραύματα,

458 1974 512 2025 εἴ
539 1992 664 2027 ποτε
692 1977 785 2028 καὶ
817 1978 977 2041 αὐτὸς
1016 1979 1272 2051 ἁμάρτοι,
1322 1979 1512 2031 οὐδένα
1546 1979 1768 2049 εὑρήσει
1795 1978 1887 2030 τὸν
1915 1993 2045 2044 συγ-

458 2056 681 2129 γνώμην
711 2059 858 2129 αύτῷ
894 2060 1147 2131 νέμοντα·
1195 2061 1366 2125 οὕτως
1394 2064 1423 2115 6
1453 2063 1570 2132 μετ’
1614 2061 1764 2115 ἐλέου
1809 2060 2044 2124 δικάζων

455 2146 571 2205 τοῖς
592 2145 700 2196 τῶν
729 2146 953 2216 πλησίον
986 2147 1432 2218 παραπτώμασιν
1452 2188 1466 2209 ,
1512 2146 1565 2200 εί
1590 2163 1721 2199 ποτε
1762 2144 2045 2199 ὑποσκελι-

460 2226 652 2297 σθείη,
689 2228 914 2291 πολλοὺς
959 2229 1148 2298 ὄψεται
1201 2231 1326 2294 τοὺς
1380 2232 1538 2301 χεῖρα
1579 2229 1889 2300 ὀρέγοντας.
1938 2228 2046 2280 Καὶ

458 2310 629 2364 ταῦτα
650 2310 793 2379 λέγω
818 2312 933 2376 νῦν,
963 2313 1024 2365 ού
1054 2312 1151 2385 τὴν
1184 2311 1318 2383 ρᾳθυ
1328 2313 1457 2382 μίαν
1476 2313 1583 2365 τῶν
1608 2310 2045 2378 ἀπολειφθέντων

461 2394 694 2463 αὐξῆσαι
725 2394 1070 2465 βουλόμενος,
1112 2396 1249 2449 ἀλλά
1281 2396 1381 2467 τὴν
1412 2395 1686 2467 ἡμετέραν
1718 2393 2046 2466 κηδεμονίαν

461 2479 723 2531 ἐπιτεῖναι
770 2478 1125 2542 σπουδάζων,
1184 2478 1271 2531 ἵνα
1324 2480 1461 2548 μετὰ
1498 2477 1656 2546 λόγου
1699 2479 1917 2548 γίνηται
1952 2477 2047 2529 καὶ

461 2560 861 2631 φιλοστοργίας.
904 2562 1057 2614 Ἐπεὶ
1090 2561 1183 2614 καὶ
1213 2563 1374 2631 ἡμεῖς
1408 2561 1638 2624 πολλοὺς
1672 2563 1766 2614 καὶ
1803 2562 2048 2632 μακροὺς

462 2645 528 2713 τῇ
572 2644 874 2714 προτεραίᾳ
922 2643 1043 2696 κατ’
1085 2643 1265 2696 αὐτῶν
1306 2644 1670 2714 ἀπετείναμεν
1700 2643 1925 2710 λόγους,
1955 2642 2049 2695 καὶ

461 2727 584 2779 οὐδὲ
611 2727 928 2797 ἀνθρώπους
964 2728 1162 2789 αὐτοὺς
1208 2722 1348 2779 εἶναι
1384 2726 1617 2798 ἔφαμεν,
1656 2725 1905 2797 καθάπερ
1951 2725 2049 2794 μέ-

466 2809 693 2880 μνησθε,
726 2811 1063 2880 κατηγόρους
1092 2810 1275 2871 αὐτοῖς
1298 2811 1689 2880 ἐπιστήσαντες
1714 2809 1806 2861 δύο
1833 2809 2049 2878 προφή-

462 2910 558 2954 τας
589 2894 715 2955 τοὺς
743 2893 1073 2964 κορυφαίους
1093 2908 1107 2921 ⁸
1136 2892 1227 2945 τὸν
1261 2892 1360 2962 μὲν
1392 2892 1641 2960 λέγοντα,
1672 2889 1925 2955 Ἦλθον,
1951 2890 2048 2944 καὶ

464 2978 576 3029 οὐκ
600 2972 678 3044 ἧν
700 2976 1011 3043 ἅνθρωπος
1031 2992 1043 3005 ·
1067 2975 1353 3040 ἐκάλεσα,
1375 2976 1473 3031 καὶ
1497 2978 1609 3029 οὐκ
1632 2972 1711 3045 ἦν
1731 2979 1764 3029 ό
1785 2978 2050 3030 ὑπακου-

466 3062 728 3128 σόμενος
749 3074 762 3087 ’
806 3061 896 3113 τὸν
926 3060 981 3113 δὲ
1013 3058 1365 3111 καταϐοῶντα
1399 3058 1560 3112 πάλιν
1594 3061 1687 3111 καὶ
1712 3058 2053 3130 πυνθανόμε-

467 3160 587 3197 νον·
616 3142 772 3209 Πρὸς
802 3143 934 3194 τίνα
956 3140 1211 3209 λαλήσω
1239 3141 1338 3193 καὶ
1366 3142 1862 3210 διαμαρτύρομαις
1895 3145 2052 3194 Ἄπε-

463 3228 715 3295 ρίτμητα
738 3226 810 3278 τὰ
835 3222 956 3280 ὦτα
983 3224 1205 3289 αὐτῶν,
1236 3225 1337 3278 καὶ
1362 3227 1434 3279 οὐ
1462 3224 1752 3278 δύνανται
1785 3225 2050 3281 ἀκούειν.

471 3310 583 3362 Καὶ
635 3308 839 3378 σφόδρα
886 3309 1070 3362 αὐτῶν
1110 3307 1198 3362 διά
1248 3308 1454 3361 τούτων
1501 3308 1597 3361 καὶ
1648 3307 1755 3361 τῶν
1798 3306 2054 3361 τοιούτων

472 3393 737 3463 ἐδάκομεν
767 3392 865 3463 τὴν
909 3391 1168 3445 διάνοιαν.
1214 3390 1377 3446 Ἀλλά
1414 3391 1509 3445 νῦν
1536 3391 1730 3455 αὐτοὺς
1765 3391 1925 3444 πάλιν
1953 3409 2056 3444 πα-

475 3474 853 3548 ρακαλοῦμεν
901 3475 1044 3527 οὓτω
1091 3473 1201 3545 γὰρ
1247 3476 1342 3527 καὶ
1395 3476 1424 3528 6
1475 3473 1683 3537 Παῦλος
1736 3474 2050 3527 ἐκέλευσεν·

478 3559 773 3630 ’Έλεγξον
811 3558 940 3628 γάρ,
977 3558 1161 3628 φησὶν,
1191 3557 1568 3626 ἐπιτίμησον,
1605 3556 2051 3625 παρακάλεσον.

476 3643 616 3697 Οῦτε
663 3644 772 3712 γάρ
806 3642 965 3694 τοῦτο
1003 3641 1089 3694 ἀεὶ
1129 3639 1236 3711 χρὴ
1283 3642 1455 3693 ποιεῖν
1499 3640 1677 3710 μόνον,
1711 3638 1833 3692 οῦτε
1882 3641 2057 3693 ἐκεῖνο

480 3728 658 3799 μόνον,
688 3726 802 3778 ἀλλ’
839 3725 1074 3795 ἑκάτερα
1118 3724 1347 3794 μίξαντα
1376 3723 1794 3795 ἀπηρτισμένην
1824 3723 2057 3794 ἐργάίῖε⁶

480 3810 605 3865 σθαι
632 3809 727 3880 τὴν
750 3809 1149 3876 ώφέλειαν.”Λν
1179 3825 1236 3860 τε
1260 3806 1368 3879 γὰρ
1399 3807 1690 3870 διαπαντὸς
1722 3806 2055 3878 ἐλέγχωμεν,

478 3892 994 3965 ἁναισχυντοτέρους
1026 3892 1224 3955 αὐτοὺς
1249 3890 1674 3962 ἀπεργαζόμεθα
1695 3906 1707 3921 ·
1752 3889 1817 3943 ἀν
1848 3907 1909 3943 τε
1945 3890 2060 3943 δια-

479 3979 679 4042 παντὸς
724 3975 1163 4046 παρακαλῶμεν,
1197 3974 1603 4046 ρᾳθυμοτέρους
1644 3972 1928 4043 ποιοῦμεν.
1961 3974 2061 4028 Διά

478 4063 638 4117 τοῦτο
691 4061 786 4113 καὶ
835 4059 1008 4129 ἰατροὶ
1055 4058 1174 4128 οὐχὶ
1220 4058 1476 4128 τέμνουσι
1534 4057 1723 4127 μόνον,
1778 4056 1914 4110 ἀλλά
1964 4056 2060 4111 καὶ

478 4143 772 4216 τραύματα
802 4139 1220 4212 ἐπιδεσμοῦσινο
1267 4140 1388 4193 ούδὲ
1434 4139 1521 4192 ἀεὶ
1568 4139 1834 4209 φάρμακα
1888 4138 2061 4208 πικρά

481 4222 885 4285 ἐπιϐάλλουσιν,
930 4219 1067 4273 ἀλλά
1093 4219 1189 4272 καὶ
1230 4219 1477 4289 προσηνῆ
1512 4216 1770 4280 πολλάκις
1790 4234 1805 4249 ο
1833 4217 1898 4270 δι’
1925 4217 2061 4269 ἐκείο

481 4320 589 4355 νων
619 4301 716 4372 μὲν
739 4300 846 4352 τῶν
888 4299 1169 4370 προτέρων
1216 4298 1278 4351 τὸ
1311 4297 1548 4367 σεσηπὸς
1577 4297 2061 4367 ἀποκαθαίροντες,

481 4386 572 4439 διὰ
603 4384 805 4437 τούτων
842 4383 899 4436 δέ
926 4383 1033 4436 τῶν
1062 4382 1327 4452 δευτέρων
1358 4381 1456 4452 τὴν
1502 4380 1562 4445 ἐξ
1601 4382 1823 4435 ἐκείνων
1867 4381 2060 4451 ὀδύνην

485 4466 985 4538 παραμυθούμενοι.
1037 4466 1136 4518 Διά
1182 4465 1339 4518 τοῦτο
1382 4466 1473 4517 καὶ
1528 4464 1761 4535 ἀλλαχοῦ
1812 4483 1975 4536 φησιν
2032 4468 2062 4519 6

486 4553 730 4616 Παῦλος’
771 4551 1035 4619 Ἀδελφοί
1062 4590 1078 4614 ,
1114 4550 1222 4604 ἐὰν
1259 4549 1358 4602 καὶ
1389 4548 1712 4618 προληφθῇ
1754 4548 2063 4617 ἅνθρωπος

486 4639 557 4692 ἐν
578 4655 692 4691 τινι
716 4631 1157 4703 παραπτώματι,
1177 4631 1345 4701 ὑμεῖς
1362 4634 1414 4684 οἱ
1443 4632 1829 4699 πνευματικοὶ
1858 4648 2064 4701 καταρ-

485 4722 664 4783 τίζετε
698 4719 804 4773 τὸν
844 4716 1135 4781 τοιοῦτον,
1175 4713 1422 4769 σκοπῶν
1450 4714 1711 4770 σεαυτὸν
1740 4714 1826 4784 μὴ
1857 4716 2062 4771 καὶσὺ

486 4801 835 4873 πειρασθῇς.
883 4799 1102 4871 Ἀρίστη
1134 4798 1474 4870 παραίνεσις,
1509 4798 1890 4869 ἀπηρτισμένη
1920 4815 2063 4871 συμ-
2100 4830 2103 4835 -

486 4888 652 4957 ϐουλὴ
676 4927 691 4952 ,
744 4882 945 4954 πολλὴν
1001 4882 1196 4952 ἔχουσα
1240 4882 1338 4953 τὴν
1381 4881 1729 4952 κηδεμονίαν,
1781 4880 2064 4952 σπλάγχνα

488 4966 868 5037 ἐνδεικνυμένη
913 4964 1189 5036 πατρικά’
1236 4964 1405 5027 ὅντως
1434 4965 1533 5035 τῆς
1572 4963 1783 5016 Παύλου
1818 4964 2065 5037 γλώττης

486 5053 554 5107 τὰ
581 5053 824 5124 ῥήματα,
851 5048 1091 5119 ἀδελφοί.
1115 5046 1331 5111 Εὐθέως
1358 5046 1465 5099 ἀπὸ
1493 5046 1587 5099 τοῦ
1625 5047 1724 5117 τῆς
1748 5048 2064 5115 συγγενείας

486 5136 751 5205 ὀνόματος
795 5132 933 5203 πρὸς
971 5132 1071 5201 τὴν
1107 5128 1319 5183 εὔνοιαν
1366 5129 1712 5182 ἐπεσπάσατο
1735 5129 1826 5183 τὸν
1864 5132 2067 5204 ἀκροα-

488 5222 606 5289 τήν.
664 5216 775 5279 Τάς
826 5215 996 5275 αὑτάς
1041 5214 1234 5275 ώδῖνας
1283 5212 1475 5275 ἔλυσας
1520 5210 1700 5281 αὐτῷ,
1746 5211 1845 5275 τὰς
1896 5215 2066 5281 αύτάς

488 5301 733 5373 ἐτράφης
757 5298 985 5370 τροφάς,
1016 5297 1107 5349 τὸν
1136 5295 1295 5349 αὑτὸν
1330 5295 1485 5365 ἔσχες
1515 5295 1744 5367 πατέρα,
1776 5296 2067 5369 ἐκοινώνη-

491 5402 591 5449 σας
619 5382 769 5454 αύτῷ
800 5381 940 5436 κατά
965 5380 1057 5434 τὸν
1088 5380 1246 5433 τόκον
1267 5380 1358 5435 τὸν
1393 5378 1758 5449 πνευματικόν
1780 5395 1792 5409 ο
1821 5380 1919 5451 τὴν
1946 5399 2068 5453 συγ-

490 5470 705 5539 γένειαν
739 5466 915 5519 τοίνυν
939 5464 1141 5533 ταύτην
1170 5463 1263 5516 καὶ
1288 5463 1345 5514 ἐν
1382 5464 1449 5534 τῇ
1477 5461 1585 5515 τῶν
1617 5462 1925 5533 πτωμάτων
1948 5468 2069 5520 ἐπιο

492 5552 740 5607 δείκνυσο
768 5548 1068 5619 διορθώσει.
1112 5549 1247 5602 Ἐὰν
1275 5545 1611 5617 προληφθῇ.
1630 5550 1743 5606 Οὐκ
1755 5545 1928 5615 εἶπεν,
1945 5551 2067 5607 Ἐὰν

496 5636 747 5706 ἁμάρτῃ,
775 5632 893 5685 ἀλλί
920 5632 1011 5684 ἐπὶ
1043 5626 1183 5694 εἶδος
1214 5630 1482 5702 ἁμαρτίας
1520 5631 1793 5701 κατέφυγε
1825 5634 2066 5702 συγγνώ.

500 5734 606 5788 μην
636 5717 776 5787 ἕχον,
808 5714 883 5768 Τὸ
917 5714 1046 5784 γάρ,
1089 5715 1231 5768 Ἐὰν
1261 5712 1581 5783 προληφθῇ
1598 5756 1612 5779 ,
1643 5716 1941 5777 τουτέστιν.
1972 5718 2069 5774 ἐὰν

500 5797 651 5872 I689}
684 5800 999 5869 ἐπηρεασυῇ
1025 5839 1039 5865 ,
1071 5796 1166 5851 ὲάν
1205 5796 1490 5870 ἀπατηθῇ,
1515 5798 1575 5851 οὐ
1609 5798 1699 5852 τὸν
1733 5802 1795 5853 ἐκ
1835 5800 2066 5873 μελέτης

1119 368 1176 423 S.
1211 367 1499 424 JOANNIS
1532 367 2025 425 CHRYSOSTOMI
2063 366 2386 423 AHCIIIEP.
2421 364 2971 423 CONSTANTINOP.

3596 348 3713 410 (22

2127 480 2521 552 ἁμαρτήσαντα
2580 482 2791 550 λέγων,
2852 478 2988 534 ἀλλά
3036 477 3125 530 τὸν
3185 473 3553 539 σπουδάζοντα
3604 478 3711 541 μὲν

2126 564 2470 635 κατορθῶσαι
2494 605 2508 629 ,
2544 565 2650 618 ὑπὸ
2693 562 3064 633 περιστάσεως
3103 560 3161 613 δέ
3213 558 3523 627 διαϐολικῆς
3570 559 3716 611 ὐπο-

2128 649 2526 720 σκελιζόμενον.
2569 651 2626 703 '0
2659 650 2766 719 γὰρ
2801 646 3041 708 τοιοῦτος
3074 644 3135 698 οὐ
3176 641 3428 695 τοσοῦτον
3458 659 3711 712 κατηγο-

2133 732 2251 804 ρίας
2283 734 2407 786 ὅσον
2436 735 2764 804 συγγνώμης
2792 732 2938 785 ἐστὶν
2973 729 3142 794 ἄξιος.
3184 727 3323 780 Ἐὰν
3354 724 3452 779 καὶ
3483 729 3721 792 προλη-

2128 820 2250 890 φθῇ
2276 821 2605 890 ἅνθρωπος.
2653 822 2823 875 Πάλιν
2864 820 2950 887 ἐφ’
2979 819 3163 887 ἕτερον
3200 811 3334 877 εἶδος
3380 813 3721 883 συγγνώμης

2132 906 2427 975 κατέφυγε,
2473 908 2572 976 τῆς
2614 905 2828 973 φύσεως
2866 902 2965 973 τὴν
3003 899 3307 960 ἀσθένειαν,
3358 897 3425 967 ἣν
3472 896 3561 950 διά
3608 894 3721 963 τῆς

2132 989 2503 1059 προσηγορίας
2562 988 2798 1059 ᾐνίξατο.
2842 985 3111 1053 Καθάπερ
3153 978 3246 1038 οὖν
3297 983 3327 1035 6
3372 979 3541 1050 μέγας
3590 977 3720 1031 Ἰὼϐ

2132 1070 2541 1124 ἐπισπάσασθαι
2565 1075 2717 1142 παρά
2732 1070 2823 1123 τοῦ
2839 1067 2974 1122 Θεοῦ
3007 1063 3337 1135 συγγνώμην
3364 1059 3720 1142 βουλόμενος,

2134 1152 2316 1220 ἔλεγε·
2363 1154 2424 1206 Τί
2452 1154 2622 1207 ἐστιν
2648 1140 2981 1221 ἄνθρωπος,
3030 1148 3118 1201 ὅτι
3148 1146 3351 1216 λογίζῃ
3379 1144 3590 1208 αὐτὸν,
3613 1140 3725 1195 καὶ

2133 1236 2477 1303 ἐπισκοπὴν
2534 1234 2797 1301 ἐποιήσω
2848 1234 2969 1286 τῶν
3014 1229 3441 1300 ἁμαρτημάτων
3490 1225 3727 1289 αὐτοῦς

2133 1317 2276 1371 οὕτω
2298 1317 2392 1371 καὶ
2419 1320 2580 1389 ἡμεῖς
2605 1318 2866 1387 ποιῶμεν,
2894 1316 3022 1368 ὅταν
3041 1312 3160 1367 τινά
3181 1312 3290 1365 τῶν
3317 1308 3728 1382 ἡμαρτηκότων

2136 1396 3255 1474 ἐξαιτώμεθα,⁷”Ανθρωπός,ἐστι,συνεχῶς
3301 1395 3577 1461 λέγοντες,
3620 1392 3727 1445 καὶ

2136 1486 2236 1555 τῆς
2270 1486 2484 1554 φύσεως
2518 1485 3047 1554 ἀναμιμνήσκοντες,
3081 1480 3177 1533 καὶ
3204 1476 3374 1547 ταύτῃ
3404 1476 3538 1545 πρὸς
3570 1474 3727 1525 ἔλεον

2139 1569 2489 1639 ἐφελκόμενοι
2548 1567 2640 1620 τὸν
2696 1565 3127 1635 ἀγανακτοῦντα.
3182 1563 3280 1616 Διά
3331 1561 3488 1613 τοῦτο
3539 1559 3633 1610 καὶ
3695 1558 3729 1610 6

2141 1652 2354 1715 Παῦλος
2381 1652 2474 1704 ἐπὶ
2491 1650 2589 1721 τὴν
2613 1649 2773 1719 φύσιν
2808 1650 2901 1702 καὶ
2925 1648 3022 1717 τὴν
3049 1645 3324 1699 εὐτέλειαν
3358 1644 3527 1713 αὐτῆς
3557 1641 3730 1694 κατέ-

2143 1753 2314 1806 φυγεν
2337 1734 2527 1799 εἰπὼν,
2556 1735 2698 1788 Ἐὰν
2721 1733 2817 1786 καί
2845 1728 3163 1799 προληφθῇ
3186 1728 3492 1796 ἅνθρωπος
3515 1726 3587 1777 ἐν
3604 1740 3731 1776 τινι

2141 1821 2583 1891 παραπτώματι.
2625 1820 2738 1888 Ούχ
2773 1816 2957 1879 ἁπλῶς
2994 1814 3063 1867 τά
3110 1811 3315 1883 μεγάλα
3342 1810 3490 1878 λέγει
3536 1809 3730 1891 ἁμαρ-

2140 1905 2208 1973 τή
2219 1920 2384 1973 ματα,
2402 1890 2472 1955 τά
2497 1900 2826 1970 συγγνώμης
2851 1898 3069 1968 μείζονα
3093 1896 3187 1947 καὶ
3215 1894 3283 1947 τά
3312 1890 3731 1962 φιλανθρωπίας

2142 1988 2243 2040 οὐκ
2272 1986 2417 2052 ἀξια,
2449 1986 2585 2040 ἀλλά
2622 1985 2691 2038 τά
2732 1982 2905 2054 μικρά
2943 1981 3035 2034 καὶ
3082 1976 3505 2048 κατεσταλμένα.
3535 1974 3731 2043 Ὑμεῖς

2144 2074 2199 2125 ol
2226 2070 2635 2139 πνευματικοί.
2676 2068 2736 2120 '0
2783 2066 2882 2137 μὲν
2924 2061 3205 2135 ἁμαρτὼν,
3246 2060 3556 2131 ἄνθρωπος,
3584 2055 3732 2139 οίῌδέ

2145 2135 2558 2223 κατορθοῦντες,
2600 2135 2985 2220 πνευματικοί.
3024 2145 3173 2198 Ἐκεῖ
3214 2145 3317 2213 τῆς
3348 2142 3559 2210 φύσεως
3602 2135 3736 2191 εἷπε.

2145 2237 2206 2289 τὸ
2248 2236 2445 2307 ὄνομα,
2492 2232 2728 2289 ἐνταῦθα
2768 2232 2867 2302 τῆς
2903 2230 3102 2302 ἀρετῆς
3135 2227 3295 2297 ἔθηκε
3321 2225 3417 2296 τὴν
3452 2238 3736 2294 προσηγο-

2188 2318 2292 2372 ίαν.

2148 2337 2360 2455 ρἬᾶλυ
2392 2401 2451 2454 δὲ
2479 2400 2539 2453 τὸ
2569 2399 2733 2470 μέσον
2757 2396 2851 2450 τοῦ
2894 2392 3186 2465 ἀνθρώπου
3220 2393 3315 2446 καὶ
3342 2390 3437 2444 τοῦ
3480 2403 3723 2470 meum}:

2145 2485 2322 2540 τικοῦ.
2363 2483 2547 2554 Ὑμεῖς
2570 2466 2631 2537 οἱ
2675 2479 3087 2550 πνευματικοί.
3132 2478 3197 2531 Εἰ
3242 2472 3606 2546 πνευματικὸς
3650 2466 3735 2533 εἴ,

2146 2571 2315 2637 δεῖξόν
2344 2587 2433 2641 μοι
2465 2569 2564 2639 τὴν
2597 2566 2750 2637 ἰσχύν
2774 2582 2890 2631 σου,
2920 2564 2995 2634 μὴ
3020 2562 3130 2616 ἀπὸ
3160 2561 3262 2630 τῆς
3297 2559 3397 2629 σῆς
3428 2554 3732 2641 σωτηρία-ξ.

2149 2655 2285 2708 ἁλλά
2324 2638 2417 2708 καὶ
2446 2638 2554 2705 ἀπὸ
2582 2651 2681 2721 τῆς
2710 2648 2851 2720 ἐμῆς
2880 2646 3175 2717 σωτηρίας,
3215 2642 3352 2697 ἀλλά
3376 2643 3469 2695 καὶ
3495 2639 3601 2693 ἀπὸ
3626 2638 3736 2707 τῆς

2152 2737 2398 2809 βοηθείας
2429 2735 2527 2806 τῆς
2556 2735 2634 2797 είς
2659 2734 2785 2794 τοὺς
2810 2728 3185 2789 πεπτωκότας.
3216 2725 3388 2778 Τοῦτο
3420 2723 3524 2792 γὰρ
3564 2737 3741 2774 πνευυ

2154 2806 2403 2891 ματικοῦ,
2456 2818 2531 2890 μὴ
2568 2817 2830 2889 περιορᾷν
2878 2814 2947 2867 τά
2990 2814 3164 2866 οἰκεῖα
3205 2810 3339 2882 μέλη
3388 2806 3737 2880 ἠμελημένα.

2152 2901 2526 2971 Κιιταρτίζετε
2590 2901 2695 2953 τὸν
2751 2898 3043 2951 τοιοῦτον.
3114 2894 3437 2964 Ἀχείρωτον
3490 2891 3737 2951 ποιεῖτε,

2153 2988 2335 3058 φησὶν,
2367 2982 2827 3053 ἀκαταγώνιστον,
2855 2981 3065 3051 ἄμαχον
3094 2978 3170 3050 τῷ
3198 2977 3448 3047 διαϐόλῳ.
3479 2972 3742 3029 Σκαιῶν

2151 3070 2429 3134 σεαυτὸν,
2451 3068 2536 3138 μὴ
2564 3066 2663 3121 καὶ
2697 3066 2778 3120 σὺ
2810 3060 3163 3132 πειρασθῇς.

2224 3158 2289 3228 β’.
2312 3156 2461 3227 Αὕτη
2495 3155 2721 3226 μεγίστη
2747 3152 3046 3224 συμδουλὴ,
3066 3146 3443 3218 ἀναγκαστικὴ
3468 3144 3742 3216 παραίνε-

2154 3262 2257 3308 σις.
2287 3245 2403 3298 Κάν
2436 3243 2579 3306 λίθος
2672 3242 2700 3294 6
2732 3239 2967 3305 ἁκούων,
2994 3236 3179 3291 ἱκανὸν
3212 3235 3374 3288 αὑτὸν
3405 3231 3636 3302 φοϐῆσαι
3668 3229 3742 3280 τὸ

2156 3332 2328 3404 ρἧαν
2359 3331 2455 3384 καὶ
2488 3328 2623 3401 πρὸς
2658 3326 2926 3397 ἀνάληψιν
2946 3325 3208 3396 διεγεῖραι
3240 3321 3333 3375 τοῦ
3362 3318 3740 3379 πεπτωκότος.

2154 3420 2230 3476 Ού
2264 3419 2461 3489 βούλει,
2490 3416 2675 3488 φησὶν,
2702 3415 2777 3478 ὼς
2799 3413 3025 3479 ἀδελφὸς
3065 3412 3286 3484 ἐλεῆσαι
3311 3426 3325 3475 ;
3356 3409 3415 3463 ού
3450 3406 3628 3478 βούλει
3655 3405 3745 3468 ὼς

2154 3507 2426 3578 ἀνθρώπῳ
2477 3506 2593 3558 ὄντι
2642 3502 2826 3557 δοῦναι
2893 3500 3263 3571 συγγνώμην;
3312 3498 3371 3551 οὐ
3426 3495 3606 3567 βούλει
3657 3494 3745 3557 ὡς

2157 3594 2524 3667 πνευματικὸς
2568 3594 2727 3667 χεῖρα
2763 3589 2983 3663 ὀρέξαι;
3016 3589 3096 3641 Τά
3126 3587 3269 3642 κατά
3304 3584 3497 3639 σαυτὸν
3531 3582 3747 3651 σκόπη-

2158 3700 2271 3747 σον,
2300 3682 2394 3735 καὶ
2424 3681 2484 3734 ού
2515 3679 2681 3751 δεήσῃ
2708 3677 2803 3732 τοῦ
2837 3673 3299 3747 συμϐουλεύοντος
3320 3712 3336 3733 ,
3361 3671 3503 3725 ὥστε
3533 3668 3745 3740 βοηθῆ-

2159 3787 2250 3824 σαι
2277 3769 2354 3841 τῷ
2385 3766 2642 3839 κειμένῳ,
2674 3765 2788 3819 ἀλλ’
2816 3764 3029 3818 οἴκοθεν
3054 3762 3149 3815 καὶ
3177 3761 3328 3833 παρά
3357 3757 3557 3814 σαυτοῦ
3587 3756 3743 3821 δέξαι

2156 3859 2253 3931 τὴν
2292 3856 2635 3930 παραίνεσιν.
2662 3854 2787 3918 Πῶς
2810 3855 2905 3907 καὶ¹
2934 3853 3043 3906 τίνι
3072 3850 3263 3923 τρόπῳ
3287 3866 3303 3915 ;
3354 3845 3608 3902 Σκοπῶν
3631 3862 3747 3898 σεο

2158 3946 2364 4013 αυτὸν,
2414 3944 2577 4015 φησὶ,
2614 3942 2701 4013 μὴ
2747 3942 2844 3997 καί
2888 3940 2970 3996 σὺ
3012 3936 3367 4009 πειρασθῇς.
3430 3937 3544 3990 Οὐκ
3592 3931 3742 3997 εἷπε,

2152 4044 2376 4106 Πάντως
2406 4035 2514 4105 γάρ
2542 4034 2636 4087 καὶ
2664 4034 2728 4086 σὺ
2770 4031 3088 4102 ἁμαρτήσῃ,
3118 4029 3205 4083 ἵνα
3231 4028 3308 4099 μὴ
3332 4023 3739 4096 φορτικώτερον

2160 4126 2364 4196 ποιήσῃ
2385 4123 2473 4176 τὸν
2501 4122 2658 4190 λόγον
2680 4137 2693 4151 ο
2722 4119 2860 4173 ἀλλά
2898 4119 3044 4183 πῶς;
3073 4116 3169 4183 Μή
3203 4133 3329 4169 ποτε
3358 4114 3457 4167 καὶ
3497 4112 3580 4166 σὺ
3616 4128 3747 4164 πει-

2152 4210 2411 4283 ρασθῇς.
2440 4211 2599 4271 Ἴσως
2623 4206 2679 4259 δὲ
2710 4208 3025 4277 ἁμαρτήσῃ,
3050 4206 3179 4267 ἴσως
3206 4204 3262 4257 δὲ
3288 4203 3386 4272 ούχ
3418 4201 3747 4272 ἁμαρτήσῃ.

2174 4298 2326 4353 Ἐπεὶ
2353 4294 2446 4352 οῦν
2478 4295 2672 4367 ἄδηλον
2699 4294 2759 4349 τὸ
2795 4292 2987 4364 μέλλον
3010 4332 3027 4358 ,
3061 4291 3377 4364 προαπόθου
3422 4306 3505 4342 σοι
3551 4287 3751 4355 φιλαν-

2162 4387 2405 4459 θρωπίας
2447 4384 2657 4457 ἔρανον,
2704 4382 2770 4435 δι’
2796 4375 2869 4436 ὧν
2901 4382 2980 4444 είς
3008 4380 3099 4433 τὸν
3152 4378 3375 4450 πλησίον
3430 4377 3626 4438 ποιεῖς,
3674 4376 3751 4444 ἣν

2163 4492 2292 4530 ποτε
2342 4470 2778 4545 περιτραπείης,
2832 4467 3031 4538 πολλὴν
3090 4467 3341 4540 εὑρήσεις
3405 4462 3751 4531 συγγνώμης

2162 4561 2446 4635 ἀποθήκην
2484 4557 2876 4627 ἀποκειμένην.
2920 4555 3034 4608 Ούκ
3062 4548 3203 4618 εἷπε,
3240 4553 3329 4623 Μή
3368 4568 3501 4604 ποτε
3543 4552 3638 4603 καὶ
3677 4552 3749 4601 σὺ

2164 4653 2435 4724 ἁμάρτῃς,
2472 4650 2545 4719 μή
2573 4662 2703 4700 ποτε
2733 4645 2827 4697 καὶ
2853 4643 2917 4696 σὺ
2943 4642 3143 4713 πέσῃς·
3170 4640 3468 4711 προσέχετε
3496 4638 3750 4708 ἀκριϐῶς

2163 4743 2227 4811 τῇ
2257 4738 2483 4807 δυνάμει
2515 4733 2623 4788 τῶν
2652 4732 2910 4804 ῥημάτων
2932 4730 3110 4783 αὐτῶν
3131 4746 3145 4760 ·
3176 4728 3330 4791 ἀλλά,
3364 4724 3457 4791 Μή
3486 4742 3617 4777 ποτε
3642 4725 3752 4776 καὶ

2164 4829 2245 4881 σὺ
2272 4821 2623 4893 πειρασθῇς.
2650 4817 2888 4883 Ἔδειξεν
2911 4818 2991 4871 ὅτι
3017 4815 3279 4886 πειρατὴν
3306 4812 3502 4883 ἔχομεν
3522 4811 3747 4883 ἐχθρόν’

2164 4918 2193 4970 ό
2224 4915 2280 4968 δὲ
2307 4910 2573 4984 πειρατὴς
2601 4909 2699 4977 οὐχ
2726 4905 3146 4977 ὡμολογημένον
3186 4903 3284 4972 τῆς
3322 4901 3626 4962 ἐπιθέσεως
3650 4900 3751 4953 τὸν

2166 5003 2354 5075 καιρὸν
2385 5002 2518 5073 ἔχει,
2554 4997 2689 5051 ἀλλά
2724 4995 2984 5057 πολλάκις
3012 4994 3143 5063 ἡμῖν
3176 4992 3268 5044 καὶ
3292 4988 3616 5041 καθεύδουσι
3646 4988 3753 5040 καὶ

2168 5091 2501 5170 ρᾳθυμοῦσιν
2527 5086 2825 5141 ἐπιτίθεται
2844 5099 2859 5115 ⁸
2888 5083 2975 5136 διά
3003 5082 3162 5170 τοῦτο
3203 5081 3451 5142 κάκεῖνος
3477 5080 3506 5131 ὁ
3536 5078 3748 5147 προλη-

2166 5166 2320 5256 φθεὶς
2350 5177 2679 5249 συγγνώμης
2706 5173 2856 5238 ἄξιος
2874 5212 2888 5236 ,
2918 5169 3108 5241 ἐπειδὴ
3133 5169 3238 5221 ὑπὸ
3280 5166 3539 5237 πειρατοῦ
3576 5166 3744 5219 ἑάλω.

2167 5253 2244 5326 Οὐ
2275 5270 2383 5340 γὰρ
2408 5265 2474 5340 ἦν
2515 5262 2665 5336 [690]
2691 5259 2841 5331 αὐτῷ
2866 5258 3081 5329 φανερὰ
3108 5259 3141 5328 ἡ
3175 5257 3344 5328 μάχη,
3376 5254 3497 5308 οὐδὲ
3529 5253 3740 5323 ὡμολο-

2167 5359 2403 5431 γημένος
2434 5357 2462 5409 6
2486 5352 2674 5424 καιρὸς
2701 5350 2793 5404 τοῦ
2830 5347 3088 5417 πολέμου,
3126 5344 3263 5400 ἀλλά
3297 5342 3583 5412 ἀγνοοῦντι
3614 5342 3751 5395 uti.

2169 5450 2323 5511 θετο,
2357 5446 2453 5501 καὶ
2476 5443 2564 5497 διὰ
2587 5439 2746 5495 τοῦτο
2774 5438 3141 5510 περιεγένετο.
3165 5433 3324 5491 Οὕτω
3350 5432 3443 5486 καὶ
3472 5435 3523 5485 οἱ
3552 5431 3751 5485 πλέονα

2165 5550 2260 5599 τες
2287 5533 2387 5604 τὴν
2420 5530 2689 5584 θάλατταν
2712 5524 2813 5595 τὴν
2845 5522 3087 5594 μεγάλην
3114 5522 3318 5591 ταύτην
3363 5518 3459 5571 καὶ
3507 5516 3753 5587 εὐρύχω-

2172 5639 2264 5696 ρον
2289 5603 2520 5672 ποιοῦσι.
2536 5613 2656 5696 Κᾶν
2680 5609 2940 5696 ἐξουρίων
2962 5609 3145 5696 αὐτοῖς
3168 5608 3400 5696 φέρηται
3513 5604 3750 5696 σκάφος,

2169 5687 2273 5761 κᾶν
2316 5700 2496 5769 πάσης
2525 5694 2868 5759 ἀπολαύωσιν
2895 5692 3213 5760 ἀσφαλείας,
3247 5689 3395 5743 ἴδωσι
3424 5689 3482 5741 δὲ
3526 5687 3755 5758 πόρρω-

2172 5792 2261 5847 θεν
2288 5786 2699 5858 ναυαγήσαντας
2730 5780 2947 5854 ἐτέρους
2970 5821 2983 5845 ,
3018 5778 3077 5832 ού
3116 5778 3248 5851 πρὸς
3273 5778 3371 5850 τήν
3415 5776 3624 5831 οἰκείαν
3655 5776 3754 5829 εὑ-
