4028 6360
246 395 345 452 εει

246 510 508 569 firment:
539 520 598 568 et
620 512 686 567 iis
709 513 797 580 qui
827 511 1137 579 abfuerunt,
1162 525 1267 566 non
1293 518 1400 565 tam
1424 509 1740 564 damnosum
1765 508 1836 563 sit

244 604 505 669 abfuisse,
524 604 569 658 si
590 614 644 659 et
666 605 795 673 ipsis
820 605 1115 660 innotescat
1141 604 1383 659 doctrina
1405 602 1607 671 pridem
1637 600 1837 654 habita.

250 694 317 747 lit
344 691 589 748 fortassis
626 694 807 750 dicent
835 695 925 765 qui
956 710 1169 765 semper
1198 704 1320 749 sunt
1357 702 1648 764 pra-sentes
1668 732 1683 754 ,
1714 706 1839 759 pro-

249 795 369 853 pter
399 784 516 839 illos
544 800 713 854 nuper
738 785 878 839 dicta
910 800 1014 839 non
1044 800 1165 839 esse
1191 783 1508 839 resumenda
1532 822 1548 848 ,
1586 791 1644 836 ut
1680 783 1716 835 ii
1750 779 1840 849 qui

245 892 371 930 cum
394 878 511 931 aliis
531 877 819 932 convenire
842 888 1297 946 contempserunt,
1320 878 1419 931 hoc
1442 876 1637 930 damno
1656 889 1842 929 emen-

249 966 465 1029 dentur,
498 977 552 1021 et
581 968 709 1020 fiant
739 966 959 1034 posthac
984 967 1369 1038 diligentiores.

322 1059 475 1115 Zelus
513 1059 865 1128 temperandus
893 1059 1255 1113 misericordia.
1285 1084 1356 1100 -
1402 1057 1659 1128 Equidem
1716 1058 1834 1110 lau-

249 1146 341 1207 do,
369 1147 512 1217 quod
554 1147 776 1203 fratrum
823 1148 1017 1205 doletis
1058 1150 1344 1219 ignaviam,
1375 1158 1429 1203 et
1457 1149 1694 1203 admiror
1743 1164 1835 1201 ze-

249 1238 361 1291 lum
396 1257 410 1293 :
444 1240 637 1294 vellem
666 1248 843 1294 autem
873 1256 966 1293 vos
987 1243 1157 1294 zelum
1184 1240 1324 1295 hunc
1354 1250 1654 1310 temperare
1684 1241 1844 1294 mise-

248 1330 503 1385 ricordia.
534 1331 688 1386 Zelus
714 1333 855 1387 enim
898 1334 1102 1388 veniam
1130 1348 1349 1404 negans,
1380 1334 1558 1402 potius
1591 1331 1738 1388 furor
1763 1340 1845 1385 est

251 1436 411 1490 quam
443 1422 607 1486 zelus,
636 1431 691 1478 et
716 1422 1031 1488 admonitio,
1068 1425 1287 1480 lenitate
1326 1425 1609 1489 destituta,
1647 1424 1844 1478 invidia

249 1512 495 1581 qmedam
522 1523 623 1568 est.
651 1515 986 1586 Quapropter
1010 1516 1178 1585 magis
1205 1531 1300 1570 vos
1326 1516 1573 1579 obsecro,
1603 1531 1671 1570 ne
1698 1531 1846 1569 ama-

260 1619 323 1658 re
349 1604 416 1659 de
438 1606 1073 1676 proximorumjudicetis
1125 1608 1377 1675 peccatis.
1425 1606 1556 1661 Nam
1612 1607 1752 1661 sicut
1800 1607 1845 1662 is

250 1698 341 1766 qui
370 1698 570 1769 absque
610 1701 1076 1755 commiseratione
1095 1700 1312 1753 vulnera
1342 1699 1564 1753 fratrum
1596 1707 1840 1769 spectat,

251 1790 457 1843 nullum
490 1790 725 1846 inveniet
767 1790 858 1861 qui
898 1806 958 1845 se
995 1791 1243 1861 dignetur
1268 1790 1444 1853 venia,
1474 1790 1519 1844 si
1546 1789 1760 1859 quando
1789 1799 1843 1843 et

250 1880 370 1949 ipse
391 1882 688 1950 peccaverit
720 1900 732 1935 :
763 1881 834 1935 ita
878 1882 964 1950 qui
1012 1896 1134 1935 cum
1178 1880 1542 1935 misericordia
1583 1879 1650 1935 de
1692 1880 1843 1948 lapsu

249 1972 483 2043 proximi
508 1973 732 2042 judicat,
759 1973 804 2027 si
826 1974 1037 2043 quando
1057 1984 1111 2029 et
1131 1975 1246 2044 ipse
1271 1973 1635 2043 supplantatus
1667 1973 1839 2037 fuerit,

252 2064 451 2119 multos
476 2065 673 2119 videbit
699 2081 913 2121 manum
946 2068 1299 2136 porrigentes.
1350 2066 1415 2119 Et
1441 2064 1553 2119 hinc
1581 2080 1719 2118 nunc
1758 2064 1844 2119 di-

250 2173 318 2212 oo
341 2199 359 2223 ,
389 2173 493 2212 non
515 2159 658 2228 quod
687 2158 848 2213 velim
875 2174 1060 2214 eorum
1104 2158 1191 2229 qui
1218 2173 1340 2213 raro
1385 2157 1489 2213 huc
1520 2157 1846 2212 conveniunt

250 2251 628 2320 negligentiam
656 2252 864 2321 augeri,
895 2250 989 2305 sed
1017 2250 1159 2321 quod
1202 2251 1462 2319 majorem
1513 2264 1697 2304 curam
1743 2265 1843 2304 uo-

246 2354 417 2399 stram
443 2358 566 2412 erga
596 2343 718 2398 illos
745 2343 977 2413 cupiam,
997 2343 1066 2397 ita
1094 2353 1151 2397 ut
1179 2358 1299 2398 cum
1328 2343 1537 2397 ratione
1564 2351 1620 2397 et
1646 2342 1845 2396 amoris

244 2434 447 2490 aﬂ'ectu
472 2443 705 2503 geratur.
759 2434 1009 2503 Alioquin
1048 2443 1104 2488 et
1146 2448 1246 2489 nos
1266 2434 1630 2503 superioribus
1651 2432 1841 2488 diebus

254 2525 453 2579 multos
475 2534 531 2578 et
560 2524 747 2594 longos
771 2540 1050 2580 sermones
1077 2524 1358 2580 adversum
1382 2526 1498 2579 illos
1528 2526 1840 2595 pronuntia—

248 2618 447 2677 vimus,
478 2626 534 2671 et
578 2632 748 2686 neque
777 2617 1049 2671 hominum
1080 2618 1297 2672 nomine
1337 2616 1528 2687 dignos
1567 2617 1795 2671 diximus
1823 2632 1841 2672 :

250 2708 395 2762 sicut
423 2710 745 2764 meministis
772 2708 848 2782 (a)
877 2725 974 2765 nos
996 2709 1049 2764 in
1082 2709 1182 2764 hoc
1207 2710 1525 2779 produxisse
1558 2709 1843 2780 prepbetas

248 2796 387 2852 duos
436 2799 732 2869 przecipuos
776 2808 963 2856 contra
1014 2801 1134 2855 illos
1166 2820 1179 2854 :
1210 2815 1441 2871 quorum
1489 2816 1627 2855 unus
1674 2801 1842 2858 dicit:

259 2889 389 2943 Veni
413 2932 427 2952 ,
459 2901 505 2943 et
532 2909 632 2945 non
656 2902 762 2946 erat
789 2893 938 2948 homo
972 2908 995 2948 :
1019 2893 1209 2955 vocavi,
1235 2903 1282 2947 et
1312 2909 1415 2946 non
1440 2902 1547 2946 erat
1575 2893 1663 2963 qui
1689 2892 1842 2946 audi-

246 2991 324 3033 ret
349 2979 508 3051 (Isai.
535 2982 624 3037 50.
665 2982 755 3051 2);
787 2983 923 3038 alius
961 2993 1137 3037 autem
1180 2984 1411 3046 clamat,
1444 2991 1499 3038 et
1542 2984 1672 3037 dicit
1702 3001 1716 3037 :
1748 2980 1842 3037 Cui

247 3074 431 3141 loquar
459 3084 509 3127 et
558 3075 909 3143 testiﬁcabor?
961 3074 1343 3128 lnrircumciscc
1387 3090 1536 3127 aures
1571 3090 1768 3140 eorum,
1796 3082 1842 3127 et

236 3182 350 3235 non
366 3179 577 3236 possunt
604 3167 784 3223 audire
813 3166 870 3232 (Ι
876 3185 947 3221 er.
967 3168 1021 3223 6.
1049 3168 1159 3237 10).
1180 3167 1382 3235 Quibus
1405 3168 1582 3222 verbis
1604 3176 1838 3223 mentem

247 3272 435 3312 eorum
464 3260 594 3314 satis
619 3260 820 3315 acriter
847 3262 1271 3331 perstrinximus.
1316 3260 1465 3315 Nunc
1489 3276 1618 3315 vero
1649 3262 1840 3315 iterum

240 3350 601 3418 obsecramus
629 3369 643 3404 :
684 3351 763 3407 sic
799 3352 941 3408 enim
969 3360 1025 3407 et
1061 3353 1258 3406 Paulus
1282 3352 1443 3421 jussit
1475 3370 1487 3403 :
1520 3354 1688 3423 Argue
1708 3393 1723 3417 ,
1757 3353 1838 3406 in-

246 3440 385 3510 quit,
408 3442 635 3510 increpa,
654 3443 859 3497 obsecra
894 3443 970 3515 (2.
995 3442 1126 3497 Tim.
1154 3444 1208 3498 4.
1243 3443 1323 3513 2).
1355 3443 1538 3514 Neque
1565 3445 1706 3498 enim
1740 3445 1841 3500 hoc

238 3548 466 3601 semper
491 3534 663 3588 solum
702 3550 863 3604 agere
886 3545 1118 3605 oportet,
1153 3551 1324 3606 neque
1351 3551 1564 3604 semper
1595 3537 1721 3591 illud
1744 3553 1837 3591 so-

245 3622 358 3677 lum
386 3642 399 3675 :
422 3624 517 3679 sed
539 3636 820 3696 utrumque
843 3626 1064 3682 alternis
1089 3627 1323 3690 vicibus,
1369 3642 1476 3695 quo
1521 3628 1693 3697 major
1718 3629 1840 3684 inde

238 3727 507 3788 sequatur
532 3719 745 3774 utilitas.
783 3720 914 3774 Nam
942 3720 986 3773 si
1016 3735 1228 3789 semper
1254 3736 1595 3788 argueremus
1616 3763 1628 3785 ,
1662 3720 1840 3791 impué-

241 3811 521 3866 dentiores
561 3811 637 3866 illi
676 3811 953 3867 fierent:si
978 3826 1193 3881 semper
1231 3810 1662 3879 obsecraremus,
1694 3813 1838 3881 igna-

246 3904 428 3959 viores
455 3905 825 3960 redderentur.
866 3904 1202 3975 Quapropter
1230 3913 1285 3959 et
1314 3904 1509 3960 medici
1537 3922 1643 3959 non
1664 3906 1837 3961 solum

243 4005 453 4059 secant,
485 3996 583 4050 sed
616 4005 669 4050 et
690 3996 906 4052 vulnera
933 3996 1166 4066 obligant
1192 4013 1207 4053 ;
1240 4011 1414 4064 neque
1448 4011 1660 4066 semper
1686 4012 1836 4052 ama-

243 4102 329 4152 ra,
348 4087 442 4142 sed
468 4104 865 4159 nonnumquam
885 4089 1045 4143 etiam
1062 4090 1199 4144 lenia
1215 4091 1496 4158 pharmaca
1520 4090 1833 4146 infundunt:

244 4190 308 4233 nt
340 4195 434 4249 per
456 4181 629 4250 priora
657 4182 747 4236 illa
781 4183 1128 4252 purilicentur
1150 4184 1333 4237 sanies
1358 4194 1413 4238 et
1454 4186 1675 4253 putredo
1695 4227 1709 4251 ,
1742 4201 1837 4256 per

241 4274 543 4341 posteriora
586 4284 765 4329 autem
803 4274 1072 4345 mitigetur
1100 4274 1308 4329 inustus
1331 4274 1398 4328 ab
1427 4276 1527 4328 illis
1563 4275 1734 4329 dolor.
1768 4275 1836 4331 Et

242 4361 448 4418 idcirco
476 4362 596 4419 alibi
615 4379 830 4436 quoque
853 4364 1023 4435 inquit
1056 4364 1250 4421 Paulus
1281 4382 1295 4419 :
1326 4364 1557 4432 Fratres,
1581 4367 1624 4419 si
1646 4382 1836 4435 prwoc-

236 4465 459 4522 ,θυραίας
489 4454 643 4523 fuerit
666 4456 816 4509 homo
840 4456 893 4509 in
920 4456 1092 4523 aliqua
1121 4456 1321 4518 delicto,
1355 4472 1442 4510 vos
1482 4458 1567 4524 qui
1587 4459 1831 4527 spiritua-

241 4541 320 4595 les
341 4543 479 4610 estis,
507 4547 744 4614 corripite
769 4547 938 4613 illum,
963 4546 1290 4601 considerans
1312 4548 1668 4617 temetipsum,
1700 4566 1764 4604 ne
1787 4560 1835 4604 et

237 4642 297 4686 tu
321 4635 733 4707 tenteris((.‘alat.
757 4637 812 4692 ϐ.
844 4638 923 4708 1).
957 4639 1171 4709 Optima
1194 4639 1508 4704 admonitio,
1543 4642 1831 4709 perfectum

238 4724 529 4780 consilium
549 4767 565 4791 ,
589 4727 728 4796 quod
754 4736 973 4798 paterna
995 4731 1201 4783 viscera
1226 4728 1495 4796 declarat,
1525 4739 1579 4784 et
1606 4732 1723 4799 ejus
1742 4733 1832 4802 qui

236 4831 492 4887 magnam
519 4819 687 4873 nostri
710 4834 890 4874 curam
912 4824 1070 4890 gerit.
1101 4820 1240 4877 Vere
1266 4822 1460 4891 linguae
1480 4822 1626 4876 Pauli
1650 4823 1830 4892 verba,

235 4909 458 4963 fratres.
488 4909 628 4967 Satis
657 4912 856 4967 eximio
883 4913 1100 4967 nomine
1126 4913 1443 4969 benevolum
1478 4914 1705 4969 reddidit
1734 4930 1831 4969 au-

235 5001 473 5056 ditorem
512 5005 705 5073 :quasi
768 5004 1050 5059 dicturus:
1079 5004 1328 5073 Ejusdem
1376 5006 1513 5061 uteri
1564 5018 1719 5076 partu
1778 5018 1832 5061 et

235 5092 522 5149 doloribus
547 5107 840 5166 prognatus
863 5111 943 5160 es,
961 5096 1461 5152 eumdemhabuisti
1489 5111 1717 5168 patrem,
1738 5100 1831 5155 iis-

234 5184 365 5238 dem
390 5185 659 5239 alimentis
681 5186 937 5241 educatus
958 5203 1036 5251 es,
1064 5189 1469 5243 communicasti
1518 5191 1564 5244 ei
1594 5190 1647 5243 in
1676 5201 1830 5260 partu

235 5276 540 5347 spirituali;
571 5279 939 5348 cognationem
961 5288 1014 5333 et
1042 5278 1425 5334 fraternitatem
1449 5280 1585 5335 hanc
1603 5283 1761 5336 etiam
1780 5282 1831 5337 in

236 5368 575 5438 corrigendis
597 5371 823 5439 proximi
852 5372 1042 5425 erratis
1065 5370 1316 5426 declara..
1355 5372 1418 5426 Si
1442 5384 1827 5443 prwoccupatus

237 5460 417 5528 fuerit.
445 5459 562 5514 Non
592 5462 745 5528 dixit,
775 5463 829 5516 Si
856 5472 1059 5532 peccet,
1088 5462 1181 5517 sed
1202 5461 1267 5516 ad
1283 5478 1451 5532 genus
1478 5463 1678 5532 peccati
1705 5478 1833 5518 con-

238 5552 413 5621 fugit,
434 5552 579 5623 quod
604 5553 859 5621 majorem
891 5564 1126 5609 meretur
1146 5555 1381 5610 veniam.
1410 5553 1470 5609 Si
1501 5556 1831 5626 praeoccupa-

239 5652 326 5694 tus
352 5644 509 5711 fuerit
535 5659 554 5697 :
589 5642 693 5697 hoc
715 5653 819 5711 est,
851 5645 894 5698 si
924 5645 1155 5715 graviter
1182 5653 1416 5699 tentatus
1456 5646 1830 5713 succubuerit,

294 5776 378 5847 .(a)
411 5780 495 5827 Hic
514 5778 714 5847 denotat
730 5792 1007 5847 sermonem
1024 5782 1072 5829 in
1112 5779 1248 5847 illud,
1274 5778 1444 5830 Saulus
1454 5779 1623 5847 adhuc
1645 5780 1834 5844 spirans

229 5843 410 5890 minus.
437 5848 554 5902 ete.,
577 5844 659 5903 qui
678 5849 753 5891 est
773 5843 954 5905 primus
975 5843 1038 5892 de
1060 5844 1317 5893 Mutatione
1339 5844 1602 5893 nominum.

1459 396 1523 452 IN
1562 392 1859 452 GENESIM
1896 393 2126 451 SEBMO
2158 393 2245 449 IX.

1940 510 1991 564 si
2022 510 2295 574 erraverit,
2322 524 2491 581 neque
2512 526 2633 566 eum
2655 513 2744 583 qui
2783 513 2957 568 dedita
2992 527 3151 583 opera
3186 514 3421 583 peccavit
3447 515 3533 567 di-

3429 397 3534 451 622

1945 602 2038 666 cit,
2065 602 2157 655 sed
2198 616 2319 655 eum
2359 603 2447 672 qui
2498 604 2699 658 studuit
2748 606 2885 660 bene
2934 620 3118 676 agere,
3165 604 3532 674 supplantatus

1948 701 2125 746 tamen
2152 702 2287 747 esta
2320 703 2579 763 potestate
2622 696 2881 751 diabolica
2909 708 2962 751 et
3004 698 3192 750 victus.
3239 697 3367 751 Nam
3412 698 3531 750 talis

1949 798 2057 836 non
2099 794 2205 836 tam
2263 786 2655 840 accusationem
2699 803 2856 856 quam
2908 788 3115 842 veniam
3162 800 3417 843 meretur.
3472 788 3534 842 Si

1950 888 2332 946 prwoccupatus
2359 879 2513 949 fuerit
2560 878 2730 932 homo.
2788 879 2983 933 lterum
3035 878 3100 933 ad
3148 881 3307 933 aliam
3361 881 3530 933 venia:

1948 968 2181 1035 Speciem
2206 968 2460 1038 confugit,
2492 985 2683 1038 nempe
2709 979 2911 1022 natura:
2941 970 3303 1024 infirmitatem
3327 1012 3342 1036 ,
3373 986 3532 1041 quant

1950 1061 2165 1113 nomine
2188 1059 2420 1115 hominis
2441 1062 2695 1115 insinuat.
2731 1061 2880 1115 Sicut
2916 1062 3072 1130 igitur
3107 1071 3162 1115 et
3187 1077 3408 1131 magnus
3435 1062 3536 1117 Job

1952 1151 2159 1203 veniam
2210 1165 2239 1204 a
2291 1151 2400 1205 Deo
2457 1152 2744 1220 impetrare
2794 1153 2997 1215 volens,
3026 1150 3443 1219 dicebatzﬁuid
3464 1164 3537 1207 est

1950 1245 2099 1298 homo
2142 1244 2277 1314 quod
2319 1255 2521 1313 reputas
2568 1262 2716 1308 eum,
2744 1255 2793 1297 et
2837 1245 3170 1298 visitationem
3210 1256 3527 1313 peccatorum

1949 1339 2058 1407 ejus
2087 1337 2248 1406 fecisti
2280 1336 2417 1407 (Job.
2445 1338 2498 1391 7.
2528 1338 2648 1401 l7)?
2678 1338 2753 1391 sic
2783 1346 2837 1391 et
2866 1352 2963 1391 nos
3003 1336 3255 1390 faciamus
3277 1380 3291 1403 ,
3323 1337 3535 1405 quando

1949 1442 2070 1481 cum
2099 1436 2374 1496 peccatore
2400 1428 2577 1496 aliquo
2596 1427 2982 1495 expostulatur,
2998 1429 3249 1481 continue
3269 1426 3529 1485 dicamus.

1952 1517 2123 1572 llomo
2142 1526 2223 1572 est
2255 1535 2272 1571 :
2297 1527 2351 1571 et
2382 1527 2585 1571 naturae
2615 1517 2983 1571 recordatione
3021 1516 3086 1571 ad
3116 1516 3537 1570 misericordiam

1952 1607 2313 1678 indignantem
2346 1623 2719 1677 provocemus.
2767 1608 2833 1661 Et
2858 1622 2919 1662 ea
2953 1607 3019 1661 de
3048 1622 3206 1660 causa
3251 1606 3445 1661 Paulus
3472 1608 3538 1658 ad

1950 1711 2189 1755 naturam
2218 1705 2272 1753 et
2297 1700 2412 1770 ejus
2450 1699 2806 1754 infirmitatem
2834 1699 3101 1769 confugit,
3125 1715 3244 1754 cum
3275 1698 3408 1751 dixit
3434 1715 3446 1750 :
3478 1697 3538 1751 Si

1949 1802 1999 1845 et
2046 1803 2432 1862 praeoccupatus
2473 1792 2625 1861 fuerit
2662 1793 2810 1844 homo
2856 1792 2909 1844 in
2938 1790 3109 1860 aliqua
3158 1789 3363 1843 delicto.
3422 1789 3537 1843 Non

1948 1882 2266 1951 simpliciter
2307 1897 2494 1951 magna
2525 1889 2741 1951 peccata
2772 1881 2931 1944 dicit,
2966 1896 3085 1949 qua:
3126 1879 3330 1948 majora
3379 1894 3536 1949 quam

1950 1984 2008 2031 ut
2047 1976 2252 2030 veniam
2301 1984 2357 2030 et
2404 1973 2825 2029 misericordiam
2872 1973 3065 2028 mereri
3109 1971 3411 2036 videantur,
3440 1971 3534 2024 sed

1948 2082 2109 2137 parva
2138 2075 2193 2121 et
2219 2067 2448 2136 abjeeta.
2511 2065 2610 2119 Vos
2637 2066 2725 2135 qui
2752 2064 3061 2134 spirituales.
3089 2061 3141 2117 Is
3184 2063 3272 2133 qui
3314 2069 3499 2132 peccat
3520 2102 3534 2121 ,

1949 2160 2147 2225 homo;
2174 2161 2263 2229 qui
2294 2174 2424 2212 vero
2446 2157 2583 2213 bene
2611 2165 2919 2228 operantur,
2949 2154 3248 2224 spirituales
3269 2152 3535 2208 dicuntur.

1951 2253 2048 2307 llic
2092 2252 2301 2307 virtutis
2341 2250 2656 2327 vocabulum
2697 2248 2905 2321 posuit,
2951 2248 3060 2303 illic
3099 2257 3301 2302 natura:
3344 2261 3538 2301 nomen

1950 2345 2110 2399 dixit.
2398 2350 2403 2353 '

2022 2437 2321 2508 Spiritualis
2376 2437 2525 2489 homo
2571 2436 2700 2504 quis.
2742 2465 2813 2474 ——
2849 2432 3069 2487 Mullum
3128 2442 3304 2485 autem
3363 2429 3537 2485 differt

1949 2528 2127 2589 homo.
2162 2539 2215 2583 et
2239 2528 2550 2597 spiritualis.
2588 2526 2689 2579 Vos
2712 2526 2798 2596 qui
2820 2525 3130 2595 spirituales.
3164 2523 3219 2577 Si
3252 2522 3539 2592 spiritualis

1949 2638 2027 2688 es,
2056 2622 2278 2677 ostende
2302 2622 2431 2676 mihi
2454 2623 2700 2675 virtutem
2730 2629 2896 2685 tuam,
2930 2634 3037 2672 non
3059 2633 3086 2670 a
3112 2626 3219 2681 tua,
3252 2615 3345 2671 sed
3368 2630 3398 2669 a
3422 2630 3539 2669 mea

1947 2732 1975 2771 s
1994 2717 2138 2779 alute,
2170 2714 2263 2769 sed
2286 2730 2315 2767 a
2347 2713 2584 2768 subsidio
2604 2712 2745 2780 quod
2773 2712 2923 2780 lapso
2952 2711 3076 2764 fers.
3107 2708 3219 2763 Hoc
3247 2707 3386 2761 enim
3426 2707 3539 2776 spi-

1947 2809 2155 2865 ritualis
2177 2818 2292 2872 est,
2327 2823 2430 2861 non
2453 2806 2729 2875 despicere
2756 2818 2849 2857 sua
2874 2803 3116 2857 membra
3165 2800 3539 2870 periclitantia.

1948 2898 2194 2953 Instruite
2219 2898 2389 2952 talem.
2422 2897 2624 2961 Facite,
2655 2896 2748 2959 ait,
2779 2908 2846 2948 ne
2875 2893 2993 2962 capi
3022 2892 3209 2962 possit,
3230 2907 3296 2945 ne
3321 2901 3536 2945 certan-

1950 2992 2020 3046 do
2048 2992 2388 3061 defatigctur,
2418 3006 2482 3043 ne
2506 2987 2797 3058 pra-liando
2823 2986 3080 3041 adversus
3098 2982 3368 3037 diabolum
3410 2996 3538 3036 sue-

1949 3082 2182 3137 cumbat.
2211 3081 2549 3136 Considerans
2579 3080 2913 3147 temetipsum,
2947 3093 3009 3130 ne
3040 3086 3087 3130 et
3110 3086 3163 3128 tu
3188 3075 3411 3128 tenteris.

2016 3174 2071 3227 2.
2114 3172 2224 3227 lloe
2249 3186 2514 3227 summmn
2536 3170 2817 3225 consilium
2849 3176 2950 3233 est,
2967 3177 3020 3222 et
3040 3166 3332 3221 admonitio
3358 3165 3500 3219 maxi
3517 3192 3535 3203 ς

1947 3282 2033 3320 me
2055 3280 2270 3335 cogens.
2304 3264 2522 3318 Etiamsi
2545 3278 2737 3318 saxeus
2770 3262 2951 3324 fueris,
2983 3269 3037 3315 et
3058 3259 3242 3315 audias
3265 3301 3280 3325 ,
3310 3259 3535 3314 verbum

1946 3356 2050 3412 hoc
2076 3356 2305 3410 sufficiet
2325 3355 2390 3409 ad
2419 3353 2727 3409 terrendum
2753 3395 2768 3413 ,
2794 3363 2849 3407 et
2875 3351 3298 3422 provocandam,
3327 3366 3432 3421 quo
3457 3349 3534 3403 fc-

1947 3463 2036 3503 ras
2063 3449 2318 3502 auxilium
2348 3447 2518 3517 lapso.
2549 3446 2665 3500 Non
2691 3446 2769 3499 vis
2790 3487 2805 3511 ,
2838 3445 2944 3510 ait,
2975 3453 3033 3497 ut
3064 3444 3228 3497 frater
3258 3441 3535 3496 misereri?

1946 3556 2053 3594 non
2077 3540 2155 3594 vis
2185 3548 2241 3592 ut
2266 3538 2571 3592 hominibus
2597 3535 2892 3591 concedere
2928 3534 3180 3588 veniam?
3209 3548 3313 3587 non
3353 3532 3433 3586 vis
3476 3543 3534 3586 ut

1946 3632 2237 3703 Spiritualis
2266 3646 2480 3685 manum
2509 3629 2821 3699 porrigere?
2850 3627 3139 3681 Considera
3170 3625 3532 3680 conditionem

1946 3736 2132 3781 tuam:
2164 3734 2348 3780 etnon
2401 3723 2659 3793 indigebis
2702 3722 3026 3785 consiliario,
3072 3719 3165 3775 sed
3199 3736 3293 3789 per
3342 3728 3532 3774 temet-

1944 3819 2116 3887 ipsum
2144 3820 2408 3886 jacentem
2430 3814 2657 3885 juvabis,
2688 3822 2743 3867 et
2763 3827 2790 3865 a
2815 3812 3095 3880 temetipso
3132 3809 3527 3864 admoneberis.

1943 3910 2061 3975 Quo
2088 3918 2261 3978 pacto,
2290 3914 2344 3961 et
2372 3922 2477 3976 quo
2507 3904 2703 3960 modo?
2727 3902 3062 3959 Considerans
3078 3902 3413 3970 temetipsum,
3432 3901 3525 3965 ait,

1943 4020 2007 4057 ne
2032 4012 2079 4055 et
2103 4012 2155 4055 tu
2178 4003 2397 4055 (emeris.
2426 3999 2541 4054 Non
2563 3999 2731 4053 dixit:
2762 3998 2891 4053 Nam
2921 3996 3140 4051 omnino
3167 4006 3220 4049 et
3248 4005 3301 4049 tn
3335 4010 3527 4066 pecea-

1942 4094 2045 4164 bis,
2077 4112 2143 4150 ne
2172 4094 2445 4149 molestior
2467 4103 2609 4147 esset
2632 4110 2644 4145 :
2670 4090 2765 4145 sed
2784 4090 3047 4159 quomodo
3076 4089 3248 4143 dixit?
3268 4087 3350 4142 Ne
3366 4104 3529 4157 quan-

1941 4186 2011 4242 do
2036 4198 2082 4241 et
2105 4197 2156 4240 tu
2182 4185 2403 4239 tentet-is.
2451 4183 2591 4239 Fieri
2641 4181 2781 4237 enim
2812 4190 2991 4252 potest
3035 4190 3091 4235 ut
3139 4194 3325 4249 pecces
3359 4194 3373 4231 :
3408 4177 3523 4232 fieri

1942 4280 2103 4333 etiam
2130 4286 2304 4348 potest
2334 4286 2389 4330 ut
2438 4290 2542 4330 non
2571 4290 2777 4345 pecces.
2810 4274 2875 4328 Et
2904 4274 3026 4344 quia
3055 4274 3313 4327 incertum
3338 4283 3419 4327 est
3440 4272 3527 4325 fu-

1941 4380 2138 4433 turum,
2173 4383 2301 4439 para
2349 4368 2439 4421 tibi
2487 4365 2867 4421 misericordiae
2917 4364 3211 4433 sportulas,
3264 4378 3397 4434 quas
3451 4363 3527 4417 illi

1939 4461 2130 4527 dones,
2162 4470 2217 4514 ιιι
2256 4476 2349 4530 per
2376 4459 2465 4513 illa
2493 4474 2611 4528 quae
2659 4457 2901 4528 proximo
2944 4455 3246 4524 impendis,
3276 4455 3322 4508 si
3369 4464 3423 4508 et
3471 4462 3527 4509 tu

1939 4552 2222 4623 aliquando
2246 4552 2422 4620 lapsus
2444 4549 2608 4605 fueris
2630 4591 2646 4615 ,
2678 4548 2921 4603 invenias
2972 4546 3331 4616 promptuaria
3366 4544 3528 4598 mise-

1940 4647 2146 4701 ratione
2186 4644 2403 4699 referta.
2456 4642 2571 4697 Non
2602 4642 2758 4705 dixit,
2804 4641 2879 4695 Ne
2907 4640 3120 4710 quando
3146 4649 3199 4693 et
3228 4647 3281 4692 tu
3312 4653 3524 4707 pecces,

1908 4753 2009 4792 -ne
2036 4736 2247 4807 quando
2273 4747 2325 4789 et
2350 4744 2404 4789 tu
2439 4734 2598 4789 cadas
2628 4752 2641 4786 :
2674 4733 2934 4788 attendite
2979 4732 3266 4802 diligenter
3302 4730 3367 4783 ad
3416 4729 3523 4782 vim

1940 4828 2226 4884 verborum
2268 4827 2509 4897 ipsorum
2537 4845 2550 4880 :
2575 4825 2668 4880 sed
2690 4866 2707 4892 ,
2762 4823 2847 4877 Ne
2900 4823 3113 4894 quando
3142 4832 3188 4876 et
3217 4832 3270 4876 tu
3299 4820 3522 4874 tenteris.

1938 4921 2057 4989 Quo
2087 4920 2245 4975 simul
2291 4919 2590 4985 indicatur,
2620 4932 2719 4972 nos
2749 4918 2948 4972 habere
2984 4916 3256 4969 inimicum
3294 4922 3526 4967 tentato-

1938 5029 2051 5067 rem
2081 5029 2095 5065 :
2127 5022 2179 5067 et
2216 5018 2447 5067 tentator
2468 5026 2572 5064 non
2600 5018 2852 5063 statutum
2882 5005 3161 5061 insidiandi
3190 5013 3397 5073 tempus
3424 5002 3523 5057 ha-

1939 5106 2064 5169 bet;
2099 5106 2410 5175 plerutnque
2435 5103 2576 5157 enim
2600 5102 2649 5155 in
2684 5116 2780 5153 nos
2811 5099 3139 5154 dormientes
3164 5104 3217 5150 et
3246 5093 3524 5164 negligen-

1941 5207 2021 5251 tes
2049 5199 2302 5266 impetum
2334 5195 2457 5248 facit
2483 5212 2495 5247 :
2520 5202 2574 5247 et
2602 5192 2798 5247 idcirco
2820 5196 3217 5261 przeoccupatus
3246 5186 3333 5239 ille
3354 5184 3524 5254 magis

1938 5288 2128 5357 dignus
2154 5296 2236 5341 est
2255 5328 2268 5349 .
2294 5288 2376 5340 cui
2410 5284 2743 5339 eondonetur
2762 5323 2776 5347 ,
2800 5280 3052 5350 qttoniam
3085 5293 3114 5332 a
3148 5284 3408 5330 tentatore
3433 5288 3521 5328 ca-

1940 5389 2062 5448 ptus
2091 5386 2193 5432 est.
2252 5376 2368 5431 Non
2410 5377 2552 5431 enim
2580 5383 2695 5428 erat
2723 5373 2772 5428 ei
2812 5369 3088 5425 manifesta
3112 5382 3318 5438 pugna,
3350 5380 3523 5434 neque

1941 5469 2219 5523 condictus
2246 5467 2362 5521 dies
2390 5466 2511 5521 belli
2534 5506 2549 5531 ,
2581 5465 2676 5519 sed
2698 5466 2750 5519 in
2782 5464 3051 5517 incautum
3078 5459 3330 5529 impetum
3355 5455 3481 5511 fecit
3503 5494 3522 5521 ,

1939 5570 2096 5628 atque
2124 5559 2323 5614 idcirco
2350 5558 2641 5627 superavit.
2684 5555 2773 5611 Sic
2817 5562 2994 5608 nautae
3047 5564 3260 5621 quoque
3299 5546 3521 5613 faciunt,

1938 5668 2059 5707 cum
2091 5668 2185 5722 per
2215 5667 2464 5721 magnum
2494 5660 2547 5704 et
2569 5651 2863 5718 spatiosum
2895 5662 3041 5701 mare
3073 5644 3336 5713 navigant.
3374 5641 3523 5697 Licet

1942 5744 2091 5797 navis
2118 5742 2355 5797 secundo
2375 5751 2538 5795 vento
2564 5739 2801 5803 feratur,
2836 5740 2957 5792 licet
2991 5737 3135 5790 omni
3165 5734 3407 5788 fruantur
3437 5747 3519 5786 se-

1947 5835 2193 5902 curitate,
2221 5847 2341 5888 cum
2370 5840 2546 5887 tamen
2575 5829 2804 5886 viderint
2829 5827 2962 5883 alios
2984 5826 3067 5882 vel
3095 5825 3276 5898 procul
3310 5822 3507 5878 naufra-
