4028 6360
432 367 539 424 623

430 484 574 550 gium
606 482 800 551 tacere,
823 498 949 546 non,
975 496 1126 538 suam
1153 493 1456 552 spectantes
1478 485 1779 552 utilitatem,
1802 487 2014 541 illorum

435 584 785 629 contemnunt
807 576 1162 630 calamitatem
1194 593 1207 628 :
1240 576 1334 631 sed
1353 577 1549 631 sistunt
1578 594 1766 632 navem
1795 618 1813 643 ,
1841 580 2020 633 laxant

436 666 750 731 anchoram,
780 668 1070 721 detrahunt
1097 669 1233 734 vela,
1256 668 1474 738 ejiciunt
1506 668 1662 723 funes
1681 709 1695 734 ,
1732 670 2020 738 projiciunt

438 756 674 820 tabulas,
705 768 762 809 ut
789 758 877 812 ille
898 759 987 827 qui
1014 774 1042 811 a
1070 757 1318 813 ﬂuctibus
1362 759 1641 827 mergitur,
1674 760 1809 814 forte
1840 760 2021 829 aliquo

438 844 646 900 illorttm
676 859 887 916 arrepto
918 858 1173 919 emergat.
1206 848 1419 905 Imitare
1445 851 1604 918 igitur
1623 860 1678 903 et
1710 860 1764 904 tu
1794 861 1979 905 nautas
2004 890 2019 916 ,

440 935 599 989 homo
624 953 636 989 :
662 953 784 990 nam
801 948 853 991 et
876 947 929 991 tu
955 955 1100 994 mare
1121 940 1335 1009 navigas
1366 956 1613 1009 magnum
1634 952 1685 993 et
1708 942 2021 1010 spatiosum,

438 1045 632 1099 nempe
662 1034 782 1085 vita:
809 1034 1120 1102 prmsentis,
1155 1033 1295 1102 quod
1343 1033 1537 1085 multas
1590 1031 1753 1087 habet
1794 1032 2021 1098 belluas,

440 1120 658 1189 piratas,
687 1132 885 1190 petras.
909 1135 962 1176 et
996 1123 1220 1177 latentes
1254 1122 1503 1190 scopulos
1525 1164 1539 1189 ,
1568 1123 1878 1192 crebrisque
1912 1135 2024 1176 tur-

442 1213 596 1268 batur
628 1213 893 1279 ﬂuctibus,
918 1225 970 1269 et
1010 1217 1061 1269 in
1105 1229 1171 1269 eo
1220 1216 1595 1284 naufragantur
1622 1215 1853 1284 plurimi.
1877 1213 2011 1267 Cum

443 1305 604 1376 igitur
657 1307 855 1360 videris
900 1307 1256 1376 navigantium
1303 1305 1533 1375 aliquem
1574 1304 1771 1359 diaboli
1823 1305 2026 1358 insidiis

445 1398 693 1449 amittere
720 1397 931 1449 divitias
962 1397 1182 1460 salutis,
1214 1404 1398 1450 natare
1439 1397 1488 1448 in
1534 1394 1802 1460 ﬂuctibus,
1834 1407 1885 1449 et
1915 1395 2027 1463 jam

445 1489 737 1557 submergi,
768 1492 897 1541 siste
922 1503 1131 1550 navem,
1166 1496 1219 1541 et
1250 1488 1448 1541 relictis
1488 1488 1714 1556 negotiis
1752 1487 1854 1540 tuis
1877 1526 1892 1551 ,
1921 1498 2030 1540 sta-

448 1580 540 1632 tim
566 1579 704 1633 illius
734 1579 951 1647 provide
995 1579 1173 1632 saluti.
1221 1578 1351 1631 Nam
1393 1593 1595 1632 moram
1629 1593 1732 1632 n0n
1778 1580 2026 1643 sustinet,

449 1684 621 1738 neque
647 1670 973 1734 dilationem,
1016 1669 1103 1738 qui
1130 1669 1396 1738 submergi
1422 1670 1625 1738 incipit.
1658 1669 1822 1738 Igitur
1850 1669 2029 1722 statim

451 1772 670 1815 accurre
694 1800 709 1825 ,
741 1770 795 1815 et
823 1770 1152 1832 quantocyus
1191 1776 1223 1815 e
1257 1760 1503 1815 ﬂuctibus
1529 1777 1650 1815 cum
1698 1760 1864 1829 eripe,
1901 1759 2028 1813 nihil

453 1870 556 1908 non
587 1868 683 1923 age
712 1864 765 1906 ut
790 1853 961 1921 ipsum
1006 1868 1072 1906 ex
1125 1849 1391 1920 profundo
1440 1850 1688 1906 interitus
1736 1849 2027 1904 extrahas:

455 1948 665 2000 etiamsi
694 1956 745 2000 te
770 1946 993 2013 plurima
1017 1944 1224 2015 negotia
1244 1944 1496 1998 aliorsum
1518 1954 1708 1997 vocent
1724 1952 1779 1997 et
1798 1941 2025 2001 trahant,

458 2036 586 2090 nihil
615 2038 777 2091 ducas
805 2036 974 2106 magis
1008 2039 1367 2091 necessarium
1395 2036 1568 2090 salute
1597 2036 1673 2088 sic
1704 2034 2025 2097 laborantis;

455 2144 577 2181 nam
620 2126 665 2180 si
701 2142 982 2196 parumper
1006 2125 1222 2181 dilTerre
1246 2125 1496 2189 volueris,
1550 2124 1798 2191 perdetur
1828 2131 2033 2190 tempe-

456 2229 592 2275 state
615 2220 817 2276 rabida.
849 2220 997 2275 Unde
1018 2221 1069 2273 in
1098 2218 1257 2275 tantis
1288 2216 1539 2287 periculis
1556 2230 1742 2285 magna
1762 2214 2033 2269 accelera-

444 2311 594 2365 tione
613 2324 749 2378 opus
775 2317 860 2363 est
884 2316 939 2361 et
970 2306 1165 2361 studio.
1199 2304 1336 2359 Audi
1360 2298 1629 2370 quomodo
1660 2295 1855 2359 Paulus
1875 2343 1889 2367 ,
1919 2299 2035 2353 viso

445 2404 663 2458 homine
691 2400 927 2476 quodam
955 2398 1044 2475 qui
1079 2402 1129 2455 in
1159 2399 1479 2472 profundum
1511 2397 1819 2467 rapiebatur
1844 2435 1860 2457 ,
1890 2392 2036 2448 solli—

442 2503 582 2556 citus
608 2513 661 2557 et
687 2502 878 2556 anxius
905 2509 1053 2560 erat,
1080 2507 1132 2551 et
1162 2496 1295 2549 alios
1322 2492 1605 2548 excitabat.
1655 2488 1963 2556 Conﬁrmata
1984 2484 2039 2536 in

452 2595 595 2648 illum
633 2593 913 2654 caritatem,
948 2588 1137 2659 inquit,
1168 2603 1231 2640 ne
1256 2586 1386 2647 [orte
1423 2582 1627 2636 tristitia
1672 2576 2041 2633 abundantiore

453 2687 776 2741 absorbeatur
801 2685 886 2737 ille
913 2682 988 2753 (2.
1009 2682 1128 2735 Cor.
1159 2679 1219 2733 2.
1245 2679 1297 2734 8.
1328 2679 1403 2746 7).
1439 2677 1505 2729 Et
1528 2682 1744 2745 propter
1772 2672 1872 2725 hoc
1890 2669 2043 2740 jubet

454 2779 629 2831 statim
660 2776 895 2845 praebere
919 2786 1156 2836 manum,
1177 2778 1235 2823 ut
1263 2782 1329 2822 ne
1352 2767 1566 2820 interim
1595 2764 1721 2818 dum
1748 2760 2044 2817 dili'erimus

454 2879 755 2939 praeventus
787 2867 872 2921 ille
907 2864 1275 2919 absorbeatur.
1330 2860 1526 2916 Curam
1584 2857 1745 2929 igitur
1795 2868 2045 2927 geramus

455 2963 675 3016 fratrum
700 2969 1027 3013 nostrorum.

530 3053 644 3119 Quo
672 3054 813 3122 signa
836 3052 1241 3104 internoscantur
1267 3043 1563 3100 Christiani.
1596 3072 1668 3083 -—
1698 3041 1822 3096 Hmc
1837 3055 2046 3096 summa

458 3148 581 3201 vita:
616 3156 813 3199 nnstne
842 3152 962 3208 est;
995 3142 1098 3196 hoc
1144 3142 1296 3210 signo
1341 3138 1757 3193 internoscimur
1798 3151 1865 3188 an
1894 3134 2050 3188 Chri-

460 3237 617 3294 stiani
646 3239 849 3300 simus,
878 3249 1000 3287 eum
1037 3248 1142 3285 non
1178 3232 1350 3285 solum
1395 3244 1514 3299 qua:
1547 3237 1728 3281 nostra
1769 3234 1896 3282 sunt
1921 3241 2049 3295 spe-

461 3340 689 3392 ctamus,
718 3326 813 3380 sed
838 3336 892 3380 et
922 3325 1162 3378 membra
1204 3331 1384 3376 nostra
1432 3334 1681 3389 periersa
1729 3318 2050 3387 corrigimus

463 3429 519 3475 et
540 3418 869 3473 instruimus.
894 3415 1007 3472 Hoc
1034 3414 1327 3468 maximum
1368 3410 1624 3465 indicium
1679 3410 1819 3462 Iidei.
1860 3406 1926 3460 In
1957 3408 2052 3461 hoc

464 3512 598 3565 enim
624 3516 920 3580 cognoscent
943 3523 1133 3569 omnes,
1167 3504 1354 3574 inquit,
1381 3503 1516 3574 quod
1536 3502 1773 3571 discipuli
1792 3500 1886 3555 mei
1911 3500 2051 3565 estis,

466 3604 508 3656 si
538 3618 623 3655 vos
647 3599 856 3673 diligitis
878 3608 1049 3652 mutuo
1075 3595 1253 3668 (Joan.
1276 3596 1362 3650 l3.
1397 3595 1509 3665 55).
1558 3593 1849 3647 Caritatem
1876 3599 2054 3645 autem

470 3696 734 3748 sinceram
762 3692 998 3746 declarat
1027 3706 1134 3744 non
1164 3688 1471 3743 communio
1498 3700 1695 3740 mensa:
1716 3726 1729 3750 ,
1759 3698 1865 3738 non
1896 3683 2057 3737 breve

469 3787 821 3856 colloquium,
850 3800 957 3838 non
984 3782 1274 3837 verborum
1303 3779 1570 3843 adulatio,
1600 3777 1695 3832 sed
1740 3776 1972 3830 studium
2004 3775 2056 3829 in

469 3877 859 3933 considerando
922 3875 1049 3946 quid
1092 3875 1334 3944 proximo
1380 3870 1665 3935 conducat,
1721 3879 1779 3923 ut
1826 3869 2059 3938 erigatur

470 3974 558 4041 qui
586 3969 795 4034 cecidit,
826 3979 883 4023 et
927 3968 1228 4038 porrigatur
1276 3965 1427 4034 lapso
1460 3978 1650 4018 manus
1688 3962 1916 4017 salutem
1957 3974 2058 4015 ne-

472 4062 714 4133 ghgenti,
738 4070 795 4115 ut
818 4070 943 4114 ante
979 4059 1117 4113 bona
1144 4056 1352 4127 propria
1375 4095 1391 4122 ,
1425 4055 1760 4124 inquirantur
1785 4068 1903 4122 qua:
1933 4066 2060 4121 pro-

476 4156 603 4209 simi
624 4164 767 4209 sunt.
824 4152 949 4207 Haec
995 4160 1079 4206 est
1111 4166 1235 4205 vera
1271 4150 1490 4204 caritas.
1536 4148 1669 4202 Nam
1698 4148 1897 4201 caritas
1954 4161 2060 4200 non

477 4256 683 4315 spectat
706 4260 824 4316 qua:
846 4259 941 4299 sua
968 4252 1113 4307 sunt,
1129 4243 1221 4297 sed
1242 4243 1387 4311 prius
1416 4239 1563 4294 videt
1585 4254 1647 4293 ea
1669 4254 1787 4309 qua:
1808 4238 2059 4309 proximi,

478 4355 637 4409 quam
667 4354 784 4407 quae
814 4353 932 4403 sua,
960 4346 1016 4390 ut
1057 4351 1151 4405 per
1192 4350 1255 4389 ea
1285 4334 1463 4387 videat
1517 4347 1634 4402 quae
1684 4346 1780 4385 sua
1824 4339 1952 4385 sunt
1985 4331 2059 4401 (l.

483 4435 602 4483 (ιον.
639 4430 724 4483 15.
748 4425 826 4499 5).
861 4428 926 4481 Et
950 4441 1049 4497 ego
1094 4441 1235 4481 nunc
1286 4440 1391 4479 non
1430 4434 1648 4494 propter
1688 4423 2065 4492 memetipsuni

484 4530 591 4578 tam
622 4522 791 4590 longis
815 4519 1151 4573 Sermonibus
1176 4529 1295 4572 utor
1316 4558 1331 4583 ,
1358 4518 1451 4571 sed
1506 4525 1723 4587 pr0pter
1753 4529 1866 4569 vos.
1907 4514 2069 4585 Igitur

485 4621 543 4668 et
574 4627 667 4667 vos
691 4610 872 4665 audite
893 4652 911 4677 ,
935 4624 1040 4664 non
1070 4619 1289 4679 pr0pter
1315 4608 1667 4676 vosmetipsos
1688 4648 1702 4673 ,
1732 4606 1825 4661 sed
1854 4616 2071 4676 propter

487 4706 622 4761 alios
663 4720 695 4760 a
731 4703 882 4758 vobis
935 4702 1277 4757 erudiendos.
1329 4699 1774 4771 Quandoquidem
1818 4700 2072 4757 Ecclesia:

491 4816 685 4873 corpus
719 4816 813 4871 per
846 4799 1209 4854 membrorum
1235 4798 1613 4852 cohaerentiam
1642 4796 1895 4850 nutritur.
1924 4794 2074 4849 Sicut

487 4909 619 4963 ergo
673 4892 974 4949 membrum
1031 4890 1173 4961 quod
1218 4890 1359 4961 apud
1402 4890 1640 4959 seipsum
1689 4887 1841 4943 cibos
1884 4899 2075 4942 omnes

491 4997 750 5053 re:ervat,
800 4987 1082 5056 vicinoque
1120 5000 1228 5038 non
1283 4984 1667 5048 communicat,
1726 4990 1782 5035 et
1837 4980 2073 5049 seipsum

485 5078 712 5135 ollendit
731 5121 744 5145 ,
773 5087 827 5133 et
848 5078 1109 5147 reliquum
1138 5090 1335 5146 corpus
1366 5074 1659 5142 corrumpit
1683 5091 1695 5125 :
1720 5071 2076 5143 quemadmo-

485 5179 615 5227 dum
664 5173 717 5226 in
746 5169 1024 5226 stomacho
1057 5166 1398 5223 videmus:is
1448 5166 1589 5222 enim
1637 5165 1679 5220 si
1724 5165 1901 5219 cibum
1932 5162 2078 5217 solus

487 5263 843 5326 continuerit,
866 5270 921 5315 et
962 5261 1221 5329 reliquum
1256 5272 1451 5327 corpus
1499 5257 1637 5310 fame
1677 5254 1995 5324 corrumpit,
2026 5262 2081 5307 et

488 5354 732 5421 seipsum
748 5368 846 5407 sua
875 5350 1185 5421 incaplebili
1215 5348 1555 5418 improbitate
1584 5345 1800 5417 perdit:
1827 5345 1873 5398 si
1897 5353 2077 5399 autem

491 5447 764 5517 acceperit
782 5453 1041 5515 quantum
1072 5458 1168 5512 pro
1183 5456 1279 5497 sua
1311 5440 1556 5511 portione
1572 5438 1723 5503 Satis,
1740 5446 1795 5493 et
1816 5435 2081 5506 reliquum

495 5542 617 5597 aliis
649 5538 905 5594 membris
934 5536 1331 5600 transmiserit,
1362 5542 1418 5589 et
1454 5532 1687 5602 seipsum
1714 5545 1779 5585 ac
1815 5529 2081 5600 reliquum

497 5648 696 5702 corpus
724 5633 776 5685 in
812 5631 945 5684 bona
974 5627 1278 5682 valetu'dine
1294 5634 1578 5681 conservat
1606 5641 1620 5677 :
1654 5623 1725 5677 ita
1752 5632 1806 5677 et
1836 5630 1889 5675 tu
1916 5634 2080 5687 nunc,

499 5726 547 5778 si
576 5741 637 5778 ea
678 5738 797 5793 quae
841 5739 869 5775 a
917 5722 1069 5776 nobis
1114 5721 1307 5786 audis,
1356 5716 1651 5774 detinueris
1680 5757 1695 5781 ,
1744 5714 1939 5785 aliique
1982 5726 2088 5766 non

510 5814 1010 5881 wnmnmicavcris,
1036 5821 1090 5867 et
1120 5812 1268 5867 illum
1292 5809 1709 5868 incommodabis
1733 5850 1748 5877 ,
1778 5819 1831 5863 et
1861 5805 2086 5876 teipsum

1260 370 1317 427 S.
1358 370 1637 428 JOANNLS
1660 369 2133 430 CHRYSOSTOMI
2173 377 2477 436 ARCIIIEPI
2531 382 3062 442 CONSTANTINOP.

3598 391 3712 447 621

2124 490 2237 560 jam
2264 498 2549 565 corrupisti
2582 520 2595 555 :
2624 501 2745 568 quia
2792 503 3014 571 ignavia:
3044 515 3098 559 et
3132 505 3343 561 invidia:
3366 509 3712 577 gravissimos

2124 588 2343 643 morbos
2363 588 2529 645 foves.
2570 592 2711 648 Satis
2735 595 2879 649 enim
2909 598 2976 650 ad
3031 598 3384 665 perditionem
3426 611 3569 655 tuam
3603 605 3714 656 tue-

2126 680 2215 745 rit,
2245 682 2329 735 vel
2356 682 2426 737 ob
2451 684 2741 751 malitiam,
2772 690 2853 741 vel
2898 688 2968 742 ob
3013 690 3267 744 invidiam
3288 732 3303 757 ,
3338 694 3418 747 vel
3449 695 3609 747 etiam
3637 695 3715 747 ob

2127 770 2388 841 ignaviam
2415 789 2520 829 non
2548 778 2945 833 communicare
2970 780 3110 834 aliis.
3135 780 3354 846 Contra,
3387 786 3431 837 si
3455 784 3591 837 citra
3621 785 3712 837 in-

2128 863 2320 917 vidiam
2348 874 2403 919 et
2429 865 2495 920 ad
2531 868 2666 922 alios
2715 871 3078 926 transmiseris
3131 872 3460 939 alimoniam,
3517 886 3573 929 et
3614 875 3715 929 tibi

2130 954 2227 1022 ipsi
2279 964 2335 1009 et
2382 956 2503 1012 aliis
2551 957 2863 1027 profuturus
2912 976 2991 1016 es.
3032 962 3137 1018 Sed
3170 962 3239 1019 de
3271 964 3337 1019 iis
3383 965 3581 1020 dictum
3626 974 3715 1021 est

2128 1048 2277 1099 satis.
2604 1074 2611 1077 -

2199 1141 2252 1195 5.
2292 1141 2443 1195 Nunc
2496 1157 2675 1211 operae
2706 1145 2935 1214 pretium
2976 1145 3174 1212 fuerit,
3231 1148 3416 1203 venire
3468 1150 3534 1204 ad
3578 1166 3716 1204 con-

2132 1242 2334 1288 textum
2364 1248 2547 1289 eorum
2586 1253 2704 1303 qua:
2741 1253 2907 1306 nuper
2946 1239 3086 1293 dicta
3126 1238 3357 1294 fuerunt.
3388 1242 3516 1308 Qua:
3560 1252 3721 1297 erant

2131 1338 2260 1395 ergo
2299 1325 2428 1379 illa?
2484 1326 2563 1380 De
2606 1326 2768 1380 Saulo
2806 1336 2860 1381 et
2886 1328 3052 1382 Paulo
3098 1338 3224 1384 tunc
3276 1332 3720 1399 exquirebamus,

2133 1431 2297 1483 quare
2326 1416 2611 1485 aliquando
2636 1417 2825 1471 Saulus
2846 1460 2861 1483 ,
2888 1428 2942 1472 et
2963 1419 3249 1488 aliquando
3276 1420 3469 1475 Paulus
3495 1434 3723 1476 vocatus

2134 1508 2200 1560 sit
2227 1508 2307 1575 tu)
2332 1524 2345 1571 ;
2377 1515 2432 1560 et
2459 1507 2579 1561 inde
2598 1507 2823 1578 digressi
2844 1524 3029 1564 sumus
3056 1512 3108 1564 in
3128 1511 3416 1567 multorum
3440 1513 3722 1568 nominum

2135 1596 2429 1650 historiam.
2466 1598 2659 1652 Verum
2692 1600 2814 1668 quia
2843 1601 3009 1655 semel
3037 1601 3162 1657 hinc
3186 1603 3445 1658 solvimus
3465 1645 3478 1666 ,
3508 1619 3615 1657 non
3642 1605 3725 1657 vi-

2134 1687 2290 1741 detur
2318 1689 2533 1759 dignum
2564 1705 2684 1744 esse
2704 1732 2719 1755 ,
2752 1700 2810 1745 ut
2844 1705 2966 1746 cum
2994 1693 3136 1748 utilis
3166 1694 3338 1749 adhuc
3365 1697 3595 1751 occurrit
3624 1712 3727 1751 ne-

2136 1779 2379 1847 gotiatio,
2418 1789 2619 1833 temere
2644 1793 2761 1834 eam
2789 1790 3173 1849 praetereuntes
3199 1784 3544 1854 negligamus.
3586 1785 3725 1840 Nam

2138 1868 2261 1922 licet
2303 1877 2519 1937 prepter
2547 1868 2764 1923 Paulum
2796 1871 2849 1924 in
2882 1870 2983 1924 hoc
3029 1882 3397 1941 argumentum
3434 1873 3723 1929 deveneri-

2137 1974 2275 2021 mus,
2310 1958 2653 2015 nihilominus
2677 1971 2731 2015 et
2768 1961 2996 2017 aliorum
3030 1964 3302 2017 nominum
3343 1966 3574 2020 rationes
3616 1965 3725 2020 hac

2137 2050 2499 2120 negotiatione
2530 2052 2770 2107 invenire
2800 2067 3101 2122 possumus.
3126 2052 3275 2109 Sicut
3298 2064 3352 2110 et
3372 2066 3725 2121 mercatores,

2137 2144 2229 2213 qui
2278 2159 2423 2199 mare
2468 2144 2737 2213 navigant,
2764 2154 2819 2199 et
2872 2157 3092 2215 propter
3128 2146 3329 2201 minuta
3376 2147 3618 2218 quaedam
3669 2148 3729 2202 in

2140 2235 2453 2305 longinquas
2502 2242 2672 2289 terras
2723 2234 3127 2304 proﬁciscuntur
3164 2253 3176 2288 :
3207 2251 3329 2291 eum
3370 2238 3614 2291 venerint
3671 2238 3727 2291 in

2149 2325 2369 2393 petitam
2392 2325 2687 2391 civitatem,
2719 2325 3057 2397 viderintque
3075 2328 3284 2397 copiam
3305 2328 3532 2383 aliarum
3556 2344 3744 2383 rerum

2144 2417 2245 2471 sibi
2278 2416 2731 2481 conducibilium,
2756 2426 2950 2487 printer
2985 2433 3078 2473 eas
3106 2429 3323 2489 propter
3352 2434 3487 2491 quas
3510 2438 3542 2473 a
3570 2420 3745 2489 patria

2146 2511 2409 2576 exierunt,
2437 2512 2606 2565 multo
2628 2510 2780 2580 plura
2805 2526 2964 2581 quam
2991 2511 3377 2579 decreverant,
3410 2523 3745 2568 mercantur.

2147 2599 2302 2666 Quod
2332 2602 2374 2655 si
2405 2601 2527 2671 quis
2550 2616 2645 2657 eos
2673 2601 3051 2672 reprehendat,
3084 2602 3167 2657 bis
3196 2619 3256 2659 se
3282 2605 3458 2658 verbis
3481 2614 3699 2659 tuentur
3732 2623 3747 2656 :

2150 2691 2331 2762 Longa
2361 2691 2443 2747 via
2474 2694 2719 2747 venimus
2739 2733 2754 2758 ,
2783 2693 2979 2749 multas
3007 2702 3373 2764 tempestates,
3407 2695 3574 2748 multa
3597 2695 3752 2765 peris

2150 2785 2267 2839 cuia
2298 2770 2613 2854 pertulimus
2637 2826 2653 2851 ,
2684 2784 3094 2841 transmarinam
3135 2785 3471 2855 suscepimus
3510 2786 3755 2857 peregri-

2152 2877 2421 2931 nationem
2456 2893 2468 2927 :
2498 2875 2624 2945 quid
2657 2876 2817 2946 igitur
2858 2886 3003 2931 vetat
3050 2877 3463 2947 negotiationem
3506 2887 3753 2932 nostram

2154 2968 2273 3021 tieri
2317 2968 2672 3035 ampliorem?
2728 2967 2874 3022 Talia
2908 2968 3089 3038 utique
3118 2978 3173 3022 et
3211 2970 3364 3022 nobis
3393 2969 3574 3024 dicere
3604 2970 3752 3023 licet.

2154 3057 2287 3112 Nam
2318 3058 2648 3128 inquirentes
2670 3057 2738 3113 de
2769 3060 3073 3114 nominibus
3097 3059 3267 3125 Pauli,
3301 3061 3599 3115 invenimus
3617 3075 3758 3114 con-

2155 3161 2446 3219 sequenter
2507 3159 2564 3204 ut
2606 3150 3046 3205 nundinationem
3116 3150 3343 3205 aliorum
3402 3153 3681 3207 nominum
3740 3175 3755 3205 ;

2157 3258 2352 3312 nempe
2380 3242 2597 3297 Petrum
2627 3251 2782 3297 antea
2809 3243 3085 3298 Simonem
3108 3242 3311 3298 dictum
3346 3260 3359 3296 :
3384 3253 3439 3298 et
3468 3244 3604 3298 ﬁlios
3646 3243 3760 3299 Ze-

2159 3331 2327 3387 bedaai
2355 3331 2615 3387 Joannem
2634 3340 2690 3388 et
2712 3332 2969 3388 Jacobum
2992 3334 3133 3389 ﬁlios
3162 3334 3379 3389 tonitrui
3399 3346 3756 3404 nuncupatos.

2162 3423 2470 3478 Invenimus
2517 3434 2572 3480 et
2607 3424 2660 3478 in
2705 3424 2883 3479 Veteri
2910 3424 3203 3493 Abraham,
3234 3426 3324 3495 qui
3367 3433 3521 3479 antea
3554 3426 3761 3481 Abram

2160 3523 2380 3570 vocatus
2410 3515 2510 3570 fuit
2538 3533 2552 3569 :
2589 3525 2643 3571 et
2670 3516 2836 3572 Jacob
2876 3516 3127 3575 lsraelem
3158 3518 3520 3583 nominatum;
3551 3528 3607 3574 et
3631 3519 3762 3573 Sar-

2162 3622 2276 3663 ram
2306 3606 2515 3661 Saram.
2545 3606 2847 3662 Invenimus
2876 3619 3135 3679 praeterea
3164 3608 3285 3665 aliis
3309 3624 3415 3664 non
3453 3608 3617 3663 fuisse
3641 3625 3766 3663 mn-

2166 3706 2271 3752 tata
2295 3699 2507 3753 nomina
2537 3698 2675 3752 sicut
2699 3699 2837 3765 istis,
2860 3699 2953 3753 sed
2982 3699 3101 3754 illos
3125 3715 3155 3754 a
3184 3701 3445 3770 principio
3461 3700 3564 3755 sibi
3592 3700 3764 3755 indita

2165 3790 2383 3843 nomina
2413 3790 2729 3855 retinuisse,
2763 3790 2902 3843 sicut
2927 3789 3166 3846 Joannes
3212 3791 3467 3862 Baptista,
3512 3790 3662 3845 Isaac
3709 3799 3768 3846 et

2163 3880 2357 3937 Adam.
2390 3880 2699 3935 Absurdum
2742 3880 2901 3950 igitur
2942 3882 3100 3936 fuerit
3130 3891 3184 3935 et
3211 3892 3473 3937 extrema:
3499 3881 3765 3947 desidiae,

2167 3982 2375 4029 tantum
2415 3988 2447 4028 e
2498 3974 2746 4029 manibus
2794 3974 3104 4029 thesaurum
3138 3973 3397 4045 abjicere.
3446 3964 3583 4028 Nam
3641 3973 3767 4028 ideo

2168 4066 2462 4138 longiorem
2494 4066 2713 4122 facimus
2742 4082 3069 4135 sermonem,
3109 4078 3164 4123 et
3183 4068 3306 4137 quia
3336 4082 3510 4137 nuper
3533 4067 3772 4122 diximus

2168 4160 2237 4216 de
2265 4162 2328 4217 iis
2356 4161 2445 4231 qui
2474 4162 2703 4230 primum
2730 4175 2925 4215 nomen
2955 4162 3324 4224 retinuerunt,
3358 4159 3518 4215 hodie
3545 4160 3613 4214 de
3648 4159 3774 4214 dio-

2172 4255 2369 4325 nymis,
2398 4253 2511 4308 sive
2536 4252 2604 4307 de
2635 4253 2719 4317 iis,
2743 4254 2832 4323 qui
2860 4253 3059 4322 duplici
3087 4263 3211 4308 sunt
3246 4255 3464 4309 nomine
3488 4252 3773 4323 appellati,

2173 4346 2355 4400 dicere
2385 4360 2538 4400 mens
2569 4354 2671 4410 est,
2703 4360 2930 4415 quorum
2960 4358 3098 4399 unus
3136 4354 3217 4400 est
3250 4343 3544 4399 Abraham.
3598 4343 3777 4398 Adam

2174 4441 2366 4495 eodem
2397 4454 2611 4509 semper
2639 4439 2857 4493 nomine
2901 4446 3121 4495 vocatus
3140 4448 3223 4493 est
3257 4455 3270 4491 :
3302 4437 3450 4492 Isaac
3477 4437 3638 4492 aliam
3681 4452 3780 4507 ap-

2172 4536 2516 4606 pellationem
2540 4549 2645 4587 non
2676 4533 2912 4602 accepit,
2944 4532 3040 4587 sed
3061 4533 3129 4588 ab
3155 4532 3308 4587 initio
3335 4531 3400 4585 ad
3431 4532 3595 4585 linem
3623 4530 3781 4586 Isaac

2179 4627 2354 4680 dictus
2379 4634 2481 4679 est.
2534 4624 2695 4679 Pater
2721 4632 2901 4678 autem
2933 4622 3079 4679 lsnac
3122 4623 3268 4693 prius
3310 4621 3529 4692 quidem
3573 4621 3779 4675 Abram

2179 4719 2475 4781 dicebatur,
2510 4727 2696 4786 postea
2723 4730 2854 4771 vero
2882 4716 3178 4770 Abraham.
3220 4716 3363 4770 Dixit
3385 4715 3530 4769 enim
3561 4713 3628 4768 ad
3649 4727 3783 4768 eum

2182 4812 2360 4865 Deus:
2394 4808 2513 4863 Non
2544 4811 2637 4862 erit
2677 4808 2817 4861 ultra
2849 4822 3032 4861 nomen
3076 4817 3218 4861 tuum
3242 4806 3453 4871 Abram,
3476 4806 3569 4858 sed
3610 4804 3782 4858 Abra-

2184 4903 2302 4954 ham
2316 4899 2572 4954 vocabitur
2587 4914 2767 4953 nomen
2784 4908 2928 4953 tuum
2942 4897 3097 4967 (Gen.
3123 4898 3211 4953 l7.
3230 4898 3309 4966 5).
3336 4897 3551 4951 Etenim
3577 4896 3784 4951 Abram

2186 4994 2479 5048 vocabatur
2507 4991 2657 5062 prius
2684 5009 2698 5045 :
2730 4991 2827 5047 sed
2874 4990 2975 5046 hoc
3005 5005 3200 5046 nomen
3241 5006 3350 5045 non
3374 4999 3460 5045 est
3504 4988 3787 5057 Grzecum,

2187 5100 2361 5154 neque
2399 5095 2613 5148 nostra,
2642 5082 2738 5138 sed
2780 5082 3127 5137 Hebramrum
3173 5081 3353 5153 lingua
3398 5081 3479 5136 sic
3529 5090 3783 5136 vocatur.

2187 5178 2325 5245 Quid
2356 5177 2513 5248 igitur
2541 5177 2803 5246 signiﬁcat
2828 5174 2930 5229 hoc
2960 5174 3199 5229 nomen?
3224 5173 3507 5228 Transitor
3527 5172 3626 5245 (b).
3648 5171 3787 5227 Nam

2190 5274 2389 5328 Abram
2419 5273 2679 5343 Syrorum
2706 5284 2836 5325 voce
2861 5269 3001 5324 idem
3028 5276 3111 5324 est
3133 5267 3276 5338 quod
3299 5277 3451 5322 trans
3483 5270 3570 5322 vel
3598 5266 3745 5321 ultra
3780 5280 3797 5317 :

2191 5376 2245 5421 et
2283 5366 2457 5421 sciunt
2489 5364 2580 5435 qui
2622 5362 2816 5433 lingua:
2840 5361 2957 5431 ejus
3002 5360 3159 5432 periti
3186 5369 3329 5415 sunt.
3362 5357 3552 5431 Magna
3572 5371 3793 5429 quoque

2258 5564 2331 5626 (a)
2364 5564 2480 5614 Vide
2501 5563 2747 5614 homiliam
2768 5563 2800 5613 2
2821 5562 2887 5612 de
2916 5562 3174 5612 Mutatione
3196 5561 3466 5616 nominum,
3502 5564 3637 5606 Tom.
3664 5559 3720 5616 5,
3749 5567 3803 5608 et

2205 5625 2627 5695 Μφξιιιωειιρησ
2812 5686 2827 5695 .
3095 5685 3155 5695 .,
3237 5684 3272 5695 -.

2260 5691 2332 5750 (ὸ)
2368 5696 2465 5736 non
2490 5679 2602 5750 esse
2628 5699 2791 5736 veram
2812 5686 2956 5750 hanc
2980 5685 3186 5750 nominis
3218 5684 3395 5750 Abram
3415 5679 3804 5750 _etymol_ogiam

2186 5743 2290 5855 αξξ]
2304 5743 2449 5813 supra
2475 5748 2679 5799 vidimus
2701 5752 2749 5801 in
2772 5748 3279 5800 Homiliisiucenesim
3304 5743 3401 5796 col.
3415 5743 3528 5807 ωε,
3551 5744 3638 5792 ubi
3662 5743 3805 5791 vide-
