4028 6360
328 412 434 466 625

322 531 594 602 πρέπειαν
618 527 926 599 βλέποντες,
952 527 1049 597 τῆς
1072 526 1295 580 ἐκείνων
1322 524 1726 597 καταφρονοῦσι
1757 540 1867 594 συμ
1883 551 1898 563 ο

324 624 499 692 φορᾶς
518 637 531 650 ⁸
565 622 701 674 ἀλλά
750 622 810 674 τὸ
846 621 1027 673 πλοῖον
1058 620 1377 689 στήσαντες,
1406 620 1501 671 καὶ
1525 618 1625 680 τὰς
1656 617 1903 687 ἀγκύρας

324 714 684 783 χαλάσαντες,
715 714 810 766 καὶ
837 711 907 764 τά
938 711 1080 763 ἱστία
1136 710 1478 775 καθελόντες,
1503 708 1902 773 ἐξακοντίζουσι

327 805 593 875 σχοίνους,
643 804 737 857 καὶ
786 803 1037 874 ῥίπτουσι
1098 802 1334 865 σανίδας,
1371 800 1512 854 ὥστε
1556 802 1762 853 ἐκεῖνον
1811 799 1902 853 τὸν

326 895 432 949 ὑπὸ
460 897 570 949 τῶν
590 894 850 966 κυμάτων
876 894 1233 963 βαπτίζεσθαι
1266 893 1527 964 μέλλοντα
1551 891 1669 954 ἐνὸς
1698 890 1902 944 τούτων

328 987 848 1059 ἐπιλαμϐανόμενον,
878 985 1190 1055 διαφεύγειν
1227 986 1301 1039 :0
1326 985 1606 1052 ναυάγιον.
1646 984 1902 1053 Μίμησαι

326 1079 507 1133 τοίνυν
536 1079 629 1132 καὶ
658 1080 722 1132 σὺ
770 1080 896 1143 τοὺς
930 1079 1130 1143 ναύτας
1154 1121 1170 1146 ,
1212 1078 1499 1148 ἄνθρωπεο
1543 1077 1638 1131 καὶ
1668 1077 1777 1148 γάρ
1806 1076 1903 1129 καὶ

329 1173 395 1225 σὺ
426 1173 694 1227 θάλατταν
721 1172 905 1235 πλέεις
940 1173 1184 1243 μεγάλην
1212 1173 1306 1225 καὶ
1331 1170 1663 1242 εὐρύχωρον,
1694 1170 1756 1223 :0
1793 1170 1900 1240 μῆ-

328 1282 424 1328 κος
450 1265 544 1317 τοῦ
575 1265 839 1333 παρόντος
878 1264 1016 1334 βίου,
1051 1263 1320 1317 θάλατταν
1354 1262 1519 1332 θηρία
1544 1262 1774 1332 ἔχουσαν
1807 1262 1901 1314 καὶ

328 1355 614 1425 πειρατὰς,
654 1353 925 1409 θάλατταν
970 1352 1263 1416 σκοπέλους
1311 1351 1538 1420 ἔχουσαν
1571 1351 1664 1403 καὶ
1709 1351 1903 1405 σπιλά-

319 1445 425 1506 δας
446 1483 462 1508 ,
495 1442 761 1497 θάλατταν
793 1443 899 1495 ὑπὸ
948 1442 1208 1513 κυμάτων
1253 1440 1664 1511 ταραττομένην
1692 1440 1903 1496 πολλῶν

329 1539 427 1588 καὶ
454 1536 754 1607 χειμώνων·
771 1537 865 1588 καὶ
880 1535 1062 1587 πολλοὶ
1087 1533 1345 1597 πολλάκις
1371 1534 1466 1586 καὶ⁵
1492 1534 1550 1585 ἐν
1578 1535 1644 1603 τῇ
1663 1531 1902 1605 θαλάττῃ

328 1627 504 1701 ταύτῃ
546 1626 792 1695 ναυαγίῳ
819 1626 1265 1696 περιπίπτουσιν.
1298 1626 1466 1679 Ὅταν
1498 1618 1591 1677 οῦν
1626 1622 1742 1697 ἴδῃς
1781 1625 1902 1677 τινὰ

328 1719 438 1772 τῶν
488 1720 755 1772 πλεόντων
818 1717 923 1769 ὑπό
969 1734 1113 1780 τινος
1164 1718 1538 1787 περιστάσεως
1593 1715 1902 1785 διαϐολικῆς

328 1810 674 1864 ἀπολέσαντα
699 1808 790 1861 τὸν
817 1807 1049 1861 πλοῦτον
1084 1808 1181 1877 τῆς
1218 1807 1519 1878 σωτηρίας,
1569 1808 1665 1861 καὶ
1696 1806 1903 1860 κλυδω-

328 1899 636 1971 νιζόμενον,
678 1900 773 1953 καὶ
806 1898 1064 1968 μέλλοντα
1099 1898 1433 1970 ὑποϐρύχιον
1478 1898 1744 1967 γίνεσθαι,
1782 1896 1906 1964 στῆ-

332 1994 427 2047 σόν
456 2010 548 2045 σου
580 1992 643 2044 τὸ
688 1991 893 2054 πλοῖον,
924 1990 1028 2043 κᾶν
1054 1984 1280 2059 ἐτέρωθι
1311 1989 1567 2060 σπεύδῃς,
1604 1987 1906 2059 προνόησον

327 2086 431 2155 τῆς
480 2083 688 2136 ἐκείνου
732 2081 1034 2151 σωτηρίας,
1078 2080 1147 2133 τά
1188 2080 1327 2134 κατά
1366 2080 1560 2132 σαυτὸν
1604 2077 1779 2148 ἀφείς.
1829 2078 1903 2130 Οὑ

329 2175 441 2245 γάρ
468 2173 717 2242 ἀνέχεται
746 2171 1035 2240 ἀναϐολῆς,
1080 2170 1200 2223 οὑδέ
1232 2170 1562 2240 βραδυτῆτος
1586 2171 1615 2221 ὀ
1641 2167 1905 2237 βαπτίζε-

332 2262 456 2315 σθαι
491 2260 717 2331 μέλλων.
760 2259 1043 2328 Ἐπίστηθι
1068 2258 1247 2311 τοίνυν
1273 2260 1430 2328 ταχὺ,
1471 2259 1779 2330 ἐξάρπασον
1812 2258 1905 2310 αὕ-

329 2354 421 2407 τὸν
448 2353 615 2420 ὀξέως
642 2351 734 2405 τοῦ
765 2351 1081 2416 κλυδωνίου,
1117 2352 1295 2403 πάντα
1319 2351 1539 2420 κίνησον
1560 2350 1739 2404 κάλων
1765 2348 1904 2402 ὥστε

328 2448 496 2501 αὑτὸν
541 2444 912 2517 ἀνιμήσασθαι
960 2445 1025 2498 ἐκ
1067 2443 1161 2498 τοῦ
1206 2443 1403 2514 βάθους
1447 2444 1546 2515 τῆς
1588 2444 1861 2507 ἀπωλείας
1889 2461 1904 2474 ο

328 2538 436 2591 κᾶν
474 2537 645 2608 μυρία
684 2553 745 2589 σε
776 2535 911 2609 ἕλκῃ
946 2534 1279 2605 πράγματα,
1311 2534 1473 2606 μηδὲν
1505 2534 1643 2587 ἔστω
1674 2536 1773 2606 τῆς
1801 2552 1907 2587 σω⁴

328 2631 528 2701 τηρίας
567 2628 661 2681 τοῦ
711 2627 1009 2697 κάμνοντος
1046 2628 1502 2698 ἀναγκαιότερονο
1536 2628 1639 2681 κᾶν
1668 2628 1777 2698 γάρ
1821 2644 1908 2697 μι-

332 2717 468 2785 κρὸν
499 2714 861 2769 ἀναϐαλέσθαι
892 2714 1180 2787 βουληθῇς,
1215 2716 1514 2787 προδώσεις
1541 2718 1702 2769 αὑτὸν
1721 2719 1787 2787 τῇ
1813 2716 1907 2769 τοῦ

330 2806 604 2877 χειμῶνος
626 2805 862 2876 ὀξύτητι.
893 2806 984 2858 Διὸ
1002 2807 1198 2876 τάχους
1230 2808 1362 2877 ἡμῖν
1395 2809 1452 2860 ἐν
1488 2810 1609 2871 ταῖς
1632 2807 1910 2871 τοιαύταις

333 2900 643 2969 συμφοραῖς
688 2897 805 2964 δεῖ,
856 2898 1055 2968 τάχους
1092 2898 1186 2951 καὶ
1222 2898 1457 2969 σπουδῆς
1490 2899 1906 2970 ἐπιτεταμένης.

337 2992 605 3045 ¹Ἀκουσον
636 2990 753 3053 πῶς
783 2989 993 3053 Παῦλος
1026 2990 1326 3059 ἐπείγεται,
1362 2992 1457 3044 καὶ
1493 2993 1715 3063 ἐτέρους
1744 2993 1910 3045 διανί-

335 3099 496 3152 στησι
553 3082 814 3147 πολλοὺς,
868 3082 989 3136 ίδὼν
1052 3100 1178 3137 τινα
1253 3084 1537 3156 ἄνθρωπον
1595 3083 1909 3154 βυθίζεσθαι

337 3174 618 3244 μέλλοντα.
654 3172 972 3242 κυρώσατε
998 3177 1088 3240 είς
1108 3176 1299 3231 αὑτὸν
1326 3175 1588 3247 ἀγάπην,
1636 3176 1788 3245 φησὶ,
1821 3173 1906 3242 μή

333 3282 463 3331 πως
485 3265 562 3334 τῇ
593 3267 987 3335 περισσοτέρᾳ
1016 3269 1180 3337 λύπῃ
1215 3267 1522 3336 καταποθῇ
1560 3270 1593 3320 ὁ
1619 3267 1906 3332 τοιοῦτος.

334 3360 435 3410 Διά
479 3358 637 3410 τοῦτο
691 3358 902 3411 κελεύει
950 3359 1159 3429 ταχέως
1209 3359 1390 3431 ὀρέξαι
1438 3362 1613 3431 χεῖρα,
1664 3359 1750 3412 ἴνα
1809 3360 1905 3429 μὴ,

337 3446 642 3517 μελλόντων
677 3446 835 3516 ήμῶν
883 3448 977 3499 καὶ
1012 3447 1477 3518 ἀναϐαλλομένων,
1527 3445 1706 3517 φθάσῃ
1743 3462 1910 3497 κατα-

337 3538 568 3609 ποθῆναι
599 3540 825 3602 ἐκεῖνος.
862 3538 1142 3609 Γινώμεθσ
1174 3540 1351 3592 τοίνυν
1399 3539 1742 3609 κηδεμονικοὶ
1780 3537 1909 3607 περὶ

334 3629 466 3691 τοὺς
497 3629 755 3697 ἀδελφοὺς
783 3630 908 3693 τοὺς
936 3630 1263 3700 ἡμετέρους.

408 3718 580 3771 Τοῦτο
613 3719 904 3786 κεφάλαιον
936 3721 1035 3790 τῆς
1086 3719 1206 3772 καθ’
1251 3721 1403 3790 ήμᾶς
1453 3719 1723 3782 πολιτείας
1769 3720 1906 3782 ἐστὶ,

336 3807 496 3861 τοῦτο
543 3808 828 3877 γνώρισμα
852 3850 867 3876 ,
899 3809 961 3861 :0
997 3811 1072 3880 μὴ
1101 3810 1169 3863 τά
1212 3810 1422 3863 ἑαυτῶν
1472 3813 1692 3863 σκοπεῖν
1728 3811 1906 3881 μόνον,

334 3902 477 3957 ἀλλά
509 3904 603 3956 καὶ
632 3903 703 3956 τά
729 3903 864 3974 μέλη
912 3904 1069 3974 ἡμῶν
1108 3904 1515 3976 διεστραμμένα
1540 3904 1781 3975 διορθοῦν
1814 3906 1909 3958 καὶ

337 3994 723 4065 καταρτίζειν*
756 3993 913 4046 τοῦτο
955 3994 1152 4064 δεῖγμα
1188 3996 1287 4065 τῆς
1335 3998 1571 4059 πίστεως
1617 3998 1905 4066 μέγιστον’

352 4084 455 4138 Ἔν
487 4086 674 4150 τούτῳ
716 4084 826 4153 γὰρ
859 4085 1217 4154 γνώσονται,
1248 4088 1414 4157 φησὶ,
1445 4088 1666 4154 πάντες
1688 4088 1774 4141 ὅτι
1799 4107 1911 4158 μα-

337 4176 513 4245 θηταί
529 4194 647 4245 μου
672 4176 831 4239 ἐστε,
860 4178 968 4232 ἐὰν
991 4178 1257 4247 ἀγαπᾶτε
1294 4179 1629 4247 ἀλλήλους.
1665 4181 1909 4251 Ἀγάπην

335 4265 397 4319 δέ
444 4265 683 4319 δείκνυσι
745 4266 975 4337 γνησίαν
1025 4268 1085 4320 οὑ
1135 4268 1385 4320 κοινωνία
1432 4268 1731 4340 τραπέζης.
1787 4270 1909 4323 οὑδέ

338 4356 643 4427 πρόσρησις
691 4356 853 4427 ψιλὴ,
905 4356 1026 4411 οὑδέ
1075 4358 1334 4413 κολακεία
1373 4358 1654 4430 ῥημάτων,
1686 4359 1819 4413 ἀλλά
1850 4361 1912 4413 τὸ

334 4448 626 4520 διορθῶσαι
663 4451 757 4502 καὶ
795 4451 1065 4521 σκοπῆσαι
1110 4451 1172 4504 :0
1205 4452 1481 4524 συμφέρον
1517 4452 1608 4505 τοῦ
1661 4452 1906 4522 πλησίον,

340 4538 401 4590 τὸ
434 4539 526 4593 τὸν
549 4541 877 4594 πεπτωκότα
901 4540 1277 4612 διαναστῆσαι,
1305 4543 1366 4596 :0
1388 4542 1466 4612 τῷ
1497 4542 1732 4614 κειμένῳ
1756 4547 1911 4614 χεῖρα

337 4628 525 4699 ὀρέξαι
567 4630 666 4699 τῆς
694 4630 896 4693 οἰκείας
929 4630 1260 4702 ἀμελήσαντι
1307 4632 1614 4702 σωτηρίας,
1663 4634 1755 4686 καὶ
1805 4636 1912 4705 πρὸ

340 4714 448 4767 τῶν
473 4714 689 4769 οἰκείων
718 4715 936 4783 ἀγαθῶν
963 4716 1031 4769 τά
1055 4717 1149 4770 τοῦ
1183 4718 1411 4788 πλησίον
1441 4718 1697 4788 ζητῆσαι.
1743 4720 1913 4774 Τοῦτο

342 4808 562 4878 ἀγάπης
591 4808 839 4875 γνησίας.
880 4809 942 4861 Ἠ
976 4810 1083 4880 γάρ
1105 4811 1293 4882 ἀγάπη
1319 4810 1389 4863 τά
1419 4812 1587 4883 αὑτῆς
1612 4813 1673 4865 οὑ
1701 4813 1909 4883 βλέπει,

341 4899 476 4952 ἀλλά
501 4897 604 4970 πρὸ
626 4900 733 4952 τῶν
757 4902 925 4971 αὑτῆς
946 4901 1017 4955 τά
1034 4901 1126 4954 τοῦ
1151 4903 1379 4981 πλησίον
1397 4906 1519 4975 ὁρᾷ,
1558 4907 1645 4959 ἵνα
1675 4906 1742 4958 δι’
1764 4906 1910 4960 ἐκεί-

341 5008 444 5044 νων
482 4993 551 5046 τά
582 4994 749 5063 αὑτῆς
776 4994 882 5065 ἴδῃ.
900 4994 1052 5047 Ἐπεὶ
1071 4995 1163 5047 καὶ
1193 4994 1303 5063 ἐγὼ
1328 4996 1422 5050 νῦν
1443 4998 1563 5068 οὑχὶ
1586 4997 1650 5051 δι’
1678 4999 1911 5069 ἐμαυτὸν

341 5084 609 5137 ἀποτείνω
668 5085 955 5148 τοσούτους
1008 5085 1231 5153 λόγους,
1282 5088 1418 5141 ἀλλά
1473 5090 1540 5142 δι’
1591 5091 1755 5159 ὑμᾶς.
1803 5091 1913 5144 Kal

342 5175 499 5241 ὑμεῖς
519 5173 666 5246 [69!]
686 5178 865 5229 τοίνυν
888 5176 961 5247 μὴ
979 5177 1048 5229 δι’
1075 5178 1299 5240 ἐαυτοὺς
1326 5179 1550 5231 ἀκούετε
1580 5182 1761 5250 μόνον,
1779 5181 1911 5235 ἀλλά

341 5267 434 5317 καὶ
463 5265 529 5316 δι’
556 5266 774 5337 ἐτέρους
807 5270 932 5330 τοὺς
967 5270 1096 5340 παρ’
1131 5268 1284 5338 ὑμῶν
1314 5270 1661 5324 παιδεύεσθαι
1692 5270 1912 5340 μέλλον·

339 5372 461 5418 τας.
490 5356 645 5409 Κατὰ
674 5357 782 5428 γὰρ
811 5358 907 5428 τὴν
932 5359 1249 5412 ἀκολουθίαν
1278 5360 1384 5413 τῶν
1415 5361 1589 5431 μελῶν
1618 5364 1711 5415 καὶ
1736 5362 1797 5415 τὸ
1815 5364 1912 5433 τῆς

353 5446 679 5515 Ἐκκλησίας
711 5448 967 5518 τρέφεται
1016 5450 1192 5520 σῶμα.
1228 5451 1436 5520 Ὥσπερ
1488 5449 1580 5505 οὖν
1618 5453 1678 5505 τὸ
1727 5454 1908 5523 μέλος,

341 5537 438 5589 ἐὰν
476 5536 724 5607 κατάσχῃ
759 5538 887 5607 παρ’
922 5539 1097 5609 ἐαυτῷ
1125 5541 1223 5611 τὴν
1253 5542 1455 5613 τροφὴν
1484 5544 1682 5607 πᾶσαν,
1716 5544 1808 5597 καὶ
1837 5545 1911 5615 μὴ

346 5626 560 5699 μεταδῷ
588 5626 665 5696 τῷ
696 5628 953 5698 πλησίον,
992 5634 1084 5684 καὶ
1131 5633 1291 5685 ἐαυτὸ
1340 5632 1676 5701 λυμαίνεται,
1723 5635 1815 5688 καὶ
1849 5635 1910 5686 τὸ

342 5718 526 5771 λοιπὸν
568 5717 866 5788 διαφθείρει
908 5720 1095 5789 σῶμα·
1140 5717 1250 5776 οἷον
1275 5724 1303 5775 0
1346 5723 1645 5792 στόμαχος,
1680 5725 1774 5777 ἐὰν
1811 5726 1909 5796 τὴν

342 5810 551 5881 τροφὴν
592 5809 752 5870 αὐτὸς
789 5810 1032 5881 κατάσχῃ
1070 5814 1257 5881 μόνος,
1306 5815 1398 5867 καὶ
1430 5814 1488 5867 τὸ
1530 5815 1711 5870 λοιπὸν
1751 5816 1908 5888 σῶμα

637 5938 911 6000 ΡΑτιιοι.
946 5940 1065 6002 Gn.
1110 5940 1264 6003 LIV.

1490 401 1557 458 IN
1604 399 1902 459 GENESIM
1936 396 2179 458 SERMO
2215 404 2306 458 IX.

3469 404 3576 459 621-

2004 523 2082 593 cap
2118 524 2261 595 λιμῷ
2302 525 2638 595 κατατήκει,
2685 525 2777 578 καὶ
2809 525 3000 578 ἐαυτὸν
3040 523 3144 577 ὑπὸ
3173 523 3273 593 τῆς
3313 522 3581 593 ἀμετρίας

2004 612 2303 682 διαφθείρει
2321 629 2335 643 ο
2368 612 2434 665 ἂν
2458 612 2514 664 δέ
2542 612 2603 663 τὸ
2631 612 2832 682 ἀρκοῦν
2853 612 3034 666 λαϐὼν
3059 611 3201 665 κατὰ
3220 610 3316 680 τὴν
3344 608 3579 680 φυσικὴν

2003 699 2340 766 ἀκολουθίαν,
2390 700 2452 753 :0
2480 701 2663 753 λοιπὸν
2695 702 2806 762 τοῖς
2849 699 3057 771 ἑτέροις
3100 697 3444 770 παραπέμψῃ
3479 697 3579 766 μέ-

2003 788 2139 853 λεσι,
2184 787 2276 842 καὶ
2314 788 2505 841 ἐαυτὸν
2531 788 2626 841 καὶ
2662 788 2723 840 τὸ
2748 787 2931 841 λοιπὸν
2966 786 3123 856 σῶμα
3163 787 3220 837 ἐν
3253 784 3435 853 ὑγιείᾳ
3466 783 3582 835 δια-

2002 877 2190 945 τηρεῖ’
2223 873 2365 927 οὕτω
2394 875 2487 928 καὶ
2526 876 2591 927 σὺ
2637 873 2767 939 νῦν,
2798 872 2863 925 ἂν
2892 872 3132 934 ἀκούσας
3158 871 3225 924 τά
3255 872 3385 940 παρ’
3420 868 3579 939 ἡμῶν

2002 962 2303 1032 κατάσχῃς,
2350 962 2521 1032 ἑτέρῳ
2548 961 2604 1013 δὲ
2640 961 2713 1031 μὴ
2747 959 3011 1030 μεταδῷς,
3058 960 3309 1011 κάκεῖνον
3338 956 3577 1026 ἐζημιω-

2004 1066 2103 1113 σας
2145 1050 2239 1101 καὶ
2272 1048 2497 1101 σεαυτὸν
2537 1047 2866 1118 διέφθειρας,
2913 1043 3269 1116 χαλεπώτατα
3297 1043 3579 1111 νοσήματα

2003 1136 2472 1205 ἐπισπασάμενος,
2524 1133 2750 1188 νωθείαν
2805 1131 2900 1185 καὶ
2946 1130 3157 1198 φθόνον.
3224 1129 3294 1179 Ἢ
3336 1127 3444 1197 γὰρ
3489 1125 3579 1177 διά

2005 1224 2287 1295 πονηρίαν,
2320 1224 2353 1293 ἢ
2382 1222 2447 1275 δι’
2476 1222 2678 1292 ἀργίαν
2706 1220 2801 1273 καὶ
2826 1217 3096 1290 ρᾳθυμίαν
3120 1216 3178 1268 οὑ
3210 1214 3579 1285 μεταδίδωμεν

2005 1312 2231 1383 ἑτέροις.
2274 1312 2563 1380 ὐπότερον
2593 1308 2650 1361 δὲ
2685 1303 2805 1379 ἂνῇ
2844 1304 3071 1367 τούτων,
3102 1303 3284 1383 ἱκανὸν
3318 1300 3577 1353 ἀπολέσαι

2002 1377 2336 1467 τον-ἔχοντα.
2376 1377 2559 1449 Ἀνδέ
2587 1377 2840 1462 ἀφθόνως
2888 1392 2983 1445 καὶ
3026 1377 3358 1458 εἰς’ἐτέρους
3395 1404 3578 1457 παρα-

2004 1484 2229 1555 πέμψῃς
2257 1484 2355 1554 τὴν
2383 1481 2609 1554 τροφὴν,
2640 1481 2737 1534 καὶ
2768 1478 2964 1532 ἑαυτὸν
2994 1479 3088 1530 καὶ
3122 1479 3326 1528 ἐκεῖνον
3365 1473 3578 1543 ὠφέλη-

2005 1590 2121 1636 σας.
2165 1572 2303 1626 Ἀλλ’
2335 1573 2475 1641 ὑπὲρ
2508 1570 2605 1641 μὲν
2635 1566 2839 1622 τούτων
2871 1566 3029 1619 ίκανά
3062 1563 3130 1616 τά
3153 1562 3436 1633 εἰρημένα.

2073 1715 2140 1778 γ’.
2176 1706 2349 1759 Δεῖδέ
2382 1703 2566 1757 λοιπὸν
2608 1702 2703 1754 ἐπὶ
2741 1699 2838 1771 τὴν
2879 1698 3199 1752 ἀκολουθίαν
3245 1696 3418 1747 ἐλθεῖν
3472 1691 3580 1745 τῶν

2003 1796 2192 1863 πρώην
2220 1791 2536 1862 λεχθέντων.
2570 1788 2705 1842 Τίνα
2742 1783 2836 1840 οὖν
2864 1781 2934 1855 ἦν
2970 1787 3186 1849 ἐκεῖνα;
3218 1782 3354 1852 Περὶ
3376 1778 3579 1833 Σαύλου

2004 1885 2098 1937 καὶ
2127 1882 2338 1937 Παύλου
2370 1880 2491 1933 τότε
2526 1876 2848 1948 ἐζητοῦμεν,
2872 1875 2960 1928 διά
2983 1875 3036 1926 τί
3058 1874 3187 1926 ποτέ
3223 1871 3321 1941 μὲν
3343 1868 3543 1931 Σαῦλος
3562 1908 3577 1929 ,

2004 1970 2135 2023 ποτὲ
2176 1970 2233 2022 δὲ
2263 1967 2475 2031 Παῦλος
2503 1967 2747 2034 ἐλέγετο·
2787 1959 2906 2015 εἶτα
2948 1962 3212 2029 ἐξέϐημεν
3240 1961 3304 2011 ἐκ
3332 1958 3429 2026 τῆς
3451 1957 3581 2009 ἀκο-

2004 2059 2221 2120 λουθίας
2261 2056 2464 2127 ταύτης
2508 2058 2589 2118 είς
2619 2054 2895 2124 ὀνομάτων
2934 2050 3173 2121 ἱστορίαν
3206 2047 3427 2115 πολλήν.
3469 2044 3580 2098 Καὶ

2005 2146 2193 2216 ἐπειδὴ
2231 2144 2496 2215 ἐξέϐημεν
2526 2144 2618 2196 ἀπ’
2661 2141 2861 2203 αὑτῶν,
2905 2140 3005 2192 οὑκ
3048 2136 3224 2201 ἔδοξεν
3256 2138 3386 2205 ⁴ᾐμῖν
3429 2131 3578 2196 ἀξιον

2007 2228 2143 2286 εἶναι
2174 2232 2551 2303 παραδραμεῖν
2570 2229 2667 2299 τὴν
2699 2227 2969 2298 ἐμπορίαν
2995 2225 3228 2294 ἐκείνην.
3263 2225 3326 2275 El
3347 2220 3456 2292 γάρ
3482 2220 3577 2273 καὶ

2005 2320 2093 2373 διά
2135 2319 2343 2371 Παῦλον
2394 2317 2628 2389 ἡλθομεν
2667 2317 2760 2368 ἐπὶ
2789 2314 2884 2386 τὴν
2916 2313 3170 2367 ὑπόθεσιν
3206 2310 3431 2379 ταύτην,
3459 2307 3575 2361 ἀλλ’

2006 2409 2153 2477 ὅμως
2179 2408 2272 2462 καὶ
2298 2407 2397 2477 τὴν
2418 2406 2527 2459 τῶν
2549 2404 2723 2461 ἄλλων
2755 2403 3036 2473 ὀνομάτων
3069 2401 3282 2470 εὕρεσιν
3312 2394 3580 2467 ἐμπορεύκ

2008 2495 2203 2548 σασθαι
2229 2494 2497 2563 ἔγνωμεν.
2525 2490 2684 2545 Οὕτω
2704 2491 2800 2544 καὶ
2818 2492 2865 2543 οί
2897 2489 2995 2560 τὴν
3031 2487 3297 2542 θάλατταν
3326 2484 3580 2545 πλέοντες

2006 2584 2124 2637 κατ’
2161 2582 2430 2652 ἐμπορίαν
2468 2580 2683 2633 ποιοῦσι
2713 2578 2996 2645 πολλάκις,
3019 2577 3161 2647 ὑπὲρ
3196 2571 3581 2645 πραγματείας

2006 2672 2200 2739 ὀλίγων
2235 2670 2394 2723 τινῶν
2427 2668 2865 2738 ἐπιδημήσαντες
2886 2683 2899 2695 ·
2933 2664 3152 2720 ἐπειδάν
3192 2665 3271 2726 εἰς
3295 2665 3394 2734 τὴν
3426 2660 3581 2713 πόλιν

2008 2758 2269 2820 ἐλθόντες,
2300 2758 2381 2818 εἰς
2410 2755 2476 2826 ἢν
2510 2754 2848 2817 ἐστέλλοντο,
2879 2754 3033 2806 ῖδωσι
3064 2752 3158 2805 καὶ
3195 2750 3398 2822 ἐτέρων
3436 2750 3581 2817 ἀγω-

2007 2846 2184 2915 γίμων
2216 2845 2439 2914 ἔχουσαν
2483 2844 2777 2913 ἀφθονίαν,
2809 2840 2991 2911 πολλῷ
3030 2840 3252 2893 πλείονα
3291 2839 3391 2909 τῆς
3439 2855 3583 2909 παρ-

2009 2935 2421 3005 εσκευασμένης
2443 2932 2723 2987 ποιοῦνται
2739 2932 2838 3003 τὴν
2852 2930 3145 3001 ἐμπορίαν.
3168 2928 3285 2981 Κᾶν
3303 2926 3576 2998 ἐγκαλέσῃ

2009 3040 2093 3085 τις
2119 3063 2134 3087 ,
2159 3024 2331 3075 ταῦτα
2362 3022 2581 3090 λέγουσι
2606 3021 2674 3074 τά
2714 3019 2937 3092 ῥήματα
2956 3037 2967 3048 ’
2990 3014 3242 3089 Μακράν,
3274 3016 3456 3084 φασὶν,
3486 3016 3580 3085 ήλ-

2012 3111 2176 3182 θομεν
2204 3113 2339 3175 ὁδὸν,
2375 3111 2603 3174 πολλοὺς
2627 3110 2908 3181 χειμῶνας
2939 3106 3334 3178 ὑπεμείναμεν,
3353 3102 3581 3165 πολλοὺς

2010 3198 2284 3262 κινδύνους
2307 3238 2321 3262 ,
2350 3198 2655 3252 διαπόντιον
2686 3193 2991 3265 ἀποδημίαν
3022 3190 3407 3262 ἐστειλάμεθα·
3435 3189 3487 3241 τί
3515 3189 3578 3259 δὴ

2008 3285 2206 3339 κωλύει
2232 3284 2611 3356 ἀφθονωτέραν
2631 3282 2883 3353 γενέσθαι
2909 3283 3006 3353 τὴν
3033 3278 3410 3349 πραγματείαν
3426 3278 3580 3347 ἡμῖν;

2009 3373 2194 3427 Ταῦτα
2224 3373 2288 3444 δὴ
2320 3374 2415 3426 καὶ
2461 3375 2617 3443 ἡμεῖς
2667 3369 3082 3441 ἁπολογώμεθα.
3129 3368 3238 3421 Kal
3284 3366 3394 3436 γὰρ
3422 3368 3582 3436 ἡμεῖς

2010 3459 2299 3531 ζητοῦντες
2343 3460 2471 3530 περὶ
2504 3460 2611 3511 τῶν
2657 3457 2935 3528 ὀνομάτων
2966 3455 3059 3509 τοῦ
3088 3454 3324 3517 Παύλου,
3352 3452 3583 3523 εὕρομεν

2010 3549 2073 3600 ἐκ
2106 3549 2205 3618 τῆς
2249 3546 2569 3609 ἀκολουθίας
2609 3548 2701 3600 καὶ
2747 3546 2937 3614 ἐτέραν
2972 3543 3240 3614 ἐμπορίαν
3280 3541 3581 3610 ὀνομάτων,

2009 3629 2121 3687 οἷόν
2169 3653 2220 3687 τι
2264 3637 2292 3687 0
2335 3635 2537 3704 Πέτρος
2568 3634 2751 3702 Σίμων
2793 3630 3036 3684 ἐκαλεῖτο
3090 3629 3194 3700 πρὸ
3236 3627 3445 3691 τούτου,
3488 3628 3583 3679 καὶ

2008 3724 2057 3774 οί
2092 3723 2198 3775 υἱοὶ
2234 3721 2517 3775 Ζεϐεδαίου
2560 3719 2814 3782 Ἰάκωϐος
2857 3720 2954 3772 καὶ¹
2994 3718 3244 3786 Ἰωάννης
3276 3715 3381 3766 υἱοὶ
3428 3712 3584 3782 βρον-

2008 3813 2107 3880 τῆς
2144 3809 2558 3880 ὠνομάσθησαν.
2597 3807 2841 3879 Εὕρομεν
2886 3806 2980 3860 καὶ
3027 3807 3084 3858 ἐν
3129 3807 3193 3875 τῇ
3238 3803 3447 3870 Παλαιᾷ
3495 3803 3582 3854 τὸν

2022 3898 2272 3969 ’Δϐραάμ
2309 3897 2416 3967 πρὸ
2446 3895 2638 3949 τούτου
2674 3896 2773 3967 μὲν
2806 3894 3027 3964 Ἀϐραμ
3063 3891 3413 3961 καλούμενον,
3443 3890 3584 3960 μετά

2009 3984 2065 4037 δέ
2097 3984 2270 4036 ταῦτα
2305 3983 2594 4055 Ἀϐραὰμ,
2638 3983 2733 4036 καὶ
2772 3981 2863 4035 τὸν
2917 3978 3109 4034 Ἰακὼϐ
3154 3978 3370 4050 Ἰσραὴλ
3416 3995 3585 4049 μετα-

2010 4073 2308 4143 κληθέντα,
2356 4075 2450 4127 καὶ
2495 4074 2593 4139 τὴν
2646 4074 2863 4145 Σάρραν
2900 4070 3103 4140 Σάραν.
3158 4066 3400 4138 Εὕρομεν
3446 4066 3583 4138 πρὸς

2010 4160 2238 4226 τούτοις,
2264 4163 2345 4214 ὅτι
2372 4160 2548 4233 ἐτεροί
2569 4177 2713 4223 τινες
2744 4160 2804 4213 οὑ
2843 4155 3359 4229 μετωνομάσθησαν,
3391 4154 3583 4225 ὥσπερ

2010 4242 2174 4312 οὗτοι,
2197 4248 2308 4301 ἀλλ’
2337 4248 2571 4319 ἐξαρχῆς
2603 4246 2791 4301 ἔλαϐον
2811 4247 2878 4300 τὰ
2907 4244 3164 4314 ὀνόματα,
3190 4244 3378 4312 ῶσπερ
3403 4244 3583 4297 Ἰωάν-

2011 4355 2107 4407 νης
2140 4338 2168 4389 0
2205 4336 2525 4407 βαπτιστὴς,
2554 4336 2631 4398 ὡς
2658 4337 2687 4388 0
2720 4336 2923 4396 Ἰσαὰκ,
2958 4333 3033 4396 ὼς
3056 4334 3084 4384 0
3126 4332 3315 4403 Ἀδάμ.
3350 4333 3582 4385 ’Ἄτοπον

2010 4424 2189 4477 τοίνυν
2216 4425 2347 4493 ἡμῖν
2376 4422 2549 4487 ἔδοξεν
2583 4420 2719 4476 εἶναι
2751 4422 2847 4475 καὶ
2887 4420 3142 4492 βλακείας
3171 4420 3423 4489 ἐσχάτης,
3453 4436 3582 4472 τοσ-

2011 4511 2166 4565 οῦτον
2185 4512 2292 4563 ἀπὸ
2311 4510 2418 4563 τῶν
2435 4511 2630 4580 χειρῶν
2653 4508 2802 4581 ῥῖψαι
2826 4509 3095 4580 θησαυρόν
3106 4506 3259 4579 [692]
3272 4547 3287 4561 .
3309 4509 3407 4560 Διά
3426 4506 3583 4560 τοῦτο

2017 4602 2349 4672 μακρότερον
2376 4600 2709 4670 ἐποιήσαμεν
2736 4591 2825 4651 τὸν
2854 4597 3030 4665 λόγον,
3081 4598 3172 4649 καὶ
3201 4597 3328 4666 περὶ
3362 4595 3471 4649 τῶν
3496 4596 3583 4661 ἐξ-

2013 4692 2185 4760 αρχῆς
2218 4688 2621 4758 ὀνομασθέντων
2656 4685 2846 4757 πρώην
2876 4685 3119 4747 εἰπόντες
3142 4725 3159 4749 ,
3204 4685 3439 4756 σήμερον
3464 4683 3583 4737 δια-

2014 4775 2279 4846 νοούμεθα
2311 4773 2438 4845 περὶ
2475 4774 2583 4826 τῶν
2621 4772 2901 4844 διωνύμων
2931 4774 3133 4836 εἰπεῖν,
3161 4773 3239 4835 ὡς
3268 4767 3347 4837 εἷς
3381 4774 3526 4826 ἐστιν
3551 4773 3582 4823 0

2026 4864 2293 4934 Ἀϐραάμ.
2333 4860 2393 4917 Ὀ
2421 4862 2517 4931 μὲν
2542 4861 2651 4932 γάρ
2689 4861 2859 4931 Ἀδάμ
2888 4862 3041 4915 τοῦτο
3068 4862 3268 4933 ἐκλήθη
3295 4862 3584 4924 διαπαντὸς

2013 4952 2075 5005 :0
2108 4951 2277 5020 ὄνομα
2297 4991 2311 5012 ,
2348 4951 2441 5003 καὶ
2466 4950 2564 5001 οὑκ
2590 4949 2745 5019 ἔσχεν
2775 4950 2987 5020 ἕτερον’
3035 4949 3128 5003 καὶ
3167 4951 3194 5002 0
3233 4949 3415 5002 Ἰσαάκ
3443 4950 3584 5002 οὕτω

2014 5040 2177 5093 πάλιν
2219 5037 2318 5090 οὑκ
2367 5036 2580 5100 ἐδέξατο
2620 5036 2878 5107 δευτέραν
2926 5036 3314 5108 προσηγορίαν,
3360 5035 3471 5088 ἀλλ’
3523 5036 3585 5101 ἐξ
3625 5088 3630 5105 ἶ

2014 5127 2190 5195 ἀρχῆς
2216 5125 2377 5195 μέχρι
2408 5123 2592 5187 τέλους
2632 5123 2815 5177 Ἰσαάκ
2845 5123 3060 5192 ἐλέγετο
3080 5140 3095 5153 ο
3124 5125 3152 5176 0
3180 5123 3238 5175 δέ
3265 5121 3358 5175 τοῦ
3400 5121 3583 5176 Ἰσαὰκ

2012 5212 2195 5284 πατὴρ
2246 5213 2468 5283 Ἀϐραμ
2514 5212 2620 5283 πρὸ
2669 5213 2854 5266 τούτου
2908 5213 3007 5281 μὲν
3056 5211 3301 5280 ἐλέγετο·
3351 5210 3486 5281 μετὰ
3523 5212 3582 5264 δὲ

2011 5300 2189 5353 ταῦτα
2224 5298 2494 5371 Ἀϐραάμ.
2525 5297 2660 5353 Εἶπε
2690 5299 2797 5371 γάρ
2824 5300 2958 5370 πρὸς
2984 5298 3144 5353 αὑτὸν
3171 5302 3199 5352 ὀ
3222 5299 3371 5362 Θεὸς,
3395 5300 3578 5368 φησὶν,

2016 5388 2225 5443 Οὐκέτι
2254 5389 2425 5441 ἔσται
2444 5389 2510 5441 τὸ
2533 5387 2718 5456 ὄνομὰ
2746 5404 2861 5443 σου
2887 5389 3117 5455 Ἄϐραμ,
3145 5387 3305 5442 ἀλλὰ
3341 5387 3583 5456 Ἀϐραὰμ

2013 5476 2386 5543 κληθήσεται
2422 5477 2485 5529 τὸ
2517 5476 2705 5545 ὄνομά
2742 5492 2876 5528 σου.
2926 5476 3035 5530 Καὶ
3065 5475 3172 5546 γάρ
3202 5475 3421 5545 Ἀϐραμ
3449 5477 3581 5528 ἐκα-

2012 5564 2157 5617 λεῖτο
2185 5565 2244 5618 :0
2274 5565 2569 5634 πρότερον,
2599 5561 2735 5614 ἀλλά
2784 5561 2938 5613 τοῦτο
2978 5562 3040 5615 :0
3078 5563 3247 5633 ὄνομα
3294 5563 3393 5615 οὑκ
3433 5562 3580 5617 ἐστιν

2024 5651 2351 5721 Ἑλληνικὸν,
2381 5652 2501 5705 οὑδέ
2527 5653 2593 5721 τῇ
2638 5652 2882 5722 ἡμετέρᾳ
2911 5649 3123 5721 γλώττῃ
3145 5689 3160 5713 ,
3207 5651 3340 5703 ἀλλά
3369 5654 3433 5721 τῇ
3471 5652 3580 5706 τῶν

2022 5738 2288 5809 Ἐϐραίων
2318 5739 2460 5792 οὕτω
2486 5738 2721 5804 λέγεται.
2759 5739 2823 5790 Τί
2851 5734 2945 5791 οὖν
2971 5740 3117 5791 ἐστιν
3146 5739 3579 5809 ἑρμηνευόμενον

2011 5825 2071 5878 :0
2102 5825 2271 5896 ὄνομα
2303 5827 2490 5891 τοῦτο;
2539 5825 2806 5894 Περάτης.
2859 5825 2969 5878 Καὶ
3014 5826 3123 5896 γάρ
3165 5826 3228 5876 τὸ
3260 5827 3480 5898 Ἀϐραμ
3511 5830 3575 5896 τῇ

3193 5947 3267 6006 ιδ
