4028 6360
379 322 484 381 625

379 442 568 512 Σύρων
597 442 745 512 φωνῇ
775 439 836 494 τὸ
879 438 1073 509 πέραν
1115 436 1353 506 λέγεται,
1386 436 1481 490 καὶ
1509 435 1688 490 ῐσασιν
1716 437 1832 489 ὅσοι
1859 435 1957 506 τῆς

381 528 566 597 φωνῆς
592 522 797 590 ταύτης
838 522 979 575 εἰσίν
1011 519 1283 590 ἔμπειροι.
1332 517 1512 590 Πολλὴ
1561 518 1618 572 δὲ
1663 520 1730 589 τῇ
1776 518 1963 588 Σύρων

381 611 532 680 φωνῇ
567 607 699 678 πρὸς
729 604 827 676 τὴν
864 603 973 657 τῶν
1011 603 1277 674 Ἑϐραίων
1303 601 1550 670 γλῶτταν
1581 604 1614 670 ἡ
1651 602 1960 670 συγγένεια.

379 691 492 746 Καὶ
517 689 603 742 διὰ
625 689 676 741 τί
705 687 949 759 περάτης
971 686 1206 753 ἐλέγετο,
1231 684 1392 755 φησίν
1412 703 1426 751 ;
1445 686 1509 738 Ἡ
1539 684 1768 737 Ἰουδαία
1789 682 1964 754 χώρα,

381 773 678 835 τουτέστιν,
710 773 742 840 ἡ
771 771 1102 838 Παλαιστίνη
1134 771 1305 831 πᾶσα,
1343 771 1376 839 ἡ
1403 768 1514 822 ἀπὸ
1544 770 1643 838 τῆς
1684 766 1964 834 Αἰγύπτου

387 857 547 927 μέχρι
573 854 665 907 τοῦ
693 854 1000 924 Εὐφράτου.
1035 851 1153 904 κατ’
1184 852 1409 922 ἀντικρὺ
1457 853 1634 903 κεῖται
1664 853 1761 918 τῆς
1788 851 1966 901 Βαϐυ-

381 939 601 1002 λωνίας,
633 937 753 989 ὅθεν
783 933 849 1006 ἦν
879 939 905 988 6
945 933 1222 1004 Ἀϐραάμο
1256 934 1351 985 καὶ
1392 932 1553 1002 μέσος
1598 935 1683 1003 ῥεῖ
1705 933 1771 984 δι’
1799 933 1968 1002 ἀμφο-

383 1022 603 1092 τέρωνό
637 1019 881 1088 ποταμὸς
905 1057 919 1082 ,
960 1016 1136 1070 κοινὸν
1173 1014 1423 1086 μεθόριον
1464 1013 1538 1067 ὢν
1568 1015 1830 1084 ἑκατέρας
1868 1015 1967 1083 τῆς

383 1105 505 1175 γῆς.
524 1104 677 1156 Ἐπεὶ
709 1099 801 1155 οὖν
825 1103 924 1156 οὐκ
951 1101 1059 1153 ἀπὸ
1089 1099 1190 1169 τῆς
1217 1099 1584 1168 Παλαιστίνης
1617 1094 1704 1168 ἦν,
1729 1099 1843 1151 ἀλλ’
1862 1098 1970 1150 ἀπὸ

381 1189 477 1242 τοῦ
512 1188 682 1258 πέραν
715 1184 877 1258 ἦλθεν
906 1186 1012 1238 ἀπὸ
1034 1185 1134 1253 τῆς
1159 1183 1530 1249 Βαϐυλωνίας,
1561 1182 1649 1235 διὰ
1681 1181 1840 1234 τοῦτο
1861 1181 1971 1234 ἀπὸ

383 1271 480 1325 τοῦ
514 1272 679 1324 τόπου
714 1272 808 1324 καὶ
860 1269 953 1324 τοῦ
997 1267 1322 1339 πράγματος
1353 1265 1414 1318 τὸ
1451 1266 1620 1336 ὄνομα
1662 1265 1841 1326 ἔλαϐε,
1877 1265 1971 1317 καί¹

388 1356 632 1425 περάτης
660 1355 898 1422 ἐλέγετο,
931 1352 1118 1422 ἐπειδὴ
1147 1351 1254 1405 ἀπὸ
1286 1349 1380 1403 τοῦ
1407 1351 1582 1420 πέραν
1613 1345 1766 1421 ἦλθε.
1791 1352 1888 1401 Διά
1920 1348 1972 1400 τί

385 1437 444 1488 δὲ
477 1438 586 1489 ἀπὸ
618 1436 712 1488 τοῦ
748 1436 918 1506 πέραν
952 1431 1150 1504 ῆλθεν;
1206 1433 1424 1505 Ἐπειδὴ
1471 1435 1499 1485 6
1536 1432 1668 1495 Θεὸς
1697 1432 1970 1485 ἐκέλευσε.

387 1521 502 1574 Καὶ
529 1520 617 1571 διὰ
645 1519 698 1570 τί
724 1519 752 1570 ὁ
773 1518 904 1579 Θεὸς
931 1518 1249 1583 ἐκέλευσεν;
1275 1517 1391 1570 Ἵνα
1420 1515 1570 1588 δείξῃ
1595 1515 1695 1586 τὴν
1725 1515 1974 1584 ὑπακοὴν

387 1604 483 1656 τοῦ
518 1602 746 1655 δικαίου.
794 1602 905 1654 Καὶ
949 1599 1067 1664 πῶς
1116 1601 1323 1654 ἐδείκνυ
1353 1599 1453 1670 τὴν
1489 1599 1736 1670 ὑπακοὴν
1782 1597 1876 1651 τοῦ
1906 1598 1976 1649 δι-

391 1688 580 1752 καίους
631 1686 752 1739 Ὀτι
797 1685 884 1738 διὰ
933 1684 992 1737 τὸ
1047 1683 1210 1738 αὑτοῦ
1249 1685 1582 1755 πρόσταγμα
1623 1683 1723 1754 τὴν
1767 1681 1975 1735 οἰκείαν

391 1772 580 1838 ἀφεὶς,
621 1770 722 1840 τὴν
767 1768 1054 1839 ἀλλοτρίαν
1086 1769 1206 1823 ἀντὶ
1245 1768 1460 1838 ἐκείνης
1501 1766 1790 1836 ἠλλάξατο.
1823 1762 1976 1827 Εἶδες

392 1853 533 1923 πόση
583 1851 841 1905 πλέκεται
870 1850 1031 1922 σειρά
1069 1851 1176 1904 ἀπὸ
1213 1851 1310 1923 τῆς
1338 1850 1431 1904 τοῦ
1461 1850 1669 1902 δικαίου
1701 1863 1976 1919 προσηγο-

397 1937 551 2008 ρίας;
598 1935 922 2004 Ὀλόκληρον
962 1936 1094 2005 ἡμῖν
1138 1935 1374 2001 πέλαγος
1423 1933 1665 2004 ίστορίας
1712 1930 1772 1984 τὸ
1808 1930 1978 1998 ὄνομα

392 2017 568 2090 ἤνοιξε
594 2017 769 2072 τοῦτο.
786 2017 942 2072 Μάθε
967 2017 1146 2070 τοίνυν
1169 2015 1333 2069 αὑτοῦ
1355 2015 1416 2068 τὸ
1438 2015 1611 2086 ὄνομα
1634 2014 1696 2067 τὸ
1722 2013 1977 2077 παλαιὸν,

394 2102 480 2154 ἵνα
508 2103 633 2154 ὅταν
662 2101 777 2172 ἴδῃς
809 2100 972 2154 αὑτὸν
1011 2099 1110 2170 τὴν
1149 2099 1518 2170 Παλαιστίνην
1563 2095 1850 2161 οίκοῦντα,
1892 2095 1980 2148 διὰ

393 2185 491 2255 τῆς
525 2185 895 2256 προσηγορίας
943 2183 1108 2238 αὑτοῦ
1154 2184 1290 2255 πρὸς
1338 2184 1434 2253 τὴν
1481 2183 1714 2252 ἀρχαίαν
1744 2179 1980 2247 πατρίδα

395 2268 904 2339 χειραγωγούμενος
927 2309 941 2330 ,
975 2269 1070 2321 καί¹
1115 2268 1401 2339 μανθάνων
1439 2267 1536 2335 τὴν
1567 2265 1766 2324 αἰτίαν,
1814 2263 1880 2316 δι’
1914 2263 1980 2333 ἣν

396 2351 567 2420 αὐτὴν
597 2351 974 2420 ἐγκατέλιπεν,
1008 2351 1200 2421 ἱκανὴν
1232 2349 1368 2419 πρὸς
1395 2348 1486 2402 τὸν
1509 2347 1672 2402 αὑτὸν
1700 2347 1861 2417 ζῆλον
1887 2345 1980 2398 λά-

398 2432 497 2504 ϐῃς
533 2435 899 2504 παράκλησιν.

473 2517 791 2588 Ἀνθρωπος
824 2518 932 2587 γὰρ
973 2516 1079 2587 πρὸ
1127 2516 1291 2585 νόμου
1317 2513 1412 2568 καὶ
1444 2514 1542 2584 τῆς
1573 2513 1800 2584 ἐννόμου
1832 2511 1983 2564 πολι-

397 2599 550 2661 τείας
582 2598 677 2662 ὣν,
710 2599 809 2670 τὴν
843 2601 900 2652 ἐν
948 2602 1014 2670 τῇ
1059 2599 1245 2669 χάριτι
1292 2597 1612 2666 φιλοσοφίαν
1647 2594 1980 2659 ἐπεδείξατο,

399 2681 496 2735 καὶ
523 2683 658 2753 ὅπερ
683 2683 866 2752 ἔλεγεν
902 2682 1126 2752 ὕστερον
1171 2683 1200 2733 6
1230 2679 1464 2750 Χριστὸς
1495 2682 1608 2740 τοῖς
1631 2679 1949 2740 ἀποστόλοις
1967 2695 1978 2708 ·

414 2765 594 2834 Ἀμὴν
631 2765 785 2836 λέγω
819 2767 990 2834 ὑμῖν,
1022 2766 1112 2818 ὅτι
1157 2766 1269 2817 οὐκ
1310 2762 1513 2829 ἐστιν,
1546 2762 1715 2828 ὅστις
1747 2761 1986 2830 ἀφῆκεν

402 2850 617 2916 οἰκίαν,
643 2849 680 2916 ἢ
711 2849 1034 2917 ἀδελφοὺς,
1058 2848 1095 2915 ἢ
1124 2846 1413 2916 ἀδελφὰς,
1448 2845 1487 2914 ἢ
1516 2844 1761 2912 πατέρα,
1803 2845 1840 2913 ἢ
1871 2863 1987 2914 μη·

402 2931 573 2999 τέρα,
623 2931 691 2996 ὃς
729 2934 842 3001 οὺχ
887 2930 1488 2984 ἑκατονταπλασίονα
1536 2929 1834 2996 λήψεται,
1885 2928 1986 2981 καί

406 3011 558 3082 ζωὴν
605 3013 846 3068 αἰώνιον
899 3012 1379 3082 κληρονομήσει·
1436 3013 1592 3064 τοῦτο
1640 3014 1845 3076 ἐκεῖνος
1901 3012 1988 3064 διά

405 3098 516 3150 τῶν
559 3098 734 3168 ἔργων
765 3098 870 3169 πρὸ
898 3099 998 3167 τῆς
1024 3101 1245 3169 χάριτος
1275 3097 1549 3168 ἐποίησεν.
1589 3098 1702 3150 Ούκ
1735 3097 1842 3149 ἀπὸ
1867 3096 1988 3148 τού-

407 3200 502 3236 του
539 3183 596 3235 δέ
631 3183 790 3252 μόνον
819 3181 916 3252 τὴν
944 3182 1268 3250 φιλοσοφίαν
1297 3181 1443 3233 ἔστιν
1481 3181 1608 3233 ίδεῖν
1635 3180 1728 3233 τοῦ
1756 3179 1986 3245 δικαίου,

409 3263 549 3318 ἀλλά
610 3265 705 3317 καὶ
746 3263 854 3315 ἀπὸ
898 3263 999 3334 τῆς
1054 3263 1401 3333 ὑποσχέσεως
1458 3262 1628 3330 αὑτῆς
1675 3260 1770 3313 τοῦ
1832 3261 1986 3314 Θεοῦ.

409 3345 592 3415 Δεῦρο
629 3346 736 3417 γὰρ
759 3387 773 3414 ,
807 3350 992 3416 φησὶν,
1021 3349 1108 3412 είς
1140 3346 1255 3414 τὴν
1281 3345 1414 3414 γῆν,
1450 3344 1530 3412 ἢν
1555 3346 1632 3398 ἅν
1665 3361 1762 3398 σοι
1793 3345 1986 3408 δείξω.

411 3430 480 3484 EE
509 3428 615 3500 γὰρ
643 3429 734 3481 καὶ
761 3429 1067 3498 ἀμφότεραι
1108 3428 1362 3497 αἰσθηταὶ
1393 3430 1447 3480 αἱ
1479 3428 1734 3497 πατρίδες
1755 3468 1768 3490 ,
1813 3427 1926 3478 ἀλλ’
1955 3430 1987 3498 ἡ

418 3512 516 3582 μὲν
540 3511 712 3563 οἰκεία
735 3508 821 3582 ἦν,
857 3513 889 3580 ἡ
930 3512 987 3564 δὲ
1027 3511 1314 3582 ἀλλοτρίω
1357 3510 1510 3579 καὶὴ
1558 3512 1653 3580 μὲν
1682 3511 1912 3580 φανερὰ,
1959 3512 1991 3578 ἡ

413 3593 471 3645 δὲ
500 3592 691 3664 ἄδηλος
711 3610 725 3624 ·
757 3593 852 3646 καὶ
884 3594 916 3664 ἡ
951 3594 1049 3663 μὲν
1083 3595 1141 3646 ἐν
1173 3596 1391 3664 χερσὶν,
1427 3595 1460 3663 ἡ
1489 3593 1545 3646 δὲ
1578 3595 1634 3645 ἐν
1663 3593 1870 3644 ἐλπίσι·
1901 3593 1994 3645 καὶ

416 3678 566 3747 ὅμως
593 3676 662 3730 τὰ
695 3677 904 3748 φανερά
949 3678 1042 3730 καὶ
1085 3677 1223 3747 δῆλα
1277 3678 1371 3730 καὶ
1399 3677 1469 3729 :6
1497 3679 1551 3728 ἐν
1583 3677 1769 3747 χερσὶν
1800 3676 1992 3745 ἀφεὶς,

421 3758 569 3832 [695]
600 3761 734 3831 πρὸς
765 3761 834 3814 τά
861 3763 1041 3831 ἀφανῆ
1075 3761 1169 3814 καὶ
1197 3761 1388 3832 ἄδηλα,
1431 3762 1521 3812 καὶ
1549 3754 1624 3812 ὧν
1655 3761 1753 3812 οὑκ
1790 3755 1856 3830 ῆν
1896 3759 1994 3812 κύ-

423 3859 535 3912 ριος
560 3844 798 3916 ἔτρεχεν,
831 3846 917 3898 ἵνα
953 3862 1012 3897 σε
1043 3845 1206 3916 πείσῃ
1239 3846 1332 3897 καὶ
1356 3844 1641 3915 παιδεύσῃ,
1667 3845 1794 3896 ὅταν
1815 3848 1842 3896 ὁ
1864 3845 1998 3908 Θεὸς

419 3927 490 3980 τὰ
518 3927 616 3997 μὲν
645 3929 778 4000 δῆλα
809 3930 1026 3997 ἀφεῖναι
1057 3928 1251 3998 κελεύῃ
1279 3970 1292 3991 ,
1329 3929 1465 3998 πρὸς
1492 3929 1549 3980 δέ
1576 3928 1644 3980 :6
1672 3928 1840 3999 ἄδηλα
1876 3928 1996 3997 βλέ-

422 4028 578 4076 πειν,
642 4013 716 4083 μὴ
774 4012 1097 4080 ἀντιλέγειν,
1152 4010 1285 4080 μηδὲ
1331 4011 1712 4080 ἀμφισϐητεῖν.
1765 4012 1838 4062 Οὐ
1895 4011 1998 4082 γάρ

425 4094 565 4146 οὓτω
591 4095 727 4164 δῆλά
759 4097 872 4148 ἐστι
897 4094 965 4147 :6
993 4097 1050 4146 ἐν
1080 4094 1268 4164 χερσὶν
1289 4133 1303 4155 ,
1330 4093 1404 4155 ὡς
1448 4095 1631 4145 ἐκεῖνα
1656 4094 1724 4146 :6
1763 4095 1819 4144 ἐν
1847 4094 1999 4144 ἐλπί-

427 4191 512 4228 σιν
533 4193 546 4205 ·
577 4177 674 4246 οὑχ
701 4176 841 4229 οὑτω
867 4175 997 4247 δήλη
1029 4178 1176 4229 ἐστὶν
1203 4178 1235 4246 ἡ
1267 4175 1516 4245 παροῦσα
1546 4175 1680 4244 ζωὴ,
1712 4176 1784 4237 ὼς
1819 4177 1999 4245 ἐκείνη

427 4259 464 4327 ἡ
499 4259 784 4327 μέλλουσα.
816 4259 1033 4329 Ταύτην
1059 4260 1158 4328 μὲν
1182 4260 1290 4327 γάρ
1334 4259 1547 4328 ὁρῶμεν
1578 4261 1688 4321 τοῖς
1716 4259 2002 4328 ἡμετέροις

429 4341 748 4411 ὀφθαλμοῖς,
774 4342 988 4410 ἐκείνην
1014 4342 1229 4414 ὁρῶμεν
1260 4343 1372 4402 τοῖς
1409 4342 1508 4409 τῆς
1538 4341 1772 4403 πίστεως
1806 4341 2004 4410 ὀφθαλ-

435 4428 554 4495 μοῖς
575 4424 826 4494 ’,ταύτην
853 4425 1070 4496 ὁρῶμεν
1097 4427 1154 4477 ἐν
1182 4427 1302 4486 ταῖς
1349 4423 1646 4494 ἡμετέραις
1691 4427 1844 4494 χερσὶ
1891 4443 2006 4478 κει-δ

437 4507 628 4577 μένην,
648 4507 860 4577 ἐκείνην
889 4508 1104 4578 ὁρῶμεν
1127 4508 1220 4560 καὶ
1238 4509 1358 4570 ταῖς
1384 4505 1737 4574 ἐπαγγελίαις
1760 4506 1852 4560 τοῦ
1871 4507 2004 4559 Θεοῦ

436 4590 862 4659 φυλαττομένην.

505 4675 564 4727 δ’.
607 4674 673 4726 Αἱ
702 4673 757 4726 δὲ
789 4672 1110 4742 ἐπαγγελίαι
1147 4673 1241 4726 τοῦ
1269 4673 1402 4725 Θεοῦ
1430 4671 1609 4742 πολλῷ
1645 4672 2008 4744 δυνατώτεραι

435 4759 544 4810 τῶν
570 4757 849 4828 ἡμετέρων
883 4756 1100 4826 χειρῶν.
1143 4757 1329 4810 Βούλει
1361 4757 1548 4826 μαθεῖν
1587 4757 1702 4819 πῶς
1732 4757 1869 4825 αὕτη
1911 4759 2007 4826 μὲν

437 4843 471 4912 ἡ
504 4841 615 4911 ζωὴ
642 4842 675 4910 ἡ
701 4839 950 4910 παροῦσα
977 4841 1034 4892 ἐν
1070 4840 1252 4911 ἀδήλῳ
1285 4842 1462 4892 κεῖται
1491 4839 1800 4902 διαπαντὸς,
1831 4840 2012 4907 ἐκείνη

439 4924 493 4976 δὲ
526 4923 558 4992 ἡ
589 4923 877 4991 μέλλουσα,
916 4924 949 4994 ἡ
984 4922 1215 4976 δοκοῦσα
1244 4923 1437 4994 ἄδηλος
1466 4918 1626 4983 εἷναι,
1666 4921 2015 4992 φανερωτέρα

439 5008 539 5077 τῆς
563 5007 840 5078 παρούσης
865 5008 980 5060 ἐστὶ
1004 5007 1097 5059 καὶ
1121 5006 1439 5076 βεϐαιοτέρα
1462 5005 1555 5058 καὶ
1581 5005 1804 5074 μόνιμος
1829 5021 1843 5067 ;
1874 5004 2019 5068 Ἐξε-

442 5091 715 5159 τάσωμεν,
752 5090 800 5140 εί
827 5089 991 5154 δοκεῖ,
1022 5089 1093 5142 τὰ
1136 5089 1365 5160 λαμπρά
1410 5089 1508 5157 τῆς
1539 5088 1820 5158 παρούσης
1850 5087 2015 5156 ζωῆς,

442 5173 533 5224 τὸν
569 5171 826 5237 πλοῦτον,
859 5173 956 5242 τὴν
987 5173 1173 5240 δόξαν,
1200 5175 1298 5244 τὴν
1343 5172 1660 5225 δυναστείαν
1684 5211 1697 5235 ,
1726 5171 1823 5232 τὰς
1856 5170 2020 5238 τιμὰς

445 5255 542 5318 τὰς
567 5254 718 5324 παρὰ
749 5255 1051 5324 ἀνθρώπων
1075 5274 1086 5285 ·
1132 5257 1226 5308 καὶ
1255 5256 1374 5324 ὄψει
1404 5256 1609 5309 τούτων
1642 5254 1795 5306 οὐδὲν
1829 5253 2023 5320 ἀδηλό-

445 5354 622 5408 τερον.
660 5338 724 5390 Τί
762 5338 870 5408 γάρ
898 5339 1252 5410 ἀπιστότερον
1289 5339 1540 5402 πλούτου,
1575 5336 1666 5388 τοῦ
1700 5336 1830 5406 μηδέ
1865 5336 2024 5405 μέχρι

448 5423 544 5491 τῆς
568 5423 805 5493 ἑσπέρας
836 5422 1095 5484 πολλάκις
1122 5425 1254 5492 ἡμῖν
1287 5423 1727 5492 παραμένοντος;
1763 5420 2026 5489 Καθάπερ

451 5505 558 5574 γὰρ
583 5505 856 5574 δραπέτης
893 5504 1161 5575 ἀγνώμων
1191 5507 1297 5558 67:6
1328 5505 1516 5558 τούτου
1549 5507 1627 5567 εἰς
1667 5507 1870 5556 ἐκεῖνον
1908 5519 2025 5556 συν·

470 5587 595 5655 ξχῶς
629 5587 964 5656 μεθίσταται,
1001 5591 1094 5642 καὶ
1134 5590 1292 5643 πάλιν
1332 5590 1438 5644 άπὸ
1462 5589 1648 5641 τούτου
1691 5588 1825 5658 πρὸς
1853 5587 2026 5642 ἄλλον.

459 5669 707 5740 Τοιοῦτόν
737 5689 788 5722 τι
812 5674 905 5725 καὶ
930 5676 962 5744 ἡ
987 5673 1111 5739 δόξα
1135 5673 1304 5728 ἐστίν.
1329 5674 1385 5723 '0
1413 5673 1522 5744 γὰρ
1548 5673 1652 5746 πρὸ
1677 5671 1865 5725 τούτου
1895 5673 2032 5742 λαμ-

464 5752 600 5824 πρὸς
645 5754 738 5807 καὶ
771 5757 1036 5833 ἐπίσημος
1057 5799 1072 5826 ,
1106 5758 1297 5827 ἄτιμος
1329 5758 1421 5810 καὶ
1466 5757 1746 5828 ἀνώνυμος
1778 5755 2034 5826 ἐξαίφνης

1068 321 1127 377 S.
1168 318 1456 376 JOANNIS
1493 316 1994 374 CHRYSOSTOMI
2036 316 2357 375 ARGIIIEP.
2397 319 2949 377 CONSTANTINOP.

3538 328 3649 386 626

2064 437 2276 505 γίνεται
2302 452 2316 466 ’
2363 437 2459 490 καὶ
2505 438 2566 490 τὸ
2615 439 2856 492 ἐναντίον
2887 437 3069 492 πάλιν.
3108 437 3219 490 Καὶ
3252 437 3504 511 καθάπερ
3551 444 3650 497 τὸν

2063 519 2254 588 τροχὸν
2285 518 2524 589 συνεχῶς
2554 521 2918 591 στρεφόμενον
2947 522 3049 574 ούκ
3079 519 3227 573 ἔστιν
3253 522 3386 591 ὁρᾷν
3425 524 3517 576 ἐπὶ
3555 525 3652 579 τοῦ

2064 603 2230 656 αὑτοῦ
2263 605 2363 674 τῆς
2400 605 2628 672 ἄντυγος
2671 604 2869 674 μέρους
2894 622 2908 635 ο
2962 607 3027 675 τῇ
3073 601 3181 674 γὰρ
3223 607 3519 676 πυκνότητι
3549 608 3657 678 τῆς

2066 689 2214 759 δίνης
2238 689 2530 752 διαπαντὸς
2552 691 2618 743 :6
2644 691 2756 744 ἄνω
2785 690 2936 742 κάτω
2964 689 3196 758 γίνεται,
3229 690 3322 741 καὶ
3344 692 3656 747 τούναντίον

2068 773 2260 825 πάλιν·
2298 772 2442 838 οὑτω
2478 773 2568 824 καὶ
2617 774 2650 842 ἡ
2699 771 2804 824 τῶν
2842 773 3182 844 πραγμάτων
3223 773 3329 824 τῶν
3366 775 3657 844 ἡμετέρων

2069 856 2208 927 φορά
2234 855 2469 925 συνεχῶς
2503 855 2868 926 στρεφομένη,
2894 855 2960 907 :6
2985 857 3096 908 ἅνω
3125 854 3276 907 κάτω
3298 859 3474 907 ποιεῖ·
3509 857 3658 909 οὕτω

2071 941 2164 991 καὶ
2194 939 2286 990 ἐπὶ
2308 937 2402 989 τοῦ
2437 937 2667 989 πλούτου
2698 938 2791 989 καὶ
2832 938 2923 989 ἐπὶ
2957 937 3055 1006 τῆς
3085 937 3399 999 δυναστείας
3435 939 3530 990 καὶ
3562 940 3659 990 ἐπὶ

2068 1023 2176 1074 τῶν
2203 1021 2376 1074 ἄλλων
2399 1022 2672 1074 ἁπάντων.
2697 1021 2966 1073 Οὐδέποτε
2991 1021 3082 1072 ἐπὶ
3107 1021 3205 1089 τῆς
3229 1022 3398 1090 αὑτῆς
3422 1023 3660 1090 ἕστηκεν

2069 1105 2250 1175 ἕδρας,
2283 1104 2418 1156 ἀλλὰ
2446 1105 2514 1156 τὰ
2544 1105 2652 1154 τῶν
2679 1103 2940 1172 ποταμῶν
2974 1105 3220 1172 μιμεῖται
3254 1103 3521 1172 “Wa”,
3555 1124 3663 1174 “’1‘

2070 1187 2242 1257 δαμοῦ
2279 1204 2406 1240 ποτε
2436 1187 2722 1256 ἱστάμενα.
2755 1186 2819 1238 Τί
2845 1182 2936 1237 οὖν
2970 1185 3174 1238 τούτων
3206 1186 3399 1253 γένοιτ’
3437 1188 3503 1240 ἂν
3529 1189 3663 1256 ἀδη-

2071 1271 2187 1322 λότε
2197 1288 2307 1340 ρον,
2325 1271 2430 1323 τῶν
2453 1271 2597 1323 οὕτω
2620 1271 2859 1340 συνεχῶς
2885 1269 3394 1340 μεταϐαλλομένων,
3413 1271 3507 1322 καὶ
3528 1273 3663 1341 πρὶν

2073 1355 2105 1426 ἢ
2135 1357 2367 1422 φανῆναι
2398 1355 2816 1423 ἀφιπταμένων,
2845 1354 2973 1424 πρὶν
3002 1355 3034 1422 ἢ
3086 1353 3491 1424 παραγενέσθαι
3520 1355 3664 1406 ἁπο-

2073 1437 2367 1509 πηδώντων
2396 1454 2410 1502 ;
2447 1437 2546 1490 Διά
2573 1436 2732 1490 τοῦτο
2766 1437 2860 1490 καὶ
2891 1438 2919 1488 6
2953 1437 3239 1506 προφήτης
3287 1438 3414 1506 περὶ
3447 1437 3664 1506 τρυφῆς

2075 1521 2166 1573 καὶ
2188 1521 2419 1573 πλούτου
2448 1521 2540 1573 καὶ
2565 1519 2674 1572 τῶν
2694 1511 2950 1572 τοιούτων
2968 1519 3372 1588 διαλεγόμενος,
3396 1521 3489 1572 καὶ
3517 1520 3665 1572 σκώ-

2076 1622 2224 1657 πτων
2252 1605 2330 1666 είς
2361 1607 2487 1670 τοὺς
2529 1603 2664 1676 πρὸς
2700 1603 2840 1655 αύτά
2870 1602 3167 1671 κεχηνότας
3198 1603 3274 1665 ὡς
3316 1603 3660 1672 διαμένοντα,

2078 1687 2270 1756 φησίν·
2320 1687 2428 1751 Ὡς·
2473 1686 2702 1742 ἑστῶτα
2738 1687 3099 1754 ἐλογίσαντο
3139 1685 3364 1749 ταῦτα,
3405 1687 3502 1740 καί
3545 1689 3664 1756 οὐχ

2076 1773 2156 1836 ὡς
2181 1771 2497 1840 φεύγοντα.
2544 1770 2659 1822 υύκ
2688 1765 2864 1831 εἶπεν,
2912 1770 2972 1822 o6
3024 1771 3444 1840 παρερχόμενα,
3485 1770 3599 1823 ἀλλ’
3630 1770 3662 1822 δ

2078 1853 2256 1923 πολλῴ
2289 1853 2473 1923 μεῖζόν
2505 1855 2674 1916 ἐστιν,
2708 1854 2807 1916 Ὡς
2830 1851 3162 1920 φεύγοντα*
3197 1852 3316 1904 ούδέ
3341 1853 3449 1920 γὰρ
3479 1854 3666 1922 ἡρέμα

2079 1940 2372 2009 ἀναχωρεῖ,
2398 1938 2532 1991 ἀλλά
2565 1937 2702 2008 μετὰ
2733 1935 2929 1988 πολλοῦ
2961 1935 3056 1988 τοῦ
3080 1935 3298 2005 τάχους.
3339 1936 3476 1988 Ἀλλ’
3510 1937 3610 2005 οὑχ
3634 1937 3668 1989 6

2080 2025 2426 2092 πατριάρχης
2469 2021 2644 2083 οὕτως
2668 2059 2682 2081 ,
2716 2021 2852 2074 ἀλλὰ
2897 2021 3076 2072 πάντα
3107 2019 3282 2072 ταῦτα
3318 2019 3495 2087 ἀφεὶς,
3526 2019 3669 2090 πρὸς

2079 2108 2176 2168 τὰς
2211 2105 2546 2172 ἐπαγγελίας
2591 2103 2690 2166 τὰς
2729 2103 2880 2171 παρὰ
2919 2101 3014 2153 τοῦ
3059 2100 3197 2153 Θεοῦ
3247 2103 3405 2170 μόνον
3445 2101 3664 2163 ἐϐλεπε,

2083 2187 2448 2258 προοδοποιῶν
2496 2189 2626 2256 ἡμῖν
2661 2186 2797 2257 πρὸς
2844 2185 2940 2255 τὴν
2980 2186 3091 2238 τῶν
3129 2184 3429 2255 μελλόντων
3460 2185 3666 2247 πίστιν,

2081 2271 2172 2332 ἵν’,
2207 2271 2336 2323 ὃταν
2367 2267 2773 2338 ἐπαγγέλληταί
2810 2285 2892 2320 σοι
2927 2269 2954 2320 ὁ
3003 2267 3137 2329 Θεὸς
3171 2266 3238 2320 :6
3272 2267 3529 2338 μέλλοντα
3573 2266 3671 2318 καὶ

2079 2355 2178 2424 οὑχ
2208 2353 2483 2426 ὁρώμενα,
2513 2351 2585 2423 μὴ
2621 2351 2807 2422 λέγῃς,
2849 2352 2931 2404 ὅτι
2965 2350 3141 2421 ἄδηλά
3175 2352 3322 2403 ἐστιν
3357 2353 3538 2402 ἐκεῖνα
3573 2351 3673 2402 καὶ

2082 2437 2283 2506 ἀφανῆ.
2312 2438 2392 2489 T6
2420 2436 2528 2506 γάρ
2566 2436 2737 2506 ἄδηλα
2763 2437 2945 2488 ἐκεῖνα
2975 2434 3182 2486 τούτων
3213 2434 3332 2485 ἐστὶ
3362 2432 3674 2500 σαφέστερα

2082 2521 2190 2572 τῶν
2223 2519 2538 2591 ὁρωμένων,
2565 2519 2657 2571 ἐὰν
2686 2520 2812 2581 τοὺς
2849 2518 2946 2586 τῆς
2973 2517 3208 2579 πίστεως
3237 2514 3449 2585 ἔχωμεν
3471 2514 3672 2583 ὀφθαλ-

2087 2603 2243 2673 μούς.
2278 2603 2340 2654 Εἰ
2370 2602 2478 2672 γάρ
2507 2602 2599 2654 καὶ
2633 2600 2708 2671 μὴ
2742 2600 3069 2669 ἑωράκαμεν
3115 2598 3277 2661 66:6,
3325 2596 3439 2649 ἀλλ’
3474 2598 3502 2649 6
3536 2596 3674 2658 Θεὸς

2084 2687 2225 2741 αὑτά
2254 2687 2620 2756 ἐπηγγείλατο
2654 2686 2748 2737 καὶ
2771 2683 3056 2754 ὑπέσχετο.
3086 2684 3255 2736 Ὅταν
3285 2684 3314 2734 6
3344 2681 3476 2744 Θεὸς
3499 2683 3674 2749 ἐπαγ-

2085 2771 2364 2840 γέλληται,
2395 2769 2619 2838 οὐδεμία
2663 2767 2932 2838 μεταϐολὴ
2976 2766 3086 2819 τῶν
3113 2765 3460 2834 ὑποσχέσεων
3501 2763 3673 2816 ἄπτε-

2084 2869 2213 2907 ται·
2249 2853 2389 2904 ὥστε
2427 2854 2608 2904 ἐκεῖνα
2647 2851 2881 2922 μάλιστα
2915 2850 3065 2918 μένει
3101 2849 3196 2903 καὶ
3236 2848 3484 2916 πέπηγεν
3515 2849 3574 2900 ἐν
3605 2849 3676 2918 τῇ

2084 2936 2229 3006 χειρὶ
2257 2934 2350 2988 τοῦ
2385 2934 2543 2987 Θεοῦ.
2592 2935 2691 2987 Ἐκ
2725 2935 2835 3002 γάρ
2866 2932 2977 3000 τῆς
3009 2932 3208 3000 χειρὸς
3240 2930 3346 2984 τοῦ
3388 2931 3534 2983 Θεοῦ
3568 2930 3676 2996 ἀρ-

2088 3019 2292 3078 πάζειν
2323 3017 2523 3084 οὐδεὶς
2563 3018 2813 3070 δύναται
2839 3056 2853 3080 ,
2892 3016 3074 3084 φησίν.
3127 3013 3430 3085 Ἀρπάζειν
3469 3014 3531 3065 ἐκ
3575 3012 3678 3081 τῆς

2089 3104 2271 3173 χειρὸς
2298 3100 2391 3153 τοῦ
2428 3100 2640 3170 Πατρός
2666 3118 2765 3170 μου
2801 3099 2976 3161 οὐδεὶς
3002 3097 3244 3150 δύναται.
3281 3097 3431 3149 Ἐπεὶ
3461 3091 3551 3148 οὖν
3586 3096 3680 3146 ού-

2088 3185 2198 3248 δεὶς
2229 3184 2450 3238 δύναται
2478 3183 2740 3255 ἁρπάζειν
2779 3185 2842 3235 ἐκ
2877 3183 2975 3250 τῆς
3005 3181 3188 3251 χειρὸς
3212 3180 3306 3233 τοῦ
3334 3179 3489 3241 Θεοῦ,
3522 3178 3678 3250 [694]

2089 3269 2145 3320 ἐν
2186 3267 2330 3337 δὴλῳ
2365 3269 2513 3336 μένει
2553 3266 2810 3337 θησαυρῷ
2849 3265 3162 3327 διαπαντός.
3206 3264 3392 3316 Ταῦτα
3438 3263 3495 3314 δέ
3541 3267 3682 3314 πανλ

2090 3349 2263 3412 τοίαις
2301 3350 2621 3420 μεταϐολαῖς
2667 3349 2951 3400 ὑπόκειται
2981 3347 3076 3400 καὶ
3111 3348 3339 3417 τροπαῖς
3360 3362 3372 3372 ·
3403 3344 3492 3397 διά
3519 3343 3683 3396 τοῦτο

2093 3433 2353 3495 πολλάκις
2417 3434 2508 3485 τὸν
2561 3433 2657 3502 μὲν
2723 3432 2881 3483 πόνον
2929 3430 3106 3483 αὑτῶν
3161 3429 3526 3498 ὑπομένομεν,
3583 3425 3682 3479 τοῦ

2093 3519 2148 3570 δέ
2181 3517 2368 3579 τέλους
2406 3517 2585 3570 αὑτῶν
2619 3513 3089 3585 ἀποστερούμεθα.
3146 3512 3270 3564 Ἐπὶ
3302 3512 3356 3564 δέ
3387 3511 3493 3563 τῶν
3531 3510 3686 3561 ἐλπί-

2093 3602 2198 3654 δων
2225 3602 2448 3654 ἐκείνων
2477 3602 2577 3653 οὐκ
2607 3601 2685 3652 ένι
2713 3600 2889 3662 τοῦτο,
2918 3598 3055 3652 ἀλλὰ
3083 3597 3176 3649 τὸν
3213 3595 3518 3648 πονέσαντα
3544 3595 3686 3646 πάν-

2096 3701 2203 3747 τως
2231 3684 2310 3736 δεῖ
2351 3684 2443 3736 καὶ
2474 3684 2581 3735 τῶν
2619 3684 2897 3750 στεφάνων
2925 3682 3223 3749 ἐπιτυχεῖν.
3254 3679 3319 3732 Ἡ
3359 3678 3467 3747 γάρ
3505 3677 3688 3741 ἐλπὶς

2097 3771 2168 3820 οὺ
2200 3768 2608 3835 καταισχύνει.
2633 3765 2767 3817 Θεοῦ
2799 3765 2907 3834 γάρ
2939 3766 3085 3815 ἐστιν
3116 3763 3431 3830 ὑπόσχεσις,
3468 3759 3565 3812 καὶ
3594 3759 3686 3811 τὸν

2099 3851 2467 3921 ὑποσχόμενον
2529 3852 2775 3920 μιμεῖται
2813 3849 2878 3900 :6
2933 3847 3100 3916 δῶρα.
3161 3846 3346 3913 Ἀφε“ις
3394 3842 3570 3896 τοίνυν
3619 3842 3690 3894 :6

2098 3935 2298 4004 ἄδηλα,
2335 3935 2531 4003 κάτεχε
2573 3933 2642 3984 :6
2681 3933 3012 4002 φαινόμενα’
3051 3929 3117 3982 :6
3153 3930 3260 4000 γὰρ
3296 3929 3597 3996 φαινόμενα
3629 3926 3688 3978 ού

2099 4017 2168 4069 :6
2200 4017 2439 4087 παρόντα
2475 4017 2642 4081 ἐστὶν,
2688 4016 2824 4068 ἀλλὰ
2863 4015 2931 4066 :6
2978 4014 3260 4083 μέλλοντα.
3305 4013 3369 4064 Εἰ
3412 4011 3470 4063 δέ
3520 4025 3688 4072 τινες,

2102 4102 2236 4169 πρὸς
2264 4101 2331 4153 τά
2377 4101 2622 4170 παρόντα
2657 4098 3005 4167 ἐπτοημένοι,
3037 4097 3146 4149 τῶν
3187 4095 3494 4166 μελλόντων
3521 4094 3693 4160 ὑπερ-

2103 4185 2321 4254 ορῶσιν,
2351 4184 2537 4253 ἐπειδὴ
2560 4181 2939 4251 ἀσθενέστεροί
2966 4183 3072 4233 είσι
3103 4179 3198 4231 τοῦ
3223 4179 3393 4247 ὕψους
3415 4178 3514 4245 τῆς
3543 4175 3693 4229 ἐλπί-

2103 4269 2190 4329 δος
2216 4268 2448 4338 ἐκείνης,
2473 4267 2560 4318 διά
2586 4267 2745 4318 τοῦτο
2771 4264 3137 4334 ὑπερορῶσιν,
3167 4264 3268 4328 οὑκ
3291 4261 3482 4331 ἐπειδὴ
3507 4261 3691 4329 ἀφανῆ

2105 4351 2276 4405 ταῦτά
2315 4353 2428 4402 ἐστι
2461 4350 2554 4402 καὶ
2587 4347 2776 4416 ἄδηλα.
2809 4347 3007 4398 Σκόπει
3052 4347 3183 4414 γοῦν
3217 4347 3318 4415 τὴν
3363 4343 3691 4413 φιλοσοφίαν

2107 4435 2198 4488 τοῦ
2241 4434 2469 4487 δικαίου.
2525 4434 2581 4485 Ὁ
2641 4433 2772 4494 Θεὸς
2829 4431 3196 4500 ἐπηγγείλατο
3246 4428 3395 4498 αὑτῷ
3459 4425 3693 4494 αἰσθητά

2108 4518 2428 4588 πράγματα,
2470 4516 2562 4567 καὶ
2592 4514 2750 4576 66:6;
2783 4513 2950 4584 νοητὰ
2985 4511 3188 4583 ἐζήτει.
3231 4513 3342 4565 Καὶ
3369 4510 3471 4563 ποῦ
3499 4513 3528 4561 ὀ
3565 4508 3696 4570 Θεὸς

2110 4601 2342 4672 αἰσθητὰ
2375 4599 2522 4669 αύτῷ
2559 4597 2945 4667 ἐπηγγείλατο,
2984 4597 3147 4659 66:6;
3178 4597 3235 4648 δὲ
3275 4595 3440 4666 νοητὰ
3472 4592 3691 4663 ἧθελεν;

2114 4688 2377 4749 Ἔξελθε,
2408 4683 2592 4752 φησὶν,
2625 4683 2690 4733 ἐκ
2722 4680 2834 4747 τῆς
2869 4679 2981 4749 γῆς
3003 4696 3140 4744 σου,
3175 4680 3272 4732 καί
3305 4680 3371 4731 ἐκ
3409 4677 3520 4744 τῆς
3549 4693 3692 4743 συγ-

2112 4765 2345 4834 γενείας
2378 4780 2514 4822 σου,
2556 4761 2651 4812 καί
2695 4762 2763 4812 ἐκ
2805 4759 2911 4812 τοῦ
2946 4760 3115 4811 οἴκου
3147 4757 3255 4810 τοῦ
3291 4759 3515 4824 πατρός
3555 4770 3692 4814 σου,

2115 4848 2214 4900 καὶ
2239 4845 2414 4914 δεῦρο
2451 4847 2538 4908 εὶς
2573 4842 2708 4911 γῆν,
2747 4841 2827 4908 ἢν
2867 4841 2944 4895 ἄν
2976 4859 3074 4895 σοι
3103 4842 3298 4903 δείξω.
3337 4838 3578 4906 Αίσθιητὴ
3606 4838 3696 4888 καὶ

2116 4934 2148 5000 ἡ
2183 4929 2422 4999 προτέρα
2453 4931 2547 4996 γῆ,
2578 4927 2672 4977 καὶ
2712 4927 2744 4995 ἡ
2780 4925 3052 4994 μέλλουσα
3080 4923 3316 4976 δίδοσθαι
3358 4923 3605 4991 ὕστερον.
3634 4920 3696 4971 Τί

2119 5010 2211 5066 οὖν
2260 5012 2454 5076 66:6;;
2506 5010 2722 5063 Μᾶλλον
2759 5009 2816 5060 δέ
2865 5007 2939 5078 μὴ
2979 5007 3144 5059 αὑτοῦ
3182 5006 3528 5075 ἀκούσωμεν,
3564 5003 3698 5056 ἀλλὰ

2123 5095 2332 5148 Παύλου
2369 5094 2496 5163 περὶ
2547 5092 2712 5144 αὑτοῦ
2761 5091 3030 5158 λέγοντος,
3083 5091 3171 5142 ἵνα
3203 5089 3463 5159 μάθωμεν
3507 5090 3585 5140 ὅτι
3637 5085 3696 5137 ού

2125 5179 2259 5248 πρὸς
2289 5177 2492 5245 ταύτην
2522 5175 2714 5227 ἕϐλεπε
2739 5174 2836 5244 τὴν
2866 5176 2986 5242 γῆν,
3021 5174 3070 5224 εί
3099 5174 3191 5224 καὶ
3215 5171 3419 5239 ταύτην
3447 5167 3698 5238 ἐπηγγεί-

2125 5262 2254 5314 λατο
2282 5263 2308 5313 ὀ
2336 5259 2487 5321 Θεὸς,
2518 5259 2652 5310 ἀλλὰ
2687 5258 2755 5310 τὰ
2789 5257 3028 5326 παρόντα
3069 5255 3248 5323 ἀφεὶς,
3288 5255 3424 5323 πρὸς
3457 5254 3523 5304 :6
3561 5251 3699 5319 μέλ·
3781 5259 3786 5262 ’

2127 5344 2287 5395 λοντα
2315 5343 2580 5411 ἐκεχήνει.
2613 5343 2676 5392 Τί
2699 5337 2791 5393 οῦν
2821 5343 2848 5391 ὁ
2876 5338 3083 5399 Παῦλός
3111 5354 3274 5407 φησι;
3307 5337 3470 5389 Κατὰ
3501 5335 3702 5386 πίστιν

2129 5427 2432 5480 ἀπέθανον
2457 5421 2620 5478 οὗτοι
2650 5422 2893 5487 πάντες,
2935 5423 3064 5491 περὶ
3103 5419 3356 5490 Ἀϐραὰμ
3383 5419 3575 5486 λέγων,
3611 5415 3702 5466 καὶ

2144 5513 2348 5573 Ἰσαὰκ,
2380 5510 2474 5561 καὶ
2510 5507 2723 5566 Ἰακὼϐ.
2755 5509 2850 5560 καὶ
2883 5505 2989 5557 τῶν
3011 5504 3238 5557 δικαίων
3270 5504 3542 5557 ἁπάντων.
3570 5498 3702 5550 υύδὲ

2133 5595 2240 5662 γὰρ
2294 5592 2542 5662 Ἀϐραὰμ
2587 5592 2776 5661 μόνος,
2809 5589 2942 5641 ἀλλὰ
2972 5589 3171 5650 πάντες
3214 5587 3313 5654 τῆς
3353 5585 3524 5653 αὑτῆς
3567 5579 3703 5651 ἦσαν

2136 5677 2450 5744 φιλοσοφίας
2472 5674 2734 5727 κοινωνοί.
2768 5673 2927 5726 Κατὰ
2962 5674 3170 5724 πίστιν
3210 5670 3513 5723 ἀπέθανον
3544 5663 3703 5719 οὗτοι

2139 5759 2380 5824 πάντες,
2420 5757 2504 5828 μὴ
2555 5756 2938 5828 κομισάμενοι
2980 5754 3086 5819 τὰς
3121 5754 3513 5823 ἐπαγγελίας,
3552 5749 3707 5802 ἀλλὰ
