4028 6360
423 346 508 405 θδ
1602 344 1667 403 ΙΝ
1695 342 1995 402 GENESIM
2031 343 2261 403 SERMO
2333 348 2423 406 1X.

396 475 654 546 Syrorum
673 487 794 528 cum
824 471 1046 527 Hebrtea
1074 453 1250 541 lingua
1277 467 1522 539 cognatio
1547 472 1649 520 est.
1672 463 1777 519 Sed
1808 462 1942 517 dicis
1963 502 1978 527 ,

395 569 562 638 quare
598 566 878 622 Transitor
915 562 1245 620 vocabatur?
1293 561 1477 618 Judaea
1523 560 1701 629 regio,
1730 558 1833 614 hoc
1877 567 1979 623 est,

397 661 678 715 Palaestina
705 661 900 724 omnis,
928 674 1047 728 quze
1076 658 1144 712 ab
1170 656 1404 727 {Egypto
1432 669 1600 724 usque
1619 653 1686 708 ad
1729 653 1980 722 Euphra-

396 765 503 808 tem
537 768 568 806 e
595 751 815 821 regione
832 753 976 820 jacet
1001 750 1326 820 Babyloniae,
1355 747 1498 802 unde
1518 755 1633 802 erat
1658 744 1927 801 Abraham
1962 762 1978 798 :

391 857 446 901 et
469 845 660 900 ﬂuvius
698 844 1001 899 communis
1024 844 1284 898 terminus
1321 842 1605 910 utriusque
1633 849 1790 894 terrae
1812 879 1826 903 ,
1859 853 1978 892 me~

391 939 514 993 dius
543 946 823 1006 utramque
845 945 1012 992 secat.
1045 936 1110 990 Et
1134 937 1256 1005 quia
1280 934 1553 988 Abraham
1588 948 1696 987 non
1735 931 1981 986 Palaesti-

389 1046 491 1084 uus
515 1038 652 1093 erat,
670 1029 762 1082 sed
788 1028 855 1083 ab
873 1028 1109 1084 ulteriori
1129 1028 1241 1098 ripa
1269 1027 1503 1081 ﬂuminis
1522 1032 1763 1090 venerat,
1787 1038 1979 1093 nempe

387 1136 420 1176 a
452 1120 739 1192 Babylonia
767 1139 779 1174 :
813 1121 934 1174 ideo
959 1136 986 1175 a
1015 1121 1132 1174 loco
1164 1129 1216 1174 et
1261 1118 1400 1174 facto
1436 1133 1632 1173 nomen
1660 1117 1898 1186 accepit.
1927 1125 1980 1171 et

388 1212 563 1267 dictus
611 1219 696 1266 est
733 1212 1012 1266 Transitor
1039 1228 1053 1264 :
1083 1210 1204 1280 quia
1235 1225 1264 1264 Δ
1294 1210 1410 1264 loco
1438 1209 1679 1264 ulteriori
1725 1207 1972 1262 ﬂuminis

388 1305 560 1358 venit.
616 1305 793 1372 Quare
850 1313 1027 1358 autem
1082 1303 1299 1356 ﬂuvium
1361 1302 1615 1357 transiit?
1655 1301 1789 1370 Quia
1832 1301 1976 1356 Deus

381 1398 637 1468 jusserat.
671 1398 736 1452 Et
762 1413 927 1468 quare
959 1396 1315 1466 Deusjussit?
1343 1395 1410 1451 Ut
1432 1395 1808 1450 ostenderetur
1847 1393 1974 1448 obe-

385 1487 586 1545 dientia
612 1489 763 1560 justi.
797 1489 862 1544 Et
887 1489 1156 1558 quomodo
1178 1497 1390 1542 ostensa
1421 1487 1517 1541 fuit
1559 1486 1863 1542 obedientia
1888 1485 1975 1556 ju-

383 1583 453 1636 sti
471 1585 495 1636 ‘t
521 1583 650 1650 Quia
677 1592 892 1651 propter
911 1590 1236 1652 praeceptum
1260 1581 1354 1635 Dei
1385 1581 1609 1650 patriam
1638 1595 1787 1634 suam
1811 1594 1970 1650 quam

380 1673 633 1740 reliquit,
663 1686 756 1741 pro
782 1671 954 1726 aliena
989 1671 1353 1726 commutavit.
1373 1670 1534 1726 Vides
1556 1679 1754 1740 quanta
1782 1678 1968 1723 catena

379 1782 561 1819 rerum
593 1765 641 1818 iu
670 1764 1024 1834 appellatione
1047 1762 1175 1832 justi
1200 1762 1692 1833 nectatur?lngens
1719 1760 1971 1815 historia-

379 1872 501 1911 rum
533 1854 749 1925 pclagus
781 1867 975 1909 nomen
1021 1853 1123 1909 hoc
1157 1853 1312 1909 nobis
1337 1853 1564 1924 aperuit.
1607 1853 1762 1907 Disce
1807 1852 1970 1921 igitur

376 1948 499 2016 ejus
527 1963 718 2002 nomen
753 1948 1002 2017 primum,
1031 1954 1090 2001 ut
1114 1962 1235 2002 cum
1260 1946 1456 2001 videris
1478 1962 1599 2002 eum
1629 1946 1966 2000 Palaestinam

377 2039 724 2103 incolentem,
752 2037 1106 2108 appellatione
1147 2037 1381 2092 nominis
1410 2037 1462 2092 in
1494 2036 1803 2092 memoriam
1826 2036 1967 2089 anti-

375 2145 498 2198 qure
527 2129 709 2200 patria:
736 2130 886 2199 ejus,
919 2138 974 2184 et
999 2141 1172 2183 causae
1205 2138 1423 2198 propter
1475 2143 1633 2198 quam
1685 2143 1803 2182 eam
1843 2129 1966 2182 reli-

376 2223 526 2291 quit,
557 2223 932 2278 manuducaris
954 2263 968 2288 ,
1001 2232 1056 2278 et
1082 2223 1153 2277 ita
1178 2221 1243 2278 ad
1267 2221 1586 2277 imitandum
1628 2237 1750 2276 eum
1777 2221 1962 2276 admo-

375 2331 561 2371 neare.

448 2405 704 2460 Abraham
749 2406 1011 2477 discipulis
1051 2406 1238 2461 Christi
1277 2423 1390 2477 par.
1418 2437 1490 2447 —
1536 2405 1676 2462 Ecce
1723 2407 1864 2462 enim
1905 2417 1964 2460 ut

376 2497 464 2552 ille
500 2507 624 2554 ante
671 2497 842 2568 legem
881 2507 936 2553 et
976 2498 1075 2555 sub
1111 2499 1231 2569 lege
1268 2500 1434 2554 vitam
1473 2513 1674 2568 agens,
1719 2499 1960 2569 philoso-

371 2588 552 2659 phiam
579 2605 790 2660 quoque
820 2599 1059 2659 tempore
1087 2591 1273 2660 gratia:
1308 2591 1555 2645 traditam
1593 2592 1830 2661 suscepit
1853 2592 1956 2646 im-

373 2685 622 2754 plendam
643 2725 658 2750 ,
689 2695 742 2740 et
768 2693 892 2740 ante
923 2693 1128 2754 tempus
1170 2686 1354 2755 gratia:
1395 2683 1559 2752 fecit,
1602 2686 1743 2756 quod
1775 2694 1959 2754 postea

371 2774 646 2845 discipulis
665 2776 908 2831 Christus
934 2776 1068 2830 dixit
1096 2793 1110 2830 :
1136 2775 1297 2830 Amen
1320 2776 1432 2830 dico
1451 2776 1606 2843 vobis,
1625 2776 1762 2848 quod
1789 2775 1960 2830 nullus

369 2871 558 2939 estqui
593 2869 790 2940 reliquit
819 2869 1024 2923 domum
1049 2911 1063 2938 ,
1112 2880 1200 2923 aut
1236 2871 1440 2941 fratres,
1484 2879 1572 2922 aut
1606 2886 1825 2934 sorores,
1869 2877 1958 2922 aut

373 2969 566 3028 patrem
587 3002 601 3024 ,
653 2970 739 3012 aut
777 2969 987 3012 matrem
1007 3000 1022 3026 ,
1069 2960 1156 3028 qui
1184 2976 1283 3013 non
1313 2959 1603 3029 centuplum
1636 2959 1884 3028 accipiet,
1911 2968 1958 3012 et

371 3052 520 3104 vitam
554 3059 793 3105 wternam
806 3039 1082 3120 possidebit
1107 3051 1318 3120 (Matth.
1344 3051 1433 3106 l9.
1458 3050 1548 3106 28.
1572 3049 1689 3122 29).
1720 3049 1835 3105 Non
1862 3065 1954 3105 so-

371 3143 480 3198 lum
521 3153 700 3199 autem
755 3145 879 3198 hinc
929 3153 1183 3214 apparet,
1235 3160 1395 3215 quam
1445 3145 1717 3214 sapienter
1762 3145 1956 3201 vixerit

363 3236 573 3306 justus,
611 3236 705 3290 sed
747 3237 906 3291 etiam
937 3236 1028 3291 Dei
1075 3237 1358 3307 promissio
1385 3238 1488 3292 hoc
1528 3237 1788 3292 declarat.
1832 3236 1954 3290 Veni

366 3331 510 3383 enim
538 3372 551 3394 ,
585 3330 752 3400 inquit
777 3373 790 3395 ,
819 3332 1102 3396 in'terram,
1135 3347 1286 3400 quant
1314 3341 1654 3384 monstravero
1685 3330 1773 3383 tibi
1799 3329 1952 3400 (Gen.

370 3420 456 3476 l2.
491 3423 566 3491 l).
609 3421 738 3476 Nam
768 3423 978 3476 tametsi
1009 3433 1248 3491 utrinque
1289 3422 1391 3476 illa:
1425 3423 1670 3491 regiones
1699 3421 1952 3476 Chaldtea

365 3523 419 3566 et
457 3513 736 3583 Palmstina
773 3521 926 3567 erant
963 3513 1300 3581 corporales,
1351 3512 1443 3566 illa
1484 3521 1660 3566 tamen
1689 3526 1782 3576 sua
1813 3520 1948 3578 erat,

365 3602 481 3659 haec
509 3603 682 3658 aliena
713 3620 729 3656 :
763 3603 848 3659 illa
876 3615 1041 3665 certa,
1069 3603 1185 3658 haec
1215 3603 1415 3658 incerta
1443 3618 1455 3656 :
1484 3604 1574 3658 illa
1602 3604 1653 3658 in
1679 3604 1948 3672 manibus,

366 3693 481 3752 lucc
514 3697 568 3751 in
597 3712 691 3766 spe
721 3715 732 3749 :
766 3697 882 3767 ipse
925 3706 1101 3751 autem
1145 3696 1346 3751 relictis
1381 3697 1542 3751 certis
1563 3738 1577 3762 ,
1629 3695 1947 3763 manifestis,

362 3796 418 3841 et
452 3786 515 3842 iis
539 3803 657 3857 qua:
698 3788 752 3844 in
791 3803 949 3843 manu
988 3796 1174 3854 erant,
1223 3787 1493 3842 festinavit
1533 3797 1586 3842 et
1633 3789 1844 3843 transiit
1881 3788 1949 3843 ad

361 3881 586 3947 incerta,
615 3879 903 3949 incognita,
933 3889 984 3934 et
1007 3881 1072 3934 ad
1102 3896 1163 3934 ea
1193 3880 1242 3933 in
1272 3879 1464 3949 quibus
1490 3878 1592 3934 sibi
1622 3895 1727 3934 non
1755 3879 1952 3934 licebat

360 3972 658 4037 dominari,
705 3980 762 4026 ut
802 3971 1118 4042 persuadeat
1156 3971 1503 4042 erudiatque,
1533 3987 1705 4042 neque
1731 3981 1948 4027 contra-

361 4065 646 4120 diceudum
671 4105 686 4128 ,
729 4080 902 4135 neque
931 4064 1286 4119 cunctandum
1309 4105 1323 4130 ,
1372 4063 1584 4134 quando
1617 4065 1756 4119 Deus
1781 4065 1951 4119 mani-

360 4155 493 4210 festa
539 4157 840 4225 relinquere
877 4155 1062 4225 jubet,
1114 4164 1167 4210 et
1191 4155 1257 4208 ad
1293 4170 1355 4210 ea
1397 4171 1516 4228 quze
1557 4171 1659 4209 non
1693 4164 1952 4226 apparent

359 4249 650 4317 respicere.
679 4247 795 4302 Non
826 4249 968 4302 enim
997 4257 1101 4301 tam
1123 4257 1267 4302 certa
1289 4263 1407 4318 quae
1434 4249 1769 4316 inmanibus,
1790 4259 1950 4320 atque

357 4355 422 4394 ea
444 4355 560 4408 quae
590 4340 641 4393 in
673 4354 767 4408 spe
795 4356 808 4404 ;
843 4355 946 4392 non
975 4339 1118 4393 enim
1160 4338 1238 4393 sic
1275 4338 1556 4394 manifesta
1599 4349 1682 4393 est
1711 4355 1950 4408 praesens

359 4429 476 4484 haec
507 4429 612 4484 vita
643 4441 702 4484 ut
743 4429 917 4484 futura
958 4430 1068 4484 illa.
1119 4431 1266 4484 Hanc
1304 4431 1445 4484 enim
1481 4430 1724 4486 videmus
1751 4433 1949 4486 nostris

357 4525 528 4578 oculis
549 4566 565 4588 ,
609 4524 756 4577 illam
803 4523 1046 4579 videmus
1071 4525 1239 4579 oculis
1265 4522 1387 4579 fidei
1418 4541 1432 4576 :
1466 4523 1603 4578 hanc
1625 4524 1866 4579 videmus
1894 4526 1944 4578 in

355 4616 606 4670 manibus
634 4615 830 4670 nostris
857 4617 1082 4685 positam
1107 4657 1121 4681 ,
1176 4615 1322 4669 illam
1354 4616 1596 4671 videmus
1636 4610 1688 4671 in
1716 4619 1944 4687 promis-

355 4708 598 4763 sionibus
627 4709 720 4763 Dei
749 4708 1091 4764 custoditam.

425 4802 479 4854 4.
511 4799 778 4855 Promissa
817 4800 911 4854 Dei
956 4801 1276 4864 certissima;
1317 4818 1396 4855 res
1425 4802 1661 4863 humana:
1686 4819 1838 4872 quam
1864 4803 1944 4855 in-

355 4901 524 4946 certw.
559 4922 630 4931 —-—
675 4892 1068 4946 Promissiones
1107 4902 1284 4945 autem
1333 4893 1426 4947 Dei
1470 4895 1636 4948 multo
1684 4896 1943 4950 certiores

353 4994 478 5039 sunt
501 5027 515 5048 ,
546 5000 703 5054 quam
732 5001 851 5056 quae
878 4986 931 5039 in
959 4985 1155 5039 nostris
1176 4995 1296 5039 sunt
1326 4987 1587 5041 manibus.
1620 4987 1710 5040 Vis
1737 4987 1944 5041 discere.

352 5078 626 5146 quomodo
651 5078 766 5133 haec
793 5078 1006 5148 quidem
1041 5079 1148 5132 vita
1178 5079 1229 5132 in
1255 5079 1456 5135 incerto
1477 5083 1575 5136 sita
1603 5092 1685 5136 est
1710 5096 1940 5151 semper,

353 5171 530 5225 futura
555 5180 734 5226 autem
763 5171 874 5237 illa,
905 5187 1022 5241 qure
1046 5170 1256 5225 videtur
1283 5171 1482 5227 incerta
1507 5188 1648 5238 esse,
1679 5172 1778 5226 hac
1805 5189 1940 5241 pne-

349 5265 490 5318 senti
518 5262 715 5318 certior
741 5265 890 5319 sitet
916 5263 1178 5318 solidior?
1239 5264 1610 5333 lnquiramus,
1657 5266 1701 5321 si
1749 5267 1938 5334 placet,

347 5370 470 5424 qua:
501 5363 627 5408 sunt
667 5355 755 5408 illa
782 5356 1065 5424 praesentis
1091 5355 1210 5408 vitae
1237 5355 1520 5423 prmclara;
1552 5355 1750 5410 divitia:
1771 5397 1784 5421 ,
1822 5358 1940 5426 glo-

351 5447 461 5506 ria,
496 5447 769 5515 potentia;
804 5462 1047 5517 magnum
1079 5445 1371 5501 existimari
1402 5446 1468 5500 ab
1510 5446 1812 5502 hominibus
1843 5466 1855 5501 :
1888 5457 1943 5502 et

350 5537 562 5591 videbis
593 5537 725 5591 nihil
757 5538 857 5591 illis
880 5553 998 5592 esse
1029 5537 1302 5592 incertius.
1348 5537 1484 5603 Quid
1513 5539 1652 5592 enim
1677 5540 1941 5596 inﬂdelius

353 5629 569 5695 divitiis,
599 5646 718 5699 qua:
744 5645 885 5698 saepe
907 5644 1004 5684 nec
1034 5645 1200 5699 usque
1231 5629 1298 5684 ad
1329 5644 1610 5699 vesperam
1635 5631 1787 5684 nobis
1814 5648 1938 5700 per-

353 5719 610 5774 manent?
660 5719 810 5774 Sicut
838 5721 977 5773 enim
1023 5721 1258 5789 ingratus
1300 5720 1570 5789 transfuga
1593 5761 1606 5784 ,
1638 5720 1706 5774 ab
1744 5721 1846 5776 hoc
1871 5722 1936 5776 ad

354 5811 501 5867 illum
524 5852 538 5879 ,
571 5820 624 5867 et
653 5810 719 5866 ab
748 5810 840 5865 illo
867 5810 932 5866 ad
961 5811 1119 5866 alium
1148 5811 1373 5869 subinde
1404 5819 1702 5867 transeunt.
1732 5812 1930 5883 llujus-

3590 358 3694 413 636

2103 463 2246 518 modi
2289 475 2372 521 est
2398 465 2586 537 gloria.
2631 465 3014 539 Saepenumero
3051 470 3138 541 qui
3170 471 3345 526 clarus
3373 479 3489 527 erat
3515 481 3568 526 et
3597 490 3694 525 no-

2097 553 2218 608 bilis
2244 597 2256 616 ,
2290 566 2510 625 repente
2537 568 2874 630 contemptus
2895 570 2948 615 et
2991 552 3244 631 ignobilis
3285 561 3512 618 habetur
3540 603 3553 618 .
3579 573 3633 619 et
3658 580 3690 618 e

2092 645 2304 701 diverso
2346 663 2557 719 quoque
2599 666 2742 720 saepe
2779 653 2994 707 obscuri
3031 654 3206 708 subito
3240 655 3568 712 clarescunt.
3619 655 3686 710 Et

2091 739 2229 794 sicut
2257 740 2426 795 videri
2468 743 2652 812 nequit
2679 743 2730 796 in
2761 755 2877 798 rota
2903 787 2918 811 ,
2965 761 3085 815 quae
3125 746 3377 801 continuo
3415 757 3680 813 versatur,

2089 833 2262 904 aliqua
2296 849 2418 904 pars
2447 836 2584 905 ejus,
2615 852 2680 891 eo
2707 837 2846 906 quod
2871 839 3057 893 crebra
3083 838 3512 895 circumferentia
3542 856 3686 897 sem-

2089 941 2186 995 per
2214 942 2421 982 summa
2448 928 2578 982 fiunt
2604 929 2706 983 ima
2728 971 2744 998 ,
2772 940 2826 984 et
2855 930 2958 984 ima
2990 947 3195 986 summa
3228 951 3241 986 :
3273 934 3346 987 ita
3382 941 3440 988 et
3466 943 3682 988 nostra-

2086 1036 2204 1074 rum
2231 1037 2408 1076 rerum
2438 1022 2689 1093 impetus,
2720 1022 2846 1078 dum
2877 1025 3130 1079 continuo
3151 1035 3448 1094 vertuntur,
3467 1043 3680 1083 summa

2086 1109 2212 1166 facit
2239 1112 2419 1166 inﬁma
2449 1131 2462 1166 :
2507 1124 2568 1168 ut
2590 1114 2772 1170 videre
2803 1115 2925 1171 licet
2953 1116 3004 1170 in
3030 1116 3230 1173 divitiis
3250 1158 3265 1184 ,
3297 1120 3552 1188 potentiis
3575 1161 3591 1188 ,
3626 1131 3678 1175 et

2085 1205 2221 1260 aliis.
2266 1205 2564 1274 Numquam
2597 1207 2740 1261 enim
2783 1206 2836 1260 in
2877 1207 3067 1263 eodem
3113 1216 3250 1262 statu
3278 1219 3539 1280 manent,
3582 1214 3676 1266 sed

2084 1310 2299 1365 semper
2329 1297 2605 1351 instabiles
2641 1297 2924 1352 ﬂuminum
2969 1299 3144 1354 ﬂuxus
3187 1300 3483 1355 imitantur.
3538 1302 3676 1370 Quid

2083 1388 2240 1459 igitur
2268 1389 2350 1443 his
2381 1390 2634 1444 incertius
2660 1431 2677 1458 ,
2717 1406 2838 1461 qua:
2880 1401 2986 1446 tam
3032 1393 3223 1447 crebro
3257 1394 3668 1462 transferuntur,

2081 1480 2466 1551 etpriusquam
2511 1491 2655 1537 recte
2698 1492 3028 1552 appareant,
3079 1485 3328 1551 avolant,
3360 1488 3669 1556 priusquam

2078 1574 2384 1638 adveniant,
2416 1575 2691 1629 resiliunt?
2718 1573 2872 1630 Unde
2897 1575 3158 1646 propheta
3187 1576 3251 1632 de
3277 1576 3483 1633 deliciis
3507 1588 3562 1632 et
3589 1579 3668 1633 dic

2077 1667 2219 1723 vitiis
2245 1668 2418 1738 deque
2443 1669 2600 1724 rebus
2631 1669 2824 1725 talibus
2850 1669 3118 1724 disserens
3139 1713 3153 1733 ,
3185 1677 3239 1723 et
3263 1684 3358 1725 eos
3400 1670 3669 1726 insectans

2075 1761 2164 1830 qui
2191 1760 2296 1817 illis
2325 1762 2476 1832 quasi
2505 1763 2940 1833 permanentibus
2980 1770 3201 1826 vacant,
3239 1762 3408 1818 dicit:
3435 1763 3668 1836 Reputa-

2075 1863 2194 1908 runt
2247 1854 2354 1908 haec
2392 1855 2539 1923 quasi
2573 1856 2792 1920 stantia,
2829 1864 2875 1908 et
2915 1871 3017 1908 non
3046 1855 3192 1924 quasi
3218 1855 3464 1926 fugientia
3491 1857 3665 1928 (Amos

2074 1945 2128 2001 6.
2159 1943 2236 2019 5).
2264 1946 2380 2001 Non
2401 1947 2552 2013 dixit,
2575 1948 2724 2018 quasi
2755 1949 3152 2018 praetereunda,
3185 1947 3303 2014 sed,
3332 1949 3472 2018 quod
3495 1951 3664 2004 multo

2072 2042 2264 2110 majus,
2296 2041 2456 2107 Quasi
2477 2043 2724 2113 fugientia
2752 2059 2771 2097 :
2797 2059 2902 2099 non
2933 2045 3076 2100 enim
3099 2044 3350 2114 paulatim
3377 2044 3656 2108 recedunt,

2071 2133 2165 2188 sed
2209 2135 2341 2188 mira
2381 2135 2676 2190 celeritate.
2722 2136 2792 2189 At
2833 2135 3134 2204 patriarcha
3179 2135 3269 2191 ille
3295 2151 3402 2192 non
3429 2136 3506 2191 sic
3528 2136 3657 2205 egit,

2069 2223 2164 2279 sed
2196 2225 2393 2280 relictis
2436 2226 2684 2281 omnibus
2731 2225 2875 2290 illis,
2929 2234 3135 2280 tantum
3177 2226 3242 2282 ad
3272 2227 3660 2297 promissiones

2072 2317 2164 2371 Dei
2194 2319 2473 2387 spectavit,
2503 2318 2640 2372 viam
2669 2319 2821 2372 nobis
2843 2333 3036 2388 parans
3051 2319 3116 2372 ad
3134 2319 3432 2374 futurorum
3462 2320 3656 2376 fidem:

2068 2416 2126 2461 ut
2151 2423 2269 2462 cum
2295 2409 2598 2476 promiserit
2623 2409 2714 2463 tibi
2747 2409 2890 2464 Deus
2918 2408 3090 2464 futura
3117 2418 3170 2464 et
3195 2426 3314 2480 qua:
3343 2425 3446 2466 non
3469 2411 3656 2467 viden.

2067 2507 2174 2565 tur,
2205 2515 2274 2553 ne
2308 2499 2454 2555 dicas
2477 2541 2492 2566 ,
2524 2500 2639 2554 haec
2666 2515 2787 2556 esse
2819 2501 3019 2557 incerta
3064 2510 3118 2556 et
3155 2503 3402 2558 obseura.
3455 2502 3658 2559 Incerta

2065 2591 2208 2646 enim
2237 2591 2326 2646 illa
2355 2594 2585 2647 certiora
2613 2601 2739 2647 sunt
2769 2593 2834 2648 iis
2862 2608 2982 2663 qua:
3009 2593 3295 2662 videntur,
3326 2594 3487 2650 modo
3513 2610 3652 2650 ocu-

2065 2683 2146 2738 los
2172 2682 2294 2738 fidei
2323 2683 2632 2738 habeamus.
2665 2684 2918 2750 Quamvis
2944 2685 3090 2739 enim
3116 2685 3203 2738 illa
3222 2700 3329 2740 non
3355 2685 3652 2747 videamus,

2064 2776 2204 2830 Deus
2235 2786 2410 2830 tamen
2449 2790 2511 2829 ea
2543 2775 2825 2845 promisit,
2867 2783 2922 2829 et
2969 2776 3238 2844 pollicitus
3275 2785 3377 2832 est.
3429 2777 3655 2845 Quando

2063 2867 2204 2922 Deus
2233 2867 2529 2936 promittit,
2563 2867 2707 2920 nulla
2735 2866 2960 2921 variatio
2989 2866 3434 2936 promissionibus
3460 2868 3651 2938 adjun—

2060 2958 2233 3026 gitur;
2264 2967 2422 3028 atque
2448 2956 2580 3011 adeo
2609 2957 2694 3012 illa
2725 2957 2957 3011 maxime
2989 2967 3227 3024 manent,
3260 2973 3378 3027 quae
3406 2959 3458 3012 in
3489 2974 3649 3014 manu

2061 3051 2156 3106 Dei
2184 3062 2326 3104 sunt.
2357 3050 2442 3103 Ea:
2474 3066 2627 3103 manu
2657 3048 2800 3105 enim
2842 3047 2968 3116 Dei,
3011 3049 3183 3119 inquit
3209 3089 3224 3112 ,
3270 3048 3443 3104 nullus
3472 3066 3653 3121 rapere

2060 3152 2221 3213 potest
2251 3140 2429 3209 (Joan.
2461 3141 2547 3196 10.
2578 3138 2693 3212 29).
2746 3139 2908 3211 Igitur
2948 3141 3069 3212 quia
3118 3141 3294 3196 nullus
3323 3157 3512 3212 rapere
3551 3157 3651 3211 po-

2061 3246 2165 3292 test
2189 3253 2252 3290 ex
2285 3251 2444 3289 manu
2473 3235 2598 3300 Dei,
2647 3243 2825 3290 certus
2855 3235 2944 3290 ille
2990 3235 3271 3290 thesaurus
3298 3251 3511 3306 semper
3538 3253 3651 3291 ma-

2057 3339 2165 3384 net.
2209 3329 2498 3384 Praesentia
2539 3337 2713 3382 autem
2751 3329 3049 3399 omnigenis
3078 3330 3460 3386 variationibus
3485 3341 3538 3385 et
3567 3331 3649 3384 vi-

2055 3423 2455 3479 cissitudinibus
2470 3430 2595 3478 sunt
2610 3422 2837 3477 obnoxia
2861 3440 2876 3489 ;
2902 3422 3022 3478 ideo
3044 3422 3228 3491 procis
3249 3438 3391 3494 saepe
3409 3423 3646 3480 laborem

2057 3515 2293 3580 ferimus,
2325 3521 2378 3569 et
2405 3514 2507 3568 line
2533 3529 2719 3568 eorum
2745 3513 3083 3568 frustramur.
3135 3513 3193 3568 ln
3223 3515 3290 3568 iis
3319 3522 3497 3569 autem
3526 3529 3646 3584 qua:

2055 3621 2350 3676 speramus,
2375 3621 2480 3660 non
2509 3605 2578 3660 ita
2604 3613 2706 3672 est,
2735 3605 2831 3660 sed
2855 3607 2898 3659 is
2919 3606 3006 3673 qui
3031 3604 3312 3670 laboravit,
3339 3607 3644 3661 necessario

2055 3715 2280 3755 coronas
2305 3707 2359 3754 et
2383 3699 2600 3768 praemia
2625 3699 2990 3767 consequitur.
3039 3698 3171 3752 Nam
3199 3699 3332 3766 Spes
3365 3715 3466 3752 non
3490 3699 3645 3768 pude-

2055 3794 2178 3863 facit
2208 3792 2382 3862 (Rom.
2411 3792 2463 3847 5.
2499 3791 2553 3862 5)
2583 3833 2598 3856 ,
2634 3791 2758 3861 quia
2790 3791 2884 3846 Dei
2933 3797 3015 3845 est
3060 3789 3390 3860 promissio:
3422 3799 3478 3844 et
3503 3789 3643 3844 (Iona

2055 3887 2318 3956 promissa
2348 3895 2641 3955 sequuntur
2669 3884 2785 3952 ejus
2816 3893 3082 3948 naturam,
3116 3883 3205 3954 qui
3236 3883 3498 3952 promisit.
3533 3884 3642 3937 Re-

2053 3978 2193 4033 lictis
2230 3977 2388 4048 igitur
2428 3978 2681 4041 incertis,
2729 3975 3072 4046 apprehende
3102 3990 3165 4030 ca
3193 3991 3313 4044 quae
3350 3976 3641 4045 conspicua

2055 4080 2176 4126 sunt
2207 4088 2218 4124 :
2249 4069 2532 4138 cor15picua
2560 4077 2734 4121 autem
2764 4075 2888 4121 sunt
2912 4109 2925 4132 ,
2956 4083 3062 4120 non
3091 4067 3374 4136 praesentia
3395 4109 3409 4131 ,
3434 4067 3528 4122 sed
3556 4066 3640 4122 fu-

2055 4171 2192 4215 tura.
2249 4160 2366 4214 Jam
2418 4158 2560 4228 quod
2608 4159 2767 4228 aliqui
2811 4158 2877 4212 ad
2929 4159 3212 4227 praesentia
3258 4168 3540 4228 spectant,
3588 4168 3642 4214 et

2052 4252 2230 4306 futura
2274 4260 2570 4320 respuunt:
2605 4266 2709 4305 non
2742 4251 2860 4304 ideo
2902 4259 3193 4318 respuunt,
3241 4250 3382 4320 quod
3412 4251 3638 4306 obscura

2051 4353 2106 4398 et
2134 4345 2334 4397 incerta
2359 4383 2372 4404 ,
2405 4342 2497 4396 sed
2525 4343 2666 4412 quod
2710 4342 2956 4395 sublimia
2999 4343 3105 4395 sint
3128 4382 3142 4405 ,
3191 4350 3244 4395 et
3288 4357 3450 4411 supra
3487 4358 3636 4398 suam

2053 4434 2490 4488 imbecillitatem.
2554 4431 2847 4487 Considera
2901 4432 3059 4500 igitur
3106 4441 3302 4501 quanta
3351 4432 3420 4486 sit
3468 4434 3637 4487 virtus

2046 4527 2196 4596 justi.
2247 4527 2571 4580 Promiserat
2597 4526 2645 4578 ei
2678 4524 2820 4578 Deus
2861 4524 3157 4592 corporalia
3183 4567 3195 4588 ,
3236 4533 3291 4578 et
3333 4525 3445 4594 ipse
3475 4527 3640 4596 Spiri:

2052 4621 2209 4674 tualia
2238 4619 2528 4689 quaerebat.
2573 4617 2710 4682 Ubi,
2739 4617 2902 4681 dices,
2937 4618 3178 4686 promisit
3198 4618 3245 4671 ei
3278 4617 3414 4672 Deus
3441 4633 3637 4686 corpo-

2051 4713 2179 4765 ralia
2203 4754 2216 4776 ,
2249 4719 2295 4764 et
2327 4713 2437 4778 ipse
2465 4709 2756 4778 spiritualia
2785 4709 3065 4779 quaesivit?
3113 4708 3370 4780 Egredere
3392 4751 3404 4771 ,
3439 4710 3634 4780 inquit,

2050 4805 2112 4855 de
2138 4813 2270 4855 terra
2307 4811 2392 4852 tua
2413 4841 2427 4867 ,
2474 4810 2520 4854 et
2547 4800 2610 4853 de
2644 4801 2939 4870 cognatione
2969 4811 3054 4853 tua
3079 4843 3094 4865 ,
3133 4810 3178 4852 et
3205 4801 3267 4853 de
3295 4801 3446 4854 domo
3478 4812 3637 4870 patris

2051 4899 2155 4963 tui,
2197 4905 2243 4948 et
2268 4897 2376 4948 veni
2402 4895 2454 4948 iu
2486 4904 2671 4948 terram
2698 4911 2848 4965 quam
2875 4903 3218 4948 monstravere
3247 4895 3334 4948 tibi
3361 4893 3514 4964 (Gen.
3545 4896 3633 4950 12.

2058 4989 2135 5060 l).
2167 4986 2478 5057 Corporalis
2504 4996 2619 5041 erat
2646 4996 2784 5041 terra
2829 4987 2993 5055 prior,
3025 4993 3160 5040 utet
3189 4985 3382 5052 futura,
3412 5002 3531 5055 qua:
3563 4987 3636 5042 illi

2047 5082 2222 5138 danda
2249 5089 2383 5136 erat.
2433 5079 2570 5146 Quid
2611 5095 2740 5149 ergo
2772 5079 2900 5132 ille?
2940 5079 3053 5133 lmo
3082 5092 3186 5131 non
3221 5078 3392 5143 illum,
3425 5078 3518 5133 sed
3539 5094 3636 5132 au-

2047 5175 2254 5228 diamus
2280 5173 2346 5227 de
2375 5172 2465 5227 illo
2495 5172 2758 5226 dicentem
2788 5170 3008 5224 Paulum
3030 5209 3044 5231 ,
3093 5177 3150 5223 ut
3189 5169 3459 5224 discamus
3484 5185 3632 5233 eum,

2047 5267 2172 5321 licet
2201 5266 2344 5319 hanc
2373 5275 2566 5320 terram
2601 5264 2934 5333 promisisset
2973 5261 3116 5316 Deus
3139 5303 3154 5326 ,
3207 5261 3411 5315 relictis
3453 5271 3630 5316 tamen

2047 5357 2400 5429 praesentibus
2420 5396 2432 5420 ,
2474 5371 2593 5411 eam
2626 5370 2730 5410 non
2770 5352 3072 5422 l‘CSpeXiSSe
3094 5395 3106 5416 ,
3133 5352 3225 5405 sed
3255 5351 3534 5406 festinasse
3563 5353 3630 5405 ad

2045 5451 2243 5504 futura.
2271 5447 2409 5516 Quid
2438 5447 2597 5516 igitur
2625 5446 2822 5500 Paulus
2847 5443 3013 5498 dicit?
3058 5441 3221 5496 Juxta
3255 5443 3408 5510 ﬁdem
3445 5444 3632 5495 mortui

2045 5551 2162 5595 sunt
2184 5540 2234 5594 lzi
2261 5556 2430 5592 omnes
2462 5537 2646 5607 (Hebr.
2678 5538 2764 5590 Η.
2796 5536 2886 5604 15)
2909 5577 2924 5599 ,
2975 5533 3042 5589 de
3080 5533 3346 5587 Abraham
3386 5534 3631 5601 loquens,

2045 5631 2193 5686 lsaac
2219 5639 2272 5685 et
2291 5629 2476 5692 Jacob,
2509 5627 2743 5696 ct'justis
2772 5627 3040 5680 omnibus.
3068 5623 3252 5694 Neque
3281 5623 3422 5678 enim
3450 5623 3628 5676 Abra-

2046 5723 2168 5776 ham
2217 5721 2398 5784 solus,
2439 5718 2534 5774 sed
2564 5729 2751 5772 omnes
2787 5715 3028 5786 ejusdem
3075 5723 3230 5769 erant
3273 5714 3626 5782 philosophiae

2050 5813 2357 5884 participes.
2389 5810 2548 5866 Juxta
2565 5809 2720 5880 [idem
2741 5809 2922 5863 mortui
2945 5818 3057 5862 sunt
3087 5807 3137 5860 lti
3169 5822 3360 5870 omnes,
3394 5821 3506 5859 cum
3528 5820 3628 5857 non
