4028 6360
366 407 466 461 627

363 520 669 590 accepissent
697 521 1072 590 promissiones,
1098 519 1186 573 sed
1216 521 1395 590 procul
1413 536 1499 574 eas
1524 520 1779 574 vidissent.
1810 518 1949 587 Quid

361 611 541 666 dicis?
569 626 674 665 non
698 610 924 665 obtinuit
952 609 1223 664 Abraham
1250 610 1677 678 promissiones?
1721 625 1828 665 non
1853 625 1955 665 ve-

365 704 443 755 nit
474 702 523 755 in
552 700 932 755 Palaestinam?
979 698 1135 755 Falsa
1172 716 1299 772 ergo
1339 717 1401 757 ea
1444 716 1562 771 qua:
1607 700 1749 756 dicta
1790 700 1954 757 sunt?

366 790 727 860 Nequaquam,
758 790 944 860 inquit.
972 790 1129 845 Venit
1153 791 1367 861 quidem
1390 793 1441 846 in
1469 792 1827 858 Palaestinam,
1848 806 1955 845 non

368 882 505 936 hanc
531 893 706 936 autem
739 883 1038 951 spectavit,
1071 882 1165 938 sed
1193 882 1350 937 aliam
1382 899 1501 953 qua:
1527 884 1577 938 in
1606 884 1775 948 etrlis,
1809 882 1955 938 desi-

366 972 590 1027 deravit.
612 972 777 1041 Cujus
798 973 874 1028 rei
895 984 950 1028 et
970 974 1163 1029 Paulus
1188 977 1357 1042 testis,
1378 991 1498 1031 cum
1516 976 1696 1045 adjicit
1718 994 1730 1030 :
1749 974 1817 1029 Et
1836 993 1958 1029 con-

366 1064 488 1133 fessi
506 1074 620 1117 sunt
636 1080 690 1119 se
710 1065 927 1137 hospites
944 1076 990 1119 et
1008 1068 1294 1138 peregrinos
1303 1067 1356 1120 in
1376 1078 1507 1121 terra
1527 1066 1714 1135 (Hebr.
1732 1068 1791 1122 11
1807 1107 1820 1122 .
1842 1066 1953 1139 15).

367 1153 641 1224 llospesue
664 1168 765 1221 est,
807 1158 898 1227 qui
928 1167 1128 1213 tantam
1157 1158 1361 1227 accepit
1388 1159 1610 1228 patriam
1630 1200 1644 1222 ,
1678 1167 1732 1213 et
1756 1168 1955 1213 tantam

368 1247 685 1316 regionem?
734 1248 859 1313 dic,
900 1250 1144 1304 obsecro.
1197 1249 1371 1313 Sane,
1421 1250 1633 1320 inquit:
1664 1265 1769 1305 non
1812 1250 1955 1305 enim

369 1337 525 1405 hanc,
555 1338 649 1393 sed
680 1339 870 1394 etelum
901 1341 1179 1410 spectavit.
1232 1339 1370 1394 Nam
1394 1342 1480 1411 qui
1501 1343 1609 1396 lucc
1634 1342 1810 1395 dicunt
1831 1384 1846 1407 ,
1877 1342 1957 1397 in-

366 1430 499 1498 quit,
532 1428 793 1484 declarant
815 1448 872 1487 se
894 1432 1055 1485 aliam
1078 1434 1331 1502 inquirere
1354 1434 1743 1504 patriam,cnjus
1764 1434 1957 1503 artifex

368 1530 414 1571 et
440 1522 613 1590 cpifea:
632 1532 704 1574 est
732 1522 871 1576 Deus
903 1522 1062 1593 (Ibid.
1096 1540 1145 1578 υ.
1180 1524 1267 1578 14.
1298 1523 1428 1595 10),
1481 1524 1623 1578 illam
1650 1566 1664 1589 ,
1714 1525 1951 1595 inquam,

366 1614 665 1669 Jerusalem
696 1617 963 1671 cmlestem
985 1658 1000 1682 ,
1038 1626 1093 1673 et
1130 1631 1438 1689 supernam.
1465 1616 1655 1673 Vidisti
1684 1619 1956 1689 quomodo

369 1708 675 1775 promiserit
704 1708 778 1762 illi
812 1709 951 1763 Deus
993 1709 1364 1779 corporalem,
1406 1717 1462 1763 et
1502 1710 1614 1779 ipse
1653 1712 1959 1780 quaesiverit

370 1813 657 1868 supernam
684 1799 1020 1855 Jerusalem?
1056 1802 1156 1869 Qui
1199 1803 1331 1855 enim
1371 1802 1478 1856 [nec
1512 1801 1719 1869 dicunt,
1763 1803 1953 1873 inquit,

369 1889 659 1958 signiﬁcant
704 1908 756 1944 se
798 1892 1013 1959 patriant
1052 1894 1325 1963 inquirere.
1376 1895 1450 1947 Ac
1492 1896 1536 1948 si
1573 1896 1711 1949 illius
1752 1895 1955 1965 quidem

370 1984 746 2045 meminissent,
770 2000 833 2037 ea:
857 2001 957 2054 qua
978 1995 1095 2038 sunt
1124 1987 1329 2055 egressi,
1362 1995 1558 2056 tempus
1577 1986 1683 2041 illis
1707 1985 1956 2039 redeundi

370 2086 651 2145 suppeteret
678 2092 694 2129 :
707 2079 820 2147 jam
842 2094 958 2132 vero
990 2079 1201 2133 alterius
1232 2080 1453 2133 melioris
1488 2080 1737 2134 desiderio
1759 2080 1952 2133 ducun-

373 2182 474 2233 tur,
499 2169 593 2222 hoc
619 2180 691 2223 est
712 2212 726 2237 ,
759 2171 970 2225 ccclesiis
1003 2170 1163 2243 (Ibid.
1193 2189 1240 2225 υ.
1273 2174 1360 2228 15.
1394 2172 1510 2242 16).
1548 2172 1729 2242 Itaque
1756 2186 1949 2241 corpo-

370 2262 498 2316 ralis
524 2272 604 2316 est
632 2264 935 2331 promissio,
960 2265 1234 2334 spirituale
1256 2274 1431 2320 autem
1454 2264 1583 2334 justi
1602 2263 1948 2320 desiderium.

372 2356 442 2408 At
485 2370 583 2409 nos
624 2357 784 2426 plane
817 2356 1026 2411 diversa
1066 2356 1309 2412 facimus.
1356 2357 1496 2412 Deus
1525 2357 1599 2411 illi
1635 2356 1953 2427 promiserat

375 2444 711 2500 Palaestinam
736 2488 751 2512 ,
783 2446 877 2501 sed
919 2447 1010 2502 ille
1046 2448 1321 2516 spectabat
1358 2447 1546 2503 etnlum
1581 2465 1594 2500 :
1627 2447 1781 2502 nobis
1827 2462 1955 2517 pro-

374 2538 593 2591 missum
622 2546 703 2591 est
728 2538 915 2593 etelum
939 2579 955 2605 ,
982 2548 1037 2593 et
1059 2539 1126 2593 ad
1158 2550 1353 2594 terram
1386 2539 1671 2595 tendimus.

442 2631 497 2685 5.
532 2630 824 2684 Doctrinam
851 2648 915 2685 ea:
940 2632 1149 2687 historia
1175 2633 1392 2687 Abralue
1419 2632 1683 2687 deductam
1711 2634 1953 2696 resumit;

371 2719 469 2786 ﬁlii
496 2736 597 2773 non
624 2721 695 2773 rei
721 2732 837 2774 sunt
862 2721 1139 2789 iniquitatis
1170 2734 1472 2792 parentum;
1495 2724 1616 2793 quid
1644 2724 1791 2794 ofﬁcii
1822 2739 1952 2794 pra:-

376 2822 511 2867 stare
535 2814 749 2868 debeant
778 2816 873 2883 filii
909 2832 1031 2886 erga
1059 2825 1288 2886 parentes
1314 2817 1496 2887 impios
1519 2832 1539 2880 ;
1577 2816 1787 2871 liberum
1814 2816 1952 2869 arbi-

372 2905 525 2957 trium
581 2921 599 2958 :
652 2906 995 2976 interpretatio
1060 2908 1279 2962 nominis
1330 2908 1459 2965 Noé.
1507 2937 1577 2949 —
1625 2907 1751 2963 Hmc
1804 2910 1954 2963 lucra

373 3013 441 3051 ex
475 2998 741 3052 Abraham
772 3000 924 3054 nobis
952 3001 1321 3071 contigerunt,
1365 3002 1486 3071 quia
1516 3017 1710 3056 nomen
1733 3001 1851 3071 ejus
1874 3001 1957 3056 di-

372 3091 599 3145 dicimus
624 3132 636 3151 .
680 3100 734 3146 ct
770 3108 933 3161 quare
962 3093 1240 3147 Transitor
1278 3094 1451 3148 dictus
1481 3094 1579 3159 sit,
1623 3103 1677 3149 et
1702 3094 1840 3163 quod
1866 3110 1955 3149 re-

376 3183 496 3236 licta
546 3191 687 3237 terra
737 3198 830 3236 sua
884 3183 935 3236 in
966 3183 1189 3237 alienam
1230 3186 1532 3246 concessit,
1568 3185 1956 3255 praeteritisque

373 3275 533 3329 certis
576 3275 641 3328 ad
683 3276 880 3330 incerta
929 3291 987 3329 se
1037 3278 1344 3341 convertit,
1393 3277 1616 3347 abjectis
1654 3278 1717 3332 iis
1746 3294 1866 3348 qure
1902 3280 1953 3335 in

374 3364 658 3430 manibus,
708 3365 960 3434 aspiravit
997 3366 1064 3420 ad
1109 3382 1170 3421 ea
1197 3383 1316 3437 quae
1345 3382 1442 3437 spe
1484 3368 1847 3439 concipiebat,
1901 3379 1956 3426 et

371 3458 603 3526 acceptis
618 3458 954 3513 sensibilibus
980 3459 1044 3514 ad
1069 3460 1362 3530 spiritualia
1387 3461 1628 3529 tetendit,
1654 3461 1812 3530 idque
1830 3472 1955 3519 ante

370 3550 594 3615 gratiam
616 3589 634 3617 ,
661 3559 785 3605 ante
812 3550 982 3620 legem
1006 3592 1021 3617 ,
1060 3563 1184 3607 ante
1225 3553 1600 3623 prophetarum
1631 3554 1951 3609 doctrinam.

376 3639 528 3694 Unde
556 3640 894 3695 manifestum
926 3651 1040 3710 est,
1069 3657 1193 3698 eum
1233 3654 1561 3715 praeceptore
1590 3647 1849 3710 caruisse,
1878 3648 1956 3701 ei-

371 3749 476 3802 que
499 3734 628 3789 satis
654 3734 815 3790 fuisse
844 3744 1085 3790 naturam
1116 3746 1418 3793 moventem
1456 3740 1804 3809 cogitationes
1827 3756 1956 3795 con-

373 3826 612 3881 scientiae
630 3868 645 3892 ,
684 3836 740 3881 ut
770 3827 847 3881 sic
876 3828 1140 3883 inveniret
1166 3828 1422 3899 Opiﬁcem
1451 3831 1679 3886 universi
1708 3850 1721 3886 :
1750 3841 1805 3887 et
1832 3848 1954 3903 pro-

372 3926 494 3985 pter
531 3916 636 3973 hoe
663 3917 942 3974 dicebatur
965 3920 1161 3975 Abram
1182 3962 1197 3987 ,
1224 3921 1365 3991 quod
1405 3936 1599 3976 nomen
1627 3926 1677 3978 ei
1707 3935 1953 3992 parentes

371 4026 431 4063 ea
458 4010 527 4065 de
552 4025 710 4066 causa
746 4012 1068 4067 indiderunt.
1118 4013 1221 4069 Sed
1260 4014 1399 4069 forte
1433 4016 1609 4069 statim
1635 4015 1831 4070 dixerit
1855 4017 1952 4071 ali-

371 4104 531 4172 quis:
560 4103 887 4159 Mendacium
941 4104 1043 4160 hoc
1088 4114 1188 4161 est.
1244 4106 1498 4162 Parentes
1546 4107 1775 4162 Abraha:
1824 4125 1949 4164 num

366 4193 494 4260 justi
520 4193 765 4249 fuerunt?
815 4211 940 4249 num
972 4196 1284 4266 placuerunt
1325 4195 1471 4251 Deo?
1496 4211 1640 4251 ‘num
1682 4199 1952 4254 sciverunt

370 4285 582 4339 futura?
624 4301 749 4341 num
778 4287 1211 4355 pollicitationem
1240 4302 1269 4340 a
1301 4288 1526 4341 Domino
1550 4288 1778 4343 dandam
1814 4306 1951 4359 prm-

367 4380 655 4434 viderunt?
681 4394 857 4433 annon
895 4380 1042 4450 impii
1068 4389 1222 4434 erant
1250 4390 1307 4435 et
1334 4381 1667 4447 idololatrre,
1705 4392 1760 4435 et
1803 4383 1949 4451 plus-

369 4485 528 4540 quam
542 4470 789 4525 barbari?
811 4470 932 4525 Seio
952 4480 1006 4524 et
1028 4486 1147 4541 ego,
1174 4486 1237 4526 ac
1259 4482 1536 4541 propterea
1556 4472 1712 4527 laudo
1725 4473 1946 4542 justum,

368 4562 509 4633 quod
557 4562 688 4617 tales
738 4571 987 4631 parentes
1036 4564 1275 4628 habens,
1323 4564 1443 4617 talis
1490 4564 1601 4632 ipse
1645 4565 1816 4620 factus
1857 4568 1946 4622 sit.

369 4654 580 4708 Etenim
625 4653 778 4706 valde
820 4668 999 4706 rarum
1043 4662 1099 4708 et
1124 4653 1439 4709 admirabile
1481 4664 1596 4719 est,
1636 4671 1703 4709 ex
1747 4658 1947 4726 agresti

368 4744 554 4799 radice.
588 4743 795 4798 dulcem
843 4743 1068 4797 fructum
1114 4743 1351 4812 produci.
1403 4746 1474 4799 At
1520 4760 1624 4799 non
1660 4748 1946 4802 accusandi

366 4846 488 4891 sunt
516 4837 586 4893 ob
614 4846 889 4906 parentum
936 4835 1187 4890 malitiam
1232 4837 1325 4892 lilii
1366 4836 1452 4907 pie
1476 4838 1712 4893 viventes
1736 4880 1750 4903 ,
1781 4839 1873 4893 sed
1900 4840 1945 4894 si

364 4929 488 5000 quid
517 4927 832 4984 admirabile
874 4925 1156 4981 dicendum
1198 4937 1313 4991 est,
1364 4942 1430 4983 eo
1464 4929 1632 5000 magis
1672 4928 1942 4993 laudandi,

364 5022 503 5089 quod
529 5037 649 5076 cum
680 5021 929 5091 pietatem
956 5034 985 5073 a
1012 5020 1322 5089 parentibus
1347 5035 1453 5075 non
1483 5023 1810 5090 acceperint,
1844 5036 1945 5077 nec

364 5112 645 5168 habuerint
662 5112 752 5181 qui
781 5127 940 5166 manu
966 5111 1245 5176 ducerent,
1270 5111 1421 5181 quasi
1442 5112 1495 5165 in
1526 5128 1707 5168 eremo
1728 5124 1782 5168 et
1802 5115 1944 5171 invio

360 5215 568 5268 euntes,
604 5204 743 5257 viam
775 5219 893 5273 quae
914 5204 967 5257 in
990 5202 1181 5258 caelum
1211 5202 1313 5257 fert
1337 5244 1352 5264 ,
1385 5203 1623 5257 invenire
1652 5206 1939 5273 potuerint.

360 5294 475 5349 Non
525 5296 683 5364 igitur
710 5295 910 5350 crimen
932 5303 1049 5358 est,
1095 5293 1293 5348 habere
1330 5304 1532 5362 patrem
1576 5295 1815 5363 impium,
1844 5296 1939 5351 sed

361 5387 555 5441 imitari
600 5385 766 5455 patris
801 5386 1128 5455 impietatem
1156 5403 1170 5451 ;
1203 5395 1257 5439 et
1280 5385 1481 5441 crimen
1508 5395 1591 5440 est
1627 5387 1937 5454 maximum,

360 5495 465 5532 non
504 5479 645 5548 quod
693 5478 985 5533 habeamus
1030 5478 1301 5547 improbos
1346 5487 1623 5547 parentes,
1677 5479 1770 5533 sed
1797 5480 1939 5550 quod

359 5572 569 5625 illorum
601 5587 705 5625 non
731 5585 950 5641 agamus
972 5586 1153 5625 curam
1178 5612 1192 5633 ,
1227 5586 1401 5640 neque
1444 5586 1541 5641 pro
1580 5571 1717 5625 virili
1755 5581 1938 5627 nostra

358 5662 545 5715 demus
569 5677 822 5731 Operam,
868 5671 927 5715 ut
970 5661 1038 5715 ab
1079 5661 1352 5731 impietate
1386 5676 1481 5715 sua
1525 5677 1621 5717 eos
1663 5678 1935 5718 eruamus.

361 5754 540 5822 Itaque
581 5755 669 5809 ubi
715 5769 813 5808 nos
854 5755 1064 5808 illorum
1106 5754 1334 5819 animm,
1384 5765 1637 5823 quantum
1689 5756 1741 5809 in
1785 5756 1938 5809 nobis

362 5843 527 5901 situm
548 5857 657 5916 est,
690 5848 982 5903 subsidium
1013 5848 1288 5904 tulerimus
1311 5891 1325 5915 ,
1360 5850 1432 5903 illi
1465 5866 1592 5905 vero
1634 5851 1685 5905 in
1715 5867 1808 5906 sua
1838 5853 1935 5905 im-

1080 399 1137 453 S.
1178 397 1467 455 JOANNIS
1504 399 1997 458 CllRYSOS'lOMl
2036 397 2315 456 ARHIEP.
2360 395 2914 457 CONSTANTINOP.

3542 406 3647 461 628

2063 520 2324 589 probitate
2350 525 2761 593 perseverarint,
2780 523 2847 579 ab
2869 524 3013 580 omni
3040 525 3263 580 crimine
3280 538 3343 579 ac
3365 524 3649 595 reprehen-

2060 612 2213 667 sione
2237 629 2424 669 sumus
2455 615 2738 672 immunes.
2785 616 2913 671 Haec
2940 625 3121 671 autem
3160 615 3308 680 dixi,
3342 625 3400 669 ut
3438 632 3505 670 ne
3533 627 3653 669 tur-

2060 705 2236 775 beris,
2277 707 2507 775 dilecte,
2556 724 2680 764 cum
2704 708 2857 764 audis
2882 707 3149 763 Abraham
3190 708 3410 777 impium
3441 717 3650 777 patrem

2061 795 2332 854 habuisse.
2378 798 2509 853 Nam
2536 810 2589 854 et
2613 798 2923 854 Timotheus
2948 797 3167 869 impium
3195 807 3398 868 patrem
3425 800 3654 853 sortitus

2061 888 2155 943 fuit
2182 906 2195 941 :
2227 889 2394 944 Filius
2423 890 2568 945 enim
2594 889 2796 944 Judazw
2820 890 3045 943 mulieris
3071 898 3213 956 erat,
3242 889 3409 957 fidelis
3443 890 3650 944 matris.

2062 980 2220 1047 patris
2248 990 2416 1034 autem
2452 980 2653 1049 gentilis
2684 980 2817 1052 (Act.
2852 981 2939 1035 16.
2966 980 3042 1050 1).
3094 978 3161 1034 Et
3186 979 3325 1049 quod
3354 991 3503 1048 pater
3529 981 3653 1047 ejus

2062 1072 2319 1125 manserit
2345 1071 2395 1124 in
2424 1071 2692 1140 impietate
2718 1080 2772 1125 et
2800 1086 2904 1124 non
2934 1070 3092 1124 fuerit
3116 1084 3437 1133 conversus,
3471 1070 3651 1122 mani-

2062 1160 2255 1215 festum
2300 1174 2379 1216 est
2428 1178 2491 1217 ex
2538 1164 2638 1217 hoc
2671 1181 2683 1215 :
2719 1163 2939 1215 laudans
2980 1163 3121 1217 enim
3166 1162 3429 1217 Timothei
3484 1162 3647 1217 fidem

2062 1252 2256 1307 Paulus
2276 1295 2290 1319 ,
2324 1254 2401 1307 sic
2426 1253 2555 1307 dicit
2588 1272 2601 1309 :
2635 1255 2762 1318 Qua:
2790 1254 3029 1307 habitavit
3051 1255 3103 1307 in
3134 1255 3244 1306 avia
3270 1263 3355 1306 tua
3379 1252 3566 1318 Laide,
3600 1263 3655 1305 et

2061 1355 2221 1399 matre
2244 1356 2327 1399 tua
2351 1345 2562 1410 Ennice,
2596 1346 2797 1414 conﬁdo
2823 1354 2987 1398 autem
3017 1344 3153 1413 quod
3182 1354 3228 1398 et
3255 1345 3308 1396 in
3333 1355 3378 1397 te
3403 1342 3479 1412 (2.
3503 1341 3649 1395 Tim.

2062 1437 2114 1491 1.
2142 1435 2219 1506 5).
2263 1435 2533 1505 Nusquam
2567 1437 2652 1492 hic
2682 1437 2844 1506 patris
2871 1450 3066 1491 nomen
3087 1434 3299 1504 legitur.
3349 1435 3415 1488 Et
3442 1433 3655 1501 quare?

2061 1528 2192 1594 Quia
2221 1529 2272 1580 in
2314 1526 2585 1596 impietate
2633 1540 3011 1594 perseverans,
3062 1540 3167 1579 non
3196 1533 3310 1578 erat
3336 1524 3529 1592 dignus
3552 1524 3653 1592 qui

2060 1633 2181 1672 cum
2216 1618 2327 1671 lilio
2357 1627 2746 1672 numeraretur.
2800 1616 2866 1670 Et
2890 1616 3161 1687 apostolos
3190 1615 3361 1669 malos
3392 1616 3653 1669 habuisse

2060 1721 2238 1782 patres
2262 1711 2549 1765 declaravit
2570 1710 2835 1773 Christus,
2862 1724 2983 1763 cum
3009 1708 3142 1763 dixit
3168 1725 3181 1761 :
3213 1707 3273 1763 Si
3303 1724 3392 1778 ego
3420 1708 3475 1761 in
3500 1702 3655 1760 Beel-

2061 1805 2205 1859 zebul
2230 1805 2376 1872 ejicio
2410 1804 2684 1868 daemonia,
2729 1802 2825 1870 filii
2850 1803 2999 1856 vestri
3026 1803 3079 1854 in
3101 1818 3202 1871 quo
3231 1802 3429 1871 cjicient
3453 1800 3476 1852 ε)
3512 1798 3651 1853 Pro-

2064 1907 2174 1969 pter
2200 1899 2297 1952 Itoc
2324 1898 2424 1968 ipsi
2451 1908 2594 1950 erunt
2630 1896 2831 1967 judices
2856 1894 3003 1950 uestri
3033 1892 3243 1963 (Matth.
3271 1891 3357 1946 l2.
3391 1891 3509 1962 27).
3539 1891 3649 1944 Sed

2062 1998 2116 2046 te
2141 2005 2210 2046 ne
2233 1990 2411 2045 turbet
2441 1989 2563 2053 hoc,
2593 2004 2767 2057 neque
2793 1986 3045 2041 oll'eudat.
3088 1985 3219 2040 Nam
3248 1999 3312 2039 ex
3343 1984 3444 2037 hoc
3485 1983 3654 2037 disci-

2062 2096 2216 2145 mus,
2258 2095 2364 2135 non
2395 2090 2617 2147 naturae,
2655 2079 2750 2135 sed
2789 2078 3078 2134 voluntatis
3105 2091 3224 2132 esse
3246 2076 3427 2129 vitium
3458 2083 3512 2129 et
3540 2074 3655 2127 vir-

2062 2181 2248 2228 tutem.
2278 2172 2564 2227 Enimvero
2588 2171 2632 2225 si
2663 2183 2867 2225 naturae
2890 2176 3052 2231 esset,
3081 2167 3300 2221 omnino
3326 2165 3449 2219 mali
3477 2165 3654 2217 malus

2060 2274 2348 2337 parerent,
2399 2272 2457 2320 et
2480 2265 2603 2320 boni
2632 2265 2801 2319 bonos
2829 2280 2846 2321 ξ
2895 2262 2991 2318 sed
3018 2261 3140 2332 quia
3171 2260 3449 2315 electionis
3476 2268 3532 2312 et
3551 2272 3652 2309 vo-

2068 2357 2286 2412 luntatis
2310 2364 2394 2411 est
2426 2356 2645 2425 probum
2678 2355 2760 2408 vel
2790 2352 3089 2424 improbum
3114 2366 3253 2414 esse,
3282 2350 3478 2404 idcirco
3502 2363 3653 2417 Smpt:

2062 2447 2216 2503 malis
2239 2446 2476 2518 patrihus
2506 2446 2629 2501 boni
2658 2444 2753 2499 lilii
2778 2486 2793 2512 ,
2838 2454 2892 2498 et
2922 2442 3122 2514 ignavis
3154 2441 3274 2495 [iliis
3294 2438 3517 2494 studiosi
3548 2454 3648 2507 pa-

2060 2548 2172 2595 tres
2216 2539 2467 2605 fuerunt,
2510 2546 2569 2592 ut
2606 2552 2713 2593 non
2742 2545 2971 2601 naturas,
2996 2533 3089 2589 sed
3130 2532 3387 2587 voluntati
3430 2545 3652 2599 semper

2062 2633 2148 2687 illa
2194 2632 2540 2702 imputemus.
2596 2630 2794 2686 Verum
2847 2643 2966 2684 cum
3008 2635 3258 2697 parentes
3288 2623 3515 2677 Abrahae
3541 2663 3555 2682 ,
3588 2631 3651 2674 ut

2062 2726 2206 2794 dixi,
2246 2725 2443 2780 iuerint
2483 2724 2663 2794 impii,
2692 2720 2960 2793 quomodo
2988 2719 3037 2774 ei
3083 2717 3185 2773 hoc
3213 2732 3405 2771 nomen
3435 2712 3651 2768 indide-

2062 2827 2191 2873 runt
2215 2816 2239 2870 ?
2269 2816 2392 2872 Fuit
2411 2815 2512 2871 hoc
2535 2830 2668 2884 opus
2692 2813 2888 2868 divinze
2904 2810 3177 2880 sapientiae
3199 2825 3290 2879 per
3318 2805 3650 2861 ineredulam

2063 2911 2293 2980 linguam
2320 2906 2713 2978 dispensantis,
2745 2912 2804 2959 ut
2834 2918 2997 2974 puero
3025 2916 3220 2956 nomen
3263 2901 3647 2968 imponeretur,

2063 3000 2266 3057 habens
2294 3004 2348 3055 in
2371 3015 2428 3054 se
2450 2998 2750 3053 futurorum
2773 2995 3069 3051 historiam.
3106 2992 3239 3047 Nam
3269 2990 3509 3046 eamdem
3540 2988 3651 3040 vir-

2064 3102 2231 3148 tutem
2256 3100 2311 3147 et
2348 3092 2402 3145 in
2439 3090 2651 3145 Balaam
2692 3087 3021 3151 declaravit,
3068 3097 3266 3153 cogens
3308 3096 3429 3135 eum
3468 3078 3649 3132 futura

2064 3188 2354 3257 praedicere
2390 3184 2577 3257 (Nunt.
2617 3183 2754 3252 25):
2794 3180 3073 3235 declarans
3117 3192 3175 3232 se
3224 3192 3329 3229 non
3376 3172 3549 3226 solum
3590 3169 3648 3223 in

2062 3280 2173 3337 suis
2192 3321 2206 3346 ,
2235 3277 2328 3333 sed
2353 3285 2408 3331 et
2438 3274 2491 3329 in
2521 3274 2708 3330 alienis
2732 3270 2994 3327 dominari
3016 3282 3196 3338 posse.
3246 3266 3313 3319 Et
3355 3274 3410 3317 ut
3446 3262 3649 3325 discas,

2063 3380 2315 3442 parentes
2350 3368 2507 3424 etiam
2551 3381 2658 3421 non
2688 3364 2842 3419 valde
2870 3362 2987 3432 pios
3009 3402 3023 3425 ,
3063 3358 3256 3428 saepius
3285 3354 3495 3408 nescios
3540 3353 3650 3404 im-

2062 3476 2261 3534 ponere
2286 3459 2499 3515 nomina
2518 3456 2695 3527 justis,
2716 3469 2835 3524 qua:
2851 3451 3069 3506 multam
3100 3448 3395 3502 futurorum
3422 3444 3649 3512 dispen-

2060 3556 2319 3611 sationem
2350 3550 2656 3613 declarent,
2702 3544 3009 3600 docebimus
3039 3542 3197 3597 etiam
3233 3540 3337 3592 alio
3372 3535 3645 3604 exemplo.

2061 3643 2291 3700 Lamcch
2331 3642 2420 3712 qui
2450 3641 2547 3695 iuit
2573 3648 2725 3709 pater
2750 3637 2862 3691 Νυέ
2891 3633 2996 3705 (a),
3028 3634 3169 3688 illius
3192 3631 3303 3685 Νοεῖ
3325 3629 3474 3698 cujus
3502 3638 3649 3681 tent-

2063 3751 2190 3806 pore
2217 3734 2412 3788 factum
2441 3741 2523 3787 est
2552 3730 2806 3785 diluvium
2833 3769 2847 3791 ,
2880 3743 2985 3781 non
3008 3734 3122 3780 erat
3147 3724 3350 3793 justus,
3390 3735 3493 3773 non
3534 3720 3651 3773 Deo

2058 3839 2273 3899 gratus,
2317 3842 2424 3882 non
2463 3825 2582 3879 .Deo
2630 3822 2884 3892 probatus
2920 3840 2931 3874 :
2962 3834 3083 3873 nam
3131 3820 3173 3871 si
3210 3816 3411 3886 justus,
3456 3813 3497 3866 si
3536 3813 3650 3865 Deo

2058 3932 2239 3993 gratus
2262 3929 2316 3974 et
2343 3927 2592 3988 acceptus
2621 3917 2801 3969 luisset
2824 3955 2839 3978 ,
2888 3927 2992 3966 non
3031 3911 3283 3971 dixisset,
3320 3908 3430 3961 b'oé
3470 3905 3647 3957 solum

2058 4011 2352 4083 perlectum
2388 4011 2658 4064 inventum
2697 4007 2748 4060 in
2779 4004 3123 4075 generatione
3153 4018 3245 4053 sua
3274 3998 3426 4067 (Gen.
3455 3998 3507 4050 6.
3542 3996 3599 4062 9)
3629 4012 3643 4045 :

2058 4120 2229 4175 neque
2254 4104 2599 4174 praeteriisset
2613 4100 2739 4169 justi
2758 4107 2981 4168 patrem,
3013 4096 3056 4149 si
3079 4094 3251 4162 justus
3278 4094 3477 4144 luisset.
3504 4088 3646 4155 Quid

2056 4200 2214 4270 igitur
2243 4198 2373 4251 ille?
2421 4195 2676 4265 Imposuit
2704 4208 2895 4247 nomen
2926 4205 3112 4259 puero,
3142 4187 3280 4257 quod
3314 4184 3645 4255 praecipuam

2056 4291 2350 4347 futurarum
2378 4302 2557 4343 rerum
2591 4285 2810 4339 haberet
2840 4283 3113 4336 historiam
3138 4320 3152 4345 ,
3202 4287 3422 4344 eratque
3453 4272 3649 4341 appel-

2057 4386 2182 4439 latio
2204 4382 2330 4453 justi
2362 4380 2635 4450 prOphetia
2672 4376 2823 4448 (Gen.
2859 4376 2912 4431 5.
2939 4373 3055 4443 29).
3103 4369 3451 4440 Siguilicabat
3489 4366 3645 4419 enim

2056 4491 2251 4532 nomen
2297 4475 2416 4543 ejus
2462 4472 2699 4527 futurum
2740 4468 3018 4523 diluvium.
3064 4462 3382 4533 Quomodo?
3432 4459 3647 4513 Nomen

2053 4569 2169 4639 ejus
2195 4567 2452 4623 llebraica
2480 4566 2655 4636 lingua
2678 4562 2883 4617 vocavit
2906 4558 3041 4621 Noé.
3064 4556 3202 4627 quod
3234 4555 3645 4621 interpretatum

2052 4672 2154 4727 est,
2189 4660 2383 4731 quietis
2402 4666 2607 4713 auctor.
2636 4654 2733 4711 Nia
2762 4654 2902 4708 enim
2927 4653 3184 4723 Syrorum
3212 4662 3339 4702 voce
3365 4646 3517 4713 quies
3535 4653 3641 4698 est.

2051 4754 2201 4809 Sicut
2238 4752 2395 4822 igitur
2430 4748 2699 4804 Abraham
2751 4744 2819 4800 ab
2867 4744 3039 4807 Abar,
3078 4740 3220 4812 quod
3261 4748 3339 4794 est
3382 4748 3532 4791 trans
3556 4734 3644 4788 vel

2051 4845 2212 4909 ultra,
2241 4842 2414 4898 dictus
2432 4850 2543 4905 est,
2571 4847 2626 4893 et
2648 4836 2819 4893 Adam
2844 4835 2911 4890 ab
2937 4833 3155 4897 IEdem,
3187 4829 3331 4902 quod
3359 4838 3444 4883 est
3473 4838 3641 4891 terra,

2050 4951 2117 4991 eo
2136 4934 2276 5005 quod
2306 4934 2375 4987 sit
2398 4942 2643 4988 terrenus
2667 4945 2682 4982 :
2716 4928 2788 4983 ita
2833 4926 2919 4981 hic
2945 4941 2975 4980 a
3004 4924 3101 4979 Nia
3128 4931 3348 4977 vocatus
3376 4926 3460 4973 est
3498 4915 3639 4981 Noé,

2052 5026 2154 5081 hoc
2177 5034 2279 5089 est,
2300 5032 2486 5079 auctor
2504 5021 2735 5091 quietis:
2759 5018 2997 5074 declarat
3021 5023 3200 5070 autem
3223 5011 3325 5067 hoc
3348 5020 3405 5065 et
3426 5008 3643 5077 adjecta

2052 5116 2325 5187 particula.
2370 5112 2593 5168 Vocavit
2615 5110 2758 5166 enim
2800 5124 2922 5163 eum
2969 5105 3119 5171 Noe,
3150 5102 3335 5159 dicens
3366 5119 3379 5154 :
3418 5098 3519 5153 Hic
3549 5115 3645 5153 nos

2048 5211 2301 5281 quiescere
2340 5208 2489 5279 faciet
2526 5204 2734 5275 (Genes.
2764 5203 2818 5258 5.
2840 5200 2962 5271 29),
2989 5199 3227 5269 quietem
3248 5195 3503 5251 diluvium
3542 5208 3638 5246 vo-

2047 5317 2192 5358 caus.
2222 5300 2355 5355 Nam
2384 5299 2505 5369 quia
2532 5296 2631 5351 sub
2659 5295 2752 5349 illo
2779 5295 3012 5347 futurum
3032 5299 3147 5345 erat
3179 5287 3464 5352 diluvium,
3500 5283 3641 5338 dilu-

2047 5395 2189 5449 vium
2216 5401 2392 5447 autem
2421 5403 2567 5443 mors
2601 5387 2698 5441 fuit
2716 5428 2731 5452 ,
2761 5384 2902 5440 Mors
2931 5399 3057 5437 vero
3087 5382 3226 5451 quies
3251 5381 3356 5433 viro
3387 5387 3462 5433 est
3492 5376 3635 5445 (Job.

2048 5488 2099 5542 5.
2130 5486 2223 5554 25)
2253 5501 2267 5537 :
2292 5482 2491 5537 idcirco
2519 5479 2817 5544 hominem,
2872 5476 2972 5531 sub
3001 5489 3107 5546 quo
3146 5473 3403 5529 diluvium
3434 5470 3639 5523 factum

2047 5590 2148 5642 est,
2176 5575 2373 5647 quietis
2396 5583 2666 5629 auctorem
2697 5570 2923 5625 vocavit.

2111 5736 2183 5797 (a)
2217 5736 2296 5782 His
2319 5730 2491 5797 similia
2518 5730 2673 5779 habes
2694 5740 2835 5797 supra
2873 5729 2928 5797 in_
2945 5722 3159 5797 itemiliis
3194 5736 3257 5797 πῃ¹
3279 5718 3636 5797 genesim-nubi

2045 5787 2338 5846 de‘n’omine
2362 5794 2459 5842 Noe
2482 5805 2617 5858 pene
2649 5787 2837 5839 eadem.
2880 5788 2995 5858 Vide
3035 5792 3196 5834 notam
3230 5787 3309 5833 ibi.
3351 5787 3433 5831 Hic
3466 5790 3635 5831 autem

2049 5860 2224 5923 adjecit
2246 5858 2326 5905 sia
2348 5864 2566 5917 Syromm
2588 5854 2752 5916 lingua
2775 5864 2887 5901 esse
2908 5854 3132 5913 quietem.
