4028 6360
329 427 442 480 6‘27

331 537 637 604 πόρρωθεν
667 539 856 603 αὑτὰς
881 539 1122 601 ἰδόντες,
1157 537 1220 590 Τί
1257 538 1468 606 λέγεις;
1497 540 1596 591 οὐκ
1621 539 1912 607 ἐκομίσατο

329 620 430 682 τὰς
459 622 794 690 ἐπαγγελίας
826 624 854 675 6
888 621 1162 692 Ἀϐραὰμ,
1198 621 1320 674 οὐδέ
1363 617 1529 691 ἦλθεν
1568 624 1646 682 εἰς
1677 621 1774 692 τὴν
1804 623 1914 674 Πα-

330 704 647 774 λαιστίνην;
686 705 897 770 Ψεῦδος
933 701 1026 758 οὖν
1068 705 1135 758 16
1170 704 1469 776 εἰρημένας
1518 705 1673 775 Οὐχὶ,
1727 703 1910 774 φησίν.

330 781 504 839 ἾΙλθε
540 788 638 856 μὲν
669 787 778 859 γὰρ
810 790 891 852 είς
920 789 1020 859 τὴν
1044 788 1429 858 Παλαιστίνην,
1461 788 1520 840 οὐ
1552 787 1689 856 πρὸς
1712 787 1914 856 ταύτην

330 869 389 921 δὲ
409 869 605 922 ἔϐλεπε
625 870 723 942 τὴν
745 870 1098 939 ἐπαγγελίαν,
1118 870 1231 923 ἀλλ’
1250 870 1440 942 ἐτέρας
1461 871 1722 942 ἐπεθύμει
1739 875 1838 940 τῆς
1858 872 1914 923 ἐν

328 956 613 1024 οὐρανοῖς,
654 956 750 1008 καὶ
791 955 901 1008 τῶν
936 955 1219 1024 παρόντων
1261 953 1408 1018 ξένον
1447 955 1637 1007 ἐαυτὸν
1669 954 1913 1025 ἐνόμιζεν

329 1033 473 1091 εἶναι
505 1038 778 1091 ἁπάντων.
794 1038 971 1107 Ὅπερ
1000 1033 1093 1091 οὖν
1116 1038 1212 1090 καὶ
1233 1036 1380 1106 αὐτῷ
1404 1036 1696 1108 μαρτυρῶν
1717 1039 1746 1091 6
1768 1036 1915 1090 Παῦ-

329 1119 422 1182 λος
463 1122 744 1189 ἐπήγαγε·
781 1119 894 1173 Καὶ
927 1121 1419 1190 ὁμολογήσαντες
1469 1120 1558 1175 ὄττι
1599 1119 1762 1185 ξένοι
1813 1121 1914 1176 καί

329 1198 733 1266 παρεπίδημοί
752 1200 894 1256 εισι.
919 1197 1076 1262 Ξένος
1097 1201 1126 1253 6
1150 1200 1388 1270 πατρίδα
1416 1198 1618 1264 λαϐὼν,
1648 1199 1770 1253 εἰπέ
1802 1215 1912 1271 μοι,

330 1281 426 1332 καὶ
454 1279 636 1350 χώραν
665 1280 971 1352 τοσαύτην;
1003 1283 1132 1345 Ναὶ,
1166 1283 1329 1352 φησίν
1349 1299 1363 1314 ·
1391 1283 1452 1335 οὐ
1483 1283 1589 1354 γάρ
1617 1283 1755 1352 πρὸς
1781 1282 1913 1336 ταύ-

328 1379 452 1431 την,
481 1363 619 1416 ἀλλά
650 1363 789 1434 πρὸς
818 1364 912 1416 16v
941 1364 1172 1436 οὐρανὸν
1219 1365 1465 1420 ἔϐλεπεν.
1491 1370 1554 1420 Οί
1588 1368 1699 1436 γὰρ
1727 1364 1916 1418 ταῦτα

327 1447 616 1514 λέγοντες
654 1448 1104 1516 ἐμφανίζουσιν,
1155 1449 1244 1504 ὅτι
1280 1449 1492 1518 ἑτέραν
1520 1449 1775 1517 πατρίδα
1819 1449 1914 1515 ζη-

329 1529 566 1590 τοῦσιν,
595 1525 672 1599 ἧς
703 1531 982 1599 τεχνίτης
1007 1533 1106 1585 καὶ
1134 1532 1493 1602 δημιοτψτπὸς
1521 1536 1554 1586 ὀ
1583 1531 1746 1597 Θεὸς,
1772 1531 1913 1584 ἐκεί-

329 1631 428 1683 νην
446 1613 545 1683 τὴν
574 1615 896 1685 ἐπουράνιον
934 1615 1308 1686 Ἰερουσαλὴμ,
1339 1616 1437 1687 τὴν
1469 1616 1599 1669 ἀνω.
1619 1614 1770 1678 Εἶδες
1797 1615 1913 1679 πῶς

329 1697 693 1767 ἐπηγγείλατο
725 1698 874 1770 αὐτῷ
901 1701 930 1752 6
959 1699 1092 1762 Θεὸς
1128 1698 1386 1770 αίσθητά;
1423 1699 1538 1762 πῶς
1567 1701 1774 1762 ἐκεῖνος
1813 1697 1913 1769 τὴν

331 1779 447 1836 ἅνω
491 1779 848 1852 Ἰερουσαλὴμ
880 1783 1095 1853 ὲζήτει;
1136 1786 1200 1837 Ol
1239 1781 1350 1854 γὰρ
1386 1784 1570 1838 ταῦτα
1608 1781 1908 1852 λέγοντες,

331 1863 518 1932 φησὶν,
552 1863 981 1932 ἐμφανίζουσιν
1019 1866 1110 1918 ὅτι
1138 1865 1390 1935 πατρίδα
1423 1865 1682 1931 ζητοῦσι.
1718 1864 1828 1918 Καὶ
1861 1868 1911 1918 εὶ

323 1948 444 2017 μὲν
473 1949 710 2016 ἐκείνης
733 1948 1089 2018 ἐμέμνηντο,
1109 1951 1208 2020 ἀφ’
1229 1947 1305 2020 ἧς
1329 1949 1612 2018 ἐξῆλθον,
1638 1944 1804 2018 εἶχον
1837 1949 1912 2003 ἂν

328 2033 542 2099 καιρὸν
587 2033 972 2101 ἀνακάμψαιο
1017 2034 1154 2088 νυνί
1206 2034 1274 2086 δὲ
1324 2035 1530 2102 ἐτέρας
1573 2034 1910 2101 κρείττονος

329 2113 658 2184 ὀρέγονται,
687 2115 1020 2178 τουτέστιν,
1045 2118 1428 2186 ἐπουρανίου.
1445 2118 1656 2170 Οὐκοῦν
1679 2118 1910 2189 αἰσθητὴ

335 2197 433 2266 μὲν
470 2199 504 2268 ἡ
537 2197 848 2267 ὑπόσχεσις,
888 2200 1052 2271 νοητὴ
1091 2200 1148 2252 δὲ
1186 2203 1218 2271 ἡ
1251 2200 1513 2269 ἐπιθυμία
1545 2201 1636 2254 τοῦ
1678 2201 1909 2264 δικαίου,

330 2282 659 2346 ἀπεναντίας
687 2284 840 2353 ἡμῖν.
884 2285 1107 2354 Ἐκείνῳ
1144 2285 1244 2354 μὲν
1269 2285 1376 2356 769
1409 2285 1774 2354 ἐπηγγείλατο
1813 2285 1910 2355 τὴν

331 2365 717 2436 Παλαιστίνην,
753 2367 782 2418 6
809 2366 866 2419 δὲ
915 2368 1304 2432 περιεϐλέπετο
1346 2368 1435 2421 16v
1481 2369 1707 2439 οὐρανόν
1731 2385 1744 2398 ·
1781 2371 1911 2439 ἡμῖν

327 2447 386 2501 δὲ
408 2450 800 2519 ἐπαγγέλλεται
828 2450 922 2504 τὸν
945 2452 1193 2522 οὐρανὸν,
1221 2452 1315 2504 καὶ
1346 2453 1482 2523 πρὸς
1503 2453 1600 2524 τὴν
1623 2453 1727 2522 γῆν
1744 2456 1907 2524 κεχή-

332 2550 524 2604 ιαμεν.

401 2691 466 2747 ε’.
490 2692 678 2748 Ταῦτα
704 2693 1076 2766 ἐκερδάναμεν
1098 2693 1206 2748 6116
1231 2693 1325 2746 106
1357 2692 1606 2766 Ἀϐραὰμ
1625 2695 1908 2765 ὀνόματος,

336 2775 599 2844 μαθόντες
625 2777 713 2830 διά
745 2778 796 2830 τί
827 2779 1072 2849 περάτης
1100 2776 1318 2848 ἐλέχθη,
1347 2777 1441 2830 καὶ
1468 2778 1550 2830 ὅτι
1578 2778 1676 2846 τὴν
1706 2778 1910 2832 οἰκείαν

331 2858 485 2930 [695]
512 2859 671 2929 ἀφεὶς
705 2861 826 2931 γῆν,
873 2861 1010 2930 πρὸς
1045 2861 1146 2931 τὴν
1191 2859 1475 2931 ἀλλοτρίαν
1518 2861 1772 2931 μετέστη,
1816 2861 1910 2914 καὶ

328 2945 400 2998 τά
445 2944 580 3014 δῆλα
615 2944 1010 3016 παραδραμὼν,
1045 2944 1182 3014 πρὸς
1211 2944 1281 2996 16
1308 2943 1478 3014 ἄδηλα
1503 2943 1718 3007 ἐϐλεπε,
1752 2943 1818 2997 τά
1851 2947 1910 2998 ἐν

329 3027 488 3099 χερσὶ
517 3026 696 3096 ῥίψας,
720 3029 966 3098 ἐκεχήνει
995 3028 1130 3097 πρὸς
1155 3027 1223 3080 16
1250 3029 1309 3081 ἐν
1335 3027 1534 3089 ἐλπίσι,
1559 3028 1651 3081 καὶ
1680 3027 1910 3098 αἰσθητά

327 3107 530 3171 λαϐὼν,
560 3109 697 3178 1196;
719 3111 786 3163 16
814 3111 982 3178 νοητά
1012 3110 1342 3173 ἀνετείνατο,
1365 3109 1648 3163 καὶταῦτα
1677 3111 1780 3180 πρὸ
1809 3109 1910 3180 τῆς

328 3191 571 3262 χάριτος,
609 3191 716 3262 πρὸ
740 3192 834 3246 τοῦ
868 3192 1054 3262 νόμου,
1079 3193 1183 3263 πρὸ
1208 3194 1310 3262 τῆς
1342 3195 1450 3246 ἀπὸ
1478 3191 1588 3247 τῶν
1615 3193 1910 3264 προφητῶν

325 3276 698 3339 διδασκαλίας.
717 3276 879 3330 Ὅθεν
902 3277 1083 3345 δῆλον,
1108 3279 1183 3340 ὼς
1207 3277 1398 3330 οὐδένα
1420 3276 1545 3347 ἔσχε
1568 3275 1906 3348 καθηγητὴν,

329 3357 449 3412 ἀλλ’
483 3359 716 3428 ἤρκεσεν
750 3358 900 3429 αὐτῷ
930 3361 964 3430 ἡ
998 3360 1159 3428 φύσις
1201 3361 1328 3423 τοὺς
1363 3360 1457 3413 τοῦ
1491 3361 1792 3424 συνειδότος
1824 3377 1910 3414 κι-

326 3444 390 3512 νή
403 3458 538 3495 σασα
563 3442 877 3512 λογισμοὺς,
911 3443 1006 3496 καὶ
1037 3441 1213 3506 οὕτως
1247 3438 1371 3514 5695
1406 3442 1498 3496 16v
1523 3443 1656 3496 Θεὸν
1684 3443 1777 3497 τὸν
1813 3443 1908 3497 τοῦ

325 3526 528 3589 παντὸς
559 3525 890 3596 δημιουργόν
911 3541 924 3556 ⁸
963 3525 1052 3579 διά
1091 3525 1250 3579 τοῦτο
1281 3525 1506 3598 Ἀϐραμ
1536 3526 1780 3593 ἐλέγετο,
1821 3525 1910 3580 διὰ

327 3607 487 3661 τοῦτο
525 3608 618 3660 καὶ
645 3609 694 3660 οἱ
722 3611 898 3675 γονεῖς
929 3607 1079 3678 αὐτῷ
1115 3609 1176 3660 16
1215 3609 1386 3679 ὄνομα
1423 3609 1699 3678 ἐπέθηκαν
1729 3607 1906 3662 τοῦτο.

340 3691 502 3742 ’Λλλά
532 3691 671 3761 τάχα
704 3690 834 3755 ἴσως
875 3693 1019 3746 εἴποι
1047 3709 1132 3754 τις
1162 3691 1247 3756 ἀν,
1274 3693 1355 3745 ὅτι
1385 3693 1541 3746 τοῦτο
1572 3691 1784 3762 ψεῦδος.
1817 3691 1909 3762 Μὴ

327 3777 438 3846 γάρ
467 3774 665 3828 δίκαιοι
718 3771 859 3846 ἦσαν
902 3777 951 3828 οί
986 3779 1161 3844 γονεῖς
1200 3775 1294 3828 τοῦ
1350 3776 1634 3847 Ἀϐραάμς
1674 3775 1748 3846 μὴ
1800 3775 1912 3846 γὰρ

327 3859 621 3929 εὐάρεστοι,
643 3858 720 3929 τῷ
749 3859 898 3929 Θεῷ;
925 3859 999 3930 μὴ
1031 3860 1140 3931 769
1173 3860 1392 3931 ᾔδεισαν
1421 3859 1486 3912 τά
1515 3859 1774 3930 μέλλοντα
1797 3858 1911 3910 ἔσε-

327 3942 489 4005 σθαι;
517 3940 590 4012 μὴ
613 3941 720 4010 γάρ
737 3941 1030 4014 προεώρων
1063 3943 1163 4014 τὴν
1194 3943 1487 4012 ὑπόσχεσιν
1517 3943 1614 4012 τὴν
1642 3941 1793 4012 παρά
1813 3943 1910 3996 τοῦ

326 4024 598 4078 Δεσπότου
620 4025 917 4095 μέλλουσαν
930 4026 1286 4098 ρηθήσεσθαι;
1299 4027 1418 4096 οὐχὶ
1433 4025 1648 4088 ἀτεϐεῖς
1663 4021 1800 4097 ἦσαν
1816 4025 1910 4079 καὶ

329 4107 614 4161 είδωλολάτ
623 4125 732 4178 ραι,
756 4110 1051 4182 βαρϐάρων
1064 4110 1131 4179 βα
1140 4109 1538 4182 ρϐαρικώτατοι
1551 4125 1564 4174 ;
1579 4103 1710 4161 Οἶδα
1729 4107 1906 4177 κάγὼ,

330 4191 426 4242 καὶ
449 4191 539 4244 διὰ
559 4191 718 4244 τοῦτο
747 4193 956 4246 ἐπαινῶ
988 4195 1078 4247 τὸν
1105 4193 1336 4257 δίκαιον,
1357 4193 1440 4246 ὅτι
1462 4191 1740 4254 τοιούτους
1768 4189 1908 4261 ἔχων

330 4273 596 4344 πατέρας,
628 4274 868 4339 τοιοῦτος
899 4277 1060 4340 6.616;
1093 4277 1330 4345 ἐγένετο.
1365 4274 1471 4331 Καὶ
1501 4275 1566 4328 16
1595 4273 1908 4345 θαυμαστὸν

329 4358 425 4411 καὶ
472 4358 776 4429 παράδοξον
818 4359 976 4412 τοῦτό
1007 4363 1174 4422 ἐστιν,
1207 4361 1288 4413 ὅτι
1330 4359 1393 4424 ἐξ
1429 4358 1717 4429 ἀλλοτρίας
1755 4354 1909 4429 ῥίζης

328 4442 424 4499 καὶ
445 4440 644 4511 ἀγρίας
673 4443 881 4512 ἥμερος
908 4442 1108 4512 ἠνέχθη
1143 4442 1374 4513 καρπός.
1398 4441 1472 4495 Οὐ
1497 4441 1606 4511 γάρ
1636 4441 1752 4492 ἐστι
1777 4457 1910 4493 κατ-

327 4523 528 4593 ηγορία.
569 4523 773 4579 παίδων
802 4526 860 4578 ἐν
906 4525 1160 4596 εὐσεϐείᾳ
1193 4525 1410 4590 ζώντων
1448 4526 1481 4595 ἡ
1514 4525 1624 4576 τῶν
1658 4522 1909 4594 πατέρων

329 4607 520 4667 κακία,
539 4607 649 4659 ἀλλ’
681 4609 728 4660 εί
757 4609 861 4678 χρή
892 4625 950 4663 τι¹
968 4609 1276 4680 θαυμαστὸν
1302 4611 1494 4674 εἰπεῖν,
1519 4607 1614 4662 καὶ
1636 4605 1919 4677 ἐγκώμιον,

333 4690 554 4760 μᾶλλον,
582 4691 665 4742 ὅτι
699 4690 774 4762 μὴ
814 4691 966 4762 παρά
995 4692 1275 4764 προγόνων
1313 4690 1599 4761 δεξάμενοι
1627 4691 1725 4760 τὴν
1759 4690 1910 4742 εὐσέ-

329 4773 506 4836 ϐειαν,
531 4774 670 4844 μηδὲ
687 4777 810 4838 τοὺς
832 4775 1306 4844 χειραγωγοῦντας
1331 4774 1565 4845 ἔχοντες,
1585 4773 1697 4827 ἀλλ’
1720 4773 1910 4844 ὥσπερ

328 4857 389 4908 ἐν
423 4858 612 4928 ἐρήμῳ
639 4859 734 4910 καὶ
761 4857 948 4927 ἀϐάτῳ
977 4857 1272 4922 ὁδεύοντες,
1297 4857 1640 4929 ἠδυνήθησαν
1667 4856 1764 4926 τὴν
1793 4857 1910 4909 666v

329 4939 429 5009 τὴν
454 4942 534 5002 εἰς
553 4941 646 4992 τὸν
679 4940 908 5012 οὐρανὸν
939 4939 1211 5010 φέρουσαν
1235 4941 1435 5010 εὑρεῖν.
1464 4941 1538 4992 Οὐ
1571 4939 1750 4992 τοίνυν
1780 4957 1910 4992 κατ-

327 5020 529 5090 ηγορία
563 5020 731 5090 ἀσεϐῆ
759 5020 972 5091 πατέρα
996 5020 1162 5090 ἔχειν,
1187 5020 1322 5076 ἀλλά
1353 5019 1636 5091 μιμεῖσθαι
1659 5019 1758 5089 τὴν
1782 5018 1910 5072 ἀσέ-

329 5101 484 5154 ϐειαν
524 5102 618 5155 τοῦ
655 5103 858 5174 πατρός
879 5120 891 5132 ·
931 5103 1025 5156 καὶ
1055 5103 1306 5174 ἔγκλημα
1341 5104 1614 5174 μέγιστον,
1647 5103 1746 5171 οὐχ
1781 5102 1909 5154 ὅταν

328 5184 567 5252 φαύλους
596 5185 807 5255 ἔχωμεν
838 5189 1037 5253 γονεῖς,
1068 5185 1184 5239 ἀλλ’
1213 5187 1343 5240 ὅταν
1383 5186 1563 5240 αὐτῶν
1603 5186 1677 5257 μὴ
1709 5187 1908 5255 ἐπιμε-

327 5266 572 5338 λώμεθα,
595 5269 689 5321 καὶ
717 5268 786 5322 16
813 5270 942 5341 παρ’
974 5269 1181 5322 ἑαυτῶν
1213 5269 1389 5323 πάντα
1409 5271 1751 5341 είσφέρωμεν
1773 5269 1909 5338 πρὸς

327 5349 390 5403 16
433 5351 535 5420 τῆς
566 5351 766 5415 κακίας
813 5353 1010 5416 αὐτοὺς
1049 5353 1354 5415 ἀπαλλάξαι
1395 5351 1618 5422 ταύτης.
1656 5352 1742 5414 Ὠς
1781 5352 1909 5404 ὅταν

326 5435 492 5503 ἡμεῖς
539 5433 640 5503 μὲν
693 5433 870 5488 πάντα
924 5434 1322 5505 ἐπιδειξώμεθα
1366 5435 1495 5506 περὶ
1539 5437 1638 5505 τὴν
1683 5434 1908 5488 ἐκείνων

326 5515 529 5587 ψυχὴν,
574 5517 772 5569 ἐκεῖνοι
815 5517 871 5569 δὲ
903 5519 994 5570 ἐπὶ
1025 5518 1126 5586 τῆς
1165 5517 1345 5571 αὐτῶν
1385 5517 1589 5589 μένωσι
1618 5517 1905 5588 πονηρίας,

328 5599 513 5668 πάσης
543 5599 807 5669 μέμψεως
837 5600 1235 5672 ἀπηλλάγμεθα
1259 5603 1355 5655 καὶ
1397 5601 1594 5663 αἰτίας.
1631 5601 1816 5653 Ταῦτα
1848 5601 1906 5654 δέ

328 5676 504 5745 εἷπον,
534 5682 622 5734 ἵνα
653 5682 729 5753 μὴ
757 5683 1071 5756 αἰσχυνθῇς,
1094 5685 1365 5756 ἀγαπητὲ,
1393 5686 1520 5739 ὅταν
1543 5685 1803 5755 ἀκούσῃς,
1825 5685 1906 5738 ὅτι

327 5766 545 5835 πατέρα
577 5767 750 5838 ἀσεϐῆ
778 5766 936 5837 ἔσχεν
962 5769 992 5821 6
1018 5769 1286 5842 Ἀϐραάμ.
1312 5770 1422 5823 Καὶ
1447 5767 1556 5839 769
1587 5769 1615 5822 6
1647 5769 1908 5840 Τιμόθεος

328 5849 506 5920 ἀσεϐῆ
534 5853 750 5924 πατέρα
780 5846 959 5923 εἷχενῑ
1003 5852 1136 5919 Υίὸς
1163 5852 1578 5927 γάρίουδαίας
1618 5853 1904 5922 γυναικὸς

1544 419 1608 474 ΡΝ
1644 415 1942 474 GSNESIM
1981 416 2218 474 SERMO
2255 419 2345 475 IX.

3485 420 3600 477 6‘28

2016 534 2113 606 ἦν,
2150 538 2306 607 φησὶ,
2359 535 2580 604 πιστῆς
2614 535 2870 604 μητρὸς,
2903 535 3126 603 πατρὸς
3171 533 3239 586 δὲ
3272 535 3590 602 Ἕλληνος.

2017 630 2127 682 Καὶ
2168 631 2250 682 ὅτι
2296 628 2510 698 ἔμεινεν
2552 627 2608 677 ἐν
2648 625 2871 696 ἀσεϐείᾳ
2914 626 3008 678 καὶ
3056 625 3116 678 οὐ
3169 626 3525 695 μετεϐάλλετο
3565 627 3595 681 6

2017 719 2222 789 πατὴρ,
2257 717 2414 788 δῆλον
2451 716 2660 770 ἐκεῖθεν
2685 732 2700 746 °
2745 717 2984 769 ἐπαινῶν
3025 717 3134 786 γὰρ
3186 715 3278 769 τοῦ
3329 717 3593 787 Τιμοθέου

2015 812 2112 880 τὴν
2142 810 2341 875 πίστιν,
2379 809 2523 863 οὕτω
2554 809 2718 881 φησὶν
2745 810 2774 861 6
2809 808 3050 872 Παῦλος·
3090 810 3260 875 "Huc
3286 808 3595 876 ἐνῴκησεν

2013 904 2083 956 ἐν
2118 902 2192 972 τῇ
2218 902 2426 972 μάμμῃ
2473 919 2590 956 σου
2633 900 2832 965 Χωΐδι,
2865 901 2963 954 καὶ
3006 899 3081 969 τῇ
3115 901 3294 970 μητρί
3338 903 3592 971 Εὐνίκῃ,

2017 995 2341 1064 πέπεισμαι
2371 993 2440 1047 δὲ
2466 995 2558 1048 ὅτι
2589 993 2687 1050 καὶ
2712 993 2782 1046 ἐν
2809 993 2930 1047 σοί.
2955 993 3065 1045 Καὶ
3099 992 3334 1064 οὐδαμοῦ
3363 994 3456 1047 τοῦ
3487 1011 3608 1049 πασι-

2013 1088 2141 1158 τρὸς
2172 1087 2232 1143 16
2263 1087 2453 1158 ὄνομα.
2497 1087 2598 1141 Διά
2630 1087 2713 1153 τί;
2753 1087 2876 1139 ’Ότι
2905 1087 2962 1140 ἐν
3000 1088 3066 1156 τῇ
3099 1085 3324 1158 ἀσεϐείᾳ
3355 1086 3588 1157 ἔμεινεν,

2015 1183 2114 1235 οὐκ
2154 1177 2222 1252 ἦν
2263 1182 2413 1246 ἄξιος
2452 1180 2808 1254 ἀριθμεῖσθαι
2842 1180 2980 1252 μετὰ
3011 1179 3106 1233 τοῦ
3150 1179 3355 1244 παιδός.
3394 1181 3504 1233 Καὶ
3539 1182 3608 1234 οῖ-

2014 1272 2303 1327 ἀπόστολοι
2330 1271 2388 1326 δὲ
2417 1271 2687 1344 πονηροὺς
2704 1270 2860 1342 ἔσχον
2883 1269 3147 1340 πατέρας,
3167 1269 3262 1323 καὶ
3285 1267 3440 1322 τοῦτο
3467 1269 3592 1339 ἐδή-

2016 1363 2186 1418 λωσεν
2219 1367 2248 1419 6
2275 1364 2508 1435 Χριστὸς
2537 1363 2706 1418 εἰπών
2723 1378 2737 1393 ·
2766 1365 2837 1418 Ei
2867 1362 2985 1431 ἐγὼ
3013 1362 3084 1414 ἐν
3106 1358 3467 1421 Βεελζεϐοὺλ
3498 1361 3594 1414 ὲκ-

2015 1453 2214 1506 6ιὶλλω
2248 1455 2320 1508 τὰ
2363 1453 2659 1524 δαιμόνια,
2688 1455 2743 1507 οί
2793 1452 2911 1506 υἱοὶ
2948 1449 3114 1520 ὑμῶν
3146 1449 3217 1503 ἑν
3258 1450 3374 1503 τίνι
3415 1450 3590 1503 ἐκϐα-

2015 1545 2234 1609 λοῦσι;
2283 1546 2383 1600 Διὰ
2426 1546 2602 1599 τοῦτο
2652 1543 2823 1598 αὐτοὶ
2876 1543 3125 1595 ἔσονται
3180 1540 3368 1608 κριταὶ
3402 1539 3590 1608 ὑμῶν.

2027 1637 2186 1690 Ἀλλά
2224 1637 2296 1708 μή
2333 1654 2392 1689 σε
2433 1636 2734 1710 θορυϐείτω
2773 1635 2955 1701 τοῦτο,
3009 1635 3144 1706 μηδὲ
3172 1631 3612 1696 σκανδαλιζέτω..

2012 1729 2123 1782 Καὶ
2155 1728 2264 1800 γάρ
2293 1731 2356 1782 ἐκ
2379 1728 2569 1781 τούτου
2601 1727 2964 1798 μανθάνομεν,
2996 1728 3075 1779 ὅτι
3109 1727 3168 1780 οὐ
3194 1725 3428 1796 φύσεως,
3457 1723 3594 1777 ἀλλά

2015 1821 2385 1891 προαιρέσεως
2427 1822 2460 1890 ἡ
2510 1818 2678 1873 κακία
2718 1819 2813 1872 καὶ
2848 1820 2881 1886 ἡ
2911 1819 3101 1888 ἀρετή.
3136 1818 3198 1870 Εἰ
3235 1817 3341 1887 769
3377 1816 3592 1885 φύσεως

2009 1907 2099 1983 ἦν,
2142 1914 2358 1976 πάντως
2397 1911 2462 1964 ἂν
2500 1913 2550 1964 οἱ
2599 1911 2826 1982 πονηροὶ
2869 1911 3138 1980 πονηροὺς
3177 1909 3382 1972 ἔτεκον,
3415 1910 3509 1961 καὶ
3543 1909 3594 1960 οἱ

2012 2002 2238 2073 χρηστοὶ
2285 2000 2588 2062 τοιούτους·
2636 1999 2908 2071 ἐπειδὴδὲ
2952 1997 3325 2070 προαιρέσεώς
3376 2000 3490 2052 ἐστι
3533 1997 3596 2049 16

2013 2091 2218 2161 φαῦλον
2257 2087 2396 2144 εἶναι
2427 2092 2520 2142 καί
2547 2089 2854 2152 σπουδαῖον,
2885 2089 2971 2142 διὰ
3014 2089 3174 2142 τοῦτο
3211 2089 3309 2142 καὶ
3339 2089 3595 2157 πατέρων

2013 2185 2265 2256 πονηρῶν
2292 2183 2478 2247 παῖδες
2500 2182 2750 2250 ἐγένοντο
2776 2183 3027 2252 χρηστοὶ,
3061 2183 3155 2234 καὶ
3189 2181 3395 2234 παίδων
3430 2180 3595 2250 ῥᾳθύ-

2017 2292 2131 2344 μων
2146 2273 2378 2343 πατέρες
2392 2272 2665 2324 σπουδαῖοι
2684 2270 2830 2343 [690]
2850 2272 3130 2336 πολλάκις,
3148 2272 3230 2324 ἵνα
3246 2273 3319 2341 μὴ
3333 2274 3397 2341 τῇ
3413 2271 3591 2338 φύσει,

2015 2365 2150 2419 ἀλλὰ
2163 2369 2229 2436 τῇ
2254 2364 2446 2434 γνώμῃ
2472 2363 2748 2433 πανταχοῦ
2779 2361 2951 2415 ταῦτα
2973 2363 3208 2432 ἑκάτερα
3229 2361 3590 2431 λογιζώμεθα.

2028 2457 2166 2510 Ἀλλ’
2189 2458 2325 2527 ὅπερ
2374 2455 2580 2524 ἔλεγον,
2613 2455 2695 2506 ὃτι
2739 2453 2956 2515 ἀσεϐεῖς
3003 2453 3154 2513 ὖντες
3203 2453 3251 2504 οἱ
3292 2454 3468 2518 γονεῖς
3500 2449 3593 2504 τοῦ

2025 2545 2292 2616 Ἀϐραὰμ,
2329 2544 2447 2606 πῶς
2483 2543 2542 2595 16
2567 2543 2738 2612 ὄνομα
2769 2541 2919 2612 αὐτῴ
2948 2543 3224 2612 ἐπέθηκαν
3255 2539 3448 2605 τοῦτο;
3483 2541 3597 2610 Ti;

2009 2636 2104 2688 106
2151 2634 2286 2687 Θεοῦ
2326 2635 2518 2703 σοφίας
2560 2633 2796 2704 μάλιστα
2838 2633 2999 2702 ἔργον
3041 2633 3136 2684 καὶ
3182 2630 3343 2683 τοῦτο
3391 2627 3458 2701 ἦν
3507 2630 3597 2684 διὰ

2011 2727 2240 2780 ἀπίστου
2272 2725 2515 2795 γλώττης
2557 2725 3016 2794 οἰκονομήσαντος
3055 2721 3372 2791 ἐπιτεθῆναι
3402 2721 3617 2790 δνομα,,

2009 2817 2120 2872 τῶν
2165 2818 2465 2889 μελλόντων
2498 2816 2620 2887 ἕχον
2657 2816 2756 2885 τὴν
2788 2814 3051 2885 ἱστορίαν.
3087 2814 3198 2866 Καὶ
3225 2813 3333 2884 γάρ
3373 2813 3466 2864 τὸν
3493 2812 3596 2864 Βα-

2011 2909 2158 2978 λαάμ
2177 2907 2455 2978 ἠνάγκασέ
2495 2923 2625 2959 ποτε
2650 2907 2718 2958 16
2749 2903 3008 2974 μέλλοντα
3041 2905 3236 2965 εἰπεῖν,
3261 2903 3359 2972 τὴν
3387 2902 3604 2954 οἰκείαν-

2009 3000 2238 3071 δύναμιν
2266 2998 2728 3068 ἐπιδεικνύμενος,
2760 2999 2854 3049 καὶ
2884 2995 3061 3066 δηλῶν
3099 2996 3180 3048 ὅτι
3227 2993 3348 3063 οὐχὶ
3381 2995 3438 3045 ἐν
3477 2994 3592 3055 τοῖς

2008 3092 2228 3155 οἰκείοις
2259 3091 2440 3163 μόνον,
2480 3088 2620 3143 ἀλλά
2647 3089 2742 3140 καὶ
2787 3089 2843 3139 ἐν
2883 3089 2997 3149 τοῖς
3026 3083 3328 3156 ἀλλοτρίοις
3371 3085 3594 3154 κρατεῖν

2007 3185 2248 3240 δύναται.
2281 3183 2391 3236 Καὶ
2420 3182 2507 3236 ἵνα
2537 3180 2737 3251 μάθῃς,
2764 3180 2846 3232 ὅτι
2868 3177 3089 3230 ἐπὶτῶν
3113 3176 3360 3238 δικαίων,
3388 3173 3490 3226 κᾶν
3519 3172 3594 3243 μὴ

2010 3271 2253 3333 εὐσεϐεῖς
2281 3264 2416 3324 ὦσιν
2443 3270 2492 3323 οἱ
2523 3268 2780 3338 πατέρες,
2817 3266 3077 3328 πολλάκις
3105 3265 3206 3317 οὐκ
3232 3263 3434 3324 εἰδότες
3469 3263 3592 3314 ἐπι-

2009 3364 2251 3418 τιθέασιν
2297 3363 2536 3433 όνόματα
2589 3361 2790 3431 πολλὴν
2837 3359 2946 3411 τῶν
2996 3357 3297 3429 μελλόντων
3331 3353 3594 3425 δηλοῦντα

2008 3458 2108 3527 τὴν
2160 3455 2504 3524 οἰκονομίαν,
2553 3454 2648 3507 καὶ
2692 3453 2752 3517 ἐξ
2794 3451 2984 3521 ἐτέρου
3027 3466 3110 3502 σοι
3155 3446 3594 3518 παραδείγματος

2009 3551 2166 3603 τοῦτο
2201 3549 2412 3619 ποιήσω
2443 3543 2696 3616 φανερόν.
2732 3543 2789 3594 '0
2829 3542 3020 3611 Λάμεχ
3052 3541 3080 3592 ὁ
3113 3538 3206 3592 τοῦ
3232 3539 3354 3595 Νῶε
3387 3535 3590 3606 πατὴρ,

2008 3642 2103 3694 τοῦ
2143 3639 2266 3692 Νῶε
2297 3638 2529 3701 ἐκείνου,
2553 3636 2638 3704 ἐφ’
2667 3629 2728 3688 οὗ
2752 3637 2780 3686 6
2809 3631 3198 3700 κατακλυσμὸς
3225 3629 3464 3696 ἐγένετο,
3491 3629 3593 3681 οὐκ

2007 3725 2076 3800 ἦν
2101 3729 2330 3790 δίκαιος,
2355 3727 2456 3779 οὐκ
2481 3721 2551 3796 ἦν
2573 3723 2867 3795 εὐάρεστος
2893 3720 2973 3790 τῷ
2999 3719 3138 3790 Θεῷ,
3157 3719 3255 3771 οὐκ
3279 3713 3346 3788 ἦν
3368 3717 3592 3786 δόκιμος

2007 3823 2088 3892 τῷ
2115 3820 2262 3891 Θεῷ·
2300 3821 2348 3872 εί
2376 3819 2486 3887 γάρ
2515 3813 2583 3889 ἦν
2614 3817 2846 3878 δίκαιος,
2889 3815 2938 3866 εί
2985 3809 3052 3882 ἦν
3083 3811 3398 3881 εὐάρεστος,
3442 3809 3491 3860 εί
3523 3804 3606 3878 ἦνς

2011 3915 2290 3983 εὐδόκιμος
2321 3911 2401 3981 τῷ
2436 3909 2575 3980 Θεῷ,
2605 3909 2706 3961 οὐκ
2747 3907 2812 3960 ἂν
2838 3901 3010 3970 εἶπεν,
3032 3905 3114 3957 ὅτι
3156 3901 3278 3955 Νῶε
3317 3901 3477 3970 μόνος
3501 3902 3592 3953 εὐ-

2014 4005 2144 4078 ρέθη
2167 4005 2368 4067 τέλειος
2397 4003 2456 4054 ἐν
2497 4003 2564 4072 τῇ
2593 3999 2757 4070 γενεᾷ
2800 3996 2966 4050 αὐτοῦ
2985 4013 3000 4025 ·
3031 3995 3131 4051 οὐκ
3171 3992 3238 4047 ἂν
3272 3991 3598 4063 παρέδραμε

2012 4099 2104 4152 τοῦ
2129 4097 2336 4150 δικαίου
2379 4093 2472 4148 τὸν
2504 4092 2738 4162 πατέρα,
2769 4092 2817 4144 εί
2853 4089 3060 4151 δίκαιος
3087 4082 3175 4158 ἦν.
3212 4085 3276 4137 Τί
3318 4080 3412 4138 οὖν
3449 4085 3594 4136 ἐκεῖ-

2011 4206 2134 4253 νος;
2175 4187 2475 4258 Ἐπέθηκεν
2500 4185 2671 4255 ϐνομα
2702 4180 2782 4252 τῷ
2811 4180 3029 4250 παιδίῳ,
3066 4175 3268 4250 πολλὴν
3307 4175 3429 4245 ἔχον
3481 4175 3610 4229 τῶν.

2013 4283 2316 4354 μελλόντων
2356 4277 2698 4350 πραγμάτων
2734 4273 2832 4345 τὴν
2876 4272 3139 4343 ἱστορίαν,
3172 4270 3266 4322 καὶ
3293 4268 3426 4322 αὐτὸ
3455 4285 3590 4340 προ-

2010 4375 2208 4445 φητεία
2238 4369 2306 4444 ἦν
2339 4373 2372 4443 ή
2413 4367 2754 4441 προσηγορία
2782 4365 2875 4418 τοῦ
2911 4363 3143 4417 δικαίου.
3181 4360 3254 4416 T6
3281 4359 3389 4430 769
3420 4359 3595 4429 δνομα

2009 4466 2166 4520 τοῦτο
2190 4464 2280 4518 16v
2313 4462 2576 4534 μέλλοντα
2601 4457 2987 4526 κατακλυσμὸν
3008 4453 3228 4507 ἔσεσθαι
3252 4451 3462 4522 ἐδήλου.
3482 4451 3594 4503 Καὶ

2011 4559 2128 4622 πῶς
2168 4556 2258 4610 τὸν
2305 4554 2568 4627 μέλλοντα
2610 4549 2845 4604 ἔσεσθαι,
2880 4545 3268 4612 κατακλυσμὸν
3302 4543 3494 4614 ἐδήλου
3529 4541 3608 4594 16.

2008 4653 2178 4720 ὄνομα
2209 4649 2304 4702 τοῦ
2335 4647 2490 4711 N635;
2518 4646 2612 4706 Τὸ,
2651 4643 2797 4707 Νῶε,
2826 4641 2985 4694 τοῦτο
3017 4639 3078 4692 16
3114 4638 3286 4708 ὄνομα
3327 4635 3592 4707 Ἐϐραῖκῇ

2009 4742 2226 4811 λέγεται
2269 4738 2493 4810 γλώττῃ
2521 4738 2616 4789 καὶ
2656 4733 3038 4806 ἑρμηνεύεται,
3077 4732 3106 4782 ὁ
3147 4726 3462 4782 ἀναπαύων.
3518 4725 3593 4776 T6

2009 4837 2138 4906 γὰρ,
2164 4834 2294 4896 Νία,
2328 4833 2404 4904 τῇ,
2430 4829 2618 4902 Σύρων
2645 4830 2821 4896 φωνῇ,
2853 4822 3158 4884 ἀνάπαυσις
3187 4822 3357 4872 ἐστιν.
3380 4821 3594 4888 Ὥσπερ

2009 4927 2102 4980 οὐν
2138 4927 2255 4978 ἐκεῖ
2283 4923 2392 4977 ἀπὸ
2427 4921 2521 4974 τοῦ
2561 4920 2758 4990 ΙἈϐαρ,
2786 4921 2924 4987 ὅπερ
2962 4916 3079 4968 ἐστὶ
3128 4913 3288 4982 πέρα,
3342 4910 3592 4980 Ἀϐραὰμ

2009 5011 2258 5080 ἐλέγετο,
2304 5008 2395 5061 καὶ
2431 5008 2539 5061 ἀπὸ
2585 5005 2678 5059 τοῦ
2717 5005 2907 5074 Αἱδέμ,
2944 5005 3078 5072 ὅπερ
3113 5002 3230 5054 ἐστὶ
3271 5000 3374 5068 γῆ,
3418 4999 3591 5069 Ἀδὰμ

2009 5103 2246 5169 ἐλέγετο,
2273 5102 2412 5169 ὅπερ
2439 5099 2554 5151 ἐστὶ
2572 5099 2758 5168 γήϊνος
2775 5114 2788 5127 ο
2815 5095 2956 5148 οὐτω
2986 5093 3078 5146 καὶ
3111 5091 3345 5143 ἐνταῦθα
3364 5089 3472 5143 ἀπὸ
3489 5089 3586 5142 τοῦ

2009 5195 2138 5259 Νία,
2168 5195 2306 5263 ὅπερ
2335 5194 2481 5246 ἐστὶν
2513 5193 2842 5252 ἀνάπαυσις,
2873 5187 2996 5239 Νῶε
3024 5185 3250 5255 ἐκλήθη,
3276 5185 3412 5253 ὅπερ
3440 5183 3588 5234 ἐστὶν

2011 5285 2306 5340 ἀναπαύων
2331 5303 2340 5312 ·
2366 5284 2516 5355 δηλοῖ
2539 5283 2595 5335 δὲ
2624 5281 2784 5334 τοῦτο
2815 5281 2908 5334 καὶ
2932 5281 2964 5348 ἡ
3002 5276 3285 5345 ἐπαγωγή.
3330 5274 3586 5328 Ἐκάλεσε

2009 5381 2116 5451 γὰρ
2153 5380 2315 5432 αὐτὸν
2344 5377 2488 5440 Νῶε,
2524 5377 2697 5443 λέγων
2719 5393 2730 5406 ·
2761 5369 2947 5436 Οὗτος
2977 5368 3134 5438 ἡμᾶς
3166 5368 3586 5426 (Sun-«16668:,

2009 5475 2319 5528 ἀνάπαυσιν
2366 5470 2458 5523 τὸν
2506 5465 2890 5536 κατακλυσμὸν
2939 5463 3140 5517 καλῶν.
3209 5460 3425 5529 Ἐπειδὴ
3477 5459 3588 5530 769

2007 5564 2230 5636 ἔμελλεν
2261 5563 2346 5617 ἐπ’
2373 5561 2538 5615 αὐτοῦ
2573 5561 2601 5611 6
2634 5556 3012 5626 κατακλυσμὸς
3039 5553 3302 5624 γίνεσθαι,
3338 5556 3365 5606 6
3395 5553 3451 5605 δὲ
3491 5570 3590 5606 κα-

2008 5657 2320 5728 τακλυσμὸς
2377 5654 2607 5716 θάνατος
2656 5647 2743 5723 ἦν,
2795 5648 3062 5713 Θάνατος
3114 5645 3182 5699 δὲ
3214 5645 3389 5714 ἀνδρὶ
3437 5636 3584 5694 ἀνά·-

2008 5765 2256 5816 παυσις,
2297 5748 2384 5802 διὰ
2414 5748 2574 5801 τοῦτο
2614 5746 2704 5798 τὸν
2746 5744 3050 5815 ἄνθρωπον,
3087 5743 3170 5808 ἐφ’
3213 5735 3274 5795 οὐ
3307 5739 3588 5810 γέγονενό

2011 5841 2417 5912 κατακλυσμὸς,
2445 5843 2542 5909 τὴν
2571 5837 2916 5895 ἁναπαύοντα
2941 5834 3184 5890 ἐκάλεσε.
