4028 6360
357 419 463 478 σειν

409 537 493 591 ς’.
513 536 624 590 Καὶ
643 536 723 588 ὅτι
737 534 796 587 οὗ
826 533 1082 604 βιάζομαι
1101 535 1200 605 τὴν
1223 537 1538 606 ἑρμηνείαν,
1553 538 1646 590 ἀπ’
1659 536 1829 605 αὐτῆς
1841 537 1938 605 τῆς

354 620 579 694 Γραφῆς
608 617 928 688 ἀκούσωμεν
957 619 1134 671 τοῦτο.
1165 618 1376 686 "Efﬁce
1407 619 1608 689 Λάμεχ
1645 620 1749 686 ἐτη
1785 618 1941 671 ὀκτὼ

356 707 455 760 καί
492 700 862 772 ὀγδοήκοντα
903 700 999 753 καὶ
1034 701 1274 762 ἑκατὸν,
1309 703 1405 755 καὶ
1429 702 1764 771 ἐγέννησεν
1785 701 1941 767 υἱὸν,

361 788 456 842 καὶ
484 785 740 840 ἐκάλεσε
774 783 840 836 τὸ
879 782 1067 852 ὄνομα
1093 785 1279 839 αὐτοῦ
1309 785 1456 851 Νῶε,
1493 785 1716 854 λέγων·
1755 781 1944 851 Οὗτος

359 869 756 924 διαναπαύσει
782 865 940 936 ἡμᾶς
959 867 1077 921 ἀπὸ
1106 867 1226 922 τῶν
1245 870 1450 922 πόνων
1473 868 1661 938 ἡμῶν,
1698 867 1795 922 καὶ
1826 866 1946 921 τῶν

357 950 591 1014 λυπῶν,
622 951 721 1004 καὶ
747 949 866 1004 τῶν
899 951 1088 1020 ἔργων
1109 951 1227 1005 τῶν
1246 950 1459 1022 χειρῶν
1482 951 1672 1021 ήμῶν,
1695 951 1793 1005 καὶ
1827 950 1945 1004 ἀπὸ

362 1035 469 1104 τῆς
503 1034 633 1104 γῆς,
669 1030 744 1104 ἧς
790 1033 1171 1101 κατηράσατο
1201 1039 1233 1089 ό
1266 1036 1428 1101 Θεός.
1450 1035 1515 1088 Τί
1541 1034 1740 1102 λέγεις,
1784 1035 1946 1088 Ἀνα-

361 1121 582 1176 παύσει
609 1117 767 1185 ἡμᾶς
783 1134 802 1181 ;
819 1119 927 1170 Καὶ
945 1117 1032 1170 διὰ
1058 1118 1110 1170 τί
1139 1117 1214 1189 μὴ
1233 1112 1374 1183 εἷπε,
1400 1118 1586 1189 φησὶν,
1617 1113 1782 1180 Οὗτος
1810 1118 1946 1169 ἀπο-

361 1205 544 1258 κτενεῖ
578 1203 747 1271 ἡμᾶς,
779 1196 930 1264 οὗτος
980 1203 1196 1272 ποιήσει
1239 1201 1329 1255 τὸν
1357 1201 1744 1272 κατακλυσμὸν
1787 1201 1944 1269 γενέ-

364 1286 488 1338 σθαι
509 1302 521 1315 '
549 1285 663 1337 ἀλλ’
688 1280 862 1349 εἶπεν,
893 1285 1256 1338 Ἀνεαπαύσει
1279 1284 1468 1354 ἡμᾶς;
1501 1282 1944 1354 Ἀνεστοιχειώθη

363 1372 400 1440 ἡ
423 1369 599 1430 κτίσις
631 1367 839 1432 ἅπασα,
876 1367 1103 1420 ἄϐυσσοι
1134 1369 1519 1439 ἀνερράγησαν
1548 1366 1812 1430 κάτωθεν,
1843 1383 1946 1419 κα-

362 1453 672 1523 ταρράκται
699 1450 1053 1520 ἀνεῴχθησαν
1095 1450 1321 1517 ἄνωθεν,
1365 1451 1581 1505 ἅπαντα
1614 1450 1848 1518 πέλαγος
1880 1444 1947 1520 ἦν

366 1537 516 1602 ξένον
568 1537 660 1588 καὶ
702 1534 1003 1604 παράδοξον
1057 1537 1152 1588 καὶ
1192 1535 1499 1606 φρικῶδες,
1549 1535 1644 1588 καὶ
1694 1535 1753 1587 ἐν
1792 1533 1948 1602 τάφῳ

365 1619 532 1690 κοινῷ
569 1622 635 1690 τῇ
681 1617 786 1672 ἰλύῐ
831 1637 926 1670 και
971 1618 1201 1690 σώματα
1248 1619 1551 1690 ἀνθρώπιον
1583 1617 1677 1672 κα)⁵
1720 1616 1948 1688 σώματα

368 1705 550 1761 ἵππων
570 1704 663 1755 καὶ
685 1702 886 1772 θηρίων
911 1702 1210 1771 ἐκρύπτετο
1230 1719 1242 1731 ·
1275 1703 1371 1756 καὶ
1387 1702 1622 1756 τοσαῦτα
1642 1701 1803 1766 κακὰ,
1827 1701 1948 1753 εἰπέ

373 1805 485 1861 μοι,
519 1787 612 1840 καὶ
634 1785 900 1857 τοσαύτην
925 1786 1206 1856 συμφορὰν
1232 1787 1536 1840 ἀνάπαυσιν
1569 1785 1788 1851 καλεῖς;
1821 1787 1948 1850 Ναὶ,

372 1870 558 1940 φησίν.
598 1870 814 1941 Ἐπειδὴ
841 1870 949 1939 γὰρ
976 1872 1034 1921 ἐν
1065 1870 1234 1940 κακίᾳ
1265 1869 1401 1933 ἔζων
1433 1871 1483 1922 οἱ
1516 1869 1813 1940 ἄνθρωποι,
1848 1871 1876 1921 ὁ
1897 1869 1954 1920 δὲ

371 1954 756 2024 κατακλυσμὸς
767 1955 865 2024 τὴν
881 1953 1077 2007 κακίαν
1091 1953 1372 2023 ἀνέκοψεν,
1387 1955 1435 2006 οί
1458 1953 1554 2023 τῆς
1575 1953 1772 2015 κακίας
1787 1952 1956 2005 ἀπαλ-

370 2037 629 2105 λαγέντες
660 2038 995 2091 ἀνέπαυσαν.
1032 2037 1298 2107 Καθάπερ
1330 2035 1439 2108 γὰρ
1469 2035 1752 2107 [697-699]
1796 2035 1954 2106 σῶμα

372 2123 640 2185 ποικίλοις
675 2124 948 2194 νοσήμασι
980 2122 1363 2192 κατεχόμενον,
1399 2123 1494 2174 καὶ
1539 2122 1781 2192 ἰατρείαν
1809 2121 1955 2172 οὐδε-

375 2205 503 2275 μίαν
531 2206 806 2278 εὑρίσκον,
834 2206 928 2258 ἐὰν
958 2204 1198 2258 ἐπελθὼν
1221 2207 1249 2258 ὁ
1277 2205 1505 2268 θάνατος
1531 2205 1694 2275 λαϐῇ,
1718 2205 1952 2257 ἀνέπαυ-

375 2307 496 2343 σεν·
525 2290 669 2344 οὕτω
690 2291 754 2360 δὴ
785 2292 879 2342 καὶ
911 2290 1008 2360 τὴν
1031 2289 1136 2343 τῶν
1162 2288 1464 2360 ἀνθρώπων
1487 2289 1710 2342 ἐκείνων
1736 2289 1949 2356 γενεὰν,

376 2373 626 2446 καθάπερ
661 2374 821 2442 σῶμα
841 2373 1033 2426 ἀνίατα
1067 2374 1255 2426 νόσουν
1285 2375 1378 2426 καὶ
1411 2373 1624 2436 πολλοῖς
1662 2389 1952 2441 προκατει-

375 2455 653 2529 λημμένον
715 2457 906 2520 δεινοῖς
967 2457 1318 2528 παραμυθίαν
1383 2457 1636 2527 οὐδεμίαν
1693 2456 1947 2526 ἔχουσιν,

1059 418 1116 473 S.
1157 416 1442 474 JOANNIS
1481 416 1946 475 CHRYSOSTOM

2047 413 2336 473 LRCIHEP.
2376 361 2917 470 εοΝετΓΑΝτιΝορ.

3511 415 3622 470 6'50

2047 531 2292 586 ἐπελθὼν
2317 534 2346 587 ὁ
2374 532 2756 602 κατακλυσμὸς
2775 531 3051 602 ἐξήρπασε
3082 530 3176 585 καὶ
3205 530 3526 585 ἀνέπαυσεν.
3554 535 3620 587 Et

2048 619 2158 689 γὰρ
2193 616 2457 681 Θάνατος
2478 615 2647 682 ἀνδρὶ
2679 615 3047 681 ἀνάπαυσις,
3071 615 3250 684 πολλῷ
3286 615 3483 684 μᾶλλον
3509 620 3622 680 τοῖς

2047 702 2104 752 ἐν
2128 699 2296 769 κακίᾳ
2317 697 2657 769 ἀδιορθώτως
2682 697 2846 761 ζῶσιν
2868 698 3175 760 ἀνάπαυσις
3201 700 3230 751 ὁ
3248 698 3492 763 θάνατος,
3510 699 3620 750 τῶν

2047 783 2225 836 πόνων
2258 783 2453 845 αὐτοὺς
2481 781 2872 847 ἀπαλλάττων,
2909 781 3004 835 καὶ
3031 781 3130 833 οὐκ
3167 781 3272 834 ἐῶν
3311 781 3624 853 περαιτέρω

1997 921 2003 927 ,
2047 866 2145 936 τῆς
2179 865 2444 936 πονηρίας
2481 865 2582 936 τὴν
2617 864 2787 936 νομὴν
2818 864 3119 934 προελθεῖν,
3158 864 3281 917 οὐδὲ
3325 864 3625 936 βαρύτερον

2047 949 2140 1003 τοῦ
2184 949 2336 1012 ὄντος
2375 948 2629 1017 γενέσθαι
2673 948 2780 1001 τῶν
2833 947 3244 1020 ἁμαρτημάτων
3281 948 3341 1001 τὸ
3379 949 3622 1019 φορτίον.

2048 1033 2214 1086 Οὐδὲν
2237 1032 2346 1102 γὰρ
2369 1031 2512 1084 οὓτω
2536 1031 2672 1102 βαρὺ
2700 1031 2790 1083 καὶ
2811 1030 3236 1092 δυσϐάστακτον,
3255 1030 3330 1094 ὼς
3351 1032 3626 1102 ἁμαρτίας

2050 1121 2214 1191 φύσις
2235 1139 2250 1152 ο
2283 1121 2433 1174 ούδέν
2460 1118 2602 1172 οὕτω
2623 1119 2868 1188 κάματον
2897 1117 2992 1170 καὶ
3024 1119 3183 1171 πόνον
3215 1120 3345 1188 ἡμῖν
3371 1117 3622 1188 παρέχει,
3657 1152 3665 1176 ρ

2049 1206 2124 1268 ὡς
2155 1205 2214 1258 τὸ
2239 1205 2338 1271 τῆς
2368 1203 2629 1274 πονηρίας
2659 1198 2797 1265 εἶδος
2826 1201 2919 1255 καὶ
2938 1201 3008 1255 τά
3036 1201 3501 1272 πλημμελήματα.
3526 1202 3630 1251 Διά
3659 1219 3664 1274 ε

2049 1287 2206 1340 τοῦτο
2223 1289 2251 1340 ὁ
2271 1286 2503 1357 Χριστὸς
2529 1287 2644 1348 τοῖς
2677 1286 2734 1338 ἐν
2750 1285 3045 1356 ἁμαρτίαις
3073 1283 3205 1346 ζῶσι
3234 1283 3413 1351 ἐλεγε-
3445 1284 3630 1336 Δεῦτε

2049 1371 2268 1436 πὰντες
2316 1373 2368 1422 οἱ
2410 1368 2732 1432 κοπιῶντες
2782 1368 2881 1421 καὶ
2936 1369 3422 1436 πεφορτισμένοι,
3463 1367 3630 1436 κάγὼ

2050 1456 2381 1510 ἀναπαύσω
2416 1453 2592 1522 ὑμᾶς.
2623 1453 2722 1506 Διά
2741 1452 2898 1505 τοῦτο
2925 1453 3021 1506 καὶ
3047 1454 3075 1505 ὁ
3102 1453 3292 1522 Λάμεχ
3320 1453 3629 1505 ἀνάπαυσιν

2050 1539 2141 1591 τὸν
2176 1536 2558 1607 κατακλυσμὸν
2593 1536 2870 1600 ἐκάλεσεν,
2907 1535 3202 1588 ἐπελθόντα
3235 1536 3329 1587 καὶ
3355 1536 3629 1604 στήσαντα

2050 1621 2149 1692 τὴν
2210 1619 2493 1691 πονηρίαν,
2548 1618 2882 1688 Ἐϐουλόμην
2956 1618 3266 1689 περαιτέρω
3323 1617 3414 1670 τὸν
3468 1618 3629 1685 λόγον

2051 1708 2288 1758 ἐκτεῖναι
2309 1704 2500 1756 τοῦτον
2519 1720 2533 1734 ·
2559 1705 2652 1756 καὶ
2681 1703 2788 1774 γὰρ
2813 1702 2981 1756 πολλὰ
3005 1703 3382 1756 ὑπολέλειπται
3401 1703 3506 1755 ἀπὸ
3527 1703 3630 1772 τῆς

2053 1787 2424 1859 προσηγορίας
2455 1786 2548 1840 τοῦ
2591 1786 2711 1839 Νῶε
2733 1805 2745 1816 ·
2781 1787 2918 1839 ἀλλά
2947 1787 3086 1849 τέως
3119 1787 3291 1838 ταῦτα
3323 1789 3388 1856 τῇ
3438 1788 3626 1858 μνήμῃ

2050 1875 2149 1941 τῆς
2182 1871 2451 1940 ὑμετέρας
2483 1871 2719 1933 διανοίας
2753 1871 3163 1941 ἐναποθέμενοι,
3198 1872 3292 1922 καὶ
3327 1872 3461 1940 πρὸς
3494 1871 3627 1931 τοὺς

2050 1956 2352 2026 ἡμετέρους
2375 1954 2638 2023 ἀδελφοὺς
2656 1956 2780 2017 τοὺς
2806 1954 3230 2023 ἀπολειφθέντας
3251 1955 3510 2018 εἰπόντες,
3539 1955 3630 2005 ἵνα

2055 2039 2129 2110 μὴ
2160 2039 2320 2092 πάλιν
2351 2037 2787 2108 ἀναγκαζώμεθα
2813 2039 3128 2109 μακρότερα
3156 2041 3330 2090 ποιεῖν
3351 2037 3417 2090 τὰ
3445 2037 3632 2104 προοί-

2056 2142 2173 2194 μια,
2193 2125 2299 2177 τῶν
2328 2124 2632 2194 εἰρημένων
2661 2123 2759 2194 τὴν
2783 2123 3105 2176 ἀκολουθίαν
3131 2123 3627 2193 ἀναλαμϐάνοντες,

2055 2212 2134 2272 εἰς
2161 2207 2325 2278 εὐχὰς
2352 2208 2442 2260 τὸν
2469 2208 2624 2276 λόγον
2651 2207 3063 2280 καταλύσωμεν,
3082 2208 3524 2280 εὐχαριστοῦντες
3550 2207 3633 2276 τῷ

2054 2292 2226 2346 ταῦτα
2246 2292 2498 2345 δεδωκότι
2524 2294 2697 2344 εἰπεῖν
2720 2291 2859 2361 Θεῷ,
2887 2294 2967 2346 ὄτι
2989 2293 3139 2364 αὐτῷ
3164 2295 3197 2363 ή
3225 2293 3369 2360 δόξα,
3400 2295 3476 2354 εἰς
3501 2292 3632 2353 τους

2055 2382 2256 2444 αἰῶνας
2285 2380 2392 2434 τῶν
2423 2380 2653 2435 αἰώνων.
2697 2381 2884 2452 ’Δμήν.

3534 2309 3641 2353 ους,
