4028 6360
366 356 468 410 6‘29
1622 356 1691 409 IN
1729 353 2027 409 GENESIM
2070 351 2297 409 SERMO
2331 352 2423 407 IX.

440 472 492 523 ϐ.
526 470 591 523 Et
616 469 754 537 quod
789 483 892 522 non
925 475 1199 537 torqueam
1232 468 1555 538 Seripturas,
1584 485 1650 523 ex
1678 469 1955 540 Scriptura

367 560 481 627 ipsa
513 560 790 613 audiamus
820 558 943 612 hoc.
986 558 1121 612 Vixit
1157 558 1378 613 Lamech
1405 577 1565 613 annos
1593 569 1792 615 centum
1821 572 1960 614 octo-

365 652 507 716 qinta
532 659 646 703 octo
665 689 680 713 ,
707 658 755 702 et
779 652 949 719 genuit
970 650 1154 718 filium,
1190 658 1235 703 et
1266 651 1457 705 vocavit
1476 667 1657 704 nomen
1684 652 1791 720 ejus
1820 650 1956 716 Νοέ,

365 741 541 793 dicens
564 755 587 795 :
617 739 715 793 Hic
744 758 835 794 nos
870 742 1120 811 quiescere
1151 743 1299 812 faciet
1327 759 1359 795 α
1394 742 1647 795 laboribus
1688 744 1872 796 nostris
1912 752 1958 796 et

364 834 659 886 maeroribus
684 843 729 885 et
749 835 811 886 ab
837 834 1069 902 operibus
1090 851 1331 887 manuum
1353 843 1660 897 nostrarum,
1681 842 1727 888 et
1749 850 1780 885 a
1802 843 1955 899 terra,

366 924 451 976 cui
467 923 727 977 maledixit
760 924 1003 978 Dominus
1030 924 1180 995 (Gen.
1201 926 1252 980 5.
1277 924 1369 979 ‘28.
1394 924 1507 996 29).
1532 925 1667 992 Quid
1692 925 1790 989 ais,
1814 924 1959 989 Quie-

363 1032 509 1068 scere
532 1018 683 1085 faciet
710 1017 846 1069 nos?
892 1016 1068 1083 Quare
1098 1032 1202 1070 non
1247 1016 1381 1070 dixit
1408 1034 1422 1071 :
1457 1017 1551 1071 Hic
1599 1016 1807 1071 occidet
1834 1033 1953 1081 nos,

365 1105 453 1159 hic
481 1105 697 1160 inducet
720 1106 1008 1160 diluvium:
1034 1106 1128 1161 sed
1158 1105 1318 1160 dixit:
1346 1105 1523 1160 Faciet
1552 1123 1642 1160 nos
1670 1108 1960 1176 quiescere?

362 1196 618 1251 Creatura
643 1199 814 1252 omnis
835 1200 1136 1264 resolvitur,
1156 1200 1335 1271 abyssi
1357 1209 1660 1269 erumpunt,
1678 1209 1957 1254 cataracta:

367 1292 616 1359 superius
646 1292 979 1359 aperiuntur,
1012 1308 1172 1346 omne
1204 1293 1421 1361 pelagus
1450 1302 1566 1346 erat
1606 1294 1820 1359 mirum,
1850 1300 1960 1347 stu-

368 1383 605 1451 pendum
654 1393 705 1437 et
736 1383 1011 1449 horribile,
1040 1392 1095 1437 et
1137 1384 1189 1438 in
1219 1385 1329 1438 luto
1374 1385 1522 1453 quasi
1570 1384 1839 1438 communi
1868 1399 1957 1438 se-

367 1476 554 1545 pulcro
604 1476 902 1545 promiscua
953 1476 1257 1541 hominum,
1307 1492 1563 1545 equorum
1611 1491 1674 1530 ac
1724 1477 1957 1531 ferarum

274 1594 275 1597 η
364 1581 594 1635 corpora
622 1567 1027 1620 occultabantur
1056 1584 1068 1619 :
1117 1577 1169 1621 et
1200 1575 1401 1621 tantam
1428 1567 1804 1633 calamitatem,
1839 1576 1959 1621 tan-

365 1670 524 1729 taque
578 1661 714 1713 mala
760 1661 990 1729 quietem
1041 1661 1240 1715 vocas?
1288 1661 1554 1724 Profecto,
1584 1660 1772 1729 inquit.
1823 1660 1958 1717 Nam

365 1751 613 1806 homines
639 1753 693 1805 in
722 1768 909 1821 magna
940 1753 1138 1805 malitia
1167 1752 1419 1805 vivebant
1449 1770 1461 1805 :
1493 1752 1755 1806 diluvium
1777 1761 1957 1807 autem

363 1847 618 1915 quoniam
648 1847 904 1899 malitiam
930 1847 1181 1911 resecuit,
1203 1846 1323 1900 ideo
1346 1846 1549 1899 liberali
1576 1845 1650 1899 illi
1674 1861 1704 1898 a
1729 1846 1952 1910 malitia,

366 1939 650 2008 quiescere
675 1939 946 1994 dicuntur.
994 1939 1064 1994 Ut
1114 1939 1257 1993 enim
1308 1954 1501 2007 corpus
1539 1939 1702 1993 variis
1754 1939 1955 1994 morbis

367 2033 670 2100 obsessum,
695 2034 777 2087 cui
821 2034 963 2088 nulla
1010 2034 1275 2102 reperitur
1303 2033 1532 2098 medela,
1574 2032 1620 2086 si
1649 2031 1784 2086 forte
1809 2047 1955 2086 mors

366 2125 660 2180 adveniens
689 2127 959 2194 corripiat,
993 2126 1039 2179 ei
1067 2126 1296 2195 quietem
1326 2125 1483 2179 affert
1516 2144 1529 2178 :
1572 2126 1648 2179 sic
1676 2126 1835 2179 etiam
1864 2141 1979 2195 ge-

363 2217 694 2272 nerationem
720 2216 991 2271 hominum
1018 2217 1229 2271 illorum
1257 2218 1407 2286 quasi
1449 2231 1642 2286 corpus
1684 2217 1952 2271 incurabi-

362 2306 485 2362 liter
510 2309 783 2379 languens,
810 2318 861 2364 et
892 2309 1043 2363 malis
1073 2309 1273 2375 multis,
1299 2308 1501 2362 nullam
1529 2307 1950 2363 consolationem

3552 344 3657 400 630

2069 472 2488 537 admittentibus,
2514 472 2823 537 obnoxium,
2842 468 3227 539 superveniens
3250 467 3510 523 diluvium
3540 470 3653 524 eri-

2068 563 2203 630 puit,
2236 571 2292 617 et
2309 564 2587 633 quiescere
2614 562 2757 616 fecit.
2796 561 2930 616 Nam
2969 560 3014 615 si
3041 559 3183 613 Mors
3208 560 3315 613 viro
3345 560 3484 629 quies
3511 558 3647 629 (Job

2069 655 2120 709 5.
2145 655 2260 725 95),
2290 656 2455 708 multo
2484 655 2650 724 magis
2677 656 2741 708 iis
2770 653 2860 723 qui
2903 651 3321 707 inemendabiles
3361 651 3412 704 in
3455 650 3657 705 malitia

2069 746 2270 810 vivunt,
2302 761 2449 800 mers
2473 747 2622 816 quies
2662 753 2764 810 est,
2796 745 3028 798 liberans
3063 758 3155 797 eos
3183 758 3214 796 a
3243 742 3531 806 laboribus,
3557 756 3656 793 nec

2067 837 2251 891 siueus
2282 836 2503 891 ulterius
2529 836 2820 906 iniquitatis
2842 836 2991 889 ulcus
3020 849 3255 902 serpere,
3288 848 3459 903 neque
3492 846 3653 900 supra

2067 928 2287 981 modum
2311 942 2471 996 grave
2499 927 2612 981 ﬁeri
2636 934 2977 995 peccatorum
2998 925 3225 994 pondus.
3252 923 3367 978 Non
3393 932 3475 977 est.
3509 924 3652 978 enim

2065 1020 2301 1089 gravius,
2335 1028 2426 1071 aut
2456 1017 2837 1071 intolerabilius
2868 1016 3094 1085 pondus,
3134 1031 3293 1084 quam
3321 1014 3525 1084 peccati
3553 1030 3650 1068 na-

2066 1121 2183 1165 tura
2218 1131 2230 1166 :
2263 1112 2501 1181 nihilque
2531 1111 2603 1164 ita
2632 1110 2845 1172 labores
2873 1119 2928 1162 et
2973 1123 3242 1163 mrumnas
3285 1108 3438 1161 nobis
3476 1106 3648 1172 alien,

2065 1212 2125 1259 ut
2153 1204 2369 1257 malitiae
2413 1204 2619 1272 species
2660 1211 2712 1256 et
2750 1201 2962 1254 delicta.
3004 1200 3289 1268 Propterea
3319 1199 3559 1254 Christus
3587 1200 3654 1252 iis

2065 1295 2154 1365 qui
2187 1296 2239 1349 in
2277 1295 2509 1365 peccatis
2544 1293 2750 1357 vivunt,
2785 1292 2997 1346 dicebat
3028 1308 3042 1343 :
3086 1290 3259 1343 Venite
3291 1292 3375 1359 qui
3415 1290 3654 1343 laboratis

2064 1397 2111 1439 et
2141 1386 2334 1439 onerati
2359 1386 2495 1451 estis,
2521 1393 2565 1437 et
2586 1400 2675 1453 ego
2697 1399 2783 1437 vos
2803 1384 3055 1453 quiescere
3093 1383 3278 1451 faciam
3322 1380 3531 1452 (Matth.
3564 1381 3650 1433 11.

2062 1477 2183 1549 28).
2214 1478 2281 1531 Et
2308 1477 2506 1531 idcirco
2535 1475 2769 1529 Latnech
2798 1474 3054 1527 diluvium
3082 1474 3315 1543 quietem
3343 1472 3648 1542 appellavit,

2063 1592 2127 1631 eo
2140 1576 2281 1647 quod
2303 1574 2685 1644 superveniens
2700 1570 2916 1626 malitiae
2940 1570 3101 1625 linem
3126 1570 3494 1639 impositurum
3514 1577 3647 1622 erat.

2063 1667 2322 1722 Volebam
2372 1680 2673 1720 sermonem
2728 1664 2868 1717 hunc
2916 1662 3212 1731 longiorem
3242 1661 3651 1715 facere:multa

2063 1760 2203 1815 enim
2226 1759 2433 1824 omitto,
2457 1773 2576 1827 qua:
2599 1756 2663 1809 ad
2696 1770 2890 1810 nomen
2915 1754 3029 1809 Noé
3068 1754 3335 1823 pertinent
3358 1771 3371 1807 :
3416 1752 3508 1807 sed
3538 1752 3652 1807 ha‘c

2062 1864 2205 1904 nunc
2243 1849 2502 1903 memoria
2529 1846 2775 1909 retinete,
2804 1854 2860 1900 et
2902 1846 3152 1899 l'ratribus
3182 1844 3394 1910 vestris,
3422 1844 3512 1912 qui
3555 1844 3649 1896 ab-

2062 1949 2205 2005 sunt,
2237 1940 2397 1994 dicite
2432 1957 2444 1991 :
2481 1946 2537 1991 ut
2580 1953 2648 1992 ne
2678 1952 2933 2005 cogamur
2982 1937 3178 1989 iterum
3218 1934 3652 2003 productiOribus

2061 2033 2135 2086 uti
2165 2032 2454 2102 procemiis,
2488 2041 2541 2085 et
2582 2029 2844 2084 dictorum
2891 2038 3135 2097 repetere
3178 2028 3646 2096 consequentiam;

2060 2139 2363 2178 sermonem
2390 2138 2519 2193 ergo
2548 2122 2599 2175 in
2628 2122 2876 2190 precibus
2908 2121 3175 2187 ﬁniamus,
3203 2120 3399 2189 gratias
3429 2128 3649 2189 agentes

2061 2214 2191 2279 Deo,
2209 2213 2299 2283 qui
2326 2212 2441 2267 haec
2465 2221 2521 2265 ut
2547 2212 2871 2275 diceremus,
2889 2211 3034 2267 dedit
3054 2230 3065 2265 :
3085 2211 3336 2281 quoniam
3362 2210 3462 2281 ipsi
3483 2210 3648 2281 gloria

2060 2306 2112 2360 in
2145 2305 2341 2361 saecula
2369 2304 2710 2361 saeculorum.
2741 2304 2930 2359 Amen.
