4028 6360
438 363 541 425 631
1132 365 1188 420 S.
1224 362 1512 421 JOANNIS
1548 361 2041 421 CHRYSOSTOMI
2098 360 2414 419 ARCHIEP.
2453 358 2997 417 CONSTANTINOP.

452 494 1819 527 Vw

1386 562 1507 668 AD.
1531 606 1934 667 SERMONES
1974 605 2317 680 QUINQUE
2356 605 2437 666 1N
2482 606 2745 666 ANNAM

3595 357 3701 415 633

1110 494 2333 523 ψ

503 729 623 796 Quo
655 731 1353 805 temporeChrysostomus
1380 735 1478 791 hos
1526 733 1823 789 Sermones
1853 734 2126 797 habuerit,
2174 742 2229 787 et
2263 732 2315 786 in
2357 748 2465 802 qua
2517 731 2845 786 concionum
2896 730 3038 785 serie
3086 730 3123 784 ii
3160 727 3372 783 locandi
3419 727 3548 788 sint,
3582 724 3702 794 ipse

427 820 631 875 indicat
658 822 815 890 paulo
847 831 969 891 post
992 824 1231 879 initium.
1276 824 1379 878 Vos
1405 826 1565 885 enim.
1598 825 1795 894 inquit,
1823 824 2051 893 fortasse
2079 840 2216 876 nunc
2244 825 2370 878 estis
2400 823 2554 876 obliti
2582 823 2791 892 (Graeca
2840 824 3039 893 quippe
3081 838 3188 877 nou
3233 821 3517 893 referenda
3545 820 3702 874 duci-

428 912 595 982 tuus),
627 930 720 967 nos
752 916 944 970 multos
973 917 1188 971 interim
1217 934 1479 971 sermones
1523 918 1586 972 de
1625 916 1750 971 aliis
1798 916 1949 970 rebus
1994 915 2261 972 habuisse.
2305 915 2447 970 Nam
2493 932 2693 970 reverso
2738 933 2772 969 a
2801 916 3091 985 longinqua
3135 913 3230 969 illa
3282 916 3707 985 peregrinatione

426 1002 589 1058 Patre
619 1015 819 1071 nostro,
854 1010 1206 1062 necessarium
1237 1009 1339 1079 fuit
1371 1012 1547 1063 omnia
1581 1025 2012 1071 commemorare,
2043 1025 2159 1079 quae
2188 1009 2243 1062 in
2270 1010 2528 1063 comitatu
2574 1008 2899 1069 acciderant.
2930 1025 2993 1061 ac
3042 1008 3228 1061 deinde
3257 1025 3375 1061 cum
3417 1007 3701 1078 gentilibus

426 1095 721 1165 disputare,
754 1108 813 1151 ut
840 1100 935 1153 hos
966 1101 1014 1153 vi
1044 1101 1369 1154 calamitatis
1402 1102 1469 1154 ad
1500 1102 1770 1156 meliorem
1819 1101 2025 1170 frugem
2074 1109 2366 1167 revocatos,
2414 1102 2503 1171 qui
2547 1102 2756 1157 deserto
2801 1100 3079 1170 gentilium
3116 1115 3295 1153 errare
3331 1115 3442 1153 sese
3488 1098 3559 1149 ad
3610 1114 3706 1151 nos

425 1190 779 1281 contulerant.
811 1208 910 1261 pro
940 1194 1082 1247 ririli
1113 1195 1571 1263 conﬁrmarenius,
1618 1210 1680 1247 ac
1725 1195 2053 1258 doceremus,
2100 1194 2313 1263 quantis
2358 1192 2585 1247 tenebris
2629 1191 2843 1247 liberati
2886 1192 2955 1245 ad
3001 1200 3208 1245 tantam
3248 1191 3418 1244 lucem
3462 1189 3706 1242 veritatis

425 1287 803 1341 occurrissent.
842 1287 971 1342 Post
1004 1288 1098 1342 illa
1128 1306 1313 1343 rursus
1344 1290 1527 1343 multis
1557 1290 1742 1343 diebus
1770 1299 2069 1359 martyrum
2097 1288 2478 1358 festivitatibus
2513 1289 2674 1357 potiti
2710 1304 2919 1353 sumus,
2953 1304 3115 1357 neque
3141 1287 3364 1353 tempori
3392 1285 3706 1339 conveniens

426 1376 634 1442 fuisset,
666 1396 757 1433 nos
795 1384 885 1451 qui
914 1382 1075 1451 juxta
1108 1393 1406 1455 martyrum
1430 1382 1674 1454 sepulcra
1717 1399 2070 1447 versaremur,
2103 1399 2288 1436 earum
2335 1382 2581 1447 laudum,
2624 1398 2743 1453 qua:
2791 1382 3117 1451 martyribus
3154 1380 3431 1443 debentur,
3467 1388 3706 1432 exsortes

428 1472 718 1529 discedere.
753 1475 1019 1531 Successit
1046 1479 1128 1532 his
1170 1496 1356 1533 rursus
1387 1480 1691 1534 cohortatio
1740 1480 1809 1533 ad
1866 1479 2237 1532 abstinendum
2289 1496 2323 1534 a
2366 1479 2689 1549 iuramentis
2721 1494 2740 1533 .'
2799 1494 2917 1532 cum
2969 1478 3109 1531 enim
3155 1484 3321 1530 totam
3380 1474 3707 1527 rusticorum

427 1569 697 1623 nationem
738 1570 792 1623 in
834 1572 1015 1625 urbem
1050 1574 1343 1643 ingressam
1382 1591 1734 1637 censeremus.
1776 1575 1872 1629 hoc
1915 1574 2039 1627 illos
2079 1576 2369 1629 instructos
2409 1592 2443 1628 a
2482 1574 2631 1629 nobis
2669 1576 2862 1628 viatico
2903 1574 3203 1627 censuimus
3243 1571 3617 1624 dimittendos.

498 1662 652 1728 Quod
681 1662 761 1717 ait
790 1666 969 1733 primo
995 1664 1425 1738 Chrysostomus
1456 1676 1580 1737 post
1610 1667 1843 1722 reditum
1885 1666 2127 1722 Flaviani
2179 1668 2420 1738 episcopi
2452 1683 2511 1724 se
2553 1668 2736 1721 omnia
2768 1683 2887 1736 quae
2917 1666 3020 1735 ipsi
3054 1664 3369 1719 acciderant
3416 1664 3470 1715 in
3522 1661 3703 1716 comi-

431 1765 567 1821 tatu,
602 1756 654 1811 id
685 1767 768 1812 est
798 1759 851 1812 in
884 1760 1008 1814 aula
1041 1760 1412 1832 lmperatoria,
1445 1778 1937 1827 commemorasse;
1965 1760 2119 1824 illud,
2144 1762 2391 1833 inquam,
2421 1761 2645 1832 respicit
2669 1760 2960 1815 llomiliam
2990 1758 3056 1812 21
3091 1758 3157 1813 de
3186 1757 3404 1820 statuis,
3434 1754 3610 1810 Temo
3632 1751 3706 1817 ll,

427 1864 555 1931 qua;
597 1849 781 1905 habita
835 1851 935 1907 fuit
983 1863 1105 1923 post
1152 1856 1387 1911 reditum
1435 1854 1706 1919 Flaviani,
1740 1857 1834 1927 qui
1888 1856 2095 1911 reditus
2143 1857 2371 1927 contigit
2412 1857 2468 1910 in
2510 1855 2617 1909 line
2658 1852 3103 1923 Quadragesimaa
3132 1850 3261 1905 anni
3293 1848 3416 1903 587.
3470 1846 3706 1915 Haecque

426 1940 620 1994 concio
650 1941 830 1996 habita
860 1955 943 1998 est
974 1945 1091 2015 ipso
1120 1947 1207 2002 die
1237 1945 1679 2005 Resurreetionis
1711 1949 1931 2004 Domini
1965 1967 1980 2003 :
2026 1948 2156 2004 illud
2186 1950 2332 2003 enim
2384 1949 2543 2004 initio
2585 1946 3018 2016 Cbrysostomus
3064 1944 3335 2015 signiﬁcat
3365 1957 3490 1997 cum
3524 1940 3654 1994 dicit
3683 1957 3702 1994 :

428 2031 745 2088 Benedictus
778 2034 913 2088 Deus
943 2038 1033 2105 qui
1074 2039 1211 2093 lianc
1242 2057 1335 2094 nos
1366 2042 1636 2096 vobiscum
1665 2060 1876 2097 sacram
1906 2042 2296 2097 solemnitatem
2336 2059 2455 2096 cum
2484 2041 2681 2112 gaudio
2722 2050 2770 2093 et
2820 2039 3010 2094 laetitia
3054 2036 3225 2091 multa
3264 2036 3419 2089 hodie
3440 2034 3709 2089 celebrare

425 2128 679 2197 dignatus
706 2143 803 2189 est.
841 2130 1153 2189 Secundum
1189 2137 1330 2191 hanc
1358 2136 1645 2193 homiliam
1693 2139 1761 2193 ad
1809 2138 2035 2209 gentiles
2083 2140 2443 2194 eoneiouatus
2471 2145 2579 2202 est,
2634 2146 2693 2193 ut
2721 2151 2912 2191 eorum
2957 2136 3226 2205 quosdam
3279 2133 3330 2187 vi
3374 2130 3707 2188 calamitatis

426 2223 724 2289 abductos,
776 2232 831 2280 et
877 2225 1193 2295 religionem
1245 2227 1612 2285 Christianam
1665 2232 1944 2297 amplexos
1991 2232 2387 2286 conﬁrmaret:
2440 2230 2606 2300 hujus
2653 2244 2784 2283 vero
2823 2227 3106 2283 concionis
3167 2233 3262 2279 aut
3310 2226 3585 2296 plurium,
3645 2225 3702 2279 si

425 2318 613 2383 plures
647 2317 714 2372 de
744 2332 802 2372 re
831 2319 1019 2373 eadem
1054 2320 1337 2387 habuerit,
1368 2333 1751 2393 argumentum
1799 2325 1889 2379 ille
1935 2332 1991 2377 et
2020 2325 2292 2394 praecipua
2321 2325 2499 2395 capita
2542 2332 2729 2394 postea
2785 2321 2951 2377 refert
2984 2337 2997 2372 :
3049 2320 3221 2390 liquet
3257 2328 3437 2373 autem
3476 2333 3569 2372 eas
3615 2315 3708 2372 vel

427 2409 627 2480 injuria
660 2420 968 2484 temporum
1000 2416 1255 2483 periisse,
1287 2418 1373 2472 vel
1400 2418 1666 2474 hactenus
1697 2419 1892 2473 latere.
1921 2418 2047 2474 Dies
2077 2429 2369 2489 sequentes
2392 2461 2412 2486 ,
2438 2420 2570 2490 quia
2621 2418 2760 2474 festa
2791 2423 3096 2487 martyrum
3126 2412 3487 2469 occurrebant
3507 2452 3522 2476 ,
3552 2409 3700 2466 cele-

427 2502 651 2560 braudis
679 2521 870 2561 eorum
901 2510 1157 2564 laudibus
1188 2513 1481 2582 insumptae
1512 2524 1661 2579 sunt,
1695 2514 1921 2569 absente
1951 2524 2131 2570 tamen
2173 2515 2245 2570 ob
2274 2515 2646 2571 infirmitatem
2680 2514 3092 2586 Chrysostomo.
3125 2509 3223 2566 llis
3268 2509 3556 2571 successit,
3612 2508 3706 2560 in-

425 2599 563 2668 quit,
596 2601 911 2658 cohortatio
943 2607 1010 2659 ad
1041 2606 1425 2660 abstinendum
1456 2624 1485 2662 a
1512 2608 1860 2677 jurameutis,
1893 2609 1946 2664 iu
1990 2612 2219 2678 gratiam
2270 2611 2602 2667 rusticorum
2653 2612 2818 2678 facta,
2868 2611 2964 2681 qui
3004 2590 3205 2681 magno
3254 2622 3482 2660 numero
3524 2607 3573 2657 in
3610 2624 3707 2660 ur-

426 2690 549 2745 bem
581 2693 934 2752 advenerant.
967 2696 1117 2753 Hane
1148 2713 1276 2753 vero
1319 2699 1753 2754 cohortationem
1797 2716 1919 2756 esse
1947 2716 2068 2756 eam
2116 2718 2239 2771 quae
2287 2702 2499 2757 decima
2531 2718 2676 2757 nona
2722 2700 2897 2755 fertur
2940 2702 2994 2755 in
3048 2700 3297 2755 llomiliis
3338 2700 3403 2754 ad
3444 2698 3704 2769 populum

424 2787 854 2859 Antiocheuum,
887 2793 1043 2849 Tom.
1100 2793 1141 2847 ll
1166 2833 1182 2858 ,
1216 2795 1304 2848 vix
1353 2804 1437 2849 est
1478 2797 1622 2866 quod
1654 2797 1985 2852 dubitemus.

2128 2799 2197 2853 lla
2243 2800 2389 2853 enim
2445 2798 2525 2853 sic
2567 2798 2825 2853 orditur:
2872 2799 3336 2868 Κατετρυφήσατε
3390 2795 3497 2848 τῶν
3532 2793 3707 2861 ἁγίων

428 2884 723 2956 μαρτύρων
771 2888 830 2939 ἐν
878 2890 1000 2952 ταῖς
1041 2888 1360 2960 ἔμπροσθεν
1402 2889 1628 2953 ταύταις
1676 2889 1953 2961 ἡμέραις,
1997 2890 2015 2943 l

2122 2891 2187 2945 lis
2239 2904 2543 2947 sanctorum
2590 2900 2889 2963 martyrum
2944 2889 3145 2959 excepti
3187 2889 3311 2942 estis
3345 2887 3427 2941 his
3457 2884 3704 2954 prmeri-

427 2979 496 3032 tis
527 2980 732 3043 diebus,
764 2991 1086 3052 posteaque,
1117 2982 1186 3037 de
1214 2984 1446 3038 adventu
1480 2984 1813 3039 rusticorum
1846 2983 2094 3053 pluribus
2121 2985 2259 3055 agit,
2288 2994 2343 3039 et
2371 2984 2436 3038 de
2460 2985 2773 3053 iuramento
2822 2983 3042 3038 vitando
3073 2996 3382 3037 sermonem
3417 2979 3547 3033 texit
3578 2977 3706 3031 lon-

426 3073 658 3143 gioretn,
688 3087 854 3143 quam
884 3074 941 3128 in
970 3074 1182 3129 caeteris
1203 3074 1275 3130 20
1296 3075 1550 3133 llomiliis
1579 3078 1648 3133 ad
1677 3079 1938 3148 pepulum
1970 3080 2392 3142 Antiochenum,
2428 3078 2478 3131 in
2511 3092 2743 3147 quarum
2796 3092 2956 3147 pene,
2982 3074 3213 3146 singulis
3256 3072 3461 3143 aliquid
3510 3082 3706 3127 contra

426 3167 736 3239 iuramenta
758 3169 1016 3252 agitatur.
1046 3168 1252 3226 Omnes
1279 3170 1467 3240 itaque
1492 3182 1655 3239 noue,
1687 3188 1809 3244 quae
1842 3174 1897 3229 in
1928 3173 2033 3229 hoe
2061 3174 2129 3229 de
2157 3175 2313 3228 Anna
2345 3171 2611 3227 Sermone
2641 3172 2818 3242 primo
2848 3171 3141 3236 habentur,
3167 3171 3221 3223 in
3255 3168 3488 3224 llomilia
3511 3164 3605 3220 illa
3635 3166 3707 3220 l9

427 3260 497 3319 ad
528 3260 785 3329 populum
816 3259 1223 3317 Antiochenum
1252 3272 1627 3329 recensentur,
1660 3263 1735 3317 ita
1770 3272 1828 3317 ut
1857 3263 1948 3318 hic
1975 3263 2300 3318 concionum
2332 3262 2467 3316 ordo
2513 3260 2711 3327 fuerit;
2744 3268 2799 3315 et
2836 3259 3011 3330 prima
3062 3258 3287 3314 locanda
3344 3259 3415 3312 sit
3464 3254 3711 3309 llomilia

429 3352 498 3408 de
529 3355 703 3407 reditu
747 3351 1013 3416 Flaviani,
1041 3370 1165 3423 quae
1194 3370 1337 3410 nunc
1365 3368 1449 3411 est
1494 3354 1558 3409 21
1611 3358 1677 3410 ad
1726 3356 1985 3426 populum
2028 3357 2473 3422 Antiochenum;
2525 3354 2765 3410 secundo
2814 3353 3078 3408 adversus
3124 3351 3353 3422 gentiles
3382 3350 3707 3405 concionem

431 3464 597 3504 unum
628 3447 709 3501 vel
743 3447 928 3518 plures
957 3448 1181 3516 habuit;
1217 3450 1377 3505 tertio
1407 3450 1596 3507 laudes
1626 3460 1929 3523 martyrum
1964 3453 2153 3507 multis
2198 3452 2409 3515 diebus,
2457 3451 2660 3514 πολλὰς
2711 3448 2946 3521 ἡμέρας,
2977 3448 3265 3504 celebratae
3314 3453 3475 3510 sunt;
3509 3454 3707 3516 quarto

432 3556 621 3596 coram
653 3541 877 3597 rusticis
918 3550 1113 3597 contra
1154 3543 1463 3612 iuramenta
1510 3544 1725 3600 locutus
1756 3554 1869 3612 est;
1900 3546 2121 3600 demum
2152 3545 2254 3600 hos
2280 3545 2346 3599 de
2375 3545 2531 3597 Anna
2565 3543 2860 3598 Sermones
2910 3540 3095 3609 etepit.
3144 3541 3351 3608 Agmen
3382 3553 3513 3608 ergo
3556 3538 3710 3593 ducit

434 3637 670 3693 llomilia
697 3638 765 3693 de
793 3638 968 3695 reditu
1001 3637 1265 3693 Flaviani.
1298 3638 1581 3695 Postrema
1610 3651 1793 3696 autem
1824 3641 2074 3709 humilia,
2104 3642 2158 3695 in
2190 3640 2470 3697 Dominiea
2512 3639 2612 3710 τῆς
2657 3635 3101 3709 ἐπισωζομένης,
3150 3652 3316 3707 quam
3363 3634 3705 3689 Dominieam

432 3749 555 3787 esse
584 3733 832 3802 quintam
861 3744 985 3803 post
1010 3731 1222 3789 Pascha
1251 3750 1375 3804 qua:
1402 3738 1658 3806 praecedit
1686 3737 2081 3793 Ascensionem
2110 3736 2353 3801 Domini,
2383 3737 2459 3792 ait
2489 3734 2597 3790 Leo
2633 3735 2885 3789 Allatius.
2920 3734 3158 3789 Savilius
3186 3749 3308 3788 esse
3338 3740 3489 3801 putat
3518 3728 3707 3783 Domi-

435 3827 615 3880 nicam
647 3827 701 3880 in
731 3826 927 3893 Albis;
960 3825 1343 3884 Tillemontius
1374 3845 1501 3885 vero
1525 3831 1780 3911 opinatur
1809 3831 2299 3907 essquominicam
2342 3831 2663 3894 Passionis;
2705 3817 2834 3885 huic
2891 3839 3174 3900 postremo
3220 3845 3319 3899 ego
3371 3827 3703 3896 astipulatus

437 3933 558 3971 sum
591 3917 644 3971 in
677 3916 1005 3973 Praefatione
1028 3917 1189 3974 Tomi
1221 3918 1284 3975 ll.
1320 3918 1425 3975 Sed
1453 3920 1567 3989 jam
1600 3935 1790 3975 vereor
1817 3930 1877 3974 ut
1920 3920 2036 3975 haec
2083 3922 2352 3990 quadrare
2402 3919 2636 3990 possint,
2668 3920 3034 3989 libentiusque
3079 3919 3395 3973 accederem
3440 3918 3507 3971 ad
3554 3914 3709 3970 Alla-

435 4012 594 4074 tium,
625 4011 1066 4079 quandoquidem
1094 4011 1282 4081 quinta
1315 4013 1525 4076 concio,
1558 4028 1680 4082 qua:
1707 4021 1791 4067 est
1821 4023 2093 4083 postrema
2122 4015 2175 4067 in
2196 4014 2434 4079 Annam,
2467 4014 2650 4067 habita
2679 4011 2782 4067 fuit
2806 4023 2927 4082 post
2972 4011 3327 4067 Pentecosten
3356 4029 3371 4078 ;
3419 4026 3545 4064 nam
3594 4026 3703 4068 vox

442 4104 940 4173 μεσοπεντηκοστή,
973 4119 1095 4173 quae
1128 4103 1211 4159 bis
1243 4104 1461 4173 irrepsit
1493 4105 1547 4156 in
1578 4113 1808 4169 textum,
1839 4114 1923 4159 est
1952 4106 2303 4160 librariorum
2355 4122 2532 4171 error,
2582 4117 2642 4162 ut
2689 4107 2886 4161 ibidem
2940 4108 3233 4177 probamus
3278 4120 3343 4158 es
3392 4102 3699 4156 Manuscri-

438 4196 565 4263 ptis.
599 4193 866 4252 Omnibus
899 4198 1081 4266 itaque
1110 4197 1415 4267 perpensis,
1450 4199 1526 4252 ita
1559 4212 1644 4252 res
1671 4199 2057 4255 constituenda
2077 4216 2303 4270 prorsus
2336 4201 2550 4257 videtur
2574 4242 2595 4267 ,
2635 4210 2802 4272 atque
2838 4201 2943 4259 hoc
2994 4200 3160 4258 modo
3198 4200 3445 4255 ealculus
3490 4215 3700 4268 ponen-

448 4421 3705 4449 ___________________________________________.__————.

1027 4530 1259 4586 snnuo
1295 4533 1317 4587 1
1358 4530 1453 4603 (α).

435 4658 585 4723 Quod
604 4670 827 4729 oporteat
848 4671 894 4715 et
920 4663 972 4715 in
1007 4661 1297 4718 Pentecoste
1324 4675 1370 4719 et
1398 4683 1590 4738 semper
1613 4667 1803 4737 jejunii
1840 4668 2017 4720 memi-

502 4750 661 4816 nisse,
692 4763 737 4805 et
762 4754 898 4824 quod
918 4770 1018 4808 non
1045 4758 1310 4824 prasentia
1334 4758 1497 4812 solum
1515 4801 1530 4825 ,
1554 4758 1649 4812 sed-
1672 4760 1825 4812 etiam
1847 4775 2015 4813 recor-

501 4845 640 4898 datio
656 4847 842 4915 jejunii
868 4849 935 4901 sit
960 4850 1099 4903 utilis
1119 4865 1138 4903 :
1158 4861 1203 4904 et
1232 4852 1294 4905 de
1318 4850 1413 4905 Dei
1434 4852 1765 4921 providentia,
1786 4854 2018 4924 quodque

502 4953 605 4990 non
628 4938 835 4991 minima
856 4956 976 5009 pars
1002 4941 1160 5009 ipsius
1186 4942 1248 4996 sit
1274 4952 1454 5010 prteter
1477 4942 1582 4997 alia
1608 4952 1873 5012 parentum
1896 4959 2017 5013 erga

504 5027 684 5081 liberos
725 5046 868 5083 amor
894 5045 914 5083 :
934 5031 1163 5101 quodque
1202 5048 1302 5085 non
1344 5033 1568 5101 patribus
1596 5032 1794 5100 solum,
1844 5032 1933 5086 sed
1971 5042 2016 5087 et

501 5121 745 5174 matribus
769 5132 1072 5191 praceptum
1100 5123 1194 5188 sit,
1225 5134 1276 5176 ut
1308 5123 1580 5178 liberorum
1619 5141 1783 5179 mores
1812 5140 2015 5194 compo-

504 5221 629 5266 nant
647 5253 662 5279 ,
685 5223 733 5265 et
761 5212 830 5265 ad
859 5223 1137 5269 extremum
1159 5216 1222 5270 de
1243 5215 1410 5269 Anna.

2124 4526 2366 4583 lectionis
2394 4525 2560 4591 illius,
2589 4537 2772 4578 mensa
2815 4520 3013 4590 posita,
3042 4517 3222 4574 statim
3270 4517 3389 4587 ejus
3425 4531 3488 4570 ac
3516 4517 3715 4571 verbo-

2122 4634 2240 4672 rum
2271 4631 2591 4686 congressus
2617 4612 2982 4677 recordamur,
3012 4626 3076 4666 ac
3115 4610 3279 4665 multa
3321 4625 3442 4663 eum
3489 4610 3719 4663 caritate.

2123 4710 2295 4779 ipsum
2348 4708 2711 4777 requirimus:
2745 4705 2845 4759 hoc
2898 4703 3057 4758 nobis
3107 4717 3234 4771 erga
3269 4701 3532 4771 jejunium
3581 4717 3719 4769 quo-

2120 4816 2226 4870 que
2294 4798 2647 4871 praestandum
2714 4804 2817 4850 est.
2865 4793 2999 4849 Nam
3052 4808 3172 4848 eum
3238 4792 3377 4862 apud
3437 4807 3535 4847 nos
3601 4791 3721 4846 dies

2121 4891 2469 4961 quadraginta
2498 4888 2657 4943 fuerit
2694 4886 3023 4940 diversatum
3044 4926 3058 4950 ,
3087 4884 3313 4939 comiter
3342 4883 3471 4937 illud
3493 4884 3719 4953 excepi-

2121 4998 2243 5038 mus
2281 4998 2345 5035 ac
2372 4982 2671 5036 dimisimus
2700 4997 2712 5033 :
2742 4977 2957 5048 quando
2996 4978 3156 5047 igitur
3182 4991 3365 5031 mensa
3405 4977 3517 5046 jam
3561 4978 3719 5031 nobis

2120 5075 2415 5146 spiritualis
2444 5072 2760 5143 apponenda
2789 5081 2891 5134 est,
2914 5071 3323 5125 reminiscamur
3347 5071 3511 5134 illius,
3542 5070 3720 5123 bono-

2121 5182 2344 5236 rumque
2365 5166 2601 5220 onmium
2625 5205 2640 5230 ,
2669 5178 2787 5234 qua:
2813 5162 2967 5217 nobis
3005 5161 3223 5216 invexit.
3247 5161 3362 5215 Non
3394 5161 3538 5216 enim
3580 5176 3719 5229 prte-

2120 5258 2293 5312 seutia
2351 5265 2551 5313 tantum
2594 5254 2817 5325 jejunii,
2868 5252 2963 5307 sed
3007 5253 3169 5306 etiam
3217 5252 3475 5306 memoria
3527 5250 3716 5320 jejuuii

505 5350 557 5401 l.
596 5348 794 5420 Jejunii
836 5350 1077 5404 memoria
1111 5350 1282 5415 utilis,
1306 5350 1494 5421 jejunii
1534 5349 1664 5403 bona
1706 5359 1915 5417 quanta.
1945 5378 2016 5389 —

432 5442 533 5500 Ubi
562 5445 902 5514 peregrinum
951 5446 1181 5515 aliquem
1229 5444 1369 5514 apud
1417 5457 1515 5499 nos
1554 5442 1913 5507 diversatum,
1948 5442 2014 5495 ad

432 5537 635 5605 aliquot
676 5538 793 5593 dies
834 5538 1060 5592 comiter
1086 5547 1386 5605 exceptum,
1417 5544 1470 5589 et
1507 5534 1754 5604 colloquii
1785 5548 2015 5589 mensa:-

438 5642 540 5693 que
571 5628 883 5696 participem
925 5625 1121 5682 factum
1166 5627 1528 5682 dimiserimus
1560 5643 1573 5679 :
1603 5625 1859 5696 postridie
1888 5640 2012 5695 pro—

438 5759 571 5873 i9gis)
604 5758 768 5811 collati
785 5774 894 5810 cum
908 5760 1016 5810 Cod.
1032 5758 1241 5814 Colbert.
1271 5772 1400 5811 num.
1422 5760 1483 5814 ιθ
1527 5766 1580 5809 et
1601 5757 1713 5814 9'”,
1735 5770 1846 5808 cum
1870 5758 2015 5821 Regio

2122 5349 2351 5402 maxime
2380 5347 2524 5401 utilis
2545 5361 2667 5400 esse
2694 5352 2889 5414 potest.
2915 5344 2979 5397 Et
3007 5344 3145 5397 sicut
3174 5343 3249 5397 illi
3279 5358 3414 5411 quos
3440 5357 3706 5405 amamus,

2123 5457 2228 5495 non
2257 5440 2432 5494 solum
2458 5452 2579 5492 cum
2606 5438 2836 5504 adsunt,
2861 5451 3044 5491 verum
3096 5436 3256 5489 etiam
3298 5449 3418 5488 eum
3468 5433 3622 5487 nobis
3662 5434 3716 5486 in

2123 5541 2355 5587 mentem
2383 5530 2623 5595 veniunt,
2648 5528 2813 5582 multa
2840 5542 2936 5582 nos
2962 5526 3233 5595 voluptate
3258 5524 3587 5594 perfundunt
3609 5543 3621 5576 :
3643 5525 3718 5580 ita

2124 5639 2333 5694 quoque
2360 5623 2475 5677 dies
2498 5621 2709 5691 jejunii,
2737 5620 2999 5685 collecta,
3024 5632 3444 5687 communesque
3472 5632 3717 5670 conven-

2127 5726 2212 5769 tus
2237 5724 2291 5768 et
2318 5714 2420 5768 alia
2448 5713 2641 5783 quibus
2665 5712 2781 5781 ejus
2812 5710 3075 5765 beneﬁcio
3100 5709 3409 5764 fruebamur
3440 5708 3599 5771 bona,
3630 5706 3718 5762 vel

2125 5809 2237 5864 sola
2262 5807 2516 5863 memoria
2545 5820 2644 5863 nos
2663 5805 2973 5871 oblectant,
3005 5813 3061 5858 et
3085 5802 3200 5859 hinc
3227 5802 3409 5858 omnia
3448 5801 3497 5858 si
3523 5802 3575 5856 in
3603 5815 3719 5859 meo
