4028 6360
223 402 328 457 635

223 514 448 569 moriam
494 526 838 578 revocemus,
867 510 1090 565 multum
1116 507 1241 563 inde
1267 508 1472 561 lucrum
1503 505 1606 559 hoc
1647 504 1807 559 etiam

223 616 466 673 tempore
495 605 829 673 colligemus.
860 603 983 656 Πωο
1007 610 1183 655 autem
1214 615 1245 652 a
1272 615 1358 653 me
1397 613 1502 651 non
1530 613 1595 651 eo
1624 597 1809 651 dicun-

221 708 327 760 tur,
356 695 498 763 quod
539 710 730 763 cogere
761 706 856 747 vos
895 692 959 745 ad
997 690 1344 760 jejunandum
1389 689 1586 755 velim,
1617 687 1711 741 sed
1754 696 1810 740 ut

221 786 380 839 vobis
412 785 781 855 persuadeam,
814 792 870 836 ut
918 798 984 837 ne
1011 782 1167 850 genio
1199 779 1517 847 indulgeatis
1536 820 1551 844 ,
1578 792 1706 831 neve
1733 778 1809 831 sic

219 877 570 940 afﬁciamini,
620 885 677 928 ut
729 875 969 943 plerique
1022 872 1267 925 homines
1315 871 1517 935 solent,
1550 866 1808 937 siquidem

220 970 475 1023 homines
504 968 801 1038 appellandi
824 975 967 1031 sunt,
996 966 1085 1035 qui
1110 973 1306 1018 tantam
1327 961 1807 1031 pusillanimitatem

224 1079 335 1131 prae
368 1078 426 1116 se
458 1062 655 1127 ferunt,
690 1061 779 1129 qui
824 1069 1093 1127 tamquam
1149 1073 1179 1110 e
1229 1054 1456 1109 vinculis
1508 1052 1729 1114 emissi,
1757 1058 1811 1105 et

220 1154 370 1222 gravi
393 1153 641 1221 quopiam
668 1165 883 1205 carcere
906 1149 1111 1203 liberati
1140 1148 1216 1201 sic
1243 1147 1580 1214 alloijuuntur
1604 1158 1663 1197 se
1686 1157 1808 1195 mu-

225 1254 355 1298 tuo:
392 1243 627 1297 Tandem
658 1240 942 1295 molestum
976 1238 1103 1292 illud
1139 1236 1324 1306 jejunii
1356 1235 1572 1304 pelagus
1606 1231 1809 1287 emensi

221 1351 410 1391 sumus
440 1354 453 1387 :
483 1335 571 1389 alii
598 1350 726 1388 vero
747 1334 835 1403 qui
864 1332 1029 1386 multo
1063 1330 1238 1401 pejus,
1265 1338 1318 1383 et
1345 1326 1661 1381 imbecillius
1686 1331 1809 1378 sunt

192 1429 434 1495 ‘ail‘ecti,
468 1430 629 1482 etiam
676 1426 745 1481 ob
790 1425 1022 1479 futuram
1049 1422 1517 1491 Quadragesimam
1552 1418 1809 1486 pertime-

224 1530 401 1576 scunt.
440 1520 552 1573 Hoc
581 1534 708 1573 vero
755 1527 1058 1587 propterea,
1086 1514 1229 1585 quod
1280 1522 1389 1567 toto
1425 1511 1630 1580 reliquo
1672 1518 1810 1563 tem-

227 1626 357 1681 pore
402 1610 643 1676 deliciis,
687 1609 939 1673 luxuriae,
967 1615 1123 1677 atque
1150 1604 1392 1659 ebrietati
1434 1618 1492 1657 se
1528 1610 1667 1655 totos
1712 1600 1809 1655 de-

225 1703 373 1756 dant.
406 1702 558 1767 Quod
588 1701 633 1754 si
673 1701 793 1754 aliis
831 1699 1021 1753 diebus
1068 1705 1227 1751 castte
1270 1694 1636 1761 modestzeque
1686 1692 1809 1744 vita:

226 1794 447 1863 agendae
478 1807 577 1846 nos
600 1792 1081 1855 assuefaceremns,
1104 1797 1159 1842 et
1185 1786 1509 1856 praeteritum
1539 1782 1811 1837 desidera-

227 1902 412 1943 remus
434 1886 694 1955 jejunium
719 1927 733 1947 ,
765 1894 818 1938 et
848 1892 1131 1937 venturum
1174 1879 1338 1932 multa
1385 1893 1505 1930 cum
1540 1876 1812 1943 voluptate

228 1978 650 2045 susciperemus.
678 1974 813 2040 Quid
864 1974 1006 2026 enim
1057 1969 1183 2024 boni
1220 1968 1408 2038 jejunii
1457 1968 1610 2021 nobis
1650 1980 1811 2033 Opera

228 2086 339 2123 non
367 2066 627 2122 obvenit?
654 2066 842 2120 Omnia
873 2062 1268 2132 tranquillitatis
1309 2076 1373 2114 ac
1414 2074 1557 2129 pura:
1604 2057 1808 2112 sereni-

230 2161 356 2214 tatis
381 2161 533 2229 plena
553 2165 695 2212 sunt.
720 2156 907 2211 Nonne
934 2154 1123 2209 domus
1146 2151 1478 2217 tumultibus,
1508 2148 1813 2205 cursitatio—

227 2254 388 2307 nibus
407 2293 424 2319 ,
448 2252 699 2320 omnique
740 2248 1140 2319 perturbatione
1169 2253 1292 2299 sunt
1332 2242 1613 2297 liberatae?
1643 2240 1810 2306 Quin-

227 2345 392 2398 etiam
419 2353 541 2396 ante
570 2343 713 2410 ipsas
740 2341 928 2394 domos
955 2354 1141 2393 eorum
1166 2338 1405 2400 animus,
1431 2335 1520 2403 qui
1546 2333 1809 2403 jejanant,

229 2437 337 2491 hac
368 2436 545 2506 quiete
585 2433 906 2504 perfruitur;
936 2433 1121 2486 civitas
1165 2430 1276 2499 ipsa
1328 2439 1433 2483 tota
1476 2426 1809 2491 modestiam,

228 2545 353 2599 quae
398 2530 453 2583 in
498 2529 678 2582 animo
721 2543 785 2581 ac
820 2526 1066 2582 domibus
1109 2524 1366 2585 cernitur,
1394 2521 1652 2576 imitatur.
1680 2518 1812 2572 Nam

231 2635 410 2689 neque
451 2620 553 2673 sub
599 2633 877 2688 vesperam
929 2616 1118 2671 audire
1165 2622 1420 2669 canentes
1446 2612 1609 2678 licet,
1643 2624 1815 2679 neque

230 2712 465 2766 interdiu
492 2711 878 2766 tumultuantes
902 2718 957 2764 et
980 2708 1160 2764 ebrios
1181 2747 1196 2771 ,
1220 2722 1329 2761 non
1350 2706 1647 2761 clamantes
1663 2747 1678 2773 ,
1706 2718 1816 2757 non

236 2813 538 2874 pugnantes
564 2846 578 2869 ,
610 2802 707 2858 sed
748 2803 970 2856 multam
997 2800 1194 2869 ubique
1222 2797 1664 2866 tranquillitatem
1694 2795 1818 2849 licet

230 2910 477 2950 cernere.
510 2894 661 2948 Nunc
684 2901 862 2947 autem
893 2906 1001 2946 non
1039 2891 1111 2945 ita
1141 2896 1225 2945 est
1246 2931 1261 2955 ,
1290 2888 1384 2943 sed
1428 2887 1538 2957 jam
1582 2886 1705 2942 inde
1751 2885 1818 2940 ab

234 2996 430 3043 exortu
470 2985 598 3041 solis
637 2985 900 3040 clamores
942 2998 1006 3038 ac
1036 2984 1225 3046 turbae,
1253 2995 1546 3050 coquorum
1593 2980 1818 3034 cursita-

235 3080 433 3141 tiones,
464 3092 526 3132 ac
551 3078 750 3132 multus
776 3076 830 3130 in
856 3075 1122 3141 domibus,
1146 3074 1340 3127 multus
1364 3073 1419 3127 in
1443 3071 1710 3127 mentibus
1734 3069 1818 3125 fu-

236 3185 382 3237 mus,
410 3169 534 3225 dum
581 3170 723 3223 intus
770 3168 826 3222 in
855 3166 1009 3222 nobis
1058 3165 1454 3221 succenduntur
1482 3164 1731 3227 affectus,
1768 3170 1822 3216 et

238 3267 456 3319 flamina
509 3263 743 3332 turpium
795 3262 1143 3330 cupiditatum
1200 3276 1231 3314 a
1284 3259 1488 3314 deliciis
1539 3257 1818 3311 excitatur.

238 3359 532 3427 Propterea
559 3356 699 3427 quod
730 3356 986 3425 praeteriit
1008 3354 1267 3425 jejunium
1298 3352 1667 3421 requiramus:
1693 3349 1820 3404 illud

240 3449 387 3503 enim
433 3448 549 3502 hcce
597 3447 773 3501 omnia
822 3448 1121 3501 coercebat.
1155 3445 1231 3499 Ac
1256 3445 1381 3498 licet
1424 3444 1659 3499 laborem
1706 3442 1823 3512 ejus

239 3539 669 3605 excusserimus,
698 3538 812 3607 ejus
838 3547 1013 3591 tamen
1034 3535 1354 3591 desiderium
1382 3550 1488 3589 non
1515 3534 1824 3602 exstingua-

241 3649 384 3697 mus,
414 3647 587 3701 neque
618 3631 931 3686 memoriam
961 3630 1291 3699 deponamus
1324 3646 1337 3681 :
1370 3628 1466 3683 sed
1505 3642 1623 3681 cum
1655 3641 1818 3695 pran-

242 3738 337 3779 sus
360 3732 417 3779 et
443 3723 845 3794 expergefactus
884 3726 937 3777 in
985 3722 1158 3776 forum
1190 3722 1401 3776 veneris
1422 3762 1436 3788 ,
1469 3720 1718 3789 diemque
1744 3718 1823 3773 vi-

243 3816 391 3870 deris
420 3822 725 3884 vergentem
751 3814 817 3869 ad
839 3828 1114 3883 veSperam
1136 3855 1150 3878 ,
1176 3814 1311 3867 hanc
1340 3813 1609 3882 ingressus
1651 3811 1827 3866 eccle-

244 3907 379 3959 siam
406 3948 423 3974 ,
453 3914 506 3960 et
558 3905 709 3975 juxta
757 3905 1116 3959 sanctuarium
1168 3904 1307 3959 istud
1351 3903 1573 3958 veniens
1598 3944 1612 3969 ,
1638 3902 1826 3972 jejunii

248 4000 506 4067 temporis
535 3998 821 4053 recordare
841 4040 855 4064 ,
881 4013 988 4068 quo
1031 3998 1384 4052 multitudinis
1415 3997 1625 4067 plenam
1651 3996 1827 4051 eccle-

246 4091 379 4144 siam
410 4091 792 4155 cernebamus,
822 4105 1009 4144 omnes
1049 4099 1228 4145 autem
1277 4089 1524 4144 audiendi
1564 4088 1829 4143 desiderio

245 4181 491 4237 succensi
521 4188 708 4247 erant,
746 4181 911 4234 multa
951 4180 1145 4250 ubique
1176 4180 1380 4244 lzetitia,
1412 4193 1564 4233 mens
1593 4179 1829 4232 omnium

245 4284 364 4327 erat
393 4282 572 4328 erecta
600 4290 615 4326 :
640 4272 755 4327 haec
801 4273 977 4328 omnia
1022 4280 1198 4327 tecum
1225 4280 1511 4342 reputans,
1556 4271 1671 4325 dies
1713 4272 1831 4326 illos

245 4365 510 4435 optabiles
535 4365 836 4421 recordare.
866 4365 1018 4433 Quod
1047 4367 1091 4420 si
1113 4379 1313 4420 mensa:
1343 4364 1683 4420 accubiturus
1714 4365 1790 4418 sis
1811 4400 1830 4430 ,

247 4473 370 4511 cum
397 4456 498 4511 bac
517 4457 887 4512 recordatione
914 4457 1063 4511 cibos
1094 4455 1341 4525 degusta,
1373 4470 1472 4509 nec
1494 4469 1743 4523 umquam
1775 4453 1830 4508 in

249 4548 565 4602 ebrietatem
620 4548 728 4602 labi
771 4548 1011 4618 poteris;
1043 4547 1139 4602 sed
1183 4546 1321 4601 sicut
1370 4546 1463 4615 qui
1514 4545 1790 4600 honestam
1816 4583 1831 4608 ,

250 4649 453 4695 castam
479 4648 536 4694 et
574 4640 853 4710 ingenuam
891 4654 1114 4695 uxorem
1141 4638 1428 4703 duxerint,
1447 4646 1502 4691 et
1526 4636 1641 4706 ejus
1670 4635 1835 4689 vehe-

255 4734 423 4789 menti
467 4748 651 4788 amore
701 4734 808 4787 sint
849 4731 1200 4799 inflammati,
1233 4746 1303 4786 ne
1343 4730 1564 4785 absente
1622 4726 1836 4797 quidem

255 4828 383 4893 illa,
443 4825 778 4882 meretricem
833 4834 887 4879 et
938 4823 1201 4893 perditam
1257 4822 1535 4877 mulierem
1588 4819 1838 4874 adamare

254 4926 503 4989 possunt,
533 4916 677 4987 quod
706 4917 845 4972 illius
873 4931 1024 4969 amor
1060 4930 1243 4969 eorum
1288 4921 1522 4969 mentem
1562 4925 1836 4981 praeoccu-

254 5010 487 5083 paverit,
518 5025 618 5065 nec
662 5010 824 5064 alium
868 5022 1107 5063 amorem
1151 5007 1356 5077 ingredi
1395 5006 1572 5061 sinat:
1597 5004 1674 5060 sic
1699 5002 1839 5057 etin

248 5104 463 5174 jejunio
504 5101 589 5166 fit,
622 5109 678 5157 et
722 5101 775 5155 in
815 5100 1095 5155 ebrietate.
1130 5099 1274 5168 Ergo
1314 5098 1358 5152 si
1407 5098 1547 5151 illius
1592 5097 1836 5165 ingenua:

250 5206 527 5266 castaeque
548 5194 948 5249 meminerimus
968 5234 983 5260 ,
1012 5192 1277 5261 publicam
1326 5190 1462 5244 hanc
1501 5190 1839 5244 meretricem

253 5288 540 5357 omnisque
587 5285 927 5354 turpitudinis
962 5292 1206 5345 matrem,
1236 5282 1570 5344 ebrietatem,
1602 5279 1837 5349 inquam,

255 5378 514 5432 facillime
537 5376 864 5447 repellemus
889 5417 905 5443 ,
930 5374 1057 5430 dum
1088 5387 1238 5426 amor
1256 5371 1443 5440 jejunii
1470 5368 1840 5425 vehementius

256 5486 418 5540 quam
450 5485 641 5525 manus
666 5470 771 5523 ulla
801 5468 1181 5537 impudentiam
1233 5466 1387 5518 istius
1433 5464 1680 5534 repellet.
1712 5464 1842 5517 Pro-

259 5571 382 5631 pter
429 5562 544 5616 haec
587 5561 766 5616 omnia
805 5560 918 5614 dies
966 5560 1122 5623 illos,
1152 5572 1369 5627 qurcso,
1405 5570 1617 5625 semper
1664 5563 1842 5609 mente

261 5669 544 5709 versemus
578 5674 591 5708 :
623 5664 681 5708 ut
721 5663 897 5708 autem
936 5652 1204 5722 quidpiam
1248 5667 1346 5721 ego
1375 5664 1586 5718 quoque
1619 5648 1686 5702 ad
1727 5663 1843 5702 me-

260 5748 491 5803 moriam
538 5748 680 5802 illam
732 5746 1023 5813 conferam,
1070 5745 1210 5800 idem
1256 5752 1653 5812 argumentum,
1701 5739 1844 5810 quod

267 5848 499 5896 tractare
527 5849 637 5894 tum
666 5847 882 5909 paratus
911 5852 1055 5892 cram
1078 5876 1093 5903 ,
1126 5836 1180 5891 in
1204 5834 1439 5891 medium
1462 5848 1602 5889 nunc
1631 5847 1845 5902 quoque

1556 394 1641 449 DE
1684 393 1867 447 ANNA
1902 394 2132 450 SERMO
2170 395 2210 451 ι.

3388 414 3491 469 633

1914 505 2155 572 proferre
2182 507 2436 575 conabor,
2462 519 2519 564 ut
2562 512 2673 581 ipsa
2700 515 2990 571 similitudo
3016 518 3271 575 doctrina:
3315 538 3489 577 recor-

1915 596 2181 653 dationem
2202 601 2457 669 temporis
2474 603 2611 657 illius
2632 606 2940 677 excitet(a).
2968 609 3073 663 Vos
3097 613 3237 665 enim
3264 612 3492 669 fortasse

1916 705 2056 744 nunc
2080 692 2209 745 estis
2255 693 2432 757 obliti,
2458 709 2555 749 nos
2592 697 2787 750 multos
2834 699 3047 754 interim
3074 717 3371 759 sermones
3420 706 3489 759 de

1916 781 2035 834 aliis
2101 782 2263 836 rebus
2326 783 2595 839 habuisse.
2656 787 2788 840 Nam
2862 806 3077 845 reverso
3130 809 3159 846 a
3211 796 3491 865 longinqua

1915 874 2004 927 illa
2054 876 2476 945 peregrinatione
2514 890 2665 946 patre
2701 890 2916 946 nostro,
2974 888 3333 940 necessarium
3387 889 3484 941 fuit

1914 965 2090 1018 omnia
2114 981 2555 1034 commemorare,
2582 986 2697 1039 qua:
2722 973 2773 1025 in
2801 976 3052 1028 comitatu
3079 978 3401 1044 acciderant,
3425 995 3490 1032 ac

1914 1055 2108 1110 deinde
2133 1072 2253 1111 cum
2270 1060 2554 1127 gentilibus
2578 1062 2869 1130 disputare,
2898 1074 2953 1118 ut
2984 1066 3081 1120 hos
3108 1068 3155 1120 vi
3177 1069 3491 1123 calamitatis

1914 1147 1981 1201 ad
2008 1148 2284 1204 meliorem
2310 1150 2512 1220 frugem
2538 1166 2835 1219 revocatos,
2866 1161 2952 1225 qui
2979 1157 3191 1211 deserto
3215 1161 3489 1228 gentilium

1915 1253 2097 1293 errore
2125 1255 2242 1295 sese
2270 1242 2336 1295 ad
2382 1258 2479 1295 nos
2524 1246 2887 1311 contulerant,
2920 1264 3014 1315 pro
3038 1249 3173 1302 virili
3201 1251 3491 1304 confirma-

1914 1346 2115 1397 remus,
2144 1348 2207 1387 ac
2251 1334 2588 1402 doceremus,
2620 1340 2833 1406 quantis
2877 1340 3112 1393 tenebris
3140 1341 3348 1395 liberati
3379 1383 3393 1409 ,
3423 1341 3489 1395 ad

1917 1432 2116 1477 tantam
2145 1425 2315 1478 lucem
2346 1428 2584 1480 veritatis
2610 1430 2986 1483 accurrissent.
3022 1431 3147 1484 Post
3190 1432 3281 1485 illa
3307 1448 3491 1486 rursus

1915 1518 2096 1571 multis
2124 1518 2310 1573 diebus
2352 1529 2647 1591 martyrum
2694 1521 3068 1577 festivitatibus
3100 1525 3249 1592 potiti
3290 1539 3493 1589 sumus,

1915 1624 2094 1677 neque
2124 1610 2350 1679 tempori
2372 1611 2697 1666 conveniens
2720 1613 2921 1678 fuisset,
2942 1630 3039 1669 nos
3059 1615 3148 1683 qui
3168 1615 3320 1683 juxta
3347 1629 3493 1666 mar-

1918 1710 2093 1772 tyrum
2152 1703 2396 1772 sepulcra
2451 1720 2811 1772 versaremur,
2840 1721 3024 1761 earum
3081 1707 3330 1772 laudum,
3377 1722 3494 1775 quae

1917 1795 2237 1864 martyribus
2253 1795 2533 1861 debentur,
2550 1806 2790 1851 exsortes
2810 1798 3105 1852 discedere.
3124 1798 3388 1853 Successit
3410 1798 3495 1850 liis

1917 1885 1983 1938 ad
2010 1886 2381 1940 abstinendum
2419 1903 2449 1940 a
2483 1888 2802 1956 juramentis
2832 1890 3127 1943 cohortatio
3161 1906 3172 1940 :
3205 1905 3322 1942 cum
3354 1890 3494 1942 enim

1917 1974 2077 2030 etiam
2119 1978 2437 2030 rusticorum
2463 1979 2728 2032 nationem
2761 1980 2812 2031 in
2848 1980 3029 2033 urbem
3058 1980 3349 2047 ingressam
3378 1992 3497 2031 ccr~

1919 2082 2192 2132 ncremus,
2227 2067 2324 2121 hos
2354 2070 2447 2121 illo
2490 2070 2779 2124 instructos
2818 2086 2847 2123 a
2880 2072 3032 2125 nobis
3062 2072 3253 2124 viatico
3292 2070 3497 2123 censui-

1917 2173 2037 2212 mus
2066 2158 2430 2213 dimittendos.

1986 2249 2042 2302 2.
2083 2249 2361 2302 Homiliam
2387 2258 2560 2303 contra
2604 2252 2811 2321 gentiles
2840 2252 3061 2305 habitam
3075 2250 3495 2310 resumensnluaa

1919 2344 2194 2413 praesertim
2236 2344 2533 2415 quwstiones
2558 2345 2722 2409 solvit,
2754 2345 2980 2398 videlicet
3002 2360 3132 2414 :quo
3179 2354 3325 2415 pacto
3362 2343 3500 2396 Deus

1919 2437 2144 2490 homines
2183 2436 2437 2503 quondam
2487 2438 2792 2499 instrueret;
2818 2446 2864 2490 et
2905 2453 3091 2507 quare,
3123 2437 3243 2489 dum
3284 2452 3498 2505 corpora

1919 2527 2138 2582 caelestia
2162 2529 2305 2598 quasi
2332 2529 2605 2582 immortali
2625 2531 2889 2597 juventute
2916 2529 3173 2597 fruantur,
3197 2538 3369 2580 nostra
3397 2528 3500 2579 sint

1922 2621 2183 2676 morbis‘et
2227 2621 2538 2689 corruptioni
2580 2622 2817 2674 obnoxia.
2844 2650 2917 2659 -—
2940 2619 3104 2675 Vobis
3143 2620 3355 2689 quidem
3394 2635 3501 2673 non

1922 2716 2073 2772 facile
2102 2715 2261 2770 fuerit
2285 2714 2696 2784 disputationem
2722 2714 2944 2779 referre,
2976 2730 3132 2783 quam
3166 2722 3272 2767 tum
3300 2714 3494 2768 adver-

1922 2821 2014 2862 sos
2072 2806 2297 2876 gentiles
2345 2806 2717 2859 instituimus:
2750 2819 2850 2873 ego
2903 2819 3031 2859 vero
3082 2819 3295 2873 semper
3324 2804 3377 2857 in
3420 2803 3503 2856 his

1923 2899 2269 2963 exercitatus,
2293 2904 2347 2952 et
2371 2897 2496 2951 huic
2522 2896 2782 2965 palaestrae
2808 2894 3074 2962 addictus,
3103 2895 3252 2948 nullo
3294 2896 3506 2964 negotio

1927 2992 2108 3061 paucis
2129 3006 2194 3045 ex
2228 2990 2311 3055 iis,
2342 3004 2459 3059 quae
2488 2998 2597 3042 tum
2627 2987 2880 3053 diximus,
2907 2986 3168 3057 repetitis,
3198 2992 3384 3055 potero
3414 2992 3500 3038 to-

1928 3086 2034 3137 tius
2061 3083 2316 3138 orationis
2345 3081 2644 3151 argumenti
2672 3080 2824 3134 vobis
2868 3078 3181 3133 memoriam
3225 3075 3503 3131 refricare.

1927 3175 2202 3243 Quodnam
2233 3188 2362 3243 ergo
2388 3174 2484 3227 fuit
2506 3172 2924 3242 argumentum?
2974 3170 3353 3236 Quaerebamus
3392 3181 3500 3235 quo

1926 3279 2083 3340 pacto
2113 3270 2249 3322 Deus
2275 3283 2305 3321 a
2338 3266 2595 3337 principio
2618 3267 2801 3335 generi
2839 3264 3072 3318 humano
3094 3261 3413 3332 provideret,
3442 3270 3498 3313 et

1930 3376 2035 3431 quo
2063 3368 2217 3429 pacto
2243 3374 2362 3428 qua:
2390 3357 2538 3411 utilia
2566 3356 2742 3411 forent
2767 3355 3005 3421 doceret,
3029 3368 3148 3409 cum
3197 3352 3355 3406 nulla:
3399 3364 3503 3404 ex-

1928 3463 2132 3509 starent
2187 3454 2378 3519 literze,
2431 3468 2604 3521 neque
2645 3450 2935 3519 Scriptura:
2982 3448 3120 3501 data:
3163 3452 3344 3500 essent
3393 3459 3408 3495 :
3451 3450 3507 3496 et

1930 3548 2260 3603 ostendimus
2292 3562 2389 3616 per
2412 3543 2915 3613 contemplationem
2959 3547 3325 3595 creaturarum
3368 3535 3503 3589 illud

1929 3640 1996 3693 ad
2021 3639 2113 3692 Dei
2136 3636 2491 3708 cognitionem
2518 3650 2637 3690 esse
2661 3634 2943 3689 deductum
2974 3648 2986 3683 :
3016 3644 3122 3699 quo
3152 3638 3390 3696 tempore
3410 3641 3507 3679 vos

1932 3746 2036 3784 non
2063 3745 2219 3783 manu
2248 3728 2572 3797 prehensos,
2607 3734 2662 3778 at
2700 3732 2879 3778 mente
2909 3737 3003 3789 per
3025 3720 3325 3775 universam
3352 3731 3505 3771 crea-

1932 3830 2104 3875 turam
2137 3818 2465 3873 circumdnxi
2488 3859 2500 3881 ,
2525 3817 2711 3871 czelnm
2740 3812 3050 3878 ostendens,
3076 3821 3292 3875 terram,
3322 3822 3470 3861 mare
3495 3847 3509 3869 ,

1933 3912 2099 3976 lacus,
2130 3912 2323 3974 fontes,
2357 3908 2566 3974 fluvios,
2590 3921 2803 3975 aequora
2829 3906 3108 3968 immensa,
3133 3910 3301 3970 prata,
3327 3913 3509 3968 poma-

1932 4003 2031 4067 ria,
2061 4001 2312 4054 florentes
2342 4008 2570 4070 segetes,
2601 3996 2859 4051 fructibus
2888 4002 3107 4050 onustas
3133 3994 3380 4055 arbores,
3412 3990 3510 4043 0b?

1935 4103 2074 4149 tecta
2113 4092 2421 4147 nemoribus
2471 4090 2732 4143 montium
2773 4087 3043 4141 culmina:
3076 4094 3185 4137 tum
3208 4095 3417 4151 quoque
3446 4080 3511 4132 de

1934 4185 2226 4241 seminibus
2249 4224 2264 4249 ,
2297 4183 2364 4237 de
2394 4180 2651 4244 oleribus,
2675 4179 2743 4233 de
2789 4176 3031 4240 floribus,
3061 4175 3128 4228 de
3171 4172 3363 4243 plantis
3404 4180 3510 4224 tam

1935 4278 2223 4333 fructuosis
2276 4290 2436 4345 quam
2487 4269 2858 4335 infructuosis,
2891 4268 2960 4324 de
3013 4267 3203 4322 bestiis
3249 4263 3515 4318 cicuribus

1936 4370 2095 4425 simul
2124 4377 2179 4424 et
2207 4366 2505 4437 agrestibus
2525 4405 2540 4431 ,
2572 4361 2888 4433 aquatilibus
2914 4368 2969 4414 et
3011 4357 3370 4421 terrestribus,
3393 4371 3512 4425 quin

1938 4461 2195 4530 ancipites
2237 4458 2289 4512 in
2328 4466 2552 4526 utraque
2578 4454 2707 4509 sede
2747 4454 2967 4517 vivunt,
2998 4449 3066 4505 de
3097 4450 3159 4504 iis
3186 4464 3303 4519 quae.
3328 4462 3507 4502 aerem

1940 4554 2129 4623 pennis
2182 4561 2405 4617 secant,
2437 4550 2505 4604 de
2550 4548 2658 4603 illis
2707 4562 2825 4615 quae.
2875 4545 3024 4599 humi
3067 4553 3290 4613 repunt,
3344 4541 3517 4610 deque

1941 4645 2073 4714 ipsis
2097 4642 2282 4698 mundi
2309 4641 2592 4696 elementis
2618 4639 2784 4693 multa
2814 4636 3045 4692 disserui
3069 4675 3085 4701 ,
3114 4644 3169 4689 et
3197 4634 3252 4688 in
3292 4631 3515 4700 singulis

1941 4751 2045 4789 una
2061 4750 2193 4790 voce
2204 4731 2790 4788 simulaeclamabamus
2809 4742 3017 4794 omnes,
3036 4740 3157 4780 cum
3172 4737 3322 4779 mens
3337 4730 3518 4776 nostra

1944 4836 2022 4883 tot
2046 4828 2334 4881 immensas
2351 4838 2480 4893 opes
2502 4837 2695 4892 capere
2718 4836 2822 4875 non
2852 4827 3035 4889 posset
3057 4836 3070 4872 :
3103 4818 3268 4884 Quam
3295 4814 3522 4883 magniﬁ-

1942 4930 2055 4975 cata
2079 4927 2192 4973 sunt
2211 4932 2365 4987 opera
2385 4924 2492 4980 tua,
2521 4912 2774 4966 Domine!
2798 4910 2968 4965 omnia
2994 4910 3046 4962 in
3076 4906 3321 4977 sapientia
3344 4904 3505 4973 fecisti

1945 5011 2117 5083 (Psal.
2148 5011 2239 5066 91.
2268 5008 2347 5079 6).
2377 5007 2559 5075 Neque
2587 5020 2711 5059 vero
2741 5012 2959 5072 propter
2984 4996 3373 5055 multitudinem
3401 5002 3523 5047 tan-

1948 5111 2057 5157 tum
2086 5102 2179 5155 Dei
2206 5097 2522 5168 sapientiam
2549 5094 2893 5156 mirabamur,
2921 5090 3014 5145 sed
3048 5096 3102 5143 et
3138 5095 3353 5156 propter
3380 5093 3526 5136 utra-

1945 5211 2049 5265 que
2070 5194 2186 5248 haec
2210 5193 2334 5257 duo,
2359 5189 2497 5259 quod
2522 5195 2576 5242 et
2602 5186 2874 5256 pulchram
2913 5191 2967 5237 et
2993 5193 3238 5249 magnam
3265 5184 3319 5231 et
3346 5175 3518 5229 admi-

1948 5288 2171 5343 rabilem
2202 5283 2499 5339 condiderit
2523 5280 2860 5343 creaturam,‘
2882 5282 2936 5330 et
2973 5272 3113 5343 quod
3157 5270 3321 5325 multa
3352 5268 3522 5321 imbe-

1948 5380 2183 5436 cillitatis
2214 5378 2328 5447 ejus
2365 5374 2557 5429 indicia
2587 5372 2749 5427 rebus
2774 5382 2893 5436 qute
2925 5371 3216 5419 cernuntur
3250 5356 3521 5420 indiderit,

1949 5482 2059 5527 tum
2080 5480 2139 5525 ut
2160 5470 2227 5524 ob
2252 5466 2563 5537 sapientiam
2582 5462 2842 5524 laudetur,
2872 5468 3028 5526 atque
3054 5455 3119 5508 ad
3143 5453 3341 5508 cultum
3365 5463 3518 5503 suum

1946 5580 2040 5619 eos
2081 5562 2171 5632 qui
2214 5567 2440 5614 cernunt
2477 5556 2705 5617 alliciat;
2739 5560 2847 5605 tum
2880 5566 2947 5603 ne
2984 5547 3237 5602 Creatore
3279 5539 3521 5601 dimissn,

1949 5658 2036 5728 qui
2067 5653 2509 5727 pulchritudinem
2540 5663 2602 5702 ac
2630 5642 3045 5714 magnitudinem
3078 5638 3286 5693 illarum
3313 5634 3521 5689 intuen-

2013 5770 2085 5833 (a)
2114 5768 2244 5826 Haec,
2263 5763 2446 5833 qumad
2468 5754 3034 5833 hujushoumilireliabitze
3050 5758 3245 5812 tempus
3255 5744 3525 5810 pertinent,

1952 5829 2173 5900 pluribus
2195 5829 2489 5881 excussimus
2512 5829 2560 5873 in
2587 5829 2757 5871 Montio
2779 5830 2938 5881 supra.
