4028 6360
531 402 637 459 635
1266 396 1325 452 S.
1363 395 1641 453 JOANNIS
1662 393 2140 451 CHRYSOSTOMI
2177 394 2496 452 ARCHIEP.
2534 396 3067 454 CONSTANTINOP.
3712 402 3825 454 (ἱεεῖ

534 527 641 580 tur,
669 528 764 583 pro
785 512 877 566 illo
902 526 987 565 res
1012 509 1181 565 oculis
1202 509 1468 578 subjectus
1497 510 1741 575 adorent,
1771 526 1892 564 cum
1916 524 1977 563 ea
2001 524 2121 579 quae

533 610 587 663 in
621 609 724 662 illis
751 613 973 676 apparet
1005 604 1364 669 imbecillitas,
1396 604 1657 672 ejusmodi
1698 604 1965 673 corrigere
1995 619 2120 672 pos-

531 703 603 756 sit
631 714 893 754 errorem.
935 698 1064 751 Item
1106 713 1213 766 quo
1255 706 1409 765 pacto
1440 707 1680 751 creatura
1711 697 1885 749 omnis
1927 711 2120 749 corru-

533 792 699 861 ptioni
728 799 809 844 est
838 788 1089 854 obnoxia,
1121 797 1177 842 et
1205 787 1270 841 ad
1299 788 1571 843 meliorem
1613 788 1845 855 speciem
1892 786 2120 840 transfe-

534 894 703 946 retur,
735 881 922 952 majori
952 882 1121 952 gloria
1154 880 1478 951 perfruetur,
1510 890 1564 935 et
1590 881 1823 951 quando,
1852 890 1907 935 et
1934 896 2119 951 quare,

531 986 587 1029 et
613 989 710 1029 cur
735 973 967 1029 obnoxia
993 974 1326 1044 corruptioni
1348 974 1418 1027 sit
1441 973 1602 1037 edita,
1625 983 1788 1041 atque
1808 972 1923 1027 haec
1942 973 2122 1027 omnia

536 1075 648 1120 ιιιιιι
690 1065 831 1135 apud
872 1079 972 1119 vos
1013 1064 1541 1135 philosophabamur,
1590 1065 1790 1135 Deique
1830 1065 2121 1133 potentiam

536 1157 663 1212 inde
699 1155 1225 1223 demonstrabamus,
1256 1157 1396 1227 quod
1437 1158 1489 1211 in
1539 1156 1976 1227 corruptibilibus
2003 1171 2133 1212 cor.

534 1249 756 1320 poribus
785 1257 989 1303 tantam
1017 1248 1317 1303 condiderit
1358 1248 1825 1318 pulchritudinem,
1867 1264 2026 1319 quam
2070 1256 2127 1303 et

538 1358 569 1394 a
626 1340 888 1410 principio
915 1340 1054 1394 Deus
1082 1341 1184 1395 illis
1209 1340 1469 1404 attribuit,
1499 1340 1756 1404 siderum,
1798 1339 1914 1394 cali
1952 1348 2008 1395 et
2032 1353 2126 1394 θος

536 1431 622 1489 iis.
649 1432 786 1486 \‘ere
814 1446 1041 1499 namque
1062 1431 1241 1485 mirari
1272 1446 1576 1501 possumus,
1608 1446 1712 1500 qua
1742 1430 1971 1495 ratione,
2001 1444 2122 1483 cum

536 1532 617 1577 tot
639 1522 764 1576 anni
792 1522 902 1577 sint
929 1522 1116 1591 elapsi,
1149 1523 1278 1576 nihil
1309 1522 1412 1577 tale
1440 1523 1549 1577 sint
1568 1537 1742 1593 passa,
1766 1522 1922 1591 quale
1942 1531 2124 1577 neatra

537 1629 765 1683 corpora
814 1613 1107 1682 patiuntur,
1146 1628 1320 1683 neque
1364 1621 1640 1668 senectute
1681 1612 1888 1667 reddita
1932 1612 2128 1666 fuerint

550 1704 914 1771 imbecilliora,
959 1720 1133 1775 neque
1164 1705 1354 1759 morbo
1380 1705 1464 1758 vel
1492 1704 1804 1775 mgritudine
1829 1704 2003 1774 aliqua
2028 1703 2130 1759 dco

538 1795 741 1849 bilitata
772 1796 901 1861 sint,
933 1796 1025 1850 sed
1052 1796 1159 1850 vim
1187 1811 1249 1850 ac
1271 1795 1717 1866 pulchritudinem
1741 1810 1923 1860 suam,
1942 1810 2124 1866 quam,

542 1898 596 1941 nt
620 1896 742 1942 ante
768 1888 896 1953 dixi,
928 1889 1066 1943 Deus
1096 1890 1201 1945 illis
1226 1890 1560 1955 attribuerat,
1591 1904 1877 1956 perennem
1906 1901 2128 1941 conser-

538 1988 685 2040 vent,
716 1988 770 2031 et
792 1994 962 2047 neque
982 1978 1113 2034 solis
1139 1988 1514 2049 consumptum
1536 1979 1607 2033 sit
1630 1978 1830 2042 lumen,
1861 1992 2034 2044 neque
2054 1978 2131 2030 si-

537 2071 723 2124 derum
747 2070 999 2140 splendor
1021 2073 1359 2138 obscuratus,
1386 2087 1557 2140 neque
1577 2072 1693 2125 eteli
1715 2070 1886 2140 fulgor
1906 2069 2128 2125 efﬁnxe-

540 2162 630 2226 rit,
663 2178 769 2216 non
799 2164 964 2217 maris
994 2165 1207 2217 termini
1234 2164 1351 2217 loco
1380 2164 1508 2217 moti
1537 2164 1663 2226 sint,
1697 2178 1801 2217 non
1834 2172 1989 2216 terra:
2014 2160 2125 2215 vir-

540 2264 628 2309 tus
658 2255 723 2309 ad
754 2264 936 2324 partus
960 2270 1168 2309 annuos
1196 2255 1459 2310 fructuum
1488 2253 1726 2309 edendos
1753 2255 2011 2308 exstincta
2035 2252 2126 2307 sit.

545 2347 672 2401 llzec
701 2358 878 2401 autem
911 2349 1090 2402 omnia
1135 2348 1462 2418 corruptioni
1490 2363 1609 2402 esse
1634 2346 1864 2401 obnoxia
1898 2362 2019 2400 cum
2060 2361 2128 2400 ex

541 2440 857 2504 rationibus,
897 2449 1007 2493 tum
1047 2456 1114 2494 ex
1152 2439 1323 2495 sacris
1353 2440 1551 2496 Literis
1576 2438 2063 2493 demonstravimus
2110 2455 2125 2491 :

541 2529 764 2599 pulchra
792 2546 922 2585 vero
951 2531 1038 2585 illa
1063 2545 1185 2586 esse
1222 2545 1286 2586 ac
1314 2531 1591 2601 splendida
1626 2545 1885 2599 suumque
1913 2544 2131 2599 semper

541 2622 804 2692 integrum
854 2622 1089 2692 vigorem
1130 2637 1506 2686 conservasse,
1556 2622 1897 2691 quotidianus
1941 2636 2129 2675 eorum

542 2714 631 2783 qui
655 2722 883 2768 cernunt
912 2723 1137 2770 testatur
1161 2722 1429 2783 aspectus,
1460 2715 1517 2769 in
1557 2728 1665 2782 quo
1708 2713 1935 2766 maxime
1961 2712 2135 2767 admi.

542 2805 739 2863 randus
767 2815 849 2860 est
880 2807 1039 2871 Deus,
1084 2808 1173 2876 qui
1217 2806 1295 2861 sic
1332 2820 1395 2860 ea
1432 2805 1500 2860 ab
1542 2804 1693 2859 initio
1726 2804 1983 2859 condidit.
2022 2803 2132 2860 Sed

541 2900 814 2965 quoniam,
855 2899 983 2954 dum
1020 2901 1134 2955 brec
1162 2916 1190 2953 a
1232 2900 1388 2955 nobis
1426 2899 1751 2963 dicerentur,
1792 2899 2138 2969 refragaban-

546 3000 634 3045 tur
661 2991 901 3045 ttonnulli
926 2992 1165 3048 dicentes
1199 3009 1211 3044 :
1242 2992 1402 3062 Igitur
1439 2992 1676 3046 omnium
1705 3006 1824 3061 qua:
1846 2991 1946 3046 sub
1973 3006 2132 3060 aspe-

543 3091 688 3135 ctum
710 3081 925 3150 cadunt,
949 3082 1264 3137 vilissimum
1287 3090 1375 3141 est
1393 3081 1572 3147 homo,
1594 3082 1857 3151 siquidem
1877 3082 1994 3136 caeli
2013 3096 2134 3137 cor-

546 3188 670 3243 pus,
701 3183 877 3237 terrm,
910 3176 1060 3241 solis,
1088 3185 1143 3231 et
1168 3176 1406 3230 omnium
1436 3176 1667 3231 siderum
1715 3184 1861 3230 tanto
1897 3186 2134 3244 tempore

547 3262 776 3327 duravit,
813 3266 898 3319 bie
935 3280 1064 3319 vero
1094 3275 1213 3334 post
1246 3279 1417 3319 annos
1446 3267 1781 3336 septuaginta
1824 3266 2135 3321 dissolvitur

546 3364 707 3424 atque
741 3356 921 3411 interit
954 3375 966 3410 :
1000 3358 1227 3426 primum
1264 3358 1478 3427 quidem
1506 3358 1633 3413 illud
1664 3358 1983 3425 dixerimus,
2023 3373 2133 3415 non

547 3455 717 3500 totum
748 3449 942 3501 animal
974 3449 1213 3511 dissolvi,
1260 3450 1353 3503 sed
1391 3451 1707 3519 praecipuam
1740 3450 2013 3519 magisque
2041 3465 2138 3503 ne-

547 3540 832 3596 cessariam
860 3552 1059 3610 partem
1091 3554 1347 3614 perpetuo
1377 3560 1615 3611 manere,
1648 3546 1877 3598 animam
1912 3546 2134 3599 immor-

549 3631 730 3695 talem,
762 3647 880 3700 qum
907 3632 1065 3685 nullis
1096 3634 1360 3701 ejusmodi
1403 3634 1602 3688 morbis
1632 3645 1712 3689 est
1741 3634 1987 3700 obnoxia,
2030 3634 2135 3689 mi-

548 3738 732 3776 norem
763 3732 938 3778 autem
960 3726 1287 3793 corruptioni
1313 3740 1434 3781 esse
1454 3727 1740 3783 obnoxiam
1769 3744 1782 3780 :
1816 3726 2009 3783 deinde
2033 3727 2133 3783 hoc

549 3815 718 3881 ipsum
769 3814 1023 3882 majorem
1073 3816 1269 3872 cedere
1314 3818 1467 3871 nobis
1521 3820 1571 3871 in
1626 3818 1905 3873 honorem.
1954 3820 2136 3889 Neque

548 3906 689 3958 enitlt
720 3916 940 3970 temere,
982 3909 1063 3962 vel
1104 3909 1220 3963 sine
1260 3925 1440 3975 causa,
1477 3911 1570 3964 sed
1612 3922 1669 3965 et
1703 3911 1848 3980 juste
1887 3921 2044 3981 atque
2082 3914 2133 3967 in

549 4014 658 4052 rem
689 4008 922 4052 nostram
951 4009 1005 4054 et
1042 4011 1369 4056 senectutem
1400 4011 1454 4055 et
1495 4003 1710 4057 morbos
1740 4004 2063 4059 sustinemus
2106 4021 2127 4060 :

550 4088 686 4151 iuste
713 4091 948 4159 quidem,
978 4092 1117 4161 quod
1150 4094 1201 4146 in
1252 4104 1526 4162 peccatum
1563 4094 1700 4165 lapsi
1735 4094 1992 4151 fuerimus
2020 4113 2033 4150 :
2082 4097 2134 4150 in

549 4196 663 4234 rem
694 4191 928 4235 nostram
955 4192 1157 4249 autem,
1186 4193 1244 4237 ut
1282 4184 1570 4253 ingenitam
1618 4186 1770 4240 nobis
1814 4201 1879 4241 cx
1928 4187 2134 4255 ignavia

548 4271 853 4341 superbiam
885 4290 978 4344 per
1006 4275 1103 4329 hos
1146 4275 1387 4333 defectus
1414 4292 1478 4332 ac
1514 4279 1730 4331 morbos
1770 4279 2136 4335 retundamus.

548 4362 667 4419 Non
712 4364 871 4434 igitur
921 4377 979 4421 ut
1027 4369 1350 4423 contumelia
1404 4384 1504 4423 nos
1555 4367 1824 4433 afﬁceret,
1880 4368 1981 4424 hoc
2023 4369 2137 4424 ﬁeri

550 4457 799 4524 permisit
838 4459 999 4514 Deus.
1045 4460 1103 4515 Si
1145 4463 1286 4515 enim
1329 4460 1542 4516 afﬁcere
1582 4463 1901 4517 contumelia
1942 4463 2139 4517 voluis-

552 4558 655 4613 set,
697 4565 802 4604 non
835 4552 1188 4608 immortalem
1219 4568 1339 4609 esse
1367 4553 1597 4607 animam
1630 4566 1863 4609 nostram
1904 4555 2136 4610 sivisset.

550 4639 660 4695 Sed
691 4657 884 4711 neque,
915 4643 1059 4713 quod
1100 4645 1366 4715 impotens
1394 4656 1557 4713 esset,
1603 4648 1705 4701 tale
1744 4658 1983 4702 nostrum
2014 4662 2136 4701 cor-

553 4746 654 4801 pus
694 4731 894 4788 eﬁ‘ecit.
936 4735 1146 4790 Etenim
1188 4738 1233 4791 si
1276 4737 1551 4793 imbecillis
1594 4747 1759 4806 esset,
1810 4754 2139 4809 nequaquam

554 4823 744 4878 caelum
777 4834 831 4879 et
859 4824 1054 4893 sidera,
1083 4836 1138 4881 et
1163 4838 1319 4883 terra:
1345 4844 1539 4900 corpus
1570 4840 1715 4885 tanto
1739 4841 1979 4900 tempore
2004 4832 2138 4886 tueri

555 4914 609 4966 in
644 4930 829 4968 rerum
869 4924 1054 4970 natura
1083 4919 1344 4986 potuisset
1376 4938 1389 4970 :
1417 4919 1510 4972 sed
1540 4929 1595 4972 ιιι
1621 4935 1718 4973 nos
1744 4921 1991 4975 meliores
2021 4938 2140 4975 ntu-

554 5005 957 5076 deratioresque
1004 5006 1255 5063 redderet
1297 5010 1503 5079 sibique
1548 5011 1715 5080 magis
1764 5012 2138 5080 obsequentes,

552 5098 701 5168 quod
727 5101 901 5153 omnis
933 5102 1088 5155 nobis
1134 5101 1321 5155 salutis
1354 5104 1689 5158 occasionem
1728 5104 1969 5173 largitur.
2014 5104 2143 5157 Pro-

552 5203 735 5263 pterea
766 5208 871 5247 non
903 5194 1106 5261 eﬁ‘ecit,
1131 5204 1188 5249 ut
1224 5204 1316 5249 aut
1350 5206 1624 5251 senectute
1662 5198 1875 5261 caelum,
1904 5207 1995 5251 aut
2023 5197 2143 5251 aliis

552 5282 876 5351 quibusdam
923 5284 1123 5338 talibus
1168 5284 1367 5339 morbis
1409 5286 1789 5354 corriperetur.
1834 5285 1967 5341 Cum
1998 5287 2141 5341 enim

555 5375 725 5429 libero
765 5375 986 5430 arbitrio
1024 5378 1094 5430 sit
1134 5386 1187 5431 et
1224 5378 1401 5430 anima
1431 5376 1765 5442 destitutum,
1805 5394 1977 5448 neque
2012 5395 2144 5449 pec-

556 5482 702 5527 care,
728 5482 900 5535 neque
928 5480 1071 5521 recte
1098 5483 1256 5538 agere
1281 5478 1456 5536 potest
1479 5488 1493 5523 :
1525 5469 1666 5523 unde
1687 5484 1857 5539 neque
1881 5471 2143 5540 ejusmodi

560 5557 937 5613 emendatione
965 5559 1040 5613 illi
1071 5568 1153 5613 est
1188 5575 1324 5630 opus
1362 5578 1375 5614 :
1407 5560 1562 5616 nobis
1598 5570 1775 5616 autem
1809 5563 1899 5632 qui
1937 5563 2145 5618 ratione

558 5662 743 5701 sumus
784 5657 839 5703 et
874 5649 1050 5703 anima
1082 5652 1346 5716 exornati,
1388 5652 1749 5707 necessarium
1781 5651 1902 5716 fuit,
1945 5662 2004 5706 ut
2048 5669 2145 5722 per

558 5738 657 5792 bas
686 5738 1021 5797 inﬁrmitates
1048 5745 1368 5816 morbosque
1396 5744 1655 5801 modestia
1686 5754 1741 5800 et
1769 5745 2039 5800 humilitas
2065 5746 2145 5799 in-

560 5842 927 5902 generaretur,
957 5835 1383 5906 quandoquidem
1417 5851 1445 5891 a
1486 5838 1744 5909 principio
1784 5852 1892 5909 pra:
1935 5836 2145 5894 caeteris

2230 511 2481 563 omnibus
2526 512 2730 579 primus
2771 512 2934 566 homo
2961 512 3120 567 fuerit
3164 514 3219 569 in
3269 516 3573 585 superbiam
3623 516 3819 571 elatus.

2230 603 2481 672 Alioquin
2512 605 2556 657 si
2583 604 3033 673 quemadmodum
3065 616 3245 661 nostra
3272 622 3524 680 corpora,
3548 612 3631 667 sic
3655 617 3825 663 etiam

2228 693 2414 747 carlum
2460 696 2807 749 constitutum
2856 696 3045 750 fuisset
3086 712 3151 753 ac
3194 704 3455 752 senectuti
3500 701 3823 761 obnoxium,

2230 784 2379 839 multi
2412 785 2757 841 Conditorem
2800 788 3182 843 imbecillitatis
3225 801 3586 855 accusassent,
3629 800 3691 845 ut
3732 793 3828 860 qui

2228 877 2449 932 minime
2476 889 2657 948 posset
2681 895 2846 934 unum
2874 896 3069 952 corpus
3110 883 3161 936 in
3200 883 3393 936 multos
3421 898 3686 937 annorum
3720 885 3828 941 circ

2229 969 2404 1024 euitus
2442 985 2765 1026 conservare
2806 989 2817 1023 :
2856 972 2966 1042 jam
3007 988 3136 1027 vero
3166 974 3383 1043 prmeisa
3432 983 3513 1029 est
3562 976 3667 1033 illis
3708 976 3829 1031 haec

2228 1062 2475 1128 occasio,
2531 1076 2652 1117 cum
2702 1071 2851 1117 tanto
2902 1072 3141 1133 tempore
3182 1079 3342 1133 opera
3396 1063 3563 1135 ipsius
3604 1081 3835 1136 perma-n

2230 1162 2415 1211 neant.

2303 1246 2358 1301 5.
2399 1245 2621 1300 Accedit
2640 1244 2707 1300 ad
2733 1261 2795 1300 ea
2822 1262 2940 1316 qua:
2964 1246 3215 1313 diximus,
3238 1248 3385 1319 quod
3409 1265 3514 1303 non
3543 1250 3687 1305 intra
3719 1249 3826 1306 hoc

2230 1336 2485 1390 stecnltun
2513 1350 2600 1390 res
2622 1347 2821 1390 nostra:
2846 1337 3162 1403 subsistunt,
3197 1339 3288 1393 sed
3324 1350 3603 1410 postquam
3632 1343 3689 1395 in
3725 1341 3829 1397 hac

2230 1428 2335 1480 vita
2376 1427 2539 1497 probe
2579 1427 2839 1482 fuerimus
2874 1428 3141 1497 castigati,
3173 1430 3363 1498 majori
3383 1446 3608 1500 corpora
3636 1442 3837 1489 nostra

2230 1535 2353 1575 cum
2384 1521 2551 1589 gloria
2583 1529 2889 1589 resurgent,
2911 1530 2965 1575 et
2994 1521 3151 1587 caelo,
3177 1522 3290 1576 sole
3313 1536 3375 1575 ac
3409 1524 3619 1578 caneris
3641 1526 3831 1579 omni-

2231 1613 2329 1667 bus
2356 1612 2716 1681 splendidiora
2746 1624 3055 1679 cernentur,
3101 1622 3157 1668 et
3196 1614 3264 1669 ad
3304 1616 3579 1670 meliorem
3618 1626 3825 1671 sortem

2231 1704 2700 1774 conditionemqne
2741 1705 3149 1761 transferentur.
3178 1705 3328 1761 Unus
3366 1723 3495 1777 ergo
3523 1709 3719 1763 modus
3741 1720 3830 1765 est

2232 1795 2550 1865 cognitionis
2577 1796 2672 1851 Dei
2694 1838 2707 1860 ,
2740 1812 2836 1866 per
2872 1797 3172 1853 universam
3204 1813 3395 1869 nempe
3440 1815 3619 1855 rerum
3667 1813 3839 1855 namq

2232 1901 2392 1943 ram:
2432 1887 2567 1941 alter
2604 1902 2734 1941 vero
2772 1888 2943 1942 nihilo
2989 1888 3184 1953 minor,
3232 1890 3277 1943 is
3320 1906 3474 1958 quem
3519 1894 3830 1961 suppeditat

2233 1976 2581 2045 conscientia,
2613 1994 2771 2048 quem
2812 1980 2983 2050 ipsum
3017 1988 3142 2035 tunc
3168 1980 3408 2050 pluribus
3437 1983 3612 2037 verbis
3654 2000 3826 2054 expo-

2233 2070 2469 2134 suimus,
2507 2071 2771 2141 simulque
2811 2072 3144 2126 ostendimus
3182 2073 3393 2127 insitam
3431 2090 3549 2127 esse
3595 2077 3752 2130 nobis
3794 2094 3837 2132 a»

2231 2170 2421 2217 natura
2449 2163 2707 2218 bonarum
2736 2165 3102 2235 malarumque
3128 2181 3307 2219 rerum
3338 2167 3722 2234 cognitionem,
3772 2182 3828 2224 et

2232 2256 2613 2310 conscientiam
2648 2255 2801 2312 nobis
2841 2256 3066 2312 interius
3089 2256 3206 2312 hare
3239 2269 3431 2312 cuncta
3455 2259 3681 2313 dictare.
3714 2261 3827 2314 Du»

2232 2347 2431 2417 quippe
2454 2347 2609 2403 nobis
2634 2362 2667 2401 a
2688 2348 2955 2418 principio
2973 2348 3081 2403 dati
3106 2356 3231 2402 sunt
3265 2365 3293 2400 a
3326 2356 3509 2402 natura
3552 2350 3837 2415 doctores,

2233 2446 2499 2504 creatura,
2530 2447 2584 2492 et
2611 2438 2955 2503 conscientia,
2984 2438 3077 2510 qui
3098 2438 3216 2493 sine
3256 2454 3397 2493 voce
3427 2438 3533 2492 ulla
3578 2440 3826 2494 homines

2234 2530 2602 2587 instituebant.
2631 2530 2763 2585 Nam
2790 2540 2845 2586 et
2874 2541 3115 2585 creatura
3155 2541 3444 2602 conspectu
3474 2546 3571 2585 suo
3611 2545 3833 2601 Spectaq

2235 2632 2405 2678 torem
2430 2623 2879 2693 obstupefaciens,
2910 2623 3057 2678 illum
3078 2631 3267 2679 cuncta
3288 2634 3594 2679 cernentem
3618 2624 3684 2677 ad
3711 2625 3827 2693 ejus

2233 2713 2327 2784 qui
2356 2714 2523 2783 ipsam
2553 2714 2791 2768 condidit
2815 2713 3220 2771 admirationem
3246 2714 3470 2768 traducit
3498 2732 3511 2767 :
3543 2716 3839 2769 conscien-

2237 2806 2307 2861 tia
2345 2821 2493 2871 vero,
2534 2822 2653 2877 quae
2682 2809 2822 2861 intus
2856 2806 3041 2873 dictat,
3074 2806 3253 2861 omnia
3278 2822 3397 2876 quae
3432 2806 3672 2860 facienda
3704 2817 3827 2859 sunt

2234 2898 2488 2968 suggerit,
2531 2898 2753 2967 ejusque
2789 2898 3038 2953 virtutem
3078 2906 3136 2953 et
3159 2888 3418 2966 judicium
3464 2912 3526 2951 ex
3578 2897 3699 2965 ipso
3740 2913 3823 2950 re-

2236 3005 2354 3045 rum
2393 3000 2610 3060 aspectu
2639 2989 3109 3060 deprehendimus.
3142 2989 3276 3042 Dum
3301 2990 3441 3044 enim
3470 2989 3610 3041 intus
3640 3004 3837 3055 peccas

2237 3093 2349 3138 tum
2391 3092 2626 3145 accusat,
2667 3082 2870 3138 vultum
2916 3081 3195 3137 confundit
3237 3084 3496 3146 exterius,
3546 3096 3611 3133 ac
3659 3083 3827 3133 multo

2236 3189 2469 3230 maerore
2494 3174 2746 3245 complet.
2773 3174 2985 3229 Rursus
3025 3172 3252 3243 pallidos
3279 3170 3455 3226 reddit
3496 3180 3551 3225 et
3582 3171 3835 3240 pavidos,

2236 3281 2357 3320 cum
2390 3266 2443 3319 in
2487 3280 2548 3320 re
2571 3265 2746 3335 aliqua
2774 3265 2915 3334 turpi
2953 3263 3216 3318 fuerimus
3244 3261 3594 3331 deprehensi;
3639 3276 3824 3314 vocem

2237 3372 2343 3412 non
2374 3357 2639 3421 audimus,
2669 3356 2763 3412 sed
2791 3372 2885 3425 per
2912 3364 3199 3411 externum
3232 3365 3505 3423 aspectum
3540 3354 3825 3423 ingenera-

2239 3456 2347 3501 tam
2379 3448 2519 3502 intus
2541 3448 2956 3518 indignationem
2984 3446 3425 3514 contemplemur.
3457 3445 3592 3499 Cum
3620 3445 3706 3499 his
3730 3461 3826 3498 au-

2239 3549 2348 3595 tem
2372 3538 2578 3593 duobus
2601 3538 2815 3593 tertium
2837 3552 3049 3608 quoque
3073 3537 3347 3591 doctorem
3369 3552 3399 3589 a
3431 3536 3522 3591 Dei
3545 3537 3827 3605 providen-

2240 3632 2310 3685 tia
2342 3631 2503 3685 fuisse
2544 3629 2852 3699 adjunctum
2899 3630 3072 3683 oratio
3111 3627 3533 3692 demonstrabat,
3585 3642 3692 3680 non
3718 3627 3824 3696 jam

2239 3734 2445 3780 mutum
2486 3732 2544 3777 ut
2588 3725 2811 3793 priores,
2855 3721 2949 3776 sed
2989 3721 3077 3791 qui
3119 3734 3391 3785 sermone,
3437 3718 3831 3785 admonitione,

2238 3815 2463 3870 consilio
2488 3816 2722 3869 animum
2753 3823 2992 3868 nostrum
3014 3819 3377 3881 componeret.
3391 3808 3521 3876 Quis
3548 3808 3637 3862 ille
3670 3824 3827 3877 porro

2238 3909 2358 3963 est?
2387 3907 2486 3975 Qui
2512 3906 2797 3961 attributus
2821 3914 2901 3960 est
2932 3903 3214 3973 unicuique
3236 3906 3474 3956 nascenti
3504 3911 3676 3970 pater.
3708 3900 3826 3954 Ideo

2241 4018 2468 4072 namque
2496 4001 2621 4056 fecit
2646 4002 2803 4064 Deus,
2838 4008 2894 4053 ut
2932 4016 2961 4051 a
3006 3997 3315 4068 parentibus
3358 3996 3726 4066 diligeremur,
3773 4002 3828 4046 ut

2241 4108 2597 4166 przeceptores
2635 4095 2843 4149 virtutis
2874 4093 3209 4148 haberemus.
3242 4091 3355 4146 Non
3395 4092 3537 4145 enim
3580 4090 3824 4159 genuisse

2244 4199 2445 4243 tantum
2493 4199 2698 4256 patrem
2740 4187 2925 4253 efﬁcit,
2961 4186 3056 4241 sed
3086 4193 3233 4240 recte
3263 4184 3554 4238 instituisse
3602 4200 3615 4235 :
3660 4196 3826 4250 neque

2244 4279 2513 4349 peperisse
2552 4288 2775 4343 tantum,
2818 4278 2913 4333 sed
2948 4288 3095 4332 recte
3135 4277 3395 4331 educasse
3437 4282 3665 4329 matrem
3714 4273 3827 4327 red-

2240 4373 2340 4427 dit.
2366 4374 2540 4443 Atque
2566 4372 2666 4427 boe
2694 4386 2879 4425 verum
2909 4385 3047 4433 esse,
3083 4383 3258 4439 neque
3296 4375 3565 4432 naturam,
3595 4365 3693 4419 sed
3723 4365 3825 4418 vir-

2243 4473 2410 4519 tutem
2466 4473 2644 4533 patres
2685 4461 2921 4527 efﬁcere,
2969 4461 3367 4516 conﬁtebuntur
3410 4466 3664 4527 parentes
3710 4457 3829 4525 ipsi.

2243 4554 2383 4609 Sane
2409 4554 2622 4623 quidem
2655 4552 2791 4605 ﬁlios
2822 4566 2950 4606 suos
2989 4565 3133 4620 saape
3158 4564 3284 4604 cum
3319 4547 3627 4617 depravatis
3672 4545 3825 4599 mori-

2246 4649 2347 4701 bus
2392 4662 2512 4700 csse
2554 4644 2809 4707 viderint,
2861 4653 3022 4713 atque
3070 4643 3123 4696 in
3169 4641 3565 4711 improbitatem
3604 4639 3825 4709 degene-

2248 4753 2416 4805 rasse,
2457 4754 2523 4792 ex
2570 4751 2790 4791 suorum
2816 4736 2934 4790 illos
2959 4744 3309 4805 cognatorum
3338 4745 3564 4786 numero
3589 4730 3824 4799 ejiciunt,

2245 4829 2511 4893 abdicant,
2556 4829 2689 4881 alios
2732 4826 2832 4881 sibi
2879 4825 3136 4895 adoptant
3179 4824 3337 4889 ﬁlios,
3393 4823 3482 4892 qui
3536 4821 3682 4875 nulla
3731 4820 3825 4875 sibi

2247 4929 2401 4974 erant
2424 4918 2819 4989 propinquitate
2839 4916 3131 4987 conjuncti.
3162 4916 3245 4969 An
3268 4928 3399 4969 vero
3418 4912 3711 4983 quidquam
3733 4912 3827 4965 hoc

2250 5013 2362 5067 ﬁeri
2397 5022 2571 5082 potest
2597 5011 2915 5075 mirabilius,
2943 5024 3103 5080 quam
3129 5017 3189 5061 ut
3215 5021 3350 5077 quos
3376 5014 3697 5076 genueram,
3738 5002 3828 5071 eji-

2246 5108 2387 5161 ciant
2420 5123 2433 5158 :
2462 5119 2594 5175 quos
2620 5113 2798 5159 autem
2823 5120 2928 5157 non
2954 5110 3269 5172 genuerunt,
3301 5100 3401 5154 sibi
3428 5097 3765 5153 adscisant!

2318 5200 2485 5253 Liberi
2528 5200 2722 5252 arbitrii
2768 5198 2934 5266 major
2974 5197 3068 5261 vis,
3113 5210 3267 5264 quam
3305 5200 3533 5256 natura;
3558 5192 3656 5258 ﬁlii
3693 5205 3828 5260 preat

2247 5291 2548 5345 abdicantur
2576 5306 2607 5343 a
2632 5288 2940 5359 parentibus.
2958 5286 3159 5340 --Non
3186 5286 3303 5339 sine
3331 5298 3491 5337 causa
3536 5282 3679 5337 dicta
3710 5289 3831 5335 sunt

2250 5385 2365 5439 hcce
2389 5400 2415 5435 a
2449 5382 2622 5449 nobis,
2665 5380 2759 5435 sed
2805 5388 2862 5433 ut
2902 5380 3039 5433 scias
3081 5376 3338 5444 majorem
3381 5389 3501 5429 esse
3541 5374 3647 5426 vim
3681 5371 3828 5425 liberi

2248 5469 2451 5522 arbitrii
2480 5482 2637 5537 quam
2666 5474 2889 5531 naturae,
2918 5473 3078 5533 atque
3099 5463 3267 5531 ipsam
3294 5460 3470 5530 potius
3499 5470 3659 5527 quam
3693 5457 3829 5509 illam

2250 5571 2427 5629 patres
2472 5558 2689 5613 efﬁcere
2732 5556 3097 5609 consuevisse.
3146 5552 3435 5607 Enimvero
3486 5549 3683 5603 divina:
3735 5547 3831 5600 hoc

2248 5666 2381 5719 opus
2409 5650 2506 5704 fuit
2534 5646 2899 5718 providentim,
2932 5654 2989 5699 ut
3009 5659 3183 5713 neque
3204 5640 3430 5697 naturali
3454 5638 3647 5694 aﬂ'ectu
3675 5638 3832 5691 desti-

2251 5751 2392 5798 tutos
2438 5743 2636 5799 liberos
2684 5740 3032 5809 relinqueret,
3076 5752 3253 5807 neque
3301 5745 3471 5790 totum
3522 5747 3716 5787 rursus
3759 5730 3829 5783 illi

2252 5836 2627 5893 committeret.
2665 5833 2721 5889 Si
2747 5832 2890 5888 enim
2935 5830 3080 5887 nulla
3108 5829 3323 5900 penitus
3361 5825 3573 5897 impulsi
3603 5824 3831 5881 necessi-
