4028 6360
199 380 306 437 637

200 510 310 555 tate
340 508 546 555 natura:
576 499 711 555 filios
736 514 860 555 suos
889 508 1134 570 parentes
1163 500 1410 556 dilecturi
1437 499 1684 567 fuissent,
1703 499 1798 555 sed

199 607 416 646 morum
457 592 722 661 probitate
768 602 969 646 tantum
1013 602 1068 648 et
1113 603 1261 648 recte
1312 593 1573 647 factorum
1621 592 1798 647 studio

173 683 376 764 ‘ducti,
404 684 603 739 multos
632 685 867 753 paternis
909 685 1113 740 aedibus
1160 695 1376 741 exactos
1420 685 1488 740 ob
1535 685 1798 754 ignaviam

173 765 381 842 lsuam,
422 786 700 848 totumque
734 793 904 847 genus
935 777 1226 833 lmmanum
1256 778 1454 848 passim
1486 777 1796 832 distractum

202 884 271 924 ac
289 868 606 938 dissipatum
637 869 882 923 vidisses.
911 867 966 924 Si
992 885 1178 924 rursus
1200 885 1312 923 rem
1343 879 1505 922 totam
1529 868 1797 938 tyrannidi

202 970 410 1015 natura:
432 961 808 1027 commisisset,
835 971 889 1015 et
916 977 981 1016 ne
1002 962 1274 1032 improbos
1297 960 1510 1031 quidem
1532 961 1654 1015 odio
1675 974 1799 1029 pro-

203 1054 360 1124 sequi
390 1054 742 1122 permisisset,
787 1052 880 1106 sed
924 1053 993 1106 ab
1032 1053 1133 1107 illis
1163 1053 1511 1107 contumelias
1549 1062 1601 1106 et
1643 1052 1800 1105 innu-

204 1161 356 1198 mera
387 1145 521 1198 mala
557 1145 697 1214 passi
747 1154 926 1214 patres
964 1155 1168 1197 natura:
1209 1144 1524 1197 necessitate
1566 1142 1798 1197 devincti

204 1238 332 1291 filiis
363 1237 412 1290 in
445 1252 502 1290 se
529 1235 932 1290 contumeliosis
975 1250 1038 1289 ac
1079 1235 1530 1289 debacchantibus
1568 1232 1797 1288 blandiri

203 1347 314 1385 non
348 1339 670 1395 cessassent,
704 1329 770 1382 ad
800 1343 1068 1382 sunnnum
1109 1327 1360 1397 nequitire
1393 1326 1603 1379 culmen
1629 1340 1797 1395 genus

205 1422 500 1476 humanum
530 1430 836 1490 provectum
859 1429 1020 1475 esset.
1042 1419 1174 1474 Nam
1198 1420 1242 1472 si
1269 1433 1412 1472 nunc
1433 1433 1554 1472 cum
1579 1416 1798 1470 omnino

204 1517 479 1571 eontidere
509 1525 710 1569 natura:
736 1530 843 1569 non
869 1514 1078 1584 possint
1107 1513 1223 1576 filii,
1253 1512 1346 1567 sed
1381 1513 1577 1565 multos
1603 1511 1795 1577 sciant,

205 1624 328 1661 cum
355 1608 627 1677 depravati
659 1615 860 1672 essent,
888 1615 944 1660 et
974 1605 1134 1659 domo
1164 1613 1217 1658 et
1246 1603 1585 1657 facultatibus
1615 1613 1796 1671 pater—

207 1700 290 1753 nis
321 1699 605 1764 excidisse,
635 1713 779 1767 Stepe
809 1705 986 1751 tamen
1015 1707 1294 1766 parentum
1315 1710 1500 1748 amore
1525 1694 1646 1748 freti
1669 1710 1797 1748 con-

208 1793 445 1846 tumeliis
473 1805 568 1846 eos
598 1789 838 1844 afficiunt
865 1806 879 1843 :
913 1789 1014 1842 nisi
1043 1787 1374 1857 permisisset
1403 1787 1560 1852 Deus,
1593 1794 1652 1839 ut
1677 1785 1798 1838 illos

204 1885 455 1940 succensi
501 1883 907 1948 ulciscerentur,
960 1889 1015 1935 et
1057 1879 1330 1948 improbos
1379 1878 1546 1933 factos
1600 1877 1798 1932 liberos

207 1977 394 2046 procul
422 1974 791 2038 amandarent,
819 1988 926 2043 quo
955 1988 1060 2026 non
1092 1986 1150 2025 se
1180 1971 1427 2039 nequitia:
1456 1985 1652 2039 genere
1678 1984 1799 2022 con-

208 2067 596 2122 taminassent?
615 2065 740 2120 Ideo
765 2073 819 2120 et
845 2073 1048 2118 natura:
1071 2062 1409 2126 necessitate,
1433 2069 1489 2116 et
1507 2061 1798 2115 liberorum

205 2159 452 2214 moribus
477 2159 571 2212 niti
600 2166 876 2228 parentum
897 2171 1138 2210 amorem
1157 2154 1325 2209 voluit
1349 2154 1510 2220 Deus,
1535 2162 1593 2206 ut
1612 2161 1665 2206 et
1688 2168 1800 2206 me-

207 2253 466 2310 diocriter
505 2252 849 2322 peccantibus
897 2251 1099 2313 liberis,
1147 2249 1214 2303 ad
1257 2250 1359 2304 hoe
1398 2264 1492 2304 eos
1540 2249 1798 2303 invitante

208 2357 421 2411 natura,
454 2349 660 2400 veniam
691 2344 899 2407 darent,
929 2354 982 2398 et
1011 2343 1327 2412 depravatos
1362 2351 1520 2411 atque
1549 2340 1795 2395 immedi-

208 2439 371 2494 cabili
402 2439 589 2494 morbo
620 2437 923 2492 laborantes
947 2437 1218 2505 punirent,
1256 2451 1324 2490 ne
1362 2435 1428 2489 ad
1467 2435 1654 2488 vitium
1681 2434 1799 2487 illos

209 2530 539 2600 indulgentia
569 2545 663 2584 sua
693 2529 990 2595 erudirent,
1033 2529 1077 2583 si
1106 2538 1297 2582 natura
1328 2542 1512 2581 rursus
1539 2527 1796 2590 vinceret,

210 2641 412 2695 eosque
441 2625 622 2679 liberis
652 2625 761 2678 suis
788 2623 1016 2678 blandiri
1063 2631 1300 2692 cogeret,
1341 2623 1502 2676 etiam
1543 2636 1662 2674 eum
1695 2620 1798 2672 im-

211 2720 366 2789 probi
384 2728 584 2773 essent.
603 2718 825 2784 Quantm
841 2717 962 2782 hoc,
985 2731 1187 2787 quaiso,
1209 2714 1573 2785 providentiae,
1598 2729 1718 2767 cum
1745 2723 1798 2766 et

209 2813 437 2883 diligere
473 2812 659 2882 jubeat
696 2822 750 2866 et
793 2811 961 2864 amori
1005 2810 1221 2864 modUm
1262 2824 1482 2878 ponere,
1524 2817 1578 2862 et
1615 2822 1800 2861 rursus

209 2906 431 2974 Optima:
462 2904 749 2958 liberorum
794 2901 1094 2956 educationi
1133 2901 1435 2954 mercedem
1483 2899 1800 2954 constituat?

207 2995 546 3064 PrOpositam
576 2994 717 3048 enim
741 3009 864 3048 esse
885 2993 1184 3048 mercedem
1211 3004 1264 3047 et
1290 3008 1395 3045 non
1419 2991 1546 3045 viris
1572 2999 1798 3058 tantum,

208 3087 309 3142 sed
336 3087 494 3141 etiam
524 3087 736 3142 feminis
767 3095 824 3142 ut
849 3085 1132 3155 intelligas,
1165 3085 1285 3139 audi
1317 3100 1420 3153 quo
1446 3093 1598 3153 pacto
1620 3086 1800 3138 multis

210 3179 265 3232 in
300 3179 433 3233 locis
460 3187 516 3233 et
549 3177 614 3233 ad
662 3179 780 3232 illas
808 3187 862 3233 et
889 3177 957 3233 de
994 3177 1102 3231 illis
1131 3177 1402 3245 Scriptura
1430 3177 1592 3230 verba
1621 3175 1796 3243 faciat,

208 3285 387 3339 neque
412 3275 588 3323 minus
611 3269 675 3323 ad
701 3269 818 3323 illas
844 3284 1001 3339 quam
1028 3269 1094 3321 ad
1118 3268 1280 3322 viros.
1310 3268 1439 3321 Cum
1463 3267 1602 3321 enim
1630 3267 1799 3322 dixis—

206 3371 296 3416 set
334 3361 549 3427 Paulus,
595 3359 785 3414 Mulier
828 3370 993 3413 autem
1042 3360 1245 3413 seducta
1290 3361 1343 3411 in
1391 3359 1802 3429 prwvaricatione

208 3454 331 3522 fuit,
362 3453 580 3522 adjecit,
615 3453 912 3507 Saluabitur
942 3461 1111 3504 autem
1141 3468 1230 3520 per
1260 3450 1482 3519 ﬁliorum
1521 3451 1802 3520 generatio-

208 3563 335 3601 nem
365 3545 441 3618 (1.
473 3545 604 3599 Tim.
633 3545 688 3602 2.
722 3546 807 3600 14.
842 3546 952 3615 15).
983 3545 1134 3610 Quod
1175 3554 1351 3598 autem
1383 3544 1476 3608 ait,
1509 3548 1644 3597 hanc
1673 3560 1801 3597 sen-

211 3639 433 3693 tentiam
459 3637 621 3693 habet
652 3656 664 3691 :
699 3637 863 3692 Doles
902 3637 1042 3708 quod
1076 3647 1126 3691 te
1154 3638 1343 3691 mulier
1373 3639 1541 3706 prima
1578 3637 1630 3689 in
1676 3651 1800 3705 par-

211 3739 297 3784 tus
327 3730 541 3784 dolores
571 3729 906 3799 laboresque,
936 3745 999 3784 ac
1022 3730 1230 3798 longam
1270 3731 1401 3783 uteri
1450 3730 1800 3798 gestationem

209 3821 540 3890 conjecerit?
593 3822 662 3874 At
721 3831 774 3874 tu
833 3821 941 3874 noli
992 3836 1310 3875 succensere
1366 3838 1378 3874 :
1437 3838 1606 3890 neque
1658 3822 1799 3875 enim

211 3921 364 3966 tanto
389 3912 586 3967 damno
615 3923 833 3981 propter
857 3913 1070 3967 dolores
1099 3924 1278 3982 partus
1299 3923 1351 3967 et
1377 3913 1585 3967 labores
1613 3913 1800 3968 affecta

211 4019 293 4070 es,
321 4015 578 4074 quantum
607 4013 868 4073 qumstum
912 4004 1062 4069 facis,
1095 4005 1136 4058 si
1169 4005 1323 4068 velis,
1369 4005 1495 4059 dum
1539 4006 1799 4058 bonorum

212 4113 436 4166 operum
477 4098 814 4152 occasionem
864 4112 930 4151 ex
971 4107 1112 4151 recta
1157 4098 1444 4152 liberorum
1487 4098 1802 4152 educatione

211 4191 403 4244 sumis.
447 4189 546 4257 Qui
581 4193 720 4244 enim
768 4190 877 4244 nati
916 4199 1042 4243 sunt
1091 4190 1263 4254 liberi,
1311 4189 1356 4242 si
1398 4191 1801 4244 convenientem

215 4281 414 4336 fuerint
444 4283 645 4335 cultum
677 4283 839 4346 nacti,
867 4298 930 4336 ac
957 4291 1042 4335 tua
1069 4296 1193 4334 cura
1226 4281 1421 4334 fuerint
1446 4281 1512 4334 ad
1554 4281 1802 4336 virtutem

209 4363 505 4435 informati,
539 4375 757 4427 multam
797 4374 890 4427 tibi
933 4373 1156 4426 offerent
1201 4373 1533 4426 occasionem
1581 4373 1799 4439 salutis;

209 4481 272 4519 ac
300 4475 499 4535 prmtcr
530 4466 738 4534 propria
769 4466 903 4520 bona
937 4481 1097 4535 opera
1127 4465 1346 4517 multam
1374 4464 1444 4518 ob
1471 4465 1704 4519 studium
1748 4466 1800 4519 in

210 4559 314 4612 ista
343 4558 596 4611 collatum
637 4558 862 4625 recipies
892 4555 1214 4611 mercedem.

193 4709 196 4711 Α
283 4651 337 4704 4.
385 4653 559 4717 Atque
597 4657 652 4702 ut
690 4648 866 4702 discas
908 4664 1011 4702 non
1055 4658 1262 4717 partum
1301 4657 1524 4702 matrem
1565 4648 1799 4716 efficere,

209 4756 387 4811 neque
414 4741 716 4795 mercedem
748 4741 868 4794 huic
894 4755 1012 4794 esse
1042 4741 1121 4794 rei
1147 4741 1492 4810 propositam,
1522 4741 1646 4796 alibi
1671 4757 1803 4811 quo-

213 4850 323 4899 que
348 4831 558 4886 viduam
585 4833 860 4902 alloquens
890 4831 1086 4886 Paulus
1113 4833 1184 4886 ita
1215 4832 1350 4886 dixit
1377 4851 1391 4886 :
1423 4832 1485 4887 Si
1513 4834 1647 4902 ﬁlios
1675 4834 1802 4886 edu-

203 4925 339 4977 cavit
371 4924 452 4993 (1.
489 4922 619 4976 Tim.
651 4925 705 4979 5.
745 4925 835 4988 10)
872 4943 884 4977 :
920 4939 1091 4993 neque
1125 4924 1278 4990 dixit,
1318 4925 1372 4980 Si
1407 4923 1545 4978 filios
1573 4926 1800 4995 peperit,

208 5017 326 5082 sed,
361 5017 426 5070 Si
454 5018 587 5086 ﬁlios
608 5017 854 5071 educavit.
885 5017 1017 5072 Nam
1049 5017 1176 5071 illud
1197 5018 1412 5087 quidem
1443 5029 1666 5086 naturze,
1700 5019 1803 5074 hoc

206 5125 341 5166 vero
363 5109 515 5162 liberi
541 5119 623 5163 est
648 5110 872 5163 arbitrii.
891 5111 1177 5178 Propterea
1203 5124 1322 5162 eum
1343 5109 1428 5164 hic
1454 5111 1614 5165 etiam
1637 5111 1804 5166 dixis-

189 5182 310 5264 set,
362 5200 658 5254 Saluabitur
697 5218 787 5271 per
824 5201 1048 5269 ﬁliorum
1082 5201 1471 5270 generationem,
1505 5219 1675 5272 neque
1714 5204 1804 5257 hic

211 5292 470 5370 substitit,
503 5292 596 5346 sed
628 5308 749 5346 cum
791 5293 1077 5346 ostendere
1117 5293 1281 5346 vellet
1318 5308 1424 5346 non
1471 5293 1666 5349 liberos
1706 5313 1800 5366 ge-

210 5390 419 5450 nuisse,
450 5386 543 5439 sed
574 5397 722 5440 recte
747 5386 944 5439 liberos
971 5386 1248 5452 educasse,
1295 5388 1396 5440 hoc
1427 5388 1582 5442 nobis
1609 5389 1800 5444 afferre

209 5477 541 5543 mercedem,
569 5477 760 5546 adjecit
787 5494 800 5529 :
839 5477 900 5532 Si
942 5479 1307 5547 permanserint
1352 5479 1405 5532 in
1431 5466 1566 5547 ﬁdei,
1599 5491 1644 5533 et
1676 5482 1804 5534 dile-

208 5572 402 5635 ctione,
423 5580 469 5623 et
494 5572 890 5638 sanctiﬁcatione
914 5588 1027 5624 cum
1053 5574 1319 5626 sobrietate
1345 5573 1418 5640 (l.
1446 5572 1576 5626 Tim.
1601 5574 1655 5627 2.
1685 5577 1797 5646 iii).

210 5664 453 5730 Quorum
475 5664 758 5719 verborum
781 5665 868 5718 hic
892 5680 1081 5720 sensus
1101 5675 1182 5720 est
1205 5681 1218 5718 :
1245 5668 1392 5722 Tune
1414 5668 1632 5722 multam
1654 5685 1800 5724 mer-

210 5757 405 5811 cedem
433 5756 680 5826 aceipies,
713 5758 754 5810 si
782 5757 872 5825 qui
900 5758 1161 5825 procreati
1203 5769 1330 5812 sunt
1371 5759 1520 5813 liberi
1554 5775 1801 5829 perman-

212 5850 386 5900 serint
414 5848 466 5900 i-n
509 5847 631 5915 fide,
673 5857 726 5902 et
754 5847 1041 5902 dilectione
1071 5858 1123 5903 et
1151 5849 1676 5915 sanctilicatione._Si
1704 5850 1802 5922 igi-

1521 341 1608 442 ΒΕ
1649 385 1799 441 ΑΝΝΑ

1906 385 2102 442 »ΕΒΜΟ
2138 409 2180 443 ι.
3394 405 3498 463 633

3429 433 3459 462 δ

1907 506 1994 554 tur
2035 500 2102 555 ad
2133 501 2247 556 haec
2283 517 2376 558 eos
2417 504 2629 570 ineites,
2669 507 2714 562 si
2750 508 3063 580 admoneas,
3105 513 3151 568 si
3193 514 3408 582 doceas,
3452 519 3500 571 si

1902 595 2128 649 consilio
2149 595 2325 664 juves,
2353 598 2423 653 ob
2449 598 2587 654 hanc
2612 616 2795 658 curam
2822 604 2986 659 multa
3033 605 3128 660 tibi
3158 609 3297 676 apud
3329 609 3496 664 Deum

1903 700 2115 740 merces
2144 688 2245 740 erit
2268 689 2576 744 constituta.

1977 775 2183 830 Mulieri
2203 781 2421 833 maxime
2447 783 2674 836 convenit
2695 784 2924 838 educatio
2957 785 3260 856 liberorum;
3285 790 3495 845 historia

1905 863 2066 919 Amne
2095 868 2268 920 matris
2313 869 2608 935 Samuelis;
2649 874 2883 928 sterilitas
2920 888 3164 944 quantum
3191 882 3399 934 malum.
3423 911 3496 923 ~—

1903 957 1982 1011 Ne
2005 959 2165 1028 igitur
2193 960 2422 1015 alienum
2454 979 2482 1015 a
2513 979 2573 1018 se
2607 966 2861 1020 mulieres
2891 968 3232 1037 arbitrentur,
3264 974 3306 1026 si
3330 982 3386 1027 et
3414 974 3494 1028 fe-

1904 1049 2166 1102 minarum
2209 1057 2264 1104 et
2315 1053 2541 1106 marium
2583 1070 2762 1109 curam
2804 1068 3008 1126 gerant.
3057 1060 3172 1114 Non
3215 1063 3355 1116 enim
3410 1064 3496 1116 hic

1877 1205 1879 1208 η
1904 1153 2090 1192 sexmn
2117 1140 2359 1195 distinxit
2396 1149 2552 1209 Deus,
2579 1145 2671 1199 sed
2703 1155 2756 1199 et
2782 1148 2890 1202 illic
2917 1149 3231 1218 simpliciter
3257 1154 3407 1216 dixit,
3432 1154 3493 1207 Si

1905 1232 2039 1299 ﬁlios
2070 1233 2331 1297 educavit;
2353 1243 2405 1288 et
2432 1236 2534 1301 hic,
2569 1237 2628 1291 Si
2651 1242 3014 1308 permanserint
3045 1243 3096 1295 in
3139 1244 3262 1311 fide,
3292 1254 3337 1298 et
3368 1247 3493 1299 dile-

1904 1324 2085 1388 ctione,
2121 1337 2166 1376 et
2206 1328 2626 1392 sanctiﬁcatione.
2667 1329 2849 1400 Itaque
2892 1335 3167 1404 utriusque
3195 1338 3406 1405 generis
3435 1339 3495 1391 li-

1903 1415 2152 1469 berorum
2184 1419 2520 1486 suscipienda
2562 1422 2718 1475 nobis
2760 1433 2844 1477 est
2870 1441 3016 1491 cura,
3048 1436 3298 1497 tantoque
3328 1431 3498 1498 magis

1904 1508 2237 1575 mulieribus,
2269 1521 2466 1579 quanto
2508 1515 2703 1582 saepius
2734 1516 2876 1569 domi
2908 1519 3164 1573 resident.
3193 1520 3323 1574 Nam
3352 1523 3497 1576 viros

1903 1600 2114 1668 quidem
2149 1604 2624 1671 peregrinationes,
2657 1622 2718 1661 ae
2742 1608 2839 1661 fori
2884 1611 3290 1676 sollicitudines,
3321 1625 3374 1668 et
3401 1630 3496 1667 ne-

1903 1692 2042 1760 gotia
2075 1691 2311 1747 civitatis
2356 1709 2500 1763 saepe
2529 1696 2868 1753 distrahunt:
2896 1702 3085 1754 mulier
3113 1714 3288 1757 autem
3315 1705 3382 1758 ab
3411 1704 3496 1758 his

1903 1783 2046 1836 curis
2073 1783 2460 1840 immunitatem
2493 1789 2679 1843 sortita
2707 1789 2912 1846 facilius
2936 1795 3146 1860 poterit,
3185 1781 3317 1849 cum.
3349 1805 3497 1851 tanto

1904 1874 2108 1931 fruatur
2150 1878 2279 1940 otio,
2336 1879 2622 1935 liberorum
2670 1898 2849 1937 curam
2890 1901 3094 1954 gerere.
3130 1887 3204 1940 fta
3234 1889 3498 1946 faciebant

1903 1969 2134 2039 antiquae
2164 1972 2451 2028 mulieres:
2485 1991 2588 2029 non
2614 1977 2756 2031 enim
2778 1995 2807 2031 a
2833 1979 2960 2033 viris
2991 1983 3184 2044 Solum,
3210 1983 3300 2037 sed
3329 1985 3488 2039 etiam

1906 2076 1936 2114 a
1968 2062 2280 2118 mulieribus
2308 2065 2409 2119 hoc
2439 2068 2752 2134 postulatur,
2787 2079 2843 2123 ut
2864 2087 3008 2134 suos,
3034 2073 3269 2142 inquam,
3299 2075 3497 2130 liberos

1903 2163 2114 2220 curent,
2147 2165 2304 2224 atque
2333 2156 2398 2211 ad
2427 2157 2817 2230 philosophiam
2842 2163 2959 2217 illos
2990 2165 3224 2220 incitent.
3257 2167 3405 2232 Quod
3439 2177 3497 2222 ut

1905 2260 2088 2297 verum
2112 2261 2230 2300 esse
2252 2258 2483 2316 constet,
2510 2260 2744 2306 veterem
2769 2253 2920 2308 vobis
2948 2255 3218 2310 historiam
3247 2261 3496 2315 narrabo.

1905 2337 2030 2391 Fuit
2055 2339 2192 2408 apud
2222 2340 2438 2396 Judmos
2468 2343 2621 2398 Anna
2660 2346 2852 2400 mulier
2889 2348 3153 2415 qumdam.
3187 2351 3311 2404 [lare
3341 2354 3493 2406 Anna

1904 2431 2074 2485 nmlto
2104 2441 2343 2502 tempore
2383 2437 2663 2490 sterilitate
2689 2439 2968 2506 laboravit,
3003 2441 3248 2511 quodque
3287 2445 3499 2512 gravius

1905 2520 2023 2586 fuit,
2071 2522 2428 2598 ejusqzemula
2475 2529 2764 2582 multorum
2815 2529 3100 2584 liberorum
3147 2542 3315 2587 mater
3359 2545 3494 2589 erat.

1905 2615 2062 2668 Scitis
2083 2627 2256 2670 autem
2289 2633 2444 2686 quam
2476 2631 2662 2673 natura
2707 2637 2800 2675 sua
2839 2633 2893 2677 et
2918 2640 3014 2692 per
3040 2627 3266 2694 seipsam
3297 2643 3383 2681 res
3411 2629 3496 2681 illa

1904 2707 2215 2761 mulieribus
2242 2709 2312 2762 sit
2341 2710 2722 2764 intolerabilis:
2747 2729 2867 2767 eum
2908 2730 3036 2768 vero
3076 2717 3272 2770 liberos
3297 2718 3499 2772 habens

1905 2800 2110 2852 accedit
2132 2803 2343 2867 aemula,
2379 2803 2546 2856 multo
2572 2804 2631 2856 fit
2655 2806 2901 2872 gravior:
2927 2807 3188 2874 siquidem
3217 2824 3281 2861 ex
3305 2810 3497 2862 mulie-

1905 2890 1980 2943 ris
2013 2890 2149 2944 illius
2181 2894 2533 2960 prosperitate
2564 2895 2756 2948 melius
2781 2895 3136 2949 calamitatem
3164 2912 3313 2950 suam
3341 2899 3498 2953 intel-

1906 2980 2049 3050 ligit;
2095 2983 2229 3036 sicut
2270 2993 2322 3037 et
2351 2984 2441 3053 qui
2469 2994 2712 3038 extrema
2756 2997 3070 3054 premuntur
3099 2997 3353 3056 egestate,
3386 2999 3496 3043 tum

1906 3069 2085 3125 dolent
2126 3073 2321 3139 acrius,
2364 3089 2484 3128 cum
2526 3073 2720 3128 divites
2750 3075 2854 3130 illis
2887 3077 2938 3129 in
2967 3089 3197 3131 mentem
3229 3079 3492 3135 venerint.

1904 3163 2088 3233 Neque
2114 3182 2240 3220 vero
2264 3167 2632 3222 calamitosum
2674 3168 2776 3223 hoc
2820 3177 3023 3224 tantum
3064 3171 3178 3235 fuit,
3211 3173 3348 3242 quod
3382 3171 3498 3228 haec

1906 3255 2100 3310 liberos
2128 3273 2231 3310 nou
2260 3258 2498 3324 haberet,
2525 3259 2610 3312 illa
2640 3259 2877 3326 haberet,
2914 3262 3006 3315 sed
3037 3262 3180 3332 quod
3201 3265 3388 3318 armula
3414 3281 3499 3320 es-

1907 3357 2020 3400 set:
2048 3364 2220 3418 neque
2256 3350 2398 3419 quod
2436 3352 2625 3404 mmula
2667 3361 2868 3406 tantum
2913 3363 3074 3418 esset,
3105 3371 3292 3410 verum
3340 3357 3496 3411 etiam

1907 3439 2047 3508 quod
2078 3441 2244 3508 ipsam
2277 3441 2343 3494 ad
2371 3442 2696 3496 iracundiam
2723 3454 3057 3513 provocaret,
3088 3462 3152 3500 eo
3179 3447 3320 3516 quod
3349 3449 3494 3504 illam

1907 3541 2207 3599 sperneret.
2241 3533 2379 3587 Deus
2406 3543 2584 3589 autem
2616 3550 2738 3589 cum
2768 3536 2870 3590 hoc
2918 3548 3182 3603 cerneret,
3217 3542 3495 3606 tolerabat,

1908 3634 1960 3677 ct
1992 3623 2112 3676 Non
2143 3623 2280 3678 dedit
2312 3626 2358 3679 ei
2388 3623 2880 3698 Dominus,~inquit,
2905 3630 3070 3694 [ilium
3100 3633 3374 3684 secundum
3397 3635 3496 3686 tri-

1908 3717 2211 3770 bulationem
2255 3719 2364 3786 ejus
2400 3728 2444 3770 et
2486 3721 2758 3771 secundum
2792 3722 3044 3774 tristitiam
3075 3725 3257 3777 animae
3281 3725 3390 3793 eius
3417 3724 3494 3796 (l.

1907 3811 2036 3881 Reg.
2073 3812 2122 3864 1.
2159 3811 2236 3879 6).
2278 3810 2415 3876 Quid
2465 3820 2565 3876 est,
2610 3812 2899 3866 Secundum
2939 3815 3315 3869 tribulationem
3349 3819 3496 3888 ejus.’

1909 3902 2019 3955 Dici
2061 3918 2166 3954 non
2215 3912 2411 3970 potest,
2447 3903 2634 3972 inquit,
2678 3920 2799 3958 eum
2841 3906 3107 3961 videntem
3153 3909 3294 3962 illam
3342 3926 3493 3979 aequo

1907 3995 2085 4048 animo
2127 3995 2479 4049 calamitatem
2532 3997 2703 4062 ferre,
2737 3997 3037 4053 cohibuisse
3088 4009 3292 4066 partum
3340 4000 3490 4071 ejus;

1907 4086 2150 4154 quamvis
2175 4101 2292 4139 eam
2323 4087 2567 4151 cruciari,
2598 4087 2799 4152 dolere,
2824 4088 2982 4158 afﬂigi
3019 4090 3244 4154 videret,
3293 4108 3492 4147 maero-

1908 4194 2020 4232 rem
2055 4188 2232 4231 tamen
2261 4180 2376 4248 ejus
2402 4196 2504 4232 non
2533 4179 2801 4245 discussit,
2834 4191 2887 4233 ut
2913 4181 3084 4250 majus
3109 4181 3301 4251 aliquid
3331 4185 3490 4237 moli-

1909 4279 2076 4323 retur.
2101 4268 2228 4324 llazc
2255 4286 2321 4322 ne
2353 4279 2618 4339 tamquam
2648 4271 2789 4324 aliud
2818 4281 3037 4341 agentes
3075 4273 3373 4342 audiamus,
3399 4277 3493 4331 sed

1908 4361 2195 4415 maximam
2227 4361 2615 4431 philosophiam
2640 4363 2761 4417 hinc
2787 4363 3052 4419 discamus
3071 4367 3111 4432 ¹,
3137 4376 3189 4421 et
3208 4367 3253 4422 si
3283 4369 3496 4437 quando

1909 4451 1962 4504 in
1992 4453 2190 4505 malum
2233 4453 2448 4521 aliquod
2498 4453 2863 4520 inciderimus,
2895 4455 3018 4510 licet
3043 4456 3340 4525 doleamus,
3372 4460 3494 4516 licet

1907 4541 2280 4607 lamentamur,
2313 4543 2434 4597 licet
2464 4543 2796 4599 intolerabile
2823 4545 2975 4600 nobis
3005 4549 3197 4602 malum
3230 4549 3492 4619 videatur,

1909 4649 1977 4689 ne
2005 4650 2374 4703 properemus.
2408 4650 2505 4690 nec
2535 4637 2713 4690 animo
2743 4637 3104 4704 concidamus,
3131 4641 3222 4695 sed
3256 4643 3347 4696 Dei
3373 4659 3497 4714 pro~

1907 4726 2196 4781 videntium
2244 4737 2638 4796 exspectemus.
2692 4727 2786 4782 llle
2835 4745 3063 4800 namque
3111 4732 3276 4800 probe
3325 4735 3494 4802 novit,

1907 4817 2120 4886 quando
2150 4817 2276 4871 illud
2319 4815 2710 4872 discutiendum
2741 4820 2831 4884 sit,
2877 4822 3018 4890 quod
3046 4823 3312 4877 tristitiam
3343 4826 3496 4879 nobis

1909 4908 2080 4976 parit:
2101 4907 2244 4976 quod
2272 4917 2324 4962 et
2348 4908 2436 4962 isti
2455 4909 2694 4979 contigit.
2717 4910 2832 4964 Non
2862 4913 3002 4966 enim
3022 4916 3161 4982 quod
3187 4913 3352 4982 ipsam
3370 4917 3494 4969 odio

1908 5009 2354 5069 prosequeretur,
2407 5011 2500 5054 aut
2547 5013 2924 5071 aversaretur,
2973 5005 3111 5059 Deus
3155 5007 3498 5063 coneluserat

1909 5092 2116 5146 vulvam
2140 5091 2273 5160 ejus,
2299 5093 2390 5147 sed
2419 5101 2477 5146 ut
2499 5094 2636 5148 fores
2658 5095 2812 5148 nobis
2838 5097 3184 5164 philosophia:
3206 5110 3493 5166 reserarat,

1907 5200 2010 5253 qua
2042 5185 2264 5253 praedita
2291 5185 2482 5238 mulier
2509 5185 2629 5252 fuit,
2653 5189 2876 5256 ejusque
2905 5187 3025 5241 fidei
3053 5188 3264 5242 divitias
3283 5193 3501 5260 conspi.

1907 5292 2174 5343 ceremus,
2214 5293 2276 5331 ac
2305 5278 2617 5334 nobiliorem
2650 5279 2792 5333 illam
2824 5280 2948 5334 hinc
2979 5281 3046 5335 ab
3072 5295 3138 5335 eo
3167 5279 3331 5337 fuisse
3372 5287 3495 5336 red-

1908 5370 2071 5423 ditam
2097 5385 2562 5438 cognosceremus.
2593 5372 2730 5425 Audi
2770 5389 2899 5427 vero
2927 5375 3082 5426 etiam
3114 5389 3233 5442 qua:
3259 5390 3496 5443 sequun-

1909 5471 2012 5515 tur.
2044 5462 2110 5515 Et
2137 5464 2208 5516 sic
2233 5463 2466 5530 faciebat,
2498 5464 2688 5533 inquit,
2721 5465 2931 5534 singulis
2959 5466 3107 5519 ann-is
3130 5483 3162 5518 a
3189 5468 3344 5519 multo
3368 5479 3494 5520 tem-

1908 5571 2048 5624 pore,
2078 5571 2191 5608 cum
2219 5557 2505 5608 ascenderet
2531 5557 2642 5623 ipsa
2667 5557 2721 5608 in
2751 5556 2956 5608 domum
2978 5557 3201 5609 Domini.
3230 5557 3294 5610 Et
3316 5560 3491 5610 trista-

1907 5645 2071 5712 batur,
2104 5656 2150 5699 et
2199 5647 2446 5716 plorabat,
2492 5656 2536 5700 et
2574 5664 2673 5700 non
2715 5647 3003 5700 comedebat
3044 5649 3121 5718 (1.
3173 5647 3300 5716 Reg.
3337 5650 3388 5703 1.
3413 5649 3490 5718 7).

1909 5860 1953 5913 ιο
1972 5803 1988 5832 ι
2024 5800 2153 5910 qolb.
2175 5801 2271 5871 duo
2287 5812 2339 5853 et
2356 5811 2493 5865 tteg.,
2509 5803 2595 5854 sed
2613 5799 2692 5852 llic
2708 5804 2974 5855 maximam
2994 5803 3375 5866 uliilosopnemur
3393 5801 3500 5866 phi-

1953 5876 2035 5913 sov
2054 5877 2184 5913 nam.
2200 5873 2204 5877 ’

1953 5876 2184 5927 sap/nam.
