4028 6360
483 460 595 521 859

490 580 735 633 lntensus
762 564 937 631 dolor,
963 561 1210 617 diuturna
1254 546 1538 621 :cgritudo,
1589 555 1696 597 non
1741 538 1849 593 duo
1896 542 2073 588 tresve

493 669 630 733 dies,
659 676 758 718 nec
781 654 987 727 viginti,
1012 662 1112 706 nec
1138 654 1375 706 centum,
1401 652 1503 694 nec
1522 633 1692 699 mille,
1715 643 1817 685 nec
1843 626 1926 682 bis
1957 622 2088 678 toti-

497 760 618 815 dem
640 774 655 812 :
684 751 865 808 multis
885 746 1038 802 annis
1054 740 1268 798 dolebat
1287 734 1498 796 mulier,
1521 737 1573 784 et
1598 721 1963 782 cruciabatur;
1984 718 2089 769 hoc

498 852 640 907 enim
666 856 747 901 est
777 841 926 905 illud,
958 838 1001 891 A
1026 834 1184 889 multo
1216 841 1436 897 tempore
1464 822 1537 893 (a)
1559 839 1571 875 :
1596 824 1965 873 verumtamen
1984 823 2089 861 non

504 942 844 1013 impatienter
872 933 1011 997 tulit,
1051 940 1226 997 neque
1252 916 1510 989 temporis
1540 906 1816 981 longitudo
1852 901 2093 972 philoso-

513 1406 679 1460 ftlium
719 1398 956 1467 optabat,
1001 1388 1095 1445 sed
1125 1386 1237 1441 Deo
1266 1357 1509 1436 fructum
1537 1372 1740 1431 dicare,
1770 1376 1930 1434 atque
1972 1357 2107 1413 uteri

510 1499 595 1553 sui
616 1493 878 1566 primitias
899 1486 1112 1543 ochrre,
1144 1494 1207 1533 ac
1235 1473 1506 1547 prreclara:
1545 1464 1701 1519 istius
1740 1451 2111 1529 promissionis

1554 1556 1582 1566 ς-
1612 1555 1650 1566 ,η
1713 1552 1742 1564 ..
1823 1546 2111 1566 πλέη-,Δ

514 1546 818 1645 merrcedem
845 1579 1066 1635 referre.
1088 1546 1251 1628 Unde
1268 1565 1317 1621 id
1339 1556 1584 1619 constat?
1612 1555 1689 1609 Ex
1713 1552 1775 1606 iis
1799 1546 1978 1603 verbis
1993 1554 2113 1613 qua:

519 1688 833 1753 sequuntur.
884 1671 1042 1728 Scitis
1098 1665 1281 1733 utique
1320 1668 1515 1713 comes
1553 1646 1868 1705 mulieribus
1897 1648 2117 1711 propter

1409 1748 1459 1753 “’“
1519 1750 1523 1753 ‘
1681 1740 1712 1753 "
1801 1748 1811 1753 -
1856 1750 1871 1753 -
1920 1735 1986 1753 9—-
2022 1731 2086 1753 Ι.-

520 1731 745 1753 ,Ἴρην
1196 1731 1208 1733 _

520 1778 666 1829 viros
709 1761 1098 1824 intolerandam
1145 1770 1264 1811 esse
1295 1748 1651 1806 sterilitatem.
1681 1740 1817 1794 Sunt
1843 1735 1990 1790 ettim
2021 1731 2118 1785 ho-

523 1868 697 1922 mines
727 1858 937 1932 plurimi
965 1865 1069 1909 tam
1102 1851 1385 1910 immanes,
1415 1850 1477 1895 ut
1506 1834 1821 1892 mulieribus
1844 1828 1976 1883 vitio
1995 1840 2119 1879 ver-

525 1969 659 2026 tant,
707 1957 751 2011 si
795 1954 929 2008 forte
973 1963 1078 2002 non
1123 1942 1352 2013 pariant,
1389 1948 1488 1990 nec
1519 1931 1697 1986 sciunt
1736 1925 1841 1979 hoc
1877 1916 2123 1993 pariendi

527 2054 724 2107 donum
751 2047 819 2101 de
845 2042 992 2099 caelis
1021 2048 1180 2107 atque
1207 2050 1237 2087 a
1268 2024 1604 2102 provident-ia
1651 2020 1831 2074 divina
1862 2014 2122 2084 originem

536 2508 812 2567 consortio
840 2488 1194 2558 delectantur.

614 2603 667 2658 5.
712 2597 1003 2653 Videamus
1032 2604 1181 2659 ergo,
1225 2595 1352 2639 num
1400 2578 1523 2633 huic
1565 2570 1777 2629 mulieri
1817 2568 1923 2622 hoc
1963 2566 2136 2635 ipsum

543 2693 817 2751 acciderit.
852 2687 984 2742 Nam
1030 2683 1074 2737 si
1103 2680 1408 2747 despectam
1436 2668 1651 2741 quidem
1686 2665 1849 2725 illaut,
1893 2669 2137 2714 contem-

544 2799 689 2860 ptam
707 2793 761 2839 et
781 2775 1117 2836 contumeliis
1133 2746 1374 2826 affectam
1393 2761 1609 2822 videris,
1629 2771 1799 2827 neque
1815 2752 1982 2825 gratia
2002 2746 2142 2819 apud

546 2880 796 2936 maritum
830 2873 1025 2933 valere,
1054 2866 1142 2937 qui
1173 2876 1273 2917 nec
1296 2859 1398 2914 ulla
1426 2856 1593 2925 ipsam
1614 2846 1979 2905 benevolentia
1997 2857 2148 2897 e-tmt

552 2975 849 3044 plectatur,
902 2934 1100 3018 idcirco
1144 2955 1288 3010 illam
1336 2950 1503 3005 lilium
1550 2951 1834 3012 exoptasse
1881 2934 2149 3005 conjicere

549 3024 773 3139 poteris,
801 3024 858 3111 ut
886 3053 1051 3109 multa
1084 3046 1273 3103 fiducia
1300 3051 1356 3098 et
1378 3041 1628 3095 libertate
1655 3031 1932 3103 gauderet,
1955 3040 2018 3080 ac
2034 3024 2150 3078 viro

555 3116 760 3225 gratior
804 3148 975 3201 fieret.
1000 3141 1097 3197 Sin
1128 3146 1306 3191 autem
1347 3127 1679 3186 contrarium
1706 3116 2150 3189 deprehenderis,

555 3208 787 3311 eamque
830 3234 1118 3306 gratiorem
1148 3227 1236 3282 illa
1286 3222 1471 3287 fuisse,
1519 3232 1639 3289 qure
1670 3214 1866 3269 liberos
1904 3208 2156 3276 habebat,

561 3332 703 3404 quod
732 3344 850 3385 eam
878 3326 961 3379 vir
986 3338 1114 3378 suus
1148 3315 1338 3387 majori
1371 3306 1741 3366 benevolentia
1772 3301 2159 3371 complectere-

564 3439 671 3491 tur,
702 3423 828 3476 hinc
848 3422 1069 3487 apparet
1089 3426 1194 3465 non
1218 3407 1287 3461 ob
1309 3406 1596 3459 humanum
1624 3398 1854 3467 aliquem
1884 3391 2157 3455 affectum,

566 3524 823 3588 nequeut
854 3513 1022 3564 virum
1071 3503 1174 3560 sibi
1214 3498 1386 3568 magis
1425 3491 1759 3556 conciliaret,
1804 3501 1921 3541 eam
1950 3493 2165 3554 optasse

567 3612 785 3665 liberos,
836 3601 930 3657 sed
974 3598 1044 3652 ob
1087 3608 1207 3649 eam
1248 3601 1491 3648 causam,
1520 3597 1678 3654 quam
1708 3579 1963 3633 diximus.
2013 3572 2167 3629 Unde

569 3703 727 3772 igitur
758 3696 860 3751 hoc
889 3688 1084 3761 liquet?
1116 3683 1248 3740 Audi
1281 3680 1384 3734 hoc
1409 3678 1675 3732 dicentem
1707 3679 2003 3725 auctorem.
2051 3664 2167 3719 Non

567 3794 713 3850 enim
763 3788 864 3842 hoc
911 3760 1110 3837 temere
1143 3773 1339 3847 posuit,
1389 3768 1483 3824 sed
1530 3775 1588 3820 ut
1633 3762 1872 3817 mulieris
1919 3760 2168 3813 virtutem

572 3896 860 3957 agnoscas.
884 3874 1020 3945 Quid
1049 3887 1177 3942 ergo
1200 3866 1368 3938 inquit
1386 3858 1782 3928 illc'!.Diligebat
1809 3857 1944 3910 enim
1973 3852 2173 3905 Annam

580 3944 776 4033 bilcrma
802 3987 951 4042 super
980 3966 1313 4019 Phenannam
1334 3956 1410 4027 (1.
1442 3954 1570 4024 Reg.
1605 3951 1656 4005 1.
1685 3949 1761 4018 5).
1788 3944 1987 4001 Deinde
2016 3955 2175 4011 porto

579 4086 701 4125 cum
734 4066 875 4121 illam
906 4059 1113 4113 videret
1140 4068 1244 4108 non
1267 4046 1572 4109 comedere,
1595 4040 1688 4095 sed
1713 4039 1943 4107 plorare,
1971 4034 2173 4103 inquit:

587 4160 723 4229 Quid
753 4169 824 4211 est
855 4154 963 4215 tibi,
994 4150 1115 4219 quia
1146 4140 1355 4214 ploras?
1392 4148 1438 4191 et
1480 4150 1570 4188 cur
1604 4148 1705 4185 non
1731 4125 1987 4182 comedis?
2014 4132 2063 4177 et
2091 4138 2180 4174 cur

584 4252 809 4307 uerberat
838 4257 884 4299 te
912 4259 999 4297 cor
1023 4235 1205 4293 tuum?
1231 4245 1396 4286 nonne
1421 4228 1579 4281 bonus
1607 4239 1696 4292 ego
1728 4220 1816 4273 tibi
1837 4232 1987 4286 super
2012 4213 2182 4266 decem

588 4305 724 4414 ﬁlios
751 4337 910 4409 (Ibid.
933 4350 982 4387 υ.
1006 4330 1100 4400 8)?
1135 4324 1294 4380 Vides
1320 4333 1483 4390 quam
1515 4314 1594 4369 illi
1619 4311 1899 4366 devinctus
1927 4305 2103 4360 esset?
2130 4311 2185 4357 et

589 4403 704 4507 ejus
730 4403 888 4488 causa
919 4425 1096 4498 potius
1123 4417 1359 4481 dolebat,
1409 4426 1518 4466 non
1559 4405 1701 4478 quod
1738 4403 1922 4458 liberis
1950 4405 2183 4459 careret,

592 4488 688 4584 sed
713 4522 853 4596 quod
883 4488 1090 4575 tristem
1118 4512 1264 4568 illam
1291 4518 1345 4562 et
1366 4515 1599 4559 maerore
1624 4496 1923 4552 confectam
1947 4488 2189 4545 videret?

599 4579 944 4676 Non'tamen
995 4602 1283 4678 persuasit,
1330 4606 1388 4651 ut
1429 4591 1702 4649 tristitiam
1732 4587 2040 4641 discuteret.
2070 4579 2189 4635 Non

600 4713 744 4769 enim
776 4674 1169 4775 propter-illum
1201 4693 1367 4746 lilium
1398 4684 1695 4756 quaerebat,
1741 4676 1837 4733 sed
1868 4684 1926 4730 ut
1961 4674 2191 4742 aliquem

607 4807 716 4861 Deo
745 4772 973 4857 fructum
1007 4788 1305 4846 exhiberet.
1338 4781 1407 4836 Et
1431 4777 1672 4838 surrexit,
1704 4772 1899 4842 inquit,
1932 4777 2196 4839 postquam

603 4897 701 4967 ipsi
731 4889 1050 4947 comederunt
1082 4882 1135 4935 in
1167 4875 1391 4941 Selom‘,
1425 4881 1470 4926 et
1499 4870 1747 4931 biberant,
1777 4873 1823 4918 et
1868 4861 1999 4915 stetit
2024 4874 2197 4912 coram

608 4949 827 5049 [domino
859 4977 1019 5051 (Ibid.
1050 4993 1101 5029 υ.
1125 4971 1206 5041 9).
1236 4969 1350 5023 Non
1395 4964 1512 5020 sine
1542 4973 1701 5015 causa
1735 4957 1935 5011 dictum
1974 4960 2058 5006 est
2100 4949 2201 5002 hoc

608 5094 842 5153 quoque,
865 5042 1146 5138 l’ostquam
1172 5060 1513 5119 comederunt,
1543 5062 1589 5105 et
1616 5049 1877 5103 biberant:
1905 5042 1997 5098 sed
2032 5050 2087 5095 ιιι
2120 5042 2202 5093 in-

611 5134 839 5240 telligas;
869 5134 1017 5234 quod
1043 5157 1130 5213 alii
1152 5148 1514 5221 voluptatibus
1534 5154 1589 5198 et
1616 5142 1728 5196 otio
1758 5149 1968 5206 tempus
1998 5134 2206 5201 itnpe:.-

614 5268 769 5325 dunt,
802 5256 932 5313 illud
982 5267 1100 5308 eam
1144 5245 1392 5316 precibus
1444 5253 1507 5291 ac
1554 5231 1807 5301 lacrymis
1860 5224 2203 5296 impendisse,

617 5355 756 5427 quod
801 5348 977 5405 sobria
1008 5342 1293 5414 plurimum
1325 5349 1387 5387 ac
1413 5329 1637 5399 vigilans
1666 5330 1827 5377 esset.
1856 5319 1921 5372 Et
1960 5317 2092 5370 stetit
2118 5332 2206 5368 co-

616 5470 728 5509 ram
755 5446 974 5502 Domino
998 5413 1018 5493 :7
1035 5448 1080 5491 et
1116 5433 1229 5488 Heli
1278 5426 1532 5487 sacerdos,
1578 5419 1770 5489 inquit,
1815 5413 2019 5468 sedebat
2060 5426 2210 5479 super

826 5539 880 5591 in
906 5529 1160 5588 liminibus
1187 5520 1359 5591 templi
1394 5514 1623 5570 Domini.
1653 5509 1728 5565 Nc
1760 5508 1861 5560 hoc
1890 5501 2102 5573 quidem
2135 5513 2213 5553 tc-

623 5652 771 5694 mere
814 5631 1047 5703 positum
1087 5630 1192 5685 est,
1227 5616 1347 5670 Heli
1374 5609 1609 5667 sacerdos
1648 5602 1846 5659 sedebat
1875 5600 1928 5652 in
1959 5595 2213 5652 liminibus

689 5812 709 5845 ι
744 5806 907 5862 Silam,
933 5809 1048 5861 Reg.
1076 5800 1129 5863 et
1147 5791 1282 5842 Colb.
1306 5798 1449 5836 unus.

694 5837 709 5845 ’
744 5837 887 5859 οιιυισι
933 5837 961 5850 ιι
1036 5837 1048 5845 υ
1080 5837 1129 5844 ν-
1153 5837 1279 5842 --γκκ

694 5882 767 5937 (a)
795 5837 1028 5937 iambi?"
1036 5854 1187 5937 multo
1207 5870 1439 5937 “tempore
1461 5854 1599 5937 ltili):
1636 5851 1688 5937 ἐς
1710 5844 1893 5906 ἱκανοῦ,
1920 5841 2102 5906 φησίν),
2125 5837 2215 5886 de.

632 5914 775 5986 «iiii
795 5914 1059 5990 inlinit»
1092 5926 1181 5975 sed
1203 5914 1470 5976 Colbertini
1508 5914 1709 5963 habent.

1232 441 1292 498 S.
1330 430 1612 495 JOANNIS
1646 411 2117 484 CHRYSOSTOHI
2154 404 2478 469 ARCHIEP.
2517 394 3055 461 CONSTANTINOP.

3687 383 3795 439 (MO

2193 521 2365 591 templi
2386 516 2625 580 Domini;
2652 513 2746 569 sed
2765 520 2822 566 ut
2840 510 3019 565 fervor
3042 504 3282 562 mulien’s
3306 499 3637 557 ostendatur.
3658 497 3796 553 Nam

2190 625 2251 671 ut
2269 628 2413 683 saepe
2437 610 2595 666 vidua
2618 606 2811 662 mulier
2830 603 3028 658 auxilio
3054 600 3304 655 destituta
3332 608 3396 650 ac
3412 593 3648 655 deserta,
3666 606 3806 644 con-

2196 705 2431 763 tumeliis
2458 717 2524 756 ac
2548 700 2712 754 variis
2740 696 2950 767 injuriis
2988 692 3201 756 affecta,
3229 704 3351 743 cum
3386 686 3524 740 forte
3551 682 3809 738 imminet

2200 794 2545 867 Imperatoris
2562 790 2844 852 adventus,
2873 783 3216 848 satellitibus,
3239 778 3498 850 clypeatis
3512 774 3810 838 militibus,

2200 888 2489 959 equitibus,
2522 884 2736 953 alioque
2761 879 2932 935 multo
2960 874 3225 932 famulitio
3256 869 3619 943 prtccedente,
3642 865 3816 919 mini-

2203 957 2291 1037 me
2314 987 2570 1044 terretur,
2602 989 2775 1045 neque
2800 980 3027 1043 patrono
3056 967 3277 1035 indiget,
3310 962 3405 1019 sed
3450 974 3643 1015 omnes
3691 957 3817 1012 illos

2207 1084 2559 1145 perrumpens
2586 1067 2755 1122 multa
2786 1079 2907 1118 cum
2935 1059 3129 1115 fiducia
3160 1057 3538 1126 Imperatorem
3580 1049 3818 1119 alloqui-

2209 1179 2296 1225 tur
2322 1180 2581 1235 suamque
2605 1161 2963 1218 calamitatem
2989 1154 3254 1224 deplorat,
3279 1149 3346 1203 ad
3372 1148 3489 1217 ejus
3515 1146 3819 1214 alloquium

2209 1265 2277 1317 ab
2304 1263 2418 1333 ipsa
2457 1257 2779 1314 necessitate
2806 1252 3069 1308 deducta:
3102 1248 3181 1302 sic
3222 1244 3473 1299 nimirum
3511 1248 3569 1295 et
3612 1237 3821 1292 mulier

2212 1356 2312 1410 ista
2344 1368 2451 1408 non
2494 1349 2734 1415 erubuit,
2765 1360 2940 1417 neque
2976 1343 3123 1397 illam
3164 1338 3355 1411 puduit
3383 1335 3611 1391 sedente
3635 1345 3824 1386 sacer-

2216 1446 2343 1501 dote
2374 1460 2470 1515 per
2518 1443 2748 1511 seipsam
2799 1448 3005 1507 petere,
3053 1448 3117 1487 ac
3160 1432 3329 1487 multa
3371 1443 3492 1483 cum
3520 1424 3723 1478 ﬁducia
3754 1421 3826 1476 ad

2219 1540 2602 1608 Imperatorem
2633 1531 2912 1595 accedere,
2943 1527 3037 1582 sed
3071 1524 3297 1595 impulsa
3335 1518 3625 1582 desiderio,
3659 1525 3827 1585 atque

2222 1636 2274 1686 in
2305 1631 2496 1685 caelum
2526 1634 2706 1681 mente
2736 1624 3010 1682 subvecta,
3042 1629 3311 1686 tamquam
3342 1614 3512 1683 ipsum
3534 1619 3831 1664 contuere-

2226 1732 2313 1777 tur
2336 1722 2525 1786 Deum,
2561 1720 2629 1772 ita
2652 1732 2774 1771 cum
2801 1725 3015 1768 summo
3040 1711 3185 1765 illum
3212 1707 3423 1762 fervore
3442 1699 3831 1772 compellabat.

2222 1814 2361 1883 Quid
2386 1826 2517 1867 vero
2544 1811 2650 1864 ait?
2674 1809 2786 1863 lmo
2814 1821 2942 1860 vero
2970 1803 3174 1859 nullum
3194 1800 3411 1854 verbum
3442 1797 3590 1867 prius
3605 1792 3831 1859 ennttit,

2230 1906 2323 1962 sed
2353 1905 2572 1959 fletuum
2605 1899 2882 1972 prmmittit
2909 1895 3211 1959 exordium,
3240 1901 3293 1946 et
3321 1889 3524 1945 calidos
3561 1888 3836 1956 lacryma-

2230 2012 2348 2052 rum
2380 1994 2524 2049 rivos
2553 1990 2795 2047 effundit.
2844 1989 2909 2041 Et
2947 1986 3107 2049 sicut,
3151 1998 3275 2037 cum
3315 1980 3511 2034 imbres
3550 1976 3835 2035 decidunt,

2234 2091 2391 2146 tellus
2419 2089 2531 2157 ipsa
2562 2085 2746 2139 durior
2774 2081 2991 2149 irrigata
3011 2086 3068 2132 et
3094 2074 3330 2131 emollita
3362 2073 3594 2141 scipsam
3624 2068 3841 2123 facilius

2235 2182 2301 2236 ad
2335 2176 2706 2251 producendus
2734 2173 2911 2240 fruges
2941 2170 3160 2234 excitat,
3194 2168 3272 2221 sic
3304 2166 3464 2219 etiam
3500 2162 3552 2216 in
3593 2160 3698 2214 hac
3723 2174 3843 2211 mm

2237 2275 2369 2329 liere
2398 2270 2641 2340 contigit.
2689 2265 2965 2337 Siquidem
3007 2272 3276 2331 tamquam
3319 2260 3386 2312 ab
3430 2256 3697 2311 imbribus
3723 2255 3839 2323 qui-

2240 2368 2463 2422 busdam
2495 2381 2524 2417 a
2547 2362 2797 2434 lacrymis
2817 2358 3056 2414 emollita
3082 2355 3261 2419 vulva,
3283 2362 3337 2407 et
3356 2351 3543 2406 dolore
3580 2350 3842 2403 calefacta

2240 2460 2405 2529 cmpit
2430 2457 2495 2512 ad
2536 2455 2847 2526 praeclaram
2894 2451 3032 2504 hanc
3075 2448 3365 2502 liberorum
3412 2442 3843 2513 procreationem

2241 2551 2486 2609 excitari.
2520 2547 2817 2603 Audiamus
2844 2551 3023 2597 autem
3061 2541 3175 2609 ipsa
3223 2537 3407 2601 verba,
3456 2534 3849 2604 pulchramque

2246 2647 2401 2700 istam
2429 2640 2893 2713 supplicationem.
2927 2634 3172 2696 Plorans,
3202 2630 3390 2701 inquit,
3416 2628 3653 2699 ploravit,
3688 2636 3738 2679 et
3762 2638 3852 2676 vo-

2249 2750 2356 2794 tum
2381 2738 2509 2792 vovit
2527 2735 2749 2790 Domino
2776 2733 2967 2796 dicens,
2994 2727 3199 2783 Anum
3216 2738 3411 2780 BOIINE
3436 2722 3571 2776 Εωῑ
3598 2720 3853 2774 δηλοτιι

2254 2834 2330 2905 (1.
2365 2830 2492 2902 Reg.
2524 2831 2575 2885 1.
2606 2828 2694 2883 10.
2724 2824 2837 2897 il).
2866 2819 3166 2877 Tremenda
3195 2817 3357 2872 verba
3386 2824 3438 2870 et
3471 2811 3716 2868 horroris
3742 2810 3852 2880 ple-

2255 2940 2352 2989 na;
2384 2931 2633 2991 recteque
2665 2920 2862 2973 factum
2892 2923 2976 2969 est
3001 2928 3029 2967 a
3065 2911 3347 2980 scriptore,
3375 2923 3496 2961 cum
3528 2906 3582 2959 in
3615 2914 3854 2958 nostram

2257 3020 2490 3090 linguam
2520 3032 2581 3071 ea
2628 3029 2733 3068 non
2766 3009 3067 3066 transtulit:
3093 3019 3267 3076 neque
3310 3002 3453 3057 enim
3499 2997 3720 3069 propria
3769 3011 3857 3050 re-

2257 3119 2405 3166 tenta
2447 3109 2646 3163 virtute
2683 3106 2737 3159 in
2773 3102 3021 3158 Grazcum
3063 3097 3151 3153 illa
3192 3107 3499 3151 sermonem
3538 3095 3860 3144 convertam

2260 3202 2542 3275 potuisset.
2571 3199 2683 3254 Nec
2710 3210 2817 3252 uno
2862 3194 3010 3248 illum
3035 3188 3299 3244 vocabulo
3325 3184 3520 3239 mulier
3545 3178 3857 3251 appellavit,

2262 3269 2358 3351 sed
2392 3292 2634 3364 pluribus
2661 3304 2780 3360 qua:
2810 3287 2888 3341 illi
2925 3285 3246 3343 tribuuntur,
3278 3286 3339 3332 ut
3378 3289 3617 3329 amorem
3642 3286 3773 3341 erga
3796 3269 3861 3323 il-

2264 3388 2375 3442 lum
2393 3362 2583 3449 suum,
2604 3390 2663 3437 et
2685 3380 2963 3435 ardentem
2990 3374 3237 3429 affectum
3268 3366 3597 3424 ostenderet.
3635 3362 3708 3417 Et
3731 3362 3864 3417 sicut

2267 3480 2357 3550 qui
2392 3476 2603 3532 libellos
2633 3473 2903 3543 supplices
2926 3464 3233 3523 offerendos
3259 3457 3573 3531 Imperatori
3603 3454 3861 3512 scribunt,

2269 3586 2375 3626 non
2408 3584 2570 3623 unum
2600 3567 2841 3620 inserunt
2871 3573 3088 3625 nomen,
3118 3555 3212 3611 sed
3239 3550 3735 3621 Triumphatorem,
3767 3548 3865 3599 Au-

2270 3670 2506 3733 gustum,
2550 3659 2953 3728 imperatorem,
2986 3660 3042 3707 et
3084 3650 3185 3704 alia
3218 3648 3382 3702 multa
3410 3643 3729 3699 sublimiora
3760 3640 3866 3691 istis

2274 3770 2394 3812 cum
2422 3752 2745 3814 addiderint,
2774 3759 2884 3802 tum
2910 3746 3126 3800 demum
3153 3755 3277 3795 suas
3298 3750 3483 3809 preces
3513 3734 3747 3787 offerunt
3768 3730 3867 3784 :sic

2274 3863 2331 3910 et
2357 3853 2456 3906 ista
2483 3862 2603 3904 cum
2627 3843 2864 3899 libellum
2887 3836 3171 3908 quemdam
3193 3831 3486 3902 snpplicem
3503 3825 3725 3881 offerret
3746 3823 3866 3882 lleo,

2278 3945 2446 4001 multa
2489 3942 2541 3996 in
2588 3936 2811 3994 exordio
2858 3927 3263 4003 supplicationis
3306 3938 3418 3976 sum
3463 3918 3676 3973 nomina
3712 3915 3866 3985 ponit,

2280 4053 2403 4095 cum
2429 4043 2488 4089 ut
2512 4032 2784 4090 affectum,
2818 4035 2877 4080 ut
2903 4032 3027 4077 ante
3056 4020 3187 4083 dixi,
3218 4016 3515 4087 proprimu,
3550 4021 3662 4065 tum
3704 4018 3762 4061 ut
3786 4007 3870 4060 ho.

2284 4144 2472 4188 norem
2519 4124 2740 4188 indicet,
2782 4134 2889 4190 quo
2936 4112 3279 4187 prosequitur
3322 4124 3445 4162 eum
3478 4108 3563 4159 cui
3593 4102 3865 4172 supplicat.

2286 4224 2576 4281 Enimvero
2598 4228 2785 4287 preces
2807 4213 2950 4282 ipsas
2972 4209 2989 4239 ί
3016 4204 3237 4261 dictavit
3257 4201 3412 4255 dolor
3434 4217 3447 4251 :
3473 4202 3801 4266 quapropter
3826 4201 3873 4243 et
3960 4172 3961 4177 “

2288 4314 2572 4374 confestim
2597 4306 2843 4365 exaudita
2874 4311 2978 4369 est,
3006 4315 3126 4354 cum
3150 4296 3268 4351 illas
3286 4292 3577 4348 admodum
3602 4286 3873 4358 prudenter

2291 4407 2615 4477 scripsisset.
2644 4400 2803 4455 Tales
2830 4396 3027 4466 quippe
3070 4400 3216 4453 sunt,
3264 4400 3382 4455 qua:
3416 4399 3482 4436 ex
3513 4378 3681 4435 animi
3709 4378 3875 4431 dolore

2293 4500 2592 4558 funduntur
2617 4492 2908 4548 orationes.
2937 4483 3072 4540 Nam
3114 4495 3213 4552 pro
3232 4478 3415 4534 charta
3444 4473 3545 4527 fuit
3575 4485 3731 4527 mens
3754 4470 3875 4538 ejus,

2296 4612 2394 4667 pro
2419 4592 2624 4648 calamo
2646 4588 2846 4655 lingua,
2878 4581 3111 4649 lacryma
3145 4588 3241 4643 pro
3268 4576 3606 4625 atramento:
3639 4578 3795 4633 quam
3820 4560 3879 4613 ob

2296 4701 2511 4743 causam
2539 4681 2605 4736 ad
2635 4681 2774 4733 hunc
2803 4688 2969 4743 usque
2997 4670 3141 4724 diem
3167 4667 3285 4736 ejus
3306 4659 3629 4732 supplicatio
3651 4669 3883 4727 perman-

2298 4781 2387 4837 sit.
2422 4771 2738 4831 lndelebiles
2765 4767 2963 4838 quippe
2999 4761 3134 4816 fiunt
3158 4754 3421 4829 ejusmodi
3444 4754 3636 4817 literre,
3666 4763 3784 4818 qua:
3804 4746 3884 4799 illo

2304 4873 2482 4926 tinctae
2516 4864 2714 4920 fuerint
2736 4836 3055 4914 atramento.
3086 4855 3261 4920 Atque
3286 4842 3568 4902 exordium
3598 4839 3810 4909 quidem
3833 4836 3887 4889 lio

2304 4962 2429 5019 belli
2452 4957 2706 5029 supplicis
2732 4952 2835 5007 tale
2856 4949 2984 5013 fuit;
3008 4960 3126 5017 qua:
3147 4956 3277 4997 vero
3294 4945 3611 5008 sequuntur,
3630 4930 3889 5003 quasnam?

2308 5057 2371 5113 Si
2413 5025 2682 5124 respiciens
2728 5042 3029 5114 respexeris,
3069 5036 3263 5106 inquit,
3308 5046 3459 5100 super
3503 5025 3892 5080 humiliationem

2308 5115 2509 5204 ancillae
2532 5155 2631 5197 tute
2646 5140 2693 5213 (l
2709 5179 2722 5192 .
2753 5138 2883 5208 Reg.
2903 5136 2957 5189 1.
2980 5130 3094 5202 Η).
3114 5126 3354 5183 Necdum
3374 5121 3663 5193 quidquam
3679 5115 3891 5185 accepit,

2311 5253 2366 5297 et
2393 5254 2422 5293 a
2449 5232 2807 5309 promissione
2835 5224 3091 5282 orationis
3116 5219 3268 5274 duxit
3292 5213 3595 5271 exordium.
3635 5208 3895 5264 Retnune-

2313 5344 2463 5390 ratur
2506 5330 2696 5393 Deum,
2741 5338 2862 5379 cum
2908 5316 3172 5373 nihildum
3218 5310 3467 5366 manibus
3510 5310 3714 5361 teneat.
3761 5300 3899 5356 Adeo

2316 5421 2575 5486 fervebat,
2607 5428 2661 5473 et
2688 5415 2755 5470 ad
2785 5415 2887 5469 hoc
2928 5409 3107 5480 potius
3147 5417 3306 5475 quam
3348 5399 3414 5454 ad
3460 5395 3591 5452 illud
3620 5393 3900 5463 aspirabat,

2318 5518 2543 5585 ideoque
2563 5485 2673 5566 sibi
2703 5507 2870 5562 lilium
2901 5502 3013 5557 dari
3036 5498 3379 5569 precabatur.
3423 5490 3485 5545 Si
3518 5485 3793 5557 respiciens
3828 5497 3905 5534 re-

2319 5573 2542 5681 spexeris
2568 5617 2719 5673 super
2749 5594 3152 5651 humiliationem
3177 5586 3380 5641 ancilla:
3410 5592 3530 5636 tum.
3566 5574 3770 5647 Duplici
3796 5573 3904 5643 jure

2321 5668 2484 5768 nitor,
2511 5668 2701 5767 inquit,
2733 5688 3025 5753 servitutis,
3047 5695 3102 5739 et
3127 5677 3465 5737 calamitatis.
3500 5672 3568 5729 Et
3586 5673 3655 5725 da
3673 5668 3799 5723 mihi
3822 5683 3903 5721 al-

2388 5886 2404 5915 ι
2439 5879 2589 5938 Colb.,
2615 5875 2700 5923 has
2719 5882 2905 5935 preces,
2932 5873 2984 5917 et
2998 5866 3070 5914 sic
3094 5863 3243 5913 etiam
3275 5865 3389 5919 ηδε.
