4028 6360
224 535 403 606 μῆκος
443 529 546 601 τῆς
593 531 788 601 λύπης,
832 531 893 583 οὐ
925 529 1018 583 δύο
1071 524 1166 582 καὶ
1211 530 1359 599 τρεῖς
1403 525 1640 598 ἡμέραι,
1688 523 1809 578 οὐδὲ

220 617 400 670 εῐκοσι
425 616 520 669 καὶ
547 615 762 674 ἑκατὸν,
788 615 908 668 οὐδὲ
937 614 1103 683 χίλιαι
1132 614 1226 666 καὶ
1249 611 1331 673 δὶς
1353 609 1615 663 τοσαῦται
1635 625 1647 638 ο
1672 606 1811 668 ἀλλ’,

236 702 329 768 Ἐξ
376 698 587 763 ἱκανοῦ,
629 699 813 768 φησὶν,
845 697 940 768 ἐτη
991 684 1162 751 πολλά
1206 694 1517 765 λυπουμένη
1562 692 1657 746 καὶ
1698 691 1815 742 ὀδυ-

219 784 443 855 νωμένη
469 779 538 855 ἦν
565 784 598 855 ἡ
625 783 762 854 γυνή
784 799 797 812 ·
826 781 984 835 τοῦτο
1010 782 1116 853 γάρ
1145 783 1262 833 ἐστι
1293 779 1374 844 τὸ,
1399 779 1533 832 Ἀπὸ
1568 775 1780 830 ἱκανοῦ
1797 791 1810 803 ·

219 868 320 933 καὶ
364 868 513 938 ὅμως
558 866 658 919 οὐκ
710 865 1175 936 ἀπεδυσπέτησεν,
1225 863 1346 917 οὐδὲ
1379 860 1607 933 ἤλεγξεν
1641 858 1815 928 αὐτῆς

217 950 322 1021 τὴν
352 948 671 1021 φιλοσοφίαν
704 949 797 1002 τοῦ
837 948 1030 1020 χρόνου
1057 946 1118 1000 τὸ
1160 948 1356 1018 μῆκος,
1385 945 1505 999 οὐδὲ
1534 943 1603 997 τὰ
1635 943 1813 1013 ὀνείδη

219 1035 320 1087 καὶ
350 1037 404 1088 αἱ
439 1033 699 1107 λοιδορίαι
727 1033 827 1104 τῆς
866 1031 1174 1102 ἀντιζήλου,
1203 1031 1317 1086 ἀλλ’
1342 1029 1542 1100 ηὔχετο
1578 1027 1816 1097 συνεχῶς

218 1118 320 1172 καὶ
351 1119 588 1171 ἱκέτευε·
627 1118 722 1171 καὶ⁴
767 1117 831 1170 τὸ
861 1116 926 1187 δὴ
960 1116 1142 1188 μεῖζον
1179 1115 1457 1178 ἁπάντων,
1502 1114 1594 1166 καὶ
1631 1112 1660 1165 ὂ
1711 1111 1818 1182 μά-

217 1201 383 1255 λιστα
418 1201 688 1255 δείκνυσιν
732 1200 903 1271 αὐτῆς
946 1199 1037 1253 τὸν
1073 1201 1203 1270 περὶ
1233 1198 1323 1251 τὸν
1351 1197 1483 1251 Θεὸν
1511 1196 1695 1256 πόθον,
1733 1196 1814 1248 ὅτι

215 1287 324 1356 οὐχ
367 1285 552 1350 ἁπλῶς
577 1285 708 1339 αὐτὸ
737 1284 896 1338 τοῦτο
923 1283 985 1337 τὸ
1028 1283 1242 1337 παιδίον
1283 1280 1590 1352 κτήσασθαι
1619 1279 1818 1332 ἐπεθύ-

223 1387 341 1442 μει,
373 1371 507 1424 ἀλλά
535 1369 746 1442 καρπὸν
773 1369 1052 1423 ἀναθεῖναι
1083 1366 1162 1438 τῷ
1188 1365 1328 1437 Θεῷ,
1360 1365 1454 1419 καὶ
1485 1364 1587 1434 τῆς
1609 1364 1816 1428 οἰκείας

217 1457 462 1528 γαστρὸς
490 1453 861 1527 ἀπάρξασθαι,
895 1454 989 1507 καὶ
1016 1453 1116 1522 τῆς
1147 1452 1319 1522 καλῆς
1351 1449 1556 1519 ταύτης
1583 1447 1819 1518 ὑποσχέ-

222 1557 366 1603 σεως
399 1538 582 1592 λαϐεῖν
607 1539 698 1591 τὸν
727 1536 938 1608 μισθόν.
963 1534 1137 1590 Πόθεν
1173 1533 1332 1588 τοῦτο
1360 1533 1547 1603 δῆλον;
1585 1533 1679 1584 Ἐκ
1705 1530 1819 1584 τῶν

223 1623 368 1692 μετά
397 1621 570 1676 ταῦτα
602 1621 880 1692 ῥημάτων.
907 1621 1055 1672 Ἵστε
1090 1619 1199 1690 γὰρ
1247 1618 1422 1686 δήπου
1473 1617 1694 1679 πάντες,
1735 1616 1818 1668 ὅτι

218 1708 343 1769 ταῖς
376 1704 594 1774 γυναιξὶ
620 1704 708 1758 διὰ
750 1704 876 1766 τοὺς
920 1702 1121 1772 ἄνδρας
1173 1700 1412 1772 μάλιστα
1463 1699 1738 1769 ἀφόρητον
1783 1700 1817 1768 ή

219 1789 472 1842 ἀπαιδία.
519 1787 713 1841 Πολλοὶ
750 1787 860 1857 γὰρ
889 1785 999 1838 τῶν
1047 1782 1352 1856 ἀνθρώπων
1395 1782 1569 1847 οὕτως
1608 1781 1818 1851 ἀλόγως

219 1873 542 1936 διάκεινται,
571 1871 647 1934 ὡς
688 1873 808 1934 ταῖς
851 1868 1098 1939 γυναιξὶν
1153 1867 1426 1937 ἐγκαλεῖν,
1479 1865 1702 1920 ἐπειδὰν
1741 1864 1816 1935 μή

220 1956 500 2019 τίκτωσιν,
530 1954 632 2007 οὐκ
663 1953 865 2016 εἰδότες
916 1952 999 2005 ὅτι
1035 1951 1098 2005 τὸ
1118 1954 1298 2005 τεκεῖν
1327 1949 1534 2004 ἄνωθεν
1567 1947 1682 2020 ἔχει
1717 1947 1819 2017 τὴν

219 2039 421 2112 ἀρχὴν,
450 2037 556 2092 ἀπὸ
588 2039 688 2109 τῆς
717 2036 812 2090 τοῦ
855 2033 992 2089 Θεοῦ
1027 2034 1303 2106 προνοίας,
1334 2034 1430 2087 καὶ
1473 2031 1598 2086 οὔτε
1628 2049 1820 2101 γυναι-

220 2123 320 2187 κὸς
354 2122 534 2192 φύσις,
562 2120 685 2175 οὔτε
717 2119 996 2184 συνουσία,
1037 2118 1160 2174 οὔτε
1191 2119 1319 2173 ἄλλο
1349 2117 1502 2173 οὐδὲν
1547 2116 1819 2188 αὐταρκὲς

223 2207 368 2276 πρὸς
396 2206 554 2260 τοῦτό
587 2207 756 2258 ἐστιν.
796 2203 936 2257 Ἀλλ’
967 2205 1138 2273 ὅμως,
1170 2201 1350 2256 καίτοι
1387 2218 1451 2270 γε
1499 2200 1699 2264 εἰδότες
1738 2199 1819 2252 ὃτι

222 2289 432 2352 ἀδίκως
473 2286 814 2357 ἐγκαλοῦσιν,
857 2286 1206 2350 ὀνειδίζουσι,
1253 2287 1347 2338 καὶ
1389 2283 1820 2354 ἀποστρέφονται

222 2372 509 2435 πολλάκις,
548 2373 642 2424 καὶ
673 2372 772 2440 οὐχ
803 2368 976 2440 ήδέως
1008 2369 1145 2440 πρὸς
1173 2369 1344 2430 αὐτὰς
1371 2366 1605 2437 ἔχουσιν.

294 2462 360 2516 ε’.
387 2456 616 2525 Ἵδωμεν
647 2454 825 2506 τοίνυν
853 2453 950 2506 καὶ⁸
988 2453 1080 2504 ἐπὶ
1106 2450 1309 2520 ταύτης
1333 2453 1433 2520 τῆς
1477 2448 1736 2518 γυναικὸς
1771 2449 1821 2499 εἱ

222 2539 387 2592 τοῦτο
426 2537 756 2592 συνέϐαινεν.
784 2538 880 2588 Ἂν
914 2536 1013 2605 μὲν
1044 2535 1153 2605 γὰρ
1187 2534 1301 2605 ἴδῃς
1343 2533 1514 2603 αὐτὴν
1545 2548 1822 2601 καταφρο-

223 2621 522 2690 νουμένην,
569 2619 1001 2690 ἀτιμαζομένην,
1062 2616 1451 2687 ὑϐριζομένην,
1507 2613 1822 2686 παρῥησίαν

224 2706 331 2757 οὐκ
362 2703 590 2774 ἔχουσαν
621 2703 756 2775 πρὸς
783 2702 877 2755 τὸν
905 2699 1093 2772 ἄνδρα,
1133 2699 1256 2753 οὐδέ
1295 2698 1494 2767 πολλῆς
1522 2696 1822 2752 ἀπολαύου-

228 2806 331 2842 σαν
363 2789 460 2859 τῆς
490 2788 721 2852 εὐνοίας,
761 2787 968 2857 δυνήσῃ
1000 2784 1389 2855 στοχάσασθαι,
1431 2783 1513 2836 ὅτι
1538 2782 1626 2835 διὰ
1661 2780 1821 2836 τοῦτο

226 2876 494 2948 ἐπεθύμει
525 2876 759 2940 παιδίου,
793 2875 881 2928 ἵνα
911 2874 1224 2946 παρῥησίαν
1253 2871 1352 2944 ἔχῃ
1382 2872 1476 2925 καὶ
1506 2869 1820 2944 ἐλευθερίαν

226 2961 454 3032 πολλὴν,
488 2961 583 3014 καὶ
621 2959 973 3030 ποθεινοτέρα
1023 2959 1248 3028 γένηται
1296 2955 1374 3028 τῷ
1406 2955 1580 3026 ἀνδρί.
1610 2957 1708 3008 Ἂν
1755 2953 1812 3007 δὲ

227 3045 539 3099 τούναντίον
566 3044 711 3098 ἅπαν
737 3043 926 3117 εὕρῃς,
949 3042 1117 3114 αὐτὴν
1149 3042 1248 3112 τῆς
1277 3040 1347 3094 τὰ
1375 3039 1564 3092 παιδία
1593 3037 1822 3109 ἐχούσης

232 3131 439 3202 μᾶλλον
467 3129 861 3200 ἀγαπωμένην,
902 3128 998 3181 καὶ
1032 3126 1277 3188 πλείονος
1317 3122 1696 3177 ἀπολαύουσαν
1729 3123 1818 3174 εὐ-

229 3215 403 3277 νοίας,
442 3213 663 3284 εὔδηλον
689 3214 772 3266 ὅτι
805 3213 866 3266 οὐ
900 3211 966 3264 δι’
997 3209 1336 3281 ἀνθρώπινόν
1369 3225 1441 3272 τι,
1471 3207 1580 3260 οὐδ’
1617 3207 1704 3259 ἴνα
1730 3207 1823 3259 τὸν

230 3299 405 3370 ἄνδρα
443 3297 812 3366 ἐπισπάσηται
847 3295 1068 3366 μᾶλλον,
1112 3293 1377 3361 ἐπεθύμει
1421 3291 1655 3352 παιδίου,
1687 3289 1824 3343 ἀλλὰ

230 3385 324 3438 διὰ
360 3383 460 3454 τὴν
491 3381 789 3453 εἰρημένην
839 3381 1043 3434 αἰτίαν.
1090 3377 1260 3430 Πόθεν
1303 3373 1396 3429 οὗν
1431 3375 1590 3428 τοῦτο
1625 3375 1820 3444 δῆλον;

233 3468 386 3541 [707]
415 3468 680 3520 ’Ἄκουσον
724 3464 891 3518 αὐτοῦ
937 3463 1032 3516 τοῦ
1077 3461 1440 3532 συγγραφέως
1477 3461 1610 3514 αὐτὸ
1641 3459 1825 3528 λέγον-

229 3569 352 3616 τος·
387 3552 512 3604 οὐδὲ
555 3551 663 3622 γὰρ
712 3547 898 3611 ἁπλῶς
934 3546 1067 3601 αὐτὸ
1119 3545 1384 3610 τέθεικεν,
1431 3544 1547 3597 ἀλλ’
1591 3543 1678 3597 ἵνα
1722 3543 1824 3612 τῆς

233 3635 494 3706 γυναικὸς
547 3635 725 3706 μάθῃς
757 3632 855 3702 τὴν
901 3631 1124 3702 ἀρετήν.
1180 3627 1245 3680 Τί
1293 3624 1386 3681 οὖν
1427 3623 1581 3689 οὗτός
1623 3643 1820 3696 φησιν;

245 3719 472 3786 Ἠγὰπα
504 3716 612 3786 γὰρ
642 3719 676 3770 ὁ
702 3715 956 3770 Ἐλκανὰ
982 3711 1097 3779 τὴν
1135 3711 1354 3764 Ἅνναν
1382 3708 1534 3778 ὑπὲρ
1576 3708 1691 3776 τὴν
1714 3711 1823 3760 Φε-

232 3803 489 3857 νάνναν.
514 3797 646 3854 Εἶτα
679 3799 815 3870 μετά
840 3797 1010 3851 ταῦτα
1047 3791 1170 3848 ἰδὼν
1195 3795 1364 3864 αὐτὴν
1394 3793 1495 3846 οὐκ
1517 3792 1822 3854 ἐσθίουσαν,

234 3885 374 3939 ἀλλά
400 3885 711 3946 κλαίουσαν,
737 3880 897 3954 φησί·
928 3881 989 3934 Τί
1009 3878 1144 3933 ἐστι
1172 3894 1292 3940 σοι,
1318 3875 1407 3930 ὅτι
1439 3875 1702 3941 κλαίεις;
1727 3874 1827 3928 καὶ

233 3970 337 4024 ἵνα
394 3968 452 4020 τί
496 3969 607 4021 οὐκ
647 3966 906 4030 ἐσθίεις;
956 3962 1058 4016 καὶ
1111 3962 1216 4015 ἵνα
1267 3959 1327 4013 τί
1395 3959 1601 4012 τύπτει
1649 3973 1724 4012 σε
1785 3959 1822 4025 ἠ

234 4052 452 4122 καρδία
489 4069 641 4115 σου;
687 4053 798 4104 οὐκ
832 4046 1054 4118 ἀγαθὸς
1083 4044 1198 4115 ἐγώ
1238 4056 1339 4098 σοι
1371 4041 1526 4110 ὑπὲρ
1553 4040 1702 4095 δέκα
1733 4041 1826 4095 τέ-

235 4153 389 4201 κνα;
425 4137 590 4206 Ὁρᾷς
619 4135 738 4196 πῶς
766 4132 937 4201 αὐτῆς
969 4131 1252 4200 ἐξήρτητο,
1297 4127 1392 4180 καὶ
1421 4126 1561 4196 ὑπὲρ
1609 4125 1826 4196 ἐκείνης

235 4222 396 4292 ἤλγει
439 4220 620 4284 πλέον,
652 4218 712 4271 οὐ
741 4215 830 4270 διὰ
859 4215 920 4269 τὸ
953 4214 1028 4286 μὴ
1058 4213 1204 4284 ἔχειν
1229 4211 1438 4271 παιδία,
1474 4209 1611 4262 ἀλλὰ
1647 4209 1735 4261 διὰ
1764 4207 1825 4260 τὸ

234 4305 372 4375 ὁρᾷν
404 4301 718 4374 ἀθυμοῦσαν
751 4299 923 4369 αὐτὴν
957 4297 1052 4351 καὶ
1080 4294 1392 4367 περιοδυνίᾳ
1420 4292 1821 4364 κατεχομένην;

249 4388 393 4442 Ἀλλ’
427 4389 575 4458 ὅμως
605 4387 706 4440 οὐκ
732 4385 948 4438 ἔπεισεν
993 4380 1165 4451 αὐτὴν
1206 4381 1512 4449 ἀποστῆναι
1549 4377 1651 4446 τῆς
1686 4376 1822 4429 ἀθυ-

241 4473 393 4544 μίας.
422 4473 499 4526 Οὐ
532 4472 640 4542 γὰρ
689 4470 757 4523 δι’
782 4467 944 4523 αὐτὸν
981 4467 1162 4538 ἐζήτει
1194 4464 1256 4519 τὸ
1305 4463 1534 4527 παιδίον,
1581 4460 1697 4516 ἀλλ’
1736 4461 1823 4513 ἵνα

238 4558 360 4613 τινὰ
393 4555 604 4628 καρπὸν
627 4553 957 4623 ἐπιδείξηται
984 4551 1060 4622 τῷ
1084 4548 1223 4619 Θεῷ.
1248 4548 1358 4602 Καὶ
1391 4547 1640 4613 ἀνέστη,
1668 4545 1821 4628 φησὶ,

233 4643 390 4710 μετά
428 4627 495 4694 τὸ
528 4638 742 4708 φαγεῖν
778 4635 1000 4700 αὐτοὺς
1043 4635 1112 4687 ἑν
1140 4630 1422 4701 Σηλὼμα,
1455 4629 1554 4683 καὶ
1579 4627 1730 4698 μετὰ
1758 4629 1824 4680 τὸ

239 4725 426 4789 πιεῖν,
456 4723 554 4777 καὶ
597 4721 860 4788 κατέστη
902 4718 1159 4772 ἐνώπιον
1200 4715 1445 4782 Κυρίου.
1488 4713 1599 4782 Οὐχ
1639 4711 1826 4772 ἁπλῶς

239 4809 364 4861 οὐδὲ
405 4805 564 4859 τοῦτο
596 4804 832 4876 εἴρηται,
870 4803 952 4855 ὅτι
982 4800 1142 4855 Μετὰ
1171 4797 1238 4851 τό
1262 4795 1474 4866 φαγεῖν
1504 4795 1605 4849 καὶ
1635 4794 1820 4849 πιεῖν·

241 4891 357 4944 ἀλλ’
405 4890 493 4942 ἵνα
528 4889 726 4960 μάθῃς,
775 4887 857 4941 ὅτι
899 4886 990 4938 τὸν
1029 4881 1237 4953 καιρὸν,
1278 4881 1337 4934 ὃν
1382 4879 1617 4943 ἀνέσεως
1647 4880 1824 4948 ’έτεροι

240 4976 338 5029 καὶ
377 4973 562 5036 ἀδείας
615 4971 926 5028 ποιοῦνται,
975 4967 1162 5021 τοῦτον
1213 4965 1381 5037 εὐχῆς
1435 4965 1530 5018 καὶ
1573 4964 1825 5035 δακρύων

241 5058 486 5112 ἐποιεῖτο
512 5056 725 5127 καιρὸν,
767 5054 855 5108 διὰ
884 5053 948 5106 τὸ
985 5051 1190 5122 σφόδρα
1231 5049 1422 5118 νήφειν
1465 5047 1558 5101 καὶ
1589 5047 1824 5118 ἐγρηγο-

243 5146 425 5216 ρέναι.
451 5142 561 5199 Καὶ
602 5139 860 5206 κατέστη
900 5137 1158 5193 ἐνώπιον
1196 5134 1447 5202 Κυρίου·
1477 5133 1575 5187 καὶ
1609 5132 1761 5187 Ἠλεὶ
1795 5136 1828 5186 ό

241 5229 462 5297 ἱερεὺς,
493 5228 676 5297 φησὶν,
727 5223 981 5290 ἐκάθητο
1029 5219 1126 5273 ἐπὶ
1163 5218 1269 5272 τοῦ
1303 5216 1518 5285 δίφρου
1566 5216 1666 5270 ἐπὶ
1709 5216 1829 5270 τῶν

239 5311 440 5382 9.11631-
464 5309 614 5365 ναοῦ
643 5308 884 5375 Κυρίου.
918 5304 1054 5359 Οὐδὲ
1084 5302 1242 5356 τοῦτο
1267 5300 1451 5363 ἁπλῶς
1480 5301 1713 5372 εἴρηται,
1746 5301 1827 5353 ὅτι

148 5445 155 5449 .
239 5401 268 5450 ὁ
305 5395 464 5449 Ἠλεὶ
498 5396 531 5447 ὁ
576 5391 768 5458 ἱερεὺς
817 5388 1074 5456 ἐκάθητο
1122 5384 1220 5438 ἐπὶ
1270 5382 1389 5436 τῶν
1437 5383 1630 5452 φλιῶν
1675 5383 1828 5437 ναοῦ

241 5478 504 5546 Κυρίου·
551 5474 664 5528 ἀλλ’
708 5473 847 5543 ὑπὲρ
892 5469 988 5524 τοῦ
1020 5467 1190 5533 δεῖξαι
1235 5466 1336 5536 τὴν
1386 5463 1694 5536 θερμότητα
1730 5465 1830 5535 τῆς

241 5561 524 5629 γυναικός.
567 5556 834 5625 Καθάπερ
863 5553 971 5625 γὰρ
1009 5553 1154 5623 χήρα
1198 5548 1454 5611 πολλάκις
1493 5547 1629 5619 γυνὴ
1659 5549 1830 5620 ἀπρο-

243 5645 537 5708 στάτευτος
586 5637 719 5696 οὖσα
775 5639 868 5692 καὶ
916 5637 1140 5709 ἕρημος,
1187 5631 1622 5703 ἐπηρεαζομένη,
1657 5631 1830 5687 πολλὰ

313 5865 342 5894 ⁸
366 5859 528 5922 Σιλώμ
552 5859 679 5922 Reg.
700 5863 754 5907 et
785 5855 920 5907 Colb.
943 5866 1086 5903 unus.

778 5964 1056 6026 PATROL.
1098 5959 1222 6022 Gn.
1268 5959 1385 6021 LIV
1406 5999 1426 6021 .

1547 400 1636 463 DE
1665 403 1854 464 ANNA
1899 407 2138 465 SERMO
2176 410 2218 467 Ι.

3394 415 3501 469 εἶίο

1915 526 2266 600 ἀδικουμένη,
2303 526 2564 597 βασιλέως
2617 525 2948 581 εἰσελαύνειν
3002 526 3308 598 μέλλοντος,
3345 529 3505 600 δορυ-

1917 611 2117 681 φόρων,
2157 611 2566 682 ἁσπιδηφόρων,
2615 611 2846 675 ἱππέων,
2878 611 3071 681 ἐτέρας
3107 611 3307 683 πολλῆς
3340 613 3501 682 θερα-

1917 697 2076 760 πείας
2115 696 2572 770 προαπαντὼσης,
2609 696 2672 750 οὐ
2707 696 3166 768 καταπλήττεται,
3199 697 3322 751 οὐδὲ
3366 714 3502 768 προ-

1918 781 2112 835 στάτου
2150 781 2340 846 δεῖται,
2366 781 2504 834 ἀλλὰ
2533 780 2743 844 πάντας
2778 781 2974 844 αὐτοὺς
2999 780 3329 852 διατεμοῦσα
3364 783 3504 850 μετὰ

1916 864 2118 936 πολλῆς
2153 868 2471 938 ἐντυγχάνει
2518 866 2596 938 τῷ
2632 865 2842 938 βασιλεῖ
2898 866 3234 938 παρῥησίας,
3289 867 3388 938 τὴν
3421 869 3503 919 οἰ-

1917 948 2069 1002 κείαν
2097 949 2518 1021 ἐκτραγῳδοῦσα
2547 949 2857 1020 συμφοράν,
2902 949 3001 1018 τῆς
3042 951 3290 1022 ἀνάγκης
3331 950 3505 1019 αὐτὴν

1916 1035 2392 1106 χειραγωγούσης·
2426 1033 2569 1088 οὕτω
2597 1034 2660 1104 δὴ
2691 1036 2785 1088 καὶ
2813 1034 2953 1106 αῦτη
2997 1037 3030 1106 ή
3063 1036 3199 1105 γυνὴ
3221 1035 3343 1095 ,οὐκ
3369 1037 3506 1108 ἠρυ-

1917 1117 2159 1189 θρίασεν,
2199 1121 2300 1173 οὐκ
2331 1119 2598 1197 ᾐσχύνθη,
2643 1118 2736 1172 τοῦ
2779 1119 2970 1190 ἱερέως
3001 1119 3335 1189 καθημένου,
3365 1118 3506 1188 αὐτὴ

1915 1200 1982 1253 δι’
2017 1203 2216 1271 ἑαυτῆς
2257 1204 2478 1273 αἰτῆσαι
2521 1203 2614 1257 καὶ
2660 1201 2798 1273 μετά
2827 1202 3027 1273 πολλῆς
3054 1202 3153 1272 τῆς
3194 1202 3507 1273 παρρησίας

1915 1285 1994 1357 τῷ
2029 1285 2238 1356 βασιλεῖ
2274 1287 2591 1359 προσελθεῖν
2612 1304 2626 1317 ·
2667 1286 2782 1340 ἀλλ’
2827 1287 2931 1340 ὑπὸ
2965 1285 3061 1339 τοῦ
3093 1286 3260 1339 πόθου
3293 1303 3507 1357 πτερω·-

1918 1368 2104 1433 θεῖσα,
2155 1369 2248 1424 καὶ
2288 1372 2424 1440 πρὸς
2472 1372 2566 1424 τὸν
2598 1371 2825 1442 οὐρανὸν
2878 1370 3129 1424 ἀναϐᾶσα
3159 1373 3226 1442 τῇ
3273 1370 3503 1441 διανοίᾳ,

1916 1452 1993 1516 ὡς
2035 1453 2196 1507 αὐτὸν
2238 1455 2421 1526 ὁρῶσα
2453 1455 2547 1509 τὸν
2581 1455 2734 1521 Θεὸν,
2780 1453 2923 1508 οὕτω
2962 1453 3100 1524 μετὰ
3131 1453 3323 1524 πάσηςι
3358 1452 3508 1523 αὐτῷ

1917 1534 2251 1608 θερμότητος
2279 1538 2568 1608 διελέγετο.
2598 1541 2710 1593 Καὶ
2737 1539 2790 1592 τί
2824 1555 2992 1610 φησι;
3022 1537 3236 1592 Μᾶλλον
3262 1537 3319 1590 δέ
3351 1537 3506 1591 οὐδὲν

1917 1621 2214 1689 φθέγγεται
2261 1623 2549 1693 πρότερον,
2594 1623 2710 1676 ἀλλ’
2754 1623 2846 1676 ἀπ’
2887 1621 3138 1694 ὀδυρμῶν
3171 1623 3406 1674 ποιεῖται
3436 1620 3507 1674 τὰ

1918 1705 2204 1775 προοίμια,
2233 1707 2328 1761 καὶ
2356 1706 2565 1777 θερμὰς
2612 1706 2805 1778 ἀφίησι
2856 1707 3040 1776 πηγὰς
3071 1705 3342 1777 δακρύων.
3396 1705 3506 1758 Καὶ

1919 1789 2194 1863 καθάπερ,
2237 1791 2458 1863 ὄμϐρων
2505 1792 2987 1862 καταφερομένων,
3043 1791 3138 1843 καὶ
3182 1792 3216 1859 ή
3258 1790 3508 1862 σκληροο

1919 1874 2053 1946 τέρα
2080 1875 2152 1945 γῆ
2200 1876 2632 1947 καταϐρεχθεῖσα
2658 1875 2684 1914 b
2728 1877 2823 1929 καὶ
2869 1873 3374 1944 καταμαλαχθεῖσα,
3408 1876 3507 1944 ῥα-

1919 1957 2044 2022 δίως
2082 1959 2284 2030 ἑαυτὴν
2314 1960 2447 2030 πρὸς
2479 1961 2577 2022 τὰς
2609 1961 2718 2011 τῶν
2761 1959 2988 2030 καρπῶν
3031 1959 3289 2029 διεγείρει
3316 1957 3502 2020 γονὰς,

1918 2040 2061 2095 οὕτω
2097 2041 2191 2094 καλ¹
2215 2041 2308 2095 ἐπὶ
2333 2042 2431 2111 τῆς
2465 2042 2721 2109 γυναικὸς
2750 2042 2954 2112 ταύτης
2977 2041 3210 2109 ἐγένετο.
3238 2039 3506 2111 Καθάπερ

1919 2125 2028 2195 γὰρ
2050 2125 2141 2178 ὐπ’
2161 2125 2383 2198 ὄμϐρων
2407 2125 2516 2178 τῶν
2542 2124 2793 2195 δακρύων
2820 2127 2854 2195 ή
2885 2125 3066 2196 μήτρα
3099 2124 3507 2193 μαλαττομένη,

1921 2209 2014 2261 καὶ
2053 2207 2143 2262 διὰ
2182 2210 2282 2280 τῆς
2321 2207 2514 2279 ὀδύνης
2542 2208 3063 2279 διαθερμαινομένη,
3098 2207 3235 2277 πρὸς
3271 2207 3370 2276 τὴν
3409 2223 3510 2258 κα-

1921 2293 2018 2365 λήν
2052 2293 2268 2364 ἐκείνην
2295 2293 2641 2362 τεκνογονίαν
2670 2293 2869 2364 ήρχετο
2905 2290 3286 2361 διεγείρεσθαι.
3324 2288 3510 2342 Ἀκού·

1923 2393 2108 2446 σωμεν
2140 2377 2198 2430 δὲ
2225 2379 2322 2431 καὶ
2363 2376 2546 2430 αὐτῶν
2593 2374 2704 2429 τῶν
2739 2375 3022 2446 ῥημάτων,
3053 2375 3148 2428 καὶ
3189 2373 3292 2444 τῆς
3336 2372 3510 2443 καλῆς

1920 2461 2122 2530 ταύτης
2161 2461 2463 2532 ἱκετηρίας.
2515 2460 2829 2513 κλαίουσα
2867 2459 3155 2520 ἔκλαυσε,
3207 2457 3359 2528 φησὶ,
3408 2454 3511 2510 καὶ

1919 2545 2146 2609 ηὔξατο
2176 2543 2372 2612 εὐχὴν
2406 2543 2489 2608 τῷ
2509 2543 2726 2610 Κυρίῳ,
2760 2542 3061 2611 λέγουσα·
3097 2541 3347 2596 ΑΛΩΝΑΙ
3383 2540 3512 2594 ΚΥ-

1921 2632 2032 2685 PIE
2057 2632 2211 2685 ΕΛΩΙ
2241 2630 2523 2685 ΣΑΒΑΩΘ.
2552 2629 2766 2701 Φοϐερὰ
2793 2630 2864 2683 τὰ
2894 2630 3138 2702 ῥήματα,
3171 2628 3268 2682 καὶ⁹
3307 2627 3512 2700 φρίκης

1921 2723 2190 2789 γέμοντα·
2223 2720 2317 2772 καὶ
2339 2718 2522 2782 καλῶς
2553 2717 2810 2788 ἐποίησεν
2835 2718 2864 2769 ὁ
2890 2720 3244 2786 συγγραφεὺς
3276 2717 3352 2786 μή
3380 2732 3513 2786 μετ·

1921 2809 2162 2878 ενεγκὼν
2215 2809 2355 2862 αὐτὰ
2403 2807 2546 2878 πρὸς
2581 2806 2681 2876 τὴν
2714 2805 2989 2878 ἡμετέραν
3033 2808 3251 2877 φωνήν·
3299 2804 3362 2857 οὐ
3401 2805 3512 2875 γὰρ

1922 2897 2111 2966 ἴσχυσε
2164 2895 2302 2965 μετά
2338 2895 2437 2965 τῆς
2480 2893 2689 2956 οἰκείας
2735 2893 2875 2946 αὐτὰ
2927 2893 3135 2963 ἀρετῆς
3197 2892 3513 2963 μεταθεῖναι

1922 2985 2060 3056 πρὸς
2095 2985 2196 3056 τὴν
2234 2983 2462 3038 Ἐλλάδα
2507 2981 2772 3052 γλῶτταν.
2804 2981 2918 3034 Οὐκ
2958 2981 3053 3050 ἀφ’
3095 2981 3213 3045 ἐνὸς
3254 2979 3406 3052 [708]
3454 2980 3514 3033 δὲ

1922 3074 2085 3128 αὐτὸν
2127 3073 2359 3128 ἐκάλεσε
2410 3070 2655 3142 ῥήματος
2691 3071 2724 3140 ἡ
2765 3069 2931 3141 γυνὴ,
2981 3069 3095 3124 ἀλλ’
3139 3069 3250 3123 ἀπὸ
3297 3069 3512 3123 πυλλῶν

1921 3163 2030 3216 τῶν
2058 3161 2369 3232 προσόντων
2407 3157 2575 3229 αὐτῷ,
2612 3157 2704 3212 τὸν
2752 3159 2881 3229 περὶ
2929 3157 3093 3232 αὐλὸν
3137 3158 3300 3211 πόθον
3339 3160 3512 3213 ἐνδει-

1923 3180 2030 3216 των
2058 3175 2369 3232 προσόντων
2407 3175 2575 3229 αυτῳ,
2612 3175 2704 3212 τον
2752 3175 2881 3229 περι
2929 3175 2996 3211 an
3033 3175 3093 3212 ον
3137 3175 3300 3211 πουον
3339 3175 3511 3213 ενοει-

1923 3250 2186 3320 κνυμένη,
2225 3249 2322 3302 καὶ
2355 3247 2454 3320 τὴν
2486 3246 2696 3318 θερμὴν
2727 3175 3133 3348 διάθεσινέΚαὶ
3178 3246 3432 3317 καθάπερ
3460 3249 3511 3302 οι

1923 3344 2021 3404 τὰς
2051 3340 2265 3412 δεήσεις
2294 3339 2597 3410 γράφοντες
2625 3337 2703 3408 τῷ
2734 3337 2964 3408 βασιλεῖ,
2983 3329 3092 3390 δύκ
3121 3329 3422 3412 ἐπέπιθέᾶσιν
3452 3337 3514 3392 ἓν

1923 3429 2092 3498 ὄνομα
2123 3427 2300 3497 μόνον,
2337 3425 2474 3480 ἀλλὰ
2503 3425 2594 3477 τὸν
2631 3425 3012 3495 τροπαιοῦχον,
3052 3424 3144 3478 τὸν
3168 3405 3512 3494 δαύγουστον,

1922 3517 2016 3570 τὸν
2051 3517 2448 3587 αὐτοκράτορα,
2478 3515 2570 3568 καὶ
2603 3513 2774 3567 πολλὰ
2801 3514 2966 3585 ἐτερα
3006 3513 3211 3567 τούτων
3236 3514 3350 3568 ἅνω
3377 3501 3515 3584 προ·

1925 3607 2128 3670 θέντες,
2149 3606 2272 3660 τότε
2300 3604 2579 3658 ποιοῦνται
2606 3603 2705 3673 τὴν
2730 3603 3039 3674 ἱκετηρίαν·
3071 3602 3215 3656 οὕτω
3249 3603 3344 3656 καὶ
3370 3602 3512 3674 αῦτη

1923 3696 2107 3768 δέησίν
2147 3712 2269 3749 τινα
2300 3693 2648 3764 ἀναφέρουσα
2687 3690 2764 3761 τῷ
2791 3690 2930 3760 Θεῷ,
2973 3689 3145 3744 πολλά
3192 3689 3406 3759 τίθησιν
3451 3691 3512 3744 ἐν

1926 3783 2005 3854 τῷ
2038 3780 2306 3852 προοιμίῳ
2347 3780 2447 3850 τῆς
2498 3779 2735 3849 δεήσεως
2778 3778 3039 3848 ὀνόματα,
3071 3778 3171 3849 τήν
3203 3794 3262 3829 τε
3302 3777 3514 3830 οἰκείαν

1926 3869 2163 3925 διάθεσιν
2211 3865 2625 3937 ἐνδεικνυμένη,
2672 3864 2926 3934 καθάπερ
2963 3864 3134 3934 ἔφθην
3181 3863 3371 3927 εἰπὼν,
3417 3867 3514 3918 καὶ

1929 3959 2027 4028 τὴν
2056 3958 2136 4020 εἱς
2168 3955 2259 4010 τὸν
2296 3952 2781 4026 παρακαλούμενον
2823 3937 3152 4028 τιμήνξῖΚαὶ¹
3192 3952 3292 4024 τὴν
3325 3952 3514 4022 δέησιν

1929 4044 2097 4115 αὐτὴν
2137 4054 2160 4082 α
2231 4041 2604 4114 ὑπηγόρευσεν
2662 4042 2696 4112 ή
2753 4031 3087 4110 ὀδύνη·”’διὸ
3141 4039 3239 4093 καὶ
3301 4039 3515 4110 ταχέως

1931 4131 2160 4203 ἠκούετο
2192 4130 2330 4201 μετὰ
2372 4129 2574 4198 πολλῆς
2604 4128 2774 4200 αὐτὴν
2807 4127 3064 4198 γράψασα
3090 4127 3188 4197 τῆς
3219 4126 3510 4190 συνέσεως.

1931 4220 2189 4276 Τοιαῦται
2230 4218 2340 4290 γάρ
2379 4220 2435 4272 αἱ
2475 4216 2536 4282 ἐξ
2565 4215 2970 4291 ὀδύνηςιψυχῆς
3011 4214 3290 4285 γινόμεναι
3329 4213 3511 4284 εὐχαί.

1929 4306 2043 4359 Καὶ
2082 4303 2191 4376 γὰρ
2217 4304 2336 4357 ἀντὶ
2369 4302 2570 4373 χάρτου
2603 4300 2701 4371 μὲν
2745 4295 2815 4371 ἦν
2851 4300 3020 4369 αὐτῆς
3055 4301 3089 4370 ἡ
3135 4299 3365 4362 διάνοια,
3391 4298 3515 4353 ἀντὶ

1930 4390 2178 4462 καλάμου
2211 4390 2268 4444 δὲ
2301 4390 2336 4459 ή
2367 4388 2603 4456 γλῶττα,
2639 4386 2709 4439 τὰ
2748 4386 2960 4455 δάκρυα
2986 4384 3043 4438 δὲ
3090 4386 3212 4438 ἀντὶ
3247 4384 3510 4455 μέλανος·

1929 4479 2010 4532 διὸ
2035 4479 2129 4531 καὶ¹
2169 4477 2330 4549 μέχρι
2358 4476 2458 4545 τῆς
2489 4476 2730 4545 σήμερον
2760 4473 2974 4544 ἡμέρας
2997 4476 3030 4543 ή
3061 4472 3245 4543 δέησις
3276 4473 3512 4544 ἔμεινεν.

1944 4565 2330 4631 Ἀνεξάλειπτα
2364 4563 2476 4634 γὰρ
2520 4561 2589 4616 τὰ
2634 4560 2861 4615 τοιαῦτα
2907 4561 3118 4627 γίνεται
3167 4560 3510 4632 γράμματα,

1929 4656 2073 4726 ἅπερ
2105 4654 2172 4708 ἂν
2196 4654 2390 4723 ἐκείνῳ
2421 4652 2565 4721 βαφῇ
2595 4648 2674 4719 τῷ
2710 4648 2916 4719 μέλανι.
2945 4648 3056 4702 Καὶ
3090 4647 3159 4701 τὰ
3199 4649 3296 4719 μὲν
3331 4648 3515 4718 προοί-

1932 4761 2032 4814 μια
2069 4745 2171 4814 τῆς
2217 4741 2457 4808 δεήσεως
2497 4738 2758 4792 τοιαῦτα·
2800 4735 2870 4790 τὰ
2916 4730 2974 4789 δέ
3018 4736 3145 4806 ἑξῆς
3184 4736 3334 4798 τίνα;
3379 4737 3516 4789 Ἐὰν

1928 4832 2266 4886 ἐπιϐλέπων
2295 4827 2650 4896 ἐπιϐλέψῃς,
2680 4825 2864 4895 φησὶν,
2884 4824 2984 4878 ἐπὶ
3015 4824 3128 4893 τὴν
3151 4824 3516 4877 ταπείνωσιν

1928 4919 2040 4990 τῆς
2076 4920 2303 4985 δούλης
2345 4932 2483 4970 σου.
2528 4914 2685 4968 Οὕτω
2728 4912 2880 4966 οὐδὲν
2923 4912 3101 4976 ἔλαϐε,
3145 4913 3239 4965 καὶ
3277 4910 3337 4977 ἐξ
3379 4912 3515 4964 ὐπο-

1932 5011 2169 5082 σχέσεως
2197 5008 2296 5078 τὴν
2323 5004 2497 5076 ἀρχὴν
2522 5004 2819 5074 ἐποιήσατο
2844 5001 2946 5073 τῆς
2974 5001 3160 5072 εὐχῆς.
3199 4999 3513 5070 Ἀμείϐεται

1928 5101 2020 5154 τὸν
2041 5099 2172 5152 Θεὸν
2204 5095 2326 5168 ήδη,
2355 5093 2520 5164 μηδὲν
2545 5093 2603 5147 ἐν
2633 5091 2792 5164 χερσὶ
2825 5090 3148 5160 κατέχουσα.
3176 5086 3364 5150 Οὕτως
3391 5087 3512 5150 ἔζεε

1931 5188 2030 5241 καὶ
2055 5184 2208 5238 ὧδινε
2238 5182 2374 5254 πρὸς
2408 5179 2570 5236 τοῦτο
2602 5179 2823 5250 μᾶλλον,
2851 5178 2884 5250 ἦ
2919 5178 3055 5247 πρὸς
3078 5177 3274 5242 ἐκεῖνο,
3303 5174 3398 5229 καὶ
3423 5174 3513 5228 διὰ

1930 5273 2088 5328 τοῦτο
2113 5271 2316 5344 ηὔξατο
2343 5270 2527 5325 λαϐεῖν
2552 5269 2614 5322 τὸ
2636 5267 2867 5321 παιδίον.
2901 5264 3028 5319 Ἐὰν
3061 5263 3370 5317 ἐπιϐλέπων
3393 5264 3514 5316 ἐπι-

1931 5361 2134 5431 ϐλέψῃς
2162 5359 2255 5412 ἐπὶ
2291 5357 2390 5429 τὴν
2434 5355 2759 5410 ταπείνωσιν
2797 5357 2891 5424 τῆς
2931 5351 3122 5422 δούλης
3153 5370 3267 5405 σου.
3299 5351 3404 5404 Δύο
3431 5350 3512 5403 δι-

1931 5449 2243 5520 καιώματα,
2272 5447 2458 5518 φησὶν,
2487 5445 2612 5516 ἔχω,
2636 5445 2734 5515 τὴν
2759 5443 3024 5507 δουλείαν,
3063 5443 3158 5497 καὶ
3181 5440 3280 5513 τὴν
3313 5455 3515 5511 συμφο-

1936 5529 2055 5610 ράν.
2098 5537 2208 5591 Καὶ
2238 5535 2345 5600 δός
2375 5551 2478 5603 μοι
2505 5531 2582 5603 τῇ
2613 5532 2803 5600 δούλῃ
2830 5544 2948 5585 σου
2977 5531 3214 5601 σπέρμα
3256 5527 3510 5597 ἀνδρός·

1932 5626 2105 5680 δώσω
2125 5624 2272 5679 αὐτὸ
2299 5622 2558 5678 ἐνώπιόν
2589 5635 2707 5675 σου
2734 5619 2930 5672 δοτόν.
2951 5616 3015 5672 Τί
3035 5623 3202 5684 ἐστιν,
3231 5616 3514 5672 Ἐνώπιόν

1993 5781 2024 5821 Ιι
2047 5781 2418 5843 Καταϐραχεῖσα
2437 5779 2562 5843 Reg.
2590 5782 2644 5826 et
2671 5775 2976 5843 Colb._unu_s.

1999 5845 2025 5876 ⁸
2046 5843 2182 5895 Colb.
2212 5839 2372 5899 δέὴᾱιν
2387 5840 2562 5900 ταύτην
2585 5845 2638 5890 et
2659 5841 2732 5890 sic
2751 5840 2900 5890 etiam
2919 5839 3046 5901 Reg.

3161 5912 3237 5972 17
