4028 6360
231 434 338 489 641

234 526 381 578 Cilla:
403 534 694 577 tu¢~semcn
721 524 848 578 viri;
879 523 1007 574 dabo
1028 520 1158 574 illud
1186 520 1359 573 datum
1388 535 1556 572 coram
1595 530 1660 572 te.
1690 522 1829 589 Quid

232 625 341 679 est,
374 616 559 670 Coram
595 625 641 669 te
684 615 901 667 datum?
946 614 1251 667 Dedilitium
1297 622 1352 665 et
1390 613 1548 681 plane
1592 626 1829 666 servum.

232 706 396 761 Omni
426 715 687 775 potestate
711 720 795 760 me
820 705 1032 759 abdico.
1064 706 1296 759 Eatenus
1317 706 1459 759 enim
1490 712 1694 758 tantum
1714 704 1830 757 fieri

232 806 409 852 mater
433 798 613 866 cupio,
644 807 907 867 quatenus
926 812 957 850 a
987 812 1074 851 me
1105 798 1245 851 filius
1270 796 1430 851 ducat
1460 796 1690 863 initium,
1716 807 1827 851 tum

229 889 492 960 deinceps
517 906 639 945 meo
666 890 784 959 jure
814 889 970 956 cedo,
1001 905 1063 945 ac
1090 905 1277 945 rursus
1302 891 1353 944 ei
1378 890 1647 944 renuntio.

305 984 361 1038 6.
404 986 482 1039 Ac
510 983 630 1039 vide
656 984 894 1038 mulieris
920 984 1187 1053 pietatem.
1216 982 1330 1036 Non
1361 982 1513 1045 dixit,
1541 981 1596 1037 Si
1617 982 1830 1037 dederis

229 1076 366 1131 mihi
393 1086 519 1142 tres,
543 1077 677 1132 duos
702 1077 793 1131 tibi
814 1077 915 1130 do:
942 1078 1022 1130 sin
1050 1085 1226 1131 autem
1248 1076 1402 1139 duos,
1426 1092 1587 1131 unum
1607 1076 1675 1131 do
1697 1076 1822 1131 tibi:

227 1171 352 1235 sed,
386 1169 442 1225 Si
470 1186 633 1223 unum
656 1169 827 1223 solum
855 1169 1088 1235 dederis,
1120 1178 1285 1223 totum
1320 1168 1410 1223 tibi
1434 1169 1661 1224 fructum
1692 1185 1826 1225 con-

228 1279 409 1319 secro.
440 1262 505 1315 Et
534 1263 705 1315 vinum
735 1272 782 1315 et
808 1279 956 1315 onme
982 1262 1118 1328 quod
1147 1262 1396 1315 inebriare
1423 1272 1582 1331 potest
1611 1280 1711 1316 non
1749 1263 1825 1315 bi-

227 1356 329 1408 bet.
361 1354 605 1411 Nondum
637 1355 800 1407 filium
831 1355 1054 1421 accepit,
1100 1364 1153 1408 et
1176 1354 1285 1422 jam
1318 1354 1627 1423 prophetam
1658 1355 1823 1408 infor-

228 1457 361 1512 mat,
391 1463 453 1504 ac
477 1447 544 1502 de
571 1447 714 1501 illius
742 1446 1057 1500 educatione
1086 1448 1244 1500 verba
1275 1446 1418 1506 facit,
1449 1456 1501 1500 ct
1544 1462 1665 1501 cum
1715 1447 1825 1501 Deo

228 1551 442 1607 pactum
476 1540 590 1594 init.
620 1539 665 1593 0
690 1538 1065 1593 confidentiam
1096 1539 1361 1595 mulieris!
1410 1541 1544 1607 Quia
1577 1556 1680 1594 non
1710 1550 1821 1594 tum

227 1631 539 1700 persolvere
567 1640 792 1701 poterat,
815 1630 956 1701 quod
978 1631 1213 1686 nondum
1237 1634 1550 1702 accepisset,
1574 1648 1604 1686 a
1629 1633 1823 1689 futuris

224 1730 499 1791 sumptum
531 1722 758 1791 pretium
790 1722 1066 1791 persolvit.
1093 1722 1161 1777 Et
1186 1723 1637 1792 quemadmodum
1679 1739 1823 1795 saepe

224 1814 376 1868 multi
408 1814 657 1884 agricola:
700 1829 907 1869 summa
948 1815 1125 1884 pressi
1174 1822 1431 1884 egestate,
1461 1830 1582 1869 cum
1615 1823 1820 1869 tantum

226 1906 469 1973 pecuniae
512 1921 617 1959 non
662 1914 928 1975 suppetat,
969 1916 1028 1960 ut
1056 1906 1278 1959 vitulum
1315 1907 1521 1975 possint
1545 1916 1635 1960 aut
1663 1922 1819 1963 ovem

222 2011 428 2057 emere,
462 1996 559 2050 hac
585 1997 896 2051 conditione
925 2012 956 2052 a
984 1997 1216 2052 dominis
1242 2012 1303 2052 ea
1326 1998 1593 2067 accipiunt
1618 1999 1821 2053 anima-

224 2088 314 2152 lia,
341 2098 399 2141 ut
424 2088 702 2143 semissem
727 2088 992 2142 fructuum
1022 2089 1267 2153 reddant,
1300 2105 1463 2159 seque
1491 2091 1721 2160 pretium
1749 2107 1816 2146 ex

222 2178 419 2232 futuris
445 2179 729 2233 deductum
763 2179 1022 2233 fructibus
1062 2181 1427 2249 persoluturos
1457 2182 1772 2251 promittunt
1801 2201 1813 2235 :

221 2272 300 2323 sic
325 2270 487 2324 etiam
512 2271 633 2334 ista,
653 2271 735 2324 vel
764 2273 939 2340 potius
961 2271 1131 2340 majus
1147 2272 1397 2341 quiddam
1418 2272 1681 2340 prmstitit.
1701 2272 1817 2327 Non

219 2363 365 2415 enim
397 2377 459 2416 ea
490 2362 818 2427 conditione,
868 2373 926 2416 ut
967 2364 1248 2417 semissem
1292 2362 1557 2416 fructuum
1604 2363 1811 2425 reddat,

222 2454 395 2508 ﬁlium
424 2456 637 2525 accipit,
684 2455 779 2509 sed
826 2463 885 2510 ut
927 2464 1093 2510 totum
1138 2456 1212 2509 illi
1241 2456 1434 2510 deinde
1464 2458 1728 2522 restituat,
1762 2467 1817 2512 et

216 2543 487 2598 fructuum
519 2546 635 2601 loco
657 2546 749 2599 filii
770 2546 1139 2601 educationem
1170 2546 1414 2615 accipiat.
1447 2546 1813 2602 Sufficientem

216 2639 362 2692 eiiim
394 2655 515 2694 esse
545 2639 846 2695 mercedem
886 2639 1237 2707 existimavit,
1267 2648 1323 2693 ut
1350 2639 1560 2694 labores
1590 2656 1715 2695 suos
1761 2643 1812 2696 in

218 2734 314 2788 Dei
346 2733 643 2788 sacerdotis
687 2732 1056 2787 educationem
1086 2731 1440 2800 impenderet.
1476 2730 1543 2784 Et
1570 2733 1739 2784 vinum
1765 2742 1813 2783 e1

214 2842 367 2879 omne
389 2825 527 2896 quod
550 2826 761 2879 inebriat
795 2842 898 2878 non
944 2824 1089 2890 bibet,
1124 2825 1313 2893 inquit.
1345 2823 1460 2878 Non
1488 2823 1557 2877 illi
1586 2826 1730 2878 venit
1759 2826 1812 2878 in

214 2928 456 2974 mentem
488 2918 602 2972 hazc
648 2917 788 2987 apud
819 2932 877 2971 se
903 2916 1116 2972 dicere:
1142 2916 1278 2984 Quid
1309 2932 1436 2970 vero
1469 2918 1579 2983 lict,
1608 2916 1654 2971 si
1683 2917 1810 2971 dum

214 3023 372 3067 tener
401 3020 483 3065 est
527 3009 719 3074 infans,
752 3025 903 3079 aqua:
933 3016 1061 3079 potu
1091 3008 1205 3077 ejus
1256 3007 1504 3062 valetudo
1547 3007 1811 3062 latdatur?

210 3105 342 3176 quid
385 3105 430 3158 si
462 3108 515 3162 in
545 3104 786 3158 morbum
819 3103 1049 3157 incidat?
1078 3101 1201 3172 quid
1230 3102 1273 3156 si
1300 3100 1447 3172 gravi
1478 3100 1667 3155 morbo
1710 3117 1813 3170 0p—

214 3214 436 3270 pressus
482 3198 775 3252 moriatur?
821 3196 925 3251 Sed
970 3212 1089 3251 cum
1127 3195 1414 3266 cogitasset
1450 3211 1594 3261 cum,
1633 3211 1662 3249 a
1702 3211 1808 3265 quo

211 3294 392 3346 fuerat
434 3291 611 3355 datus,
644 3304 800 3357 posse
835 3289 975 3342 illius
1002 3302 1215 3358 quoque
1244 3287 1456 3341 sanitati
1501 3287 1804 3356 providere,

208 3386 278 3439 ab
309 3386 439 3454 ipsis
467 3383 801 3439 incunabulis
830 3392 883 3437 et
924 3390 1109 3451 partus
1137 3381 1446 3436 secundinis
1472 3381 1523 3435 in
1550 3382 1807 3437 sanctita—

211 3488 319 3533 tem
361 3477 509 3530 illum
558 3476 783 3541 invexit,
826 3476 1040 3543 Deoque
1088 3490 1201 3527 rem
1234 3481 1397 3527 totam
1429 3473 1719 3542 commisit,
1752 3481 1807 3528 et

206 3578 335 3623 ante
364 3576 575 3636 partum
606 3566 1036 3621 sanctificabatur
1073 3565 1188 3635 ejus
1230 3574 1414 3619 uterus
1452 3566 1504 3619 in
1534 3581 1639 3634 quo
1678 3580 1804 3634 pro-

208 3661 372 3731 pheta
402 3659 730 3729 gestabatur,
753 3667 807 3714 et
833 3657 1089 3713 sacerdos
1109 3657 1535 3726 concipiebatur,
1562 3666 1617 3713 et
1637 3658 1804 3711 dona-

152 3793 171 3810 .
206 3750 349 3805 rium
395 3748 689 3813 ferebatur,
735 3748 1036 3813 donarium,
1068 3748 1306 3818 inquam,
1337 3748 1648 3802 animatum.
1679 3747 1803 3803 Ideo

208 3841 412 3896 diutius
449 3855 569 3895 eam
604 3855 836 3896 nuerore
864 3840 1051 3895 confici
1084 3838 1426 3910 permittebat
1474 3840 1634 3905 Deus,
1682 3838 1802 3895 ideo

208 3932 360 3989 tarde
390 3930 579 3995 dabat,
618 3942 673 3987 ut
720 3948 839 3987 eam
872 3933 988 4003 ipso
1018 3947 1214 4003 genere
1240 3939 1428 4002 partus
1456 3930 1801 3987 illustriorem

206 4027 477 4093 redderet,
503 4040 563 4086 ut
595 4026 984 4097 philosophiam
1026 4026 1143 4097 ejus
1171 4026 1442 4094 animique
1471 4024 1799 4080 moderatio-

206 4135 330 4174 nem
360 4118 692 4175 ostenderet.
722 4117 855 4172 Nam
880 4118 933 4172 in
964 4118 1209 4173 oratione
1227 4131 1335 4171 non
1364 4116 1610 4171 meminit
1637 4132 1802 4171 aemu-

204 4211 293 4277 lae,
318 4226 424 4266 non
447 4211 563 4281 ejus
583 4209 822 4265 convicia
849 4209 1183 4276 memoravit,
1214 4224 1319 4263 non
1342 4210 1394 4263 in
1420 4208 1651 4263 medium
1676 4222 1800 4277 pro-

206 4302 326 4356 tulit
363 4305 482 4372 ejus
510 4302 818 4372 opprobria,
854 4317 960 4357 non
1002 4302 1154 4366 dixit,
1183 4300 1456 4356 Ulciscere
1484 4315 1571 4356 me
1600 4300 1668 4355 de
1694 4301 1799 4354 im-

204 4395 371 4463 proba
418 4404 477 4449 et
516 4396 739 4450 sceleSIa
786 4395 874 4449 illa
917 4394 1161 4461 muliere,
1192 4393 1347 4463 ~qttud
1388 4394 1570 4448 multa:
1600 4393 1796 4448 faciunt

203 4487 495 4541 mulieres:
525 4486 620 4541 sed
671 4501 846 4556 neque
896 4486 1212 4555 probrorum
1262 4485 1574 4549 recordata,
1619 4485 1688 4539 de
1732 4486 1798 4540 iis

203 4588 410 4632 tantum
438 4594 557 4648 quae
578 4578 676 4634 sibi
706 4579 993 4649 proderant
1022 4594 1206 4647 preces
1228 4576 1501 4633 offerebat.
1531 4578 1603 4632 Ita
1632 4578 1713 4632 fac
1741 4588 1796 4633 tu

200 4688 437 4743 quoque,
483 4672 554 4726 mi
597 4672 781 4738 homo,
827 4688 1054 4742 cumque
1084 4672 1278 4727 videris
1308 4672 1581 4727 inimicum
1611 4671 1796 4727 dolore

200 4766 550 4828 afficientem,
586 4767 636 4819 in
666 4783 785 4820 eum
817 4767 1031 4836 quidem
1060 4766 1262 4819 nullum
1291 4766 1534 4835 asperius
1574 4765 1792 4820 verbum

204 4861 406 4921 mittas,
441 4875 612 4928 neque
651 4860 788 4913 male
828 4874 952 4927 erga
997 4869 1047 4911 te
1092 4858 1285 4912 affecto
1330 4857 1791 4927 impreceris:sed

202 4952 502 5020 ingressus,
532 4965 593 5005 ac
622 4950 772 5005 ﬂexis
797 4950 1039 5020 genibus,
1066 4949 1305 5018 fusisque
1326 4950 1595 5021 lacrymis,
1627 4951 1791 5004 Deum

198 5057 448 5113 precare,
472 5052 528 5096 ut
550 5043 817 5097 tristitiam
846 5042 1094 5096 discutiat
1113 5041 1457 5111 doloremque
1474 5042 1788 5112 restinguat;

198 5134 347 5204 quod
374 5134 489 5191 hate
518 5150 729 5203 quoque
754 5136 946 5188 mulier
977 5134 1119 5195 fecit,
1165 5149 1265 5188 nec
1310 5134 1632 5190 mediocrem
1678 5136 1792 5189 fru-

199 5234 349 5280 ctum
380 5239 444 5281 el
479 5224 691 5279 inimica
719 5225 953 5295 collegit.
1009 5226 1097 5279 Illa
1143 5225 1284 5279 enim
1318 5226 1384 5279 ad
1413 5226 1552 5282 hunc
1583 5237 1789 5297 partum

199 5315 427 5371 infantis
455 5316 803 5372 obtinendum
847 5318 1099 5386 opitulata
1142 5325 1245 5371 est.
1275 5316 1391 5383 Quo
1431 5328 1586 5387 pacto
1629 5319 1678 5372 id
1710 5318 1791 5373 fa-

198 5421 350 5465 ctum
376 5410 466 5470 sit,
496 5424 594 5479 ego
622 5410 812 5464 dicam.
834 5411 966 5477 Quia
996 5409 1278 5480 opprobria
1306 5409 1552 5478 jactarat,
1577 5410 1791 5465 afﬂixe-

200 5510 312 5566 rat,
333 5500 702 5572 majoremque
729 5500 970 5557 dolorem
993 5500 1317 5565 reddiderat,
1338 5516 1365 5553 a
1388 5502 1572 5556 dolore
1593 5502 1789 5558 arden-

207 5596 319 5651 tior
336 5594 433 5649 fuit
471 5595 665 5659 oratio,
713 5594 878 5649 Deum
909 5611 1037 5650 vero
1077 5594 1152 5648 illi
1191 5594 1514 5658 conciliavit,
1546 5605 1703 5663 atque
1733 5604 1792 5648 ut

200 5694 517 5762 impetraret
547 5687 744 5752 effecit,
776 5686 960 5757 sicque
1003 5686 1218 5742 Samuel
1263 5695 1348 5742 est
1391 5697 1545 5755 partu
1588 5686 1784 5741 editus.

200 5785 390 5848 Itaque
416 5782 459 5835 si
490 5781 677 5851 vigiles
704 5782 889 5846 simus,
923 5795 1028 5833 non
1076 5779 1236 5834 modo
1275 5778 1406 5833 nihil
1452 5794 1550 5833 nos
1594 5778 1791 5833 laedere

194 5880 445 5943 poterunt
478 5873 695 5937 inimici,
725 5870 820 5929 sed
843 5880 896 5927 et
923 5871 1208 5942 plurimum
1238 5871 1550 5942 proderunt,
1582 5870 1708 5926 dum
1732 5871 1784 5925 in

1597 424 1683 481 DE
1724 427 1907 483 ANNA
1935 425 2163 482 SBRMO
2202 428 2241 483 1.

3425 433 3530 486 642

1944 522 2196 574 onunbus
2218 536 2316 575 nos
2339 522 2702 592 diligentiores
2729 524 2982 587 cfticient,
3005 534 3205 579 tantum
3229 542 3296 580 ne
3317 540 3535 597 propter

1940 614 2243 669 molestiam
2268 630 2331 669 ac
2357 616 2621 681 dolorem,
2652 633 2812 687 quem
2842 619 2997 673 nobis
3031 619 3267 685 inurunt,
3300 620 3369 673 ad
3398 636 3531 675 con-

1940 706 2073 760 vicia
2100 706 2403 777 probraque
2432 724 2527 763 nos
2548 709 2717 779 abripi
2747 710 3005 773 sinamus,
3030 712 3122 765 sed
3139 711 3204 766 ad
3227 728 3413 781 preces
3434 728 3530 768 nos

1939 800 2115 869 potius
2144 810 2538 855 eonvertamus.

2007 893 2092 947 Ea:
2134 896 2335 948 nomine
2362 894 2618 949 Samuelis
2645 896 2956 950 occasionem
2982 899 3161 967 arripit
3188 898 3251 953 de
3269 898 3534 952 educatio-

1936 1000 1999 1037 ne
2044 984 2313 1038 liberorum
2365 983 2618 1055 loquendi.
2657 1014 2730 1026 —-
2770 986 3055 1057 Postquam
3100 998 3276 1043 autem
3325 990 3532 1060 peperit

1936 1077 2127 1149 filium,
2144 1078 2352 1133 vocarit
2372 1078 2515 1132 illum
2535 1079 2855 1143 Samuelem,
2877 1079 2979 1134 hoc
2994 1090 3093 1147 est,
3117 1081 3314 1137 Audiet
3338 1082 3525 1136 Deum.

1931 1168 2063 1225 Nam
2093 1172 2341 1240 quoniam
2369 1186 2435 1224 ex
2465 1186 2550 1236 eo,
2579 1170 2721 1241 quod
2750 1171 2993 1225 exaudita
3021 1172 3199 1235 fuerit,
3231 1182 3284 1228 et
3308 1189 3527 1243 precum

1928 1279 2094 1334 opera
2115 1264 2286 1333 ipsum
2307 1265 2531 1332 accepit,
2561 1280 2665 1318 non
2690 1264 2947 1318 beneficio
2975 1274 3194 1329 naturae,
3216 1266 3527 1321 memoriam

1931 1366 2164 1426 quarstus
2189 1356 2330 1410 illius
2359 1364 2632 1426 tamquam
2674 1357 2724 1409 in
2753 1372 2901 1409 a-nea
2938 1357 3163 1425 quadam
3201 1358 3448 1412 columna
3475 1357 3528 1411 in

1929 1447 2283 1515 appellatione
2314 1447 2517 1517 pueruli
2541 1448 2706 1501 voluit
2734 1462 2854 1502 esse
2881 1447 3135 1501 defixam.
3161 1448 3343 1519 Neque
3371 1449 3527 1514 dixit,

1936 1539 2194 1594 \‘oeemus
2219 1556 2340 1593 eum
2383 1540 2596 1594 nomine
2628 1541 2793 1608 patris
2822 1541 2922 1603 sui,
2960 1539 3041 1594 vel
3073 1540 3277 1607 patrui,
3305 1542 3386 1595 vel
3418 1541 3525 1606 avi,

1928 1632 2011 1684 vel
2044 1632 2226 1699 proavi
2254 1649 2266 1684 ε
2295 1630 2410 1696 sed,
2441 1631 2535 1686 Ille
2564 1631 2698 1699 ipse,
2723 1630 2812 1698 qui
2837 1630 2987 1685 dedit
3014 1646 3157 1695 eum,
3195 1630 3403 1701 inquit,
3430 1645 3527 1701 ap—

1929 1724 2214 1793 pellatione
2237 1723 2442 1792 pueruli
2470 1723 2783 1776 honoretur.
2816 1722 2961 1777 Hanc
2984 1722 3305 1776 aemulamini
3334 1723 3530 1777 mulie-

1926 1830 2036 1878 res,
2073 1814 2212 1868 hanc
2241 1815 2512 1868 imitemur
2536 1813 2656 1879 viri,
2684 1822 2992 1883 tantamque
3019 1814 3307 1868 liberorum
3340 1831 3525 1869 curam

1926 1921 2196 1976 geramus,
2230 1907 2300 1959 ita
2334 1916 2486 1961 natos
2512 1906 2824 1972 educemus,
2856 1922 2980 1961 cum
3012 1907 3065 1961 in
3091 1908 3209 1964 aliis
3236 1907 3522 1973 omnibus,

1928 2009 2037 2052 tum
2065 1998 2296 2052 maxime
2324 1998 2375 2051 in
2397 1999 2661 2053 castitate.
2692 1997 2836 2054 Nihil
2859 2000 3000 2054 enim
3030 1999 3165 2055 adeo
3190 2000 3521 2055 contenden-

1924 2089 2051 2143 dum
2092 2099 2146 2143 et
2174 2088 2469 2143 curandum
2498 2099 2580 2144 est
2604 2131 2619 2156 ,
2651 2106 2808 2160 quam
2838 2099 2896 2145 ut
2917 2090 3143 2159 juvenes
3171 2094 3301 2147 casti
3334 2094 3440 2147 sint
3468 2105 3525 2147 et

1923 2179 2123 2249 pudici.
2174 2180 2301 2234 Haec
2346 2181 2489 2234 enim
2533 2181 2766 2236 maxime
2810 2182 3068 2251 aegritudo
3112 2183 3183 2236 illi
3212 2184 3354 2237 aetati
3398 2200 3521 2238 mo-

1924 2272 2132 2326 lestiam
2177 2272 2429 2327 exhibet:
2454 2280 2509 2326 et
2534 2272 2677 2342 quod
2722 2272 2774 2326 in
2807 2272 3039 2328 lucernis
3072 2275 3311 2344 agimus,
3343 2275 3445 2331 hoc
3470 2288 3526 2332 et

1921 2382 2044 2435 erga
2074 2366 2268 2421 liberos
2296 2366 2663 2421 observemus.
2696 2366 2854 2421 Certe
2890 2381 3032 2435 saepe
3058 2368 3305 2423 ancillam
3332 2369 3524 2432 admo-

1921 2476 2130 2526 nemus,
2164 2476 2282 2530 quae
2312 2460 2585 2515 lucernam
2612 2460 2875 2525 accendit,
2910 2476 2976 2514 ne
3010 2463 3058 2512 in
3088 2476 3210 2514 eum
3241 2460 3415 2516 locum
3445 2462 3527 2515 lu-

1920 2568 2135 2607 cernam
2187 2551 2518 2617 transferat,
2547 2552 2599 2605 in
2631 2566 2738 2620 quo
2781 2552 2974 2620 stipula
3017 2552 3285 2607 ftenumve
3325 2552 3521 2619 fuerit,

1919 2653 2012 2698 aut
2054 2642 2254 2712 aliquid
2282 2642 2620 2711 hujusmodi,
2657 2659 2723 2697 ne
2750 2642 2887 2698 forte
2919 2644 3074 2697 nobis
3101 2645 3282 2699 insciis
3312 2646 3526 2701 excidat

1919 2737 2151 2792 scintilla
2177 2736 2459 2805 quaepiam,
2481 2744 2537 2791 et
2558 2737 2838 2792 materiam
2866 2737 3009 2791 illam
3040 2740 3334 2808 corripiens
3356 2749 3522 2795 totam

1917 2831 2133 2883 domum
2157 2828 2405 2882 incendat
2423 2846 2435 2881 :
2453 2828 2697 2882 eamdem
2719 2844 2930 2898 quoque
2952 2830 3365 2910 sollicitudinem
3391 2849 3518 2903 erga

1917 2923 2115 2977 liberos
2142 2922 2513 2992 impendamus
2530 2965 2545 2988 ,
2575 2938 2749 2992 neque
2771 2923 2949 2977 vultus
2970 2939 3158 2980 eorum
3190 2927 3313 2983 illuc
3340 2930 3522 2984 tradu—

1914 3031 2119 3080 camus,
2150 3016 2236 3070 ubi
2265 3016 2477 3071 lascivae
2505 3026 2629 3071 sunt
2658 3017 2869 3071 famulae
2888 3060 2902 3083 ,
2928 3018 3015 3071 ubi
3048 3019 3333 3077 luxuriosa:
3364 3025 3518 3091 puel-

1916 3111 1982 3164 lae
2006 3151 2022 3176 ,
2054 3110 2140 3163 ubi
2169 3108 2468 3180 petulantes
2498 3109 2706 3164 ancilla:
2728 3151 2742 3174 ,
2778 3108 2872 3163 sed
2900 3110 3181 3179 jubeamus
3220 3128 3282 3168 ac
3312 3114 3519 3170 denun-

1914 3204 2112 3258 tiemus
2135 3205 2259 3269 illis,
2291 3204 2335 3258 si
2362 3202 2497 3259 forte
2525 3205 2643 3258 talis
2673 3205 2824 3259 nobis
2846 3207 2912 3259 sit
2944 3205 3160 3271 famula,
3190 3221 3285 3261 seu
3315 3210 3512 3276 vicina,

1914 3296 2025 3349 sive
2048 3295 2247 3364 quaevis
2277 3294 2560 3364 ejusmodi,
2595 3304 2652 3350 ut
2677 3312 2849 3367 neque
2877 3297 2927 3350 in
2956 3309 3322 3368 conspectum,
3344 3315 3517 3371 neque

1910 3385 1965 3440 in
1993 3385 2259 3439 sermonis
2274 3400 2618 3455 congressum
2640 3401 2761 3441 cum
2785 3387 3071 3455 juvenibus
3092 3390 3290 3451 veniat,
3316 3405 3384 3445 ne
3410 3406 3517 3460 qua

1913 3475 2038 3530 inde
2076 3476 2304 3530 scintilla
2334 3477 2590 3531 excidens
2620 3486 2783 3532 totam
2814 3480 3018 3548 pueruli
3049 3482 3279 3536 animam
3322 3482 3511 3538 incen—

1911 3566 2022 3633 dat,
2043 3578 2095 3621 et
2125 3568 2519 3637 irreparabilem
2544 3570 2618 3623 illi
2640 3571 2997 3625 calamitatem
3030 3571 3300 3641 importet.
3327 3574 3514 3645 Neque

1911 3675 2039 3714 vero
2086 3668 2290 3713 tantum
2320 3674 2349 3713 a
2390 3661 2711 3730 spectaculis
2735 3702 2749 3726 ,
2782 3661 2879 3716 sed
2907 3664 3065 3717 etiam
3109 3680 3139 3717 a
3170 3666 3423 3721 mollibus
3446 3682 3514 3723 ac

1910 3750 2182 3805 dissolutis
2206 3750 2486 3805 cantilenis
2512 3750 2872 3815 abducamus,
2903 3768 2968 3806 ne
3000 3753 3081 3807 his
3110 3768 3297 3809 eorum
3327 3756 3513 3813 anima

1908 3841 2218 3905 faseinetur;
2251 3856 2425 3910 neque
2454 3841 2569 3894 illos
2596 3841 2661 3895 ad
2694 3841 2897 3896 theatra
2930 3843 3276 3909 deducamus,
3308 3861 3408 3901 nec
3437 3848 3508 3903 ad

1907 3932 2149 3988 convivia
2171 3941 2225 3987 et
2251 3932 2689 4002 compotationes,
2718 3933 2813 3988 sed
2840 3935 3047 3989 cautius
3076 3951 3235 4005 quam
3266 3938 3508 3994 conclavi

1907 4025 2101 4080 abditae
2130 4026 2359 4095 virgines
2380 4066 2394 4088 ,
2424 4025 2792 4080 custodiantur
2832 4041 2863 4081 a
2908 4028 3062 4083 nobis
3090 4029 3333 4098 juvenes.
3364 4030 3509 4086 Nihil

1907 4124 2117 4170 aetatem
2142 4113 2283 4170 illam
2309 4114 2444 4170 adeo
2464 4116 2602 4170 solet
2620 4130 2881 4171 exornare
2905 4132 2969 4173 ac
2989 4117 3255 4188 pudicitiae
3277 4134 3502 4189 corona,

1907 4218 1961 4264 et
1989 4209 2033 4263 si
2064 4208 2183 4278 quis
2221 4208 2289 4264 ab
2332 4208 2479 4262 omni
2520 4208 2735 4262 lascivia
2782 4225 2948 4278 purus
2974 4210 3039 4264 ad
3071 4211 3374 4281 conjugium
3406 4229 3504 4268 ve-

1906 4302 2037 4356 niat.
2079 4300 2170 4357 Sic
2208 4308 2261 4355 et
2289 4300 2541 4356 mulieres
2571 4300 2676 4354 illis
2721 4301 2850 4356 fient
2875 4301 3163 4365 amabiles,
3197 4319 3320 4358 cum
3347 4314 3505 4359 antea

1906 4393 2048 4448 nulla
2076 4408 2134 4447 se
2175 4392 2529 4447 fornicatione
2566 4393 2904 4455 exercuerit,
2928 4401 3021 4447 aut
3044 4404 3295 4464 corrupta
3342 4396 3505 4452 fuerit
3564 4460 3565 4463 η

1904 4487 2099 4552 anima,
2128 4499 2249 4538 cum
2273 4499 2393 4537 eam
2420 4482 2589 4537 solam
2616 4484 2894 4538 mulierem
2926 4492 3106 4538 notam
3144 4485 3389 4541 habuerit
3410 4487 3504 4557 ju-

1903 4578 2074 4643 venis,
2107 4591 2228 4646 quae
2253 4575 2354 4629 sibi
2382 4573 2543 4628 fuerit
2563 4574 2761 4644 nuptiis
2790 4574 3059 4643 copulata.
3088 4575 3178 4632 Sic
3206 4586 3261 4630 et
3304 4578 3501 4633 arden-

1905 4671 2068 4723 tiores
2092 4682 2324 4732 amores,
2353 4674 2407 4721 et
2426 4665 2690 4721 sincerior
2716 4666 3087 4722 benevolentia
3109 4710 3122 4733 ,
3155 4669 3232 4722 sic
3261 4670 3497 4724 amicitia

1905 4764 1963 4814 tit
1986 4759 2354 4816 vehementior
2378 4799 2393 4822 ,
2421 4773 2545 4812 cum
2574 4757 2642 4811 ad
2670 4757 2882 4828 nuptias
2905 4757 3132 4829 juvenes
3181 4775 3303 4813 cum
3353 4770 3499 4815 tanta

1902 4853 2147 4909 cautione
2172 4852 2523 4921 perrexerint.
2548 4850 2678 4905 Nam
2698 4866 2839 4905 nunc
2863 4852 3077 4921 quidem
3106 4868 3222 4921 quae
3240 4862 3500 4922 geruntur

1902 4965 2007 5003 non
2058 4949 2254 5018 nuptiae
2295 4955 2456 5012 sunt,
2487 4945 2581 5001 sed
2624 4961 2771 4999 mera
2803 4946 3091 5015 negotiatio
3135 4944 3371 5014 pecunia:
3397 4986 3413 5010 ,
3442 4956 3499 4999 et

1901 5041 2234 5111 cauponatio.
2260 5040 2390 5095 Cum
2417 5040 2557 5093 enim
2588 5048 2711 5093 ante
2736 5039 3037 5108 conjugium
3066 5047 3350 5107 corruptus
3377 5037 3496 5092 fue-

1902 5135 2231 5203 ritjuvcnis,
2261 5143 2314 5187 ct
2340 5140 2460 5201 post
2490 5132 2793 5202 conjugium
2826 5146 3011 5185 rursus
3033 5130 3086 5183 in
3117 5130 3338 5184 alteram
3371 5146 3493 5184 mu-

1902 5226 2085 5281 lierem
2115 5224 2300 5279 oculos
2328 5239 2455 5279 suos
2484 5224 2841 5290 converterit,
2869 5221 3017 5291 quid,
3049 5237 3251 5291 quaeso,
3274 5222 3495 5293 prodest

1900 5317 2374 5389 conjugium‘Hmo
2420 5326 2528 5371 tum
2570 5315 2741 5385 majus
2783 5314 3097 5385 supplicium
3144 5312 3410 5379 debetur,
3440 5324 3497 5369 et

1902 5412 2176 5482 indignum
2218 5418 2299 5465 est
2326 5410 2479 5465 venia
2514 5417 2790 5479 peccatum
2812 5444 2831 5472 ,
2862 5421 2983 5460 cum
3028 5407 3168 5460 intus
3221 5405 3495 5460 residente

1901 5518 2067 5558 uxore
2116 5504 2349 5572 seipsum
2403 5502 2741 5555 meretricum
2804 5512 3092 5567 congressu
3150 5496 3398 5566 polluat,
3438 5508 3494 5552 et

1900 5595 2217 5649 adulterium
2265 5594 2579 5649 committat.
2608 5591 2811 5659 Quippe
2845 5605 3011 5644 uxore
3055 5590 3251 5656 ducta,
3279 5593 3493 5645 tametsi
3538 5586 3541 5589 ⁷

1901 5686 2151 5740 meretrix
2181 5693 2262 5739 est
2284 5727 2300 5751 ,
2329 5699 2446 5753 qua:
2473 5699 2531 5737 se
2573 5682 2750 5736 mariti
2792 5696 3082 5750 congressu
3126 5680 3491 5735 contaminat.

1899 5776 2221 5831 adulterium
2249 5784 2331 5830 est
2360 5773 2487 5828 illud
2514 5772 2737 5827 facinus.
2761 5771 2886 5825 Haec
2912 5778 3087 5824 autem
3116 5771 3222 5839 jam
3255 5771 3404 5831 ﬁunt,
3441 5774 3495 5819 et
3577 5820 3583 5848 ἰ

1903 5869 2190 5926 contractis
2236 5868 2430 5939 nuptiis
2477 5866 2541 5923 ad
2588 5864 2837 5919 mulieres
2876 5862 3186 5918 meretrices
3231 5868 3489 5928 currunt,
3574 5877 3583 5888 ·
