4028 6360
500 409 615 464 ωδ

506 521 757 591 quoniam
784 528 907 571 ante
937 517 1147 584 nuptias
1173 514 1470 568 castitatem
1498 525 1713 566 servare
1740 522 1846 562 non
1894 505 2086 560 didice-

508 622 651 667 runt.
679 611 809 665 llinc
838 623 1023 678 pugnzc
1046 648 1063 673 ,
1092 605 1373 660 maledicta
1393 645 1409 669 ,
1434 603 1717 658 domorum
1748 598 2056 654 eversiones
2079 637 2094 661 ,

510 713 564 758 et
587 700 890 772 quotidiana
921 699 1054 754 bella
1084 716 1096 751 :
1122 696 1244 751 hinc
1266 696 1323 750 fit
1345 703 1405 749 ut
1432 709 1555 763 erga
1587 706 1809 746 uxorem
1828 704 1978 743 amor
1998 688 2100 741 dif-

510 795 639 848 fluat
676 802 730 846 et
770 799 1099 853 marcescat,
1128 803 1249 843 cum
1292 787 1625 857 lupanarium
1673 783 2099 853 frequentatione

511 886 849 939 dissolvatur.
868 882 1020 949 Quod
1039 883 1082 935 si
1098 881 1393 935 castitatem
1416 893 1631 931 servare
1649 876 1838 937 discat,
1866 889 1977 943 pra:
1999 888 2101 926 cae-

511 979 639 1033 teris
667 977 917 1031 omuibus
934 972 1285 1043 expetendam
1308 985 1528 1024 uxorem
1560 983 1712 1023 suam
1733 964 2098 1027 arbitrabitur,

510 1073 672 1124 multa
689 1069 828 1121 illam
851 1082 971 1121 cum
992 1063 1356 1119 benevolentia
1376 1060 1734 1122 contuebitur,
1754 1069 2103 1126 magnamque

512 1178 631 1216 rum
679 1162 767 1214 illa
811 1158 1149 1213 concordiam
1177 1154 1515 1210 conservabit
1543 1172 1554 1207 :
1585 1153 1629 1207 si
1658 1166 1787 1205 vero
1812 1165 1911 1218 pax
1946 1147 2104 1201 fuerit

510 1265 563 1307 et
584 1252 889 1313 concordia,
917 1250 1095 1303 omnia
1124 1247 1262 1303 bo'na
1288 1247 1340 1301 in
1372 1246 1589 1300 domum
1618 1243 1761 1297 illam
1789 1240 2099 1295 introibunt.

514 1346 581 1400 Ut
603 1346 761 1414 igitur
782 1352 836 1396 et
862 1358 947 1395 res
980 1340 1134 1407 hujus
1151 1340 1273 1392 vitae
1298 1344 1442 1393 recte
1467 1352 1495 1388 a
1524 1334 1677 1388 nobis
1705 1333 2101 1400 dispensentur,

513 1448 567 1491 ct
615 1452 736 1491 cum
774 1435 875 1489 illis
914 1446 1135 1500 regnum
1183 1430 1437 1483 caelorum
1487 1438 1914 1493 consequamur,
1949 1420 2106 1489 hujus

512 1529 780 1598 pnecipue
805 1524 1038 1580 mandati
1064 1520 1233 1592 gratia
1262 1528 1319 1575 et
1346 1529 1583 1573 nostrum
1609 1523 1665 1569 et
1692 1514 1979 1568 liberorum
2011 1526 2107 1564 cu-

513 1639 627 1676 ram
644 1633 911 1691 geramus,
937 1635 1001 1670 nc
1021 1614 1250 1669 sordidis
1272 1610 1602 1667 vestimentis
1624 1607 1789 1661 induti
1822 1606 1873 1659 in
1898 1604 2109 1672 nuptias

514 1714 633 1765 illas
681 1709 985 1781 spiritualcs
1028 1709 1289 1760 intremus
1315 1744 1330 1768 ,
1356 1701 1453 1757 sed
1481 1715 1604 1755 cum
1636 1696 1827 1752 fiducia
1869 1695 2109 1749 fruamur

518 1804 723 1859 honore
746 1843 761 1868 ,
792 1799 885 1871 qui
908 1797 1083 1868 dignis
1107 1805 1190 1851 est
1216 1795 1323 1851 illic
1350 1803 1654 1848 reservatus
1680 1809 1692 1843 :
1721 1804 1880 1859 quem
1909 1787 2109 1840 utinam

515 1908 705 1948 omnes
732 1903 1081 1959 assequamur
1102 1930 1117 1951 ,
1145 1886 1311 1959 gratia
1342 1893 1398 1940 et
1423 1883 1749 1952 benignitate
1779 1877 1987 1933 Domini
2016 1890 2112 1929 no-

514 1986 614 2041 stri
649 1985 773 2040 Jesu
802 1982 997 2038 Christi
1020 2020 1035 2045 ,
1059 1994 1154 2049 per
1182 1992 1339 2048 quem
1367 1986 1425 2029 et
1445 1990 1565 2028 cntn
1595 1986 1700 2041 quo
1733 1969 1873 2024 Patri
1902 1966 2067 2037 gloria
2092 2006 2106 2028 ,

518 2080 722 2141 honor,
752 2073 1032 2143 imperium
1055 2112 1070 2137 ,
1100 2084 1204 2124 una
1230 2082 1351 2123 cum
1384 2066 1585 2135 Spiritu
1630 2070 1812 2116 sancto
1834 2102 1849 2126 ,
1892 2074 2034 2113 nunc
2058 2066 2114 2111 et

520 2185 753 2239 semper,
785 2178 838 2222 et
864 2167 916 2220 in
948 2164 1140 2220 smcula
1169 2160 1511 2217 saculorum.
1540 2160 1729 2212 Amen.

1160 2292 1392 2350 SERMO
1422 2291 1486 2345 ll.

523 2412 599 2466 De
620 2413 720 2480 ﬁde
747 2412 921 2471 Amta',
951 2408 1109 2475 deque
1128 2404 1476 2477 philosophia,
1506 2404 1599 2455 hoc
1627 2409 1718 2465 est,
1751 2398 1908 2452 animi
1936 2396 2113 2450 mode-

594 2504 788 2557 ratione
812 2544 824 2566 ,
848 2512 894 2554 et
922 2500 1164 2553 modestia
1202 2498 1363 2567 ipsius
1386 2538 1401 2562 ,
1431 2505 1476 2549 et
1510 2494 1573 2546 de
1615 2494 1802 2545 honore
1843 2488 2115 2561 deferendo

593 2596 956 2660 sacerdotibus;
974 2603 1016 2646 et
1044 2590 1177 2662 quod
1199 2600 1305 2644 tum
1328 2589 1380 2641 in
1403 2588 1565 2648 initio,
1586 2596 1692 2639 tum
1716 2587 1769 2638 in
1794 2584 1894 2652 ﬁne
1913 2581 2116 2653 prandii

597 2688 663 2741 sit
692 2686 963 2741 orandum.

597 2803 649 2855 1.
687 2797 923 2869 Efﬁcacia
956 2796 1199 2851 orationis
1224 2792 1648 2863 exemploAnna:
1672 2789 1942 2860 probatur;
1970 2786 2117 2839 Anna

528 2893 678 2948 simul
708 2888 866 2944 amtor
892 2900 935 2943 et
963 2898 1122 2958 pater.
1150 2916 1222 2927 ——
1247 2885 1390 2940 Nihil
1425 2882 1711 2953 precationi
1746 2895 1838 2949 par
1885 2887 1999 2941 est,
2031 2892 2119 2932 ca-

534 2985 729 3040 rissitui
755 3024 769 3047 ,
795 2996 966 3052 neque
1010 2978 1298 3050 quidquam
1347 2975 1452 3030 fide
1497 2973 1786 3043 potentius.
1823 2970 2120 3040 Utrumque

533 3077 690 3131 nobis
718 3089 888 3142 nuper
911 3070 1206 3127 declaravit
1230 3071 1384 3123 Anna
1411 3083 1427 3122 :
1450 3082 1570 3122 cum
1604 3065 1688 3119 his
1716 3064 1856 3118 enim
1887 3062 2123 3117 muneri—

534 3172 631 3225 bus
675 3166 935 3222 accedens
974 3164 1040 3218 ad
1078 3164 1245 3217 Deum
1270 3203 1285 3227 ,
1321 3160 1501 3214 omnia
1546 3174 1666 3227 quae
1712 3157 1881 3211 voluit
1920 3153 2117 3210 effecit.

532 3261 805 3333 Siquidem
846 3269 901 3313 et
943 3265 1190 3310 naturam
1233 3253 1470 3308 sterilem
1520 3250 1798 3315 correxit,
1828 3257 1883 3303 et
1908 3248 2120 3303 vulvam

533 3371 655 3427 qua:
698 3362 815 3409 erat
840 3350 1091 3406 conclusa
1120 3347 1327 3417 aperuit
1356 3389 1372 3412 ,
1398 3354 1451 3399 et
1492 3344 1744 3413 probrum
1785 3341 2000 3395 sustulit
2025 3380 2040 3405 ,
2070 3347 2124 3394 et

536 3446 775 3504 convicia
802 3443 1008 3499 tumul-.1:
1045 3440 1327 3503 dissolvit,
1360 3454 1521 3508 seque
1560 3436 1728 3504 ipsam
1769 3433 1836 3486 ad
1881 3446 2125 3501 magnam

536 3542 769 3599 restituit
816 3539 1101 3602 fiduciam,
1130 3535 1254 3588 dum
1292 3548 1324 3587 e
1371 3542 1519 3602 petra
1575 3524 1880 3598 infrugil'era
1926 3525 2125 3595 spicam

539 3634 763 3691 messuit
786 3638 1108 3686 comantem.
1139 3626 1338 3682 Omnes
1363 3623 1583 3677 audistis
1610 3618 1877 3689 quomodo
1903 3616 2122 3679 fleverit,

538 3723 804 3797 quomodo
848 3708 1059 3791 precata
1107 3717 1214 3782 sit,
1255 3712 1523 3784 quomodo
1566 3711 1732 3764 orarit
1766 3717 1821 3761 et
1859 3707 2126 3762 exorarit:

539 3816 805 3886 concepit,
837 3812 1064 3883 peperit,
1093 3809 1339 3863 educavit
1357 3814 1410 3860 et
1439 3801 1773 3859 consecravit
1800 3799 2127 3855 Samuelem.

544 3910 722 3977 Itaque
754 3920 861 3959 non
886 3901 1144 3957 aberrarit
1169 3939 1184 3961 ,
1213 3898 1301 3967 qui
1332 3896 1471 3949 hanc
1492 3893 1770 3947 mulierem
1798 3889 1946 3959 pueri
1973 3887 2130 3942 simul

541 4010 595 4053 et
622 4007 845 4054 matrem
876 4004 931 4048 et
961 4001 1164 4061 patrem
1191 3986 1490 4058 appellarit.
1522 3986 1850 4051 Quamquam
1877 3981 2019 4035 cnim
2050 3979 2132 4033 vir

542 4090 820 4145 addiderat
862 4099 1080 4147 semen,
1112 4082 1267 4149 hujus
1311 4088 1485 4132 tamen
1532 4075 1765 4146 precatio
1803 4074 1907 4127 vim
1953 4071 2133 4126 efﬁca-

543 4184 785 4248 ciamque
810 4176 998 4232 semini
1028 4172 1255 4244 praebuit
1274 4211 1290 4237 ,
1317 4169 1598 4237 effecitque
1623 4176 1681 4220 ut
1708 4165 1923 4220 Samuel
1971 4164 2136 4218 bone-

546 4272 800 4327 stioribus
839 4265 1074 4322 exordiis
1116 4270 1444 4317 nasceretur.
1485 4258 1669 4327 Neque
1710 4258 1853 4311 enim
1901 4256 2038 4309 sicut
2082 4256 2133 4307 in

545 4362 754 4418 czeteris
822 4356 1125 4413 hominibus
1181 4368 1400 4408 somnus
1453 4359 1509 4406 et
1565 4363 1883 4419 congressus
1933 4355 2135 4401 tantum

548 4460 822 4524 parentum
848 4490 863 4515 ,
900 4462 1084 4502 verum
1143 4459 1328 4515 preces
1353 4483 1368 4506 ,
1402 4441 1651 4513 lacryma:
1672 4480 1687 4504 ,
1735 4438 1971 4507 ﬁdesque
2027 4437 2141 4491 fue-

548 4553 673 4599 runt
718 4541 875 4610 hujus
900 4538 1257 4609 generationis
1298 4532 1553 4604 principia
1578 4574 1593 4598 ,
1620 4546 1790 4601 eoque
1828 4530 2038 4585 caneris
2072 4529 2141 4582 il-

548 4635 851 4689 lustriorem
897 4630 1081 4682 habuit
1120 4638 1295 4681 ortum
1355 4623 1612 4694 propheta
1638 4663 1653 4687 ,
1696 4632 1913 4691 propter
1956 4620 2141 4673 matris

551 4726 711 4780 fidem
754 4730 926 4776 natus.
955 4719 1081 4773 Ideo
1123 4717 1189 4772 de
1218 4717 1317 4770 hac
1343 4717 1565 4769 muliere
1600 4713 1722 4782 jure.
1750 4712 1869 4780 quis
1904 4710 2095 4764 dixerit
2124 4727 2137 4762 :

556 4817 654 4883 Qui
679 4814 927 4869 seminam
953 4812 1004 4863 in
1036 4810 1292 4879 lacrymis,
1320 4808 1372 4860 in
1398 4806 1733 4860 exsultatione
1756 4812 1936 4857 nictent
1966 4801 2139 4871 (Psal.

554 4908 679 4962 125.
703 4906 782 4974 5).
813 4903 962 4957 Hanc
999 4902 1312 4955 aemulemur
1348 4899 1469 4961 viri,
1503 4897 1642 4950 hanc
1682 4895 1955 4948 imitentur
1990 4892 2145 4949 femi-

561 5014 682 5052 nm:
716 5009 838 5050 nam
883 4994 1157 5059 utriusque
1198 5004 1357 5043 sexus
1385 4988 1635 5058 magistra
1666 4994 1749 5040 est
1777 4985 1985 5039 mulier.
2017 4985 2147 5050 Qua:

557 5092 772 5146 steriles
814 5096 977 5151 sunt,
1016 5100 1084 5139 ne
1129 5084 1596 5152 desperentzquae
1636 5088 1832 5132 matres
1870 5086 2029 5142 sunt,
2069 5078 2148 5132 sic

558 5185 790 5239 educent
831 5188 985 5234 natos
1029 5173 1389 5239 liberos;sed
1436 5187 1624 5226 omnes
1670 5171 1828 5225 simul
1876 5170 2148 5225 imitemur

559 5272 799 5329 mulieris
815 5267 1222 5341 philosophiam,
1241 5280 1397 5334 quam
1412 5263 1596 5318 habuit
1611 5272 1734 5316 ante
1750 5269 1979 5332 partum,
1993 5261 2149 5315 fidem

562 5380 721 5435 quam
777 5360 962 5415 habuit
1014 5361 1067 5411 in
1116 5366 1268 5426 partu
1307 5397 1322 5418 ,
1372 5354 1711 5422 studiumque
1764 5351 1906 5422 quod
1971 5351 2153 5405 habuit

569 5467 687 5527 post
724 5463 953 5525 partum.
981 5448 1119 5515 Quid
1145 5449 1285 5503 enim
1320 5461 1440 5499 esse
1479 5444 1645 5513 possit
1671 5444 1757 5496 illa
1788 5442 2009 5497 muliere
2036 5457 2150 5495 ma-

567 5551 649 5618 gis
710 5541 1133 5615 phi1050phicum
1160 5580 1175 5606 ,
1224 5552 1344 5608 quae
1386 5534 1744 5590 calamitatem
1786 5531 1920 5586 adeo
1966 5530 2156 5585 intole-

568 5637 791 5690 rabilem
833 5630 1040 5704 placide
1088 5628 1397 5697 fortiterque
1427 5625 1583 5689 tulit,
1616 5639 1715 5677 nec
1749 5623 1892 5692 prius
1920 5620 2153 5686 destitit,

571 5727 743 5780 donec
781 5739 899 5779 eam
927 5720 1228 5777 molestiam
1256 5716 1527 5779 discussit,
1555 5713 1789 5781 malique
1820 5711 1977 5765 linem
2002 5725 2156 5781 repe-

575 5816 683 5882 rit,
711 5823 828 5869 tum
874 5809 1277 5875 admirandum,
1319 5817 1433 5863 tum
1484 5802 1888 5867 incredibilem,
1926 5800 2069 5854 nullo
2124 5815 2156 5855 e

1170 401 1227 455 S.
1267 398 1546 456 JUANNIS
1584 392 2059 453 CllRYSOSTOMI
2102 391 2415 447 ARCIIIEP.
2446 392 2980 448 CONSTANTINOP.

3693 390 3797 445 GM

2213 505 2440 558 terrenis
2465 505 2633 558 accito
2661 504 2905 573 adjutore
2933 514 2986 556 et
3014 501 3371 571 opitulatura?
3401 500 3631 557 Noverat
3654 504 3803 555 enim

2209 597 2590 650 humanitatem
2622 596 2849 657 Domini,
2876 608 3047 663 eoque
3076 593 3189 647 sola
3216 593 3364 646 illum
3389 592 3538 657 adiit,
3564 602 3623 647 et
3646 595 3806 661 quid-

2208 690 2322 758 quit
2338 689 2503 742 voluit
2518 688 2833 757 impetravit.
2854 686 3037 756 Neque
3051 685 3195 740 enim
3213 685 3503 739 humanum
3518 686 3805 749 auxilium,

2208 781 2303 835 sed
2332 781 2566 834 divinam
2592 780 2816 850 gratiam
2844 778 3148 847 requirebat
3176 777 3317 831 illius
3343 777 3573 832 tristitiae
3613 792 3809 831 corrc-

2208 875 2315 928 ctio
2339 891 2351 924 :
2374 888 2434 927 ea
2454 874 2598 927 enim
2629 887 2734 925 non
2766 870 3083 925 nascebatur
3109 884 3173 923 ex
3197 869 3404 937 jactura
3431 870 3809 937 pecuniarum.

2212 974 2266 1019 ut
2315 964 2505 1033 aliquis
2543 964 2705 1016 allato
2747 976 2880 1014 auro
2923 960 3150 1014 dilueret
3196 975 3450 1029 angorem
3479 977 3495 1015 :
3522 975 3699 1029 neque
3743 975 3810 1014 ex

2208 1054 2430 1109 adversa
2458 1054 2699 1123 corporis
2726 1052 3027 1105 valetudine
3050 1093 3062 1116 ,
3092 1060 3147 1103 ut
3174 1051 3362 1104 accitis
3403 1051 3623 1104 medicis
3654 1066 3811 1104 mor-

2212 1145 2340 1198 bum
2371 1156 2548 1211 posset
2579 1145 2811 1213 abigere.
2847 1142 3043 1197 Natura
3072 1151 3188 1195 erat
3214 1143 3351 1195 male
3380 1141 3567 1195 affecta
3594 1183 3610 1207 ,
3640 1143 3809 1195 αυιρ-

2212 1248 2349 1292 stem
2388 1252 2605 1291 manum
2647 1237 2976 1291 desiderans.
3031 1235 3215 1305 quue
3257 1249 3387 1289 sane
3426 1236 3812 1306 prietermissis

2212 1330 2463 1385 omnibus
2484 1330 2733 1395 terrenis,
2765 1330 2831 1382 ad
2864 1337 3068 1383 natura:
3101 1328 3384 1383 Dominum
3407 1328 3671 1398 confugit,
3706 1344 3812 1382 nec

2215 1426 2359 1493 prius
2386 1424 2609 1489 destitit,
2640 1439 2800 1492 quam
2830 1423 2980 1476 illum
3005 1430 3275 1486 exoraret,
3310 1431 3366 1478 ut
3390 1422 3676 1477 orbitatem
3709 1423 3815 1475 tol-

2216 1519 2369 1582 leret,
2398 1534 2461 1572 ac
2481 1518 2695 1572 vulvam
2719 1516 2969 1586 aperiret,
2989 1531 3127 1585 eque
3146 1515 3312 1569 sterili
3336 1514 3536 1570 faceret
3556 1525 3810 1569 matrem.

2217 1610 2396 1680 Itaque
2418 1610 2572 1666 beata
2597 1618 2681 1664 est
2705 1617 2760 1664 et
2786 1609 2856 1663 ob
2884 1608 3004 1675 hoc,
3036 1622 3143 1662 non
3172 1607 3314 1677 quod
3340 1616 3513 1661 mater
3538 1607 3671 1662 facta
3700 1608 3813 1670 sit,

2216 1702 2311 1757 sed
2339 1702 2504 1772 quod,
2526 1717 2650 1757 cum
2675 1716 2780 1755 non
2806 1709 2969 1763 esset,
2995 1700 3130 1754 facta
3158 1702 3246 1754 sit.
3273 1700 3545 1770 Siquidem
3570 1700 3698 1754 illud
3729 1710 3818 1754 est

2215 1802 2421 1848 natura:
2443 1808 2726 1848 commune
2747 1834 2762 1856 ,
2793 1792 2897 1847 hoc
2924 1803 3105 1847 autem
3141 1802 3259 1846 erat
3295 1792 3548 1845 eximium
3595 1791 3817 1847 femina:

2217 1888 2488 1941 meritum.
2524 1886 2683 1940 Beata
2710 1884 2926 1955 quidem
2956 1884 3115 1953 igitur
3142 1892 3196 1937 et
3225 1893 3440 1952 propter
3470 1884 3624 1936 nixus
3651 1884 3813 1946 illos,

2220 1978 2566 2032 nihilominus
2592 1986 2768 2030 tamen
2796 1975 2947 2029 beata
2978 1982 3196 2043 prepter
3220 1973 3397 2027 omnia
3427 1974 3510 2026 illa
3539 1989 3658 2042 qua:
3688 1989 3819 2041 par-

2218 2079 2335 2124 tum
2364 2077 2773 2138 prmcesscrunt.
2804 2066 2963 2122 Scitis
2988 2067 3133 2120 enim
3170 2066 3409 2136 profecto
3438 2082 3625 2120 omnes
3649 2109 3663 2127 ,
3695 2070 3819 2121 sive

2220 2161 2509 2223 mulieres,
2539 2159 2650 2213 sive
2697 2159 2835 2225 viri,
2861 2157 2992 2212 nihil
3034 2158 3253 2227 gravius
3295 2168 3387 2211 aut
3426 2158 3818 2212 intolerabilius

2220 2252 2465 2307 accidere
2493 2266 2648 2321 posse
2678 2251 2922 2316 feminae,
2946 2266 3104 2321 quam
3144 2260 3201 2303 ut
3235 2250 3414 2304 liberis
3437 2258 3651 2312 careat;
3679 2249 3821 2303 adeo

2222 2344 2345 2398 utsi
2373 2343 2520 2398 mille
2542 2342 2983 2413 prOSperitatibus
3007 2341 3205 2411 alioqui
3228 2339 3453 2405 fruatur,
3474 2340 3720 2393 dolorem
3749 2356 3819 2394 ex

2222 2437 2325 2491 hoc
2353 2437 2574 2491 vulnere
2602 2444 2783 2489 natum
2813 2449 3101 2503 numquam
3134 2448 3199 2488 ex
3228 2434 3407 2487 animo
3430 2433 3607 2486 valeat
3630 2432 3822 2500 depcl-

2223 2527 2355 2582 lere.
2384 2527 2536 2595 Quod
2565 2527 2608 2581 si
2644 2526 2695 2579 id
2725 2540 2865 2580 nunc
2891 2526 3023 2580 adeo
3049 2533 3133 2580 est
3164 2523 3573 2586 intolerandum,
3598 2538 3722 2577 cum
3753 2524 3821 2575 ad

2225 2621 2486 2689 majorem
2513 2618 2900 2688 philosophiam
2929 2617 3103 2671 vocati
3130 2630 3336 2681 sumus,
3364 2630 3595 2684 cumque
3620 2615 3684 2667 ad
3711 2629 3825 2667 cm-

2223 2713 2335 2769 Iunt
2360 2713 2697 2768 tendentibus
2727 2711 2903 2766 nullus
2932 2720 3015 2765 est
3045 2726 3224 2765 rerum
3260 2710 3603 2780 praesentium
3631 2724 3825 2777 respe-

2223 2820 2365 2871 ctus,
2393 2803 2488 2858 sed
2515 2802 2581 2857 ad
2609 2802 2833 2857 alteram
2858 2801 3028 2855 vitam
3051 2801 3395 2863 adornamur,
3426 2815 3657 2866 cumque
3682 2798 3827 2851 mul-

2227 2896 2295 2952 tis
2337 2894 2584 2949 laudibus
2609 2893 2832 2948 effertur
2862 2892 3137 2963 virginitas
3166 2911 3177 2945 :
3201 2891 3375 2961 cogita
3404 2900 3618 2961 quanta:
3644 2890 3825 2944 infeli-

2226 2988 2403 3043 citatis
2446 3004 2508 3043 ea
2544 3003 2631 3041 res
2671 2987 2782 3041 visa
2824 2995 2935 3040 tum
2984 2984 3162 3047 fuerit,
3196 2998 3321 3038 cum
3344 2982 3649 3037 futurorum
3676 2982 3827 3035 nulla

2226 3089 2372 3135 esset
2396 3095 2543 3150 spes,
2571 3093 2634 3133 ac
2676 3094 2742 3133 ne
2762 3077 3012 3147 cogitatio
3037 3076 3250 3146 quidem
3269 3074 3548 3129 veteribus
3566 3074 3699 3139 illis,
3728 3074 3830 3127 sed

2227 3172 2405 3226 omnia
2436 3172 2623 3223 tierent
2652 3184 2831 3223 rerum
2860 3167 3202 3237 praesentium
3228 3168 3399 3236 gratia
3425 3185 3436 3217 :
3461 3180 3586 3220 cum
3607 3164 3662 3220 id
3688 3174 3831 3219 tem-

2229 3264 2377 3333 poris
2414 3262 2651 3317 sterilem
2688 3270 2742 3315 et
2773 3261 2959 3315 orbam
3005 3274 3128 3315 esse
3162 3260 3437 3325 feminam,
3463 3258 3833 3312 damnationis

2231 3365 2413 3413 notam
2438 3354 2625 3410 ferret.
2657 3354 2823 3408 Nemo
2852 3354 3021 3423 possit
3050 3354 3227 3421 eloqui
3254 3393 3268 3417 ,
3298 3368 3400 3406 nec
3432 3351 3546 3405 ullo
3576 3366 3835 3405 sermone

2232 3447 2487 3516 consequi
2508 3446 2709 3501 doloris
2730 3444 3151 3514 magnitudinem
3168 3460 3231 3498 cx
3258 3444 3357 3497 hoc
3375 3443 3596 3498 vulnere
3616 3445 3837 3497 venien-

2235 3542 2322 3595 tis.
2355 3540 2543 3594 Testes
2586 3553 2714 3592 vero
2761 3547 2887 3591 sunt
2936 3537 3150 3591 feminze
3174 3578 3187 3600 ,
3217 3552 3336 3606 qure.
3374 3552 3497 3590 cum
3539 3537 3594 3589 in
3622 3536 3837 3590 caeteris

2234 3648 2445 3690 omnem
2466 3630 2808 3686 exhibuerint
2832 3628 3229 3699 philosophiam
3248 3670 3262 3693 ,
3294 3627 3433 3682 hanc
3461 3627 3838 3682 infelicitatem

2237 3739 2343 3779 non
2393 3724 2727 3793 pertulerunt
2774 3735 2929 3791 {equo
2967 3720 3149 3773 animo
3174 3735 3189 3783 ;
3216 3718 3309 3773 sed
3336 3719 3582 3787 quaedam
3627 3719 3839 3772 maritis
3872 3768 3883 3781 ,

2238 3815 2529 3884 indignata:
2561 3822 2713 3879 sunt,
2747 3812 2867 3866 alia:
2894 3810 2995 3865 sibi
3021 3810 3187 3864 vitam
3210 3809 3520 3879 judicarunt
3544 3823 3670 3864 esse
3695 3809 3840 3877 inju-

2236 3906 2488 3962 cundam.
2538 3905 2685 3961 lianc
2721 3919 2851 3960 vero
2889 3903 3145 3957 feminam
3195 3915 3301 3954 non
3333 3900 3575 3955 anxietas
3612 3899 3778 3954 modo
3808 3914 3841 3953 a

2239 3998 2521 4053 sterilitate
2553 3996 2872 4065 proveniens
2892 4037 2906 4059 ,
2929 4010 3119 4049 verum
3146 4003 3199 4049 et
3227 3991 3372 4047 aliud
3400 3990 3658 4061 quiddam
3686 3991 3841 4045 obsi-

2242 4089 2403 4144 debat
2450 4089 2680 4154 malum,
2713 4088 2790 4142 ira
2843 4086 3091 4141 videlict-t
3133 4094 3352 4155 propter
3394 4083 3604 4138 temnite
3646 4097 3845 4151 oppro-

2239 4181 2377 4237 bria.
2407 4181 2473 4235 Et
2511 4181 2650 4235 sicut
2676 4180 2849 4234 ventis
2893 4194 2957 4233 ex
2996 4179 3226 4232 adverso
3270 4178 3412 4231 inter
3456 4190 3577 4231 sese
3616 4190 3846 4230 concur-

2241 4272 2515 4337 rentibus,
2564 4270 2903 4340 mediamque
2948 4270 3235 4341 scapham,
3287 4270 3416 4323 dum
3464 4268 3607 4322 inter
3648 4282 3709 4323 se
3746 4266 3845 4322 de-

2243 4372 2513 4435 pugnant,
2540 4363 2950 4433 corripientibus
2969 4402 2986 4427 ,
3026 4378 3089 4416 ac
3115 4362 3296 4416 multis
3320 4360 3569 4414 fluctibus
3597 4361 3792 4429 partim
3814 4375 3846 4413 a

2246 4473 2442 4528 prora,
2486 4456 2678 4526 partim
2735 4470 2766 4508 a
2819 4455 2979 4523 puppi
3037 4452 3471 4523 insurgentibus,
3516 4450 3849 4521 gubernator

2246 4548 2398 4603 clavo
2428 4546 2670 4602 assidens
2708 4553 2886 4599 servat
2912 4546 3090 4598 navim
3115 4585 3131 4610 ,
3161 4544 3427 4598 undarum
3466 4543 3849 4611 incursusguo

2246 4640 2505 4695 bernandi
2555 4637 2832 4709 prudentia
2881 4637 3159 4707 depellens
3207 4654 3220 4690 :
3265 4637 3343 4691 sic
3393 4645 3448 4691 et
3493 4636 3690 4692 mulier
3735 4646 3849 4690 tum

2247 4733 2362 4801 illa,
2388 4746 2511 4785 cum
2554 4732 2632 4784 ira
2681 4737 2735 4783 et
2778 4744 2943 4797 angor
2982 4743 3079 4782 ceu
3126 4727 3266 4781 venti
3314 4727 3363 4779 in
3400 4726 3640 4779 animum
3681 4726 3842 4795 ipsius

2250 4824 2485 4879 facerent
2509 4824 2785 4890 impetum,
2816 4822 3074 4873 rationem
3113 4820 3253 4872 illius
3276 4816 3683 4887 perturbantes,
3712 4817 3827 4870 mul

2256 4926 2444 4985 tosque
2490 4914 2680 4967 fluctus
2719 4913 3015 4967 excitarent
3038 4952 3052 4975 ,
3087 4927 3192 4963 non
3234 4910 3345 4979 jam
3383 4908 3601 4963 biduum
3632 4916 3727 4962 aut
3756 4908 3825 4961 tri

2252 5006 2454 5071 duum,
2498 5014 2589 5058 aut
2635 5004 2750 5058 dies
2794 5002 3022 5071 viginti,
3066 5001 3159 5055 sed
3198 5011 3254 5055 et
3294 5010 3433 5055 totos
3469 4999 3691 5071 annos(
3725 5016 3851 5054 nam

2256 5098 2397 5162 hoc,
2448 5106 2509 5150 ut
2552 5096 2628 5149 ait
2665 5095 2979 5164 Scriptura,
3026 5092 3196 5147 multo
3240 5101 3487 5162 tempore
3523 5090 3725 5145 factum
3772 5100 3851 5147 est

2260 5189 2335 5260 [ι.
2370 5188 2499 5258 Reg.
2548 5189 2602 5241 l.
2653 5185 2734 5256 η)
2782 5187 2989 5239 fortiter
3033 5184 3250 5253 pertulit
3295 5191 3703 5251 tempesuttem,
3753 5197 3851 5237 nec

2259 5294 2413 5348 passa
2448 5288 2531 5334 est
2573 5277 2835 5331 rationem
2872 5274 3133 5342 demergi.
3180 5273 3455 5342 Siquidem
3499 5271 3591 5326 Dei
3639 5272 3811 5325 timor
3836 5314 3852 5337 ,

2261 5382 2525 5438 tamquam
2555 5367 2838 5421 nauclerus
2863 5364 3238 5434 gubernaculis
3275 5362 3549 5426 assidens,
3580 5363 3854 5431 persuasit

2261 5478 2377 5516 eam
2409 5467 2780 5530 tempestatem
2823 5472 3017 5526 magno
3052 5457 3237 5510 animo
3273 5454 3650 5524 perferendam
3688 5468 3858 5520 esse;

2265 5566 2362 5605 nec
2414 5550 2561 5619 prius
2602 5548 2807 5603 destitit
2835 5555 3071 5600 mentem
3119 5544 3267 5600 illius
3302 5545 3608 5616 gubernare
3631 5583 3646 5606 ,
3680 5542 3861 5598 donec

2265 5641 2316 5695 in
2348 5639 2689 5709 tranquillum
2735 5636 3025 5691 adduceret
3062 5645 3280 5705 portum
3319 5650 3505 5689 navem
3542 5651 3709 5691 onere
3741 5636 3862 5705 ple-

2268 5746 2411 5794 nam,
2436 5730 2539 5785 hoc
2558 5737 2657 5792 est,
2682 5739 2891 5782 uterum
2913 5727 3145 5796 pretioso
3171 5725 3425 5781 thesauro
3454 5737 3736 5783 onustum.
3757 5725 3863 5781 Ne-

2268 5837 2370 5892 que
2384 5822 2525 5876 enim
2548 5835 2732 5876 aurum
2758 5827 3106 5888 argentumve
3127 5817 3393 5890 portabat,
3415 5817 3513 5873 sed
3545 5814 3867 5889 prepbetam
