4028 6360
225 346 328 400 5-53

225 459 320 516 καὶ
369 457 507 528 μετά
541 457 718 527 γάμον
760 457 897 528 πρὸς
944 457 1042 522 τὰς
1085 456 1495 529 ἑταιριζομένας
1543 463 1805 528 γυναῖκας

222 542 531 612 τρέχουσιν,
565 541 753 610 ἐπειδὴ
781 540 886 611 πρὸ
911 541 1003 593 τοῦ
1026 543 1205 612 γάμου
1236 546 1533 612 σωφρονεῖν
1562 545 1662 597 οὐκ
1685 546 1812 614 ἐμε-

224 625 481 694 λέτησαν.
521 622 798 676 Ἐντεῦθεν
835 623 1026 693 μάχαι,
1067 625 1160 677 καὶ
1186 624 1466 696 λοιδορίαι,
1504 629 1596 680 καὶ
1621 627 1810 680 οίκιῶν

223 706 552 774 ἀνατροπαὶ,
582 705 676 758 καὶ
696 706 1053 777 καθημερινοί
1081 708 1327 779 πόλεμοι·
1358 709 1605 762 ἐντεῦθεν
1624 712 1651 763 6
1673 710 1811 780 πρὸς

221 791 324 860 τὴν
348 793 582 856 γυναῖκα
600 789 736 859 ἔρως
759 789 988 861 ὑπορρεῖ
1013 791 1106 845 καὶ
1130 793 1470 864 μαραίνεται,
1489 794 1591 863 τῆς
1612 795 1670 846 ἐν
1698 796 1812 857 τοῖς

223 873 501 942 πορνείοις
519 873 733 940 ὁμιλίας
760 872 1058 945 ἐκλυούσης
1083 875 1265 930 αὐτόν.
1285 875 1370 937 Ὡς
1396 875 1489 929 ἐὰν
1513 879 1811 946 σωφρονεῖν

227 954 399 1026 μάθῃ,
437 954 655 1008 πάντων
685 955 1065 1026 ποθεινοτέραν
1093 956 1192 1028 τὴν
1221 957 1385 1010 αὐτοῦ
1422 961 1653 1026 γυναῖκα
1672 960 1812 1029 ήγή-

225 1054 378 1090 σεται
403 1037 519 1100 ,καὶ
539 1037 676 1108 μετά
696 1038 896 1107 πολλῆς
917 1039 1086 1108 αὐτὴν
1111 1040 1298 1108 ὃψεται
1327 1039 1426 1109 τῆς
1458 1040 1690 1107 εὐνοίας,
1715 1042 1810 1094 καὶ

226 1121 430 1192 πολλὴν
452 1120 590 1190 πρὸς
618 1121 784 1191 αὐτὴν
811 1122 1041 1192 τηρήσει
1075 1121 1172 1192 τὴν
1200 1123 1474 1194 ὁμόνοιαν,
1505 1125 1729 1195 εἰρήνης
1753 1125 1811 1178 δέ

223 1204 393 1275 οὔσης
443 1205 536 1256 καὶ
587 1204 858 1273 ὁμονοίας,
898 1208 1074 1258 πάντα
1119 1210 1198 1268 είς
1244 1207 1342 1278 τήν
1381 1207 1560 1260 οἰκίαν
1597 1207 1810 1278 ἐκείνην

224 1289 590 1341 εἰσελεύσεται
620 1288 688 1342 τὰ
715 1289 913 1357 ἀγαθά.
940 1290 1038 1342 ’Ίν’
1069 1286 1162 1343 οὖν
1189 1292 1282 1342 καὶ
1307 1290 1372 1343 τὰ
1405 1289 1638 1344 ἐνταῦθα
1661 1289 1810 1362 [711]

221 1373 360 1442 ἡμῖν
401 1371 584 1434 καλῶς
625 1372 999 1442 οἰκονομῆται,
1035 1373 1128 1425 καὶ
1164 1372 1302 1443 μετὰ
1332 1374 1534 1426 τούτων
1572 1374 1666 1426 καὶ
1708 1373 1810 1443 τῆς

225 1454 507 1525 βασιλείας
537 1454 644 1507 τῶν
667 1455 912 1526 οὐρανῶν
934 1457 1300 1526 ἐπιτύχωμεν,
1331 1459 1424 1511 καὶ
1454 1456 1609 1528 ἡμῶν
1631 1457 1809 1511 αὐτῶν

222 1537 326 1590 καὶ
346 1538 456 1590 τῶν
488 1538 715 1590 παιδίων
748 1540 1089 1610 προνοῶμεν,
1113 1539 1317 1611 ταύτης
1355 1541 1540 1594 ἕνεκεν
1575 1541 1808 1611 μάλιστα

221 1621 324 1690 τῆς
341 1619 579 1690 ἐντολῆς,
602 1621 751 1685 ὅπως
780 1621 854 1692 μὴ
889 1622 1108 1692 ῥυπαρά
1136 1623 1467 1693 ἐνδεδυμένοι
1492 1624 1703 1694 ἱμάτια,
1730 1627 1810 1686 εἰς

221 1704 317 1756 τὸν
339 1703 704 1774 πνευματικὸν
726 1705 932 1778 ἐκεῖνον
955 1705 1282 1775 εἰσέλθωμεν
1303 1707 1500 1776 γάμον,
1517 1707 1653 1760 ἀλλὰ
1671 1707 1809 1777 μετὰ

223 1788 542 1859 παρρησίας
578 1786 778 1857 πολλῆς
820 1787 1214 1858 ἀπολαύσωμεν
1257 1789 1359 1858 τῆς
1387 1791 1506 1842 ἐκεῖ
1547 1789 1808 1858 κειμένης

222 1874 339 1934 τοῖς
364 1871 536 1936 ἀξίοις
564 1873 750 1943 τιμῆς⁹
778 1865 846 1942 ἦς
867 1873 1075 1938 γένοιτο
1097 1873 1305 1934 πάντας
1331 1875 1480 1944 ἡμᾶς
1508 1875 1806 1944 ἐπιτυχεῖν,

222 1954 407 2025 χάριτι
455 1954 549 2007 καὶ
591 1954 969 2026 φιλανθρωπίᾳ
1013 1955 1106 2007 τοῦ
1166 1956 1370 2026 Κυρίου
1418 1956 1576 2028 ήμῶν
1632 1954 1808 2028 Ἰησοῦ

223 2034 489 2107 Χριστοῦ,
523 2038 642 2109 μεθ’
667 2033 726 2092 οὗ
763 2039 937 2110 Πατρί.
979 2038 1125 2104 δόξα,
1157 2039 1312 2110 τιμὴ,
1349 2042 1571 2110 κράτος,
1608 2041 1705 2092 σὺν
1729 2039 1809 2110 τῷ

221 2120 366 2190 ἁγίῳ
409 2120 704 2192 Πνεύματι.
753 2122 850 2174 νῦν
896 2123 989 2175 καὶ
1039 2123 1144 2188 ἀεὶ,
1191 2123 1286 2176 καὶ
1317 2125 1397 2187 είς
1434 2122 1560 2186 τοὺς
1605 2123 1808 2186 αἰῶνας

221 2201 335 2257 τῶν
362 2203 595 2259 αἰώνων.
627 2205 819 2276 Ἀμήν.

863 2353 1083 2405 ΛΟΓΟΣ
1118 2351 1195 2406 Β’.

223 2477 333 2542 ΕΙς
356 2476 482 2549 τὴν
518 2477 727 2549 πίστιν
754 2477 859 2549 τῆς
894 2479 1144 2547 Ἀννης,
1177 2478 1276 2533 καὶ
1311 2481 1398 2546 εἰς
1425 2479 1540 2548 τὴν
1567 2485 1806 2549 φιλοσο-

293 2547 462 2620 φίαν,
485 2547 607 2620 ,καί
639 2551 734 2620 *εἰς
771 2548 886 2614 τὴν
919 2551 1244 2620 ἐπιείκειαν
1274 2547 1496 2617 αὐτῆς,
1530 2547 1628 2604 καὶ
1672 2552 1806 2620 περί

295 2615 408 2684 τῆς
445 2619 532 2688 είς
559 2617 699 2683 τοὺς
731 2620 923 2686 ἱερέας
955 2619 1154 2688 τιμῆς,
1189 2621 1289 2674 καί
1319 2615 1503 2686 εὶςτὸ
1544 2621 1672 2674 δεῖν
1704 2615 1804 2674 καὶ

294 2687 672 2756 ἀρχομένους
705 2688 980 2756 ἀρίστου,
1012 2687 1109 2743 καί
1145 2689 1447 2761 λήγοντα(-
1495 2692 1802 2759 εὔχεσθαι.

296 2852 366 2901 α’.
389 2845 557 2899 Οὐδέν
594 2847 699 2917 ἄρα
741 2846 853 2899 ἴσον
886 2848 1076 2918 εὐχῆς,
1095 2851 1388 2920 ἀγαπητοὶ,
1406 2851 1555 2906 οὐδὲν
1577 2852 1808 2917 πίστεως

227 2927 614 3000 δυνατώτερον.
645 2931 953 3000 ’Λμφότερα
976 2931 1174 2997 ἔδειξεν
1197 2936 1326 3003 ήμῖν
1347 2937 1379 3006 ή
1400 2936 1567 2988 Ἅννα
1593 2935 1804 3007 πρώην’

228 3012 371 3082 μετά
409 3013 517 3084 γάρ
547 3011 752 3065 τούτων
782 3013 1153 3084 προσελθοῦσα
1186 3017 1265 3088 τῷ
1298 3017 1416 3088 Θεῷ
1452 3017 1561 3073 τῶν
1595 3018 1805 3090 δώρων,

225 3096 408 3150 πάντα
445 3096 549 3149 ὅσα
580 3095 843 3167 ἠθέλησεν
872 3097 1057 3166 ήνυσε,
1089 3099 1182 3152 καὶ
1212 3099 1373 3168 φύσιν
1403 3102 1808 3173 πεπηρωμένην

222 3177 531 3250 διώρθωσε,
567 3180 662 3232 καὶ
695 3180 909 3251 μήτραν
934 3181 1325 3254 κεκλεισμένην
1351 3183 1574 3255 ἀνέῳξε,
1597 3185 1693 3239 καὶ¹
1717 3187 1807 3238 αί-

224 3262 431 3333 σχύνην
452 3262 650 3326 ἀνεῖλε,
677 3263 862 3316 καὶτὰ
891 3265 1068 3334 ὀνείδη
1089 3266 1189 3335 τῆς
1212 3266 1496 3340 άντιζήλου
1521 3269 1805 3334 κατέλυσε,

224 3347 320 3400 καὶ
351 3345 492 3417 πρὸς
526 3347 840 3419 παρρησίαν
869 3349 1069 3420 ἐαυτήν
1102 3350 1302 3422 πολλὴν
1340 3353 1709 3424 ἐπανήγαγεν,
1742 3355 1810 3407 ἐκ

225 3428 432 3499 πέτρας
465 3428 662 3498 ἀγόνου
693 3430 893 3500 στάχυν
922 3432 1181 3502 κομῶντα,
1211 3433 1493 3504 θερίσασα.
1526 3437 1638 3491 Καὶ
1667 3437 1808 3490 πάν-

222 3529 313 3574 τες
344 3512 640 3580 ἠκούσατε,
689 3513 804 3577 πῶς
843 3513 1067 3584 ηὔξατο,
1104 3516 1222 3580 πῶς
1254 3517 1446 3588 ᾔτησε,
1495 3520 1588 3572 καὶ
1621 3519 1808 3573 ἔπεισε

227 3597 322 3650 καὶ
343 3595 526 3659 ἔλαϐε,
560 3598 652 3649 καὶ
681 3596 832 3650 ἔτεκε
861 3599 954 3652 καὶ
979 3597 1175 3670 ἔθρεψε
1204 3601 1298 3652 καὶ
1324 3601 1556 3672 ἀνέθηκε
1588 3602 1679 3656 τὸν
1699 3605 1807 3655 Σα-

227 3680 424 3750 μουήλ.
464 3679 625 3731 Ὥστε
662 3681 763 3734 οὐκ
800 3682 864 3736 ἄν
898 3699 983 3745 τις
1020 3683 1277 3752 ἁμάρτοι,
1311 3685 1520 3756 μητέρα
1545 3685 1679 3756 ὁμοῦ
1713 3689 1809 3742 καὶ

224 3763 441 3832 πατέρα
476 3761 570 3814 τοῦ
599 3763 812 3816 παιδίου
847 3765 943 3836 τήν
980 3768 1213 3833 γυναῖκα
1236 3766 1443 3836 ταύτην
1476 3768 1802 3838 προσειπών.

225 3847 289 3900 Εἰ
321 3848 435 3916 γάρ
470 3847 566 3899 καὶ
603 3848 632 3899 6
661 3848 802 3918 ἀνὴρ
838 3849 1114 3919 ἔσπειρεν,
1140 3849 1274 3902 ἀλλά
1295 3850 1372 3921 τῷ
1402 3850 1675 3920 σπέρματι
1708 3853 1806 3923 τήν

222 3931 453 4000 δύναμιν
479 3931 683 4002 ταύτης
707 3933 979 4004 παρέσχεν
1002 3936 1034 4004 ἡ
1060 3933 1214 4004 εὐχὴ,
1238 3935 1333 3987 καὶ
1358 3934 1688 4005 σεμνοτέρας
1711 3934 1805 3989 τοῦ

223 4013 484 4084 Σαμουὴλ
513 4015 613 4078 τάς
644 4015 820 4086 ἀρχὰς
842 4017 944 4086 τῆς
966 4019 1272 4088 γεννήσεως
1293 4017 1568 4087 ἐποίησεν.
1598 4019 1674 4071 Οὐ
1697 4017 1807 4090 γὰρ

222 4097 311 4166 δή,
341 4096 596 4168 καθάπερ
620 4099 712 4152 ἐπὶ
743 4099 852 4151 τῶν
881 4099 1103 4164 λοιπῶν,
1138 4099 1303 4162 ὕπνος
1331 4100 1426 4153 καὶ
1463 4101 1670 4155 σύνοδοι
1697 4103 1806 4156 τῶν

223 4182 648 4252 γεννησαμένων
703 4183 881 4253 μόνον,
931 4183 1043 4237 ἀλλ’
1088 4184 1265 4254 εὐχαὶ,
1309 4183 1406 4236 καὶ
1445 4184 1675 4256 δάκρυα,
1712 4189 1807 4241 καὶ

223 4266 410 4330 πίστις
452 4267 622 4337 ἀρχαὶ
671 4267 774 4336 τῆς
819 4269 1125 4340 γεννήσεως
1167 4268 1370 4338 ταύτης
1416 4269 1682 4338 ἐγένοντο,
1710 4272 1806 4324 καὶ

223 4349 560 4420 σεμνοτέρας
582 4348 690 4402 τῶν
723 4350 896 4404 ἄλλων
919 4352 1044 4421 ἔσχε
1065 4352 1163 4414 τὰς
1191 4351 1355 4420 γονὰς
1382 4353 1686 4423 προφήτης,
1717 4354 1806 4408 διὰ

220 4434 323 4504 τὴν
363 4434 545 4486 πίστιν
571 4433 671 4504 τῆς
700 4436 904 4505 μητρὸς
923 4435 1182 4503 γεγονώς.
1214 4436 1302 4488 Διὸ
1325 4436 1417 4488 καὶ
1445 4437 1574 4506 περὶ
1602 4436 1804 4508 ταύτης

221 4516 498 4586 εὐκαίρως
533 4515 596 4568 ἄν
635 4533 718 4580 τις
751 4519 891 4570 εἴποι
921 4519 1018 4588 τῆς
1040 4519 1316 4587 γυναικόςο
1361 4522 1424 4572 οι
1453 4521 1806 4588 σπείροντες

225 4600 298 4653 ἐν
314 4598 631 4668 δάκρυσιν,
654 4600 726 4653 ἐν
751 4600 1105 4670 ἀγαλλιάσει
1141 4601 1428 4670 θεριοῦσι.
1458 4603 1676 4674 Ταύτην
1704 4605 1803 4675 ζη-

227 4683 493 4752 λώσωμεν
520 4683 731 4754 ἄνδρες,
750 4684 952 4752 ταύτην
997 4685 1384 4756 μιμησώμεθα,
1402 4690 1677 4756 γυναῖκες·
1711 4690 1804 4742 καὶ

221 4767 334 4836 γάρ
377 4766 638 4837 ἐκατέρου
681 4768 777 4820 τοῦ
812 4768 1000 4836 γένους
1038 4769 1352 4833 διδάσκαλός
1391 4771 1539 4824 ἐστιν
1570 4772 1604 4842 ή
1641 4772 1797 4842 γυνή.

222 4851 389 4903 Ὅσαι
431 4854 662 4921 στεῖραι,
713 4853 786 4921 μὴ
823 4853 1334 4924 ἁπαγορευέτωσαν·
1374 4854 1495 4906 ὅσαι
1543 4853 1798 4924 μητέρες,

219 4933 369 4988 οὕτω
412 4935 760 5004 τρεφέτωσαν
805 4935 1066 5006 τεχθέντα
1105 4936 1173 4989 τὰ
1214 4937 1425 4990 παιδίω
1459 4939 1554 4991 καὶ
1601 4938 1800 5002 πάντες

220 5018 556 5089 ζηλώσωμεν
579 5020 680 5090 τῆς
703 5020 958 5087 γυναικὸς
979 5021 1077 5091 τὴν
1106 5020 1419 5090 φιλοσοφίαν
1444 5024 1544 5094 τὴν
1573 5023 1682 5095 πρὸ
1701 5023 1798 5076 τοῦ

217 5104 406 5166 τόκου,
443 5101 542 5174 τὴν
576 5103 757 5158 πίστιν
781 5104 878 5176 τὴν
913 5108 971 5157 ἐν
998 5104 1074 5174 τῷ
1105 5105 1270 5175 τόκῳ,
1302 5107 1400 5177 τήν
1431 5107 1667 5178 σπουδὴν
1698 5106 1798 5178 τὴν

221 5186 366 5257 μετὰ
389 5185 480 5239 τὸν
509 5186 685 5240 τόκον.
709 5187 774 5242 Τί
802 5189 908 5259 γὰρ
931 5187 996 5242 ἂν
1025 5189 1232 5262 γένοιτο
1254 5189 1351 5260 τῆς
1378 5190 1635 5257 γυναικὸς
1657 5191 1801 5243 ἐκεί-

216 5286 320 5338 νης
372 5267 826 5341 φιλοσοφώτερον,
875 5273 910 5342 ἢ
974 5272 1260 5342 συμφορὰν
1310 5271 1483 5335 οὕτως
1525 5275 1798 5346 ἀφόρητον

216 5353 414 5422 πράως
443 5353 642 5424 ἤνεγκε
673 5357 766 5409 καὶ
795 5357 1079 5424 γενναίως,
1107 5358 1198 5410 καὶ
1227 5357 1326 5410 οὐκ
1355 5357 1564 5429 ἀπέστη
1597 5360 1795 5430 πρότε-

219 5453 334 5506 ρον,
374 5437 481 5502 ἓως
512 5439 669 5493 ἔλυσε
697 5441 759 5493 τὸ
784 5441 973 5502 δεινὸν,
1008 5442 1102 5494 καὶ
1129 5440 1224 5493 τοῦ
1267 5441 1438 5494 κακοῦ
1466 5442 1638 5512 πέρας
1669 5437 1796 5514 εὗρε

214 5519 533 5590 θαυμαστὸν
567 5523 662 5576 καὶ
701 5524 1018 5595 παράδοξον,
1057 5524 1245 5578 οὐδένα
1281 5524 1525 5578 κάτωθεν
1555 5525 1794 5580 λαϐοῦσα

214 5601 508 5674 σύμμαχον
538 5607 633 5659 καὶ
667 5606 890 5679 βοηθόν;
930 5608 1039 5660 Καὶ
1070 5608 1178 5677 γάρ
1204 5607 1318 5678 ᾔδει
1343 5607 1440 5678 τήν
1468 5607 1562 5660 τοῦ
1592 5609 1795 5662 Δεσπό-

213 5703 310 5738 του
334 5687 766 5761 φιλανθρωπίαν·
802 5689 950 5762 [712]
975 5690 1054 5743 διὸ
1083 5693 1178 5744 καὶ
1207 5691 1344 5761 μόνη
1384 5690 1676 5761 προσῆλθε,
1701 5695 1793 5747 καὶ

214 5770 415 5834 ῆνυσεν
445 5771 582 5834 ὅπερ
603 5773 886 5843 ἠθέλησεν.
915 5775 989 5829 Οὐ
1011 5775 1116 5846 γάρ
1140 5774 1482 5847 ἀνθρωπίνης
1513 5775 1783 5848 βοηθείας,

1528 342 1621 398 DE
1657 341 1839 399 ANNA
1886 343 2116 400 SERMO
2147 344 2216 400 11.

1895 5723 1971 5770 ἵνα

3377 343 3482 398 δη

1910 459 2048 514 ἀλλά
2079 461 2177 532 τῆς
2217 461 2367 525 θείας
2397 461 2566 515 ἐδεῖτο
2591 463 2809 532 χάριτος
2846 463 2878 531 ή
2912 459 3192 529 διόρθωσις
3226 457 3321 527 τῆς
3350 457 3482 510 ἀθύ-

1911 549 2040 618 μίας
2069 550 2307 622 ἐκείνης’
2347 552 2441 606 καὶ
2469 551 2576 622 γὰρ
2614 552 2714 605 οὐκ
2756 553 2814 605 ἐν
2850 549 3021 621 ζημία
3065 547 3362 619 χρημάτων
3391 541 3484 618 ἦν,

1907 636 1994 689 ἴνα
2023 655 2105 701 τις
2135 637 2372 707 ἐνεγκὼν
2409 638 2630 710 χρυσίον
2654 638 2792 710 λύσῃ
2839 637 2936 708 τὴν
2975 635 3232 706 ἀθυμίαν
3279 634 3379 688 οὐκ
3425 636 3485 688 ὲν

1908 725 2156 794 σώματος
2176 726 2476 796 ἀρρωστία,
2503 726 2589 779 ἵνα
2611 738 2635 768 ⁸
2662 725 2862 797 ἰατρῶν
2885 723 3242 794 παρακαλέσῃ
3265 723 3483 786 παῖδας,

1908 813 1999 864 καὶ
2028 812 2276 887 ἀπελάσῃ
2303 813 2364 866 τὸ
2397 814 2628 884 νόσημα.
2657 812 2822 876 Φύσις
2854 807 2922 884 ῆν
2966 813 3000 881 ή
3035 809 3483 881 ἐπηρεαζομένη,

1905 900 2004 969 τῆς
2039 900 2244 954 ἄνωθεν
2270 901 2495 972 δεομένη
2525 901 2728 971 χειρός.
2763 899 2853 952 Διὸ
2882 900 2946 969 δὴ
2977 899 3155 952 πάντα
3177 898 3244 951 τά
3269 899 3363 950 ἐπὶ
3383 898 3488 968 γῆς

1906 971 2125 1056 ἀφεῖσα,
2153 989 2289 1060 πρὸς
2319 988 2410 1042 τὸν
2443 1006 2541 1057 της
2577 988 2788 1057 φύσεως
2831 987 3032 1057 ἔδραμε
3061 987 3358 1054 Δεσπότην,
3394 986 3488 1039 καὶ

1905 1078 2005 1129 οὐκ
2035 1079 2243 1147 ἀπέστη
2276 1078 2557 1148 πρότερον,
2586 1076 2691 1139 ἕως
2715 1075 2780 1129 ἂν
2809 1075 2970 1128 αὐτὸν
2990 1074 3173 1126 ἔπεισε
3203 1073 3362 1126 λῦσαι
3389 1073 3486 1143 τὴν

1905 1164 2182 1229 ἀπαιδίαν,
2217 1167 2312 1218 καὶ
2344 1165 2440 1235 τὴν
2485 1165 2698 1236 μήτραν
2736 1163 2964 1230 ἀνοῖξαι,
2998 1163 3090 1216 καὶ
3119 1163 3339 1232 ποιῆσαι
3378 1179 3486 1231 μη-

1904 1253 2040 1323 τέρα
2085 1255 2184 1324 τὴν
2211 1257 2450 1325 στεῖραν.
2482 1254 2743 1324 Μακαρία
2777 1254 2873 1324 μὲν
2907 1248 3000 1306 οῦν
3044 1253 3139 1305 καὶ
3178 1251 3266 1304 διὰ
3303 1251 3484 1312 τοῦτο,

1904 1341 2003 1412 οὐχ
2053 1342 2134 1394 ὅτι
2184 1342 2366 1413 μήτηρ
2406 1342 2642 1410 ἐγένετο,
2687 1341 2802 1395 ἀλλ’
2832 1343 2913 1395 ὅτι
2944 1341 3045 1392 οὐκ
3082 1336 3215 1394 οὖσα
3251 1339 3486 1406 ἐγένετο.

1919 1427 2126 1480 Ἐκεῖνο
2162 1426 2262 1496 μὲν
2299 1427 2407 1496 γάρ
2431 1426 2607 1480 κοινὸν
2635 1427 2736 1495 τῆς
2759 1425 2994 1494 φύσεως,
3023 1423 3180 1476 τοῦτο
3201 1422 3256 1475 δὲ
3283 1423 3490 1492 ἐξαίρε-

1904 1529 1996 1566 τον
2041 1516 2140 1584 τῆς
2173 1513 2432 1582 γυναικὸς
2467 1509 2534 1584 ἦν
2569 1513 2916 1584 κατόρθωμα.
2964 1511 3226 1582 Μακαρία
3267 1511 3362 1580 μέν
3394 1504 3487 1562 οῦν

1906 1599 2001 1653 καὶ
2033 1600 2122 1653 διὰ
2165 1601 2267 1663 τὰς
2303 1601 2500 1663 ὠδῖνας
2540 1601 2774 1663 ἐκείνας,
2822 1599 3068 1670 μακαρία
3105 1598 3161 1652 δέ
3190 1599 3288 1668 οὐχ
3324 1593 3488 1668 ἦττον

1907 1689 1999 1741 καὶ
2017 1688 2108 1740 διὰ
2124 1687 2194 1742 τά
2221 1688 2329 1760 πρὸ
2347 1688 2457 1742 τῶν
2489 1689 2692 1741 ὠδίνων
2722 1687 2955 1741 ἅπαντα.
2997 1689 3140 1740 ἰστε
3182 1686 3290 1758 γὰρ
3314 1687 3485 1757 δήπου

1906 1776 2130 1841 πάντες,
2168 1776 2262 1830 καὶ
2289 1778 2564 1844 γυναῖκες,
2597 1776 2689 1828 καὶ
2717 1775 2928 1845 ἄνδρες,
2963 1775 3040 1838 ὡς
3080 1774 3232 1828 οὐδὲν
3275 1775 3486 1844 ἀφορη-

1903 1864 2122 1935 τότερον
2160 1865 2413 1927 ἀπαιδίας
2456 1866 2673 1932 γυναικὶ
2716 1865 2910 1932 γένοιτ’
2948 1863 3033 1916 ἄν’
3064 1862 3201 1916 ἀλλά
3230 1862 3336 1914 κᾶν
3382 1879 3486 1932 μυ-

1909 1951 2088 2020 ριάκις
2119 1950 2148 1990 ιι
2170 1950 2418 2023 ἀπολαύῃ
2440 1950 2537 2019 τῆς
2571 1951 2889 2022 εὐημερίας,
2921 1950 3017 2020 τὴν
3047 1952 3110 2003 ἐκ
3140 1949 3238 2019 τῆς
3275 1948 3487 2019 πληγῆς

1903 2038 2103 2109 ταύτης
2145 2038 2335 2107 ὀδύνην
2365 2040 2721 2108 ἐγγινομένην
2759 2038 2896 2109 αὐτῇ
2943 2038 3044 2091 οὐκ
3081 2037 3148 2091 ἄν
3186 2054 3318 2090 ποτε
3348 2040 3486 2091 ἀπο-

1903 2127 2216 2200 κρούσαιτο.
2269 2127 2334 2179 Εἰ
2387 2127 2446 2180 δὲ
2493 2126 2586 2181 νῦν
2641 2125 2813 2190 οὕτως
2860 2127 3155 2199 ἀφόρητον,
3213 2128 3303 2179 ὅτε
3351 2128 3488 2197 πρὸς

1907 2217 2131 2287 μείζονα
2159 2216 2475 2287 φιλοσοφίαν
2501 2215 2830 2286 ἐκλήθημεν,
2858 2216 2953 2268 καὶ
2978 2215 3110 2288 πρὸς
3141 2213 3230 2266 τὸν
3258 2211 3485 2284 οὐρανὸν

1903 2304 2184 2376 ὀδεύομεν,
2215 2306 2310 2358 καὶ
2337 2304 2494 2372 λόγος
2523 2305 2653 2375 ἡμῖν
2681 2303 2789 2356 τῶν
2816 2303 3096 2373 παρόντων
3123 2302 3320 2364 οὐδεὶς,
3350 2301 3487 2354 ἀλλά

1905 2393 2043 2463 πρὸς
2087 2393 2280 2463 ἑτέραν
2315 2392 2461 2463 ζωὴν
2504 2391 3058 2464 παρασκευαζόμεθα,
3103 2391 3199 2442 καὶ
3241 2389 3374 2442 πολὺ
3426 2389 3486 2440 τὸ

1903 2481 2004 2550 τῆς
2028 2479 2326 2550 παρθενίας
2355 2478 2653 2550 ἐγκώμιον,
2678 2479 2929 2549 ἐννόησον
2959 2478 3143 2550 ήλίκον
3174 2477 3295 2530 τότε
3318 2476 3486 2530 κακὸν

1903 2567 1965 2620 τὸ
1994 2571 2228 2638 πρᾶγμα
2254 2567 2532 2638 ἐνομίζετο
2571 2563 2731 2633 εἶναι,
2764 2567 2854 2620 ὅτε
2892 2566 2998 2620 τῶν
3050 2565 3353 2636 μελλόντων
3390 2564 3487 2634 μὲν

1903 2656 2130 2726 οὐδεμία
2150 2673 2234 2719 τις
2254 2651 2321 2726 ἦν
2345 2656 2519 2721 ἐλπὶς,
2544 2655 2665 2708 οὐδὲ
2687 2655 2863 2709 ἔννοια
2887 2658 3000 2718 τοῖς
3020 2654 3286 2718 παλαιοῖς,
3308 2653 3487 2708 πάντα

1903 2744 1961 2796 δέ
1989 2744 2127 2815 ὑπὲρ
2143 2743 2250 2797 τῶν
2270 2744 2552 2814 παρόντων
2574 2742 2840 2815 ἔπραττον
2869 2743 3230 2813 πραγμάτων,
3253 2742 3348 2794 καὶ
3376 2741 3488 2809 ἀρά

1904 2849 1987 2890 τις
2012 2827 2079 2903 ἦν
2105 2831 2198 2884 καὶ
2217 2830 2480 2902 καταδίκη
2508 2831 2570 2883 τὸ
2598 2833 2813 2902 στεῖραν
2843 2826 2983 2883 εἶναι
3011 2831 3104 2884 καὶ⁵
3130 2830 3342 2898 ἄγονον.
3372 2828 3486 2880 Οὐκ

1905 2920 2051 2973 ἔστιν
2082 2921 2278 2984 εἰπεῖν,
2314 2919 2436 2972 οὐδὲ
2461 2922 2812 2992 παραστῆσαι
2843 2917 2922 2989 τῷ
2955 2918 3097 2988 λόγῳ
3133 2917 3231 2988 τὴν
3254 2916 3361 2970 ἀπὸ
3387 2915 3484 2984 τῆς

1907 3007 2119 3079 πληγῆς
2141 3007 2345 3078 ταύτης
2368 3005 2580 3077 ὀδύνην.
2611 3005 2963 3079 Μαρτυροῦσι
2991 3006 3048 3059 δέ
3070 3007 3344 3073 γυναῖκες,
3364 3004 3486 3056 ὅσαι

1905 3097 2086 3150 πᾶσαν
2132 3095 2232 3166 μὲν
2265 3095 2610 3160 ἐπεδείξαντο
2647 3094 2987 3163 φιλοσοφίαν,
3031 3092 3236 3164 ταύτην
3286 3093 3344 3144 δέ
3387 3091 3485 3161 τὴν

1903 3182 2241 3252 δυσκληρίαν
2288 3183 2389 3236 οὐκ
2416 3183 2672 3252 ἤνεγκαν·
2705 3181 2817 3234 ἀλλ’
2850 3183 2906 3234 αἱ
2945 3182 3042 3250 μὲν
3073 3180 3210 3250 πρὸς
3237 3179 3362 3242 τοὺς
3390 3178 3486 3232 ἄν-

1903 3271 2036 3342 δρας
2073 3271 2470 3342 ἐδυσχέραινον,
2509 3271 2566 3322 αἱ
2605 3270 2661 3322 δέ
2687 3271 2779 3323 τὸν
2810 3269 2924 3340 βίον
2947 3269 3179 3322 ἀϐίωτον
3204 3263 3342 3320 εἶναι
3373 3265 3487 3319 ἐνόο

1907 3376 2092 3430 μισαν.
2121 3358 2233 3431 Τὴν
2275 3359 2334 3414 δέ
2369 3361 2605 3428 γυναῖκα
2639 3357 2842 3429 ταύτην
2881 3359 2982 3412 οὐκ
3018 3355 3226 3427 ἀθυμία
3256 3356 3413 3426 μόνον
3450 3356 3484 3425 ἡ

1903 3450 1990 3505 διὰ
2010 3451 2110 3522 τὴν
2133 3451 2440 3522 στείρωσιν,
2474 3450 2609 3504 ἀλλά
2632 3452 2724 3504 καὶ
2743 3451 2830 3504 έτε
2841 3469 2928 3521 ρον
2949 3449 3261 3520 ἐπολιόρκει
3290 3447 3481 3510 πάθος,

1904 3542 2076 3614 θυμὸς
2125 3542 2214 3596 διὰ
2257 3543 2327 3595 τὰ
2362 3542 2538 3614 ὀνείδη
2589 3543 2688 3614 τῆς
2717 3542 3024 3611 ἀντιζήλου.
3075 3543 3187 3596 Καὶ
3234 3540 3486 3610 καθάπερ

1903 3636 2121 3706 ἀνέμων
2137 3634 2464 3698 ἀπεναντίας
2479 3634 2725 3707 ἀλλήλοις
2740 3635 3143 3706 ἐμπιπτόντων,
3165 3635 3260 3688 καὶ
3277 3632 3485 3702 σκάφος

1907 3724 2074 3795 μέσον
2102 3725 2160 3778 ἐν
2197 3727 2264 3796 τῇ
2293 3724 2430 3796 πρὸς
2465 3723 2724 3796 ἀλλήλους
2762 3725 3141 3780 ἀπολαϐόντων
3179 3725 3348 3796 μάχῃ,
3388 3725 3486 3778 καὶ

1903 3816 2074 3871 πολλὰ
2103 3817 2200 3887 μέν
2225 3816 2331 3869 ἀπὸ
2357 3816 2457 3888 τῆς
2489 3815 2764 3889 πρύμνης,
2799 3815 2969 3871 πολλὰ
2992 3815 3050 3869 δέ
3081 3816 3188 3870 ἀπὸ
3209 3819 3309 3888 τῆς
3333 3815 3484 3888 πρώο

1905 3924 2006 3980 ρας
2038 3908 2358 3978 ἐγειρόντων
2402 3907 2471 3961 τὰ
2499 3906 2737 3979 κύματα,
2777 3909 2806 3961 6
2852 3907 3193 3978 κυϐερνήτης
3244 3909 3337 3961 ἐπὶ
3373 3907 3482 3960 τῶν

1903 4002 2105 4054 οἰάκων
2140 3999 2444 4072 καθήμενος
2472 3999 2726 4064 διασώζει
2767 3999 2828 4053 τὸ
2859 3999 3085 4068 σκάφος,
3114 3998 3214 4062 τὰς
3255 3998 3363 4053 τῶν
3395 4016 3485 4052 κυ-

1907 4094 2094 4164 μάτων
2120 4092 2353 4163 ἐμϐολάς
2376 4095 2442 4163 τῇ
2462 4092 2563 4163 τῆς
2584 4093 2892 4164 ἐπιστήμης
2927 4093 3089 4163 σοφίᾳ.
3120 4089 3482 4162 διακρουόμε-

1903 4203 2013 4251 νος⁸
2038 4186 2183 4240 οὕτω
2205 4187 2300 4240 καὶ
2328 4188 2363 4258 ή
2396 4187 2532 4258 γυνὴ
2561 4186 2682 4240 τότε
2707 4186 2912 4257 ἐκείνη,
2946 4186 3196 4256 καθάπερ
3234 4186 3478 4255 πνευμάη

1902 4295 2011 4332 των
2043 4279 2319 4345 ἐναντίων,
2360 4279 2453 4331 τοῦ
2485 4277 2679 4349 θυμοῦ,
2715 4278 2934 4347 καὶτῆς
2964 4277 3220 4348 ἀθυμίας,
3262 4278 3340 4340 εἰς
3383 4276 3483 4347 τήν

1902 4367 2080 4440 ψυχήν
2118 4369 2288 4441 αὐτῆς
2315 4369 2687 4441 ἐμπεσόντων,
2717 4369 2958 4432 καὶτοὺς
2989 4368 3281 4438 λογισμοὺς
3311 4367 3482 4438 αὐτῆς

1902 4461 2321 4529 διακοπτόντων,
2349 4463 2443 4518 καὶ
2464 4461 2635 4517 πολλά
2657 4461 2725 4516 τά
2745 4461 2965 4533 κύματα
2994 4462 3334 4532 ἐγειρόντων,
3361 4461 3482 4531 οὐχὶ

1902 4557 2014 4620 δύο,
2054 4557 2148 4608 καὶ
2175 4558 2341 4626 τρεῖς,
2369 4555 2463 4609 καὶ
2493 4556 2665 4609 είκοσι
2697 4555 2931 4626 ἡμέρας,
2955 4553 3069 4606 ἀλλ’
3091 4554 3177 4606 ἐπ’
3201 4555 3481 4617 ἐνιαυτοὺς

1901 4647 2226 4718 ὁλοκλήρους
2253 4645 2368 4718 (καί¹
2385 4647 2497 4716 γάρ
2525 4646 2583 4713 ἐξ
2613 4645 2796 4700 ἱκανοῦ
2825 4644 2982 4699 τοῦτο
3009 4644 3246 4715 ἐγένετο,
3269 4646 3476 4715 φησίν)-

1901 4738 2100 4808 ήνεγκε
2139 4736 2229 4788 τὸν
2263 4733 2508 4806 χειμῶνα
2532 4736 2814 4805 γενναίως,
2859 4739 2953 4790 καὶ
2981 4736 3476 4807 καταποντισθῆναι

1900 4827 1992 4879 τὸν
2035 4824 2290 4897 λογισμὸν
2336 4826 2438 4879 οὐκ
2481 4823 2684 4882 εἴασεν.
2725 4827 2787 4880 '0
2825 4828 2932 4899 γάρ
2972 4829 3066 4882 τοῦ
3109 4829 3242 4882 Θεοῦ
3290 4829 3473 4898 φόϐος,

1902 4917 2152 4990 καθάπερ
2201 4918 2540 4990 κυϐερνήτης
2585 4919 2678 4972 ἐπὶ
2733 4919 2839 4972 τῶν
2887 4920 3087 4974 οἰάκων
3145 4921 3473 4992 καθήμενος,

1903 5009 2052 5082 [715]
2094 5010 2278 5064 ἔπειθε
2323 5011 2586 5080 γενναίως
2622 5013 2807 5085 φέρειν
2845 5013 2904 5066 τὸ
2943 5012 3227 5067 κλυδώνιον
3275 5017 3470 5068 ἐκεῖνο·

1901 5104 1994 5158 καὶ
2038 5105 2100 5157 οὐ
2127 5106 2388 5177 πρότερον
2419 5107 2629 5176 ἀπέστη
2654 5105 3019 5175 διακυϐερνῶν
3047 5106 3220 5176 αὐτῆς
3251 5105 3348 5178 τὴν
3373 5109 3476 5175 ψυο

1900 5197 2024 5267 χὴν,
2061 5197 2166 5261 ἕως
2203 5199 2281 5261 εἰς
2309 5198 2401 5251 τὸν
2429 5196 2600 5251 εὐδιον
2634 5198 2826 5268 λιμένα
2861 5199 3138 5269 κατήγαγε
3173 5199 3469 5270 πεπληρω-

1901 5291 2067 5360 μένην
2095 5288 2190 5342 τοῦ
2229 5288 2451 5360 φορτίου
2478 5289 2576 5360 τήν
2607 5289 2758 5351 ναῦν,
2800 5290 2894 5343 καὶ
2921 5290 3223 5365 ,πολυτίμου
3268 5291 3474 5361 θησαυ-

1901 5378 1994 5449 ροῦ
2023 5377 2118 5449 τὴν
2138 5377 2379 5447 γαστέρα
2399 5377 2690 5450 γέμουσαν.
2713 5378 2787 5431 Οὐ
2807 5378 2915 5450 γὰρ
2946 5381 3188 5451 χρυσίον,
3217 5382 3338 5436 οὐδέ
3365 5383 3470 5454 ἀρ-

1897 5469 2084 5539 γύριον
2138 5469 2452 5535 ἐϐάσταζεν,
2500 5469 2637 5524 ἀλλὰ
2690 5471 2972 5542 προφήτην
3023 5473 3115 5527 καὶ
3156 5474 3323 5545 ἰερέα’
3379 5478 3471 5530 καὶ

1961 5661 1986 5689 ³
2010 5657 2146 5710 Colb.
2177 5660 2274 5710 duo
2296 5666 2350 5711 et
2388 5661 2512 5727 Reg.
2558 5666 2613 5714 οὐ
2653 5667 2874 5729 σώματος
2908 5667 3150 5734 άῤῥωστία
3185 5669 3472 5733 σύμμετρος.

1963 5757 1991 5821 ί
2012 5783 2135 5848 Reg.
2162 5784 2248 5832 κᾶν
2269 5783 2448 5851 μυρίας.
