4028 6360
257 336 364 394 (κδ

259 461 314 506 et
335 450 698 514 sacerdotem;
716 456 934 520 eratque
954 447 1164 518 gemina
1184 448 1300 518 ejus
1320 448 1456 504 uteri
1478 449 1846 517 sanctificatio,

257 553 314 596 et
339 541 480 610 quod
508 541 598 594 tali
620 555 786 610 puero
810 554 1090 610 praegnans
1112 548 1276 605 esset,
1305 549 1360 594 et
1384 538 1525 609 quod
1548 540 1856 609 conceptio-

259 633 348 687 nis
407 633 615 686 initium
662 646 758 700 per
793 630 1155 702 precationem
1207 645 1271 686 ac
1313 632 1584 685 caelestem
1626 630 1854 700 gratiam

260 726 578 794 accepisset.

335 819 391 872 2.
419 817 567 872 Onus
593 825 770 872 autem
793 815 918 871 illud
941 831 1047 870 non
1071 816 1241 870 solum
1273 824 1389 870 erat
1433 816 1759 884 inopinatum
1803 823 1858 869 et

261 910 599 975 admirabile,
638 925 823 964 verum
849 919 906 964 et
941 909 1312 979 negotiationis
1338 909 1528 963 modus
1562 908 1659 963 fuit
1683 907 1856 962 admi-

264 1004 484 1059 rabilior
513 1021 525 1056 :
554 1018 726 1073 neque
762 1004 904 1058 enim
941 1003 1070 1057 illud
1115 1002 1415 1056 hominibus
1461 1000 1582 1054 ullis
1622 999 1860 1054 vendidit

262 1105 359 1150 aut
401 1095 838 1165 negotiatoribus,
869 1094 962 1150 sed
994 1095 1235 1164 protinus
1261 1103 1318 1149 ut
1343 1103 1662 1162 exposuerat
1688 1107 1719 1146 e
1741 1107 1858 1146 sca-

263 1187 395 1257 pha,
429 1187 537 1242 Deo
580 1185 816 1242 vendidit
846 1203 858 1238 :
892 1194 1096 1239 tantum
1124 1176 1314 1239 autem
1361 1185 1461 1238 hac
1501 1183 1860 1252 negotiatione

265 1281 476 1334 lucrum
501 1279 641 1341 fecit,
687 1287 943 1348 quantum
989 1279 1161 1332 facere
1195 1292 1289 1346 par
1313 1284 1395 1331 est
1422 1291 1561 1338 eam,
1592 1289 1712 1344 quae
1737 1289 1858 1328 cum

267 1371 379 1424 Deo
407 1370 651 1424 habuerit
670 1369 1074 1424 commercium.
1102 1369 1312 1422 Etenim
1360 1378 1705 1438 posteaquam
1736 1381 1860 1420 eum

265 1461 436 1516 fctum
453 1473 731 1531 acceperat
748 1461 907 1524 Deus,
928 1461 1161 1515 reddidit
1181 1461 1254 1514 illi
1273 1460 1500 1514 alterum
1520 1458 1683 1512 filium
1716 1476 1728 1512 :
1755 1459 1861 1511 imo

265 1555 468 1625 potius,
486 1568 592 1608 non
615 1568 796 1616 unum,
817 1566 991 1621 neque
1009 1551 1162 1617 duos,
1185 1565 1357 1621 neque
1385 1559 1514 1616 tres,
1539 1564 1710 1619 neque
1731 1565 1860 1617 qua-

273 1657 395 1702 tuor
415 1655 638 1709 tantum,
657 1644 751 1700 sed
773 1644 856 1698 his
877 1644 1044 1698 multo
1063 1644 1264 1712 plures,
1287 1643 1418 1709 Quia
1438 1642 1638 1703 sterilis,
1658 1641 1857 1710 inquit,

267 1738 464 1805 peperit
503 1743 692 1804 septem
723 1733 797 1805 (1.
830 1733 956 1804 Reg.
989 1733 1042 1790 ‘2.
1076 1733 1152 1802 5),
1184 1741 1238 1786 et
1267 1747 1425 1785 usura
1450 1740 1648 1785 Sortem
1678 1745 1864 1783 exces-

267 1831 359 1881 sit.
389 1827 533 1882 Talis
565 1826 709 1881 enim
735 1835 816 1880 est
844 1825 1150 1895 negotiatio,
1179 1837 1296 1893 qua:
1334 1836 1455 1876 cum
1487 1821 1594 1874 Deo
1620 1823 1821 1889 geritur
1847 1838 1858 1871 :

269 1933 380 1972 non
409 1917 498 1972 ille
535 1916 1071 1986 quantulamcumque
1108 1915 1268 1967 sortis
1297 1923 1519 1981 partem,
1547 1910 1640 1964 sed
1685 1910 1864 1963 multis

269 2009 510 2080 partibus
559 2007 984 2077 conduplicatam
1030 2005 1222 2060 reddit.
1272 2005 1455 2075 Neque
1498 2003 1674 2057 solum
1720 2003 1865 2057 dedit

271 2104 350 2157 illi
383 2102 558 2173 proles
611 2101 886 2164 femineas,
910 2099 1004 2152 sed
1033 2115 1096 2153 ex
1130 2109 1354 2171 utroque
1393 2111 1522 2151 sexu
1563 2095 1766 2149 lucrum
1795 2094 1859 2148 il-

269 2196 374 2249 lius
415 2195 725 2257 cumulavit,
760 2202 816 2246 ut
840 2191 915 2245 illi
963 2191 1072 2261 jam
1110 2188 1403 2259 perfectum
1432 2187 1716 2258 contigerit
1739 2202 1865 2258 gau-

271 2290 443 2344 dium.
494 2289 622 2344 Hzec
649 2303 714 2342 eo
744 2299 1126 2351 commemoro,
1157 2300 1261 2338 non
1291 2291 1346 2338 ut
1369 2282 1596 2337 laudetis
1639 2290 1862 2345 tantum,

274 2381 372 2436 sed
399 2389 453 2436 et
480 2379 804 2435 :emulemiui
827 2379 843 2410 ¹
876 2378 1033 2447 hujus
1075 2376 1314 2430 mulieris
1355 2375 1512 2430 fidem
1544 2389 1605 2429 ac
1630 2375 1862 2428 toleran-

273 2475 423 2539 tiam,
458 2484 617 2541 quam
647 2485 715 2525 ex
746 2477 894 2538 parte
933 2467 1148 2538 quidem
1179 2467 1401 2521 audistis
1450 2481 1652 2535 nuper;
1683 2480 1868 2519 verum

275 2573 326 2616 ut
361 2561 610 2631 reliquias
639 2560 1023 2630 persolvamus,
1056 2557 1336 2614 concedite
1360 2557 1492 2610 mihi
1522 2572 1683 2626 pauca
1713 2571 1866 2610 com-

281 2669 586 2709 memorare
606 2653 671 2708 de
702 2652 1037 2708 sermonibus
1081 2659 1200 2720 post
1243 2650 1466 2720 primam
1510 2649 1865 2718 precationem

276 2763 400 2802 eum
427 2747 706 2802 sacerdote
750 2745 970 2815 ejusque
1019 2745 1262 2798 ministro
1310 2743 1537 2806 habitis,
1570 2751 1627 2796 ut
1665 2743 1869 2811 perspi-

272 2839 428 2894 ciatis
456 2837 643 2892 mitem
675 2852 739 2890 ac
767 2836 1032 2906 placidum
1065 2836 1221 2904 hujus
1250 2833 1486 2888 mulieris
1512 2833 1770 2886 animum.
1802 2829 1866 2884 Et

274 2934 470 2999 factum
512 2939 601 2994 est,
642 2929 832 2998 inquit,
880 2944 992 2981 eum
1040 2926 1403 2995 multiplicaret
1451 2925 1786 2994 precationem
1814 2924 1869 2976 in

273 3030 546 3091 conspectu
589 3020 818 3086 Domini,
870 3018 990 3072 Heli
1031 3019 1264 3074 sacerdos
1311 3017 1602 3072 obseruabat
1637 3034 1693 3070 os
1733 3017 1871 3070 illius

278 3113 444 3185 (Ibid.
477 3113 669 3183 1.19.).

347 3205 621 3276 Duplicem
645 3205 808 3259 Anna:
843 3205 1074 3259 virtutem
1115 3202 1312 3256 laudat.
1342 3201 1560 3256 Assidue
1599 3202 1866 3256 orandum.

275 3296 646 3352 -——-Geminani
711 3297 940 3365 scriptor
983 3297 1070 3351 hic
1120 3295 1374 3350 virtutem
1422 3295 1476 3350 in
1523 3295 1718 3349 femina
1772 3309 1872 3348 suo

280 3388 586 3444 testimonio
612 3388 978 3460 comprobavit
1007 3406 1020 3441 :
1055 3389 1105 3443 in
1132 3388 1381 3458 precibus
1423 3387 1785 3442 assiduitatem
1822 3397 1874 3441 et

281 3480 448 3534 animi
492 3480 818 3550 vigilantiam
845 3498 858 3533 :
890 3480 1034 3533 illam
1078 3479 1314 3548 quidem,
1341 3494 1460 3533 cum
1491 3480 1582 3545 ait,
1616 3477 1873 3548 Multipli-

278 3573 408 3625 cavit
437 3588 457 3638 ς
485 3570 642 3637 hanc,
666 3587 786 3626 cum
828 3570 1061 3635 addidit,
1095 3570 1160 3624 In
1182 3581 1448 3639 conspectu
1479 3569 1686 3623 Domini
1708 3586 1726 3622 :
1752 3586 1874 3624 nam

281 3677 472 3719 omnes
492 3663 705 3732 quidem
753 3677 990 3729 oramus,
1019 3661 1112 3717 sed
1141 3677 1247 3716 non
1296 3676 1484 3716 omnes
1510 3664 1561 3715 in
1589 3670 1876 3732 conspectu

283 3755 398 3808 Dei.
449 3754 658 3809 Etenim
696 3769 817 3808 cum
853 3767 1079 3822 corpore
1107 3753 1160 3807 in
1193 3761 1332 3807 terra
1367 3762 1652 3822 prostrato,
1683 3762 1739 3809 et
1783 3767 1877 3808 ore

285 3855 487 3900 temere
530 3845 810 3909 delirante,
850 3859 1002 3900 mens
1027 3845 1220 3914 ubique
1244 3859 1338 3914 per
1365 3844 1583 3900 domum
1613 3860 1675 3900 ac
1705 3845 1876 3900 forum

285 3941 708 4007 circumvagatur
738 3956 750 3992 :
783 3951 888 4006 quo
908 3951 1000 3992 ore
1026 3937 1148 3990 talis
1173 3946 1355 4005 posset
1373 3935 1574 4003 dicere,
1597 3937 1737 4006 quod
1758 3951 1877 3991 ora-

285 4031 421 4084 verit
441 4031 493 4084 in
509 4038 798 4099 conspectu
817 4029 949 4085 Dei?
969 4027 1100 4081 Nam
1120 4028 1172 4082 in
1186 4035 1472 4097 conspectu
1495 4027 1702 4082 Domini
1737 4037 1874 4093 orat,

285 4123 378 4190 qui
399 4129 516 4177 orat
541 4121 774 4191 undique
793 4120 1046 4190 colligens
1071 4133 1220 4173 suam
1239 4127 1493 4183 mentem,
1513 4119 1646 4174 nihil
1676 4120 1877 4175 habens

285 4230 408 4268 cuni
431 4223 568 4268 terra
597 4213 926 4279 commercii,
943 4212 1037 4266 sed
1061 4210 1127 4266 ad
1150 4211 1321 4282 ipsum
1343 4213 1564 4267 caelum”
1587 4222 1727 4268 totus
1742 4227 1880 4268 com-

286 4309 542 4379 migrans,
565 4306 707 4362 omni
726 4305 1043 4375 cogitatione
1077 4303 1307 4357 humana
1324 4304 1392 4358 ab
1408 4305 1586 4358 animo
1606 4305 1827 4374 depulsa
1853 4322 1864 4357 :

290 4400 744 4474 quemadmodum
774 4398 825 4453 id
850 4397 1105 4467 temporis
1134 4399 1248 4452 hazc
1276 4398 1401 4452 fecit
1447 4399 1638 4452 mulier
1671 4417 1684 4452 :
1713 4406 1878 4453 totam

288 4497 436 4551 enim
460 4510 580 4550 sese
609 4493 892 4562 collegerat
920 4505 984 4545 ac
1011 4499 1244 4544 mentem
1287 4489 1606 4557 intenderat,
1630 4499 1786 4560 atque
1807 4491 1879 4545 ita

289 4589 460 4644 Deum
504 4585 770 4641 invocavit
815 4582 994 4636 animo
1031 4582 1262 4636 dolente.
1308 4581 1413 4637 Sed
1441 4597 1537 4636 cur
1580 4583 1878 4649 dicit,eam

289 4680 674 4750 multiplicasse
706 4676 1086 4748 precationem,
1105 4673 1316 4743 quando
1342 4677 1563 4744 exiguus
1586 4685 1668 4728 est
1692 4675 1881 4729 modus

289 4772 807 4845 precationis,quam
834 4767 968 4822 fudit
994 4765 1218 4819 mulier?
1242 4764 1422 4835 Neque
1446 4767 1496 4820 in
1521 4767 1734 4836 longum
1757 4781 1882 4836 pro-

289 4864 444 4918 duxit
468 4875 793 4927 sermonem,
813 4872 986 4927 neque
1014 4857 1065 4909 in
1097 4855 1322 4909 multum
1341 4859 1596 4927 temporis
1610 4858 1846 4913 extendit
1861 4857 1882 4889 ³

290 4953 732 5023 supplicationem
752 4993 768 5019 ,
801 4949 896 5005 sed
923 4960 1088 5017 pauca
1122 4944 1368 5016 nudaque
1383 4948 1542 5003 verba
1569 4948 1883 5018 proloquuta

289 5055 395 5101 est.
425 5045 631 5099 Anam
660 5058 855 5098 DOIllNE
875 5043 1009 5097 ΕΙ.οι
1053 5050 1312 5106 samo-ra,
1339 5040 1381 5092 si
1406 5039 1676 5110 respiciens
1717 5055 1884 5108 respe-

288 5138 430 5193 xeris
459 5137 527 5190 ad
547 5136 878 5190 humilitatem
920 5137 1123 5191 ancilla:
1166 5146 1298 5200 tute,
1334 5135 1528 5204 meique
1558 5149 1747 5187 memor
1769 5133 1882 5200 fue-

290 5231 389 5293 ris,
417 5245 508 5282 nec
523 5229 705 5282 oblitus
725 5228 925 5282 ancillis
950 5237 1069 5294 tute,
1099 5227 1391 5296 dederisque
1415 5225 1616 5278 ancilla:
1633 5233 1732 5278 tute
1765 5239 1885 5294 pro-

294 5323 398 5378 lem
441 5323 718 5378 masculum
737 5363 752 5388 ,
772 5321 983 5389 offeram
1024 5320 1169 5374 illaut
1197 5320 1329 5373 dono
1366 5318 1419 5371 in
1447 5326 1714 5386 conspectu
1757 5325 1841 5369 luo
1865 5356 1879 5379 ,

294 5433 454 5487 usque
510 5416 578 5469 ad
616 5415 749 5469 diem
788 5416 961 5468 mortis
1007 5415 1187 5486 ipsius.
1232 5411 1417 5466 Vinum
1440 5421 1484 5465 et
1525 5411 1767 5480 quidquid
1800 5410 1884 5461 in-

362 5557 380 5584 ι
416 5559 532 5614 neg.
557 5550 751 5603 etcolb.
775 5551 888 5612 duo,
901 5562 993 5600 non
1005 5555 1054 5599 ut
1073 5547 1325 5600 laudemus
1346 5552 1544 5608 tantum,
1565 5543 1652 5596 sed
1674 5551 1718 5595 et
1733 5557 1884 5594 tentu-

295 5614 472 5672 lemur,
501 5621 594 5663 etc.

363 5678 383 5706 ²
418 5683 534 5735 vox,
563 5673 754 5738 unum,
776 5674 920 5724 deest
943 5674 992 5722 in
1014 5673 1161 5738 Coll)._
1170 5681 1224 5738 et
1243 5680 1359 5734 Reg.
1531 5731 1539 5738 ι

365 5738 385 5767 ³
417 5739 490 5784 sic
521 5729 660 5785 ’σουλ
696 5729 794 5783 duo
831 5742 876 5786 et
905 5743 1040 5797 803.,
1068 5734 1241 5785 melius
1275 5729 1417 5796 quam
1439 5729 1577 5783 Savil.
1617 5737 1667 5780 et
1699 5729 1882 5790 δίωτοι..

289 5798 377 5858 τιυὶ
405 5799 585 5849 habent
598 5833 613 5856 ,
627 5797 823 5858 abjedt.

1576 331 1662 387 DE
1702 331 1882 386 ANNA
1922 329 2151 387 SERMO
2175 330 2240 388 ll.

3455 338 3557 392 6i“.

1964 448 2122 503 ebriat
2147 465 2248 503 non
2273 447 2421 514 bibet,
2451 459 2498 502 et
2523 449 2710 517 [errant
2731 466 2830 503 non
2856 451 3249 522 ascendetsuper
3273 459 3423 521 caput
3441 453 3556 520 ejus

1963 540 2038 613 (1.
2065 541 2194 613 Reg.
2245 542 2294 596 1.
2331 542 2444 612 11).
2481 541 2611 609 Quae
2654 553 2737 597 est
2773 543 2857 597 hic
2901 544 3182 599 verborum
3234 542 3558 597 multitudo?

1963 634 2101 701 Quid
2139 635 2298 704 igitur
2346 636 2538 699 innuit,
2568 651 2689 690 cum
2730 637 2822 702 ait,
2851 637 3244 708 Multiplicavit?
3283 636 3407 690 lltec
3453 634 3561 690 frc-

1964 736 2190 795 quenter
2233 726 2462 793 dicebat,
2509 743 2609 782 nec
2634 727 2835 782 destitit
2860 728 3046 783 iisdem
3089 729 3265 782 verbis
3306 727 3563 782 iterandis

1969 820 2194 874 multum
2237 822 2492 892 temporis
2533 821 2834 876 absumere.
2860 821 2937 876 lta
2963 831 3016 876 et
3044 815 3296 872 Christus
3317 816 3370 870 in
3389 814 3561 874 Evan-

1964 910 2102 980 gelio
2129 912 2307 966 docuit
2333 927 2506 966 orare.
2542 911 2674 966 Cum
2708 913 2847 967 enim
2870 913 3119 982 jussisset
3163 912 3456 981 discipulis,
3493 927 3560 966 ne

1967 1018 2115 1058 more
2158 1005 2430 1074 gentilium
2477 1015 2711 1071 orarent,
2743 1015 2951 1060 utentes
2999 1005 3350 1075 mnitiloquio,
3396 1005 3558 1060 etiam

1965 1095 2180 1150 modum
2209 1097 2527 1164 precationis
2545 1096 2723 1151 docuit
2746 1096 2958 1166 (Matth.
2977 1097 3030 1150 6.
3058 1097 3133 1164 7):
3161 1095 3468 1159 ostendens,
3498 1104 3558 1148 ut

1965 1186 2317 1240 exaudianuir
2365 1204 2469 1240 non
2530 1203 2650 1242 esse
2698 1188 2855 1240 situm
2897 1188 2948 1240 in
2992 1186 3275 1240 verborum
3325 1185 3560 1239 multitu-

1967 1277 2110 1342 dine,
2162 1276 2255 1331 sed
2277 1277 2328 1330 in
2353 1278 2624 1347 vigilantia
2651 1277 2863 1331 mentis.
2893 1277 3168 1343 Quomodo
3206 1276 3380 1344 igitur,
3414 1274 3562 1329 dixe-

1969 1369 2040 1422 rit
2084 1367 2311 1438 aliquis,
2360 1370 2402 1422 si
2444 1370 2627 1437 paucis
2677 1369 2936 1422 orandum
2976 1376 3087 1431 cst,
3137 1367 3440 1436 parabolam
3483 1369 3560 1421 eis

1969 1463 2263 1530 pr0posuil,
2308 1462 2684 1516 admonentem
2720 1477 2932 1532 semper
2976 1479 3094 1517 esse
3132 1463 3429 1516 orandum?
3463 1462 3550 1514 Vi-

1968 1554 2069 1607 dua
2112 1557 2353 1623 quaedam
2397 1565 2548 1621 erat,
2590 1571 2708 1625 qua:
2757 1555 2969 1610 assidue
3021 1555 3338 1625 appellando
3363 1556 3558 1609 crude-

1969 1645 2079 1699 lem
2121 1645 2543 1699 etinhumanum
2580 1647 2834 1716 juzlicem,
2861 1662 3028 1716 neque
3068 1648 3233 1700 Deum
3263 1647 3558 1711 timentem,

1969 1751 2142 1806 neque
2183 1737 2427 1791 homines
2451 1748 2805 1802 reverentem,
2842 1739 3143 1807 frequenter
3187 1738 3372 1791 adiens
3411 1737 3555 1791 ﬂexit

1971 1825 2122 1892 (Luc.
2148 1827 2232 1882 18.
2255 1827 2400 1900 3-5).
2417 1829 2695 1895 Quomodo
2713 1845 2808 1883 nos
2824 1840 2875 1883 et
2893 1830 3083 1883 Paulus
3097 1832 3340 1883 hortatur
3356 1830 3558 1896 dicens,

1972 1919 2262 1974 Prceationi
2303 1924 2544 1976 instantes
2572 1923 2752 1992 (Rom.
2788 1922 2869 1975 1'2.
2908 1922 3013 1993 19.).
3041 1938 3100 1976 ac
3130 1937 3329 1984 rursus,
3359 1921 3561 1976 ludesi~

1971 2020 2143 2066 uenter
2167 2022 2307 2065 orate
2328 2014 2404 2080 (1.
2429 2012 2606 2066 Thess.
2633 2013 2685 2067 5.
2713 2012 2841 2082 17).?
2864 2011 2993 2068 Nam
3011 2016 3052 2066 si
3084 2013 3242 2068 verba
3258 2013 3494 2083 proferre
3511 2015 3563 2066 in

1972 2104 2189 2172 longum
2219 2118 2324 2156 non
2351 2111 2655 2172 oportet,et
2679 2113 2855 2156 tamen
2881 2105 3091 2159 assidue
3115 2120 3288 2169 orare,
3316 2105 3414 2160 hoc
3441 2120 3564 2159 cunt

1973 2197 2064 2250 illo
2105 2205 2322 2265 pugnat.
2370 2195 2486 2250 Non
2533 2193 2675 2250 inter
2703 2210 2762 2251 se
2809 2205 3043 2266 pugnant
3087 2197 3213 2264 ista;
3260 2198 3435 2252 absit:
3469 2199 3564 2253 sed

1972 2304 2294 2361 magnopere
2338 2290 2477 2345 inter
2507 2305 2566 2345 se
2596 2301 2918 2360 congruunt.
2943 2290 3211 2360 Siquidem
3242 2302 3296 2346 ct
3320 2291 3565 2346 Christus

1970 2390 2025 2434 ct
2049 2381 2241 2435 Paulus
2261 2380 2422 2450 jussit
2450 2381 2660 2448 breves,
2687 2379 2779 2436 sed
2813 2381 3028 2436 crebras
3075 2382 3186 2436 fieri
3231 2382 3566 2453 precationes

1970 2487 2036 2525 ex
2083 2472 2266 2540 paucis
2308 2472 2618 2526 intervallis.
2665 2469 2799 2526 Nam
2845 2467 2888 2525 si
2916 2473 2965 2525 in
3003 2475 3215 2541 longum
3258 2475 3565 2526 extenderis

1973 2563 2158 2628 verba,
2190 2578 2313 2619 cum
2359 2565 2666 2633 frequenter
2711 2579 2897 2634 parum
2936 2564 3010 2618 sis
3061 2573 3313 2626 attentus,
3344 2567 3566 2622 multam

1971 2654 2244 2708 audaciam
2271 2654 2483 2709 diabolo
2507 2654 2877 2725 suppeditasti,
2902 2665 2955 2710 ut
2985 2655 3203 2710 accedat
3227 2659 3558 2727 snpplantet-

1971 2761 2093 2815 que,
2124 2761 2186 2800 ac
2209 2757 2442 2802 mentem
2464 2747 2530 2800 ab
2561 2747 2625 2800 iis
2649 2762 2767 2816 qua:
2788 2746 3036 2800 dicuntur
3081 2757 3269 2801 avocet
3303 2765 3315 2800 :
3346 2749 3486 2818 quod
3515 2753 3558 2802 si

1973 2840 2277 2908 frequenter
2292 2855 2354 2893 ac
2381 2838 2606 2894 subinde
2631 2838 2891 2903 oraveris,
2921 2846 3129 2907 tempus
3176 2855 3333 2895 omne
3361 2840 3566 2896 crebris

1973 2931 2228 2986 dirimens
2257 2932 2566 2998 intervallis,
2598 2930 2748 2986 facile
2786 2931 2985 3000 poteris
3014 2946 3132 2985 esse
3161 2932 3370 2986 sobrius
3394 2948 3457 2987 ac
3483 2935 3565 2986 vin

1974 3025 2146 3094 gilans
2175 3066 2188 3087 ,
2231 3033 2288 3077 ut
2325 3025 2685 3093 precationem
2731 3023 2897 3076 multa
2945 3038 3063 3076 eum
3104 3023 3395 3078 attentione
3438 3039 3564 3092 perm

1977 3117 2149 3172 ficias.
2180 3116 2330 3182 Quod
2379 3131 2509 3170 sane
2547 3114 2663 3170 hmo
2711 3115 2870 3180 fecit,
2919 3113 3044 3167 dum
3093 3130 3200 3168 non
3247 3114 3405 3184 longo
3447 3131 3566 3169 scr-

1975 3225 2155 3275 mone,
2171 3209 2267 3264 sed
2295 3208 2498 3264 crebris
2519 3222 2583 3261 ac
2603 3206 2968 3276 frequentibus
2993 3207 3234 3276 precibus
3254 3206 3384 3262 adiit
3402 3206 3568 3262 Deum

1977 3300 2053 3373 (1.
2086 3300 2214 3373 Reg.
2248 3301 2299 3354 1.
2329 3299 2418 3354 12.
2452 3299 2564 3369 15).
2600 3298 2802 3352 Deinde
2834 3308 3175 3368 posteaquam
3217 3299 3463 3354 sacerdos
3491 3300 3564 3354 illi

1977 3393 2198 3448 occlusit
2228 3408 2288 3446 os
2319 3410 2332 3446 :
2364 3407 2484 3445 nam
2512 3392 2611 3445 hoc
2629 3400 2710 3444 est
2735 3391 2874 3460 quod
2905 3390 2998 3456 ail,
3032 3389 3332 3443 Obseruabat
3357 3407 3412 3444 os
3436 3392 3564 3462 ejus,

1978 3497 2023 3539 et
2054 3487 2186 3540 labia
2213 3488 2319 3556 ejus
2344 3485 2684 3548 movebantur,
2716 3499 2812 3537 v0.1;
2838 3492 3005 3535 autem
3042 3483 3177 3535 illius
3205 3499 3303 3536 non
3327 3482 3568 3536 audieba-

1979 3589 2061 3630 tur
2093 3585 2317 3631 :eoacta
2356 3583 2439 3630 est
2477 3575 2694 3629 obedire
2741 3573 3025 3633 sacerdOIi,
3055 3583 3106 3625 et
3136 3573 3202 3625 ab
3244 3573 3445 3626 orando
3473 3574 3568 3628 de-

1979 3666 2186 3722 sistere.
2215 3665 2282 3719 Et
2305 3680 2410 3720 vox
2451 3665 2666 3734 quidem
2696 3663 2770 3716 illi
2821 3663 3103 3716 interclusa
3146 3671 3245 3728 est,
3273 3672 3326 3716 at
3353 3678 3456 3716 non
3486 3674 3566 3718 est

1979 3759 2190 3813 exclusa
2222 3757 2431 3820 fiducia,
2463 3755 2558 3811 sed
2595 3756 2962 3810 vehementius
2987 3757 3149 3809 etiam
3179 3771 3272 3809 cor
3299 3757 3561 3810 clamabat

1980 3849 2142 3902 intus.
2170 3847 2304 3901 Nam
2330 3847 2416 3900 illa
2442 3847 2778 3916 potissimum
2804 3855 2886 3900 est
2915 3848 3168 3914 precatio,
3203 3862 3321 3900 eum
3347 3847 3414 3900 ab
3439 3849 3562 3901 inti-

1981 3939 2081 3992 mis
2108 3952 2264 3992 voces
2285 3951 2498 3991 sursum
2527 3936 2764 3989 feruntur
2796 3953 2808 3990 :
2842 3935 2944 3990 hoc
2971 3937 3232 4005 praecipue
3267 3938 3457 3992 mentis
3481 3950 3564 3992 est

1982 4029 2303 4095 exercitatio,
2334 4043 2440 4082 non
2469 4029 2763 4082 intentione
2809 4027 2973 4094 vocis,
3007 4027 3099 4080 sed
3152 4029 3312 4080 animi
3353 4029 3563 4085 fervore

1984 4122 2350 4194 precationem
2380 4120 2676 4175 absolvere.

2054 4215 2107 4268 5.
2129 4213 2216 4268 Sic
2241 4213 2409 4266 oravit
2437 4219 2493 4267 et
2520 4211 2692 4265 Moses
2732 4228 2745 4265 :
2776 4211 2864 4278 qui
2893 4223 3015 4263 cum
3038 4209 3164 4263 nihil
3191 4224 3316 4264 vocc
3343 4226 3562 4267 resona-

1984 4316 2086 4372 ret,
2118 4305 2256 4359 Deus
2298 4315 2492 4369 tamen,
2534 4301 2692 4367 Quid,
2717 4300 2906 4370 inquit,
2949 4300 3139 4354 clamas
3176 4303 3243 4354 ad
3268 4319 3346 4356 me
3367 4302 3557 4374 (Exod.
3611 4372 3615 4376 .

1985 4401 2074 4454 14.
2105 4398 2221 4468 15)?
2252 4398 2502 4452 Homines
2541 4395 2752 4466 quidem
2774 4404 3049 4450 externam
3075 4394 3212 4448 hanc
3236 4412 3419 4453 vocem
3452 4408 3564 4453 lan-

1985 4502 2097 4546 tum
2123 4492 2361 4555 audiunt,
2389 4498 2445 4543 at
2472 4491 2609 4544 Deus
2634 4497 2688 4543 ct
2713 4498 2835 4543 ante
2875 4489 3010 4542 hanc
3053 4488 3194 4542 intus
3221 4487 3567 4546 inclamantcs

1984 4581 2150 4638 audit.
2188 4581 2367 4650 Itaque
2411 4579 2527 4634 fieri
2559 4586 2752 4647 potest,
2786 4585 2841 4631 ut
2884 4578 3044 4632 etiam
3089 4577 3178 4648 qui
3209 4594 3312 4631 non
3338 4579 3565 4634 clamant

1986 4674 2290 4736 audiantur,
2319 4681 2376 4725 ut
2408 4685 2504 4740 per
2552 4669 2724 4725 forum
2750 4669 3031 4726 ambulans
3055 4668 3176 4738 quis
3205 4679 3322 4723 oret
3350 4683 3567 4723 accura-

1986 4767 2212 4833 tissime,
2241 4774 2294 4820 ct
2320 4766 2371 4818 in
2400 4777 2655 4820 consessu
2705 4763 2996 4818 amicorum
3041 4763 3372 4832 aliorumque
3418 4763 3571 4832 quid-

1986 4858 2068 4912 vis
2097 4856 2236 4911 aliud
2263 4870 2424 4925 agens
2451 4853 2747 4908 vehementi
2773 4853 3006 4908 clamore
3031 4853 3241 4907 invocet
3262 4853 3449 4918 Deum,
3469 4853 3571 4906 ela-

1988 4963 2160 5016 morc,
2192 4947 2428 5017 inquam,
2459 4946 2685 5010 interno,
2722 4945 2929 4998 etiamsi
2969 4943 3098 5001 nihil
3143 4942 3319 5010 faciat,
3359 4944 3499 5012 quod
3539 4959 3571 4998 a

1986 5054 2252 5111 quoquam
2282 5038 2622 5108 prmsentium
2670 5037 2946 5090 sentiatur.
2977 5033 3130 5102 Quod
3156 5048 3286 5087 sane
3315 5041 3426 5087 tum
3458 5033 3573 5088 hmo

1988 5133 2114 5187 fecit
2156 5128 2369 5184 mulier.
2434 5127 2562 5190 Vox,
2594 5127 2784 5196 inquit,
2831 5126 2972 5180 illius
3016 5142 3114 5178 non
3159 5124 3492 5186 audiebatur;
3519 5136 3573 5180 et

1988 5212 2263 5283 enaudivit
2305 5225 2450 5279 illam
2503 5223 2644 5276 Deus
2673 5238 2687 5275 :
2721 5230 2896 5274 tantus
2930 5228 3044 5275 erat
3077 5218 3216 5273 illius
3263 5219 3465 5272 clamor
3492 5219 3572 5274 in-

1990 5328 2192 5373 ternus.
2225 5316 2290 5370 Et
2318 5316 2445 5369 dixit
2484 5315 2562 5368 illi
2593 5330 2717 5383 puer
2761 5312 2919 5366 Heli:
2954 5312 3220 5381 Quousque
3254 5310 3352 5364 eris
3399 5311 3572 5366 ebria?

1991 5410 2196 5463 Discute
2221 5410 2391 5462 vinum
2432 5417 2571 5460 tuum
2609 5407 2697 5458 abs
2718 5415 2784 5470 te,
2819 5415 2865 5457 et
2906 5403 3080 5457 recede
3105 5419 3136 5455 α
3166 5411 3436 5472 conspectu
3468 5403 3574 5457 Do-

1989 5503 2113 5554 mini
2129 5501 2202 5570 (1.
2218 5500 2346 5570 Reg.
2369 5500 2420 5554 1.
2443 5499 2552 5569 14).
2574 5497 2671 5552 Hic
2692 5494 3023 5566 potissimum
3046 5493 3171 5546 licet
3200 5491 3356 5561 hujus
3381 5495 3575 5549 mulio-

1991 5596 2063 5648 ris
2082 5591 2466 5663 philosophiam
2490 5589 2806 5661 perspicere.
2825 5585 2976 5640 Domi
2992 5583 3345 5652 exprobrabat
3359 5587 3570 5652 temula;

1990 5687 2138 5740 venit
2162 5685 2213 5740 in
2235 5683 2513 5753 templum,
2533 5690 2588 5736 ct
2606 5677 2898 5735 sacerdotis
2919 5690 3051 5746 puer
3089 5675 3250 5728 afﬁcit
3274 5676 3416 5731 illam
3439 5693 3574 5732 con»,

1993 5772 2232 5840 tuu‘iclia,
2258 5787 2311 5833 et
2340 5778 2577 5846 increpat
2617 5773 2732 5844 ipse
2774 5768 3039 5827 sacerdos.
3083 5767 3349 5838 Elfugcrat
3389 5771 3592 5826 domum
