4028 6360
447 316 551 371 ω’]

442 436 630 485 sticam
672 434 1061 497 tempestatem,
1082 422 1227 477 venit
1246 422 1297 475 in
1319 430 1551 491 portum,
1575 428 1631 475 et
1664 433 1849 473 rursus
1886 418 2032 472 inve-

444 522 524 576 nit
545 520 766 573 ﬂuctus:
787 517 929 571 venit
957 523 1236 583 acceptura
1259 512 1611 576 medicamen,
1636 511 1731 565 sed
1758 509 1934 564 addita
1951 517 2035 563 est

446 612 761 681 probrorum
788 608 965 679 plaga,
986 621 1089 675 qua
1119 604 1309 659 vulnus
1335 611 1621 666 cresceret,
1654 601 1850 656 nedum
1880 614 2034 653 cura-

447 699 785 759 retur.Scitis
801 699 943 757 enim
961 700 1037 767 (a)
1053 695 1319 766 quomodo
1334 694 1495 748 animi
1527 702 1814 748 maerentes
1843 691 2031 744 adver-

457 808 549 847 sus
593 790 942 847 contumelias
970 798 1021 844 et
1047 788 1281 842 convicia
1331 788 1437 839 sint
1478 784 1670 841 afl‘ecti.
1703 784 1850 838 Sicut
1889 782 2032 837 enim

446 883 639 940 acerba
684 883 904 937 vulnera
928 897 994 936 ne
1032 880 1204 935 levem
1249 878 1463 947 quidem
1506 892 1692 931 manus
1730 883 2033 929 contactum

445 977 627 1031 ferunt
656 992 670 1027 :
697 974 775 1028 sic
800 983 855 1027 et
880 972 1091 1027 animus
1118 970 1452 1040 perturbatus
1476 982 1537 1021 ac
1568 981 1812 1021 morosus
1828 965 1893 1018 ad
1914 979 2032 1018 om-

449 1068 535 1120 nia
568 1065 871 1133 indignatur
909 1062 1120 1130 levique
1146 1060 1309 1114 verbo
1349 1058 1621 1113 mordetur
1647 1067 1701 1111 et
1728 1055 2032 1110 oﬂ‘enditur.

447 1156 643 1212 \‘erum
676 1156 777 1210 hoc
799 1170 902 1208 non
929 1153 1119 1207 accidit
1144 1152 1263 1205 huic
1294 1150 1520 1216 mulieri,
1553 1165 1620 1203 ne
1652 1160 1759 1202 tum
1791 1147 2031 1218 quidem,

452 1265 575 1303 cum
604 1264 633 1302 a
678 1263 843 1318 puero
882 1246 1139 1300 conviciis
1184 1254 1466 1313 peteretur.
1517 1242 1648 1296 Nam
1698 1240 1741 1294 si
1788 1240 2037 1295 sacerdos

448 1341 637 1397 fuisset
656 1338 1004 1403 conviciatus,
1028 1352 1135 1390 non
1154 1344 1266 1389 erat
1292 1332 1510 1403 perinde
1538 1332 1775 1386 miranda
1802 1331 2039 1385 toleran-n

451 1436 529 1490 tia
557 1451 571 1487 :
598 1433 871 1502 dignitatis
907 1431 1102 1501 quippe
1132 1426 1458 1497 magnitudo,
1486 1440 1549 1479 ac
1576 1424 1914 1493 magistratus
1941 1439 2037 1476 au-

447 1527 670 1582 ctoritas
693 1524 777 1578 vel
808 1523 1022 1577 invitam
1061 1522 1203 1575 illam
1235 1518 1577 1586 compulisset
1601 1516 1668 1570 ad
1696 1514 2029 1569 modestiam.

448 1617 602 1673 Nune
628 1630 755 1670 vero
782 1630 877 1668 nec
897 1613 1149 1667 adversus
1179 1609 1474 1664 sacerdotis
1505 1623 1727 1677 puerum
1769 1606 2035 1676 indignata

448 1717 533 1762 est
560 1726 573 1762 :
603 1721 709 1777 quo
737 1705 902 1773 magis
925 1705 1082 1758 etiam
1114 1702 1212 1755 sibi
1241 1699 1544 1754 conciliavit
1575 1700 1757 1753 Deum.
1790 1697 1878 1752 Sic
1905 1712 2039 1766 quo-

452 1803 553 1855 ties
592 1799 895 1869 opprobriis
936 1798 1183 1866 milleque
1232 1796 1385 1849 malis
1429 1793 1624 1860 allecti,
1674 1794 2038 1847 convicianles

450 1908 711 1963 generoso
739 1892 957 1946 ferimus
988 1890 1186 1955 animo,
1210 1888 1465 1957 majorem
1500 1887 1652 1940 nobis
1677 1901 1707 1939 a
1736 1886 1849 1939 Deo
1875 1884 2038 1938 bene-

449 1987 735 2042 volentiam
766 1985 1127 2053 conciliamus.

525 2075 812 2130 Toierantia
839 2075 1173 2128 conviciorum
1205 2073 1401 2126 occasio
1428 2071 1591 2123 meriti
1621 2067 1826 2121 Davidi.
1859 2099 1929 2107 —
1962 2068 2027 2121 Et

402 2160 410 2178 τ
454 2168 597 2223 unde
625 2167 725 2221 hoc
764 2167 962 2234 liquet?
992 2165 1067 2217 Ex
1109 2163 1190 2217 his
1232 2178 1351 2232 quae
1394 2176 1623 2215 evenere
1660 2158 1862 2213 Davidi.
1906 2158 2040 2226 Quid
2094 2224 2095 2227 η

453 2272 632 2315 autem
665 2260 740 2314 illi
767 2258 983 2314 evenit?
1030 2256 1313 2309 Exsulabat
1358 2252 1640 2323 aliquando
1683 2266 1713 2305 e
1742 2252 1930 2321 patria,
1965 2252 2041 2304 si-

456 2351 569 2406 mul
594 2360 647 2405 et
672 2350 738 2404 de
768 2350 1009 2402 libertate
1029 2357 1081 2402 et
1110 2347 1214 2399 vita
1246 2360 1343 2399 sua
1374 2344 1698 2413 periclitans,
1730 2352 1784 2395 et
1809 2342 2040 2395 exercitu

456 2445 714 2498 adversus
751 2443 1188 2507 intemperantem
1219 2438 1365 2490 illum
1390 2437 1639 2504 juvenem
1673 2445 1953 2505 tyrannum
1980 2450 2043 2488 ac

456 2533 776 2603 parricidam
808 2533 1080 2593 instructo,
1109 2528 1321 2584 errabat
1348 2528 1398 2581 in
1421 2527 1646 2582 desertis
1672 2526 1743 2597 (9..
1771 2526 1897 2597 Rrg.
1926 2526 2038 2594 l6):

458 2640 559 2680 nec
602 2634 778 2678 tamen
836 2621 1132 2689 indignatus
1191 2628 1294 2684 est,
1343 2636 1438 2674 nec
1484 2619 1763 2686 despondit
1808 2619 2041 2673 animum

461 2716 603 2787 apud
635 2716 824 2778 Deum,
856 2730 1025 2784 neque
1045 2714 1177 2768 dixit
1207 2732 1220 2767 :
1253 2713 1388 2780 Quid
1430 2712 1639 2766 tandem
1690 2712 1792 2767 hoc
1819 2712 1896 2767 rei
1924 2712 2043 2766 est?

461 2809 705 2881 permisit
750 2818 805 2861 ut
838 2807 974 2860 lilius
1013 2806 1307 2874 insurgeret
1345 2804 1606 2859 adversus
1645 2803 1825 2869 illum,
1866 2818 1896 2856 a
1940 2818 2045 2872 quo

461 2903 671 2973 genitus
698 2899 928 2968 est:qui
953 2896 1160 2952 etiamsi
1202 2896 1328 2966 quid
1372 2895 1612 2960 haberet,
1657 2894 1725 2949 de
1766 2910 1873 2965 quo
1903 2896 2047 2964 juste

462 2994 615 3064 queri
665 3001 865 3063 posset,
904 3006 1009 3043 non
1048 2987 1284 3057 Oportuit
1332 2997 1507 3044 tamen
1561 2988 1613 3041 id
1658 2987 1875 3042 facere:
1906 3004 2046 3041 nunc

463 3103 591 3141 vero
618 3101 714 3140 nec
744 3086 794 3139 in
821 3100 984 3154 parvo
1013 3098 1111 3137 nec
1138 3085 1191 3135 in
1218 3098 1410 3151 magno
1439 3082 1595 3137 lzesus
1622 3098 1652 3136 a
1684 3084 1837 3137 nobis
1862 3083 2045 3137 obam-

465 3180 634 3244 bulat,
657 3178 874 3247 cupiens
898 3176 1136 3230 dextram
1169 3185 1385 3243 paterno
1413 3174 1671 3244 sanguine
1709 3175 1966 3243 polluere,
1993 3185 2048 3229 ct

467 3271 609 3327 Deus
630 3270 745 3327 hazc
770 3268 953 3324 videns
979 3266 1190 3336 patitur.
1222 3266 1325 3320 Sed
1357 3265 1485 3319 nihil
1518 3270 1703 3319 horum
1729 3266 1881 3321 dixit.
1908 3266 2046 3332 Quin

468 3362 607 3432 quod
630 3362 866 3433 profecto
894 3360 1062 3427 majus
1091 3369 1171 3411 est
1198 3369 1251 3413 et
1286 3358 1666 3423 admirabilius,
1703 3369 1967 3412 errantem
1994 3368 2048 3413 et

470 3453 703 3522 undique
749 3452 1025 3521 expulsum
1075 3450 1250 3505 Semei
1302 3449 1516 3519 quidam
1566 3451 1643 3502 vir
1686 3450 1957 3519 improbus
1986 3465 2048 3504 ac

470 3549 727 3602 scelestus
772 3546 1057 3600 insectatus
1085 3552 1187 3605 est,
1241 3542 1528 3597 homicidio
1572 3542 1826 3612 pollutum
1870 3554 1921 3597 et
1950 3544 2049 3597 im-

469 3640 615 3713 pium
664 3638 933 3707 appellans
979 3636 1202 3705 aliisque
1247 3634 1539 3688 innumeris
1582 3634 1836 3689 conviciis
1882 3635 2048 3704 impe-

473 3742 591 3785 tens
615 3746 630 3785 :
658 3738 712 3783 at
738 3743 803 3783 ne
824 3729 901 3783 sic
924 3726 1136 3797 quidem
1163 3726 1261 3780 fuit
1291 3734 1652 3797 exasperatus.
1677 3724 1829 3793 Quod
1859 3726 1904 3779 si
1930 3727 2048 3795 quis

472 3820 700 3877 dixerit:
733 3819 867 3886 Quid
909 3818 1100 3873 mirum
1130 3820 1176 3872 sl
1210 3832 1318 3870 non
1364 3816 1509 3870 ultus
1534 3825 1635 3881 est,
1684 3831 1801 3870 cum
1835 3826 2048 3885 propter

473 3913 883 3970 imbecillitatem
928 3911 1216 3965 ulciscendi
1264 3917 1581 3979 potestatem
1624 3923 1730 3962 non
1790 3907 2048 3962 haberet?

476 4006 704 4076 primum
735 4004 860 4061 illud
890 4004 1151 4058 dixerim:
1183 4016 1287 4056 non
1324 4000 1541 4069 perinde
1577 4000 1801 4054 mirarer
1829 4016 1971 4063 eum,
2003 4001 2047 4054 si

474 4097 716 4153 diadema
743 4103 953 4163 gestans
978 4103 1032 4147 et
1061 4109 1223 4162 regno
1249 4093 1476 4162 potiens,
1511 4092 1671 4161 inque
1697 4091 1829 4145 solio
1854 4092 2047 4147 sedens

475 4188 857 4243 conviciamem
889 4184 1211 4255 pertulisset,
1243 4195 1301 4237 ut
1342 4199 1481 4239 nunc
1520 4184 1666 4238 illum
1706 4192 1759 4238 et
1786 4184 1964 4249 laudo,
1995 4195 2049 4239 et

477 4277 710 4333 admiror
753 4285 987 4344 tempore
1029 4274 1344 4329 calamitatis
1392 4273 1870 4344 philosophantem.
1914 4274 2047 4329 Nam

479 4370 587 4425 illic
614 4377 666 4421 et
693 4368 899 4441 imperii
927 4365 1251 4436 magnitudo,
1283 4376 1338 4421 et
1376 4366 1720 4420 conviciantis
1748 4366 1920 4419 vilitas
1947 4382 2049 4420 sa:-

474 4476 543 4530 pe
573 4458 851 4530 persuasit,
878 4465 936 4511 ut
962 4456 1335 4512 contumeliam
1369 4457 1676 4524 negligeret.
1705 4457 1851 4510 Multi
1892 4473 2047 4526 reges

473 4548 778 4615 frequenter
796 4545 1019 4603 similem
1044 4546 1205 4600 animi
1227 4544 1642 4603 moderationem
1666 4548 2047 4615 przestiterunt,

471 4637 560 4705 qui
591 4636 851 4706 insignem
874 4638 1280 4694 conviciantium
1308 4636 1566 4691 insaniam
1602 4647 1923 4705 acceperunt
1952 4653 2047 4705 pro

472 4729 835 4791 excusatione.
866 4726 1044 4797 Neque
1069 4729 1208 4781 enim
1241 4744 1390 4796 a-que
1422 4745 1518 4782 nos
1549 4729 1603 4782 in
1629 4745 1804 4782 rerum
1830 4745 2043 4798 prOSpe-

470 4817 627 4876 ritate
652 4826 809 4885 atque
852 4817 905 4871 in
940 4819 1177 4874 adversis
1218 4819 1499 4889 opprobria
1540 4820 1786 4875 mordere
1820 4823 1993 4875 solent
2031 4839 2045 4876 :

470 4908 565 4964 sed
591 4908 677 4963 ubi
701 4909 1046 4977 concidimus,
1079 4920 1202 4970 tunc
1231 4911 1397 4979 magis
1434 4919 1673 4980 pungunt
1700 4926 1817 4975 nos,
1842 4911 2045 4965 acrius-

468 5015 575 5069 que
605 5000 853 5063 mordent
877 5002 1134 5057 convieia.
1165 5001 1239 5058 De
1282 5001 1384 5057 hoc
1427 5018 1585 5069 porro
1613 5000 1756 5055 aliud
1797 5000 2046 5071 quiddam

469 5091 595 5146 licet
620 5091 835 5158 addere,
864 5092 1107 5155 videlicet
1134 5092 1278 5162 quod
1313 5094 1386 5147 illi
1432 5093 1597 5147 fuerit
1648 5095 1700 5148 in
1742 5110 1900 5148 manu
1929 5094 2047 5150 vin.-

470 5182 667 5241 dictam
697 5196 931 5247 sumere,
966 5200 1063 5239 nec
1091 5185 1398 5254 sumpserit.
1446 5187 1619 5253 Atque
1647 5186 1719 5239 uti
1760 5186 2047 5255 perspicias

467 5288 586 5327 eam
617 5273 781 5327 animi
811 5276 1225 5330 moderationem
1251 5292 1357 5329 non
1384 5275 1544 5330 fuisse
1574 5276 1919 5345 impotentiae,
1952 5278 2047 5332 sed

470 5365 757 5434 patientiaz,
803 5380 924 5417 cum
978 5356 1029 5420 id
1071 5367 1173 5420 dux
1224 5368 1489 5422 exercitus
1531 5376 1748 5436 cuperet
1775 5368 1874 5421 sibi
1904 5385 2048 5423 com-

470 5458 631 5523 mitti,
677 5467 734 5512 ut
775 5456 843 5512 ad
885 5459 1268 5515 conviciantem
1316 5460 1585 5525 transiret,
1633 5460 1851 5530 ejusque
1890 5473 2048 5531 caput

533 5615 605 5674 (a)
637 5621 734 5663 Hoc
756 5614 983 5677 probrum
1017 5614 1234 5677 intulisse
1278 5616 1449 5665 dicitur
1485 5615 1623 5664 matri
1663 5612 1893 5663 Samuelis
1923 5629 2046 5676 puer

470 5676 577 5739 sive
598 5675 770 5724 servus
792 5675 893 5739 Heli
916 5676 1181 5739 secundum
1205 5683 1311 5725 Lxx
1354 5684 1669 5739 tnterpretes.
1696 5682 1750 5739 At
1772 5678 1819 5725 in
1844 5675 2045 5727 Hebraeo

475 5742 524 5788 et
546 5738 595 5788 in
614 5740 810 5802 Vulgata
832 5737 937 5801 ipse
954 5736 1055 5787 tteli
1078 5735 1209 5786 solus
1233 5738 1467 5789 inducitur
1486 5735 1671 5787 'Annam
1694 5738 1965 5801 increpans.

1173 307 1231 363 S.
1269 304 1546 365 JOANNIS
1581 297 2058 359 CHRYSOSTOMI
2098 296 2414 351 ARCHIEP.
2454 295 2989 354 CONSTANTINOP.

3608 298 3715 355 6.58

2138 423 2461 483 amputaret,
2495 431 2599 469 non
2642 415 2815 469 solum
2864 429 2969 470 non
3021 416 3262 484 permisit
3308 415 3494 485 David,
3545 431 3729 473 verum

2138 506 2298 561 etiam
2352 505 2654 575 indignatus
2698 516 2800 572 est,
2849 507 3070 561 dicens:
3106 506 3241 573 Quid
3280 508 3405 561 mihi
3428 515 3612 570 tecum,
3656 511 3737 575 ﬁli

2140 596 2378 650 Sarviaz?
2418 596 2584 650 Sinite
2626 596 2774 651 illum
2816 599 3127 663 maledicere,
3174 609 3229 651 ut
3276 600 3438 652 videat
3479 599 3735 654 Dominus

2141 687 2477 740 humilitatem
2503 704 2683 753 meam,
2724 700 2771 742 et
2800 688 2979 742 reddat
3003 690 3128 742 mihi
3158 690 3290 743 bona
3331 708 3423 760 pro
3454 692 3737 746 maledictis

2140 779 2293 847 hujus
2332 779 2383 831 in
2418 780 2498 833 die
2535 781 2629 833 hoc
2664 780 2742 850 (2.
2780 779 2907 852 Reg.
2945 781 3032 836 i6.
3082 782 3171 847 12)
3201 800 3216 837 :
3247 783 3392 853 quod
3424 782 3645 854 quidem
3679 795 3739 838 et.

2148 881 2320 925 th‘nll
2331 914 2343 926 .

2210 964 2263 1017 4.
2295 963 2428 1017 Vide
2451 964 2655 1033 justum
2696 965 3023 1021 intellexisse
3066 982 3257 1034 magno
3299 968 3478 1022 animo
3522 969 3735 1037 perpeti

2141 1057 2400 1122 convicia,
2434 1058 2771 1113 occasionem
2798 1073 2919 1114 esse
2956 1058 3314 1127 adipiscenda:
3341 1062 3523 1128 gloria:
3540 1062 3562 1113 ξ’
3582 1061 3739 1118 Hanc

2141 1147 2209 1203 ob
2234 1162 2448 1203 causam
2494 1148 2710 1203 Saﬁlem
2756 1149 3040 1218 aliquando
3078 1162 3264 1206 nactus
3293 1151 3432 1206 inter
3458 1155 3738 1222 geminum

2144 1242 2420 1310 parietem,
2449 1256 2571 1296 cum
2597 1250 2741 1296 esset
2764 1240 3038 1296 occidendi
3078 1241 3318 1309 facultas,
3348 1247 3610 1314 pepercit,
3656 1246 3741 1298 id-

2141 1348 2265 1401 que,
2293 1348 2414 1387 cum
2459 1334 2683 1387 comites
2725 1333 3083 1397 hortarentur,
3117 1343 3175 1388 ut
3212 1335 3387 1403 gladio
3415 1336 3738 1391 conroderet

2143 1424 2222 1493 (1.
2253 1423 2381 1495 Reg.
2411 1423 2523 1493 24).
2557 1424 2664 1480 Sed
2709 1440 2882 1495 neque
2910 1434 3015 1479 tam
3050 1436 3290 1494 prompta
3328 1426 3608 1482 occidendi
3655 1428 3737 1482 [ιιι

2142 1516 2331 1577 cultas.
2361 1530 2533 1586 neque
2556 1515 2808 1569 comitum
2834 1516 2921 1586 qui
2946 1516 3170 1571 aderant
3198 1517 3525 1585 provocatio,
3555 1533 3737 1586 neque

2144 1607 2425 1660 multarum
2479 1606 2815 1673 injuriarum,
2860 1621 2992 1674 quas
3036 1623 3322 1677 perpessus
3358 1608 3556 1673 fuerat,
3614 1625 3737 1663 me-

2144 1690 2334 1757 moria,
2364 1704 2536 1760 neque
2562 1690 2803 1759 graviora
2831 1691 3062 1759 patiindi
3094 1692 3409 1761 periculum,
3455 1694 3520 1746 ad
3565 1695 3732 1747 strin-

2145 1782 2370 1849 gendum
2400 1782 2628 1850 gladium
2659 1781 2807 1834 illum
2839 1781 3118 1850 impellere
3159 1794 3445 1851 potuerunt
3475 1803 3486 1837 :
3521 1786 3734 1838 tametsi

2146 1889 2317 1941 neque
2343 1873 2599 1927 exercitui
2628 1870 2941 1929 manifestus
2975 1871 3243 1927 homicidii
3276 1873 3481 1929 futurus
3520 1886 3658 1940 erat,
3687 1877 3738 1929 si

2144 1964 2345 2017 cit-dem
2377 1964 2517 2016 illam
2546 1973 2807 2031 patrasset
2837 1982 2851 2017 :
2878 1963 3138 2032 siquidem
3182 1965 3431 2031 spelunca
3471 1976 3605 2024 erat.
3636 1982 3738 2019 nec

2146 2053 2284 2106 ullus
2330 2054 2465 2107 alius
2504 2053 2688 2107 aderat
2727 2054 2825 2123 (α),
2865 2055 2964 2108 ηῗεί
3008 2056 3119 2124 ipse
3170 2057 3334 2109 solus.
3380 2054 3561 2125 Neque
3599 2055 3739 2111 dixit

2145 2144 2285 2211 quod
2336 2145 2595 2214 quisniaai
2647 2145 2966 2199 adulterimn
3032 2147 3412 2200 commissurus
3460 2148 3673 2201 dicebat
3718 2166 3732 2199 :

2146 2234 2383 2289 Tenebra:
2406 2237 2595 2288 circum
2625 2252 2702 2289 me
2732 2245 2781 2289 et
2801 2237 2950 2301 muri,
2973 2238 3094 2303 quid
3116 2239 3264 2290 timeo
3287 2236 3469 2310 (Eccli.
3500 2237 3591 2291 23.
3610 2237 3739 2304 26)?

2146 2326 2239 2380 sed
2272 2328 2569 2381 insomnem
2599 2328 2811 2381 oculum
2849 2329 3140 2397 spectabat,
3171 2337 3223 2382 et
3264 2330 3468 2383 sciebat
3516 2330 3737 2384 inlinitis

2147 2418 2388 2489 partibus
2428 2417 2816 2488 splendidiores
2858 2433 2977 2473 esse
3017 2417 3128 2475 sole
3173 2420 3380 2473 Domini
3410 2420 3615 2473 oculos.
3646 2421 3737 2473 ld-

2148 2510 2291 2563 circo
2336 2510 2413 2563 sic
2452 2510 2629 2563 omnia
2661 2508 2850 2579 agebat
2877 2516 2931 2563 et
2959 2510 3273 2578 loquebatur
3314 2521 3580 2579 tamquam
3621 2511 3736 2579 ipse

2148 2612 2431 2670 pra-settle,
2456 2610 2510 2656 et
2527 2602 2595 2655 de
2624 2602 2687 2656 iis
2716 2618 2835 2672 quae
2864 2601 3200 2668 dicebantur,
3226 2603 3483 2671 judicium
3509 2605 3735 2658 ferente.

2149 2694 2238 2747 Ait
2258 2709 2403 2764 ergo,
2433 2693 2554 2747 Non
2579 2694 2797 2763 inferam
2834 2710 3039 2748 manum
3071 2710 3231 2749 meam
3261 2696 3311 2747 in
3342 2697 3582 2748 Christum
3625 2696 3735 2749 Do-

2148 2786 2272 2839 mini
2296 2787 2369 2856 (1.
2396 2784 2522 2856 Reg.
2552 2786 2642 2842 24.
2675 2784 2752 2858 7).
2787 2785 2905 2840 Non
2932 2786 3162 2855 respicio
3192 2786 3611 2857 improbitatem,
3639 2786 3740 2840 sed

2150 2878 2375 2947 respicio
2416 2878 2748 2946 dignitatem.
2794 2876 2977 2947 Neque
3014 2876 3146 2931 mihi
3174 2877 3316 2930 dicat
3355 2877 3547 2946 aliquis
3587 2878 3749 2937 illum

2150 2984 2269 3022 esse
2298 2969 2585 3022 violentum
2635 2982 2698 3022 ac
2740 2966 3001 3021 nefarium
3034 2985 3046 3018 :
3078 2983 3177 3037 ego
3206 2966 3351 3020 enim
3391 2967 3483 3021 Dei
3530 2968 3740 3021 calculo

2152 3062 2409 3115 honorem
2432 3060 2637 3126 defero,
2664 3060 2904 3129 quamvis
2935 3059 3185 3129 indignus
3211 3060 3311 3112 iste
3330 3059 3592 3112 videatur.
3624 3059 3740 3113 Non

2148 3154 2291 3206 enim
2322 3167 2496 3207 meum
2525 3152 2733 3206 esthoc
2758 3152 2984 3216 crimen,
3028 3151 3167 3220 quod
3200 3152 3283 3204 hic
3309 3149 3519 3206 honore
3559 3152 3741 3206 videa-

2152 3249 2235 3295 tur
2286 3236 2551 3310 indignus.
2609 3240 2845 3296 Audiant
2881 3241 2972 3311 qui
3019 3240 3325 3295 sacerdotes
3361 3253 3745 3310 aspernantur,

2149 3334 2356 3388 discant
2403 3343 2654 3403 quantam
2702 3333 2788 3389 hic
2833 3336 2942 3403 regi
2993 3335 3348 3388 reverentiam
3408 3336 3741 3390 exhibuerit.

2150 3426 2387 3482 Tametsi
2413 3426 2583 3480 multo
2607 3426 2817 3496 dignior
2842 3436 2925 3481 est
2950 3427 3155 3480 honore
3180 3441 3243 3480 ac
3272 3428 3625 3481 veneratione
3652 3446 3740 3480 sa-

2149 3518 2360 3583 cerdos,
2387 3535 2544 3587 quam
2567 3534 2684 3582 rex,
2711 3528 2914 3589 quanto
2941 3518 3007 3571 ad
3037 3520 3295 3586 majorem
3333 3519 3494 3573 etiam
3523 3530 3744 3573 vocatus

2151 3621 2235 3667 est
2264 3611 2638 3681 principatum.
2692 3609 2908 3665 Discant
2953 3626 3059 3665 non
3105 3610 3365 3679 judicare,
3414 3627 3513 3664 nec
3552 3626 3745 3680 pinnas

2150 3705 2384 3772 exigere,
2415 3703 2508 3757 sed
2537 3702 2723 3771 subjici
2752 3716 2816 3757 ac
2843 3701 3057 3757 cedere.
3083 3701 3217 3755 Nam
3243 3714 3297 3755 tu
3324 3703 3542 3771 quidem
3574 3705 3741 3757 vitam

2151 3796 2442 3851 sacerdotis
2470 3796 2688 3850 minime
2716 3795 2875 3860 nosti,
2915 3796 3257 3864 quantumvis
3284 3794 3526 3862 abiectus
3555 3795 3651 3851 ille
3674 3797 3747 3852 sit

2151 3906 2212 3943 ac
2234 3889 2351 3943 vilis
2379 3905 2394 3941 :
2428 3888 2512 3941 hic
2538 3904 2666 3942 vero
2689 3898 2879 3943 cuneta
2910 3888 3076 3957 probe
3098 3897 3323 3941 noverat
3348 3904 3465 3957 qum
3490 3888 3616 3943 Saul
3646 3906 3741 3959 pa-

2153 3989 2317 4034 trarat
2346 3997 2360 4033 :
2393 3979 2736 4033 nihilominus
2764 3979 2841 4033 sic
2868 3978 3104 4033 delatum
3133 3979 3204 4031 illi
3245 3994 3274 4031 a
3317 3979 3427 4031 Deo
3473 3980 3743 4048 prineqm-

2153 4083 2265 4129 tum
2294 4072 2654 4128 reverebatur.
2708 4069 2859 4138 Quod
2902 4081 3100 4136 autem,
3148 4064 3397 4139 quamvis
3429 4084 3525 4125 cos
3574 4071 3753 4140 probe

2153 4165 2386 4231 noveris,
2416 4163 2567 4218 venia
2615 4173 2788 4217 tamen
2818 4173 2871 4216 et
2899 4163 3243 4217 excusatione
3283 4161 3528 4231 indignus
3571 4165 3669 4227 sis,
3699 4165 3741 4216 si

2152 4257 2491 4327 magistratus
2519 4265 2853 4321 contemnas,
2906 4270 3005 4309 nec
3050 4269 3235 4308 eorum
3275 4254 3431 4308 dictis
3458 4254 3742 4323 obtempe-

2155 4361 2261 4412 res,
2293 4346 2418 4400 audi
2445 4361 2551 4415 quo
2596 4355 2750 4415 pacto
2796 4344 2935 4399 hunc
2966 4345 3117 4399 nobis
3158 4354 3476 4414 prmtextum
3530 4362 3626 4416 per
3681 4363 3741 4402 ea

2151 4438 2399 4494 Christus
2422 4437 2693 4507 eripuerit,
2727 4452 2849 4506 quae
2867 4436 2923 4493 in
2943 4436 3232 4507 Evangelio
3255 4436 3421 4491 dixit:
3456 4437 3628 4505 Super
3653 4458 3740 4490 m-

2152 4529 2380 4582 thedram
2414 4527 2582 4598 Moysi
2634 4527 2865 4580 sederunt
2912 4527 3087 4578 scriba:
3132 4536 3178 4579 et
3222 4525 3475 4579 Pharisa‘i
3520 4543 3538 4579 :
3569 4530 3753 4579 omnia.

2151 4636 2269 4688 ergo
2294 4634 2620 4688 quwcumque
2661 4617 2876 4670 dixerint
2905 4616 3040 4670 vobis
3068 4618 3299 4686 facienda
3344 4618 3525 4686 facite;
3552 4634 3741 4671 secun-

2151 4711 2270 4762 dum
2296 4726 2410 4762 vero
2458 4725 2612 4777 opera
2639 4724 2810 4761 eorum
2853 4707 3006 4761 nolite
3037 4710 3199 4778 facere
3224 4705 3432 4767 (Matth.
3459 4705 3549 4762 23.
3577 4706 3633 4761 ‘2.
3661 4708 3737 4777 5}.

2154 4802 2385 4857 Videsne
2412 4817 2518 4872 quo
2540 4813 2691 4871 pacto
2714 4816 2940 4871 quorum
2979 4801 3113 4857 adeo
3136 4802 3409 4870 depravati
3436 4811 3592 4855 erant
3620 4818 3742 4855 mo-

2152 4910 2257 4958 res,
2292 4902 2348 4946 ut
2376 4892 2519 4964 digni
2555 4905 2754 4957 essent,
2784 4893 2871 4963 qui
2903 4909 2931 4944 a
2968 4893 3241 4961 discipulis
3277 4892 3740 4961 reprehenderem

2153 4997 2257 5053 tur,
2286 5002 2471 5043 eorum
2494 4997 2669 5041 tamen
2694 4985 3119 5040 adhortationem
3152 5000 3258 5038 non
3287 4995 3603 5054 aspernatus
3632 4995 3740 5052 est,

2152 5095 2324 5150 neque
2352 5079 2647 5133 doctrinam
2675 5078 2892 5145 rejecit?
2922 5077 3045 5131 llaec
3065 5090 3172 5139 non
3210 5090 3278 5131 eo
3304 5076 3445 5140 dico,
3477 5075 3622 5145 quod
3648 5091 3706 5130 sa

2152 5171 2397 5225 cerdotes
2425 5169 2585 5224 velim
2630 5184 2884 5223 accusare
2927 5187 2939 5221 :
2978 5168 3143 5233 absit;
3184 5167 3448 5237 siquidem
3485 5183 3583 5222 vos
3610 5184 3738 5222 cou-

2153 5262 2467 5318 versationis
2492 5277 2556 5316 ac
2579 5260 2790 5331 pietatis
2812 5277 2997 5315 eorum
3020 5268 3181 5314 testes
3215 5260 3379 5324 estis;
3408 5260 3503 5315 sed
3533 5272 3589 5314 ut
3617 5259 3737 5315 lon-

2152 5372 2218 5427 ge
2240 5356 2498 5425 majorem
2551 5354 2654 5408 illis
2696 5353 3049 5409 reverentiam
3090 5360 3144 5406 et
3184 5352 3445 5405 honorem
3472 5348 3730 5407 exhibea-

2154 5464 2291 5504 mus.
2318 5449 2502 5519 Neque
2531 5449 2675 5504 enim
2715 5447 2849 5502 adeo
2884 5447 2933 5500 in
2967 5446 3104 5509 illos,
3156 5452 3316 5511 atque
3365 5444 3417 5497 in
3469 5461 3566 5496 nos
3592 5444 3736 5511 ipsos

2155 5542 2354 5596 utilitas
2380 5540 2688 5595 dimanabit.
2738 5539 2836 5604 Qui
2861 5538 3033 5603 recipit
3072 5551 3201 5605 ergo
3231 5536 3529 5605 prophetam
3556 5537 3608 5586 in
3653 5550 3735 5587 no~

2212 5676 2285 5736 (α)
2318 5676 2484 5724 Nescio
2505 5688 2589 5723 cur
2608 5674 2733 5722 dicat
2754 5671 2937 5721 nullum
2956 5670 3099 5718 alium
3122 5669 3363 5726 adfuisse;
3381 5667 3583 5718 aderant.
3603 5679 3745 5718 enim

2153 5739 2303 5802 ipsius
2323 5738 2509 5787 Davidis
2529 5736 2723 5796 milites,
2748 5742 2975 5783 narrante
2997 5736 3253 5795 scriptura.
