4028 6360
323 382 326 384 τ
337 353 445 411 647

341 470 690 541 ἐπετίμησεν.
744 471 954 542 Ἐφυγε
999 467 1092 522 τὸν
1134 467 1272 522 οἴκοι
1320 464 1597 537 χειμῶνα,
1641 456 1804 531 ἦλθεν
1843 455 1921 518 είς

341 561 572 632 λιμένα,
609 560 705 613 καὶ
734 560 958 630 κύματα
1011 558 1177 612 πάλιν
1227 548 1417 627 εὗρεν·
1456 549 1590 624 ἦλθε
1632 549 1924 620 φάρμακον

339 649 544 709 Ααϐεῖν.
589 651 622 720 ἠ
668 650 727 704 δὲ
763 650 823 702 00
851 648 1010 720 μόνον
1035 649 1136 701 οὐκ
1170 645 1384 706 ἐλαϐεν,
1418 641 1557 696 ἀλλά
1587 640 1681 694 καὶ
1711 638 1925 708 πληγὴν

338 737 426 790 διὰ
467 737 575 790 τῶν
608 735 825 790 ὀνειδῶν
855 737 1290 807 προσεκτήσατο,
1327 733 1424 786 καὶ
1449 730 1510 784 τὸ
1535 729 1691 790 ἓλκος
1725 725 1924 797 μᾶλλον

338 824 404 878 δι’
431 824 611 877 αὐτῶν
642 825 971 892 ἀνεξαίνετο.
1001 827 1143 877 Ἰστε
1177 822 1286 893 γὰρ
1314 821 1432 884 πῶς
1452 832 1478 860 ιι
1505 819 1561 871 αἱ
1592 815 1924 885 ὀδυνώμεναι

338 911 508 983 ψυχαὶ
532 914 670 983 πρὸς
701 913 798 977 τὰς
831 913 1098 984 λοιδορίας
1123 913 1218 966 καὶ
1251 911 1353 974 τὰς
1386 909 1572 980 ὕϐρεις
1601 907 1920 959 διάκεινται.

338 998 602 1072 Καθάπερ
631 1001 739 1072 γὰρ
777 1002 848 1056 τὰ
882 1002 1103 1072 μείζονα
1138 1000 1246 1055 τῶν
1278 997 1632 1072 τραυμάτων,
1667 995 1728 1048 00
1773 992 1868 1062 τὴν
1895 992 1921 1031 b

335 1088 606 1158 τυχοῦσαν
643 1091 902 1162 ἐπιϐολὴν
949 1093 1049 1163 τῆς
1101 1091 1286 1162 χειρὸς
1335 1089 1670 1159 ἀνεχόμενα,
1705 1083 1924 1154 χείρονα

337 1175 579 1244 γίνεται·
617 1177 758 1231 οὕτω
789 1181 884 1233 καλ⁸
910 1181 942 1249 ἡ
971 1179 1118 1250 ψυχὴ
1162 1176 1544 1248 τεταραγμένη
1591 1170 1922 1242 δυσάρεστός

337 1261 401 1317 τὲ
430 1265 567 1327 ἐστι,
591 1266 685 1319 καὶ
727 1266 866 1336 πρὸς
910 1267 1126 1321 ἅπαντα
1155 1265 1520 1336 δυσχεραίνει,
1564 1264 1660 1317 καὶ
1686 1261 1790 1314 ὑπὸ
1828 1259 1921 1312 τοῦ

337 1352 588 1422 τυχόντος
611 1354 862 1409 δάκνεται
887 1357 1151 1426 ῥήματος.
1176 1355 1314 1407 Ἀλλ²
1335 1354 1484 1423 ὅμως
1506 1351 1658 1405 οὐδὲν
1681 1349 1922 1404 τοιοῦτον

337 1437 539 1494 ἔπαθεν
566 1443 600 1512 ἡ
625 1441 783 1513 γυνὴ,
808 1443 901 1495 καλ⁵
931 1442 1124 1503 ταῦτα,
1153 1443 1248 1496 τοῦ
1271 1441 1459 1504 παιδὸς
1484 1438 1918 1510 λοιδορουμένου.

336 1527 399 1578 Εἰ
426 1529 526 1596 μὲν
552 1523 645 1582 οῦν
670 1531 698 1584 ὀ
722 1530 900 1601 ἱερεὺς
922 1525 989 1600 ἦν
1012 1531 1040 1583 ὀ
1065 1528 1328 1600 ὑϐρικὼς,
1349 1529 1447 1598 οὐχ
1473 1526 1616 1580 οῦτω
1633 1522 1921 1594 θαυμαστὴ

333 1609 466 1685 ἦνή
519 1616 876 1684 ἀνεξικακία·
927 1619 989 1670 τὸ
1031 1618 1142 1688 γὰρ
1175 1616 1405 1688 μέγεθος
1449 1615 1544 1668 τοῦ
1587 1613 1918 1684 ἀξιώματος,

334 1701 429 1754 καὶ
457 1705 484 1756 ό
524 1704 624 1774 τῆς
663 1705 839 1775 ἀρχῆς
893 1705 1056 1774 ὄγκος
1093 1705 1188 1757 καὶ
1234 1703 1472 1757 ἄκουσαν
1516 1701 1684 1772 αὐτὴν
1734 1699 1917 1753 ἔπειθε

336 1794 655 1861 σωφρονεῖν.
675 1793 810 1846 Νυνὶ
836 1793 894 1847 δέ
921 1794 1041 1846 οὐδὲ
1068 1793 1203 1864 πρὸς
1223 1792 1284 1845 τὸ
1307 1791 1590 1861 παιδάριον
1613 1789 1704 1843 τοῦ
1731 1790 1920 1860 ἱερέως

325 1877 658 1949 ’ἐδυσχέρανε
679 1896 692 1912 ·
717 1881 805 1934 διὰ
824 1879 982 1934 τοῦτο
1002 1881 1096 1934 καὶ
1123 1879 1321 1951 μᾶλλον
1341 1879 1433 1932 τὸν
1448 1878 1581 1932 Θεὸν
1601 1879 1678 1941 είς
1706 1877 1918 1929 εὔνοιαν

331 1965 708 2021 ἐπεσπάσατο.
741 1968 900 2021 Οὕτω
931 1971 1024 2022 καὶ
1049 1971 1211 2041 ἡμεῖς
1236 1967 1302 2022 ἂν
1331 1965 1732 2038 λοιδορηθέντες
1751 1975 1799 2029 ο,
1824 1963 1917 2016 καὶ

335 2052 506 2126 μυρία
549 2055 818 2120 παθόντες
869 2055 1050 2122 δεινὰ,
1088 2057 1216 2119 τοὺς·
1262 2055 1617 2119 ὀνειδίζοντας
1663 2053 1916 2125 φέρωμεν

330 2143 628 2207 γενναίως,
665 2143 888 2214 μείζονα
930 2143 1086 2218 παρά
1111 2143 1206 2198 τοῦ
1248 2143 1383 2198 Θεοῦ
1411 2145 1510 2215 τὴν
1552 2141 1764 2195 εῦνοιαν
1796 2141 1915 2193 ἐπι-

335 2229 680 2299 σπασόμεθα.

402 2316 572 2369 Πόθεν
589 2317 747 2372 τοῦτο
774 2319 964 2390 δῆλον;
989 2320 1122 2374 Ἀπὸ
1143 2320 1253 2374 τῶν
1279 2317 1359 2390 τῷ
1381 2317 1544 2372 Δαυῒδ
1569 2317 1912 2388 συμϐάντων.

329 2403 395 2456 Τί
423 2404 487 2476 δὴ
516 2401 611 2459 οὖν
628 2399 784 2471 οὗτος
806 2408 1011 2462 ἔπαθεν
1033 2427 1048 2473 ;
1079 2407 1336 2474 Ἐξέπεσέ
1361 2423 1493 2459 ποτε
1512 2407 1610 2476 τῆς
1633 2405 1911 2476 πατρίδος,

327 2495 582 2568 καὶπερὶ
617 2499 718 2568 τῆς
747 2499 1065 2571 ἐλευθερίας
1089 2500 1181 2553 καὶ
1213 2501 1314 2569 τῆς
1347 2496 1528 2568 ψυχῆς
1564 2497 1736 2566 αὐτῆς
1768 2497 1914 2548 ἐκιν-

326 2581 574 2648 δύνευσε,
614 2586 711 2639 καὶ
759 2586 852 2640 τοῦ
903 2585 1268 2659 στρατοπέδου
1309 2585 1448 2656 πρὸς
1483 2583 1577 2636 τὸν
1612 2584 1913 2637 ἀκόλαστον

327 2671 612 2726 νεανίσκον
651 2673 744 2726 τὸν
775 2674 1037 2746 τύραννον
1074 2676 1278 2728 ἐκεῖνον
1309 2675 1404 2728 καὶ
1447 2672 1782 2744 πατραλοίαν
1814 2689 1912 2742 με-

324 2758 724 2829 ταταξαμένου,
770 2761 1042 2815 ἐπλανᾶτο
1085 2762 1227 2816 κατὰ
1274 2760 1372 2832 τὴν
1406 2760 1632 2832 ἔρημον,
1683 2760 1775 2812 καὶ
1809 2759 1910 2812 οὐκ

323 2844 703 2918 ἐδυσχέρανεν,
736 2850 856 2903 οὐδὲ
887 2849 1303 2920 ἀπεδυσπέτησε
1328 2848 1465 2920 πρὸς
1488 2847 1580 2901 τὸν
1611 2848 1764 2911 Θεὸν,
1789 2848 1908 2900 οὐδέ

321 2929 476 2990 εἶπεν
508 2935 576 2988 Τί
601 2954 731 2990 ποτε
757 2938 915 2991 τοῦτό
942 2939 1090 3004 ἐστι;
1116 2936 1467 3007 συνεχώρησε
1497 2935 1574 3006 τῷ
1594 2935 1745 2989 παιδὶ
1771 2953 1908 2989 κατ-

321 3020 690 3094 ἐξαναστῆναι
713 3025 810 3078 τοῦ
847 3021 1276 3096 γεγεννηκότος;
1305 3023 1484 3076 καίτοι
1513 3024 1608 3076 καὶ
1633 3025 1681 3076 εἱ
1722 3024 1908 3076 δίκαια

322 3113 580 3180 ἐγκαλεῖν
609 3110 778 3184 εἶχεν,
815 3115 934 3168 ούδέ
963 3114 1107 3168 οὕτω
1149 3113 1309 3167 τοῦτο
1336 3113 1591 3182 γενέσθαι
1616 3113 1723 3166 ἔδει
1744 3132 1756 3144 ο
1789 3115 1907 3167 νυνὶ

319 3199 379 3254 δὲ
419 3200 481 3254 00
515 3202 732 3273 μικρὸν,
766 3202 826 3254 00
866 3202 1009 3273 μέγα
1050 3200 1381 3271 ἠδικημένος
1414 3201 1544 3271 παρ’
1581 3200 1758 3270 ἡμῶν,
1804 3219 1905 3253 πε-

321 3287 600 3362 ριέρχεται
636 3289 736 3360 τὴν
770 3288 950 3354 δεξιὰν
990 3288 1278 3360 ἐπιθυμῶν
1320 3287 1513 3357 αἵματι
1546 3286 1773 3358 μολῦναι
1804 3305 1906 3342 πα-

317 3373 522 3444 τρικῷ,
550 3376 647 3428 καὶ
676 3377 704 3429 ὀ
732 3376 865 3439 Θεὸς
893 3377 1146 3446 ἀνέχεται
1174 3374 1348 3429 ταῦτα
1377 3375 1539 3446 ὀρῶν.
1586 3373 1725 3427 Ἀλλ’
1753 3374 1905 3428 οὐδὲν

316 3459 525 3514 τούτων
546 3459 689 3516 εῑπε.
719 3464 846 3516 ,Καὶ
885 3463 947 3515 τὸ
973 3463 1039 3534 δὴ
1070 3465 1254 3534 μεῖζον
1303 3463 1399 3515 καὶ
1443 3461 1777 3532 θαυμαστὸν,
1821 3463 1903 3515 ὅτι

315 3547 682 3620 πλανωμένῳ,
738 3551 834 3604 καὶ
876 3552 1094 3605 πάντων
1143 3550 1546 3615 ἐκπεπτωκότι,
1587 3549 1783 3619 Σεμεεί
1819 3567 1904 3612 τις

315 3638 607 3709 ἄνθρωπος
639 3640 874 3712 πονηρὸς
903 3641 999 3694 καὶ
1045 3641 1240 3712 μιαρὸς
1272 3640 1499 3694 ἐπέθετο
1546 3640 1713 3710 αὐτῷ,
1752 3657 1903 3710 μιαι-

318 3725 479 3793 φόνον
500 3725 793 3780 ἀποκαλῶν
811 3727 905 3780 καὶ
921 3727 1117 3798 ἀσεϐῆ,
1150 3728 1244 3780 καὶ
1273 3728 1480 3797 ἑτέροις
1505 3728 1719 3800 μυρίοις
1739 3730 1902 3781 αὐτὸν

316 3812 538 3868 πλύνων
570 3815 826 3874 ὀνείδεσιν
849 3833 863 3848 ·
895 3818 924 3869 ὁ
960 3816 1018 3869 δὲ
1045 3816 1166 3870 ούδέ
1195 3815 1409 3880 οῦτωςά
1435 3816 1725 3887 ’ἡγρίανεν.
1756 3817 1816 3869 EE
1843 3816 1902 3870 δὲ

314 3900 466 3968 λέγοι
494 3921 611 3966 τις·
639 3904 748 3956 Ναὶ
775 3905 828 3957 τί
862 3904 1199 3975 θαυμαστὸν,
1227 3906 1310 3960 ὅτι
1339 3906 1439 3959 οὐκ
1465 3907 1708 3977 ἠμύνατο
1747 3905 1898 3979 [716]

315 3989 552 4060 ἀσθενὴς
580 3990 676 4055 ὢν,
715 3992 811 4045 καὶ
836 3994 936 4046 οὐκ
979 3994 1214 4063 ίσχύων;
1262 3993 1478 4065 πρῶτον
1509 3995 1608 4065 μὲν
1635 3996 1812 4048 ἐκεῖνο
1831 3995 1900 4048 ἂν

315 4077 551 4148 εἴποιμι,
575 4079 656 4132 ὅτι
674 4082 774 4151 οὐχ
800 4079 974 4142 οὕτως
994 4081 1158 4134 αὑτὸν
1180 4081 1467 4152 ἐθαύμασα
1496 4085 1544 4135 εἰ
1576 4082 1637 4136 τὸ
1663 4083 1899 4155 διάδημα

316 4166 412 4218 καὶ
439 4167 540 4237 τὴν
571 4167 853 4237 βασιλείαν
880 4169 1038 4239 ἔχων,
1074 4171 1168 4222 καὶ
1197 4171 1292 4223 ἐπὶ
1314 4171 1409 4223 τοῦ
1443 4171 1630 4242 θρόνου
1657 4173 1899 4243 καθήμε-

313 4269 424 4316 νος,
443 4249 561 4306 εἶτα
583 4255 990 4326 λοιδορούμενος
1008 4257 1259 4327 ἤνεγκεν,
1285 4257 1361 4321 ὡς
1386 4257 1481 4310 νῦν
1503 4259 1664 4310 αὑτὸν
1688 4259 1898 4312 ἐπαινῶ

313 4342 409 4394 καὶ
443 4342 820 4414 ἐκπλήττομαι
851 4345 908 4396 ἐν
936 4343 1013 4414 τῷ
1045 4343 1224 4415 καιρῴ
1248 4346 1346 4414 τῆς
1372 4346 1660 4416 συμφορᾶς
1681 4345 1896 4414 φιλοσο-

312 4429 581 4501 φήσαντα.
615 4431 749 4484 Τότε
795 4432 893 4502 μέν
923 4431 1034 4504 γὰρ
1067 4435 1094 4486 ό
1132 4433 1233 4503 τῆς
1271 4433 1446 4504 ἀρχῆς
1485 4433 1670 4500 ὄγκος,
1709 4435 1805 4488 καὶ
1835 4435 1897 4488 τὸ

311 4517 532 4581 εὐτελὲς
551 4518 644 4572 τοῦ
673 4520 987 4590 ὑϐρίζοντος
1015 4520 1607 4590 καταφρονῆσαιαύτὸν
1635 4521 1896 4587 πολλάκις

310 4603 518 4658 ἔπειθε.
540 4605 732 4659 Πολλοὶ
754 4607 810 4659 δὲ
832 4607 927 4660 καὶ
949 4607 1098 4661 ἄλλοι
1127 4607 1368 4678 βασιλεῖς
1389 4609 1651 4672 πολλάκις
1670 4611 1893 4664 τοιαῦτα

309 4693 730 4765 ἐφιλοσόφησαν,
749 4695 850 4765 τὴν
875 4695 1182 4767 ὑπερϐολὴν
1202 4699 1303 4767 τῆς
1330 4698 1528 4768 μανίας
1544 4697 1652 4751 τῶν
1680 4698 1895 4770 ὑϐρικό-

308 4797 419 4832 των
469 4783 552 4844 είς
588 4782 888 4850 ἀπολογίαν
919 4782 1195 4846 λαϐόντες.
1230 4786 1304 4838 00
1351 4784 1461 4857 γὰρ
1496 4786 1696 4856 ὁμοίως
1735 4786 1893 4857 ἡμῶν

309 4869 616 4940 εὐημερίας
639 4871 1043 4937 ἀπολαυόντων,
1079 4873 1174 4924 καὶ
1205 4874 1582 4944 κακουμένων,
1612 4875 1682 4928 τὰ
1715 4875 1891 4947 ὀνείδη

308 4955 688 5011 καθάπτεσθαι
728 4959 1004 5028 πέφυκεν·
1039 4959 1156 5012 ἀλλ’
1197 4961 1325 5015 ὅταν
1375 4963 1713 5034 πταίσωμεν,
1770 4967 1891 5018 τότε

309 5044 650 5100 καθικνεῖται
684 5039 946 5115 μειζόνως
973 5048 1151 5119 ἡμῶν,
1175 5050 1270 5102 καὶ
1297 5049 1483 5104 δάκνει
1507 5053 1886 5123 σφοδρότερον.

321 5131 447 5185 Ἐπὶ
474 5132 534 5185 δὲ
566 5133 779 5196 τούτου,
821 5135 915 5186 καὶ
943 5134 1130 5206 ἕτερόν
1168 5153 1221 5186 τι
1256 5135 1393 5205 πρὸς
1426 5139 1538 5201 τοῖς
1572 5139 1891 5208 εἰρημένοις

309 5215 458 5273 ἐστιν
482 5222 681 5288 είπεῖν,
720 5224 803 5276 ὅτι
832 5225 925 5278 καὶ
955 5223 1143 5296 κύριος
1176 5220 1245 5296 ἦν
1277 5224 1609 5296 ἀμύνασθαι,
1646 5226 1760 5280 ἀλλ’
1789 5228 1890 5280 οὐκ

369 5389 569 5464 ξουξμι
602 5392 787 5464 λαϐεῖν,
820 5393 902 5441 καὶ
923 5393 981 5464 τὸ
1001 5395 1136 5450 ἕλκος
1175 5394 1440 5451 ἀνεδέξατο.
1489 5396 1619 5447 Ἰστε
1645 5401 1734 5464 γὰρ
1767 5403 1886 5458 πῶς.

304 5449 449 5500 Alius
471 5453 606 5501 Colb.
631 5453 911 5508 ἀνεξαίνετο.
939 5454 1084 5503 Ἰστε.

371 5511 398 5550 δ
431 5513 569 5588 (ξυμ).
590 5515 689 5588 ὁμο
721 5523 774 5564 et
793 5517 917 5578 Reg.
941 5519 1151 5579 καθάπερ
1171 5518 1232 5565 τὰ
1265 5519 1528 5583 τραχύτερα
1549 5523 1645 5570 τῶν
1676 5526 1887 5588 τραυμά-

301 5589 418 5632 των,
442 5575 552 5623 ούδέ
581 5577 685 5632 τήν.

371 5638 394 5665 ο
433 5635 805 5713 ἘἒτεΞ-πάςατο..
832 5641 931 5713 ξςαὶ
973 5641 1063 5704 γάρ
1106 5642 1256 5698 οὕτως
1290 5643 1386 5704 ἔχει
1425 5643 1568 5694 ἐπειδ⁷
1592 5647 1647 5693 ἂν
1668 5648 1885 5713 λοιδορη-

303 5698 457 5762 θέντες
475 5699 611 5762 Cplb.
638 5701 736 5748 duo
760 5707 814 5748 et
832 5701 954 5762 Reg.

369 5759 553 5813 (1.0011).
578 5762 677 5814 duo
697 5769 749 5813 el.
770 5763 892 5822 Reg.
908 5759 1000 5814 ῖιιαὶ
1023 5765 1083 5815 τά
1109 5765 1249 5825 ιιυρία
1271 5767 1396 5816 κακά
1421 5770 1499 5817 καὶ
1524 5769 1630 5820 οὐδὲ
1654 5771 1815 5830 οὕτως,

1652 339 1742 394 DE
1776 331 1978 391 ANNA'
2005 329 2240 387 SERMO
2288 333 2351 388 Il.

3503 327 3608 382 648

2030 450 2292 520 ἠμύνατο.
2314 453 2426 504 Καί⁴
2444 452 2535 505 ἵνα
2552 451 2749 524 μάθῃς,
2763 453 2845 504 ὅτι
2861 451 2961 504 οὐκ
2984 449 3283 515 ἀσθενείας,
3302 447 3608 512 ἀλλ’άνεξι-

2029 539 2229 602 κακίας
2264 535 2332 609 ἦν
2362 541 2395 610 ή
2427 539 2734 609 φιλοσοφία,
2765 538 2860 592 τοῦ
2899 555 3207 610 στρατηγοῦ
3244 544 3365 590 τότε
3401 534 3606 600 ἀξιοῦν-

2028 639 2120 684 τος
2155 625 2523 694 ἐπιτραπῆναι
2568 623 2837 694 διαϐῆναι,
2868 624 2963 677 καὶ
3001 623 3100 692 τὴν
3138 621 3377 692 κεφαλὴν
3402 623 3604 676 07:01a-

2032 711 2153 779 μεῖν
2189 711 2289 783 τὴν
2334 711 2566 776 ἐκείνου,
2600 712 2660 764 00
2703 711 2860 783 μόνον
2897 712 2999 764 οὐκ
3027 709 3326 780 ἐπέτρεψεν
3354 709 3383 760 ὀ
3417 707 3602 770 Δαυῒδ,

2027 798 2163 852 ἀλλά
2196 801 2290 852 καί
2325 801 2672 871 ἐδυσχέρανε,
2726 799 2928 868 λέγων’
2967 800 3028 851 Τι
3071 797 3200 868 ἐμοὶ
3229 798 3328 851 καὶ
3355 795 3476 857 σοί,
3510 795 3605 848 υἱὲ

2027 888 2321 956 Σαρουία;
2356 892 2571 958 Ἄφετε
2613 889 2802 942 αὑτὸν
2843 887 3232 956 καταρᾶσθαι,
3279 885 3439 950 ὅπως
3485 884 3601 937 ἴδοι

2025 974 2141 1043 τὴν
2167 977 2536 1031 ταπείνωσίν
2572 995 2693 1045 μου
2737 978 2974 1044 Κύριος,
3015 976 3112 1028 καί
3152 971 3470 1037 ἀνταποδῷ
3504 990 3602 1035 μοι

2025 1064 2214 1132 ἀγαθὰ
2244 1064 2377 1117 ἀντὶ
2413 1063 2523 1132 τῆς
2543 1063 2804 1132 κατάρας
2844 1062 3032 1117 αὑτοῦ
3064 1061 3176 1129 τῆς
3206 1061 3277 1114 ἐν
3309 1059 3382 1128 τῇ
3414 1059 3603 1129 ἡμέρᾳ

2024 1151 2211 1217 ταύτῃ
2233 1168 2246 1180 °
2279 1151 2425 1219 ὅπερ
2451 1151 2563 1204 οὑν
2590 1151 2689 1205 καὶ
2711 1149 2970 1220 ἐγένετο.

2094 1241 2155 1293 δ’.
2174 1242 2337 1312 Ὁρᾷς
2352 1242 2467 1306 πῶς
2483 1238 2622 1295 οἶδεν
2645 1243 2673 1294 ό
2691 1241 2918 1304 δίκαιος,
2937 1241 3018 1293 ὅτι
3044 1240 3106 1292 τὸ
3130 1239 3316 1309 φέρειν
3337 1237 3602 1305 γενναίως

2024 1333 2123 1396 τὰς
2155 1333 2442 1404 λοιδορίας,
2491 1333 2712 1404 ἀφορμὴ
2745 1333 2984 1396 πλείονος
3017 1332 3420 1402 εύδοκιμήσεως
3451 1328 3599 1396 γίνε-

2024 1443 2141 1484 ται;
2169 1426 2265 1478 Διά
2284 1425 2443 1479 τοῦτό
2464 1443 2594 1478 ποτε
2619 1426 2709 1479 καὶ
2731 1425 2821 1478 τὸν
2839 1424 3012 1477 Σαοὺλ
3039 1424 3167 1476 εἴσω
3187 1420 3374 1475 διπλοῦ
3396 1420 3599 1490 τειχίου

2023 1513 2222 1578 λαϐὼν,
2269 1515 2365 1566 καὶ
2411 1514 2597 1584 κύριος
2643 1511 2720 1565 ὢν
2765 1510 3110 1581 ἀποσφάξαι,
3164 1509 3454 1578 ἐφείσατο·
3506 1507 3600 1560 καὶ

2021 1604 2214 1667 ταῦτα,
2254 1603 2364 1656 τῶν
2397 1603 2682 1674 παρόντων
2715 1603 3044 1656 κελευόντων
3072 1601 3281 1672 ὠθῆσαι
3323 1601 3383 1653 τὸ
3422 1599 3594 1668 ξίφος.

2035 1693 2173 1746 Ἀλλ’
2197 1692 2321 1746 οὔτε
2349 1694 2411 1746 τὸ
2431 1694 2530 1764 τῆς
2558 1693 2803 1760 ἐξουσίας
2829 1693 3070 1756 εὔκολον,
3091 1691 3216 1745 οὔτε
3237 1692 3297 1745 τὸ
3324 1691 3452 1764 παρ’
3483 1691 3600 1744 ἐτέ-

2024 1800 2131 1852 ρων
2162 1781 2587 1853 παροξύνεσθαι,
2618 1781 2742 1834 οὕτε
2777 1782 2838 1833 τὸ
2865 1783 3036 1836 πολλά
3066 1781 3396 1835 πεπονθέναι
3424 1781 3594 1846 δεινὰ,

2019 1870 2144 1924 οὒτε
2171 1873 2233 1924 τὸ
2259 1873 2564 1943 προσδοκᾷν
2592 1873 2874 1925 πείσεσθαι
2889 1873 3268 1942 χαλεπώτερα,
3289 1872 3597 1942 συνεχώρη-

2021 1979 2112 2014 σεν
2139 1962 2363 2015 ἐλκύσαι
2388 1964 2448 2015 τὸ
2477 1963 2628 2032 ξίφος
2647 1980 2661 1993 ·
2686 1964 2861 2016 καίτοι
2892 1980 2954 2031 γε
2990 1964 3109 2016 ούδέ
3134 1963 3212 2034 τῷ
3247 1965 3595 2034 στρατοπέδῳ

2019 2052 2344 2122 κατάφωρος
2370 2051 2594 2122 ἔμελλεν
2623 2051 2842 2106 έσεσθαι
2870 2053 3072 2122 ταύτην
3096 2054 3469 2124 ἐργασάμενος
3493 2056 3591 2127 τὴν

2020 2142 2256 2211 σφαγήν.
2278 2142 2550 2212 Σπήλαιον
2570 2142 2677 2214 γὰρ
2703 2140 2792 2214 ἦν,
2819 2145 2912 2196 καὶ
2943 2145 3118 2207 οὐδεὶς
3157 2145 3345 2216 ἐτερος
3390 2150 3593 2217 παρῆν,

2017 2227 2153 2282 ἀλλά
2185 2228 2340 2298 μόνος
2377 2229 2561 2293 0016;.
2586 2231 2696 2282 Καὶ
2730 2231 2829 2284 οὐκ
2862 2227 3034 2295 εἶπεν,
3071 2233 3208 2302 ὅπερ
3233 2250 3316 2294 τις
3347 2235 3594 2302 μοιχείαν

2016 2316 2380 2387 ἐργαζόμενος
2413 2316 2587 2385 ἔλεγε,
2617 2318 2840 2384 Σκότος
2865 2320 3071 2384 κύκλῳ
3095 2337 3214 2388 μου
3253 2322 3350 2374 καί
3384 2323 3592 2391 τοῖχοι,

2014 2405 2071 2456 τί
2099 2404 2495 2474 εὐλαϐοῦμαι;
2525 2405 2639 2457 ἀλλ’
2673 2406 2820 2476 ἐώρα
2839 2406 2930 2459 τὸν
2958 2406 3257 2478 ἀκοίμητον
3291 2409 3591 2480 ὀφθαλμὸν,

2014 2494 2111 2546 καὶ
2151 2494 2267 2564 ᾔδει
2301 2495 2383 2546 ὅτι
2429 2495 2699 2566 ὀφθαλμοὶ
2733 2497 2941 2567 Κυρίου
2979 2499 3390 2568 μυριοπλασίως
3442 2502 3592 2571 ἡλίου

2015 2581 2412 2653 φωτεινότεροι.
2439 2583 2537 2636 Διά
2559 2584 2717 2636 τοῦτο
2744 2585 2923 2637 πάντα
2950 2584 3128 2648 οὕτως
3154 2586 3391 2658 ἔπραττέ
3415 2605 3473 2640 τε
3499 2590 3594 2642 καὶ

2012 2667 2216 2736 ἔλεγεν,
2243 2669 2317 2732 ὠς
2343 2669 2554 2723 ἐκείνου
2584 2671 2871 2742 παρόντος,
2903 2674 2997 2725 καί¹
3025 2674 3337 2738 δικάζοντος
3361 2678 3475 2739 τοῖς
3501 2675 3593 2728 λε-

2010 2755 2284 2826 γομένοις,
2320 2757 2416 2809 καί
2464 2774 2648 2828 φησιν·
2695 2762 2776 2812 Οὐ
2811 2759 2898 2829 μὴ
2944 2761 3218 2830 ἐπαγάγω
3273 2764 3387 2827 τὴν
3425 2764 3594 2833 χεῖρά

2004 2859 2126 2911 μου
2157 2841 2256 2894 ἐπὶ
2287 2843 2542 2912 χριστόν
2573 2846 2821 2912 Κυρίου.
2856 2847 2966 2916 Οὐχ
3009 2848 3120 2919 ὁρῶ
3151 2849 3250 2920 τὴν
3300 2854 3590 2921 πονηρίαν,

2008 2929 2124 2982 ἀλλ’
2144 2929 2255 3000 ὁρῶ
2280 2935 2378 3001 τὴν
2404 2929 2582 2994 ἀξίαν.
2608 2933 2698 3003 Μή
2730 2950 2818 3003 μοι
2843 2933 3048 3001 λεγέτω
3079 2953 3162 2999 τις
3188 2937 3269 2989 ὅτι
3289 2937 3462 3006 βίαιος
3497 2939 3591 2992 καὶ

2012 3017 2206 3087 μιαρὸς
2228 3012 2383 3081 οὗτος
2402 3037 2415 3050 ·
2442 3018 2554 3087 ἐγὼ
2571 3020 2678 3091 γάρ
2696 3021 2794 3090 τὴν
2817 3021 2911 3072 τοῦ
2937 3022 3070 3074 Θεοῦ
3087 3024 3233 3092 τιμῶ
3253 3026 3455 3094 ψῆφον,
3484 3027 3584 3079 κᾶν

2007 3099 2162 3168 οὗτος
2187 3104 2405 3170 ἀνάξιος
2433 3109 2710 3179 φαίνηται.
2740 3109 2814 3161 00
2839 3111 2948 3180 γάρ
2976 3113 3121 3165 ἐστιν
3153 3113 3285 3182 ἐμὸν
3310 3114 3590 3185 ἔγκλημα,

2006 3192 2068 3246 τὸ
2097 3192 2285 3248 τοῦτον
2319 3196 2536 3260 ἀνάξιον
2580 3197 2813 3267 φανῆναι
2842 3200 2941 3268 τῆς
2989 3201 3176 3270 τιμῆς.
3218 3203 3590 3258 Ἀκουέτωσαν

2006 3280 2120 3333 ὅσοι
2149 3283 2586 3354 καταφρονοῦσιν
2631 3286 2844 3357 ἱερέων,
2881 3287 3303 3358 μανθανέτωσαν
3333 3293 3464 3361 ὅσην
3493 3292 3587 3345 εύ-

2005 3369 2229 3425 λάϐειαν
2252 3368 2406 3435 οὗτος
2437 3373 2565 3444 περὶ
2594 3374 2815 3444 βασιλέα
2839 3377 3169 3441 ἐπεδείξατο.
3207 3379 3358 3452 [717]
3394 3381 3591 3434 Καίτοι

2006 3456 2142 3511 πολὺ
2192 3459 2517 3530 τιμιώτερος
2567 3461 2660 3514 καὶ
2702 3461 3125 3533 αἰδεσιμώτερος
3177 3477 3200 3503 θ
3246 3465 3512 3535 βασιλέως
3559 3470 3588 3520 ὁ

2008 3544 2206 3615 ἱερεὺς,
2238 3547 2362 3598 ὅσον
2407 3548 2502 3600 καὶ
2527 3548 2620 3599 ἐπὶ
2651 3547 2873 3617 μείζονα
2907 3550 3082 3620 ἀρχὴν
3113 3551 3396 3620 κέκληται.
3439 3553 3591 3606 Μαν-

2005 3632 2316 3686 θανέτωσαν
2351 3633 2425 3704 μὴ
2459 3635 2686 3705 κρίνειν,
2721 3636 2857 3706 μηδέ
2890 3639 3121 3701 εὐθύνας
3153 3641 3426 3706 ἀπαιτεῖν,
3468 3641 3588 3694 ἀλλ’

2004 3720 2408 3774 ὑποτάσσεσθαι
2437 3725 2530 3775 καὶ
2551 3723 2740 3775 εἴκειν.
2773 3724 2846 3776 Σὺ
2870 3725 2969 3794 μὲν
3001 3727 3110 3796 γάρ
3138 3727 3228 3779 τὸν
3259 3727 3352 3779 τοῦ
3380 3730 3578 3799 ἱερέως

2005 3806 2140 3876 βίον,
2179 3808 2283 3861 κᾶν
2324 3807 2526 3877 φαῦλος
2562 3805 2706 3883 ᾗτις
2747 3813 2840 3865 καὶ
2865 3812 3228 3882 ἡμελημένος,
3261 3817 3362 3868 ούκ
3397 3813 3580 3880 οἶδαςο

2004 3889 2160 3959 οὗτος
2191 3895 2248 3949 δέ
2271 3896 2385 3966 ᾔδει
2412 3900 2532 3968 μετ’
2559 3901 2849 3970 ἀκριϐείας
2884 3901 3120 3967 ἅπαντα,
3151 3903 3254 3956 ὅσα
3281 3905 3536 3975 ἐποίησεν
3555 3907 3591 3958 ὁ.

2001 3983 2206 4037 Σαούλ·
2239 3984 2355 4038 ἀλλ’
2390 3986 2541 4056 ὅμως
2586 3989 2682 4041 καὶ
2717 3988 2888 4052 οὕτως
2931 3990 3109 4061 ᾐδεῖτο
3140 3990 3239 4061 τὴν
3287 3993 3438 4062 παρά
3485 3995 3580 4046 τοῦ

2008 4071 2144 4125 Θεοῦ
2169 4072 2415 4126 δοθεῖσαν
2443 4075 2640 4145 ἀρχήν.
2672 4076 2794 4129 Ὅτι
2827 4077 2882 4131 δὲ
2911 4078 3015 4131 κᾶν
3043 4077 3197 4141 είδὼς
3221 4075 3286 4151 ᾗς
3314 4081 3590 4150 ἀκριϐῶς,

1999 4162 2099 4213 ούκ
2128 4161 2273 4231 ἔχεις
2310 4162 2627 4233 ἀπολογίαν,
2669 4164 2790 4218 οὐδὲ
2839 4164 3193 4236 συγγνώμην,
3223 4171 3594 4239 καταφρονῶνι

1999 4249 2108 4302 τῶν
2155 4249 2535 4320 προεστώτων,
2592 4253 2687 4305 καὶ
2725 4253 3056 4323 παρακούων
3087 4255 3196 4309 τῶν
3243 4255 3590 4327 λεγομένων,

1999 4335 2232 4390 ἄκουσον
2259 4337 2376 4401 πῶς
2399 4340 2504 4420 καλἒ
2526 4339 2729 4411 ταύτην
2765 4341 2922 4412 ἡμῶν
2957 4342 3138 4396 ἀνεῖλε
3171 4343 3270 4414 τὴν
3302 4345 3575 4417 πρόφασιν

1996 4426 2026 4476 ὁ
2061 4424 2317 4495 Χριστὸς,
2347 4424 2414 4477 δι’
2447 4419 2522 4479 ὧν
2563 4444 2728 4497 φησιν
2764 4429 2821 4480 ἐν
2849 4428 3226 4498 Εὐαγγελίοις,
3287 4431 3421 4486 Ἐπὶ
3467 4434 3579 4502 τῆς

1998 4513 2290 4580 καθέδρας
2315 4513 2614 4580 Μωῢσέως
2652 4515 2940 4571 ἐκάθισαν
2970 4522 3023 4572 οί
3053 4521 3431 4589 γραμματεῖς,
3477 4526 3576 4578 καί

1997 4601 2440 4667 ρι’Φαρισαῖοι·
2490 4603 2689 4659 πάντα
2737 4600 2850 4659 οὖν
2876 4595 2995 4660 ὅσα
3039 4605 3115 4660 ἂν
3140 4610 3392 4664 εῖπωσιν
3434 4612 3577 4680 ὑμῖν

1997 4688 2213 4754 ποιεῖν,
2239 4690 2480 4744 ποιεῖτε
2501 4692 2649 4746 κατὰ
2665 4693 2732 4746 δὲ
2747 4696 2820 4748 τὰ
2831 4694 2975 4762 ἔργα
2997 4695 3196 4751 αὐτῶν
3213 4699 3301 4767 μὴ
3330 4700 3570 4754 ποιεῖτε.

2009 4776 2172 4848 Ὁρᾷς
2194 4777 2310 4840 πῶς
2334 4771 2408 4830 ὧν
2434 4779 2462 4830 ὀ
2489 4777 2603 4848 βίος
2631 4779 2773 4833 οὕτω
2791 4781 3185 4854 διεφθαρμένος
3210 4781 3296 4853 ἦν,
3326 4785 3401 4848 ὡς
3424 4785 3572 4848 ἄξιος

1995 4863 2134 4920 εἶναι
2154 4867 2406 4939 διαϐολῆς
2423 4873 2534 4932 τοῖς
2562 4869 3047 4941 μαθητευομένοις,
3070 4873 3275 4926 τούτων
3301 4873 3398 4944 τὴν
3428 4892 3570 4947 7109-

1995 4957 2202 5011 αίνεσιν
2235 4957 2336 5010 οὐκ
2368 4958 2637 5029 ἠτίμασεν
2676 4959 2720 5023 ί,
2755 4961 2878 5014 ούδέ
2920 4961 3019 5033 τὴν
3058 4962 3282 5033 διδαχὴν
3313 4963 3570 5031 ἐξέϐαλε;

1995 5045 2179 5099 Ταῦτα
2205 5046 2263 5099 δὲ
2289 5045 2454 5115 λέγω,
2484 5047 2605 5118 ούχὶ
2648 5047 2755 5102 τῶν
2793 5049 2982 5119 ἱερέων
3021 5052 3347 5122 κατηγορεῖν
3382 5051 3568 5121 βουλό-

1996 5151 2158 5204 μενος
2179 5151 2193 5164 ·
2227 5137 2304 5206 μὴ
2327 5135 2534 5204 γένοιτο
2553 5155 2566 5168 ·
2600 5138 2823 5208 καὶγὰρ
2852 5140 3012 5208 ὑμεῖς
3040 5139 3316 5210 μάρτυρες
3342 5135 3440 5209 ἦτε
3468 5142 3570 5208 τῆς

1989 5243 2050 5279 τε
2072 5227 2416 5298 ἀναστροφῆς
2439 5228 2617 5281 αὐτῶν
2637 5230 2730 5282 καὶ
2753 5230 2851 5299 τῆς
2871 5228 3157 5291 εὐλαϐείας
3181 5230 3396 5299 ἀπάσης
3417 5247 3433 5262 ο
3455 5230 3568 5282 ἀλλ’

1992 5317 2079 5370 ἵνα
2122 5318 2186 5370 ἐκ
2233 5316 2433 5386 πολλῆς
2491 5317 2589 5388 τῆς
2646 5318 2961 5385 περιουσίας
2995 5316 3193 5388 πολλὴν
3238 5319 3422 5382 αὐτοῖς
3469 5326 3572 5388 τὴν

1989 5405 2122 5459 αἰδῶ
2160 5407 2254 5459 καὶ
2277 5405 2375 5476 τὴν
2419 5405 2578 5476 τιμὴν
2609 5407 2954 5476 παρέχωμεν.
2989 5406 3064 5460 00
3103 5407 3211 5478 γὰρ
3249 5407 3445 5471 00100;
3475 5424 3567 5460 τος

1991 5494 2200 5565 σοῦτον,
2230 5495 2352 5547 ὅσον
2374 5495 2520 5564 ἡμᾶς
2549 5495 2743 5565 αὐτοὺς
2768 5494 3139 5565 ὡφελήσομεν.
3163 5497 3226 5548 '0
3245 5495 3577 5565 δεχόμενος·-

1988 5562 2102 5620 οὗν
2139 5562 2453 5634 προφήτην
2485 5567 2572 5630 εὶς
2608 5564 2795 5634 ὄνομα
2823 5562 3152 5634 προφήτου,
3176 5562 3398 5636 μισθὸν(
3424 5583 3586 5638 προ-ι.

2054 5717 2077 5769 ις
2098 5703 2230 5769 Coll).
2255 5709 2306 5769 cf.
2333 5703 2453 5764 Reg.
2476 5703 2756 5769 τιμιώτερον
2775 5705 2855 5750 καὶ
2878 5705 3260 5769 αἱδεσιμώτερον.

2060 5766 2077 5806 ί
2110 5765 2244 5818 llo!b.
2268 5766 2365 5816 duo
2399 5774 2450 5816 el
2476 5765 2595 5828 Heg.
2619 5766 2872 5826 ἠτίμωσεν.
