  <div class='ocr_page' id='page_1' title='image "/cluster/home/n/w/nwhite01/storage/ocr_20150623/54/nnc1.0046978518/275.png"; bbox 0 0 4028 6360; ppageno 0'>
   <div class='ocr_carea' id='block_1_1' title="bbox 382 341 488 395">
    <p class='ocr_par' dir='ltr' id='par_1_1' title="bbox 382 341 488 395">
     <span class='ocr_line' id='line_1_1' title="bbox 382 341 488 395; baseline -0.009 0"><span class='ocrx_word' id='word_1_1' title='bbox 382 341 488 395; x_wconf 66' lang='lat'>619</span> 
     </span>
    </p>
   </div>
   <div class='ocr_carea' id='block_1_2' title="bbox 385 446 1971 535">
    <p class='ocr_par' dir='ltr' id='par_1_2' title="bbox 385 446 1971 535">
     <span class='ocr_line' id='line_1_2' title="bbox 385 446 1971 535; baseline -0.013 -18"><span class='ocrx_word' id='word_1_2' title='bbox 385 465 580 535; x_wconf 70' lang='grc' dir='ltr'>φήτου</span> <span class='ocrx_word' id='word_1_3' title='bbox 604 458 884 526; x_wconf 65' lang='grc' dir='ltr'>λήψεται.</span> <span class='ocrx_word' id='word_1_4' title='bbox 909 455 971 507; x_wconf 85' lang='grc' dir='ltr'>Εἰ</span> <span class='ocrx_word' id='word_1_5' title='bbox 1003 451 1110 519; x_wconf 85' lang='grc' dir='ltr'>γάρ</span> <span class='ocrx_word' id='word_1_6' title='bbox 1134 454 1258 515; x_wconf 74' lang='grc' dir='ltr'>τοὺς</span> <span class='ocrx_word' id='word_1_7' title='bbox 1277 450 1522 519; x_wconf 86' lang='grc' dir='ltr'>ἀλλήλων</span> <span class='ocrx_word' id='word_1_8' title='bbox 1560 448 1708 518; x_wconf 86' lang='grc' dir='ltr'>βίους</span> <span class='ocrx_word' id='word_1_9' title='bbox 1736 448 1836 500; x_wconf 85' lang='grc' dir='ltr'>οὐκ</span> <span class='ocrx_word' id='word_1_10' title='bbox 1873 446 1971 497; x_wconf 78' lang='grc' dir='ltr'>ἐπ-</span> 
     </span>
    </p>
   </div>
   <div class='ocr_carea' id='block_1_3' title="bbox 385 530 1968 618">
    <p class='ocr_par' dir='ltr' id='par_1_3' title="bbox 385 530 1968 618">
     <span class='ocr_line' id='line_1_3' title="bbox 385 530 1968 618; baseline -0.012 -16"><span class='ocrx_word' id='word_1_11' title='bbox 385 547 599 618; x_wconf 76' lang='grc' dir='ltr'>ετράπη</span> <span class='ocrx_word' id='word_1_12' title='bbox 609 562 705 614; x_wconf 89' lang='grc' dir='ltr'>μεν</span> <span class='ocrx_word' id='word_1_13' title='bbox 728 541 926 612; x_wconf 86' lang='grc' dir='ltr'>κρίνειν</span> <span class='ocrx_word' id='word_1_14' title='bbox 941 551 988 600; x_wconf 74' lang='grc'>³,</span> <span class='ocrx_word' id='word_1_15' title='bbox 1009 536 1190 606; x_wconf 80' lang='grc' dir='ltr'>πολλῷ</span> <span class='ocrx_word' id='word_1_16' title='bbox 1213 535 1410 606; x_wconf 78' lang='grc' dir='ltr'>μᾶλλον</span> <span class='ocrx_word' id='word_1_17' title='bbox 1431 534 1556 596; x_wconf 78' lang='grc' dir='ltr'>τοὺς</span> <span class='ocrx_word' id='word_1_18' title='bbox 1572 532 1680 584; x_wconf 88' lang='grc' dir='ltr'>τῶν</span> <span class='ocrx_word' id='word_1_19' title='bbox 1698 530 1968 600; x_wconf 79' lang='grc' dir='ltr'>πατέρων.</span> 
     </span>
    </p>
   </div>
   <div class='ocr_carea' id='block_1_4' title="bbox 405 614 1974 695">
    <p class='ocr_par' dir='ltr' id='par_1_4' title="bbox 405 614 1974 695">
     <span class='ocr_line' id='line_1_4' title="bbox 405 614 1974 695; baseline -0.012 -12"><span class='ocrx_word' id='word_1_20' title='bbox 405 630 541 684; x_wconf 68' lang='grc' dir='ltr'>Ἀλλ</span> <span class='ocrx_word' id='word_1_21' title='bbox 565 630 699 695; x_wconf 77' lang='grc' dir='ltr'>ὅπερ</span> <span class='ocrx_word' id='word_1_22' title='bbox 729 625 910 690; x_wconf 77' lang='grc' dir='ltr'>ἔλεγον</span> <span class='ocrx_word' id='word_1_23' title='bbox 937 621 1118 690; x_wconf 82' lang='grc' dir='ltr'>(πάλιν</span> <span class='ocrx_word' id='word_1_24' title='bbox 1139 621 1246 689; x_wconf 75' lang='grc' dir='ltr'>γάρ</span> <span class='ocrx_word' id='word_1_25' title='bbox 1273 619 1364 670; x_wconf 80' lang='grc' dir='ltr'>ἐπὶ</span> <span class='ocrx_word' id='word_1_26' title='bbox 1394 617 1490 688; x_wconf 79' lang='grc' dir='ltr'>τήν</span> <span class='ocrx_word' id='word_1_27' title='bbox 1513 619 1747 685; x_wconf 88' lang='grc' dir='ltr'>γυναῖκα</span> <span class='ocrx_word' id='word_1_28' title='bbox 1771 614 1974 684; x_wconf 85' lang='grc' dir='ltr'>ταύτην</span> 
     </span>
    </p>
   </div>
   <div class='ocr_carea' id='block_1_5' title="bbox 393 696 1975 773">
    <p class='ocr_par' dir='ltr' id='par_1_5' title="bbox 393 696 1975 773">
     <span class='ocr_line' id='line_1_5' title="bbox 393 696 1975 773; baseline -0.011 -7"><span class='ocrx_word' id='word_1_29' title='bbox 393 710 702 768; x_wconf 84' lang='grc' dir='ltr'>ἐπανελθεῖν</span> <span class='ocrx_word' id='word_1_30' title='bbox 747 708 1097 773; x_wconf 87' lang='grc' dir='ltr'>ἀναγκαῖον),</span> <span class='ocrx_word' id='word_1_31' title='bbox 1133 706 1226 756; x_wconf 78' lang='grc' dir='ltr'>καὶ</span> <span class='ocrx_word' id='word_1_32' title='bbox 1266 703 1436 755; x_wconf 76' lang='grc' dir='ltr'>ὅτιτὸ</span> <span class='ocrx_word' id='word_1_33' title='bbox 1476 703 1663 772; x_wconf 82' lang='grc' dir='ltr'>φέρειν</span> <span class='ocrx_word' id='word_1_34' title='bbox 1712 696 1975 767; x_wconf 82' lang='grc' dir='ltr'>γενναίως</span> 
     </span>
    </p>
   </div>
   <div class='ocr_carea' id='block_1_6' title="bbox 391 783 1972 862">
    <p class='ocr_par' dir='ltr' id='par_1_6' title="bbox 391 783 1972 862">
     <span class='ocr_line' id='line_1_6' title="bbox 391 783 1972 862; baseline -0.013 -10"><span class='ocrx_word' id='word_1_35' title='bbox 391 799 487 860; x_wconf 79' lang='grc' dir='ltr'>τὰς</span> <span class='ocrx_word' id='word_1_36' title='bbox 521 792 782 862; x_wconf 87' lang='grc' dir='ltr'>λοιδορίας</span> <span class='ocrx_word' id='word_1_37' title='bbox 831 790 1039 843; x_wconf 87' lang='grc' dir='ltr'>πολλῶν</span> <span class='ocrx_word' id='word_1_38' title='bbox 1090 791 1216 858; x_wconf 78' lang='grc' dir='ltr'>ἡμῖν</span> <span class='ocrx_word' id='word_1_39' title='bbox 1269 785 1486 854; x_wconf 84' lang='grc' dir='ltr'>ἀγαθῶν</span> <span class='ocrx_word' id='word_1_40' title='bbox 1523 786 1695 837; x_wconf 73' lang='grc' dir='ltr'>αἴτιον</span> <span class='ocrx_word' id='word_1_41' title='bbox 1724 783 1972 850; x_wconf 88' lang='grc' dir='ltr'>γίνεται,</span> 
     </span>
    </p>
   </div>
   <div class='ocr_carea' id='block_1_7' title="bbox 392 864 1978 940">
    <p class='ocr_par' dir='ltr' id='par_1_7' title="bbox 392 864 1978 940">
     <span class='ocr_line' id='line_1_7' title="bbox 392 864 1978 940; baseline -0.013 -4"><span class='ocrx_word' id='word_1_42' title='bbox 392 883 550 936; x_wconf 89' lang='grc' dir='ltr'>τοῦτο</span> <span class='ocrx_word' id='word_1_43' title='bbox 574 879 666 932; x_wconf 77' lang='grc' dir='ltr'>καὶ</span> <span class='ocrx_word' id='word_1_44' title='bbox 708 877 800 928; x_wconf 76' lang='grc' dir='ltr'>ἐπὶ</span> <span class='ocrx_word' id='word_1_45' title='bbox 828 873 919 928; x_wconf 88' lang='grc' dir='ltr'>τοῦ</span> <span class='ocrx_word' id='word_1_46' title='bbox 963 873 1080 926; x_wconf 83' lang='grc' dir='ltr'>Ἰὼϐ</span> <span class='ocrx_word' id='word_1_47' title='bbox 1113 872 1329 940; x_wconf 72' lang='grc' dir='ltr'>συνέϐη.</span> <span class='ocrx_word' id='word_1_48' title='bbox 1374 871 1480 922; x_wconf 79' lang='grc' dir='ltr'>Καὶ</span> <span class='ocrx_word' id='word_1_49' title='bbox 1508 868 1615 938; x_wconf 76' lang='grc' dir='ltr'>γὰρ</span> <span class='ocrx_word' id='word_1_50' title='bbox 1647 870 1848 919; x_wconf 86' lang='grc' dir='ltr'>ἐκεῖνον</span> <span class='ocrx_word' id='word_1_51' title='bbox 1880 864 1978 934; x_wconf 89' lang='grc' dir='ltr'>οὐχ</span> 
     </span>
    </p>
   </div>
   <div class='ocr_carea' id='block_1_8' title="bbox 394 949 1976 1030">
    <p class='ocr_par' dir='ltr' id='par_1_8' title="bbox 394 949 1976 1030">
     <span class='ocr_line' id='line_1_8' title="bbox 394 949 1976 1030; baseline -0.013 -11"><span class='ocrx_word' id='word_1_52' title='bbox 394 966 538 1020; x_wconf 80' lang='grc' dir='ltr'>οὑτω</span> <span class='ocrx_word' id='word_1_53' title='bbox 587 959 849 1030; x_wconf 78' lang='grc' dir='ltr'>θαυμάζω</span> <span class='ocrx_word' id='word_1_54' title='bbox 887 958 993 1028; x_wconf 71' lang='grc' dir='ltr'>πρδ</span> <span class='ocrx_word' id='word_1_55' title='bbox 1019 956 1119 1025; x_wconf 81' lang='grc' dir='ltr'>τῆς</span> <span class='ocrx_word' id='word_1_56' title='bbox 1147 954 1518 1024; x_wconf 75' lang='grc' dir='ltr'>παραινέσεως</span> <span class='ocrx_word' id='word_1_57' title='bbox 1548 953 1647 1019; x_wconf 79' lang='grc' dir='ltr'>τῆς</span> <span class='ocrx_word' id='word_1_58' title='bbox 1698 949 1976 1018; x_wconf 87' lang='grc' dir='ltr'>γυναικὸς,</span> 
     </span>
    </p>
   </div>
   <div class='ocr_carea' id='block_1_9' title="bbox 396 1034 1980 1119">
    <p class='ocr_par' dir='ltr' id='par_1_9' title="bbox 396 1034 1980 1119">
     <span class='ocr_line' id='line_1_9' title="bbox 396 1034 1980 1119; baseline -0.011 -17"><span class='ocrx_word' id='word_1_59' title='bbox 396 1051 472 1113; x_wconf 79' lang='grc' dir='ltr'>ὡς</span> <span class='ocrx_word' id='word_1_60' title='bbox 508 1046 643 1119; x_wconf 84' lang='grc' dir='ltr'>μετά</span> <span class='ocrx_word' id='word_1_61' title='bbox 664 1045 763 1116; x_wconf 80' lang='grc' dir='ltr'>τὴν</span> <span class='ocrx_word' id='word_1_62' title='bbox 785 1041 1033 1112; x_wconf 76' lang='grc' dir='ltr'>ὀλεθρίαν</span> <span class='ocrx_word' id='word_1_63' title='bbox 1065 1058 1125 1092; x_wconf 88' lang='grc' dir='ltr'>συ</span> <span class='ocrx_word' id='word_1_64' title='bbox 1137 1039 1371 1109; x_wconf 81' lang='grc' dir='ltr'>μϐουλήν</span> <span class='ocrx_word' id='word_1_65' title='bbox 1404 1037 1637 1100; x_wconf 87' lang='grc' dir='ltr'>ἐκείνην.</span> <span class='ocrx_word' id='word_1_66' title='bbox 1664 1034 1768 1087; x_wconf 70' lang='grc' dir='ltr'>Καὶ</span> <span class='ocrx_word' id='word_1_67' title='bbox 1801 1035 1873 1103; x_wconf 89' lang='grc' dir='ltr'>μή</span> <span class='ocrx_word' id='word_1_68' title='bbox 1898 1049 1980 1094; x_wconf 89' lang='grc' dir='ltr'>τις</span> 
     </span>
    </p>
   </div>
   <div class='ocr_carea' id='block_1_10' title="bbox 397 1116 1980 1204">
    <p class='ocr_par' dir='ltr' id='par_1_10' title="bbox 397 1116 1980 1204">
     <span class='ocr_line' id='line_1_10' title="bbox 397 1116 1980 1204; baseline -0.012 -18"><span class='ocrx_word' id='word_1_69' title='bbox 397 1116 695 1204; x_wconf 78' lang='grc' dir='ltr'>παράδοξον</span> <span class='ocrx_word' id='word_1_70' title='bbox 735 1125 872 1180; x_wconf 83' lang='grc' dir='ltr'>εἶναι</span> <span class='ocrx_word' id='word_1_71' title='bbox 928 1123 1192 1193; x_wconf 73' lang='grc' dir='ltr'>νομιζέτω</span> <span class='ocrx_word' id='word_1_72' title='bbox 1245 1121 1304 1174; x_wconf 79' lang='grc' dir='ltr'>τὸ</span> <span class='ocrx_word' id='word_1_73' title='bbox 1357 1120 1666 1188; x_wconf 86' lang='grc' dir='ltr'>λεγόμενον.</span> <span class='ocrx_word' id='word_1_74' title='bbox 1717 1116 1980 1177; x_wconf 79' lang='grc' dir='ltr'>Πολλάκις</span> 
     </span>
    </p>
   </div>
   <div class='ocr_carea' id='block_1_11' title="bbox 397 1199 1980 1287">
    <p class='ocr_par' dir='ltr' id='par_1_11' title="bbox 397 1199 1980 1287">
     <span class='ocr_line' id='line_1_11' title="bbox 397 1199 1980 1287; baseline -0.012 -19"><span class='ocrx_word' id='word_1_75' title='bbox 397 1199 531 1287; x_wconf 80' lang='grc' dir='ltr'>γοῦν</span> <span class='ocrx_word' id='word_1_76' title='bbox 554 1213 649 1275; x_wconf 86' lang='grc' dir='ltr'>οῦς</span> <span class='ocrx_word' id='word_1_77' title='bbox 684 1214 718 1282; x_wconf 88' lang='grc' dir='ltr'>ή</span> <span class='ocrx_word' id='word_1_78' title='bbox 759 1211 866 1263; x_wconf 90' lang='grc' dir='ltr'>τῶν</span> <span class='ocrx_word' id='word_1_79' title='bbox 915 1207 1253 1278; x_wconf 81' lang='grc' dir='ltr'>πραγμάτων</span> <span class='ocrx_word' id='word_1_80' title='bbox 1296 1204 1456 1273; x_wconf 79' lang='grc' dir='ltr'>φύσις</span> <span class='ocrx_word' id='word_1_81' title='bbox 1488 1204 1584 1270; x_wconf 89' lang='grc' dir='ltr'>οὐχ</span> <span class='ocrx_word' id='word_1_82' title='bbox 1623 1199 1980 1260; x_wconf 81' lang='grc' dir='ltr'>ὑπεσκέλισε,</span> 
     </span>
    </p>
   </div>
   <div class='ocr_carea' id='block_1_12' title="bbox 402 1283 1982 1372">
    <p class='ocr_par' dir='ltr' id='par_1_12' title="bbox 402 1283 1982 1372">
     <span class='ocr_line' id='line_1_12' title="bbox 402 1283 1982 1372; baseline -0.013 -20"><span class='ocrx_word' id='word_1_83' title='bbox 402 1283 553 1372; x_wconf 63' lang='grc' dir='ltr'>ῥῆμα</span> <span class='ocrx_word' id='word_1_84' title='bbox 588 1297 682 1350; x_wconf 73' lang='grc' dir='ltr'>καὶ</span> <span class='ocrx_word' id='word_1_85' title='bbox 705 1293 1022 1365; x_wconf 79' lang='grc' dir='ltr'>παραίνεσις</span> <span class='ocrx_word' id='word_1_86' title='bbox 1055 1287 1422 1358; x_wconf 81' lang='grc' dir='ltr'>διεφθαρμένη</span> <span class='ocrx_word' id='word_1_87' title='bbox 1456 1285 1769 1339; x_wconf 86' lang='grc' dir='ltr'>κατέλυσεν.</span> <span class='ocrx_word' id='word_1_88' title='bbox 1804 1283 1982 1352; x_wconf 88' lang='grc' dir='ltr'>Ὅπερ</span> 
     </span>
    </p>
   </div>
   <div class='ocr_carea' id='block_1_13' title="bbox 399 1364 1982 1440">
    <p class='ocr_par' dir='ltr' id='par_1_13' title="bbox 399 1364 1982 1440">
     <span class='ocr_line' id='line_1_13' title="bbox 399 1364 1982 1440; baseline -0.016 -2"><span class='ocrx_word' id='word_1_89' title='bbox 399 1364 493 1438; x_wconf 52' lang='grc' dir='ltr'>ὀῦν</span> <span class='ocrx_word' id='word_1_90' title='bbox 516 1380 610 1435; x_wconf 72' lang='grc' dir='ltr'>καὶ</span> <span class='ocrx_word' id='word_1_91' title='bbox 635 1381 663 1433; x_wconf 88' lang='grc' dir='ltr'>ὁ</span> <span class='ocrx_word' id='word_1_92' title='bbox 689 1364 932 1437; x_wconf 81' lang='grc' dir='ltr'>διάϐολος</span> <span class='ocrx_word' id='word_1_93' title='bbox 956 1372 1228 1436; x_wconf 87' lang='grc' dir='ltr'>συνειδὼς,</span> <span class='ocrx_word' id='word_1_94' title='bbox 1261 1371 1396 1440; x_wconf 80' lang='grc' dir='ltr'>μετά</span> <span class='ocrx_word' id='word_1_95' title='bbox 1425 1368 1521 1438; x_wconf 77' lang='grc' dir='ltr'>τὴν</span> <span class='ocrx_word' id='word_1_96' title='bbox 1543 1367 1648 1420; x_wconf 77' lang='grc' dir='ltr'>ἀπὸ</span> <span class='ocrx_word' id='word_1_97' title='bbox 1668 1366 1766 1435; x_wconf 81' lang='grc' dir='ltr'>τῆς</span> <span class='ocrx_word' id='word_1_98' title='bbox 1789 1364 1982 1433; x_wconf 86' lang='grc' dir='ltr'>πείρας</span> 
     </span>
    </p>
   </div>
   <div class='ocr_carea' id='block_1_14' title="bbox 403 1449 1978 1536">
    <p class='ocr_par' dir='ltr' id='par_1_14' title="bbox 403 1449 1978 1536">
     <span class='ocr_line' id='line_1_14' title="bbox 403 1449 1978 1536; baseline -0.014 -16"><span class='ocrx_word' id='word_1_99' title='bbox 403 1464 638 1536; x_wconf 81' lang='grc' dir='ltr'>πληγὴν,</span> <span class='ocrx_word' id='word_1_100' title='bbox 667 1461 762 1515; x_wconf 77' lang='grc' dir='ltr'>καὶ</span> <span class='ocrx_word' id='word_1_101' title='bbox 784 1460 882 1531; x_wconf 84' lang='grc' dir='ltr'>τὴν</span> <span class='ocrx_word' id='word_1_102' title='bbox 901 1459 990 1511; x_wconf 75' lang='grc' dir='ltr'>διὰ</span> <span class='ocrx_word' id='word_1_103' title='bbox 1015 1457 1122 1508; x_wconf 88' lang='grc' dir='ltr'>τῶν</span> <span class='ocrx_word' id='word_1_104' title='bbox 1145 1456 1404 1526; x_wconf 76' lang='grc' dir='ltr'>ῥημάτιον</span> <span class='ocrx_word' id='word_1_105' title='bbox 1427 1452 1620 1518; x_wconf 87' lang='grc' dir='ltr'>ἐπάγει</span> <span class='ocrx_word' id='word_1_106' title='bbox 1644 1449 1949 1520; x_wconf 89' lang='grc' dir='ltr'>προσϐολήν</span> <span class='ocrx_word' id='word_1_107' title='bbox 1965 1464 1978 1478; x_wconf 80' lang='grc' dir='ltr'><strong>ο</strong></span> 
     </span>
    </p>
   </div>
   <div class='ocr_carea' id='block_1_15' title="bbox 402 1531 1984 1620">
    <p class='ocr_par' dir='ltr' id='par_1_15' title="bbox 402 1531 1984 1620">
     <span class='ocr_line' id='line_1_15' title="bbox 402 1531 1984 1620; baseline -0.015 -17"><span class='ocrx_word' id='word_1_108' title='bbox 402 1531 540 1620; x_wconf 73' lang='grc' dir='ltr'>ὅπερ</span> <span class='ocrx_word' id='word_1_109' title='bbox 577 1531 673 1600; x_wconf 78' lang='grc' dir='ltr'>οὖν</span> <span class='ocrx_word' id='word_1_110' title='bbox 713 1544 966 1613; x_wconf 83' lang='grc' dir='ltr'>ἐποίησεν</span> <span class='ocrx_word' id='word_1_111' title='bbox 1005 1541 1098 1594; x_wconf 81' lang='grc' dir='ltr'>καὶ</span> <span class='ocrx_word' id='word_1_112' title='bbox 1134 1540 1226 1591; x_wconf 71' lang='grc' dir='ltr'>ἐπὶ</span> <span class='ocrx_word' id='word_1_113' title='bbox 1277 1536 1368 1590; x_wconf 88' lang='grc' dir='ltr'>τοῦ</span> <span class='ocrx_word' id='word_1_114' title='bbox 1405 1534 1583 1587; x_wconf 78' lang='grc' dir='ltr'>Δαυῖδ.</span> <span class='ocrx_word' id='word_1_115' title='bbox 1626 1531 1840 1602; x_wconf 78' lang='grc' dir='ltr'>Ἐπειδὴ</span> <span class='ocrx_word' id='word_1_116' title='bbox 1876 1532 1984 1600; x_wconf 79' lang='grc' dir='ltr'>γάρ</span> 
     </span>
    </p>
   </div>
   <div class='ocr_carea' id='block_1_16' title="bbox 404 1613 1984 1698">
    <p class='ocr_par' dir='ltr' id='par_1_16' title="bbox 404 1613 1984 1698">
     <span class='ocr_line' id='line_1_16' title="bbox 404 1613 1984 1698; baseline -0.015 -11"><span class='ocrx_word' id='word_1_117' title='bbox 404 1631 544 1688; x_wconf 82' lang='grc' dir='ltr'>εἶδεν</span> <span class='ocrx_word' id='word_1_118' title='bbox 578 1631 738 1687; x_wconf 78' lang='grc' dir='ltr'>αὐτὸν</span> <span class='ocrx_word' id='word_1_119' title='bbox 759 1627 1022 1698; x_wconf 81' lang='grc' dir='ltr'>γενναίως</span> <span class='ocrx_word' id='word_1_120' title='bbox 1051 1623 1343 1692; x_wconf 77' lang='grc' dir='ltr'>ἐνεγκόντα</span> <span class='ocrx_word' id='word_1_121' title='bbox 1367 1621 1464 1690; x_wconf 78' lang='grc' dir='ltr'>τήν</span> <span class='ocrx_word' id='word_1_122' title='bbox 1499 1617 1864 1670; x_wconf 86' lang='grc' dir='ltr'>ἐπανάστασιν</span> <span class='ocrx_word' id='word_1_123' title='bbox 1890 1613 1984 1664; x_wconf 89' lang='grc' dir='ltr'>τοῦ</span> 
     </span>
    </p>
   </div>
   <div class='ocr_carea' id='block_1_17' title="bbox 406 1696 1986 1783">
    <p class='ocr_par' dir='ltr' id='par_1_17' title="bbox 406 1696 1986 1783">
     <span class='ocr_line' id='line_1_17' title="bbox 406 1696 1986 1783; baseline -0.015 -13"><span class='ocrx_word' id='word_1_124' title='bbox 406 1717 614 1779; x_wconf 79' lang='grc' dir='ltr'>παιδὸς,</span> <span class='ocrx_word' id='word_1_125' title='bbox 648 1714 741 1768; x_wconf 74' lang='grc' dir='ltr'>καὶ</span> <span class='ocrx_word' id='word_1_126' title='bbox 772 1714 870 1783; x_wconf 79' lang='grc' dir='ltr'>τὴν</span> <span class='ocrx_word' id='word_1_127' title='bbox 898 1709 1209 1780; x_wconf 83' lang='grc' dir='ltr'>παράνομον</span> <span class='ocrx_word' id='word_1_128' title='bbox 1235 1705 1447 1773; x_wconf 90' lang='grc' dir='ltr'>ἐκείνην</span> <span class='ocrx_word' id='word_1_129' title='bbox 1470 1699 1776 1770; x_wconf 84' lang='grc' dir='ltr'>τυραννίδα,</span> <span class='ocrx_word' id='word_1_130' title='bbox 1801 1696 1986 1764; x_wconf 85' lang='grc' dir='ltr'>βουλό-</span> 
     </span>
    </p>
   </div>
   <div class='ocr_carea' id='block_1_18' title="bbox 411 1780 1986 1873">
    <p class='ocr_par' dir='ltr' id='par_1_18' title="bbox 411 1780 1986 1873">
     <span class='ocr_line' id='line_1_18' title="bbox 411 1780 1986 1873; baseline -0.016 -18"><span class='ocrx_word' id='word_1_131' title='bbox 411 1819 571 1873; x_wconf 87' lang='grc' dir='ltr'>μενος</span> <span class='ocrx_word' id='word_1_132' title='bbox 599 1780 951 1853; x_wconf 79' lang='grc' dir='ltr'>ὑποσκελίσαι</span> <span class='ocrx_word' id='word_1_133' title='bbox 983 1795 1081 1864; x_wconf 84' lang='grc' dir='ltr'>τὴν</span> <span class='ocrx_word' id='word_1_134' title='bbox 1107 1791 1367 1852; x_wconf 81' lang='grc' dir='ltr'>διάνοιαν,</span> <span class='ocrx_word' id='word_1_135' title='bbox 1395 1788 1486 1840; x_wconf 72' lang='grc' dir='ltr'>καὶ</span> <span class='ocrx_word' id='word_1_136' title='bbox 1513 1787 1692 1837; x_wconf 84' lang='grc' dir='ltr'>πεῖσαι</span> <span class='ocrx_word' id='word_1_137' title='bbox 1714 1785 1791 1844; x_wconf 86' lang='grc' dir='ltr'>είς</span> <span class='ocrx_word' id='word_1_138' title='bbox 1818 1780 1986 1850; x_wconf 80' lang='grc' dir='ltr'>ὀργὴν</span> 
     </span>
    </p>
   </div>
   <div class='ocr_carea' id='block_1_19' title="bbox 408 1868 1986 1948">
    <p class='ocr_par' dir='ltr' id='par_1_19' title="bbox 408 1868 1986 1948">
     <span class='ocr_line' id='line_1_19' title="bbox 408 1868 1986 1948; baseline -0.016 -9"><span class='ocrx_word' id='word_1_139' title='bbox 408 1868 681 1946; x_wconf 78' lang='grc' dir='ltr'>ἐκπεσεῖν,</span> <span class='ocrx_word' id='word_1_140' title='bbox 711 1880 947 1948; x_wconf 82' lang='grc' dir='ltr'>καθῆκεν</span> <span class='ocrx_word' id='word_1_141' title='bbox 971 1877 1177 1928; x_wconf 89' lang='grc' dir='ltr'>ἐκεῖνον</span> <span class='ocrx_word' id='word_1_142' title='bbox 1224 1873 1315 1924; x_wconf 82' lang='grc' dir='ltr'>τὸν</span> <span class='ocrx_word' id='word_1_143' title='bbox 1343 1870 1534 1938; x_wconf 76' lang='grc' dir='ltr'>Σεμεεὶ</span> <span class='ocrx_word' id='word_1_144' title='bbox 1563 1868 1615 1931; x_wconf 75' lang='grc' dir='ltr'>ι),</span> <span class='ocrx_word' id='word_1_145' title='bbox 1661 1869 1863 1937; x_wconf 78' lang='grc' dir='ltr'>ῥήμασι</span> <span class='ocrx_word' id='word_1_146' title='bbox 1893 1881 1986 1914; x_wconf 86' lang='grc' dir='ltr'>πι-</span> 
     </span>
    </p>
   </div>
   <div class='ocr_carea' id='block_1_20' title="bbox 409 1946 1989 2040">
    <p class='ocr_par' dir='ltr' id='par_1_20' title="bbox 409 1946 1989 2040">
     <span class='ocr_line' id='line_1_20' title="bbox 409 1946 1989 2040; baseline -0.016 -18"><span class='ocrx_word' id='word_1_147' title='bbox 409 1972 558 2040; x_wconf 79' lang='grc' dir='ltr'>κροῖς</span> <span class='ocrx_word' id='word_1_148' title='bbox 596 1964 1015 2034; x_wconf 81' lang='grc' dir='ltr'>παρασκευάσας</span> <span class='ocrx_word' id='word_1_149' title='bbox 1045 1958 1230 2010; x_wconf 81' lang='grc' dir='ltr'>δακεῖν</span> <span class='ocrx_word' id='word_1_150' title='bbox 1263 1953 1426 2007; x_wconf 87' lang='grc' dir='ltr'>αὐτοῦ</span> <span class='ocrx_word' id='word_1_151' title='bbox 1460 1954 1557 2022; x_wconf 79' lang='grc' dir='ltr'>τὴν</span> <span class='ocrx_word' id='word_1_152' title='bbox 1593 1951 1788 2019; x_wconf 66' lang='grc' dir='ltr'>ῲυχήν.</span> <span class='ocrx_word' id='word_1_153' title='bbox 1819 1946 1989 1998; x_wconf 88' lang='grc' dir='ltr'>Τοῦτο</span> 
     </span>
    </p>
   </div>
   <div class='ocr_carea' id='block_1_21' title="bbox 409 2029 1990 2111">
    <p class='ocr_par' dir='ltr' id='par_1_21' title="bbox 409 2029 1990 2111">
     <span class='ocr_line' id='line_1_21' title="bbox 409 2029 1990 2111; baseline -0.015 -6"><span class='ocrx_word' id='word_1_154' title='bbox 409 2029 503 2106; x_wconf 73' lang='grc' dir='ltr'>καὶ</span> <span class='ocrx_word' id='word_1_155' title='bbox 532 2029 624 2104; x_wconf 79' lang='grc' dir='ltr'>ἐπὶ</span> <span class='ocrx_word' id='word_1_156' title='bbox 647 2029 741 2101; x_wconf 82' lang='grc' dir='ltr'>τοῦ</span> <span class='ocrx_word' id='word_1_157' title='bbox 784 2045 902 2099; x_wconf 86' lang='grc' dir='ltr'>Ἰὼϐ</span> <span class='ocrx_word' id='word_1_158' title='bbox 929 2040 1341 2111; x_wconf 77' lang='grc' dir='ltr'>ἐκακούργησεν</span> <span class='ocrx_word' id='word_1_159' title='bbox 1361 2077 1373 2088; x_wconf 94' lang='grc'>.</span> <span class='ocrx_word' id='word_1_160' title='bbox 1413 2039 1501 2097; x_wconf 86' lang='grc' dir='ltr'>Ὠς</span> <span class='ocrx_word' id='word_1_161' title='bbox 1529 2033 1638 2103; x_wconf 78' lang='grc' dir='ltr'>γὰρ</span> <span class='ocrx_word' id='word_1_162' title='bbox 1667 2029 1772 2084; x_wconf 85' lang='grc' dir='ltr'>εἶδε</span> <span class='ocrx_word' id='word_1_163' title='bbox 1803 2032 1990 2084; x_wconf 89' lang='grc' dir='ltr'>κάκεῖ-</span> 
     </span>
    </p>
   </div>
   <div class='ocr_carea' id='block_1_22' title="bbox 408 2115 1994 2202">
    <p class='ocr_par' dir='ltr' id='par_1_22' title="bbox 408 2115 1994 2202">
     <span class='ocr_line' id='line_1_22' title="bbox 408 2115 1994 2202; baseline -0.014 -14"><span class='ocrx_word' id='word_1_164' title='bbox 408 2154 498 2188; x_wconf 87' lang='grc' dir='ltr'>νον</span> <span class='ocrx_word' id='word_1_165' title='bbox 519 2131 966 2202; x_wconf 81' lang='grc' dir='ltr'>καταγελάσαντα</span> <span class='ocrx_word' id='word_1_166' title='bbox 987 2125 1153 2181; x_wconf 79' lang='grc' dir='ltr'>αὑτοῦ</span> <span class='ocrx_word' id='word_1_167' title='bbox 1174 2125 1282 2177; x_wconf 91' lang='grc' dir='ltr'>τῶν</span> <span class='ocrx_word' id='word_1_168' title='bbox 1305 2121 1491 2192; x_wconf 82' lang='grc' dir='ltr'>βελῶν,</span> <span class='ocrx_word' id='word_1_169' title='bbox 1525 2121 1619 2172; x_wconf 74' lang='grc' dir='ltr'>καὶ</span> <span class='ocrx_word' id='word_1_170' title='bbox 1641 2117 1789 2169; x_wconf 85' lang='grc' dir='ltr'>ὥσπε</span> <span class='ocrx_word' id='word_1_171' title='bbox 1798 2134 1828 2184; x_wconf 92' lang='grc' dir='ltr'>ρ</span> <span class='ocrx_word' id='word_1_172' title='bbox 1873 2115 1994 2168; x_wconf 81' lang='grc' dir='ltr'>ἁδα-</span> 
     </span>
    </p>
   </div>
   <div class='ocr_carea' id='block_1_23' title="bbox 415 2199 1992 2291">
    <p class='ocr_par' dir='ltr' id='par_1_23' title="bbox 415 2199 1992 2291">
     <span class='ocr_line' id='line_1_23' title="bbox 415 2199 1992 2291; baseline -0.016 -16"><span class='ocrx_word' id='word_1_173' title='bbox 415 2199 1059 2291; x_wconf 23' lang='grc' dir='ltr'>μάντινοννπύργονίπρὸς</span> <span class='ocrx_word' id='word_1_174' title='bbox 1082 2210 1261 2262; x_wconf 85' lang='grc' dir='ltr'>πάντα</span> <span class='ocrx_word' id='word_1_175' title='bbox 1289 2206 1486 2259; x_wconf 85' lang='grc' dir='ltr'>στάντα</span> <span class='ocrx_word' id='word_1_176' title='bbox 1513 2201 1774 2270; x_wconf 82' lang='grc' dir='ltr'>γενναίως</span> <span class='ocrx_word' id='word_1_177' title='bbox 1791 2241 1804 2263; x_wconf 90' lang='grc'>,</span> <span class='ocrx_word' id='word_1_178' title='bbox 1857 2199 1992 2253; x_wconf 91' lang='grc' dir='ltr'>καθ-</span> 
     </span>
    </p>
   </div>
   <div class='ocr_carea' id='block_1_24' title="bbox 411 2284 1993 2371">
    <p class='ocr_par' dir='ltr' id='par_1_24' title="bbox 411 2284 1993 2371">
     <span class='ocr_line' id='line_1_24' title="bbox 411 2284 1993 2371; baseline -0.014 -16"><span class='ocrx_word' id='word_1_179' title='bbox 411 2284 616 2357; x_wconf 76' lang='grc' dir='ltr'>ῶπλισε</span> <span class='ocrx_word' id='word_1_180' title='bbox 642 2301 739 2371; x_wconf 81' lang='grc' dir='ltr'>τὴν</span> <span class='ocrx_word' id='word_1_181' title='bbox 764 2284 1017 2367; x_wconf 87' lang='grc' dir='ltr'>γυναῖκα,</span> <span class='ocrx_word' id='word_1_182' title='bbox 1048 2296 1135 2347; x_wconf 78' lang='grc' dir='ltr'>ἵνα</span> <span class='ocrx_word' id='word_1_183' title='bbox 1161 2289 1518 2356; x_wconf 85' lang='grc' dir='ltr'>ἀνύποπτοςή</span> <span class='ocrx_word' id='word_1_184' title='bbox 1543 2284 1993 2371; x_wconf 73' lang='grc' dir='ltr'>συμϐουλήγένη-</span> 
     </span>
    </p>
   </div>
   <div class='ocr_carea' id='block_1_25' title="bbox 410 2368 1992 2454">
    <p class='ocr_par' dir='ltr' id='par_1_25' title="bbox 410 2368 1992 2454">
     <span class='ocr_line' id='line_1_25' title="bbox 410 2368 1992 2454; baseline -0.016 -12"><span class='ocrx_word' id='word_1_185' title='bbox 410 2405 524 2451; x_wconf 90' lang='grc' dir='ltr'>ται,</span> <span class='ocrx_word' id='word_1_186' title='bbox 550 2387 644 2439; x_wconf 81' lang='grc' dir='ltr'>καὶ</span> <span class='ocrx_word' id='word_1_187' title='bbox 671 2368 933 2454; x_wconf 71' lang='grc' dir='ltr'>ἐνέκρυψε</span> <span class='ocrx_word' id='word_1_188' title='bbox 958 2380 1018 2432; x_wconf 79' lang='grc' dir='ltr'>τὸ</span> <span class='ocrx_word' id='word_1_189' title='bbox 1045 2376 1366 2448; x_wconf 83' lang='grc' dir='ltr'>δηλητήριον</span> <span class='ocrx_word' id='word_1_190' title='bbox 1392 2374 1502 2433; x_wconf 90' lang='grc' dir='ltr'>τοῖς</span> <span class='ocrx_word' id='word_1_191' title='bbox 1528 2370 1741 2454; x_wconf 66' lang='grc' dir='ltr'>ἐκείνης</span> <span class='ocrx_word' id='word_1_192' title='bbox 1766 2368 1992 2454; x_wconf 74' lang='grc' dir='ltr'>ῥήμασι,</span> 
     </span>
    </p>
   </div>
   <div class='ocr_carea' id='block_1_26' title="bbox 414 2450 1997 2539">
    <p class='ocr_par' dir='ltr' id='par_1_26' title="bbox 414 2450 1997 2539">
     <span class='ocr_line' id='line_1_26' title="bbox 414 2450 1997 2539; baseline -0.016 -14"><span class='ocrx_word' id='word_1_193' title='bbox 414 2472 510 2525; x_wconf 75' lang='grc' dir='ltr'>καὶ</span> <span class='ocrx_word' id='word_1_194' title='bbox 562 2469 659 2539; x_wconf 81' lang='grc' dir='ltr'>τὴν</span> <span class='ocrx_word' id='word_1_195' title='bbox 706 2450 989 2535; x_wconf 79' lang='grc' dir='ltr'>συμφορὰν</span> <span class='ocrx_word' id='word_1_196' title='bbox 1034 2458 1400 2532; x_wconf 81' lang='grc' dir='ltr'>ἐτραγῴδησε.</span> <span class='ocrx_word' id='word_1_197' title='bbox 1448 2455 1512 2506; x_wconf 90' lang='grc' dir='ltr'>Τί</span> <span class='ocrx_word' id='word_1_198' title='bbox 1554 2450 1646 2505; x_wconf 80' lang='grc' dir='ltr'>οὖν</span> <span class='ocrx_word' id='word_1_199' title='bbox 1678 2454 1706 2505; x_wconf 87' lang='grc' dir='ltr'><strong>ὁ</strong></span> <span class='ocrx_word' id='word_1_200' title='bbox 1755 2453 1997 2539; x_wconf 71' lang='grc' dir='ltr'>γενναῖος</span> 
     </span>
    </p>
   </div>
   <div class='ocr_carea' id='block_1_27' title="bbox 415 2533 1998 2616">
    <p class='ocr_par' dir='ltr' id='par_1_27' title="bbox 415 2533 1998 2616">
     <span class='ocr_line' id='line_1_27' title="bbox 415 2533 1998 2616; baseline -0.016 -6"><span class='ocrx_word' id='word_1_201' title='bbox 415 2556 622 2616; x_wconf 87' lang='grc' dir='ltr'>ἐκεῖνος</span> <span class='ocrx_word' id='word_1_202' title='bbox 646 2564 668 2591; x_wconf 77' lang='grc' dir='ltr'><strong>ο</strong></span> <span class='ocrx_word' id='word_1_203' title='bbox 693 2569 707 2614; x_wconf 91' lang='grc'>;</span> <span class='ocrx_word' id='word_1_204' title='bbox 737 2533 862 2604; x_wconf 77' lang='grc' dir='ltr'>Ἵνα</span> <span class='ocrx_word' id='word_1_205' title='bbox 894 2533 956 2601; x_wconf 80' lang='grc' dir='ltr'>τί</span> <span class='ocrx_word' id='word_1_206' title='bbox 995 2548 1075 2612; x_wconf 87' lang='grc' dir='ltr'>ὡς</span> <span class='ocrx_word' id='word_1_207' title='bbox 1099 2546 1207 2613; x_wconf 83' lang='grc' dir='ltr'>μία</span> <span class='ocrx_word' id='word_1_208' title='bbox 1236 2541 1354 2595; x_wconf 84' lang='grc' dir='ltr'>τῶν</span> <span class='ocrx_word' id='word_1_209' title='bbox 1381 2539 1659 2607; x_wconf 60' lang='grc' dir='ltr'>ἀφρόνων</span> <span class='ocrx_word' id='word_1_210' title='bbox 1697 2533 1998 2605; x_wconf 77' lang='grc' dir='ltr'>γυναικῶν</span> 
     </span>
    </p>
   </div>
   <div class='ocr_carea' id='block_1_28' title="bbox 415 2619 1998 2702">
    <p class='ocr_par' dir='ltr' id='par_1_28' title="bbox 415 2619 1998 2702">
     <span class='ocr_line' id='line_1_28' title="bbox 415 2619 1998 2702; baseline -0.013 -12"><span class='ocrx_word' id='word_1_211' title='bbox 415 2636 757 2702; x_wconf 50' lang='lat' dir='ltr'>inundat);</span> <span class='ocrx_word' id='word_1_212' title='bbox 781 2635 848 2685; x_wconf 81' lang='lat' dir='ltr'>El</span> <span class='ocrx_word' id='word_1_213' title='bbox 887 2631 958 2683; x_wconf 83' lang='grc' dir='ltr'>τὰ</span> <span class='ocrx_word' id='word_1_214' title='bbox 986 2627 1175 2696; x_wconf 79' lang='grc' dir='ltr'>ἀγαθὰ</span> <span class='ocrx_word' id='word_1_215' title='bbox 1202 2623 1526 2693; x_wconf 80' lang='grc' dir='ltr'>ἐδεξάμεθα</span> <span class='ocrx_word' id='word_1_216' title='bbox 1554 2622 1621 2674; x_wconf 78' lang='grc' dir='ltr'>ἐκ</span> <span class='ocrx_word' id='word_1_217' title='bbox 1652 2619 1851 2689; x_wconf 77' lang='grc' dir='ltr'>χειρὸς</span> <span class='ocrx_word' id='word_1_218' title='bbox 1883 2621 1998 2670; x_wconf 81' lang='grc' dir='ltr'>Κυ-</span> 
     </span>
    </p>
   </div>
   <div class='ocr_carea' id='block_1_29' title="bbox 417 2702 1996 2788">
    <p class='ocr_par' dir='ltr' id='par_1_29' title="bbox 417 2702 1996 2788">
     <span class='ocr_line' id='line_1_29' title="bbox 417 2702 1996 2788; baseline -0.013 -15"><span class='ocrx_word' id='word_1_219' title='bbox 417 2721 572 2788; x_wconf 81' lang='grc' dir='ltr'>ρίου,</span> <span class='ocrx_word' id='word_1_220' title='bbox 600 2718 674 2771; x_wconf 85' lang='grc' dir='ltr'>τὰ</span> <span class='ocrx_word' id='word_1_221' title='bbox 707 2716 859 2769; x_wconf 77' lang='grc' dir='ltr'>κακὰ</span> <span class='ocrx_word' id='word_1_222' title='bbox 891 2717 1001 2782; x_wconf 82' lang='grc' dir='ltr'>οὐχ</span> <span class='ocrx_word' id='word_1_223' title='bbox 1036 2708 1184 2783; x_wconf 79' lang='lat'>[718]</span> <span class='ocrx_word' id='word_1_224' title='bbox 1221 2709 1584 2788; x_wconf 72' lang='grc' dir='ltr'>ὑποι’σομεν;</span> <span class='ocrx_word' id='word_1_225' title='bbox 1637 2707 1702 2756; x_wconf 83' lang='grc' dir='ltr'><em>Ὃ</em></span> <span class='ocrx_word' id='word_1_226' title='bbox 1730 2705 1786 2756; x_wconf 82' lang='grc' dir='ltr'>δὲ</span> <span class='ocrx_word' id='word_1_227' title='bbox 1829 2702 1996 2788; x_wconf 91' lang='grc' dir='ltr'>λέγει,</span> 
     </span>
    </p>
   </div>
   <div class='ocr_carea' id='block_1_30' title="bbox 418 2786 1999 2865">
    <p class='ocr_par' dir='ltr' id='par_1_30' title="bbox 418 2786 1999 2865">
     <span class='ocr_line' id='line_1_30' title="bbox 418 2786 1999 2865; baseline -0.011 -9"><span class='ocrx_word' id='word_1_228' title='bbox 418 2786 658 2855; x_wconf 82' lang='grc' dir='ltr'>τοιοῦτόν</span> <span class='ocrx_word' id='word_1_229' title='bbox 707 2802 882 2851; x_wconf 86' lang='grc' dir='ltr'>ἐστιν·</span> <span class='ocrx_word' id='word_1_230' title='bbox 930 2792 994 2849; x_wconf 69' lang='lat' dir='ltr'><strong>Et</strong></span> <span class='ocrx_word' id='word_1_231' title='bbox 1031 2795 1104 2865; x_wconf 85' lang='grc' dir='ltr'>μὴ</span> <span class='ocrx_word' id='word_1_232' title='bbox 1138 2792 1413 2860; x_wconf 76' lang='grc' dir='ltr'>Δεσπότης</span> <span class='ocrx_word' id='word_1_233' title='bbox 1441 2786 1529 2860; x_wconf 83' lang='grc' dir='ltr'>ἦν,</span> <span class='ocrx_word' id='word_1_234' title='bbox 1569 2788 1703 2859; x_wconf 85' lang='grc' dir='ltr'>μηδὲ</span> <span class='ocrx_word' id='word_1_235' title='bbox 1748 2786 1999 2840; x_wconf 87' lang='grc' dir='ltr'>τοσοῦτον</span> 
     </span>
    </p>
   </div>
   <div class='ocr_carea' id='block_1_31' title="bbox 421 2871 2005 2955">
    <p class='ocr_par' dir='ltr' id='par_1_31' title="bbox 421 2871 2005 2955">
     <span class='ocr_line' id='line_1_31' title="bbox 421 2871 2005 2955; baseline -0.011 -17"><span class='ocrx_word' id='word_1_236' title='bbox 421 2885 577 2955; x_wconf 86' lang='grc' dir='ltr'>ήμῶν</span> <span class='ocrx_word' id='word_1_237' title='bbox 599 2883 895 2952; x_wconf 78' lang='grc' dir='ltr'>ὑπερέχων,</span> <span class='ocrx_word' id='word_1_238' title='bbox 924 2879 1057 2933; x_wconf 86' lang='grc' dir='ltr'>άλλά</span> <span class='ocrx_word' id='word_1_239' title='bbox 1089 2877 1238 2947; x_wconf 82' lang='grc' dir='ltr'>φίλος</span> <span class='ocrx_word' id='word_1_240' title='bbox 1267 2893 1348 2937; x_wconf 92' lang='grc' dir='ltr'>τις</span> <span class='ocrx_word' id='word_1_241' title='bbox 1370 2874 1652 2943; x_wconf 78' lang='grc' dir='ltr'>ὁμότιμος,</span> <span class='ocrx_word' id='word_1_242' title='bbox 1691 2871 1848 2924; x_wconf 90' lang='grc' dir='ltr'>ποίαν</span> <span class='ocrx_word' id='word_1_243' title='bbox 1871 2873 2005 2940; x_wconf 76' lang='grc' dir='ltr'>εἴχο-</span> 
     </span>
    </p>
   </div>
   <div class='ocr_carea' id='block_1_32' title="bbox 425 2953 2001 3040">
    <p class='ocr_par' dir='ltr' id='par_1_32' title="bbox 425 2953 2001 3040">
     <span class='ocr_line' id='line_1_32' title="bbox 425 2953 2001 3040; baseline -0.011 -18"><span class='ocrx_word' id='word_1_244' title='bbox 425 2953 524 3040; x_wconf 81' lang='grc' dir='ltr'>μεν</span> <span class='ocrx_word' id='word_1_245' title='bbox 551 2967 866 3035; x_wconf 86' lang='grc' dir='ltr'>ἀπολογίαν,</span> <span class='ocrx_word' id='word_1_246' title='bbox 897 2962 1132 3016; x_wconf 89' lang='grc' dir='ltr'>τοσαῦτα</span> <span class='ocrx_word' id='word_1_247' title='bbox 1157 2957 1622 3040; x_wconf 38' lang='grc' dir='ltr'>εὐεργετηθέντες.</span> <span class='ocrx_word' id='word_1_248' title='bbox 1638 2956 1768 3026; x_wconf 83' lang='grc' dir='ltr'>παρ’</span> <span class='ocrx_word' id='word_1_249' title='bbox 1803 2953 1964 3007; x_wconf 88' lang='grc' dir='ltr'>αὑτοῦ</span> <span class='ocrx_word' id='word_1_250' title='bbox 1985 2994 2001 3020; x_wconf 89' lang='grc'>,</span> 
     </span>
    </p>
   </div>
   <div class='ocr_carea' id='block_1_33' title="bbox 423 3034 2004 3114">
    <p class='ocr_par' dir='ltr' id='par_1_33' title="bbox 423 3034 2004 3114">
     <span class='ocr_line' id='line_1_33' title="bbox 423 3034 2004 3114; baseline -0.011 -7"><span class='ocrx_word' id='word_1_251' title='bbox 423 3034 520 3107; x_wconf 74' lang='grc' dir='ltr'>καὶ</span> <span class='ocrx_word' id='word_1_252' title='bbox 545 3055 660 3114; x_wconf 89' lang='grc' dir='ltr'>τοῖς</span> <span class='ocrx_word' id='word_1_253' title='bbox 688 3034 949 3110; x_wconf 73' lang='grc' dir='ltr'>ἐναντίοις</span> <span class='ocrx_word' id='word_1_254' title='bbox 972 3046 1132 3100; x_wconf 81' lang='grc' dir='ltr'>αὐτὸν</span> <span class='ocrx_word' id='word_1_255' title='bbox 1154 3043 1499 3113; x_wconf 79' lang='grc' dir='ltr'>ἀμειϐόμενοι</span> <span class='ocrx_word' id='word_1_256' title='bbox 1521 3059 1534 3106; x_wconf 89' lang='grc'><strong>;</strong></span> <span class='ocrx_word' id='word_1_257' title='bbox 1558 3034 1712 3100; x_wconf 80' lang='grc' dir='ltr'>Εἶδες</span> <span class='ocrx_word' id='word_1_258' title='bbox 1733 3037 1758 3076; x_wconf 71' lang='grc' dir='ltr'>ι]</span> <span class='ocrx_word' id='word_1_259' title='bbox 1779 3036 2004 3108; x_wconf 85' lang='grc' dir='ltr'>γνώμην</span> 
     </span>
    </p>
   </div>
   <div class='ocr_carea' id='block_1_34' title="bbox 424 3122 2003 3208">
    <p class='ocr_par' dir='ltr' id='par_1_34' title="bbox 424 3122 2003 3208">
     <span class='ocr_line' id='line_1_34' title="bbox 424 3122 2003 3208; baseline -0.011 -17"><span class='ocrx_word' id='word_1_260' title='bbox 424 3137 692 3208; x_wconf 81' lang='grc' dir='ltr'>φιλόθεον,</span> <span class='ocrx_word' id='word_1_261' title='bbox 719 3135 812 3187; x_wconf 74' lang='grc' dir='ltr'>καὶ</span> <span class='ocrx_word' id='word_1_262' title='bbox 837 3133 953 3195; x_wconf 89' lang='grc' dir='ltr'>πῶς</span> <span class='ocrx_word' id='word_1_263' title='bbox 973 3132 1034 3185; x_wconf 89' lang='grc' dir='ltr'>οὐ</span> <span class='ocrx_word' id='word_1_264' title='bbox 1067 3127 1476 3200; x_wconf 84' lang='grc' dir='ltr'>μεγαλοφρονεῖ,</span> <span class='ocrx_word' id='word_1_265' title='bbox 1511 3124 1632 3177; x_wconf 83' lang='grc' dir='ltr'>οὐδὲ</span> <span class='ocrx_word' id='word_1_266' title='bbox 1645 3122 2003 3208; x_wconf 86' lang='grc' dir='ltr'>ἐναϐρύνεται</span> 
     </span>
    </p>
   </div>
   <div class='ocr_carea' id='block_1_35' title="bbox 426 3205 2004 3289">
    <p class='ocr_par' dir='ltr' id='par_1_35' title="bbox 426 3205 2004 3289">
     <span class='ocr_line' id='line_1_35' title="bbox 426 3205 2004 3289; baseline -0.011 -14"><span class='ocrx_word' id='word_1_267' title='bbox 426 3205 521 3275; x_wconf 76' lang='grc' dir='ltr'>ἐπὶ</span> <span class='ocrx_word' id='word_1_268' title='bbox 565 3220 642 3289; x_wconf 83' lang='grc' dir='ltr'>τῷ</span> <span class='ocrx_word' id='word_1_269' title='bbox 677 3217 939 3287; x_wconf 87' lang='grc' dir='ltr'>γενναίως</span> <span class='ocrx_word' id='word_1_270' title='bbox 992 3214 1235 3279; x_wconf 83' lang='grc' dir='ltr'>ἐνεγκεῖν</span> <span class='ocrx_word' id='word_1_271' title='bbox 1286 3210 1382 3271; x_wconf 85' lang='grc' dir='ltr'>τὰς</span> <span class='ocrx_word' id='word_1_272' title='bbox 1411 3208 1551 3278; x_wconf 87' lang='grc' dir='ltr'>ὑπὲρ</span> <span class='ocrx_word' id='word_1_273' title='bbox 1587 3207 1746 3275; x_wconf 84' lang='grc' dir='ltr'>φύσιν</span> <span class='ocrx_word' id='word_1_274' title='bbox 1795 3205 2004 3268; x_wconf 87' lang='grc' dir='ltr'>ἐκείνας</span> 
     </span>
    </p>
   </div>
   <div class='ocr_carea' id='block_1_36' title="bbox 429 3289 2006 3375">
    <p class='ocr_par' dir='ltr' id='par_1_36' title="bbox 429 3289 2006 3375">
     <span class='ocr_line' id='line_1_36' title="bbox 429 3289 2006 3375; baseline -0.011 -18"><span class='ocrx_word' id='word_1_275' title='bbox 429 3302 663 3375; x_wconf 84' lang='grc' dir='ltr'>πληγὰς,</span> <span class='ocrx_word' id='word_1_276' title='bbox 693 3299 813 3352; x_wconf 82' lang='grc' dir='ltr'>οὐτε</span> <span class='ocrx_word' id='word_1_277' title='bbox 848 3297 1038 3366; x_wconf 72' lang='grc' dir='ltr'>σοφίας</span> <span class='ocrx_word' id='word_1_278' title='bbox 1073 3289 1210 3346; x_wconf 83' lang='grc' dir='ltr'>εἶναι</span> <span class='ocrx_word' id='word_1_279' title='bbox 1250 3292 1457 3375; x_wconf 77' lang='grc' dir='ltr'>νομίζει</span> <span class='ocrx_word' id='word_1_280' title='bbox 1483 3291 1572 3343; x_wconf 76' lang='grc' dir='ltr'>καὶ</span> <span class='ocrx_word' id='word_1_281' title='bbox 1605 3289 2006 3360; x_wconf 72' lang='grc' dir='ltr'>μεγαλοψυχίας</span> 
     </span>
    </p>
   </div>
   <div class='ocr_carea' id='block_1_37' title="bbox 428 3371 2009 3457">
    <p class='ocr_par' dir='ltr' id='par_1_37' title="bbox 428 3371 2009 3457">
     <span class='ocr_line' id='line_1_37' title="bbox 428 3371 2009 3457; baseline -0.012 -17"><span class='ocrx_word' id='word_1_282' title='bbox 428 3371 538 3457; x_wconf 76' lang='grc' dir='ltr'>τὴν</span> <span class='ocrx_word' id='word_1_283' title='bbox 556 3382 824 3450; x_wconf 82' lang='grc' dir='ltr'>τοσαύτην</span> <span class='ocrx_word' id='word_1_284' title='bbox 855 3377 1151 3448; x_wconf 82' lang='grc' dir='ltr'>ὑπομονὴν,</span> <span class='ocrx_word' id='word_1_285' title='bbox 1176 3375 1288 3428; x_wconf 84' lang='grc' dir='ltr'>ἀλλ’</span> <span class='ocrx_word' id='word_1_286' title='bbox 1316 3374 1504 3444; x_wconf 85' lang='grc' dir='ltr'>ὥσπερ</span> <span class='ocrx_word' id='word_1_287' title='bbox 1529 3373 1822 3439; x_wconf 87' lang='grc' dir='ltr'>ἀναγκαῖον</span> <span class='ocrx_word' id='word_1_288' title='bbox 1840 3371 2009 3439; x_wconf 81' lang='grc' dir='ltr'>ὗφλη-</span> 
     </span>
    </p>
   </div>
   <div class='ocr_carea' id='block_1_38' title="bbox 435 3452 2010 3541">
    <p class='ocr_par' dir='ltr' id='par_1_38' title="bbox 435 3452 2010 3541">
     <span class='ocr_line' id='line_1_38' title="bbox 435 3452 2010 3541; baseline -0.013 -18"><span class='ocrx_word' id='word_1_289' title='bbox 435 3452 512 3541; x_wconf 80' lang='grc' dir='ltr'>μα</span> <span class='ocrx_word' id='word_1_290' title='bbox 563 3467 842 3526; x_wconf 82' lang='grc' dir='ltr'>ἐκτιννὺς,</span> <span class='ocrx_word' id='word_1_291' title='bbox 876 3461 968 3516; x_wconf 81' lang='grc' dir='ltr'>καὶ</span> <span class='ocrx_word' id='word_1_292' title='bbox 1021 3459 1170 3513; x_wconf 81' lang='grc' dir='ltr'>οὐδὲν</span> <span class='ocrx_word' id='word_1_293' title='bbox 1211 3455 1435 3518; x_wconf 77' lang='grc' dir='ltr'>ἀπεικὸς</span> <span class='ocrx_word' id='word_1_294' title='bbox 1475 3453 1694 3519; x_wconf 85' lang='grc' dir='ltr'>παθὼν,</span> <span class='ocrx_word' id='word_1_295' title='bbox 1733 3452 1904 3516; x_wconf 75' lang='grc' dir='ltr'>οὕτως</span> <span class='ocrx_word' id='word_1_296' title='bbox 1947 3454 2010 3505; x_wconf 88' lang='grc' dir='ltr'>ἐκ</span> 
     </span>
    </p>
   </div>
   <div class='ocr_carea' id='block_1_39' title="bbox 434 3535 2011 3620">
    <p class='ocr_par' dir='ltr' id='par_1_39' title="bbox 434 3535 2011 3620">
     <span class='ocr_line' id='line_1_39' title="bbox 434 3535 2011 3620; baseline -0.011 -16"><span class='ocrx_word' id='word_1_297' title='bbox 434 3547 748 3620; x_wconf 87' lang='grc' dir='ltr'>περιουσίας</span> <span class='ocrx_word' id='word_1_298' title='bbox 773 3546 833 3598; x_wconf 82' lang='grc' dir='ltr'>τὸ</span> <span class='ocrx_word' id='word_1_299' title='bbox 858 3545 1072 3613; x_wconf 85' lang='grc' dir='ltr'>γύναιον</span> <span class='ocrx_word' id='word_1_300' title='bbox 1102 3540 1423 3610; x_wconf 78' lang='grc' dir='ltr'>ἐπεστόμισε</span> <span class='ocrx_word' id='word_1_301' title='bbox 1446 3555 1458 3599; x_wconf 90' lang='grc'>;</span> <span class='ocrx_word' id='word_1_302' title='bbox 1489 3537 1659 3590; x_wconf 91' lang='grc' dir='ltr'>Τοῦτο</span> <span class='ocrx_word' id='word_1_303' title='bbox 1687 3536 1779 3588; x_wconf 73' lang='grc' dir='ltr'>καὶ</span> <span class='ocrx_word' id='word_1_304' title='bbox 1800 3537 1890 3588; x_wconf 71' lang='grc' dir='ltr'>ἐπὶ</span> <span class='ocrx_word' id='word_1_305' title='bbox 1911 3535 2011 3604; x_wconf 85' lang='grc' dir='ltr'>τῆς</span> 
     </span>
    </p>
   </div>
   <div class='ocr_carea' id='block_1_40' title="bbox 434 3615 2012 3703">
    <p class='ocr_par' dir='ltr' id='par_1_40' title="bbox 434 3615 2012 3703">
     <span class='ocr_line' id='line_1_40' title="bbox 434 3615 2012 3703; baseline -0.01 -18"><span class='ocrx_word' id='word_1_306' title='bbox 434 3615 692 3703; x_wconf 77' lang='grc' dir='ltr'>γυναικὸς</span> <span class='ocrx_word' id='word_1_307' title='bbox 726 3628 927 3697; x_wconf 88' lang='grc' dir='ltr'>ταύτης</span> <span class='ocrx_word' id='word_1_308' title='bbox 963 3625 1198 3695; x_wconf 90' lang='grc' dir='ltr'>γένονεν.</span> <span class='ocrx_word' id='word_1_309' title='bbox 1251 3621 1467 3692; x_wconf 82' lang='grc' dir='ltr'>Ἐπειδὴ</span> <span class='ocrx_word' id='word_1_310' title='bbox 1503 3620 1608 3690; x_wconf 85' lang='grc' dir='ltr'>γάρ</span> <span class='ocrx_word' id='word_1_311' title='bbox 1656 3615 1795 3672; x_wconf 79' lang='grc' dir='ltr'>εἶδεν</span> <span class='ocrx_word' id='word_1_312' title='bbox 1841 3617 2012 3688; x_wconf 79' lang='grc' dir='ltr'>αὐτὴν</span> 
     </span>
    </p>
   </div>
   <div class='ocr_carea' id='block_1_41' title="bbox 433 3701 2014 3784">
    <p class='ocr_par' dir='ltr' id='par_1_41' title="bbox 433 3701 2014 3784">
     <span class='ocr_line' id='line_1_41' title="bbox 433 3701 2014 3784; baseline -0.009 -16"><span class='ocrx_word' id='word_1_313' title='bbox 433 3715 698 3784; x_wconf 84' lang='grc' dir='ltr'>γενναίως</span> <span class='ocrx_word' id='word_1_314' title='bbox 729 3712 996 3782; x_wconf 77' lang='grc' dir='ltr'>φέρουσαν</span> <span class='ocrx_word' id='word_1_315' title='bbox 1020 3709 1118 3778; x_wconf 86' lang='grc' dir='ltr'>τὴν</span> <span class='ocrx_word' id='word_1_316' title='bbox 1156 3705 1430 3767; x_wconf 88' lang='grc' dir='ltr'>ἀπαιδίαν,</span> <span class='ocrx_word' id='word_1_317' title='bbox 1457 3706 1551 3757; x_wconf 71' lang='grc' dir='ltr'>καὶ</span> <span class='ocrx_word' id='word_1_318' title='bbox 1590 3703 1667 3772; x_wconf 75' lang='grc' dir='ltr'>τῷ</span> <span class='ocrx_word' id='word_1_319' title='bbox 1694 3701 1812 3772; x_wconf 85' lang='grc' dir='ltr'>Θεῷ</span> <span class='ocrx_word' id='word_1_320' title='bbox 1842 3718 2014 3772; x_wconf 87' lang='grc' dir='ltr'>προσ-</span> 
     </span>
    </p>
   </div>
   <div class='ocr_carea' id='block_1_42' title="bbox 433 3785 2014 3864">
    <p class='ocr_par' dir='ltr' id='par_1_42' title="bbox 433 3785 2014 3864">
     <span class='ocr_line' id='line_1_42' title="bbox 433 3785 2014 3864; baseline -0.01 -13"><span class='ocrx_word' id='word_1_321' title='bbox 433 3799 760 3858; x_wconf 78' lang='grc' dir='ltr'>πίπτουσαν,</span> <span class='ocrx_word' id='word_1_322' title='bbox 796 3794 1002 3864; x_wconf 82' lang='grc' dir='ltr'>καθῆκε</span> <span class='ocrx_word' id='word_1_323' title='bbox 1046 3792 1103 3844; x_wconf 85' lang='grc' dir='ltr'>τὸ</span> <span class='ocrx_word' id='word_1_324' title='bbox 1155 3790 1438 3863; x_wconf 83' lang='grc' dir='ltr'>παιδάριον</span> <span class='ocrx_word' id='word_1_325' title='bbox 1469 3789 1563 3841; x_wconf 88' lang='grc' dir='ltr'>τοῦ</span> <span class='ocrx_word' id='word_1_326' title='bbox 1619 3787 1838 3857; x_wconf 80' lang='grc' dir='ltr'>ἱερέως,</span> <span class='ocrx_word' id='word_1_327' title='bbox 1872 3785 2014 3837; x_wconf 82' lang='grc' dir='ltr'>ὥστε</span> 
     </span>
    </p>
   </div>
   <div class='ocr_carea' id='block_1_43' title="bbox 438 3868 2015 3956">
    <p class='ocr_par' dir='ltr' id='par_1_43' title="bbox 438 3868 2015 3956">
     <span class='ocr_line' id='line_1_43' title="bbox 438 3868 2015 3956; baseline -0.009 -21"><span class='ocrx_word' id='word_1_328' title='bbox 438 3882 641 3956; x_wconf 74' lang='grc' dir='ltr'>μᾶλλον</span> <span class='ocrx_word' id='word_1_329' title='bbox 665 3879 832 3950; x_wconf 84' lang='grc' dir='ltr'>αὐτὴν</span> <span class='ocrx_word' id='word_1_330' title='bbox 866 3879 1120 3950; x_wconf 83' lang='grc' dir='ltr'>ἀγριᾶναι</span> <span class='ocrx_word' id='word_1_331' title='bbox 1155 3887 1198 3928; x_wconf 73' lang='grc' dir='ltr'>ε.</span> <span class='ocrx_word' id='word_1_332' title='bbox 1241 3873 1379 3926; x_wconf 82' lang='grc' dir='ltr'>Ἀλλ’</span> <span class='ocrx_word' id='word_1_333' title='bbox 1410 3873 1560 3925; x_wconf 86' lang='grc' dir='ltr'>οὐδὲν</span> <span class='ocrx_word' id='word_1_334' title='bbox 1587 3870 1791 3923; x_wconf 90' lang='grc' dir='ltr'>τούτων</span> <span class='ocrx_word' id='word_1_335' title='bbox 1815 3868 2015 3922; x_wconf 74' lang='grc' dir='ltr'>ἔπαθεν</span> 
     </span>
    </p>
   </div>
   <div class='ocr_carea' id='block_1_44' title="bbox 437 3953 2016 4039">
    <p class='ocr_par' dir='ltr' id='par_1_44' title="bbox 437 3953 2016 4039">
     <span class='ocr_line' id='line_1_44' title="bbox 437 3953 2016 4039; baseline -0.011 -19"><span class='ocrx_word' id='word_1_336' title='bbox 437 3953 474 4039; x_wconf 66' lang='grc' dir='ltr'>ἦ</span> <span class='ocrx_word' id='word_1_337' title='bbox 510 3966 670 4037; x_wconf 87' lang='grc' dir='ltr'>γυνὴ,</span> <span class='ocrx_word' id='word_1_338' title='bbox 707 3964 840 4018; x_wconf 82' lang='grc' dir='ltr'>ἀλλὰ</span> <span class='ocrx_word' id='word_1_339' title='bbox 889 3963 1230 4032; x_wconf 85' lang='grc' dir='ltr'>μελετήσασα</span> <span class='ocrx_word' id='word_1_340' title='bbox 1266 3959 1450 4028; x_wconf 84' lang='grc' dir='ltr'>φέρειν</span> <span class='ocrx_word' id='word_1_341' title='bbox 1493 3956 1591 4018; x_wconf 89' lang='grc' dir='ltr'>τὰς</span> <span class='ocrx_word' id='word_1_342' title='bbox 1623 3953 1886 4024; x_wconf 86' lang='grc' dir='ltr'>λοιδορίας</span> <span class='ocrx_word' id='word_1_343' title='bbox 1925 3953 2016 4004; x_wconf 80' lang='grc' dir='ltr'>ἐπὶ</span> 
     </span>
    </p>
   </div>
   <div class='ocr_carea' id='block_1_45' title="bbox 436 4035 2017 4120">
    <p class='ocr_par' dir='ltr' id='par_1_45' title="bbox 436 4035 2017 4120">
     <span class='ocr_line' id='line_1_45' title="bbox 436 4035 2017 4120; baseline -0.011 -16"><span class='ocrx_word' id='word_1_344' title='bbox 436 4035 539 4120; x_wconf 76' lang='grc' dir='ltr'>τῆς</span> <span class='ocrx_word' id='word_1_345' title='bbox 584 4035 780 4112; x_wconf 74' lang='grc' dir='ltr'>οἰκίας,</span> <span class='ocrx_word' id='word_1_346' title='bbox 830 4047 924 4100; x_wconf 74' lang='grc' dir='ltr'>καὶ</span> <span class='ocrx_word' id='word_1_347' title='bbox 975 4047 1085 4108; x_wconf 88' lang='grc' dir='ltr'>τοῖς</span> <span class='ocrx_word' id='word_1_348' title='bbox 1113 4042 1367 4095; x_wconf 83' lang='grc' dir='ltr'>ὀνείδεσιν</span> <span class='ocrx_word' id='word_1_349' title='bbox 1408 4037 1872 4108; x_wconf 88' lang='grc' dir='ltr'>ἐγγυμνασαμένη</span> <span class='ocrx_word' id='word_1_350' title='bbox 1920 4035 2017 4104; x_wconf 82' lang='grc' dir='ltr'>τῆς</span> 
     </span>
    </p>
   </div>
   <div class='ocr_carea' id='block_1_46' title="bbox 440 4117 2020 4204">
    <p class='ocr_par' dir='ltr' id='par_1_46' title="bbox 440 4117 2020 4204">
     <span class='ocr_line' id='line_1_46' title="bbox 440 4117 2020 4204; baseline -0.011 -16"><span class='ocrx_word' id='word_1_351' title='bbox 440 4134 750 4204; x_wconf 78' lang='grc' dir='ltr'>ἀντιζήλου,</span> <span class='ocrx_word' id='word_1_352' title='bbox 781 4130 950 4191; x_wconf 83' lang='grc' dir='ltr'>ἀδεῶς</span> <span class='ocrx_word' id='word_1_353' title='bbox 972 4128 1158 4180; x_wconf 79' lang='grc' dir='ltr'>λοιπὸν</span> <span class='ocrx_word' id='word_1_354' title='bbox 1184 4125 1318 4196; x_wconf 78' lang='grc' dir='ltr'>πρὸς</span> <span class='ocrx_word' id='word_1_355' title='bbox 1353 4123 1452 4185; x_wconf 86' lang='grc' dir='ltr'>τὰς</span> <span class='ocrx_word' id='word_1_356' title='bbox 1481 4120 1734 4183; x_wconf 86' lang='grc' dir='ltr'>τοιαύτας</span> <span class='ocrx_word' id='word_1_357' title='bbox 1759 4117 2020 4172; x_wconf 83' lang='grc' dir='ltr'>ἀπεδύετο</span> 
     </span>
    </p>
   </div>
   <div class='ocr_carea' id='block_1_47' title="bbox 441 4203 2021 4288">
    <p class='ocr_par' dir='ltr' id='par_1_47' title="bbox 441 4203 2021 4288">
     <span class='ocr_line' id='line_1_47' title="bbox 441 4203 2021 4288; baseline -0.013 -17"><span class='ocrx_word' id='word_1_358' title='bbox 441 4203 768 4288; x_wconf 85' lang='grc' dir='ltr'>προσϐολάς.</span> <span class='ocrx_word' id='word_1_359' title='bbox 792 4214 882 4266; x_wconf 85' lang='grc' dir='ltr'>Διὸ</span> <span class='ocrx_word' id='word_1_360' title='bbox 902 4214 995 4265; x_wconf 67' lang='grc' dir='ltr'>καὶ</span> <span class='ocrx_word' id='word_1_361' title='bbox 1016 4213 1072 4263; x_wconf 92' lang='grc' dir='ltr'>ἐν</span> <span class='ocrx_word' id='word_1_362' title='bbox 1100 4210 1178 4280; x_wconf 83' lang='grc' dir='ltr'>τῷ</span> <span class='ocrx_word' id='word_1_363' title='bbox 1205 4208 1334 4280; x_wconf 83' lang='grc' dir='ltr'>ἱερῷ</span> <span class='ocrx_word' id='word_1_364' title='bbox 1359 4204 1556 4276; x_wconf 81' lang='grc' dir='ltr'>πολλὴν</span> <span class='ocrx_word' id='word_1_365' title='bbox 1599 4203 1899 4256; x_wconf 89' lang='grc' dir='ltr'>ἐπιείκειαν</span> <span class='ocrx_word' id='word_1_366' title='bbox 1923 4203 2021 4252; x_wconf 88' lang='grc' dir='ltr'>ἐπ-</span> 
     </span>
    </p>
   </div>
   <div class='ocr_carea' id='block_1_48' title="bbox 442 4285 2023 4372">
    <p class='ocr_par' dir='ltr' id='par_1_48' title="bbox 442 4285 2023 4372">
     <span class='ocr_line' id='line_1_48' title="bbox 442 4285 2023 4372; baseline -0.012 -16"><span class='ocrx_word' id='word_1_367' title='bbox 442 4285 732 4362; x_wconf 83' lang='grc' dir='ltr'>εδείκνυτο,</span> <span class='ocrx_word' id='word_1_368' title='bbox 749 4299 1006 4372; x_wconf 78' lang='grc' dir='ltr'>ἀνδρείως</span> <span class='ocrx_word' id='word_1_369' title='bbox 1041 4295 1184 4365; x_wconf 83' lang='grc' dir='ltr'>μάλα</span> <span class='ocrx_word' id='word_1_370' title='bbox 1211 4295 1302 4347; x_wconf 76' lang='grc' dir='ltr'>καὶ</span> <span class='ocrx_word' id='word_1_371' title='bbox 1323 4289 1713 4363; x_wconf 73' lang='grc' dir='ltr'>μεγαλοψύχως</span> <span class='ocrx_word' id='word_1_372' title='bbox 1735 4286 1805 4340; x_wconf 88' lang='grc' dir='ltr'>τὰ</span> <span class='ocrx_word' id='word_1_373' title='bbox 1835 4285 2023 4356; x_wconf 81' lang='grc' dir='ltr'>σκώμ-</span> 
     </span>
    </p>
   </div>
   <div class='ocr_carea' id='block_1_49' title="bbox 447 4370 2023 4456">
    <p class='ocr_par' dir='ltr' id='par_1_49' title="bbox 447 4370 2023 4456">
     <span class='ocr_line' id='line_1_49' title="bbox 447 4370 2023 4456; baseline -0.011 -18"><span class='ocrx_word' id='word_1_374' title='bbox 447 4403 590 4456; x_wconf 89' lang='grc' dir='ltr'>ματα</span> <span class='ocrx_word' id='word_1_375' title='bbox 622 4370 880 4452; x_wconf 81' lang='grc' dir='ltr'>φέρουσα,</span> <span class='ocrx_word' id='word_1_376' title='bbox 909 4382 976 4433; x_wconf 85' lang='grc' dir='ltr'>τὰ</span> <span class='ocrx_word' id='word_1_377' title='bbox 1004 4380 1096 4431; x_wconf 78' lang='grc' dir='ltr'>ἐπὶ</span> <span class='ocrx_word' id='word_1_378' title='bbox 1115 4379 1180 4448; x_wconf 81' lang='grc' dir='ltr'>τῇ</span> <span class='ocrx_word' id='word_1_379' title='bbox 1222 4376 1356 4446; x_wconf 82' lang='grc' dir='ltr'>μέθῃ</span> <span class='ocrx_word' id='word_1_380' title='bbox 1387 4376 1481 4426; x_wconf 74' lang='grc' dir='ltr'>καὶ</span> <span class='ocrx_word' id='word_1_381' title='bbox 1512 4375 1578 4443; x_wconf 81' lang='grc' dir='ltr'>τῇ</span> <span class='ocrx_word' id='word_1_382' title='bbox 1615 4370 1887 4456; x_wconf 80' lang='grc' dir='ltr'>παροινίᾳ.</span> <span class='ocrx_word' id='word_1_383' title='bbox 1918 4370 2023 4421; x_wconf 83' lang='grc' dir='ltr'>Οὑ-</span> 
     </span>
    </p>
   </div>
   <div class='ocr_carea' id='block_1_50' title="bbox 443 4453 2024 4526">
    <p class='ocr_par' dir='ltr' id='par_1_50' title="bbox 443 4453 2024 4526">
     <span class='ocr_line' id='line_1_50' title="bbox 443 4453 2024 4526; baseline -0.009 -6"><span class='ocrx_word' id='word_1_384' title='bbox 443 4453 532 4521; x_wconf 79' lang='grc' dir='ltr'>δὲν</span> <span class='ocrx_word' id='word_1_385' title='bbox 564 4467 620 4520; x_wconf 87' lang='grc' dir='ltr'>δέ</span> <span class='ocrx_word' id='word_1_386' title='bbox 643 4461 753 4518; x_wconf 74' lang='grc' dir='ltr'>οἷον</span> <span class='ocrx_word' id='word_1_387' title='bbox 782 4465 874 4517; x_wconf 69' lang='grc' dir='ltr'>καὶ</span> <span class='ocrx_word' id='word_1_388' title='bbox 903 4463 1082 4516; x_wconf 88' lang='grc' dir='ltr'>αὐτῶν</span> <span class='ocrx_word' id='word_1_389' title='bbox 1107 4459 1336 4514; x_wconf 86' lang='grc' dir='ltr'>ἀκοῦσαι</span> <span class='ocrx_word' id='word_1_390' title='bbox 1369 4457 1478 4510; x_wconf 87' lang='grc' dir='ltr'>τῶν</span> <span class='ocrx_word' id='word_1_391' title='bbox 1508 4455 1787 4526; x_wconf 80' lang='grc' dir='ltr'>ῥημάτων.</span> <span class='ocrx_word' id='word_1_392' title='bbox 1831 4453 2024 4506; x_wconf 80' lang='grc' dir='ltr'>Είπόνο</span> 
     </span>
    </p>
   </div>
   <div class='ocr_carea' id='block_1_51' title="bbox 445 4536 2020 4621">
    <p class='ocr_par' dir='ltr' id='par_1_51' title="bbox 445 4536 2020 4621">
     <span class='ocr_line' id='line_1_51' title="bbox 445 4536 2020 4621; baseline -0.009 -18"><span class='ocrx_word' id='word_1_393' title='bbox 445 4568 535 4612; x_wconf 88' lang='grc' dir='ltr'>τος</span> <span class='ocrx_word' id='word_1_394' title='bbox 557 4550 664 4621; x_wconf 82' lang='grc' dir='ltr'>γάρ</span> <span class='ocrx_word' id='word_1_395' title='bbox 686 4549 778 4601; x_wconf 91' lang='grc' dir='ltr'>τοῦ</span> <span class='ocrx_word' id='word_1_396' title='bbox 802 4546 1086 4616; x_wconf 87' lang='grc' dir='ltr'>παιδαρίου</span> <span class='ocrx_word' id='word_1_397' title='bbox 1109 4563 1121 4576; x_wconf 89' lang='grc'>·</span> <span class='ocrx_word' id='word_1_398' title='bbox 1147 4542 1430 4611; x_wconf 79' lang='grc' dir='ltr'>Περιελοῦ</span> <span class='ocrx_word' id='word_1_399' title='bbox 1453 4541 1558 4593; x_wconf 82' lang='grc' dir='ltr'>τὸν</span> <span class='ocrx_word' id='word_1_400' title='bbox 1579 4536 1746 4593; x_wconf 81' lang='grc' dir='ltr'>οἶνόν</span> <span class='ocrx_word' id='word_1_401' title='bbox 1764 4552 1880 4591; x_wconf 83' lang='grc' dir='ltr'>σου</span> <span class='ocrx_word' id='word_1_402' title='bbox 1904 4537 2020 4591; x_wconf 83' lang='grc' dir='ltr'>ἀπὸ</span> 
     </span>
    </p>
   </div>
   <div class='ocr_carea' id='block_1_52' title="bbox 447 4621 2021 4696">
    <p class='ocr_par' dir='ltr' id='par_1_52' title="bbox 447 4621 2021 4696">
     <span class='ocr_line' id='line_1_52' title="bbox 447 4621 2021 4696; baseline -0.009 -10"><span class='ocrx_word' id='word_1_403' title='bbox 447 4632 586 4695; x_wconf 86' lang='grc' dir='ltr'>σοῦ,</span> <span class='ocrx_word' id='word_1_404' title='bbox 611 4631 711 4684; x_wconf 83' lang='grc' dir='ltr'>καὶ</span> <span class='ocrx_word' id='word_1_405' title='bbox 743 4629 964 4682; x_wconf 75' lang='grc' dir='ltr'>ἄπελθε</span> <span class='ocrx_word' id='word_1_406' title='bbox 988 4629 1054 4681; x_wconf 81' lang='grc' dir='ltr'>ἐκ</span> <span class='ocrx_word' id='word_1_407' title='bbox 1085 4627 1403 4696; x_wconf 79' lang='grc' dir='ltr'>προσώπου</span> <span class='ocrx_word' id='word_1_408' title='bbox 1448 4624 1670 4693; x_wconf 79' lang='grc' dir='ltr'>Κυρίου</span> <span class='ocrx_word' id='word_1_409' title='bbox 1688 4663 1702 4684; x_wconf 95' lang='grc'>,</span> <span class='ocrx_word' id='word_1_410' title='bbox 1730 4621 2021 4689; x_wconf 78' lang='grc' dir='ltr'>ἀπεκρίθη</span> 
     </span>
    </p>
   </div>
   <div class='ocr_carea' id='block_1_53' title="bbox 449 4705 2022 4784">
    <p class='ocr_par' dir='ltr' id='par_1_53' title="bbox 449 4705 2022 4784">
     <span class='ocr_line' id='line_1_53' title="bbox 449 4705 2022 4784; baseline -0.01 -13"><span class='ocrx_word' id='word_1_411' title='bbox 449 4719 490 4784; x_wconf 76' lang='grc' dir='ltr'>ἢ</span> <span class='ocrx_word' id='word_1_412' title='bbox 528 4718 731 4778; x_wconf 77' lang='grc' dir='ltr'>Ἄννα,</span> <span class='ocrx_word' id='word_1_413' title='bbox 762 4712 862 4766; x_wconf 79' lang='grc' dir='ltr'>καί</span> <span class='ocrx_word' id='word_1_414' title='bbox 911 4708 1102 4777; x_wconf 78' lang='grc' dir='ltr'>εἶπεν,</span> <span class='ocrx_word' id='word_1_415' title='bbox 1141 4712 1308 4778; x_wconf 79' lang='grc' dir='ltr'>Οὐχὶ,</span> <span class='ocrx_word' id='word_1_416' title='bbox 1348 4710 1532 4776; x_wconf 81' lang='grc' dir='ltr'>κύριε.</span> <span class='ocrx_word' id='word_1_417' title='bbox 1570 4707 1674 4758; x_wconf 86' lang='grc' dir='ltr'>Τὸν</span> <span class='ocrx_word' id='word_1_418' title='bbox 1726 4705 2022 4776; x_wconf 88' lang='grc' dir='ltr'>ὑϐρίσαντα</span> 
     </span>
    </p>
   </div>
   <div class='ocr_carea' id='block_1_54' title="bbox 449 4787 2025 4868">
    <p class='ocr_par' dir='ltr' id='par_1_54' title="bbox 449 4787 2025 4868">
     <span class='ocr_line' id='line_1_54' title="bbox 449 4787 2025 4868; baseline -0.008 -16"><span class='ocrx_word' id='word_1_419' title='bbox 449 4799 712 4868; x_wconf 86' lang='grc' dir='ltr'>δεσπότην</span> <span class='ocrx_word' id='word_1_420' title='bbox 736 4797 979 4850; x_wconf 87' lang='grc' dir='ltr'>ἐκάλεσε.</span> <span class='ocrx_word' id='word_1_421' title='bbox 1007 4795 1114 4848; x_wconf 76' lang='grc' dir='ltr'>Καὶ</span> <span class='ocrx_word' id='word_1_422' title='bbox 1139 4796 1238 4847; x_wconf 83' lang='grc' dir='ltr'>οὐκ</span> <span class='ocrx_word' id='word_1_423' title='bbox 1257 4791 1406 4846; x_wconf 79' lang='grc' dir='ltr'>εἶπεν</span> <span class='ocrx_word' id='word_1_424' title='bbox 1427 4793 1454 4845; x_wconf 85' lang='grc' dir='ltr'><strong>ὃ</strong></span> <span class='ocrx_word' id='word_1_425' title='bbox 1481 4792 1663 4846; x_wconf 75' lang='grc' dir='ltr'>πολλοὶ</span> <span class='ocrx_word' id='word_1_426' title='bbox 1686 4790 1794 4842; x_wconf 90' lang='grc' dir='ltr'>τῶν</span> <span class='ocrx_word' id='word_1_427' title='bbox 1820 4787 2025 4858; x_wconf 83' lang='grc' dir='ltr'>ἀνθρώ-</span> 
     </span>
    </p>
   </div>
   <div class='ocr_carea' id='block_1_55' title="bbox 451 4871 2027 4948">
    <p class='ocr_par' dir='ltr' id='par_1_55' title="bbox 451 4871 2027 4948">
     <span class='ocr_line' id='line_1_55' title="bbox 451 4871 2027 4948; baseline -0.009 -12"><span class='ocrx_word' id='word_1_428' title='bbox 451 4900 570 4936; x_wconf 88' lang='grc' dir='ltr'>πων</span> <span class='ocrx_word' id='word_1_429' title='bbox 604 4883 877 4948; x_wconf 89' lang='grc' dir='ltr'>λέγουσιν·</span> <span class='ocrx_word' id='word_1_430' title='bbox 904 4878 1038 4931; x_wconf 78' lang='grc' dir='ltr'>Εἰπέ</span> <span class='ocrx_word' id='word_1_431' title='bbox 1075 4897 1162 4948; x_wconf 90' lang='grc' dir='ltr'>μοι</span> <span class='ocrx_word' id='word_1_432' title='bbox 1189 4878 1361 4931; x_wconf 89' lang='grc' dir='ltr'>ταῦτα</span> <span class='ocrx_word' id='word_1_433' title='bbox 1390 4878 1418 4929; x_wconf 90' lang='grc' dir='ltr'>ὁ</span> <span class='ocrx_word' id='word_1_434' title='bbox 1455 4876 1663 4948; x_wconf 86' lang='grc' dir='ltr'>ίερεύς;</span> <span class='ocrx_word' id='word_1_435' title='bbox 1692 4872 1862 4927; x_wconf 87' lang='grc' dir='ltr'>ταῦτα</span> <span class='ocrx_word' id='word_1_436' title='bbox 1893 4873 1922 4924; x_wconf 82' lang='grc' dir='ltr'><strong>ὁ</strong></span> <span class='ocrx_word' id='word_1_437' title='bbox 1950 4871 2027 4922; x_wconf 90' lang='grc' dir='ltr'>δι-</span> 
     </span>
    </p>
   </div>
   <div class='ocr_carea' id='block_1_56' title="bbox 451 4955 2025 5032">
    <p class='ocr_par' dir='ltr' id='par_1_56' title="bbox 451 4955 2025 5032">
     <span class='ocr_line' id='line_1_56' title="bbox 451 4955 2025 5032; baseline -0.01 -11"><span class='ocrx_word' id='word_1_438' title='bbox 451 4968 666 5021; x_wconf 90' lang='grc' dir='ltr'>δάσκων</span> <span class='ocrx_word' id='word_1_439' title='bbox 680 4967 805 5029; x_wconf 82' lang='grc' dir='ltr'>τοὺς</span> <span class='ocrx_word' id='word_1_440' title='bbox 825 4964 1015 5026; x_wconf 82' lang='grc' dir='ltr'>ἄλλους</span> <span class='ocrx_word' id='word_1_441' title='bbox 1039 4965 1116 5026; x_wconf 90' lang='grc' dir='ltr'>εἰς</span> <span class='ocrx_word' id='word_1_442' title='bbox 1141 4962 1309 5032; x_wconf 89' lang='grc' dir='ltr'>μέθην</span> <span class='ocrx_word' id='word_1_443' title='bbox 1335 4962 1428 5014; x_wconf 81' lang='grc' dir='ltr'>καὶ</span> <span class='ocrx_word' id='word_1_444' title='bbox 1444 4959 1726 5030; x_wconf 87' lang='grc' dir='ltr'>παροινίαν</span> <span class='ocrx_word' id='word_1_445' title='bbox 1750 4955 1992 5024; x_wconf 77' lang='grc' dir='ltr'>ἔσκωψεν</span> <span class='ocrx_word' id='word_1_446' title='bbox 2012 4971 2025 5018; x_wconf 91' lang='grc'><strong>;</strong></span> 
     </span>
    </p>
   </div>
   <div class='ocr_carea' id='block_1_57' title="bbox 453 5040 2032 5119">
    <p class='ocr_par' dir='ltr' id='par_1_57' title="bbox 453 5040 2032 5119">
     <span class='ocr_line' id='line_1_57' title="bbox 453 5040 2032 5119; baseline -0.008 -15"><span class='ocrx_word' id='word_1_447' title='bbox 453 5052 567 5105; x_wconf 86' lang='grc' dir='ltr'>ἀλλ’</span> <span class='ocrx_word' id='word_1_448' title='bbox 599 5051 900 5119; x_wconf 88' lang='grc' dir='ltr'>ἐσκόπησεν</span> <span class='ocrx_word' id='word_1_449' title='bbox 935 5049 1082 5110; x_wconf 84' lang='grc' dir='ltr'>ὅπως</span> <span class='ocrx_word' id='word_1_450' title='bbox 1112 5048 1511 5115; x_wconf 82' lang='grc' dir='ltr'>ἀποκρούσαιτο</span> <span class='ocrx_word' id='word_1_451' title='bbox 1565 5045 1723 5114; x_wconf 86' lang='grc' dir='ltr'>μόνον</span> <span class='ocrx_word' id='word_1_452' title='bbox 1768 5042 1866 5112; x_wconf 83' lang='grc' dir='ltr'>τὴν</span> <span class='ocrx_word' id='word_1_453' title='bbox 1900 5040 2032 5092; x_wconf 88' lang='grc' dir='ltr'>ὑπό-</span> 
     </span>
    </p>
   </div>
   <div class='ocr_carea' id='block_1_58' title="bbox 455 5127 1464 5200">
    <p class='ocr_par' dir='ltr' id='par_1_58' title="bbox 455 5127 1464 5200">
     <span class='ocr_line' id='line_1_58' title="bbox 455 5127 1464 5200; baseline -0.006 -12"><span class='ocrx_word' id='word_1_454' title='bbox 455 5151 622 5198; x_wconf 89' lang='grc' dir='ltr'>νοιαν,</span> <span class='ocrx_word' id='word_1_455' title='bbox 652 5134 822 5186; x_wconf 88' lang='grc' dir='ltr'>καίτοι</span> <span class='ocrx_word' id='word_1_456' title='bbox 855 5150 917 5200; x_wconf 90' lang='grc' dir='ltr'>γε</span> <span class='ocrx_word' id='word_1_457' title='bbox 951 5134 1049 5184; x_wconf 90' lang='grc' dir='ltr'>οὐκ</span> <span class='ocrx_word' id='word_1_458' title='bbox 1074 5127 1237 5185; x_wconf 81' lang='grc' dir='ltr'>οὖσαν</span> <span class='ocrx_word' id='word_1_459' title='bbox 1268 5130 1464 5200; x_wconf 84' lang='grc' dir='ltr'>ἀληθῆ.</span> 
     </span>
    </p>
   </div>
   <div class='ocr_carea' id='block_1_59' title="bbox 527 5210 2032 5289">
    <p class='ocr_par' dir='ltr' id='par_1_59' title="bbox 527 5210 2032 5289">
     <span class='ocr_line' id='line_1_59' title="bbox 527 5210 2032 5289; baseline -0.005 -17"><span class='ocrx_word' id='word_1_460' title='bbox 527 5216 794 5289; x_wconf 83' lang='grc' dir='ltr'>ε’.Ἡμεῖς</span> <span class='ocrx_word' id='word_1_461' title='bbox 825 5216 881 5269; x_wconf 84' lang='grc' dir='ltr'>δὲ</span> <span class='ocrx_word' id='word_1_462' title='bbox 916 5215 1194 5281; x_wconf 85' lang='grc' dir='ltr'>πολλάκις,</span> <span class='ocrx_word' id='word_1_463' title='bbox 1229 5215 1447 5268; x_wconf 81' lang='grc' dir='ltr'>ἐπειδάν</span> <span class='ocrx_word' id='word_1_464' title='bbox 1468 5212 1886 5284; x_wconf 89' lang='grc' dir='ltr'>λοιδορηθῶμεν,</span> <span class='ocrx_word' id='word_1_465' title='bbox 1915 5210 2032 5264; x_wconf 88' lang='grc' dir='ltr'>δέον</span> 
     </span>
    </p>
   </div>
   <div class='ocr_carea' id='block_1_60' title="bbox 522 5413 1247 5476">
    <p class='ocr_par' dir='ltr' id='par_1_60' title="bbox 522 5413 1247 5476">
     <span class='ocr_line' id='line_1_60' title="bbox 522 5413 1247 5476; baseline -0.003 -14"><span class='ocrx_word' id='word_1_466' title='bbox 522 5415 546 5476; x_wconf 57' lang='grc' dir='ltr'><strong><em>Ρ</em></strong></span> <span class='ocrx_word' id='word_1_467' title='bbox 573 5415 712 5476; x_wconf 72' lang='lat' dir='ltr'>Colb.</span> <span class='ocrx_word' id='word_1_468' title='bbox 735 5413 927 5476; x_wconf 76' lang='grc' dir='ltr'>ἐρευνᾷν</span> <span class='ocrx_word' id='word_1_469' title='bbox 947 5426 1034 5476; x_wconf 73' lang='lat' dir='ltr'>pro</span> <span class='ocrx_word' id='word_1_470' title='bbox 1058 5413 1247 5476; x_wconf 84' lang='grc' dir='ltr'>κρίνειν.</span> 
     </span>
    </p>
   </div>
   <div class='ocr_carea' id='block_1_61' title="bbox 520 5475 1051 5536">
    <p class='ocr_par' dir='ltr' id='par_1_61' title="bbox 520 5475 1051 5536">
     <span class='ocr_line' id='line_1_61' title="bbox 520 5475 1051 5536; baseline -0.008 -11"><span class='ocrx_word' id='word_1_471' title='bbox 520 5475 549 5514; x_wconf 64' lang='grc' dir='ltr'>ἲ)</span> <span class='ocrx_word' id='word_1_472' title='bbox 584 5475 722 5529; x_wconf 81' lang='lat' dir='ltr'>COIb.</span> <span class='ocrx_word' id='word_1_473' title='bbox 754 5475 886 5523; x_wconf 73' lang='lat' dir='ltr'>unus</span> <span class='ocrx_word' id='word_1_474' title='bbox 898 5475 1051 5536; x_wconf 84' lang='grc' dir='ltr'>Σεμεί.</span> 
     </span>
    </p>
   </div>
   <div class='ocr_carea' id='block_1_62' title="bbox 525 5529 2035 5598">
    <p class='ocr_par' dir='ltr' id='par_1_62' title="bbox 525 5529 2035 5598">
     <span class='ocr_line' id='line_1_62' title="bbox 525 5529 2035 5598; baseline -0.007 -12"><span class='ocrx_word' id='word_1_475' title='bbox 525 5540 548 5567; x_wconf 69' lang='grc' dir='ltr'><strong>ε</strong></span> <span class='ocrx_word' id='word_1_476' title='bbox 578 5538 715 5590; x_wconf 78' lang='lat' dir='ltr'>Colb.</span> <span class='ocrx_word' id='word_1_477' title='bbox 739 5539 766 5585; x_wconf 84' lang='grc' dir='ltr'>ὁ</span> <span class='ocrx_word' id='word_1_478' title='bbox 790 5529 1017 5598; x_wconf 52' lang='grc' dir='ltr'>μακάριξος</span> <span class='ocrx_word' id='word_1_479' title='bbox 1037 5535 1228 5591; x_wconf 82' lang='grc' dir='ltr'>ἐκεῖνος.</span> <span class='ocrx_word' id='word_1_480' title='bbox 1253 5533 1334 5582; x_wconf 88' lang='lat' dir='ltr'>Sic</span> <span class='ocrx_word' id='word_1_481' title='bbox 1357 5538 1410 5583; x_wconf 85' lang='lat' dir='ltr'>el.</span> <span class='ocrx_word' id='word_1_482' title='bbox 1427 5533 1551 5595; x_wconf 82' lang='lat' dir='ltr'>Reg.</span> <span class='ocrx_word' id='word_1_483' title='bbox 1572 5531 1656 5592; x_wconf 89' lang='lat' dir='ltr'>qui</span> <span class='ocrx_word' id='word_1_484' title='bbox 1679 5530 1813 5580; x_wconf 79' lang='lat' dir='ltr'>addit</span> <span class='ocrx_word' id='word_1_485' title='bbox 1833 5529 1912 5577; x_wconf 82' lang='grc' dir='ltr'>καὶ</span> <span class='ocrx_word' id='word_1_486' title='bbox 1933 5545 2035 5590; x_wconf 89' lang='grc' dir='ltr'>γεν-</span> 
     </span>
    </p>
   </div>
   <div class='ocr_carea' id='block_1_63' title="bbox 463 5596 1182 5665">
    <p class='ocr_par' dir='ltr' id='par_1_63' title="bbox 463 5596 1182 5665">
     <span class='ocr_line' id='line_1_63' title="bbox 463 5596 1182 5665; baseline -0.004 -18"><span class='ocrx_word' id='word_1_487' title='bbox 463 5601 610 5665; x_wconf 69' lang='grc' dir='ltr'>ναῖος,</span> <span class='ocrx_word' id='word_1_488' title='bbox 633 5596 1010 5665; x_wconf 20' lang='grc' dir='ltr'>ἱγιεωςιῡθῐῖόῴ.</span> <span class='ocrx_word' id='word_1_489' title='bbox 1037 5599 1182 5665; x_wconf 54' lang='lat' dir='ltr'>alius:</span> 
     </span>
    </p>
   </div>
   <div class='ocr_carea' id='block_1_64' title="bbox 528 5653 2034 5719">
    <p class='ocr_par' dir='ltr' id='par_1_64' title="bbox 528 5653 2034 5719">
     <span class='ocr_line' id='line_1_64' title="bbox 528 5653 2034 5719; baseline -0.007 -9"><span class='ocrx_word' id='word_1_490' title='bbox 528 5660 551 5697; x_wconf 68' lang='grc' dir='ltr'>ε¹</span> <span class='ocrx_word' id='word_1_491' title='bbox 579 5653 713 5711; x_wconf 81' lang='lat' dir='ltr'>Colb.</span> <span class='ocrx_word' id='word_1_492' title='bbox 740 5653 838 5709; x_wconf 66' lang='lat' dir='ltr'>dbo</span> <span class='ocrx_word' id='word_1_493' title='bbox 879 5665 932 5708; x_wconf 77' lang='lat' dir='ltr'>et</span> <span class='ocrx_word' id='word_1_494' title='bbox 952 5657 1076 5719; x_wconf 79' lang='lat' dir='ltr'>Reg.</span> <span class='ocrx_word' id='word_1_495' title='bbox 1105 5659 1186 5705; x_wconf 81' lang='grc' dir='ltr'>καὶ</span> <span class='ocrx_word' id='word_1_496' title='bbox 1225 5657 1286 5705; x_wconf 82' lang='grc' dir='ltr'>τὰ</span> <span class='ocrx_word' id='word_1_497' title='bbox 1310 5655 1495 5704; x_wconf 87' lang='grc' dir='ltr'>ἐναντία</span> <span class='ocrx_word' id='word_1_498' title='bbox 1535 5655 1591 5702; x_wconf 85' lang='grc' dir='ltr'>οὑ</span> <span class='ocrx_word' id='word_1_499' title='bbox 1629 5655 1858 5719; x_wconf 64' lang='grc' dir='ltr'>φέροντες.</span> <span class='ocrx_word' id='word_1_500' title='bbox 1885 5653 2034 5719; x_wconf 70' lang='grc' dir='ltr'>Εἶδες.</span> 
     </span>
    </p>
   </div>
   <div class='ocr_carea' id='block_1_65' title="bbox 467 5714 2031 5784">
    <p class='ocr_par' dir='ltr' id='par_1_65' title="bbox 467 5714 2031 5784">
     <span class='ocr_line' id='line_1_65' title="bbox 467 5714 2031 5784; baseline -0.008 -12"><span class='ocrx_word' id='word_1_501' title='bbox 467 5721 621 5772; x_wconf 66' lang='grc' dir='ltr'>Ρειιῑυ</span> <span class='ocrx_word' id='word_1_502' title='bbox 645 5727 756 5784; x_wconf 77' lang='lat' dir='ltr'>post</span> <span class='ocrx_word' id='word_1_503' title='bbox 776 5714 1137 5784; x_wconf 12' lang='lat' dir='ltr'>Colb.runu§_et_</span> <span class='ocrx_word' id='word_1_504' title='bbox 1151 5720 1273 5784; x_wconf 74' lang='lat' dir='ltr'>Reg.</span> <span class='ocrx_word' id='word_1_505' title='bbox 1289 5719 1398 5784; x_wconf 77' lang='grc' dir='ltr'>οὔτε</span> <span class='ocrx_word' id='word_1_506' title='bbox 1420 5714 2031 5784; x_wconf 74' lang='grc' dir='ltr'>φιλοσοφίαςεὶναινομίζει.</span> 
     </span>
    </p>
   </div>
   <div class='ocr_carea' id='block_1_66' title="bbox 534 5779 1784 5846">
    <p class='ocr_par' dir='ltr' id='par_1_66' title="bbox 534 5779 1784 5846">
     <span class='ocr_line' id='line_1_66' title="bbox 534 5779 1784 5846; baseline -0.008 -11"><span class='ocrx_word' id='word_1_507' title='bbox 534 5798 555 5822; x_wconf 68' lang='grc' dir='ltr'><strong>τ</strong></span> <span class='ocrx_word' id='word_1_508' title='bbox 577 5779 713 5834; x_wconf 74' lang='lat' dir='ltr'>Coib.</span> <span class='ocrx_word' id='word_1_509' title='bbox 739 5783 1032 5846; x_wconf 79' lang='grc' dir='ltr'>ἐξαγριῶσαι.</span> <span class='ocrx_word' id='word_1_510' title='bbox 1058 5779 1185 5832; x_wconf 80' lang='lat' dir='ltr'>Infra</span> <span class='ocrx_word' id='word_1_511' title='bbox 1209 5782 1336 5831; x_wconf 86' lang='lat' dir='ltr'>idem</span> <span class='ocrx_word' id='word_1_512' title='bbox 1364 5779 1784 5839; x_wconf 70' lang='grc' dir='ltr'>ἐγγεγυμνασμένη.</span> 
     </span>
    </p>
   </div>
   <div class='ocr_carea' id='block_1_67' title="bbox 1130 325 3004 389">
    <p class='ocr_par' dir='ltr' id='par_1_67' title="bbox 1130 325 3004 389">
     <span class='ocr_line' id='line_1_67' title="bbox 1130 325 3004 389; baseline -0.002 0"><span class='ocrx_word' id='word_1_513' title='bbox 1130 335 1188 389; x_wconf 88' lang='lat' dir='ltr'>S.</span> <span class='ocrx_word' id='word_1_514' title='bbox 1231 332 1518 388; x_wconf 75' lang='lat' dir='ltr'>JOANNIS</span> <span class='ocrx_word' id='word_1_515' title='bbox 1559 325 2056 386; x_wconf 69' lang='lat' dir='ltr'>Cl-IRYSOSTOMI</span> <span class='ocrx_word' id='word_1_516' title='bbox 2087 327 2410 388; x_wconf 78' lang='lat' dir='ltr'>ARCIHEP.</span> <span class='ocrx_word' id='word_1_517' title='bbox 2452 329 3004 389; x_wconf 80' lang='lat' dir='ltr'>CONSTANTINOP.</span> 
     </span>
    </p>
   </div>
   <div class='ocr_carea' id='block_1_68' title="bbox 3545 333 3657 387">
    <p class='ocr_par' dir='ltr' id='par_1_68' title="bbox 3545 333 3657 387">
     <span class='ocr_line' id='line_1_68' title="bbox 3545 333 3657 387; baseline 0.009 -1"><span class='ocrx_word' id='word_1_518' title='bbox 3545 333 3657 387; x_wconf 74' lang='lat'>650</span> 
     </span>
    </p>
   </div>
   <div class='ocr_carea' id='block_1_69' title="bbox 2075 448 3656 526">
    <p class='ocr_par' dir='ltr' id='par_1_69' title="bbox 2075 448 3656 526">
     <span class='ocr_line' id='line_1_69' title="bbox 2075 448 3656 526; baseline 0.012 -25"><span class='ocrx_word' id='word_1_519' title='bbox 2075 448 2516 524; x_wconf 85' lang='grc' dir='ltr'>ἀπολογήσασθαι</span> <span class='ocrx_word' id='word_1_520' title='bbox 2544 456 2638 508; x_wconf 81' lang='grc' dir='ltr'>καὶ</span> <span class='ocrx_word' id='word_1_521' title='bbox 2667 452 3065 523; x_wconf 84' lang='grc' dir='ltr'>ἀπαλλαγῆναι,</span> <span class='ocrx_word' id='word_1_522' title='bbox 3097 451 3400 522; x_wconf 68' lang='grc' dir='ltr'>δξάτπομεν</span> <span class='ocrx_word' id='word_1_523' title='bbox 3426 452 3489 506; x_wconf 78' lang='grc' dir='ltr'>τὸ</span> <span class='ocrx_word' id='word_1_524' title='bbox 3519 454 3656 526; x_wconf 66' lang='grc' dir='ltr'>πῦρ.</span> 
     </span>
    </p>
   </div>
   <div class='ocr_carea' id='block_1_70' title="bbox 2076 541 3659 612">
    <p class='ocr_par' dir='ltr' id='par_1_70' title="bbox 2076 541 3659 612">
     <span class='ocr_line' id='line_1_70' title="bbox 2076 541 3659 612; baseline 0.001 -19"><span class='ocrx_word' id='word_1_525' title='bbox 2076 541 2172 594; x_wconf 65' lang='grc' dir='ltr'>καὶ¹</span> <span class='ocrx_word' id='word_1_526' title='bbox 2205 541 2454 612; x_wconf 86' lang='grc' dir='ltr'>καθάπερ</span> <span class='ocrx_word' id='word_1_527' title='bbox 2478 542 2641 612; x_wconf 86' lang='grc' dir='ltr'>θηρία</span> <span class='ocrx_word' id='word_1_528' title='bbox 2687 545 2796 604; x_wconf 86' lang='grc' dir='ltr'>τοῖς</span> <span class='ocrx_word' id='word_1_529' title='bbox 2830 541 3111 610; x_wconf 87' lang='grc' dir='ltr'>ὐϐρικόσιν</span> <span class='ocrx_word' id='word_1_530' title='bbox 3144 541 3513 610; x_wconf 76' lang='grc' dir='ltr'>ἐπιπηδῶμεν,</span> <span class='ocrx_word' id='word_1_531' title='bbox 3557 544 3659 608; x_wconf 78' lang='grc' dir='ltr'>ἀγ-</span> 
     </span>
    </p>
   </div>
   <div class='ocr_carea' id='block_1_71' title="bbox 2077 631 3659 703">
    <p class='ocr_par' dir='ltr' id='par_1_71' title="bbox 2077 631 3659 703">
     <span class='ocr_line' id='line_1_71' title="bbox 2077 631 3659 703; baseline -0.001 -18"><span class='ocrx_word' id='word_1_532' title='bbox 2077 649 2284 702; x_wconf 90' lang='grc' dir='ltr'>χοντες,</span> <span class='ocrx_word' id='word_1_533' title='bbox 2317 633 2585 697; x_wconf 69' lang='grc' dir='ltr'>ἕλκοντες,</span> <span class='ocrx_word' id='word_1_534' title='bbox 2620 632 2848 695; x_wconf 78' lang='grc' dir='ltr'>εὐθύνας</span> <span class='ocrx_word' id='word_1_535' title='bbox 2888 631 3244 694; x_wconf 82' lang='grc' dir='ltr'>ἀπαιτοῦντες</span> <span class='ocrx_word' id='word_1_536' title='bbox 3288 633 3394 684; x_wconf 88' lang='grc' dir='ltr'>τῶν</span> <span class='ocrx_word' id='word_1_537' title='bbox 3432 633 3659 703; x_wconf 82' lang='grc' dir='ltr'>είρημέ-</span> 
     </span>
    </p>
   </div>
   <div class='ocr_carea' id='block_1_72' title="bbox 2077 719 3660 794">
    <p class='ocr_par' dir='ltr' id='par_1_72' title="bbox 2077 719 3660 794">
     <span class='ocr_line' id='line_1_72' title="bbox 2077 719 3660 794; baseline 0 -17"><span class='ocrx_word' id='word_1_538' title='bbox 2077 742 2203 788; x_wconf 91' lang='grc' dir='ltr'>νων,</span> <span class='ocrx_word' id='word_1_539' title='bbox 2228 726 2320 778; x_wconf 75' lang='grc' dir='ltr'>καὶ</span> <span class='ocrx_word' id='word_1_540' title='bbox 2346 725 2555 788; x_wconf 88' lang='grc' dir='ltr'>τούτοις</span> <span class='ocrx_word' id='word_1_541' title='bbox 2583 725 2787 788; x_wconf 88' lang='grc' dir='ltr'>αὐτοῖς,</span> <span class='ocrx_word' id='word_1_542' title='bbox 2812 719 2892 787; x_wconf 74' lang='grc' dir='ltr'>οἷς</span> <span class='ocrx_word' id='word_1_543' title='bbox 2919 723 3198 793; x_wconf 75' lang='grc' dir='ltr'>ποιοῦμεν,</span> <span class='ocrx_word' id='word_1_544' title='bbox 3229 724 3326 793; x_wconf 78' lang='grc' dir='ltr'>τὴν</span> <span class='ocrx_word' id='word_1_545' title='bbox 3350 723 3471 776; x_wconf 80' lang='grc' dir='ltr'>καθ’</span> <span class='ocrx_word' id='word_1_546' title='bbox 3500 725 3660 794; x_wconf 82' lang='grc' dir='ltr'>ἡμῶν</span> 
     </span>
    </p>
   </div>
   <div class='ocr_carea' id='block_1_73' title="bbox 2082 812 3664 883">
    <p class='ocr_par' dir='ltr' id='par_1_73' title="bbox 2082 812 3664 883">
     <span class='ocr_line' id='line_1_73' title="bbox 2082 812 3664 883; baseline -0.001 -17"><span class='ocrx_word' id='word_1_547' title='bbox 2082 813 2424 883; x_wconf 84' lang='grc' dir='ltr'>βεϐαιοῦντες</span> <span class='ocrx_word' id='word_1_548' title='bbox 2451 814 2726 866; x_wconf 79' lang='grc' dir='ltr'>ὑπόνοιαν.</span> <span class='ocrx_word' id='word_1_549' title='bbox 2763 813 2824 864; x_wconf 83' lang='grc' dir='ltr'>Εἰ</span> <span class='ocrx_word' id='word_1_550' title='bbox 2845 813 2952 883; x_wconf 83' lang='grc' dir='ltr'>γὰρ</span> <span class='ocrx_word' id='word_1_551' title='bbox 2980 812 3158 882; x_wconf 80' lang='grc' dir='ltr'>βούλει</span> <span class='ocrx_word' id='word_1_552' title='bbox 3180 812 3346 877; x_wconf 78' lang='grc' dir='ltr'>δεῖξαι</span> <span class='ocrx_word' id='word_1_553' title='bbox 3375 815 3488 875; x_wconf 87' lang='grc' dir='ltr'>τοῖς</span> <span class='ocrx_word' id='word_1_554' title='bbox 3513 812 3664 883; x_wconf 85' lang='grc' dir='ltr'>ὑϐρι-</span> 
     </span>
    </p>
   </div>
   <div class='ocr_carea' id='block_1_74' title="bbox 2081 905 3662 976">
    <p class='ocr_par' dir='ltr' id='par_1_74' title="bbox 2081 905 3662 976">
     <span class='ocr_line' id='line_1_74' title="bbox 2081 905 3662 976; baseline -0.001 -16"><span class='ocrx_word' id='word_1_555' title='bbox 2081 907 2254 969; x_wconf 88' lang='grc' dir='ltr'>κόσιν,</span> <span class='ocrx_word' id='word_1_556' title='bbox 2289 906 2364 969; x_wconf 79' lang='grc' dir='ltr'>ὡς</span> <span class='ocrx_word' id='word_1_557' title='bbox 2391 907 2451 958; x_wconf 91' lang='grc' dir='ltr'>οὐ</span> <span class='ocrx_word' id='word_1_558' title='bbox 2488 905 2727 976; x_wconf 88' lang='grc' dir='ltr'>μεθύεις,</span> <span class='ocrx_word' id='word_1_559' title='bbox 2747 905 2915 969; x_wconf 82' lang='grc' dir='ltr'>δεῖξον</span> <span class='ocrx_word' id='word_1_560' title='bbox 2937 905 3023 957; x_wconf 89' lang='grc' dir='ltr'>διά</span> <span class='ocrx_word' id='word_1_561' title='bbox 3051 905 3350 974; x_wconf 83' lang='grc' dir='ltr'>πραότητος</span> <span class='ocrx_word' id='word_1_562' title='bbox 3376 906 3468 958; x_wconf 77' lang='grc' dir='ltr'>καὶ</span> <span class='ocrx_word' id='word_1_563' title='bbox 3485 907 3662 958; x_wconf 84' lang='grc' dir='ltr'>ἐπιει-</span> 
     </span>
    </p>
   </div>
   <div class='ocr_carea' id='block_1_75' title="bbox 2083 997 3666 1070">
    <p class='ocr_par' dir='ltr' id='par_1_75' title="bbox 2083 997 3666 1070">
     <span class='ocr_line' id='line_1_75' title="bbox 2083 997 3666 1070; baseline -0.001 -18"><span class='ocrx_word' id='word_1_564' title='bbox 2083 1000 2258 1063; x_wconf 88' lang='grc' dir='ltr'>κείας,</span> <span class='ocrx_word' id='word_1_565' title='bbox 2292 999 2366 1070; x_wconf 86' lang='grc' dir='ltr'>μὴ</span> <span class='ocrx_word' id='word_1_566' title='bbox 2415 999 2481 1052; x_wconf 89' lang='grc' dir='ltr'>δι’</span> <span class='ocrx_word' id='word_1_567' title='bbox 2518 999 2757 1068; x_wconf 78' lang='grc' dir='ltr'>ὕϐρεως,</span> <span class='ocrx_word' id='word_1_568' title='bbox 2806 997 2940 1068; x_wconf 87' lang='grc' dir='ltr'>μηδέ</span> <span class='ocrx_word' id='word_1_569' title='bbox 2970 997 3057 1050; x_wconf 80' lang='grc' dir='ltr'>διὰ</span> <span class='ocrx_word' id='word_1_570' title='bbox 3098 997 3381 1068; x_wconf 87' lang='grc' dir='ltr'>λοιδορίας.</span> <span class='ocrx_word' id='word_1_571' title='bbox 3426 1000 3521 1052; x_wconf 80' lang='grc' dir='ltr'>Ἂν</span> <span class='ocrx_word' id='word_1_572' title='bbox 3565 999 3666 1069; x_wconf 81' lang='grc' dir='ltr'>μὲν</span> 
     </span>
    </p>
   </div>
   <div class='ocr_carea' id='block_1_76' title="bbox 2083 1087 3669 1159">
    <p class='ocr_par' dir='ltr' id='par_1_76' title="bbox 2083 1087 3669 1159">
     <span class='ocr_line' id='line_1_76' title="bbox 2083 1087 3669 1159; baseline 0 -19"><span class='ocrx_word' id='word_1_573' title='bbox 2083 1088 2192 1159; x_wconf 82' lang='grc' dir='ltr'>γάρ</span> <span class='ocrx_word' id='word_1_574' title='bbox 2240 1090 2518 1159; x_wconf 82' lang='grc' dir='ltr'>τυπτήσῃς</span> <span class='ocrx_word' id='word_1_575' title='bbox 2555 1087 2645 1140; x_wconf 73' lang='grc' dir='ltr'>τὸν</span> <span class='ocrx_word' id='word_1_576' title='bbox 2688 1087 2984 1158; x_wconf 83' lang='grc' dir='ltr'>ὑϐρικότα,</span> <span class='ocrx_word' id='word_1_577' title='bbox 3043 1087 3210 1158; x_wconf 82' lang='grc' dir='ltr'>μέθην</span> <span class='ocrx_word' id='word_1_578' title='bbox 3244 1105 3334 1140; x_wconf 86' lang='grc' dir='ltr'>σου</span> <span class='ocrx_word' id='word_1_579' title='bbox 3388 1087 3669 1156; x_wconf 82' lang='grc' dir='ltr'>καταγνώ-</span> 
     </span>
    </p>
   </div>
   <div class='ocr_carea' id='block_1_77' title="bbox 2087 1178 3669 1250">
    <p class='ocr_par' dir='ltr' id='par_1_77' title="bbox 2087 1178 3669 1250">
     <span class='ocr_line' id='line_1_77' title="bbox 2087 1178 3669 1250; baseline 0 -18"><span class='ocrx_word' id='word_1_580' title='bbox 2087 1197 2268 1233; x_wconf 87' lang='grc' dir='ltr'>σονται</span> <span class='ocrx_word' id='word_1_581' title='bbox 2307 1181 2534 1243; x_wconf 73' lang='grc' dir='ltr'>πάντεςο</span> <span class='ocrx_word' id='word_1_582' title='bbox 2573 1180 2640 1233; x_wconf 79' lang='grc' dir='ltr'>ἂν</span> <span class='ocrx_word' id='word_1_583' title='bbox 2661 1181 2717 1233; x_wconf 86' lang='grc' dir='ltr'>δέ</span> <span class='ocrx_word' id='word_1_584' title='bbox 2750 1178 3009 1247; x_wconf 87' lang='grc' dir='ltr'>γενναίως</span> <span class='ocrx_word' id='word_1_585' title='bbox 3038 1181 3266 1250; x_wconf 73' lang='grc' dir='ltr'>ἐνέγκῃς</span> <span class='ocrx_word' id='word_1_586' title='bbox 3292 1222 3306 1243; x_wconf 92' lang='grc'>,</span> <span class='ocrx_word' id='word_1_587' title='bbox 3339 1180 3669 1249; x_wconf 85' lang='grc' dir='ltr'>ἀπεκρούσω</span> 
     </span>
    </p>
   </div>
   <div class='ocr_carea' id='block_1_78' title="bbox 2083 1269 3668 1346">
    <p class='ocr_par' dir='ltr' id='par_1_78' title="bbox 2083 1269 3668 1346">
     <span class='ocr_line' id='line_1_78' title="bbox 2083 1269 3668 1346; baseline -0.003 -17"><span class='ocrx_word' id='word_1_588' title='bbox 2083 1275 2171 1329; x_wconf 77' lang='grc' dir='ltr'>διὰ</span> <span class='ocrx_word' id='word_1_589' title='bbox 2199 1276 2304 1328; x_wconf 88' lang='grc' dir='ltr'>τῶν</span> <span class='ocrx_word' id='word_1_590' title='bbox 2326 1275 2502 1346; x_wconf 80' lang='grc' dir='ltr'>ἔργων</span> <span class='ocrx_word' id='word_1_591' title='bbox 2531 1276 2628 1345; x_wconf 78' lang='grc' dir='ltr'>τήν</span> <span class='ocrx_word' id='word_1_592' title='bbox 2664 1273 2907 1345; x_wconf 78' lang='grc' dir='ltr'>πονηράν</span> <span class='ocrx_word' id='word_1_593' title='bbox 2929 1273 3164 1342; x_wconf 69' lang='grc' dir='ltr'>ὑποψίαν</span> <span class='ocrx_word' id='word_1_594' title='bbox 3186 1290 3199 1303; x_wconf 88' lang='grc'>·</span> <span class='ocrx_word' id='word_1_595' title='bbox 3235 1275 3372 1343; x_wconf 82' lang='grc' dir='ltr'>ὅπερ</span> <span class='ocrx_word' id='word_1_596' title='bbox 3392 1269 3485 1326; x_wconf 83' lang='grc' dir='ltr'>οὖν</span> <span class='ocrx_word' id='word_1_597' title='bbox 3513 1274 3609 1326; x_wconf 76' lang='grc' dir='ltr'>καὶ</span> <span class='ocrx_word' id='word_1_598' title='bbox 3635 1276 3668 1344; x_wconf 87' lang='grc' dir='ltr'>ή</span> 
     </span>
    </p>
   </div>
   <div class='ocr_carea' id='block_1_79' title="bbox 2083 1365 3671 1438">
    <p class='ocr_par' dir='ltr' id='par_1_79' title="bbox 2083 1365 3671 1438">
     <span class='ocr_line' id='line_1_79' title="bbox 2083 1365 3671 1438; baseline -0.003 -18"><span class='ocrx_word' id='word_1_599' title='bbox 2083 1368 2219 1438; x_wconf 82' lang='grc' dir='ltr'>γυνὴ</span> <span class='ocrx_word' id='word_1_600' title='bbox 2244 1369 2363 1421; x_wconf 87' lang='grc' dir='ltr'>τότε</span> <span class='ocrx_word' id='word_1_601' title='bbox 2397 1367 2640 1436; x_wconf 75' lang='grc' dir='ltr'>ἐποίησε,</span> <span class='ocrx_word' id='word_1_602' title='bbox 2665 1366 2759 1419; x_wconf 78' lang='grc' dir='ltr'>καὶ</span> <span class='ocrx_word' id='word_1_603' title='bbox 2791 1365 3040 1424; x_wconf 84' lang='grc' dir='ltr'>εἰποῦσα,</span> <span class='ocrx_word' id='word_1_604' title='bbox 3076 1367 3246 1432; x_wconf 76' lang='grc' dir='ltr'>Οὐχὶ,</span> <span class='ocrx_word' id='word_1_605' title='bbox 3271 1367 3459 1434; x_wconf 78' lang='grc' dir='ltr'>κύριε,</span> <span class='ocrx_word' id='word_1_606' title='bbox 3481 1365 3547 1418; x_wconf 75' lang='grc' dir='ltr'>δι’</span> <span class='ocrx_word' id='word_1_607' title='bbox 3572 1365 3671 1417; x_wconf 87' lang='grc' dir='ltr'>αὑ-</span> 
     </span>
    </p>
   </div>
   <div class='ocr_carea' id='block_1_80' title="bbox 2086 1454 3670 1529">
    <p class='ocr_par' dir='ltr' id='par_1_80' title="bbox 2086 1454 3670 1529">
     <span class='ocr_line' id='line_1_80' title="bbox 2086 1454 3670 1529; baseline -0.003 -16"><span class='ocrx_word' id='word_1_608' title='bbox 2086 1459 2194 1513; x_wconf 87' lang='grc' dir='ltr'>τῶν</span> <span class='ocrx_word' id='word_1_609' title='bbox 2221 1460 2330 1512; x_wconf 85' lang='grc' dir='ltr'>τῶν</span> <span class='ocrx_word' id='word_1_610' title='bbox 2365 1459 2704 1528; x_wconf 85' lang='grc' dir='ltr'>πραγμάτων</span> <span class='ocrx_word' id='word_1_611' title='bbox 2737 1458 2948 1511; x_wconf 82' lang='grc' dir='ltr'>ἐδείκνυ</span> <span class='ocrx_word' id='word_1_612' title='bbox 2970 1498 2984 1521; x_wconf 92' lang='grc'>,</span> <span class='ocrx_word' id='word_1_613' title='bbox 3026 1459 3107 1509; x_wconf 73' lang='grc' dir='ltr'>ὅτι</span> <span class='ocrx_word' id='word_1_614' title='bbox 3138 1457 3338 1529; x_wconf 75' lang='grc' dir='ltr'>ψευδὴς</span> <span class='ocrx_word' id='word_1_615' title='bbox 3375 1454 3442 1527; x_wconf 73' lang='grc' dir='ltr'>ἦν</span> <span class='ocrx_word' id='word_1_616' title='bbox 3487 1460 3518 1526; x_wconf 81' lang='grc' dir='ltr'>ἡ</span> <span class='ocrx_word' id='word_1_617' title='bbox 3561 1459 3670 1509; x_wconf 85' lang='grc' dir='ltr'>ὑπ-</span> 
     </span>
    </p>
   </div>
   <div class='ocr_carea' id='block_1_81' title="bbox 2087 1548 3668 1622">
    <p class='ocr_par' dir='ltr' id='par_1_81' title="bbox 2087 1548 3668 1622">
     <span class='ocr_line' id='line_1_81' title="bbox 2087 1548 3668 1622; baseline -0.003 -18"><span class='ocrx_word' id='word_1_618' title='bbox 2087 1553 2236 1622; x_wconf 66' lang='grc' dir='ltr'>οψία.</span> <span class='ocrx_word' id='word_1_619' title='bbox 2269 1553 2439 1606; x_wconf 82' lang='grc' dir='ltr'>Πόθεν</span> <span class='ocrx_word' id='word_1_620' title='bbox 2467 1551 2523 1603; x_wconf 84' lang='grc' dir='ltr'>δὲ</span> <span class='ocrx_word' id='word_1_621' title='bbox 2553 1551 2686 1612; x_wconf 80' lang='grc' dir='ltr'>ὅλως</span> <span class='ocrx_word' id='word_1_622' title='bbox 2709 1549 2802 1602; x_wconf 71' lang='grc' dir='ltr'>καὶ</span> <span class='ocrx_word' id='word_1_623' title='bbox 2835 1548 3191 1602; x_wconf 84' lang='grc' dir='ltr'>ὑπώπτευσεν</span> <span class='ocrx_word' id='word_1_624' title='bbox 3217 1550 3245 1601; x_wconf 88' lang='grc' dir='ltr'>ὁ</span> <span class='ocrx_word' id='word_1_625' title='bbox 3272 1550 3448 1618; x_wconf 79' lang='grc' dir='ltr'>ἱερεὺς</span> <span class='ocrx_word' id='word_1_626' title='bbox 3480 1548 3668 1611; x_wconf 81' lang='grc' dir='ltr'>τοῦτο;</span> 
     </span>
    </p>
   </div>
   <div class='ocr_carea' id='block_1_82' title="bbox 2092 1636 3673 1713">
    <p class='ocr_par' dir='ltr' id='par_1_82' title="bbox 2092 1636 3673 1713">
     <span class='ocr_line' id='line_1_82' title="bbox 2092 1636 3673 1713; baseline -0.004 -19"><span class='ocrx_word' id='word_1_627' title='bbox 2092 1642 2168 1713; x_wconf 81' lang='grc' dir='ltr'>μὴ</span> <span class='ocrx_word' id='word_1_628' title='bbox 2198 1641 2305 1712; x_wconf 78' lang='grc' dir='ltr'>γὰρ</span> <span class='ocrx_word' id='word_1_629' title='bbox 2339 1640 2583 1709; x_wconf 78' lang='grc' dir='ltr'>γελῶσαν</span> <span class='ocrx_word' id='word_1_630' title='bbox 2617 1637 2756 1704; x_wconf 84' lang='grc' dir='ltr'>εἷδε;</span> <span class='ocrx_word' id='word_1_631' title='bbox 2794 1639 2869 1710; x_wconf 82' lang='grc' dir='ltr'>μὴ</span> <span class='ocrx_word' id='word_1_632' title='bbox 2900 1639 3008 1708; x_wconf 85' lang='grc' dir='ltr'>γὰρ</span> <span class='ocrx_word' id='word_1_633' title='bbox 3048 1637 3414 1708; x_wconf 85' lang='grc' dir='ltr'>χορεύουσαν;</span> <span class='ocrx_word' id='word_1_634' title='bbox 3452 1638 3524 1708; x_wconf 79' lang='grc' dir='ltr'>μὴ</span> <span class='ocrx_word' id='word_1_635' title='bbox 3561 1636 3673 1706; x_wconf 83' lang='grc' dir='ltr'>γάρ</span> 
     </span>
    </p>
   </div>
   <div class='ocr_carea' id='block_1_83' title="bbox 2088 1731 3673 1807">
    <p class='ocr_par' dir='ltr' id='par_1_83' title="bbox 2088 1731 3673 1807">
     <span class='ocr_line' id='line_1_83' title="bbox 2088 1731 3673 1807; baseline -0.005 -17"><span class='ocrx_word' id='word_1_636' title='bbox 2088 1736 2527 1807; x_wconf 75' lang='grc' dir='ltr'>περιφερομένην</span> <span class='ocrx_word' id='word_1_637' title='bbox 2555 1735 2648 1788; x_wconf 77' lang='grc' dir='ltr'>καὶ</span> <span class='ocrx_word' id='word_1_638' title='bbox 2680 1733 3163 1799; x_wconf 88' lang='grc' dir='ltr'>καταπίπτουσαν;</span> <span class='ocrx_word' id='word_1_639' title='bbox 3207 1733 3281 1802; x_wconf 81' lang='grc' dir='ltr'>μή</span> <span class='ocrx_word' id='word_1_640' title='bbox 3310 1731 3417 1801; x_wconf 84' lang='grc' dir='ltr'>γὰρ</span> <span class='ocrx_word' id='word_1_641' title='bbox 3445 1731 3673 1801; x_wconf 79' lang='grc' dir='ltr'>αἰσχρόν</span> 
     </span>
    </p>
   </div>
   <div class='ocr_carea' id='block_1_84' title="bbox 2087 1819 3674 1898">
    <p class='ocr_par' dir='ltr' id='par_1_84' title="bbox 2087 1819 3674 1898">
     <span class='ocr_line' id='line_1_84' title="bbox 2087 1819 3674 1898; baseline -0.006 -14"><span class='ocrx_word' id='word_1_642' title='bbox 2087 1849 2142 1884; x_wconf 89' lang='grc' dir='ltr'>τι</span> <span class='ocrx_word' id='word_1_643' title='bbox 2183 1830 2278 1882; x_wconf 76' lang='grc' dir='ltr'>καὶ</span> <span class='ocrx_word' id='word_1_644' title='bbox 2323 1828 2673 1898; x_wconf 84' lang='grc' dir='ltr'>ἀνελεύθερον</span> <span class='ocrx_word' id='word_1_645' title='bbox 2724 1824 3101 1896; x_wconf 81' lang='grc' dir='ltr'>φθεγγομένην</span> <span class='ocrx_word' id='word_1_646' title='bbox 3146 1825 3330 1896; x_wconf 57' lang='lat' dir='ltr'>pinu;</span> <span class='ocrx_word' id='word_1_647' title='bbox 3369 1823 3543 1877; x_wconf 90' lang='grc' dir='ltr'>Πόθεν</span> <span class='ocrx_word' id='word_1_648' title='bbox 3579 1819 3674 1877; x_wconf 85' lang='grc' dir='ltr'>οῦν</span> 
     </span>
    </p>
   </div>
   <div class='ocr_carea' id='block_1_85' title="bbox 2089 1921 3676 1999">
    <p class='ocr_par' dir='ltr' id='par_1_85' title="bbox 2089 1921 3676 1999">
     <span class='ocr_line' id='line_1_85' title="bbox 2089 1921 3676 1999; baseline -0.006 -17"><span class='ocrx_word' id='word_1_649' title='bbox 2089 1929 2290 1999; x_wconf 84' lang='grc' dir='ltr'>ταύτην</span> <span class='ocrx_word' id='word_1_650' title='bbox 2315 1929 2438 1997; x_wconf 75' lang='grc' dir='ltr'>ἔσχε</span> <span class='ocrx_word' id='word_1_651' title='bbox 2468 1926 2564 1997; x_wconf 85' lang='grc' dir='ltr'>τὴν</span> <span class='ocrx_word' id='word_1_652' title='bbox 2581 1926 2837 1978; x_wconf 88' lang='grc' dir='ltr'>ὑπόνοιαν</span> <span class='ocrx_word' id='word_1_653' title='bbox 2859 1942 2872 1990; x_wconf 90' lang='grc'><strong>;</strong></span> <span class='ocrx_word' id='word_1_654' title='bbox 2896 1925 3008 1994; x_wconf 90' lang='grc' dir='ltr'>Οὑχ</span> <span class='ocrx_word' id='word_1_655' title='bbox 3021 1923 3228 1986; x_wconf 77' lang='grc' dir='ltr'>ἁπλῶς,</span> <span class='ocrx_word' id='word_1_656' title='bbox 3251 1921 3372 1975; x_wconf 85' lang='grc' dir='ltr'>οὑδέ</span> <span class='ocrx_word' id='word_1_657' title='bbox 3388 1921 3464 1983; x_wconf 84' lang='grc' dir='ltr'>ὡς</span> <span class='ocrx_word' id='word_1_658' title='bbox 3484 1921 3676 1991; x_wconf 72' lang='grc' dir='ltr'>ἔτυχεν</span> 
     </span>
    </p>
   </div>
   <div class='ocr_carea' id='block_1_86' title="bbox 2091 2009 3677 2088">
    <p class='ocr_par' dir='ltr' id='par_1_86' title="bbox 2091 2009 3677 2088">
     <span class='ocr_line' id='line_1_86' title="bbox 2091 2009 3677 2088; baseline -0.006 -14"><span class='ocrx_word' id='word_1_659' title='bbox 2091 2025 2318 2085; x_wconf 86' lang='grc' dir='ltr'>ἐκεῖνος,</span> <span class='ocrx_word' id='word_1_660' title='bbox 2348 2019 2462 2073; x_wconf 87' lang='grc' dir='ltr'>ἀλλ’</span> <span class='ocrx_word' id='word_1_661' title='bbox 2489 2019 2598 2072; x_wconf 83' lang='grc' dir='ltr'>ἀπὸ</span> <span class='ocrx_word' id='word_1_662' title='bbox 2615 2017 2709 2072; x_wconf 91' lang='grc' dir='ltr'>τοῦ</span> <span class='ocrx_word' id='word_1_663' title='bbox 2739 2015 2932 2088; x_wconf 82' lang='grc' dir='ltr'>καιροῦ</span> <span class='ocrx_word' id='word_1_664' title='bbox 2954 2018 3055 2087; x_wconf 84' lang='grc' dir='ltr'>τῆς</span> <span class='ocrx_word' id='word_1_665' title='bbox 3075 2015 3286 2086; x_wconf 83' lang='grc' dir='ltr'>ἡμέρας</span> <span class='ocrx_word' id='word_1_666' title='bbox 3311 2031 3325 2045; x_wconf 89' lang='grc'><strong>·</strong></span> <span class='ocrx_word' id='word_1_667' title='bbox 3359 2015 3455 2066; x_wconf 85' lang='grc' dir='ltr'>καὶ</span> <span class='ocrx_word' id='word_1_668' title='bbox 3477 2013 3588 2084; x_wconf 87' lang='grc' dir='ltr'>γάρ</span> <span class='ocrx_word' id='word_1_669' title='bbox 3605 2009 3677 2083; x_wconf 80' lang='grc' dir='ltr'>ἦν</span> 
     </span>
    </p>
   </div>
   <div class='ocr_carea' id='block_1_87' title="bbox 2090 2103 3682 2184">
    <p class='ocr_par' dir='ltr' id='par_1_87' title="bbox 2090 2103 3682 2184">
     <span class='ocr_line' id='line_1_87' title="bbox 2090 2103 3682 2184; baseline -0.005 -18"><span class='ocrx_word' id='word_1_670' title='bbox 2090 2115 2152 2166; x_wconf 79' lang='grc' dir='ltr'>τὸ</span> <span class='ocrx_word' id='word_1_671' title='bbox 2175 2111 2564 2184; x_wconf 81' lang='grc' dir='ltr'>μεσημϐρινὸν,</span> <span class='ocrx_word' id='word_1_672' title='bbox 2590 2112 2679 2164; x_wconf 82' lang='grc' dir='ltr'>ὅτε</span> <span class='ocrx_word' id='word_1_673' title='bbox 2707 2109 2808 2180; x_wconf 82' lang='grc' dir='ltr'>τὴν</span> <span class='ocrx_word' id='word_1_674' title='bbox 2837 2107 3002 2178; x_wconf 80' lang='grc' dir='ltr'>εὐχὴν</span> <span class='ocrx_word' id='word_1_675' title='bbox 3028 2108 3281 2161; x_wconf 82' lang='grc' dir='ltr'>ἐποιεῖτο.</span> <span class='ocrx_word' id='word_1_676' title='bbox 3320 2105 3491 2158; x_wconf 88' lang='grc' dir='ltr'>Πόθεν</span> <span class='ocrx_word' id='word_1_677' title='bbox 3514 2103 3682 2158; x_wconf 82' lang='grc' dir='ltr'>τοῦτο</span> 
     </span>
    </p>
   </div>
   <div class='ocr_carea' id='block_1_88' title="bbox 2093 2197 3680 2274">
    <p class='ocr_par' dir='ltr' id='par_1_88' title="bbox 2093 2197 3680 2274">
     <span class='ocr_line' id='line_1_88' title="bbox 2093 2197 3680 2274; baseline -0.006 -16"><span class='ocrx_word' id='word_1_678' title='bbox 2093 2206 2283 2274; x_wconf 80' lang='grc' dir='ltr'>δῆλον;</span> <span class='ocrx_word' id='word_1_679' title='bbox 2336 2205 2455 2256; x_wconf 85' lang='grc' dir='ltr'>Ἀπ’</span> <span class='ocrx_word' id='word_1_680' title='bbox 2480 2201 2657 2255; x_wconf 90' lang='grc' dir='ltr'>αὐτῶν</span> <span class='ocrx_word' id='word_1_681' title='bbox 2685 2199 2793 2254; x_wconf 91' lang='grc' dir='ltr'>τῶν</span> <span class='ocrx_word' id='word_1_682' title='bbox 2821 2200 3026 2254; x_wconf 81' lang='grc' dir='ltr'>ἀνωθεν</span> <span class='ocrx_word' id='word_1_683' title='bbox 3054 2199 3379 2270; x_wconf 76' lang='grc' dir='ltr'>εἰρημένων.</span> <span class='ocrx_word' id='word_1_684' title='bbox 3427 2197 3680 2264; x_wconf 82' lang='grc' dir='ltr'>Ἀνέστη</span> 
     </span>
    </p>
   </div>
   <div class='ocr_carea' id='block_1_89' title="bbox 2095 2294 3679 2377">
    <p class='ocr_par' dir='ltr' id='par_1_89' title="bbox 2095 2294 3679 2377">
     <span class='ocr_line' id='line_1_89' title="bbox 2095 2294 3679 2377; baseline -0.004 -19"><span class='ocrx_word' id='word_1_685' title='bbox 2095 2309 2224 2377; x_wconf 83' lang='grc' dir='ltr'>γάρ,</span> <span class='ocrx_word' id='word_1_686' title='bbox 2261 2304 2443 2374; x_wconf 69' lang='grc' dir='ltr'>φησὶν,</span> <span class='ocrx_word' id='word_1_687' title='bbox 2479 2305 2658 2358; x_wconf 81' lang='grc' dir='ltr'>Ἅννα</span> <span class='ocrx_word' id='word_1_688' title='bbox 2700 2301 2850 2370; x_wconf 78' lang='grc' dir='ltr'>μετὰ</span> <span class='ocrx_word' id='word_1_689' title='bbox 2897 2300 2966 2354; x_wconf 83' lang='grc' dir='ltr'>τὸ</span> <span class='ocrx_word' id='word_1_690' title='bbox 3014 2298 3228 2370; x_wconf 72' lang='grc' dir='ltr'>φαγεῖν</span> <span class='ocrx_word' id='word_1_691' title='bbox 3273 2297 3495 2363; x_wconf 85' lang='grc' dir='ltr'>αὐτοὺς</span> <span class='ocrx_word' id='word_1_692' title='bbox 3525 2294 3679 2368; x_wconf 78' lang='grc'>[719]</span> 
     </span>
    </p>
   </div>
   <div class='ocr_carea' id='block_1_90' title="bbox 2097 2392 3682 2470">
    <p class='ocr_par' dir='ltr' id='par_1_90' title="bbox 2097 2392 3682 2470">
     <span class='ocr_line' id='line_1_90' title="bbox 2097 2392 3682 2470; baseline -0.011 -12"><span class='ocrx_word' id='word_1_693' title='bbox 2097 2405 2165 2458; x_wconf 85' lang='grc' dir='ltr'>ἐν</span> <span class='ocrx_word' id='word_1_694' title='bbox 2185 2403 2418 2470; x_wconf 80' lang='grc' dir='ltr'>Σηλὼμ,</span> <span class='ocrx_word' id='word_1_695' title='bbox 2444 2401 2541 2454; x_wconf 81' lang='grc' dir='ltr'>καὶ</span> <span class='ocrx_word' id='word_1_696' title='bbox 2559 2398 2710 2470; x_wconf 84' lang='grc' dir='ltr'>μετὰ</span> <span class='ocrx_word' id='word_1_697' title='bbox 2729 2399 2795 2452; x_wconf 84' lang='grc' dir='ltr'>τὸ</span> <span class='ocrx_word' id='word_1_698' title='bbox 2815 2397 2992 2465; x_wconf 81' lang='grc' dir='ltr'>πιεῖν,</span> <span class='ocrx_word' id='word_1_699' title='bbox 3019 2395 3118 2451; x_wconf 80' lang='grc' dir='ltr'>καί</span> <span class='ocrx_word' id='word_1_700' title='bbox 3139 2395 3398 2462; x_wconf 85' lang='grc' dir='ltr'>κατέστη</span> <span class='ocrx_word' id='word_1_701' title='bbox 3422 2392 3682 2447; x_wconf 79' lang='grc' dir='ltr'>ἐνώπιον</span> 
     </span>
    </p>
   </div>
   <div class='ocr_carea' id='block_1_91' title="bbox 2099 2491 3682 2572">
    <p class='ocr_par' dir='ltr' id='par_1_91' title="bbox 2099 2491 3682 2572">
     <span class='ocr_line' id='line_1_91' title="bbox 2099 2491 3682 2572; baseline -0.009 -14"><span class='ocrx_word' id='word_1_702' title='bbox 2099 2505 2337 2572; x_wconf 82' lang='grc' dir='ltr'>Κυρίου.</span> <span class='ocrx_word' id='word_1_703' title='bbox 2378 2503 2536 2572; x_wconf 82' lang='grc' dir='ltr'>Ὁρᾷς</span> <span class='ocrx_word' id='word_1_704' title='bbox 2559 2516 2572 2564; x_wconf 90' lang='grc'>;</span> <span class='ocrx_word' id='word_1_705' title='bbox 2604 2501 2701 2553; x_wconf 90' lang='grc' dir='ltr'>Ὃν</span> <span class='ocrx_word' id='word_1_706' title='bbox 2723 2498 2959 2560; x_wconf 89' lang='grc' dir='ltr'>ἀνέσεως</span> <span class='ocrx_word' id='word_1_707' title='bbox 2981 2495 3173 2567; x_wconf 73' lang='grc' dir='ltr'>καιρὸν</span> <span class='ocrx_word' id='word_1_708' title='bbox 3199 2493 3476 2547; x_wconf 89' lang='grc' dir='ltr'>ποιοῦνται</span> <span class='ocrx_word' id='word_1_709' title='bbox 3503 2491 3682 2546; x_wconf 76' lang='grc' dir='ltr'>ᾶπαν-</span> 
     </span>
    </p>
   </div>
   <div class='ocr_carea' id='block_1_92' title="bbox 2099 2583 3687 2664">
    <p class='ocr_par' dir='ltr' id='par_1_92' title="bbox 2099 2583 3687 2664">
     <span class='ocr_line' id='line_1_92' title="bbox 2099 2583 3687 2664; baseline -0.009 -14"><span class='ocrx_word' id='word_1_710' title='bbox 2099 2615 2211 2661; x_wconf 82' lang='grc' dir='ltr'>τες,</span> <span class='ocrx_word' id='word_1_711' title='bbox 2244 2596 2431 2650; x_wconf 90' lang='grc' dir='ltr'>τοῦτον</span> <span class='ocrx_word' id='word_1_712' title='bbox 2473 2596 2639 2664; x_wconf 83' lang='grc' dir='ltr'>εὐχῆς</span> <span class='ocrx_word' id='word_1_713' title='bbox 2682 2594 2919 2647; x_wconf 89' lang='grc' dir='ltr'>ἐποιεῖτο</span> <span class='ocrx_word' id='word_1_714' title='bbox 2966 2591 3104 2661; x_wconf 77' lang='grc' dir='ltr'>αὕτη</span> <span class='ocrx_word' id='word_1_715' title='bbox 3145 2586 3354 2658; x_wconf 78' lang='grc' dir='ltr'>καιρὸν,</span> <span class='ocrx_word' id='word_1_716' title='bbox 3403 2585 3499 2638; x_wconf 84' lang='grc' dir='ltr'>καί</span> <span class='ocrx_word' id='word_1_717' title='bbox 3543 2583 3687 2653; x_wconf 83' lang='grc' dir='ltr'>μετά</span> 
     </span>
    </p>
   </div>
   <div class='ocr_carea' id='block_1_93' title="bbox 2100 2675 3688 2760">
    <p class='ocr_par' dir='ltr' id='par_1_93' title="bbox 2100 2675 3688 2760">
     <span class='ocr_line' id='line_1_93' title="bbox 2100 2675 3688 2760; baseline -0.011 -18"><span class='ocrx_word' id='word_1_718' title='bbox 2100 2688 2374 2760; x_wconf 80' lang='grc' dir='ltr'>τράπεζαν</span> <span class='ocrx_word' id='word_1_719' title='bbox 2404 2687 2537 2757; x_wconf 80' lang='grc' dir='ltr'>πρὸς</span> <span class='ocrx_word' id='word_1_720' title='bbox 2565 2685 2846 2757; x_wconf 87' lang='grc' dir='ltr'>ἱκετηρίαν</span> <span class='ocrx_word' id='word_1_721' title='bbox 2873 2683 3132 2753; x_wconf 85' lang='grc' dir='ltr'>άνέτρεχε</span> <span class='ocrx_word' id='word_1_722' title='bbox 3155 2721 3170 2747; x_wconf 94' lang='grc'>,</span> <span class='ocrx_word' id='word_1_723' title='bbox 3202 2681 3296 2733; x_wconf 76' lang='grc' dir='ltr'>καὶ</span> <span class='ocrx_word' id='word_1_724' title='bbox 3322 2676 3509 2748; x_wconf 81' lang='grc' dir='ltr'>πηγάς</span> <span class='ocrx_word' id='word_1_725' title='bbox 3532 2675 3688 2744; x_wconf 59' lang='grc' dir='ltr'>ἠφίει</span> 
     </span>
    </p>
   </div>
   <div class='ocr_carea' id='block_1_94' title="bbox 2102 2769 3686 2854">
    <p class='ocr_par' dir='ltr' id='par_1_94' title="bbox 2102 2769 3686 2854">
     <span class='ocr_line' id='line_1_94' title="bbox 2102 2769 3686 2854; baseline -0.014 -14"><span class='ocrx_word' id='word_1_726' title='bbox 2102 2785 2373 2854; x_wconf 84' lang='grc' dir='ltr'>δακρύων,</span> <span class='ocrx_word' id='word_1_727' title='bbox 2405 2783 2497 2836; x_wconf 76' lang='grc' dir='ltr'>καὶ</span> <span class='ocrx_word' id='word_1_728' title='bbox 2523 2783 2758 2835; x_wconf 90' lang='grc' dir='ltr'>διάνοιαν</span> <span class='ocrx_word' id='word_1_729' title='bbox 2789 2781 3015 2850; x_wconf 88' lang='grc' dir='ltr'>παρεῖχε</span> <span class='ocrx_word' id='word_1_730' title='bbox 3056 2773 3438 2845; x_wconf 79' lang='grc' dir='ltr'>σωφρονοῦσαν</span> <span class='ocrx_word' id='word_1_731' title='bbox 3464 2769 3560 2824; x_wconf 66' lang='grc' dir='ltr'>καί¹</span> <span class='ocrx_word' id='word_1_732' title='bbox 3583 2769 3686 2837; x_wconf 82' lang='grc' dir='ltr'>νή-</span> 
     </span>
    </p>
   </div>
   <div class='ocr_carea' id='block_1_95' title="bbox 2105 2857 3690 2945">
    <p class='ocr_par' dir='ltr' id='par_1_95' title="bbox 2105 2857 3690 2945">
     <span class='ocr_line' id='line_1_95' title="bbox 2105 2857 3690 2945; baseline -0.013 -16"><span class='ocrx_word' id='word_1_733' title='bbox 2105 2891 2327 2945; x_wconf 83' lang='grc' dir='ltr'>φουσαν,</span> <span class='ocrx_word' id='word_1_734' title='bbox 2355 2874 2446 2926; x_wconf 76' lang='grc' dir='ltr'>καὶ</span> <span class='ocrx_word' id='word_1_735' title='bbox 2465 2871 2601 2942; x_wconf 88' lang='grc' dir='ltr'>μετά</span> <span class='ocrx_word' id='word_1_736' title='bbox 2627 2869 2902 2941; x_wconf 80' lang='grc' dir='ltr'>τράπεζαν</span> <span class='ocrx_word' id='word_1_737' title='bbox 2920 2865 3091 2929; x_wconf 83' lang='grc' dir='ltr'>οὑτως</span> <span class='ocrx_word' id='word_1_738' title='bbox 3114 2861 3346 2925; x_wconf 86' lang='grc' dir='ltr'>ἐκτενῶς</span> <span class='ocrx_word' id='word_1_739' title='bbox 3368 2860 3588 2932; x_wconf 80' lang='grc' dir='ltr'>ηὑξατο,</span> <span class='ocrx_word' id='word_1_740' title='bbox 3611 2857 3690 2919; x_wconf 81' lang='grc' dir='ltr'>ὡς</span> 
     </span>
    </p>
   </div>
   <div class='ocr_carea' id='block_1_96' title="bbox 2103 2949 3692 3037">
    <p class='ocr_par' dir='ltr' id='par_1_96' title="bbox 2103 2949 3692 3037">
     <span class='ocr_line' id='line_1_96' title="bbox 2103 2949 3692 3037; baseline -0.013 -16"><span class='ocrx_word' id='word_1_741' title='bbox 2103 2966 2274 3037; x_wconf 87' lang='grc' dir='ltr'>δῶρον</span> <span class='ocrx_word' id='word_1_742' title='bbox 2300 2965 2438 3035; x_wconf 84' lang='grc' dir='ltr'>ὑπὲρ</span> <span class='ocrx_word' id='word_1_743' title='bbox 2478 2962 2639 3031; x_wconf 84' lang='grc' dir='ltr'>φύσιν</span> <span class='ocrx_word' id='word_1_744' title='bbox 2688 2960 2896 3023; x_wconf 89' lang='grc' dir='ltr'>λαϐεῖν,</span> <span class='ocrx_word' id='word_1_745' title='bbox 2922 2959 3017 3013; x_wconf 71' lang='grc' dir='ltr'>καὶ</span> <span class='ocrx_word' id='word_1_746' title='bbox 3054 2955 3214 3010; x_wconf 90' lang='grc' dir='ltr'>λῦσαι</span> <span class='ocrx_word' id='word_1_747' title='bbox 3244 2954 3530 3024; x_wconf 88' lang='grc' dir='ltr'>στείρωσιν</span> <span class='ocrx_word' id='word_1_748' title='bbox 3549 2991 3572 3017; x_wconf 80' lang='grc'>,</span> <span class='ocrx_word' id='word_1_749' title='bbox 3595 2949 3692 3002; x_wconf 80' lang='grc' dir='ltr'>καὶ</span> 
     </span>
    </p>
   </div>
   <div class='ocr_carea' id='block_1_97' title="bbox 2107 3039 3735 3127">
    <p class='ocr_par' dir='ltr' id='par_1_97' title="bbox 2107 3039 3735 3127">
     <span class='ocr_line' id='line_1_97' title="bbox 2107 3039 3735 3127; baseline -0.012 -18"><span class='ocrx_word' id='word_1_750' title='bbox 2107 3057 2268 3127; x_wconf 86' lang='grc' dir='ltr'>φύσιν</span> <span class='ocrx_word' id='word_1_751' title='bbox 2296 3055 2670 3122; x_wconf 85' lang='grc' dir='ltr'>ἀσθενήσασαν</span> <span class='ocrx_word' id='word_1_752' title='bbox 2695 3049 3008 3122; x_wconf 84' lang='grc' dir='ltr'>διορθῶσαι.</span> <span class='ocrx_word' id='word_1_753' title='bbox 3031 3046 3218 3100; x_wconf 88' lang='grc' dir='ltr'>Ταῦτα</span> <span class='ocrx_word' id='word_1_754' title='bbox 3249 3044 3426 3097; x_wconf 87' lang='grc' dir='ltr'>τοίνυν</span> <span class='ocrx_word' id='word_1_755' title='bbox 3452 3041 3561 3094; x_wconf 77' lang='grc' dir='ltr'>ἀπὸ</span> <span class='ocrx_word' id='word_1_756' title='bbox 3589 3039 3692 3108; x_wconf 76' lang='grc' dir='ltr'>τῆς</span> <span class='ocrx_word' id='word_1_757' title='bbox 3731 3067 3735 3071; x_wconf 61' lang='grc' dir='ltr'>ι</span> 
     </span>
    </p>
   </div>
   <div class='ocr_carea' id='block_1_98' title="bbox 2106 3126 3692 3214">
    <p class='ocr_par' dir='ltr' id='par_1_98' title="bbox 2106 3126 3692 3214">
     <span class='ocr_line' id='line_1_98' title="bbox 2106 3126 3692 3214; baseline -0.014 -15"><span class='ocrx_word' id='word_1_758' title='bbox 2106 3143 2366 3214; x_wconf 83' lang='grc' dir='ltr'>γυναικὸς</span> <span class='ocrx_word' id='word_1_759' title='bbox 2383 3141 2778 3214; x_wconf 89' lang='grc' dir='ltr'>ἐκερδάναμεν,</span> <span class='ocrx_word' id='word_1_760' title='bbox 2807 3137 2947 3192; x_wconf 86' lang='grc' dir='ltr'>ὥστε</span> <span class='ocrx_word' id='word_1_761' title='bbox 2982 3136 3179 3190; x_wconf 77' lang='grc' dir='ltr'>εἰδέναι</span> <span class='ocrx_word' id='word_1_762' title='bbox 3203 3134 3322 3205; x_wconf 84' lang='grc' dir='ltr'>μετ’</span> <span class='ocrx_word' id='word_1_763' title='bbox 3345 3129 3581 3199; x_wconf 83' lang='grc' dir='ltr'>εὐωχίαν</span> <span class='ocrx_word' id='word_1_764' title='bbox 3602 3126 3692 3179; x_wconf 80' lang='grc' dir='ltr'>εὑ-</span> 
     </span>
    </p>
   </div>
   <div class='ocr_carea' id='block_1_99' title="bbox 2106 3219 3693 3306">
    <p class='ocr_par' dir='ltr' id='par_1_99' title="bbox 2106 3219 3693 3306">
     <span class='ocr_line' id='line_1_99' title="bbox 2106 3219 3693 3306; baseline -0.012 -17"><span class='ocrx_word' id='word_1_765' title='bbox 2106 3235 2319 3306; x_wconf 90' lang='grc' dir='ltr'>χεσθαι.</span> <span class='ocrx_word' id='word_1_766' title='bbox 2359 3234 2416 3287; x_wconf 78' lang='grc' dir='ltr'>ὐ</span> <span class='ocrx_word' id='word_1_767' title='bbox 2445 3232 2553 3304; x_wconf 89' lang='grc' dir='ltr'>γάρ</span> <span class='ocrx_word' id='word_1_768' title='bbox 2585 3232 2723 3304; x_wconf 86' lang='grc' dir='ltr'>πρὸς</span> <span class='ocrx_word' id='word_1_769' title='bbox 2755 3229 2914 3284; x_wconf 89' lang='grc' dir='ltr'>τοῦτο</span> <span class='ocrx_word' id='word_1_770' title='bbox 2954 3222 3497 3299; x_wconf 89' lang='grc' dir='ltr'>παρεσκευασμένος,</span> <span class='ocrx_word' id='word_1_771' title='bbox 3539 3219 3693 3272; x_wconf 85' lang='grc' dir='ltr'>οὐδέ-</span> 
     </span>
    </p>
   </div>
   <div class='ocr_carea' id='block_1_100' title="bbox 2111 3312 3694 3397">
    <p class='ocr_par' dir='ltr' id='par_1_100' title="bbox 2111 3312 3694 3397">
     <span class='ocr_line' id='line_1_100' title="bbox 2111 3312 3694 3397; baseline -0.012 -16"><span class='ocrx_word' id='word_1_772' title='bbox 2111 3345 2241 3381; x_wconf 91' lang='grc' dir='ltr'>ποτε</span> <span class='ocrx_word' id='word_1_773' title='bbox 2281 3329 2360 3391; x_wconf 87' lang='grc' dir='ltr'>είς</span> <span class='ocrx_word' id='word_1_774' title='bbox 2394 3326 2564 3397; x_wconf 90' lang='grc' dir='ltr'>μέθην</span> <span class='ocrx_word' id='word_1_775' title='bbox 2608 3327 2704 3378; x_wconf 72' lang='grc' dir='ltr'>καὶ</span> <span class='ocrx_word' id='word_1_776' title='bbox 2744 3322 3031 3393; x_wconf 89' lang='grc' dir='ltr'>παροινίαν</span> <span class='ocrx_word' id='word_1_777' title='bbox 3061 3320 3396 3379; x_wconf 89' lang='grc' dir='ltr'>ἐκπεσεῖται,</span> <span class='ocrx_word' id='word_1_778' title='bbox 3433 3312 3694 3367; x_wconf 87' lang='grc' dir='ltr'>οὐδέποτε</span> 
     </span>
    </p>
   </div>
   <div class='ocr_carea' id='block_1_101' title="bbox 2114 3411 3696 3497">
    <p class='ocr_par' dir='ltr' id='par_1_101' title="bbox 2114 3411 3696 3497">
     <span class='ocr_line' id='line_1_101' title="bbox 2114 3411 3696 3497; baseline -0.013 -15"><span class='ocrx_word' id='word_1_779' title='bbox 2114 3429 2220 3482; x_wconf 84' lang='grc' dir='ltr'>ὑπὸ</span> <span class='ocrx_word' id='word_1_780' title='bbox 2243 3425 2579 3497; x_wconf 76' lang='grc' dir='ltr'>ἀδδηφαγίας</span> <span class='ocrx_word' id='word_1_781' title='bbox 2600 3424 3052 3496; x_wconf 73' lang='grc' dir='ltr'>διαρραγήσεται,</span> <span class='ocrx_word' id='word_1_782' title='bbox 3079 3416 3219 3472; x_wconf 87' lang='grc' dir='ltr'>άλλά</span> <span class='ocrx_word' id='word_1_783' title='bbox 3239 3415 3336 3488; x_wconf 83' lang='grc' dir='ltr'>τὴν</span> <span class='ocrx_word' id='word_1_784' title='bbox 3359 3411 3696 3484; x_wconf 87' lang='grc' dir='ltr'>προσδοκίαν</span> 
     </span>
    </p>
   </div>
   <div class='ocr_carea' id='block_1_102' title="bbox 2111 3503 3698 3590">
    <p class='ocr_par' dir='ltr' id='par_1_102' title="bbox 2111 3503 3698 3590">
     <span class='ocr_line' id='line_1_102' title="bbox 2111 3503 3698 3590; baseline -0.013 -16"><span class='ocrx_word' id='word_1_785' title='bbox 2111 3521 2212 3590; x_wconf 77' lang='grc' dir='ltr'>τῆς</span> <span class='ocrx_word' id='word_1_786' title='bbox 2251 3519 2418 3589; x_wconf 80' lang='grc' dir='ltr'>εὐχῆς</span> <span class='ocrx_word' id='word_1_787' title='bbox 2445 3517 2565 3570; x_wconf 77' lang='grc' dir='ltr'>ἀντὶ</span> <span class='ocrx_word' id='word_1_788' title='bbox 2607 3513 2827 3585; x_wconf 89' lang='grc' dir='ltr'>χαλινοῦ</span> <span class='ocrx_word' id='word_1_789' title='bbox 2869 3515 2983 3575; x_wconf 92' lang='grc' dir='ltr'>τοῖς</span> <span class='ocrx_word' id='word_1_790' title='bbox 3016 3510 3295 3578; x_wconf 86' lang='grc' dir='ltr'>λογισμοῖς</span> <span class='ocrx_word' id='word_1_791' title='bbox 3336 3503 3698 3574; x_wconf 84' lang='grc' dir='ltr'>ἐπικειμένην</span> 
     </span>
    </p>
   </div>
   <div class='ocr_carea' id='block_1_103' title="bbox 2114 3601 3703 3690">
    <p class='ocr_par' dir='ltr' id='par_1_103' title="bbox 2114 3601 3703 3690">
     <span class='ocr_line' id='line_1_103' title="bbox 2114 3601 3703 3690; baseline -0.013 -17"><span class='ocrx_word' id='word_1_792' title='bbox 2114 3620 2272 3690; x_wconf 78' lang='grc' dir='ltr'>ἔχων,</span> <span class='ocrx_word' id='word_1_793' title='bbox 2314 3617 2452 3689; x_wconf 85' lang='grc' dir='ltr'>μετά</span> <span class='ocrx_word' id='word_1_794' title='bbox 2468 3616 2559 3669; x_wconf 88' lang='grc' dir='ltr'>τοῦ</span> <span class='ocrx_word' id='word_1_795' title='bbox 2588 3615 2958 3686; x_wconf 86' lang='grc' dir='ltr'>προσήκοντος</span> <span class='ocrx_word' id='word_1_796' title='bbox 2987 3610 3186 3681; x_wconf 90' lang='grc' dir='ltr'>μέτρου</span> <span class='ocrx_word' id='word_1_797' title='bbox 3207 3607 3316 3661; x_wconf 88' lang='grc' dir='ltr'>τῶν</span> <span class='ocrx_word' id='word_1_798' title='bbox 3349 3601 3703 3678; x_wconf 85' lang='grc' dir='ltr'>παρακειμέ-</span> 
     </span>
    </p>
   </div>
   <div class='ocr_carea' id='block_1_104' title="bbox 2115 3695 3703 3779">
    <p class='ocr_par' dir='ltr' id='par_1_104' title="bbox 2115 3695 3703 3779">
     <span class='ocr_line' id='line_1_104' title="bbox 2115 3695 3703 3779; baseline -0.011 -15"><span class='ocrx_word' id='word_1_799' title='bbox 2115 3729 2221 3764; x_wconf 90' lang='grc' dir='ltr'>νων</span> <span class='ocrx_word' id='word_1_800' title='bbox 2247 3709 2441 3779; x_wconf 70' lang='grc' dir='ltr'>ἆψεται</span> <span class='ocrx_word' id='word_1_801' title='bbox 2465 3707 2703 3771; x_wconf 90' lang='grc' dir='ltr'>πάντων,</span> <span class='ocrx_word' id='word_1_802' title='bbox 2739 3706 2834 3758; x_wconf 67' lang='grc' dir='ltr'>καὶ</span> <span class='ocrx_word' id='word_1_803' title='bbox 2859 3703 3058 3773; x_wconf 83' lang='grc' dir='ltr'>πολλῆς</span> <span class='ocrx_word' id='word_1_804' title='bbox 3083 3700 3181 3772; x_wconf 90' lang='grc' dir='ltr'>μέν</span> <span class='ocrx_word' id='word_1_805' title='bbox 3205 3700 3303 3768; x_wconf 84' lang='grc' dir='ltr'>τὴν</span> <span class='ocrx_word' id='word_1_806' title='bbox 3330 3697 3531 3768; x_wconf 78' lang='grc' dir='ltr'>ψυχὴν,</span> <span class='ocrx_word' id='word_1_807' title='bbox 3568 3695 3703 3747; x_wconf 82' lang='grc' dir='ltr'>πολ-</span> 
     </span>
    </p>
   </div>
   <div class='ocr_carea' id='block_1_105' title="bbox 2115 3795 3702 3882">
    <p class='ocr_par' dir='ltr' id='par_1_105' title="bbox 2115 3795 3702 3882">
     <span class='ocr_line' id='line_1_105' title="bbox 2115 3795 3702 3882; baseline -0.011 -18"><span class='ocrx_word' id='word_1_808' title='bbox 2115 3812 2215 3882; x_wconf 79' lang='grc' dir='ltr'>λῆς</span> <span class='ocrx_word' id='word_1_809' title='bbox 2247 3810 2303 3862; x_wconf 89' lang='grc' dir='ltr'>δέ</span> <span class='ocrx_word' id='word_1_810' title='bbox 2343 3808 2403 3862; x_wconf 81' lang='grc' dir='ltr'>τὸ</span> <span class='ocrx_word' id='word_1_811' title='bbox 2445 3808 2606 3877; x_wconf 85' lang='grc' dir='ltr'>σῶμα</span> <span class='ocrx_word' id='word_1_812' title='bbox 2653 3805 2926 3878; x_wconf 87' lang='grc' dir='ltr'>ἐμπλήσει</span> <span class='ocrx_word' id='word_1_813' title='bbox 2973 3803 3074 3873; x_wconf 82' lang='grc' dir='ltr'>τῆς</span> <span class='ocrx_word' id='word_1_814' title='bbox 3122 3800 3396 3868; x_wconf 89' lang='grc' dir='ltr'>εὐλογίας.</span> <span class='ocrx_word' id='word_1_815' title='bbox 3433 3795 3702 3868; x_wconf 77' lang='grc' dir='ltr'>Τράπεζα</span> 
     </span>
    </p>
   </div>
   <div class='ocr_carea' id='block_1_106' title="bbox 2119 3897 3700 3982">
    <p class='ocr_par' dir='ltr' id='par_1_106' title="bbox 2119 3897 3700 3982">
     <span class='ocr_line' id='line_1_106' title="bbox 2119 3897 3700 3982; baseline -0.011 -18"><span class='ocrx_word' id='word_1_816' title='bbox 2119 3911 2228 3982; x_wconf 89' lang='grc' dir='ltr'>γάρ</span> <span class='ocrx_word' id='word_1_817' title='bbox 2254 3910 2361 3963; x_wconf 83' lang='grc' dir='ltr'>ἀπὸ</span> <span class='ocrx_word' id='word_1_818' title='bbox 2379 3908 2545 3978; x_wconf 80' lang='grc' dir='ltr'>εὐχῆς</span> <span class='ocrx_word' id='word_1_819' title='bbox 2563 3905 2862 3977; x_wconf 87' lang='grc' dir='ltr'>ἀρχομένη,</span> <span class='ocrx_word' id='word_1_820' title='bbox 2885 3904 2978 3957; x_wconf 76' lang='grc' dir='ltr'>καὶ</span> <span class='ocrx_word' id='word_1_821' title='bbox 3001 3905 3080 3966; x_wconf 88' lang='grc' dir='ltr'>είς</span> <span class='ocrx_word' id='word_1_822' title='bbox 3102 3900 3265 3972; x_wconf 83' lang='grc' dir='ltr'>εὐχὴν</span> <span class='ocrx_word' id='word_1_823' title='bbox 3288 3897 3700 3967; x_wconf 81' lang='grc' dir='ltr'>καταλήγουσα,</span> 
     </span>
    </p>
   </div>
   <div class='ocr_carea' id='block_1_107' title="bbox 2119 3988 3704 4068">
    <p class='ocr_par' dir='ltr' id='par_1_107' title="bbox 2119 3988 3704 4068">
     <span class='ocr_line' id='line_1_107' title="bbox 2119 3988 3704 4068; baseline -0.01 -14"><span class='ocrx_word' id='word_1_824' title='bbox 2119 4002 2370 4055; x_wconf 78' lang='grc' dir='ltr'>οὐδέποτε</span> <span class='ocrx_word' id='word_1_825' title='bbox 2415 3996 2866 4068; x_wconf 89' lang='grc' dir='ltr'>ὑστερηθήσεται,</span> <span class='ocrx_word' id='word_1_826' title='bbox 2915 3992 3050 4046; x_wconf 86' lang='grc' dir='ltr'>ἀλλά</span> <span class='ocrx_word' id='word_1_827' title='bbox 3090 3991 3270 4061; x_wconf 83' lang='grc' dir='ltr'>πηγῆς</span> <span class='ocrx_word' id='word_1_828' title='bbox 3315 3988 3704 4058; x_wconf 69' lang='grc' dir='ltr'>δαψιλέστερον</span> 
     </span>
    </p>
   </div>
   <div class='ocr_carea' id='block_1_108' title="bbox 2123 4081 3702 4163">
    <p class='ocr_par' dir='ltr' id='par_1_108' title="bbox 2123 4081 3702 4163">
     <span class='ocr_line' id='line_1_108' title="bbox 2123 4081 3702 4163; baseline -0.011 -15"><span class='ocrx_word' id='word_1_829' title='bbox 2123 4095 2335 4149; x_wconf 77' lang='grc' dir='ltr'>ἅπαντα</span> <span class='ocrx_word' id='word_1_830' title='bbox 2366 4094 2496 4163; x_wconf 83' lang='grc' dir='ltr'>ἡμῖν</span> <span class='ocrx_word' id='word_1_831' title='bbox 2526 4091 2657 4143; x_wconf 77' lang='grc' dir='ltr'>οἴσει</span> <span class='ocrx_word' id='word_1_832' title='bbox 2691 4087 2760 4140; x_wconf 86' lang='grc' dir='ltr'>τὰ</span> <span class='ocrx_word' id='word_1_833' title='bbox 2788 4086 2988 4154; x_wconf 86' lang='grc' dir='ltr'>ἀγαθά.</span> <span class='ocrx_word' id='word_1_834' title='bbox 3023 4084 3114 4154; x_wconf 77' lang='grc' dir='ltr'>Μὴ</span> <span class='ocrx_word' id='word_1_835' title='bbox 3145 4082 3208 4154; x_wconf 80' lang='grc' dir='ltr'>δή</span> <span class='ocrx_word' id='word_1_836' title='bbox 3254 4081 3507 4135; x_wconf 85' lang='grc' dir='ltr'>τοσοῦτον</span> <span class='ocrx_word' id='word_1_837' title='bbox 3552 4095 3702 4148; x_wconf 70' lang='grc' dir='ltr'>παρ⁴</span> 
     </span>
    </p>
   </div>
   <div class='ocr_carea' id='block_1_109' title="bbox 2121 4167 3704 4254">
    <p class='ocr_par' dir='ltr' id='par_1_109' title="bbox 2121 4167 3704 4254">
     <span class='ocr_line' id='line_1_109' title="bbox 2121 4167 3704 4254; baseline -0.011 -18"><span class='ocrx_word' id='word_1_838' title='bbox 2121 4182 2336 4254; x_wconf 88' lang='grc' dir='ltr'>ορῶμεν</span> <span class='ocrx_word' id='word_1_839' title='bbox 2355 4180 2562 4252; x_wconf 87' lang='grc' dir='ltr'>κέρδος.</span> <span class='ocrx_word' id='word_1_840' title='bbox 2580 4179 2690 4231; x_wconf 57' lang='grc' dir='ltr'>Καὶ⁸</span> <span class='ocrx_word' id='word_1_841' title='bbox 2711 4177 2820 4246; x_wconf 88' lang='grc' dir='ltr'>γάρ</span> <span class='ocrx_word' id='word_1_842' title='bbox 2839 4175 3037 4228; x_wconf 83' lang='grc' dir='ltr'>ἄτοπον</span> <span class='ocrx_word' id='word_1_843' title='bbox 3057 4174 3184 4236; x_wconf 83' lang='grc' dir='ltr'>τοὺς</span> <span class='ocrx_word' id='word_1_844' title='bbox 3209 4172 3305 4242; x_wconf 83' lang='grc' dir='ltr'>μὲν</span> <span class='ocrx_word' id='word_1_845' title='bbox 3327 4169 3547 4230; x_wconf 84' lang='grc' dir='ltr'>οἰκέτας</span> <span class='ocrx_word' id='word_1_846' title='bbox 3571 4167 3704 4230; x_wconf 77' lang='grc' dir='ltr'>τοὺς</span> 
     </span>
    </p>
   </div>
   <div class='ocr_carea' id='block_1_110' title="bbox 2124 4257 3708 4345">
    <p class='ocr_par' dir='ltr' id='par_1_110' title="bbox 2124 4257 3708 4345">
     <span class='ocr_line' id='line_1_110' title="bbox 2124 4257 3708 4345; baseline -0.011 -20"><span class='ocrx_word' id='word_1_847' title='bbox 2124 4273 2451 4345; x_wconf 82' lang='grc' dir='ltr'>ἡμετέρους,</span> <span class='ocrx_word' id='word_1_848' title='bbox 2504 4271 2557 4324; x_wconf 78' lang='grc' dir='ltr'>εἴ</span> <span class='ocrx_word' id='word_1_849' title='bbox 2607 4271 2738 4323; x_wconf 87' lang='grc' dir='ltr'>ποτέ</span> <span class='ocrx_word' id='word_1_850' title='bbox 2771 4285 2824 4320; x_wconf 92' lang='grc' dir='ltr'>τι</span> <span class='ocrx_word' id='word_1_851' title='bbox 2859 4266 2966 4319; x_wconf 88' lang='grc' dir='ltr'>τῶν</span> <span class='ocrx_word' id='word_1_852' title='bbox 3021 4261 3446 4335; x_wconf 86' lang='grc' dir='ltr'>παρακειμένων</span> <span class='ocrx_word' id='word_1_853' title='bbox 3484 4257 3708 4313; x_wconf 84' lang='grc' dir='ltr'>λάϐοιεν</span> 
     </span>
    </p>
   </div>
   <div class='ocr_carea' id='block_1_111' title="bbox 2127 4349 3708 4436">
    <p class='ocr_par' dir='ltr' id='par_1_111' title="bbox 2127 4349 3708 4436">
     <span class='ocr_line' id='line_1_111' title="bbox 2127 4349 3708 4436; baseline -0.012 -17"><span class='ocrx_word' id='word_1_854' title='bbox 2127 4365 2257 4436; x_wconf 86' lang='grc' dir='ltr'>παρ’</span> <span class='ocrx_word' id='word_1_855' title='bbox 2294 4363 2450 4436; x_wconf 88' lang='grc' dir='ltr'>ήμῶν</span> <span class='ocrx_word' id='word_1_856' title='bbox 2487 4363 2669 4434; x_wconf 87' lang='grc' dir='ltr'>μέρος,</span> <span class='ocrx_word' id='word_1_857' title='bbox 2702 4359 3045 4431; x_wconf 88' lang='grc' dir='ltr'>εὐχαριστεῖν</span> <span class='ocrx_word' id='word_1_858' title='bbox 3074 4373 3134 4408; x_wconf 93' lang='grc' dir='ltr'>τε</span> <span class='ocrx_word' id='word_1_859' title='bbox 3158 4356 3290 4426; x_wconf 82' lang='grc' dir='ltr'>ἡμῖν</span> <span class='ocrx_word' id='word_1_860' title='bbox 3326 4351 3424 4406; x_wconf 70' lang='grc' dir='ltr'>καὶ</span> <span class='ocrx_word' id='word_1_861' title='bbox 3457 4351 3576 4422; x_wconf 85' lang='grc' dir='ltr'>μετ’</span> <span class='ocrx_word' id='word_1_862' title='bbox 3613 4349 3708 4400; x_wconf 81' lang='grc' dir='ltr'>εὐ-</span> 
     </span>
    </p>
   </div>
   <div class='ocr_carea' id='block_1_112' title="bbox 2127 4442 3714 4529">
    <p class='ocr_par' dir='ltr' id='par_1_112' title="bbox 2127 4442 3714 4529">
     <span class='ocr_line' id='line_1_112' title="bbox 2127 4442 3714 4529; baseline -0.013 -17"><span class='ocrx_word' id='word_1_863' title='bbox 2127 4459 2337 4529; x_wconf 80' lang='grc' dir='ltr'>φημίας</span> <span class='ocrx_word' id='word_1_864' title='bbox 2370 4459 2702 4528; x_wconf 86' lang='grc' dir='ltr'>ἀναχωρεῖν·</span> <span class='ocrx_word' id='word_1_865' title='bbox 2736 4455 2884 4524; x_wconf 82' lang='grc' dir='ltr'>ἡμᾶς</span> <span class='ocrx_word' id='word_1_866' title='bbox 2925 4451 2983 4505; x_wconf 85' lang='grc' dir='ltr'>δὲ</span> <span class='ocrx_word' id='word_1_867' title='bbox 3025 4447 3294 4502; x_wconf 89' lang='grc' dir='ltr'>τοσούτων</span> <span class='ocrx_word' id='word_1_868' title='bbox 3332 4442 3714 4505; x_wconf 86' lang='grc' dir='ltr'>ἀπολαύοντας</span> 
     </span>
    </p>
   </div>
   <div class='ocr_carea' id='block_1_113' title="bbox 2127 4534 3710 4622">
    <p class='ocr_par' dir='ltr' id='par_1_113' title="bbox 2127 4534 3710 4622">
     <span class='ocr_line' id='line_1_113' title="bbox 2127 4534 3710 4622; baseline -0.014 -15"><span class='ocrx_word' id='word_1_869' title='bbox 2127 4553 2352 4622; x_wconf 85' lang='grc' dir='ltr'>ἀγαθῶν</span> <span class='ocrx_word' id='word_1_870' title='bbox 2386 4550 2519 4622; x_wconf 87' lang='grc' dir='ltr'>μηδέ</span> <span class='ocrx_word' id='word_1_871' title='bbox 2539 4547 2810 4614; x_wconf 87' lang='grc' dir='ltr'>τοσαύτην</span> <span class='ocrx_word' id='word_1_872' title='bbox 2827 4542 3136 4598; x_wconf 85' lang='grc' dir='ltr'>ἀποδιδόναι</span> <span class='ocrx_word' id='word_1_873' title='bbox 3159 4539 3238 4610; x_wconf 83' lang='grc' dir='ltr'>τῷ</span> <span class='ocrx_word' id='word_1_874' title='bbox 3256 4537 3374 4608; x_wconf 87' lang='grc' dir='ltr'>Θεῷ</span> <span class='ocrx_word' id='word_1_875' title='bbox 3388 4537 3488 4606; x_wconf 82' lang='grc' dir='ltr'>τὴν</span> <span class='ocrx_word' id='word_1_876' title='bbox 3513 4534 3710 4604; x_wconf 79' lang='grc' dir='ltr'>τιμὴν,</span> 
     </span>
    </p>
   </div>
   <div class='ocr_carea' id='block_1_114' title="bbox 2128 4627 3714 4713">
    <p class='ocr_par' dir='ltr' id='par_1_114' title="bbox 2128 4627 3714 4713">
     <span class='ocr_line' id='line_1_114' title="bbox 2128 4627 3714 4713; baseline -0.014 -14"><span class='ocrx_word' id='word_1_877' title='bbox 2128 4647 2223 4699; x_wconf 77' lang='grc' dir='ltr'>καὶ</span> <span class='ocrx_word' id='word_1_878' title='bbox 2247 4643 2439 4706; x_wconf 85' lang='grc' dir='ltr'>ταῦτα,</span> <span class='ocrx_word' id='word_1_879' title='bbox 2461 4641 2753 4713; x_wconf 87' lang='grc' dir='ltr'>μέλλοντας</span> <span class='ocrx_word' id='word_1_880' title='bbox 2777 4635 2976 4703; x_wconf 83' lang='grc' dir='ltr'>πολλῆς</span> <span class='ocrx_word' id='word_1_881' title='bbox 2997 4629 3398 4687; x_wconf 88' lang='grc' dir='ltr'>ὰπολαύσεσθαι</span> <span class='ocrx_word' id='word_1_882' title='bbox 3414 4628 3514 4698; x_wconf 78' lang='grc' dir='ltr'>τῆς</span> <span class='ocrx_word' id='word_1_883' title='bbox 3534 4627 3714 4695; x_wconf 76' lang='grc' dir='ltr'>ἀσφα-</span> 
     </span>
    </p>
   </div>
   <div class='ocr_carea' id='block_1_115' title="bbox 2129 4717 3715 4801">
    <p class='ocr_par' dir='ltr' id='par_1_115' title="bbox 2129 4717 3715 4801">
     <span class='ocr_line' id='line_1_115' title="bbox 2129 4717 3715 4801; baseline -0.012 -13"><span class='ocrx_word' id='word_1_884' title='bbox 2129 4736 2300 4799; x_wconf 87' lang='grc' dir='ltr'>λείας.</span> <span class='ocrx_word' id='word_1_885' title='bbox 2347 4737 2518 4787; x_wconf 84' lang='grc' dir='ltr'>Ὅπου</span> <span class='ocrx_word' id='word_1_886' title='bbox 2551 4732 2659 4801; x_wconf 86' lang='grc' dir='ltr'>γάρ</span> <span class='ocrx_word' id='word_1_887' title='bbox 2687 4729 2821 4799; x_wconf 79' lang='grc' dir='ltr'>εὐχὴ</span> <span class='ocrx_word' id='word_1_888' title='bbox 2850 4727 2944 4780; x_wconf 75' lang='grc' dir='ltr'>καὶ</span> <span class='ocrx_word' id='word_1_889' title='bbox 2977 4723 3319 4796; x_wconf 86' lang='grc' dir='ltr'>εὐχαριστία,</span> <span class='ocrx_word' id='word_1_890' title='bbox 3351 4719 3509 4788; x_wconf 86' lang='grc' dir='ltr'>ἁγίου</span> <span class='ocrx_word' id='word_1_891' title='bbox 3537 4717 3715 4772; x_wconf 84' lang='grc' dir='ltr'>Πνεύ-</span> 
     </span>
    </p>
   </div>
   <div class='ocr_carea' id='block_1_116' title="bbox 2134 4811 3714 4898">
    <p class='ocr_par' dir='ltr' id='par_1_116' title="bbox 2134 4811 3714 4898">
     <span class='ocr_line' id='line_1_116' title="bbox 2134 4811 3714 4898; baseline -0.012 -18"><span class='ocrx_word' id='word_1_892' title='bbox 2134 4844 2301 4898; x_wconf 84' lang='grc' dir='ltr'>ματος</span> <span class='ocrx_word' id='word_1_893' title='bbox 2321 4824 2683 4897; x_wconf 87' lang='grc' dir='ltr'>παραγίνεται</span> <span class='ocrx_word' id='word_1_894' title='bbox 2699 4822 2879 4891; x_wconf 87' lang='grc' dir='ltr'>χάρις,</span> <span class='ocrx_word' id='word_1_895' title='bbox 2903 4819 3000 4871; x_wconf 73' lang='grc' dir='ltr'>καὶ</span> <span class='ocrx_word' id='word_1_896' title='bbox 3023 4813 3411 4887; x_wconf 75' lang='grc' dir='ltr'>φυγαδεύονται</span> <span class='ocrx_word' id='word_1_897' title='bbox 3427 4811 3714 4881; x_wconf 88' lang='grc' dir='ltr'>δαίμονες,</span> 
     </span>
    </p>
   </div>
   <div class='ocr_carea' id='block_1_117' title="bbox 2131 4902 3714 4983">
    <p class='ocr_par' dir='ltr' id='par_1_117' title="bbox 2131 4902 3714 4983">
     <span class='ocr_line' id='line_1_117' title="bbox 2131 4902 3714 4983; baseline -0.012 -11"><span class='ocrx_word' id='word_1_898' title='bbox 2131 4920 2226 4972; x_wconf 78' lang='grc' dir='ltr'>καὶ</span> <span class='ocrx_word' id='word_1_899' title='bbox 2262 4920 2416 4970; x_wconf 79' lang='grc' dir='ltr'>πᾶσα</span> <span class='ocrx_word' id='word_1_900' title='bbox 2450 4912 2803 4983; x_wconf 85' lang='grc' dir='ltr'>ἀντικειμένη</span> <span class='ocrx_word' id='word_1_901' title='bbox 2847 4910 3076 4980; x_wconf 89' lang='grc' dir='ltr'>δύναμις</span> <span class='ocrx_word' id='word_1_902' title='bbox 3109 4903 3430 4977; x_wconf 85' lang='grc' dir='ltr'>δραπετεύει</span> <span class='ocrx_word' id='word_1_903' title='bbox 3475 4904 3571 4957; x_wconf 73' lang='grc' dir='ltr'>καὶ</span> <span class='ocrx_word' id='word_1_904' title='bbox 3601 4902 3714 4971; x_wconf 73' lang='grc' dir='ltr'>ἁφ-</span> 
     </span>
    </p>
   </div>
   <div class='ocr_carea' id='block_1_118' title="bbox 2135 4996 3715 5078">
    <p class='ocr_par' dir='ltr' id='par_1_118' title="bbox 2135 4996 3715 5078">
     <span class='ocr_line' id='line_1_118' title="bbox 2135 4996 3715 5078; baseline -0.013 -13"><span class='ocrx_word' id='word_1_905' title='bbox 2135 5014 2369 5065; x_wconf 89' lang='grc' dir='ltr'>ίσταται.</span> <span class='ocrx_word' id='word_1_906' title='bbox 2404 5009 2464 5060; x_wconf 89' lang='grc' dir='ltr'><strong>Ὀ</strong></span> <span class='ocrx_word' id='word_1_907' title='bbox 2489 5006 2700 5078; x_wconf 89' lang='grc' dir='ltr'>μέλλων</span> <span class='ocrx_word' id='word_1_908' title='bbox 2718 5005 2798 5067; x_wconf 90' lang='grc' dir='ltr'>εἰς</span> <span class='ocrx_word' id='word_1_909' title='bbox 2811 5003 2976 5073; x_wconf 82' lang='grc' dir='ltr'>εὐχὴν</span> <span class='ocrx_word' id='word_1_910' title='bbox 2995 4999 3315 5072; x_wconf 88' lang='grc' dir='ltr'>τρέπεσθαι,</span> <span class='ocrx_word' id='word_1_911' title='bbox 3343 4996 3495 5050; x_wconf 85' lang='grc' dir='ltr'>οὑδέν</span> <span class='ocrx_word' id='word_1_912' title='bbox 3510 4997 3715 5050; x_wconf 78' lang='grc' dir='ltr'>ἄτοπον</span> 
     </span>
    </p>
   </div>
   <div class='ocr_carea' id='block_1_119' title="bbox 2138 5086 3718 5175">
    <p class='ocr_par' dir='ltr' id='par_1_119' title="bbox 2138 5086 3718 5175">
     <span class='ocr_line' id='line_1_119' title="bbox 2138 5086 3718 5175; baseline -0.013 -16"><span class='ocrx_word' id='word_1_913' title='bbox 2138 5106 2309 5175; x_wconf 82' lang='grc' dir='ltr'>τολμᾷ</span> <span class='ocrx_word' id='word_1_914' title='bbox 2334 5099 2690 5172; x_wconf 76' lang='grc' dir='ltr'>φθέγξασθαι,</span> <span class='ocrx_word' id='word_1_915' title='bbox 2720 5097 2839 5150; x_wconf 85' lang='grc' dir='ltr'>οὐδέ</span> <span class='ocrx_word' id='word_1_916' title='bbox 2862 5099 2918 5150; x_wconf 88' lang='grc' dir='ltr'>ἐν</span> <span class='ocrx_word' id='word_1_917' title='bbox 2941 5095 3084 5166; x_wconf 78' lang='grc' dir='ltr'>μέσῃ</span> <span class='ocrx_word' id='word_1_918' title='bbox 3111 5093 3356 5163; x_wconf 77' lang='grc' dir='ltr'>τραπέζῃ</span> <span class='ocrx_word' id='word_1_919' title='bbox 3377 5106 3392 5120; x_wconf 75' lang='grc' dir='ltr'><strong><em>ο</em></strong></span> <span class='ocrx_word' id='word_1_920' title='bbox 3419 5088 3523 5142; x_wconf 83' lang='grc' dir='ltr'>κᾶν</span> <span class='ocrx_word' id='word_1_921' title='bbox 3545 5086 3718 5156; x_wconf 81' lang='grc' dir='ltr'>φθέγ-</span> 
     </span>
    </p>
   </div>
   <div class='ocr_carea' id='block_1_120' title="bbox 2136 5176 3718 5268">
    <p class='ocr_par' dir='ltr' id='par_1_120' title="bbox 2136 5176 3718 5268">
     <span class='ocr_line' id='line_1_120' title="bbox 2136 5176 3718 5268; baseline -0.013 -19"><span class='ocrx_word' id='word_1_922' title='bbox 2136 5197 2316 5268; x_wconf 81' lang='grc' dir='ltr'>ξηται,</span> <span class='ocrx_word' id='word_1_923' title='bbox 2376 5189 2776 5265; x_wconf 84' lang='grc' dir='ltr'>μεταγινώσκει</span> <span class='ocrx_word' id='word_1_924' title='bbox 2809 5186 3040 5258; x_wconf 88' lang='grc' dir='ltr'>ταχέως.</span> <span class='ocrx_word' id='word_1_925' title='bbox 3091 5184 3181 5236; x_wconf 86' lang='grc' dir='ltr'>Διὸ</span> <span class='ocrx_word' id='word_1_926' title='bbox 3214 5181 3320 5254; x_wconf 87' lang='grc' dir='ltr'>χρὴ</span> <span class='ocrx_word' id='word_1_927' title='bbox 3350 5181 3444 5235; x_wconf 72' lang='grc' dir='ltr'>καὶ</span> <span class='ocrx_word' id='word_1_928' title='bbox 3475 5176 3718 5250; x_wconf 81' lang='grc' dir='ltr'>ἀρχομέ-</span> 
     </span>
    </p>
   </div>
   <div class='ocr_carea' id='block_1_121' title="bbox 2135 5269 3717 5356">
    <p class='ocr_par' dir='ltr' id='par_1_121' title="bbox 2135 5269 3717 5356">
     <span class='ocr_line' id='line_1_121' title="bbox 2135 5269 3717 5356; baseline -0.015 -12"><span class='ocrx_word' id='word_1_929' title='bbox 2135 5307 2260 5353; x_wconf 87' lang='grc' dir='ltr'>νους</span> <span class='ocrx_word' id='word_1_930' title='bbox 2283 5288 2378 5342; x_wconf 76' lang='grc' dir='ltr'>καὶ</span> <span class='ocrx_word' id='word_1_931' title='bbox 2401 5286 2666 5356; x_wconf 85' lang='grc' dir='ltr'>λήγοντας</span> <span class='ocrx_word' id='word_1_932' title='bbox 2697 5281 3038 5351; x_wconf 90' lang='grc' dir='ltr'>εὐχαριστεῖν</span> <span class='ocrx_word' id='word_1_933' title='bbox 3065 5276 3141 5347; x_wconf 84' lang='grc' dir='ltr'>τῷ</span> <span class='ocrx_word' id='word_1_934' title='bbox 3163 5274 3281 5345; x_wconf 85' lang='grc' dir='ltr'>Θεῷ</span> <span class='ocrx_word' id='word_1_935' title='bbox 3303 5290 3316 5304; x_wconf 78' lang='grc' dir='ltr'><strong>ο</strong></span> <span class='ocrx_word' id='word_1_936' title='bbox 3347 5272 3588 5342; x_wconf 80' lang='grc' dir='ltr'>μάλιστα</span> <span class='ocrx_word' id='word_1_937' title='bbox 3615 5269 3717 5339; x_wconf 82' lang='grc' dir='ltr'>μὲν</span> 
     </span>
    </p>
   </div>
   <div class='ocr_carea' id='block_1_122' title="bbox 2136 5363 3718 5453">
    <p class='ocr_par' dir='ltr' id='par_1_122' title="bbox 2136 5363 3718 5453">
     <span class='ocr_line' id='line_1_122' title="bbox 2136 5363 3718 5453; baseline -0.015 -17"><span class='ocrx_word' id='word_1_938' title='bbox 2136 5382 2244 5453; x_wconf 83' lang='grc' dir='ltr'>γάρ</span> <span class='ocrx_word' id='word_1_939' title='bbox 2286 5379 2408 5434; x_wconf 88' lang='grc' dir='ltr'>οὐδέ</span> <span class='ocrx_word' id='word_1_940' title='bbox 2452 5381 2532 5442; x_wconf 90' lang='grc' dir='ltr'>εἰς</span> <span class='ocrx_word' id='word_1_941' title='bbox 2569 5376 2741 5447; x_wconf 85' lang='grc' dir='ltr'>μέθην</span> <span class='ocrx_word' id='word_1_942' title='bbox 2767 5369 3158 5444; x_wconf 83' lang='grc' dir='ltr'>ἐμπεσούμεθα</span> <span class='ocrx_word' id='word_1_943' title='bbox 3199 5367 3414 5438; x_wconf 75' lang='grc' dir='ltr'>ῥᾳδίως,</span> <span class='ocrx_word' id='word_1_944' title='bbox 3461 5363 3718 5431; x_wconf 85' lang='grc' dir='ltr'>καθάπερ</span> 
     </span>
    </p>
   </div>
   <div class='ocr_carea' id='block_1_123' title="bbox 2137 5463 3718 5553">
    <p class='ocr_par' dir='ltr' id='par_1_123' title="bbox 2137 5463 3718 5553">
     <span class='ocr_line' id='line_1_123' title="bbox 2137 5463 3718 5553; baseline -0.013 -17"><span class='ocrx_word' id='word_1_945' title='bbox 2137 5483 2308 5553; x_wconf 78' lang='grc' dir='ltr'>ἔφθην</span> <span class='ocrx_word' id='word_1_946' title='bbox 2348 5477 2550 5544; x_wconf 80' lang='grc' dir='ltr'>εἰπὼν,</span> <span class='ocrx_word' id='word_1_947' title='bbox 2580 5480 2627 5530; x_wconf 84' lang='grc' dir='ltr'>εί</span> <span class='ocrx_word' id='word_1_948' title='bbox 2655 5475 3101 5544; x_wconf 82' lang='grc' dir='ltr'>καταστήσαιμεν</span> <span class='ocrx_word' id='word_1_949' title='bbox 3130 5471 3210 5532; x_wconf 77' lang='grc' dir='ltr'>εἰς</span> <span class='ocrx_word' id='word_1_950' title='bbox 3244 5467 3449 5536; x_wconf 87' lang='grc' dir='ltr'>ταύτην</span> <span class='ocrx_word' id='word_1_951' title='bbox 3483 5463 3718 5526; x_wconf 79' lang='grc' dir='ltr'>ἑαυτοὺς</span> 
     </span>
    </p>
   </div>
   <div class='ocr_carea' id='block_1_124' title="bbox 2137 5565 3721 5654">
    <p class='ocr_par' dir='ltr' id='par_1_124' title="bbox 2137 5565 3721 5654">
     <span class='ocr_line' id='line_1_124' title="bbox 2137 5565 3721 5654; baseline -0.013 -17"><span class='ocrx_word' id='word_1_952' title='bbox 2137 5585 2234 5654; x_wconf 80' lang='grc' dir='ltr'>τὴν</span> <span class='ocrx_word' id='word_1_953' title='bbox 2286 5583 2596 5652; x_wconf 89' lang='grc' dir='ltr'>συνήθειαν.</span> <span class='ocrx_word' id='word_1_954' title='bbox 2637 5579 2799 5630; x_wconf 84' lang='grc' dir='ltr'>Ὥστε</span> <span class='ocrx_word' id='word_1_955' title='bbox 2847 5575 2952 5628; x_wconf 87' lang='grc' dir='ltr'>κᾶν</span> <span class='ocrx_word' id='word_1_956' title='bbox 2990 5569 3309 5644; x_wconf 86' lang='grc' dir='ltr'>κραιπαλῶν</span> <span class='ocrx_word' id='word_1_957' title='bbox 3359 5567 3462 5621; x_wconf 83' lang='grc' dir='ltr'>κᾶν</span> <span class='ocrx_word' id='word_1_958' title='bbox 3499 5565 3721 5637; x_wconf 84' lang='grc' dir='ltr'>μεθύων</span> 
     </span>
    </p>
   </div>
   <div class='ocr_carea' id='block_1_125' title="bbox 2140 5655 3732 5741">
    <p class='ocr_par' dir='ltr' id='par_1_125' title="bbox 2140 5655 3732 5741">
     <span class='ocr_line' id='line_1_125' title="bbox 2140 5655 3732 5741; baseline -0.013 -14"><span class='ocrx_word' id='word_1_959' title='bbox 2140 5675 2272 5727; x_wconf 88' lang='grc' dir='ltr'>ποτέ</span> <span class='ocrx_word' id='word_1_960' title='bbox 2312 5674 2572 5741; x_wconf 81' lang='grc' dir='ltr'>ἀναστῇς,</span> <span class='ocrx_word' id='word_1_961' title='bbox 2619 5669 2754 5740; x_wconf 86' lang='grc' dir='ltr'>μηδέ</span> <span class='ocrx_word' id='word_1_962' title='bbox 2788 5666 2929 5720; x_wconf 77' lang='grc' dir='ltr'>οὕτω</span> <span class='ocrx_word' id='word_1_963' title='bbox 2960 5663 3271 5733; x_wconf 75' lang='grc' dir='ltr'>καταλύσῃς</span> <span class='ocrx_word' id='word_1_964' title='bbox 3312 5660 3372 5712; x_wconf 84' lang='grc' dir='ltr'>τὸ</span> <span class='ocrx_word' id='word_1_965' title='bbox 3403 5658 3545 5721; x_wconf 74' lang='grc' dir='ltr'>ἔθος,</span> <span class='ocrx_word' id='word_1_966' title='bbox 3579 5655 3732 5710; x_wconf 81' lang='grc' dir='ltr'>ἀλλά-</span> 
     </span>
    </p>
   </div>
   <div class='ocr_carea' id='block_1_126' title="bbox 2143 5747 3723 5831">
    <p class='ocr_par' dir='ltr' id='par_1_126' title="bbox 2143 5747 3723 5831">
     <span class='ocr_line' id='line_1_126' title="bbox 2143 5747 3723 5831; baseline -0.011 -10"><span class='ocrx_word' id='word_1_967' title='bbox 2143 5766 2246 5821; x_wconf 82' lang='grc' dir='ltr'>κᾶν</span> <span class='ocrx_word' id='word_1_968' title='bbox 2283 5761 2706 5831; x_wconf 80' lang='grc' dir='ltr'>καρηϐαρῶμεν,</span> <span class='ocrx_word' id='word_1_969' title='bbox 2739 5757 2838 5814; x_wconf 80' lang='grc' dir='ltr'>κᾶν</span> <span class='ocrx_word' id='word_1_970' title='bbox 2882 5753 3311 5826; x_wconf 71' lang='grc' dir='ltr'>περιφερώμεθα</span> <span class='ocrx_word' id='word_1_971' title='bbox 3357 5752 3447 5805; x_wconf 65' lang='grc' dir='ltr'>καὶ</span> <span class='ocrx_word' id='word_1_972' title='bbox 3477 5747 3723 5804; x_wconf 71' lang='grc' dir='ltr'>καταπει-</span> 
     </span>
    </p>
   </div>
  </div>
