4028 6360
347 383 456 442 με)

349 503 486 556 utine
525 495 803 567 prophetat,
846 493 1132 551 mercedem
1175 487 1436 558 propheta:
1480 484 1688 553 accipiet
1715 482 1930 556 (Matth.

349 591 438 646 ιο.
479 590 592 656 Μ).
635 587 690 643 Si
738 587 880 640 enim
922 593 992 638 de
1035 591 1215 636 nostra
1259 580 1487 635 invicem
1532 578 1638 631 vita
1678 575 1937 645 judicium

349 681 488 735 ferre
517 677 880 747 prohibemur,
909 673 1078 728 multo
1104 671 1273 740 magis
1314 670 1384 725 de
1419 678 1632 739 patrum
1676 669 1802 721 vita.
1830 666 1937 722 Sed

347 767 488 840 quod
514 769 693 822 dicere
717 768 1052 820 institueram
1075 763 1282 833 (rursus
1311 760 1453 814 enim
1483 759 1549 812 ad
1590 758 1725 812 hanc
1760 755 1939 812 redire

348 858 629 913 mulierem
676 855 951 924 oportet),
997 853 1436 920 quotiescumque
1461 850 1700 903 convicia
1727 846 1940 901 excelso

348 949 570 1004 ferimus
605 947 804 1008 animo,
837 945 1127 998 multorum
1156 941 1308 996 nobis
1357 940 1617 995 bonorum
1643 953 1858 993 causam
1887 937 1938 990 id

347 1041 488 1106 ﬁeri,
533 1053 824 1109 possumus
863 1046 918 1091 et
957 1037 1054 1104 ipsi
1099 1035 1202 1090 Job
1227 1048 1448 1088 cernere
1488 1032 1793 1100 contigisse.
1839 1029 1944 1084 Ne-

346 1149 455 1204 que
487 1132 632 1187 enim
673 1131 821 1184 illum
868 1127 1086 1198 perinde
1121 1129 1306 1189 miror,
1353 1124 1664 1194 priusquam
1707 1131 1848 1176 esset
1873 1121 1941 1174 ab

352 1240 521 1280 uxore
572 1225 874 1292 instigatus,
925 1231 983 1275 ut
1033 1230 1150 1288 post
1191 1218 1316 1272 illud
1366 1217 1722 1285 perniciosum
1758 1213 1943 1267 consi-

353 1320 502 1376 lium.
525 1317 722 1372 Vcrum
745 1332 812 1368 ne
841 1315 926 1368 cui
958 1313 1198 1365 videatur
1233 1309 1540 1364 incredibile
1575 1306 1714 1376 quod
1743 1320 1900 1358 narro
1925 1322 1938 1357 :

355 1410 662 1479 frequenter
704 1421 838 1476 quos
886 1405 996 1472 ipsa
1042 1417 1221 1457 rerum
1272 1411 1459 1454 natura
1508 1412 1613 1452 non
1657 1396 1944 1460 subvertit,

355 1501 578 1555 verbum
594 1508 950 1565 corruptaque
965 1492 1265 1547 exhortatio
1287 1490 1497 1545 devicit.
1518 1489 1670 1556 Quod
1693 1502 1815 1542 cum
1838 1501 1940 1539 non

358 1594 628 1661 ignoraret
654 1587 914 1652 diabolus,
956 1595 1076 1655 post
1111 1583 1372 1637 inllictum
1399 1584 1613 1644 vulnus,
1647 1589 1703 1633 ut
1731 1579 1944 1648 experi-

360 1692 526 1746 retur,
556 1682 716 1735 etiam
745 1693 841 1748 per
865 1692 1140 1731 sermones
1167 1674 1289 1729 fecit
1309 1672 1593 1733 iusultum;
1620 1669 1760 1739 quod
1784 1669 1946 1724 etiam

362 1775 489 1829 fecit
517 1773 570 1826 in
611 1770 828 1825 Davide.
863 1769 1213 1836 Posteaquam
1244 1765 1388 1820 enim
1423 1762 1553 1817 vidit
1599 1761 1747 1815 illum
1779 1775 1951 1829 gene-

362 1881 484 1921 rose
522 1865 704 1918 tulisse
745 1863 842 1916 lilii
869 1861 1233 1924 rebellionem,
1261 1866 1316 1911 et
1339 1856 1552 1925 impiam
1579 1855 1725 1908 illam
1763 1864 1946 1924 tyran-

365 1957 562 2018 nidem,
587 1955 770 2008 volens
799 1952 1139 2020 supplantare
1167 1947 1382 2002 Davidis
1409 1955 1664 2009 mentem,
1693 1954 1852 2011 atque
1880 1941 1946 1995 ad

367 2045 690 2101 iracundiam
721 2057 957 2105 movere,
982 2054 1266 2110 aggressus
1289 2047 1373 2092 est
1406 2037 1554 2090 illum
1599 2034 1948 2089 amarulentis

367 2136 543 2192 Semel
566 2135 764 2199 verbis,
799 2134 900 2186 hoc
927 2145 1113 2199 agens,
1148 2138 1205 2182 ut
1230 2127 1502 2183 morderet
1521 2127 1760 2180 animum
1785 2123 1959 2178 illius.

367 2228 479 2284 Hoc
509 2228 682 2296 ipsum
709 2235 762 2278 et
807 2224 857 2277 in
904 2223 1115 2276 beatum
1160 2219 1260 2274 Job
1305 2228 1424 2272 astu
1471 2217 1690 2271 molitus
1733 2223 1835 2270 est.
1881 2214 1952 2270 Ut

366 2322 510 2378 enim
555 2317 826 2388 perspexit
853 2325 907 2370 et
956 2315 1104 2368 illum
1133 2328 1228 2366 sua
1255 2310 1503 2366 deridere
1538 2309 1736 2378 jacula,
1777 2322 1952 2376 neque

367 2425 526 2470 aecus
550 2420 708 2478 atque
737 2408 924 2461 turrim
952 2404 1238 2474 quamdam
1277 2403 1671 2455 adamantiuam
1696 2399 1952 2453 adversus

368 2505 546 2560 omnia
578 2501 784 2556 fortiter
815 2502 1132 2562 consistere,
1159 2497 1452 2550 obarmavit
1480 2495 1531 2546 in
1559 2508 1678 2547 eum
1710 2505 1950 2557 uxorem,

368 2612 474 2666 quo
506 2595 751 2650 videlicet
779 2608 882 2646 non
926 2601 1071 2646 esset
1104 2598 1409 2658 suspect-um
1437 2586 1744 2651 consilium,
1775 2595 1828 2639 et
1854 2598 1952 2636 ve-

373 2702 576 2744 nenum
605 2685 783 2739 verbis
811 2683 1019 2737 femina:
1041 2681 1191 2744 texit,
1215 2679 1576 2732 calamitatem
1606 2689 1950 2745 exaggerans.

370 2779 515 2846 Quid
544 2779 702 2846 igitur
740 2777 828 2830 ille
853 2773 1258 2844 magnanimus?
1289 2771 1390 2824 Cur
1415 2771 1620 2839 loquuta
1659 2785 1729 2833 es,
1760 2768 1952 2836 inquit,

370 2871 498 2926 sicut
526 2885 626 2920 una
653 2867 716 2920 de
739 2867 906 2921 stultis
934 2863 1272 2918 mulieribus?
1315 2861 1377 2917 Si
1407 2862 1538 2914 bona
1580 2861 1862 2930 accepimus
1892 2859 1955 2913 de

371 2979 524 3015 manu
551 2961 776 3024 Domini,
796 2961 931 3013 mala
959 2976 1059 3013 non
1084 2959 1384 3028 accipiemus
1406 2957 1522 3028 (Job
1543 2956 1598 3009 2.
1629 2956 1758 3026 10)?
1801 2954 1956 3022 Quod

372 3063 546 3109 autem
574 3054 660 3107 hic
685 3054 832 3120 dicit,
857 3053 996 3106 hunc
1020 3066 1233 3106 sensum
1257 3050 1415 3103 habet
1444 3067 1456 3101 ε
1481 3049 1534 3103 Si
1559 3064 1662 3101 non
1685 3057 1844 3112 esset,
1876 3048 1957 3101 in-

372 3146 504 3214 quit,
535 3146 807 3207 Dominus,
847 3158 1018 3212 nequc
1057 3150 1202 3195 tanto
1245 3141 1398 3194 nubis
1444 3140 1815 3204 excellentior,
1861 3140 1956 3194 sed

373 3238 574 3293 amicus
601 3237 791 3305 aliquis
817 3236 926 3304 pari
957 3235 1263 3289 comlitione
1290 3251 1301 3284 :
1331 3248 1487 3301 quam
1517 3231 1834 3285 haberemus
1858 3246 1955 3286 ex-

373 3328 721 3389 cusationem,
766 3327 810 3380 si
861 3335 936 3379 tot
969 3325 1231 3394 lautis-que
1259 3323 1428 3376 affecti
1462 3322 1754 3386 beneﬁciis,
1797 3324 1963 3375 etiam-

374 3418 655 3472 contrariis
703 3433 823 3471 eum
870 3429 1335 3470 remunerarcmur
1357 3416 1380 3464 ?
1406 3413 1569 3467 Vides
1598 3421 1651 3465 ut
1679 3414 1760 3466 vir
1791 3413 1955 3466 Deum

374 3508 619 3577 diligens,
643 3523 741 3562 nec
768 3507 986 3562 ell'crtur
1008 3507 1207 3571 animo,
1233 3518 1329 3558 nec
1357 3503 1634 3574 gloriatur,
1675 3503 1814 3572 quod
1849 3503 1958 3570 pla-

374 3616 468 3669 gas
484 3601 598 3653 illas
621 3600 902 3652 humanam
923 3610 1162 3652 naturam
1180 3597 1502 3651 excedentes
1523 3595 1730 3649 fortiter
1748 3597 1954 3661 toleret,

376 3707 550 3760 neque
588 3706 697 3744 sua:
738 3690 1009 3758 sapientiae
1052 3689 1134 3742 vel
1163 3687 1576 3755 magnanimitati
1609 3686 1818 3740 tribuit‘
1850 3695 1955 3739 tam

377 3782 636 3851 insignem
668 3781 1018 3845 tolerantiam,
1047 3781 1141 3833 seti
1175 3779 1322 3847 quasi
1353 3777 1586 3831 debitum
1619 3779 1952 3844 exsolvisset,

377 3873 611 3942 nihilque
643 3883 833 3938 praeter
856 3887 1063 3942 aequum
1090 3871 1382 3927 accidisset.
1414 3870 1482 3924 itt
1509 3879 1724 3922 strenue
1751 3870 1956 3925 mulieri

375 3982 438 4019 os
463 3965 715 4019 occlusit?
741 3963 884 4018 Idem
911 3962 1115 4022 factum
1133 3971 1214 4016 est
1244 3963 1293 4014 in
1324 3961 1423 4015 hac
1451 3962 1691 4014 muliere.
1725 3961 1856 4014 Nam
1883 3963 1956 4014 si-

376 4056 486 4110 mul
514 4065 570 4110 ut
592 4064 804 4110 satanas
830 4056 1098 4124 perspexit
1127 4069 1243 4108 eam
1269 4069 1458 4122 magno
1480 4052 1659 4106 animo
1689 4054 1824 4108 ferre
1849 4062 1958 4108 ste-

374 4148 645 4214 rilitatem,
673 4149 893 4202 immisit
915 4147 1204 4201 sacerdotis
1232 4161 1477 4216 puerum,
1501 4147 1590 4214 qui
1625 4147 1790 4216 magis
1813 4147 1954 4200 illam

375 4241 742 4297 exaeerbaret.
761 4243 829 4296 At
844 4240 969 4294 nihil
993 4239 1180 4293 horum
1202 4239 1392 4294 accidit
1417 4239 1624 4294 mulieri
1647 4257 1660 4292 :
1689 4240 1783 4294 sed
1808 4240 1951 4294 domi

374 4341 559 4401 parata
586 4332 653 4385 ad
687 4331 998 4401 perferenda
1028 4332 1327 4396 maledicta,
1369 4331 1678 4400 a-mulmque
1704 4333 1956 4385 conviciis

373 4424 688 4488 exercitata,
727 4423 990 4493 intrepide
1029 4425 1287 4478 adversus
1318 4422 1576 4491 ejusmodi
1607 4425 1838 4477 assultus
1882 4423 1957 4478 fe-

372 4516 570 4570 rendos
610 4531 669 4571 se
701 4517 1030 4586 accingebat.
1069 4517 1399 4585 Quapropter
1429 4519 1487 4568 in-
1507 4517 1705 4585 templo
1738 4518 1954 4569 multam

371 4608 620 4676 przestitit
665 4607 1047 4662 humanitatem
1081 4649 1096 4672 ,
1150 4608 1375 4660 viriliter
1433 4617 1488 4661 et
1544 4621 1734 4676 magno
1779 4608 1956 4663 animo

371 4708 660 4752 scommata
681 4697 974 4766 perferens,
1000 4699 1124 4752 dum
1156 4709 1374 4752 vocatur
1396 4699 1679 4752 temulenta
1717 4713 1779 4752 ac.
1807 4701 1956 4752 vino-

370 4789 533 4844 lenta.
564 4789 706 4843 Nihil
727 4799 900 4844 autem
925 4800 1064 4856 vetat
1087 4800 1140 4844 et
1167 4791 1281 4858 ipsa
1301 4790 1535 4843 mulieris
1562 4790 1744 4843 audire
1769 4791 1951 4843 verba.

368 4878 501 4934 Cum
528 4881 672 4934 enim
699 4895 834 4950 puer
871 4881 1112 4946 dixisset,
1142 4880 1325 4949 Digere
1365 4883 1535 4933 nimim
1579 4890 1718 4933 tuum
1757 4880 1845 4933 abs
1886 4891 1952 4948 te,

369 4981 417 5023 et
441 4973 614 5024 recede
631 4988 665 5024 a
683 4982 950 5041 conspectu
978 4970 1184 5024 Domini
1205 4989 1223 5024 :
1239 4973 1495 5039 respondit
1520 4971 1691 5037 Anna,
1717 4979 1764 5024 et
1789 4971 1955 5024 dixit:

372 5057 730 5129 Nequaquam,
769 5061 970 5114 domine
1006 5061 1082 5129 (1.
1116 5061 1242 5129 Reg.
1277 5061 1331 5114 1.
1373 5062 1458 5115 14.
1485 5062 1598 5130 15).
1629 5062 1730 5127 Qui
1764 5069 1955 5114 contu-

371 5151 591 5205 meliose
617 5150 866 5221 loquutus
892 5151 1081 5216 fuerat,
1114 5166 1233 5203 eum
1263 5152 1492 5220 appellat
1517 5152 1807 5204 dominum.
1838 5151 1952 5204 Non

370 5241 504 5294 dixit
530 5241 672 5312 quod
703 5241 946 5311 plerique
970 5243 1144 5296 solent
1171 5243 1429 5306 homines,
1463 5241 1633 5296 istane
1661 5243 1954 5296 sacerdos?

369 5331 470 5384 ista
498 5331 586 5400 qui
612 5331 742 5386 alios
771 5333 946 5398 docet,
978 5332 1338 5386 teumlcutiam
1365 5348 1426 5386 ac
1449 5333 1792 5388 vinolentiam
1823 5333 1952 5387 mihi

369 5421 696 5489 exprobrat?
721 5423 810 5476 sed
835 5422 961 5476 illud
989 5423 1280 5492 spectabat,
1307 5425 1572 5493 quomodo
1597 5425 1954 5494 suspicionem

370 5509 681 5578 depelleret,
706 5511 824 5565 licet
850 5513 1059 5567 falsam.

439 5601 496 5657 5.
530 5602 794 5669 Quomodo
822 5604 1047 5674 ferenda:
1071 5605 1406 5660 contumeliae.
1445 5604 1681 5660 Precatio
1710 5607 1777 5661 ad
1814 5626 1953 5666 men-

353 5771 373 5840 ;
426 5802 478 5880 .1
505 5806 640 5860 coul-
667 5821 795 5860 ιωυδ
818 5805 1190 5868 ειιῖοειιηείιιιρ
1211 5804 1522 5868 philorooftia‘
1542 5802 1723 5855 tribuit.

1647 367 1735 423 DE
1774 365 1962 422 ANNA
1999 362 2231 419 SERMO
2269 362 2336 418 ll.

3438 416 3446 425 _
3527 359 3637 415 650

2049 477 2362 533 sam—Nos
2380 485 2586 541 contra,
2605 477 2653 532 si
2673 476 2885 546 quando
2902 476 3156 532 conviciis
3174 477 3492 546 appetimur,
3510 495 3631 533 eum

2042 579 2320 640 oporteret
2348 583 2608 623 excusare
2649 578 2704 622 et
2745 569 2798 622 in
2835 568 3056 637 gratiam
3100 568 3296 636 redire,
3340 570 3635 624 excitamus

2045 660 2370 726 incendium,
2394 675 2457 714 ac
2485 662 2716 714 ferarum
2755 661 2809 714 in
2847 675 3051 714 murem
3080 658 3340 714 insilimus
3365 659 3417 713 in
3447 662 3633 715 convi-

2043 753 2292 818 ciatores,
2315 759 2684 822 prmtocantes,
2701 751 3106 819 tralieutes,pro
3129 749 3288 805 dictis
3314 765 3526 820 poenam
3551 767 3636 805 re-

2049 853 2350 912 poscentes,
2379 853 2539 913 atque
2561 843 2641 898 his
2675 844 2804 913 ipsis
2830 843 2982 897 factis
3003 843 3357 912 suspicionem
3385 843 3451 897 de
3480 843 3637 897 nobis

2045 935 2446 991 confirmamus.
2471 935 2602 990 Nam
2627 937 2671 990 si
2702 937 2852 1004 cupis
2881 935 3321 1004 exprobrantibus
3351 935 3637 990 ostendere

2048 1036 2099 1082 te
2129 1043 2234 1080 non
2279 1042 2400 1083 esse
2445 1028 2793 1082 temulentum
2820 1069 2835 1093 ,
2880 1027 3105 1082 ostende
3150 1043 3244 1096 per
3273 1029 3637 1083 mansuetudi-

2048 1137 2190 1183 nem,
2221 1121 2446 1176 ostende
2467 1137 2561 1190 per
2588 1120 2993 1186 humanitatem,
3022 1135 3127 1174 non
3166 1135 3261 1190 per
3287 1123 3640 1176 contumelias

2049 1224 2104 1269 et
2152 1214 2413 1270 convicia.
2460 1213 2591 1267 Nam
2641 1213 2686 1268 si
2736 1211 3065 1281 percusseris
3101 1227 3223 1266 eum
3261 1213 3352 1281 qui
3393 1221 3446 1268 te
3475 1213 3640 1268 allicit

2047 1307 2324 1372 conviciis,
2355 1306 2716 1360 temulentiam
2753 1314 2897 1360 tuam
2925 1304 3326 1359 condemnaturi
3359 1314 3481 1360 sunt
3524 1321 3642 1360 οιιι-

2051 1415 2179 1464 nes;
2209 1399 2291 1452 sin
2333 1393 2524 1467 magno
2552 1397 2844 1467 pertuleris
2884 1396 3063 1450 animo
3082 1437 3098 1462 ,
3135 1396 3286 1452 factis
3317 1398 3444 1464 ipsis
3471 1397 3640 1466 depu-

2050 1489 2177 1542 leris
2209 1489 2400 1542 malam
2432 1489 2499 1542 de
2522 1499 2572 1542 te
2597 1489 2950 1557 suspicionem
2983 1508 2996 1543 :
3024 1488 3072 1540 id
3107 1488 3245 1556 quod
3279 1496 3389 1542 tum
3418 1487 3532 1542 lucc
3559 1488 3640 1543 fe-

2051 1583 2124 1634 cit
2155 1583 2362 1634 mulier.
2393 1580 2524 1634 Cum
2564 1581 2704 1635 enim
2745 1580 2964 1646 diceret,
3009 1582 3362 1650 Nequaquam,
3400 1581 3644 1636 domine:

2051 1693 2110 1731 re
2152 1678 2264 1746 ipsa
2309 1677 2628 1740 declaravit,
2675 1676 2863 1730 falsam
2910 1692 3029 1730 esse
3077 1676 3220 1729 illius
3261 1676 3639 1745 suspicionem.

2053 1770 2207 1826 Unde
2236 1782 2410 1827 autem
2444 1770 2544 1825 hoc
2570 1771 2652 1824 vel
2702 1769 2957 1839 suspicari
2995 1770 3163 1839 potuit
3191 1769 3487 1823 sacerdos?
3513 1784 3640 1822 num

2053 1861 2315 1915 ridentem
2360 1861 2524 1914 vidit?
2567 1876 2690 1913 num
2729 1859 3052 1913 saltantem?
3078 1875 3202 1912 nttm
3244 1860 3558 1913 titubantem
3589 1868 3644 1914 et

2053 1954 2460 2008 concidentem?
2490 1969 2614 2007 num
2651 1953 2850 2006 audivit
2890 1953 3109 2007 verbum
3157 1952 3466 2006 obscaenum
3491 1991 3505 2015 ,
3551 1960 3644 2004 aut

2056 2045 2354 2099 illiberale?
2394 2044 2543 2099 Unde
2586 2044 2746 2113 igitur
2787 2044 3032 2112 concepit
3067 2043 3204 2097 hanc
3246 2043 3644 2111 suspicionem?

2057 2136 2207 2191 llaud
2237 2136 2328 2190 ille
2357 2135 2569 2205 quidem
2601 2145 2822 2196 temere,
2855 2135 3100 2203 nullaque
3127 2133 3196 2188 de
3222 2148 3421 2199 causa;
3453 2132 3548 2187 sed
3572 2149 3640 2187 ex

2055 2225 2162 2281 diei
2205 2234 2446 2294 tempore
2482 2243 2495 2279 :
2525 2237 2641 2280 erat
2686 2226 2826 2278 enim
2873 2225 3123 2280 meridies
3167 2239 3286 2278 cum
3337 2233 3646 2293 precaretur

2057 2317 2174 2372 illa.
2199 2315 2354 2371 Unde
2389 2316 2491 2370 hoc
2521 2316 2720 2385 liquet?
2747 2316 2824 2368 Ex
2854 2316 2915 2369 iis
2945 2331 3062 2384 qua:
3105 2315 3281 2368 locum
3324 2314 3464 2368 hunc
3506 2329 3644 2384 pra:-

2057 2412 2272 2465 cedunt.
2316 2411 2568 2470 Surrexit,
2607 2411 2795 2480 inquit,
2825 2410 2992 2477 Anna,
3026 2420 3287 2479 postquam
3315 2409 3395 2463 illi
3429 2409 3646 2463 comede-

2057 2513 2174 2556 runt
2213 2514 2260 2556 et
2301 2503 2522 2557 biberant
2550 2505 2604 2556 in
2647 2502 2840 2568 Selom,
2883 2511 2928 2554 et
2977 2509 3091 2570 post
3128 2511 3298 2571 potum
3338 2502 3555 2554 constitit
3593 2503 3645 2554 in

2059 2606 2324 2662 conspectu
2362 2595 2563 2648 Domini
2593 2595 2677 2664 (l’.
2700 2593 2823 2663 Reg.
2858 2595 2910 2648 1.
2935 2593 3013 2662 9).
3040 2592 3258 2647 Viden"?
3287 2591 3435 2661 Quod
3461 2607 3648 2646 omnes

2061 2685 2259 2739 faciunt
2287 2695 2491 2754 tempus
2520 2685 2882 2746 relaxationis,
2927 2685 3012 2737 illa
3058 2682 3183 2738 fecit
3228 2693 3437 2752 tempus
3465 2697 3646 2750 preca-

2063 2777 2220 2830 tionis
2253 2793 2265 2828 :
2301 2787 2418 2846 post
2445 2777 2747 2830 convivium
2772 2789 3059 2829 accurrens
3088 2775 3153 2828 ad
3181 2776 3643 2844 supplicationem,

2061 2868 2232 2922 fontes
2272 2869 2624 2936 lacrymarum
2673 2866 2868 2929 emisit,
2912 2874 3253 2934 mentemque
3293 2881 3400 2934 pra:
3435 2880 3496 2919 se
3531 2867 3649 2919 tulit

2061 2959 2291 3012 Sobriam
2320 2973 2383 3012 ac
2420 2958 2726 3027 vigilantem
2757 2974 2769 3009 :
2804 2970 2866 3009 ac
2903 2965 3021 3024 post
3057 2956 3242 3026 epulas
3282 2955 3416 3009 adeo
3445 2955 3648 3011 intente

2061 3053 2253 3116 oravit,
2286 3062 2342 3103 ut
2369 3050 2567 3104 donum
2591 3049 2857 3116 acciperet
2886 3062 3044 3116 supra
3078 3057 3343 3113 naturam,
3389 3048 3643 3100 solveret-

2062 3158 2165 3212 qne
2193 3141 2551 3207 sterilitatem,
2583 3154 2646 3194 ac
2667 3149 2868 3192 naturae
2897 3138 3310 3192 imbecillitatem
3334 3137 3644 3208 corrigeret.

2065 3236 2176 3288 lloc
2204 3234 2362 3303 igitur
2385 3248 2412 3285 a
2446 3234 2636 3286 femina
2675 3231 2808 3285 lucri
2838 3231 3149 3300 consequuti
3179 3244 3382 3295 sumus,
3422 3241 3478 3284 ut
3511 3231 3649 3286 scia-

2063 3341 2182 3381 mus
2208 3335 2402 3395 etpost
2433 3325 2738 3380 convivium
2766 3339 2940 3377 orare.
2988 3323 3237 3393 Quisquis
3263 3324 3404 3378 enim
3439 3324 3504 3379 ad
3547 3325 3648 3381 hoc

2061 3428 2390 3488 prmparatus
2421 3419 2594 3482 fuerit,
2621 3432 2908 3486 numquam
2936 3418 2986 3470 in
3017 3416 3337 3471 ebrietatem
3373 3427 3464 3472 aut
3492 3419 3646 3473 vino-

2063 3509 2280 3563 lentiam
2309 3510 2524 3572 incidet,
2556 3524 2840 3577 numquam
2869 3507 3080 3576 crapula
3111 3509 3470 3576 disrumpetur
3505 3527 3516 3562 :
3550 3511 3645 3565 sed

2062 3601 2310 3669 quoniam
2337 3599 2788 3668 exspectationem
2820 3600 3136 3666 precationis
3179 3597 3338 3652 habet
3365 3614 3460 3666 pro
3498 3599 3650 3656 freno

2062 3693 2363 3761 impositam
2404 3693 2605 3756 animo,
2648 3692 3001 3744 conveniente
3050 3705 3298 3744 mensura
3326 3691 3546 3760 attinget
3581 3708 3646 3746 ex

2061 3787 2308 3841 omnibus
2335 3801 2453 3854 qua:
2481 3783 2673 3838 fuerint
2699 3783 2959 3851 apposita,
2984 3782 3254 3851 multaque
3276 3783 3646 3839 benedictione

2063 3890 2173 3933 tum
2202 3880 2459 3944 animum,
2495 3886 2604 3931 tum
2636 3893 2829 3946 corpus
2864 3878 3121 3944 implebit.
3152 3876 3464 3931 Convivium
3502 3881 3642 3933 enim

2062 3971 2200 4039 quod
2228 3985 2258 4023 a
2305 3971 2609 4038 precatione
2651 3976 2882 4037 emptum
2930 3968 2983 4020 in
3034 3968 3388 4035 precationem
3431 3969 3646 4036 (leniuit,

2063 4079 2348 4132 numquam
2396 4062 2626 4126 dcliciel,
2675 4062 2766 4114 sed
2819 4061 3005 4129 quinis
3049 4057 3193 4114 fonte
3241 4059 3455 4114 uberius
3493 4062 3646 4116 nobis

2034 4155 2237 4207 'omnia
2259 4153 2462 4208 adferet
2492 4153 2647 4206 bona.
2678 4151 2753 4205 Nc
2789 4152 2948 4220 igitur
2983 4159 3180 4203 tantum
3211 4151 3536 4220 uegligamus
3563 4152 3645 4206 lu-

2061 4261 2229 4299 crum.
2257 4245 2558 4299 Absurdum
2584 4245 2723 4297 enim
2753 4242 2932 4305 fuerit,
2957 4249 2998 4295 si
3021 4258 3140 4296 cum
3173 4241 3350 4295 famuli
3381 4246 3570 4310 nostri,
3601 4247 3644 4300 si

2061 4337 2274 4406 quando
2314 4345 2516 4406 partem
2556 4334 2785 4402 aliquam
2827 4349 3010 4387 eorum
3051 4347 3168 4401 que
3213 4332 3364 4387 nobis
3405 4335 3644 4402 apposita

2063 4438 2186 4482 sunt
2225 4427 2546 4496 acceperint,
2581 4426 2735 4480 nobis
2772 4425 2970 4494 gratias
3013 4432 3191 4494 agant,
3220 4422 3462 4494 beneque
3493 4426 3646 4481 nobis

2065 4531 2342 4590 precantes
2373 4520 2565 4573 abeant
2607 4536 2619 4571 :
2655 4533 2771 4581 nos,
2818 4532 2935 4570 cum
2983 4525 3060 4569 tot
3104 4517 3368 4586 tantisque
3411 4518 3650 4572 fruamur

2065 4611 2239 4676 bonis,
2274 4625 2338 4663 ne
2366 4611 2464 4663 hoc
2493 4607 2702 4677 quidem
2732 4606 2950 4661 honoris
2973 4607 3080 4661 Deo
3111 4608 3493 4677 pet-solvamus,
3525 4609 3646 4664 licet

2064 4703 2188 4756 hinc
2218 4703 2433 4754 multam
2462 4702 2627 4753 simus
2642 4699 2976 4768 assequuturi
2995 4699 3355 4753 securitatem.
3382 4695 3482 4755 Ubi
3504 4703 3641 4754 enim

2064 4795 2300 4864 precatio
2329 4802 2382 4846 et
2412 4792 2699 4861 gratiarum
2748 4791 2906 4856 actio,
2937 4805 3003 4844 eo
3033 4791 3196 4843 sancti
3225 4790 3455 4858 Spiritus
3486 4792 3646 4846 adve-

2066 4889 2142 4942 nit
2170 4887 2358 4957 gratia,
2387 4886 2670 4954 abiguutur
2697 4883 2989 4946 dmmones,
3035 4891 3090 4937 et
3130 4883 3304 4936 omnis
3344 4881 3648 4938 adversaria

2063 4988 2301 5049 potestas
2327 4975 2536 5044 diffugit
2562 4990 2622 5028 ac
2650 4973 2894 5028 discedzt.
2945 4973 3044 5040 Qui
3082 4987 3141 5026 se
3169 4986 3524 5026 conversurus
3565 4986 3646 5029 est

2061 5071 2125 5125 ad
2149 5070 2428 5131 orandum,
2459 5083 2564 5122 non
2604 5069 2758 5122 audet
2791 5068 3076 5136 quidquam
3112 5067 3340 5121 absurde
3379 5067 3540 5135 loqui,
3572 5085 3640 5124 ue

2062 5164 2113 5218 in
2142 5162 2314 5216 medio
2339 5160 2550 5230 quidem
2574 5161 2849 5214 convivio:
2872 5167 2961 5211 aut
2982 5159 3025 5212 si
3051 5157 3298 5228 loquutus
3319 5157 3493 5223 fuerit,
3517 5175 3640 5216 mox

2064 5253 2349 5322 resipiscit.
2381 5251 2609 5305 Proinde
2638 5257 2850 5319 oportet
2892 5257 3001 5303 tum
3035 5249 3084 5301 in
3115 5249 3285 5314 initio,
3315 5259 3422 5302 tum
3453 5251 3502 5304 in
3537 5251 3642 5306 line

2062 5344 2287 5399 convivii
2317 5347 2514 5412 gratias
2537 5357 2692 5410 agere
2723 5342 2830 5395 Deo
2859 5340 2928 5395 ob
2957 5341 3092 5393 hanc
3119 5341 3382 5410 pra-cipue
3405 5357 3641 5409 causam,

2060 5436 2200 5506 quod
2229 5446 2282 5487 ut
2304 5435 2479 5488 dicere
2509 5449 2798 5500 cii-peram,
2831 5430 2967 5483 haud
3013 5431 3162 5485 facile
3203 5433 3542 5499 prolabemur
3587 5434 3640 5487 in

2061 5527 2397 5588 ebrietatem,
2425 5525 2466 5576 si
2496 5539 2593 5577 nos
2622 5525 2766 5591 ipsos
2796 5523 2844 5574 in
2875 5521 3010 5576 hanc
3044 5521 3483 5577 consuetudinem
3513 5537 3644 5577 con-

2063 5615 2411 5671 stitueritnus.
2436 5614 2572 5680 Quin
2612 5613 2657 5666 si
2683 5614 2893 5682 quando
2921 5613 3218 5667 surrexeris
3248 5614 3460 5683 crapula
3490 5623 3642 5682 potu-

2063 5723 2166 5776 que
2191 5718 2461 5776 gravatus,
2490 5719 2556 5759 ne
2581 5705 2659 5758 sic
2682 5703 2893 5773 quidem
2921 5703 3138 5772 abjicias
3162 5701 3597 5758 consuetudinem
3621 5717 3645 5762 :

2066 5798 2163 5856 sed
2185 5798 2424 5870 quamvis
2451 5796 2740 5852 habeamus
2765 5805 3034 5866 gravatum
3055 5803 3230 5865 caput,
3261 5794 3506 5865 quamvis
3527 5809 3648 5852 vet“.-
