4038 6360
341 357 441 411 651

343 473 508 541 tigine
526 466 981 524 eireumferamur,
1001 470 1054 515 et
1075 458 1439 518 concidamus.
1465 454 1631 509 nih’.lo
1658 452 1829 541 secius
1854 457 1931 541 ta-

344 540 469 616 men
494 572 725 618 oremus,
758 570 855 609 nec
891 553 1200 607 aboleamus
1234 544 1693 603 consuetudinem.
1723 540 1933 593 Etenim

344 654 388 706 si
420 648 739 719 praecedenti
766 646 853 699 die
877 645 940 698 ad
972 645 1113 697 hunc
1145 638 1381 694 oraveris
1409 635 1646 699 modum,
1682 629 1936 701 postridie

344 741 584 807 Corriges
613 737 845 791 dedecus
889 732 1060 803 pridie
1102 729 1467 785 commissum.
1512 723 1734 791 Quoties
1780 721 1937 788 igitur

346 833 744 903 prandebimus,
776 828 1177 883 meminerimus
1218 824 1373 891 hujus
1400 820 1653 875 mulieris.
1701 828 1751 870 et
1795 815 1937 867 illius

348 928 724 995 lacrymarum,
766 935 865 975 nec
908 935 1013 973 non
1044 916 1309 986 pra-clara:
1334 913 1449 981 ejus
1477 910 1766 964 ebrietatis.
1802 906 1933 959 Nam

346 1018 491 1071 ebria
517 1025 629 1067 erat
657 1012 868 1076 mulier,
899 1026 1003 1063 non
1031 1025 1061 1062 e
1085 1008 1225 1067 vino.
1255 1004 1347 1058 sed
1378 1020 1440 1057 ex
1469 1000 1791 1056 abundantia
1823 998 1935 1066 pie-

348 1108 490 1163 tatis.
524 1106 735 1160 Etenim
761 1104 805 1157 si
848 1109 965 1171 post
1002 1097 1277 1169 prandium
1324 1094 1442 1148 talis
1486 1093 1602 1157 fuit,
1630 1090 1802 1160 qualis
1822 1096 1939 1143 erat

347 1200 447 1254 sub
474 1196 758 1251 auroram?
791 1194 835 1248 si
865 1203 969 1247 tam
1018 1193 1276 1245 instanter
1311 1185 1483 1241 oravit
1526 1194 1646 1253 post
1672 1183 1847 1236 cibum
1884 1191 1938 1235 et

352 1300 554 1361 potum,
582 1287 751 1357 qualis
773 1296 883 1339 erat
902 1284 1121 1352 jejuna?

424 1383 477 1435 6.
528 1378 831 1432 ltedeamus
869 1376 1025 1445 igitur
1053 1373 1229 1426 denuo
1258 1369 1323 1422 ad
1354 1368 1512 1421 verba
1562 1365 1735 1428 illius,
1775 1362 1936 1417 verba

353 1472 532 1524 multa:
564 1469 717 1539 plena
745 1464 1092 1535 philosophi-.e
1114 1507 1127 1525 ,
1156 1462 1425 1529 multaque
1464 1457 1654 1511 referta
1686 1470 1937 1509 mansue-

355 1560 556 1615 tudine.
596 1556 727 1611 Cum
772 1558 911 1611 enim
961 1554 1223 1607 dixisset:
1259 1550 1625 1620 Nequaquam,
1694 1546 1934 1611 domine,

354 1649 617 1718 subjecit:
652 1645 839 1699 Mulier
868 1646 921 1696 in
951 1644 1077 1695 duro
1107 1644 1189 1695 die
1213 1658 1323 1694 sum
1348 1656 1438 1710 ego
1458 1680 1472 1703 ,
1504 1638 1674 1691 vinum
1717 1646 1763 1689 et
1802 1636 1938 1703 quod

354 1742 565 1799 inebriat
592 1756 692 1793 non
733 1738 831 1791 bibi
876 1737 953 1804 (1.
996 1736 1120 1805 Reg.
1166 1738 1218 1788 1.
1251 1734 1362 1803 15).
1391 1732 1625 1786 Observa
1669 1727 1937 1798 quomodo

356 1850 452 1889 nec
483 1834 565 1885 hic
603 1838 987 1885 commemorat
1013 1830 1216 1881 asmula:
1243 1827 1482 1881 convicia
1508 1868 1522 1891 ,
1557 1839 1727 1893 neque
1758 1821 1940 1876 tradu-

357 1928 430 1980 cit
486 1925 627 1978 illius
669 1923 959 1986 malitiam,
1017 1937 1115 1975 nec
1178 1920 1525 1974 domesticam
1583 1917 1937 1971 calamitatem

353 2023 635 2084 exaggerat
659 2013 952 2083 evulgans?
983 2012 1073 2066 sed
1103 2011 1356 2064 hactenus
1386 2008 1557 2078 aperit
1576 2022 1724 2062 suam
1751 2007 1936 2060 anxie—

355 2119 550 2170 tatem,
607 2116 659 2159 ut
694 2113 896 2159 tantum
946 2118 1063 2157 sese
1105 2101 1239 2170 apud
1284 2099 1613 2154 sacerdotem
1666 2105 1937 2166 purgaret.

361 2198 544 2251 Mulier
571 2198 620 2249 in
649 2198 777 2249 duro
802 2197 882 2247 die
909 2211 997 2264 ego
1025 2209 1136 2245 sum
1167 2207 1184 2245 :
1216 2193 1383 2243 vinum
1408 2189 1706 2258 etqttidquid
1729 2189 1939 2240 inebriat

356 2308 456 2344 non
484 2290 602 2353 bibi,
632 2289 718 2342 sed
754 2285 958 2353 elTundo
986 2285 1209 2337 animant
1252 2298 1413 2333 meam
1438 2282 1452 2311 ⁸
1488 2297 1658 2331 coram
1697 2278 1937 2331 Domino.

356 2383 470 2437 Non
499 2383 601 2441 ait,
628 2380 892 2449 Deprecor
919 2375 1238 2437 Dominum,
1264 2372 1502 2441 supplico
1531 2370 1755 2424 Domino
1776 2410 1788 2432 .
1811 2369 1905 2422 sed
1923 2409 1936 2433 ,

359 2475 587 2542 E/Iundo
617 2474 840 2526 animant
868 2486 1031 2525 tneam
1059 2484 1231 2522 coram
1267 2466 1486 2519 Domino
1514 2482 1531 2519 :
1556 2464 1656 2518 hoc
1677 2473 1791 2527 est,
1832 2463 1941 2517 Me-

360 2568 526 2636 ipsam
555 2574 715 2617 totam
743 2562 979 2616 converti
1018 2558 1085 2612 ad
1132 2558 1447 2622 Dominum,
1494 2565 1724 2610 mentem
1766 2570 1939 2609 meam

358 2656 613 2710 evacnavi
662 2652 798 2723 apud
846 2653 1027 2717 illum,
1071 2659 1181 2704 toto
1223 2650 1434 2712 animo,
1485 2656 1698 2715 totaque
1750 2647 1942 2700 virtute

359 2747 721 2819 precationem
778 2759 952 2797 meam
1009 2742 1225 2811 peregi,
1286 2740 1395 2793 Deo
1460 2739 1666 2791 narravi
1719 2738 1939 2791 calami-

361 2850 520 2894 tatem
558 2851 765 2899 meam,
818 2832 1026 2887 ostendi
1075 2834 1302 2895 vulnus;
1351 2831 1435 2884 ille
1479 2839 1651 2899 potest
1685 2828 1813 2883 dare
1853 2845 1942 2883 re-

359 2930 612 2984 medium.
658 2926 740 2981 Ne
776 2931 862 2980 des
902 2925 1143 2979 ancillam
1190 2925 1242 2976 in
1284 2924 1497 2995 faciem,
1541 2924 1593 2974 in
1644 2922 1806 2989 ﬁliam
1858 2938 1945 2990 pe-

357 3023 604 3079 stilentem
637 3020 713 3087 (l.
762 3018 888 3088 Reg.
933 3018 984 3071 1.
1025 3017 1137 3084 16).
1186 3015 1389 3069 Rursus
1419 3015 1662 3067 ancillam
1714 3014 1942 3082 appellat

359 3114 624 3180 seipsam,
679 3112 896 3165 multam
948 3109 1205 3163 adhibens
1243 3124 1457 3169 curam,
1502 3124 1567 3160 ne
1609 3124 1637 3159 a
1668 3106 1945 3161 sacerdote

359 3204 557 3262 malam
588 3204 778 3257 referat
804 3204 995 3255 famam
1023 3218 1036 3254 :
1069 3216 1165 3253 nec
1192 3200 1327 3268 apud
1353 3214 1411 3253 se
1453 3198 1586 3251 dixit
1610 3217 1624 3252 :
1652 3197 1786 3264 Quid
1815 3198 1942 3252 mihi

361 3314 503 3351 cura:
556 3305 638 3349 est
677 3296 827 3348 istius
867 3293 1172 3369 calumnia?
1209 3293 1513 3361 ignoranter
1541 3308 1602 3345 ac
1631 3300 1831 3346 temere
1858 3308 1946 3346 ac-

362 3397 513 3441 cusat
531 3428 546 3450 ,
568 3386 869 3454 suSpicatur
897 3384 982 3437 tibi
1009 3383 1139 3437 nihil
1169 3392 1284 3437 erat
1308 3399 1470 3452 opus;
1491 3399 1604 3436 mea
1623 3384 1945 3437 conscientia

362 3495 496 3548 pura
518 3488 634 3532 esto
654 3519 668 3543 ,
696 3486 749 3531 et
775 3492 962 3530 omnes
993 3491 1078 3531 me
1110 3476 1389 3530 traducant
1418 3493 1430 3528 :
1473 3476 1566 3530 sed
1597 3477 1943 3543 apostolicam

312 3614 315 3621 κ
366 3571 511 3623 illam
566 3568 803 3637 implevit
827 3567 1036 3636 legent,
1085 3582 1203 3635 qua:
1233 3566 1549 3636 prmcipitut
1576 3568 1947 3635 provideamus

364 3661 503 3715 bona
531 3675 634 3713 non
665 3669 865 3712 tantum
892 3674 1071 3711 coram
1114 3658 1371 3721 Domino,
1424 3658 1517 3711 sed
1566 3659 1726 3712 etiam
1766 3674 1945 3712 coram

366 3751 667 3807 hominibus
698 3750 877 3816 (llum.
910 3748 995 3802 12.
1030 3750 1139 3817 17).
1185 3749 1357 3816 Atque
1385 3749 1529 3802 omni
1562 3749 1719 3802 modo
1772 3751 1947 3818 suspi-

364 3842 573 3897 cionem
595 3841 828 3910 depulit,
856 3856 975 3892 cum
996 3840 1101 3905 ait,
1141 3838 1222 3891 Ne
1242 3839 1327 3892 des
1356 3841 1595 3893 ancillam
1621 3852 1759 3893 tttant
1788 3843 1839 3894 in
1862 3847 1945 3912 fa-

364 3936 509 3999 cient,
532 3937 584 3988 in
606 3936 765 4002 ﬁliam
788 3934 1113 4002 pestilentem.
1140 3931 1275 3998 Quid
1298 3941 1476 3986 autem
1508 3942 1609 3997 est,
1638 3932 1703 3986 In
1727 3936 1949 4004 facient?

363 4028 441 4083 Ne
470 4043 555 4082 me
583 4026 853 4082 existimes
883 4024 1160 4078 elfrontcm
1200 4034 1252 4077 et
1279 4024 1639 4093 impudentem
1670 4040 1809 4079 esse.
1836 4028 1947 4079 An~

365 4120 542 4189 goris,
575 4134 677 4173 non
703 4118 1001 4171 vinolentia:
1024 4126 1104 4169 est
1132 4116 1244 4169 [nec
1270 4116 1517 4170 audacia:
1549 4133 1734 4171 mer:
1754 4120 1816 4182 is,
1842 4135 1944 4171 non

368 4209 659 4264 ebrietatis.
712 4208 845 4274 Quid
879 4208 1035 4277 igitur
1064 4205 1351 4260 sacerdos?
1383 4205 1676 4261 Considera
1715 4217 1769 4261 et
1810 4210 1949 4262 illius

369 4300 742 4370 prudentiam:
773 4315 877 4353 non
919 4298 1191 4367 inquisivit
1220 4296 1429 4351 curiose
1474 4296 1541 4351 de
1570 4314 1764 4364 genere
1803 4301 1946 4353 cala-

370 4390 599 4454 mitatis,
634 4405 739 4442 non
768 4390 1008 4442 exactius
1036 4397 1301 4442 scrutatus
1340 4396 1423 4441 est
1448 4389 1663 4457 angoris
1689 4404 1903 4444 causam
1932 4409 1945 4444 :

370 4480 463 4538 Sed
502 4479 627 4549 quid
655 4480 765 4533 ait?
805 4478 942 4532 Vade
965 4481 1015 4531 in
1059 4495 1215 4547 pace;
1262 4478 1344 4531 det
1391 4480 1481 4531 tibi
1527 4479 1773 4535 Dominus
1816 4483 1950 4537 Deus

373 4570 538 4625 Isracl
563 4587 759 4623 omnem
788 4571 1103 4638 petitionem,
1145 4587 1297 4639 quam
1323 4571 1385 4623 ab
1412 4587 1469 4624 eo
1503 4573 1672 4641 petisti
1715 4576 1733 4642 (
1749 4575 1792 4626 l.
1818 4573 1947 4645 Reg.

373 4666 425 4718 1.
456 4664 569 4731 17).
592 4662 777 4717 Mulier
802 4678 871 4715 ex
899 4673 1205 4717 accusatore
1235 4662 1359 4717 fecit
1388 4674 1687 4733 patronum.
1722 4665 1946 4720 Tantum

370 4754 568 4809 bonum
599 4764 682 4806 est
710 4752 1011 4807 humanitas
1039 4769 1101 4806 ac
1130 4755 1503 4807 mansuetudo.
1549 4756 1650 4809 Pro
1676 4767 1949 4811 contume-

362 4848 434 4905 lia
465 4848 684 4917 copioso
727 4854 946 4915 accepto
972 4846 1165 4899 viatico
1189 4846 1465 4913 discessit,
1520 4864 1746 4918 eumque
1794 4861 1946 4903 nacta

371 4948 452 4993 est
480 4946 898 5007 propugnantem
938 4946 991 4991 et
1018 4937 1422 4993 intercessorem
1444 4979 1457 5002 ,
1489 4956 1646 5009 quem
1691 4940 1950 4997 habuerat

368 5027 785 5097 ohjurgatorem.
828 5028 906 5081 Ac
933 5044 998 5082 ne
1024 5029 1101 5083 sic
1128 5029 1340 5098 quidem
1369 5031 1603 5095 destitit,
1633 5032 1726 5087 sed
1764 5050 1948 5089 rursus

368 5120 445 5173 ait
472 5136 485 5171 :
513 5118 744 5172 Inveniat
773 5120 960 5173 ancilla
995 5130 1081 5173 tua
1119 5124 1336 5191 gratiam
1374 5122 1426 5174 in
1456 5124 1617 5176 oculis
1648 5125 1745 5177 tuis
1781 5124 1945 5193 (Ibid.

368 5226 416 5264 υ.
441 5209 529 5281 18)
551 5228 564 5263 :
593 5209 694 5264 hoc
712 5220 794 5264 est
822 5228 835 5264 :
862 5210 1071 5265 Utinam
1090 5227 1119 5265 e
1147 5212 1250 5266 tine
1272 5226 1557 5281 rerumque
1579 5214 1724 5267 exitu
1749 5214 1945 5282 discas,

369 5316 458 5356 me
485 5301 620 5356 hanc
648 5302 1003 5371 precationem
1032 5303 1565 5372 obsecrationemque
1594 5304 1809 5370 fecisse,
1842 5323 1945 5360 non

365 5407 431 5446 ex
459 5392 743 5447 vinolentia
762 5432 778 5457 ,
811 5392 905 5446 sed
935 5407 1001 5445 ex
1028 5408 1227 5462 angore
1254 5411 1266 5447 :
1300 5391 1369 5445 Et
1398 5409 1512 5446 cum
1537 5395 1686 5459 abiit,
1742 5396 1942 5466 inquit,

364 5500 470 5536 non
511 5483 736 5554 amplius
762 5484 1000 5537 concidit.
1030 5484 1191 5538 Vides
1244 5486 1481 5539 mulieris
1525 5486 1718 5541 fidem?
1762 5489 1945 5544 Prius-

367 5591 524 5646 quam
555 5579 819 5648 acciperet
848 5579 990 5649 qttod
1020 5582 1341 5649 postularat,
1373 5582 1593 5652 perinde
1614 5586 1813 5641 conlisa
1839 5597 1942 5653 est,

361 5758 407 5799 ιι
432 5688 448 5717 ι
482 5685 611 5738 mlh.
630 5688 879 5752 duo,sicut
904 5698 956 5743 et
979 5698 1115 5754 Reg,
1139 5694 1459 5758 precationem
1475 5709 1661 5761 meam;
1685 5701 1843 5754 minus
1863 5717 1945 5754 rc-

378 5764 386 5775 '
413 5766 461 5799 Θ.

378 5764 461 5803 τω.

1091 342 1145 397 S.
1190 338 1466 396 JOANNIS
1503 327 1975 391 CHRYSOSTOMI
2018 326 2331 381 ARCIIIEP.
2374 326 2903 383 CONSTANTINOP.

3519 333 3627 389 652

2047 448 2195 514 quasi
2243 448 2353 516 jam
2405 449 2717 518 accepisset.
2772 450 2826 503 In
2858 464 3015 503 causa
3067 462 3217 510 erat,
3258 453 3399 521 quod
3449 465 3631 509 oraret

2044 537 2212 590 multo
2237 554 2356 591 cum
2385 539 2593 593 fervore
2611 578 2628 604 ,
2660 540 2931 607 multoque
2954 540 3130 593 studia
3164 544 3293 595 citra
3318 542 3483 598 ullam
3511 547 3626 597 Ιιω-

2043 628 2365 682 sitationcm.
2410 629 2558 683 lianc
2581 630 2651 683 ob
2680 645 2792 684 rem
2819 631 2947 683 abiit
2972 632 3123 699 quasi
3148 641 3313 687 totum
3341 635 3630 704 impetras-

2043 727 2139 771 set.
2192 718 2327 784 Qnin
2369 718 2585 789 insuper
2631 720 2769 775 Deus
2817 721 2925 789 jam
2973 732 3135 775 totam
3182 724 3503 779 anxietatem
3553 728 3631 781 illi

2043 811 2278 864 excussit
2305 828 2369 865 ex
2396 812 2574 865 animo
2592 854 2607 878 ,
2632 812 2916 882 largiturus
2940 814 3136 867 donmn
3167 818 3306 883 quod
3332 818 3563 885 petebat.

2116 902 2329 958 litoralis
2362 905 2608 974 epilogus.
2637 934 2709 943 —-
2759 904 2905 960 llanc
2955 904 3202 960 feminam
3255 908 3522 963 imitemur
3571 920 3631 964 et

2044 1011 2175 1063 nos,
2208 1008 2261 1051 et
2311 998 2363 1051 in
2407 1001 2655 1055 onmibus
2692 1002 3069 1058 afﬂictionibus
3114 1004 3180 1058 ad
3222 1006 3387 1059 ltenm
3437 1006 3631 1060 confu-

2041 1088 2267 1156 giamus.
2299 1090 2367 1143 Et
2391 1092 2434 1144 si
2463 1092 2617 1147 nobis
2644 1110 2748 1148 non
2786 1096 2981 1151 fuerint
3008 1097 3195 1164 liberi,
3229 1100 3295 1152 ab
3322 1100 3411 1153 illo
3438 1109 3631 1170 postu-

2043 1179 2401 1252 letnus;quos
2425 1185 2470 1237 si
2515 1187 2899 1255 acceperimus,
2940 1191 3105 1244 multa
3131 1206 3258 1245 cura
3287 1191 3583 1245 educemus
3618 1210 3629 1244 :

2043 1270 2409 1327 adolescwtes
2460 1290 2581 1327 cum
2636 1276 2703 1329 ah
2754 1278 2898 1331 omni
2946 1279 3075 1332 vitio
3129 1294 3469 1345 sevocemns,
3516 1292 3631 1334 tum

2045 1363 2308 1431 praacipue
2328 1379 2357 1415 a
2390 1364 2629 1430 lascivia,
2651 1367 2789 1435 quod
2821 1368 2920 1422 hoc
2946 1369 3161 1425 difﬁcile
3186 1372 3256 1425 sit
3283 1372 3499 1438 bellum,
3529 1388 3631 1428 nec

2042 1452 2143 1506 alia
2188 1468 2275 1507 res
2310 1456 2584 1510 molestior
2614 1458 2683 1511 sit
2731 1459 2805 1513 illi
2852 1461 3022 1524 artati,
3072 1477 3229 1529 quam
3263 1462 3347 1516 hic
3388 1464 3628 1518 morbus.

2050 1544 2291 1614 Undique
2319 1546 2477 1617 igitur
2504 1550 2965 1605 circumvallemus
2996 1552 3113 1606 illos
3138 1553 3408 1615 consiliis,
3436 1556 3631 1608 adhor-

2043 1636 2331 1692 tationibus
2351 1680 2365 1703 ,
2403 1640 2716 1706 terroribus,
2746 1642 2922 1695 minis.
2954 1642 3009 1697 Si
3040 1642 3173 1698 hanc
3202 1644 3497 1699 devicerint
3534 1664 3631 1699 cu-

2044 1729 2275 1799 pidinem
2302 1772 2317 1796 ,
2355 1746 2456 1785 nec
2494 1731 2562 1784 ab
2598 1733 2719 1787 aliis
2744 1733 2899 1789 facile
2944 1737 3405 1805 expuguabuntur,
3451 1740 3542 1792 sed
3574 1750 3632 1794 et

2045 1822 2284 1890 pecuniis
2310 1832 2466 1876 erunt
2503 1826 2826 1891 superiores,
2878 1835 2933 1880 et
2973 1828 3334 1882 temulentiam
3382 1831 3628 1885 vinolen-

2046 1915 2278 1983 tiamqne
2334 1917 2693 1983 superabunt,
2742 1926 2797 1971 et
2845 1919 3114 1988 improbos
3162 1922 3436 1974 convictus
3481 1926 3628 1976 onmi

2044 1990 2220 2059 studio
2249 2005 2568 2070 discutient,
2604 2016 2657 2060 et
2680 2008 3022 2063 amabiliores
3041 2019 3197 2063 erunt
3220 2012 3545 2084 parentibus,
3575 2023 3633 2068 et

2044 2096 2294 2149 onmibus
2323 2096 2630 2151 hominibus
2658 2101 2825 2167 magis
2854 2100 3155 2154 reverendi.
3197 2101 3326 2167 Quis
3352 2103 3491 2157 enim
3518 2120 3631 2159 non

2046 2196 2351 2241 revereatur
2384 2187 2631 2255 juvenem
2663 2200 2808 2244 caste
2848 2192 3132 2261 sobrieque
3157 2193 3463 2249 viventem?
3508 2199 3631 2266 quis

2046 2294 2149 2331 non
2176 2278 2543 2347 amplectatur,
2576 2282 3018 2351 exosculeturque
3042 2298 3162 2337 eum
3190 2286 3279 2354 qui
3324 2286 3629 2356 cupiditati-

2048 2370 2144 2423 bus
2167 2368 2374 2423 frenmn
2407 2371 2693 2438 imposuit?
2721 2374 2840 2441 quis
2866 2390 2970 2427 non
3000 2377 3083 2428 vel
3109 2391 3139 2429 e
3168 2392 3390 2431 numero
3431 2380 3629 2447 praedi-

2045 2462 2209 2515 vitutn
2251 2463 2413 2515 multa
2440 2479 2559 2516 eum
2589 2466 2756 2533 gratia
2783 2468 2923 2520 volet
2945 2468 3019 2521 illi
3048 2467 3224 2523 locare
3252 2469 3415 2524 filiam
3440 2486 3591 2525 suam
3610 2512 3628 2539 ,

2046 2553 2253 2606 etiamsi
2285 2554 2443 2607 fuerit
2466 2556 2705 2608 omnium
2738 2559 3147 2626 pauperrimus?
3174 2560 3321 2615 Sicut
3344 2578 3375 2616 e
3416 2563 3632 2618 diverso

2050 2643 2321 2699 luxuriose
2365 2645 2663 2711 viventem,
2693 2650 2901 2701 etiamsi
2944 2649 3103 2705 fuerit
3130 2655 3367 2708 omnium
3411 2657 3633 2724 opulen—

2048 2733 2311 2800 tissimus,
2362 2751 2518 2789 nemo
2562 2748 2667 2791 tam
2714 2739 2878 2793 miser
2905 2750 3016 2804 est,
3050 2758 3208 2796 nemo
3257 2755 3362 2799 tam
3410 2747 3632 2815 altject-e

2047 2824 2306 2891 fortunat,
2337 2837 2393 2881 ut
2434 2828 2535 2882 sibi
2583 2844 2840 2899 generum
2886 2832 3015 2886 velit
3049 2834 3391 2890 adsciscere:
3443 2848 3635 2892 contra

2049 2915 2225 2971 nullus
2268 2917 2403 2972 adeo
2452 2920 2646 2973 stultus
2687 2931 2806 2983 est,
2842 2930 2898 2974 ut
2920 2923 3154 2978 sobrium
3180 2940 3242 2979 ac
3272 2927 3520 2996 pudicum
3548 2944 3636 2982 rc-

2044 3005 2212 3074 jiciat,
2243 3021 2305 3061 ac
2322 3007 2583 3064 dedecore
2610 3010 2828 3066 alliciat.
2858 3012 2922 3067 Ut
2943 3014 3100 3083 igitur
3131 3017 3222 3071 lilii
3252 3028 3306 3072 et
3326 3018 3637 3075 hominibus

2050 3101 2328 3155 reverendi
2355 3102 2502 3170 fiant,
2526 3112 2580 3159 et
2617 3104 2727 3159 Deo
2753 3107 3028 3175 amabiles,
3062 3124 3381 3166 exornemus
3421 3114 3635 3166 illorum

2048 3194 2275 3259 animos,
2296 3210 2522 3265 cumque
2553 3197 2802 3265 pudicitia
2827 3199 2893 3253 ad
2922 3202 3225 3269 conjttgium
3258 3204 3633 3271 perducamus.

2050 3288 2137 3341 Sic
2158 3288 2297 3341 enim
2330 3289 2432 3343 illis
2460 3290 2601 3343 velut
2620 3306 2650 3344 e
2678 3294 2819 3346 fonte
2834 3295 3353 3360 pravenientomnia,
3384 3309 3437 3351 et
3466 3298 3639 3353 Deum

2053 3378 2279 3433 habituri
2299 3389 2421 3433 sunt
2452 3382 2758 3451 propitium,
2786 3398 2849 3437 ac
2880 3386 3156 3453 praesentis
3186 3385 3481 3457 futuratque
3512 3389 3640 3444 vita:

2050 3470 2216 3537 gloria
2268 3471 2649 3540 perfruentur:
2683 3491 2839 3542 qualn
2890 3477 3099 3545 assequi
3155 3480 3428 3549 contingat
3479 3482 3639 3537 nobis

2050 3563 2316 3629 omnibus,
2335 3566 2501 3631 gratia
2523 3573 2576 3619 et
2600 3566 2833 3619 bonitate
2853 3566 3060 3624 Domini
3092 3571 3629 3636 nostrilesuChristi,

2052 3668 2170 3707 cum
2196 3669 2301 3722 quo
2343 3655 2485 3709 Patri
2513 3656 2701 3725 gloria,
2756 3658 2948 3726 honor,
2997 3660 3298 3729 imperium,
3326 3665 3481 3718 simul
3513 3680 3638 3719 cum

2053 3756 2235 3799 sancto
2261 3747 2458 3815 Spiritu
2485 3789 2500 3814 ,
2531 3764 2670 3803 nunc
2698 3759 2753 3803 et
2796 3766 3031 3821 semper,
3064 3764 3118 3807 et
3149 3754 3201 3808 in
3250 3757 3440 3810 szecula
3467 3772 3639 3812 sarcu-

2056 3834 2249 3891 lorum.
2278 3839 2465 3892 Amen.

2665 3910 2893 3965 SEMIO
2928 3912 3027 3980 «ΙΙΙ.

2054 3994 2133 4049 De
2162 3998 2343 4063 Anna,
2372 4000 2533 4067 deque
2576 4000 2830 4055 Samuelis
2870 4004 3197 4067 educatione,
3241 4016 3286 4057 et
3321 4008 3455 4075 quod
3498 4009 3642 4061 utilis

2125 4088 2189 4141 sit
2226 4089 2277 4141 in
2308 4091 2549 4157 pariendo
2576 4092 2814 4157 tarditas,
2844 4102 2891 4147 et
2919 4100 3049 4159 quod
3091 4098 3430 4166 periculosum
3471 4100 3538 4150 sit
3569 4100 3641 4151 lt-

2128 4182 2267 4232 bet-os
2296 4180 2605 4251 negligenter
2632 4183 2837 4237 habere.

2128 4291 2177 4343 1.
2211 4290 2387 4343 Oratio
2424 4292 2587 4346 Anna:
2626 4310 2776 4362 quam
2806 4306 2953 4365 grata
3006 4296 3135 4353 Deo.
3169 4298 3428 4367 Lacrgnta:
3472 4301 3643 4371 rigant

2056 4382 2281 4450 plantam
2326 4385 2587 4439 orationis.
2636 4384 2738 4439 Res
2789 4388 3075 4456 spirituales
3121 4391 3271 4443 variis
3304 4392 3644 4445 indesinenter

2057 4474 2230 4541 [armis
2265 4473 2507 4528 adornari
2544 4487 2774 4545 possunt.
2822 4479 2970 4531 Anna
3013 4478 3281 4533 liberorum
3326 4482 3645 4535 educationis

2056 4564 2410 4633 magistra.—
2448 4566 2561 4621 Nisi
2587 4568 2770 4623 videor
2811 4570 3075 4638 aliquibus
3128 4570 3338 4626 fastidio
3387 4582 3443 4625 et
3488 4576 3642 4627 oneri

2056 4672 2197 4723 esse,
2230 4658 2350 4713 volo
2379 4659 2517 4714 idem
2565 4673 2933 4730 argumentum
2984 4678 3195 4717 rursum
3230 4665 3524 4735 attingere,
3569 4666 3642 4721 de

2054 4763 2160 4816 quo
2189 4749 2336 4803 vobis
2361 4765 2529 4819 nuper
2568 4751 2794 4805 disserui
2822 4769 2835 4804 :
2862 4768 3061 4823 vosque
3104 4755 3171 4808 ad
3227 4756 3433 4809 Annam
3468 4756 3637 4809 intro-

2055 4841 2249 4896 ducere
2297 4851 2456 4912 atque
2505 4844 2557 4897 in
2602 4854 2809 4912 pratum
2864 4846 3119 4899 virtutum
3184 4846 3325 4900 illius
3386 4846 3646 4904 inducere

2055 4947 2401 4987 sermonem:
2470 4944 2709 5002 pratum,
2771 4937 3021 5005 inquam,
3077 4952 3181 4990 non
3235 4937 3377 5007 quod
3417 4941 3644 5014 Orosaria

2055 5028 2286 5092 prol‘ert,
2327 5036 2418 5079 aut
2443 5025 2601 5081 flores
2646 5028 2735 5096 qui
2781 5038 3146 5096 marcescunt,
3194 5030 3286 5084 sed
3330 5030 3469 5099 quod
3518 5046 3649 5100 pre-

2054 5116 2317 5169 c:ttionem
2381 5132 2443 5170 ac
2498 5116 2686 5178 fidem,
2744 5133 3093 5187 magnamque
3143 5120 3494 5174 tolerantiam.
3550 5122 3639 5175 Si-

2053 5207 2269 5276 quidem
2302 5206 2415 5260 lia3c
2442 5208 2618 5260 vernis
2644 5207 2865 5262 floribus
2893 5210 3046 5279 longe
3079 5220 3329 5277 prwsmnt
3354 5211 3519 5265 odore
3539 5252 3555 5275 ,
3583 5221 3644 5265 ut

2054 5315 2173 5367 qua:
2213 5314 2315 5352 non
2342 5314 2594 5367 aquarqu
2627 5298 2892 5366 fontibus,
2925 5300 3017 5355 sed
3066 5302 3421 5372 lacrymarum
3464 5303 3641 5359 imbre

2057 5389 2312 5457 rigantur.
2346 5390 2526 5459 Neque
2558 5390 2700 5445 enim
2733 5391 2951 5460 perinde
2970 5392 3205 5446 amnium
3226 5395 3399 5447 lentes
3419 5393 3642 5449 ﬂoridos

2055 5480 2281 5533 reddunt
2310 5481 2489 5535 hortos
2513 5523 2528 5548 ,
2561 5490 2618 5534 ut
2641 5481 2871 5550 plantam
2904 5484 3222 5551 precationis
3262 5482 3434 5540 fontes
3459 5484 3635 5555 lacry.

2055 5585 2260 5623 marum
2286 5573 2562 5641 irrigantes
2592 5572 2643 5625 in
2670 5588 2931 5626 summam
2957 5573 3289 5628 altitudinem
3319 5575 3591 5630 deducunt
3620 5592 3634 5631 :

2055 5664 2195 5731 quod
2224 5662 2345 5717 huic
2374 5664 2593 5732 contigit
2620 5665 2846 5719 mulieri.
2879 5663 3044 5719 Simul
3073 5667 3213 5720 enim
3230 5667 3644 5737 utloquutacst,

2059 5756 2351 5813 subvolavit
2373 5757 2424 5813 in
2451 5756 2637 5813 caelum
2668 5756 2783 5827 ejus
2804 5756 3110 5828 deprecatio
3130 5800 3144 5827 ,
3176 5774 3241 5815 ac
3276 5758 3503 5815 fructum
3537 5758 3649 5828 ipsi.
