4038 6360
397 382 493 435 651
1703 379 1790 458 με
1829 380 1965 431 Am

2081 377 2292 433 SERMO
2327 378 2414 436 ΙΙΙ.

398 508 642 563 πτωμεν,
669 493 760 546 καὶ
783 495 952 558 οὕτως
974 495 1280 566 εὐξώμεθα,
1301 495 1484 566 καὶμὴ
1511 493 1851 562 διαλύσωμεν
1868 490 1964 561 τὴν

398 588 704 657 συνήθειαν.
744 590 840 640 “Av
878 589 986 660 γάρ
1011 594 1074 661 τῇ
1112 590 1352 661 προτέρα
1393 591 1575 661 ἡμέρα
1604 589 1776 652 οὕτως
1812 587 1963 659 εῧξης

395 675 461 743 τῇ
493 671 720 742 δευτέρα
761 673 1024 744 διορθώση
1060 675 1156 745 τὴν
1186 675 1243 726 ἐν
1277 677 1344 744 τῇ
1385 673 1627 744 προτέρᾳ
1666 671 1965 742 γενομένην

396 769 779 838 ἀσχημοσύνην
808 769 1007 840 ἡμέρα.
1038 771 1205 823 Ὅταν
1246 769 1422 823 τοίνυν
1467 767 1962 840 ἀριστοποιὼμεθα,

398 864 824 934 μνημονεύωμεν
849 865 1052 936 ταύτης
1073 867 1169 934 τῆς
1193 866 1470 934 γυναικὸς,
1510 865 1604 917 καὶ
1630 863 1737 917 τῶν
1762 861 1966 932 ταύτης

393 957 662 1027 δακρύων,
700 961 793 1012 καὶ
818 961 918 1030 τῆς
945 961 1114 1031 μέθης
1137 965 1237 1034 τῆς
1271 962 1443 1033 καλῆς
1469 960 1692 1030 ταύτης.
1735 959 1964 1030 Ἑμέθυε

395 1053 502 1121 γάρ
528 1055 619 1105 καὶ
651 1055 683 1122 ή
711 1055 868 1125 γυνὴ,
907 1057 1006 1108 οὐκ
1051 1055 1158 1109 ἀπὸ
1190 1057 1358 1120 οἴνου,
1409 1056 1523 1109 ἀλλ’
1558 1057 1650 1109 ἀπ’
1682 1053 1964 1117 εὐλαϐείας

396 1150 614 1218 πολλῆς.
647 1152 706 1202 Εἰ
731 1150 839 1221 γάρ
869 1154 987 1221 μετ’
1011 1151 1230 1222 ἄριστον
1254 1152 1475 1223 τοιαύτη
1495 1149 1582 1223 ῆν,
1611 1151 1739 1205 ποία
1765 1145 1834 1221 ἦν
1861 1149 1966 1202 ὐπὸ

396 1245 490 1314 τὴν
521 1245 623 1309 Ξω;
657 1247 704 1296 εἰ
736 1245 872 1315 μετὰ
912 1246 973 1298 τὸ
1005 1249 1197 1315 φαγεῖν
1229 1248 1323 1301 καὶ
1358 1251 1500 1300 πιεῖν
1531 1247 1702 1309 οὐτως
1732 1243 1964 1306 ἐκτενῶς

395 1339 755 1410 προσηύχετο,
786 1342 944 1394 ὁποία
973 1342 1185 1412 ὑπῆρχε
1223 1344 1410 1412 νῆστις
1436 1339 1568 1396 οὖσα
1593 1361 1610 1408 ;

449 1443 522 1495 ς’.
545 1438 954 1508 Ἐπανέλθωμεν
972 1439 1148 1491 τοίνυν
1171 1440 1330 1492 πάλιν
1345 1441 1437 1493 ἐπὶ
1451 1441 1519 1492 τὰ
1537 1442 1754 1510 ῥήματα
1770 1437 1961 1503 αὐτῆς,

392 1519 460 1570 τά
496 1520 812 1588 φιλοσοφίας
851 1520 1088 1590 γέμοντα
1129 1522 1328 1592 πολλῆς
1373 1523 1466 1575 καὶ
1503 1522 1818 1592 πραότητος.
1867 1521 1959 1571 Εἰ-

395 1602 569 1653 ποῡσα
586 1602 713 1673 γὰρ,
735 1603 904 1670 Οὐχὶ,
936 1605 1121 1669 κύριε,
1143 1605 1388 1674 ἐπήγαγε
1407 1623 1419 1634 ’
1443 1605 1612 1672 Γυνὴ
1642 1605 1711 1656 ἐν
1727 1601 1966 1670 σκληρᾲ

394 1685 582 1753 ἡμέρᾳ
598 1685 711 1754 ἐγώ
734 1688 869 1754 ειμι,
890 1686 985 1738 καὶ
1007 1683 1174 1739 οἶνον
1192 1688 1288 1740 καὶ
1303 1685 1583 1756 μέθυσμα
1605 1690 1676 1741 οὐ
1699 1687 1961 1742 πέπωκα.

395 1769 791 1839 Ιιαρατήρησον
824 1769 941 1829 πῶς
973 1770 1093 1822 οὐδὲ
1120 1771 1353 1824 ἐνταῦθα
1391 1772 1538 1840 λέγει
1569 1772 1636 1824 τὰ
1664 1771 1841 1841 ὀνείδη
1867 1773 1964 1835 τῆς

397 1849 701 1920 ὰντιζήλου,
741 1851 862 1903 οὐδὲ
900 1852 1243 1922 ἐκπομπεύει
1285 1855 1384 1924 τὴν
1427 1854 1690 1924 πονηρίαν
1727 1853 1963 1924 ἐκείνης,

399 1933 550 2005 [720]
583 1935 703 1986 οὐδὲ
753 1935 1086 2005 ἐκτραγῳδεῖ
1130 1937 1228 2007 τήν
1284 1937 1570 2008 συμφορὰν
1605 1938 1704 2007 τὴν
1736 1937 1960 2001 οἰκείαν,

395 2017 528 2069 ἀλλά
573 2017 826 2069 τοσοῦτον
881 2019 1256 2072 ἀποκαλύπτει
1297 2022 1398 2092 τὴν
1442 2022 1639 2090 ἑαυτῆς
1695 2021 1961 2090 ἀθυμίαν,

395 2101 516 2151 ὅσον
546 2099 984 2169 ἀπολογήσασθαι
1013 2103 1148 2170 πρὸς
1174 2103 1264 2156 τὸν
1304 2103 1454 2173 ἱερέα
1485 2105 1662 2172 μόνον.
1699 2103 1870 2170 Γυνὴ
1898 2103 1968 2154 ἐνν-

396 2181 635 2248 σκληρᾷ
661 2182 870 2249 ἡμέρᾳ.
907 2186 1090 2254 φησὶν,
1120 2185 1234 2254 ἐγώ
1254 2188 1369 2253 εἰμι
1389 2203 1403 2217 ·
1433 2186 1532 2240 καὶ
1558 2181 1726 2239 οἶνον
1745 2187 1844 2239 καὶ
1863 2186 1968 2253 μέ-

396 2270 596 2332 θυσμα
634 2267 706 2317 οὺ
736 2264 1002 2327 πέπωκα,
1041 2267 1140 2319 καὶ
1172 2267 1360 2337 ἐκχέω
1390 2267 1506 2336 τὴν
1531 2268 1746 2337 ψυχήν
1777 2286 1898 2336 μου
1937 2280 1963 2307 α

386 2345 650 2409 ,ἐνώπιον
679 2348 918 2414 Κυρίου.
948 2347 1064 2402 Οὐκ
1099 2343 1272 2411 εἶπεν,
1302 2349 1548 2421 Εΰχομαι
1581 2351 1659 2420 τῷ
1684 2351 1821 2420 Θεῷ,
1851 2353 1966 2402 ἱκε-

397 2427 536 2480 τεύω
555 2428 645 2482 τὸν
671 2429 821 2490 Θεὸν,
848 2429 962 2481 ἀλλ’
989 2430 1208 2500 Ἐκχέω
1229 2431 1343 2500 τὴν
1359 2433 1568 2502 ψυχήν
1579 2451 1696 2502 μου
1712 2433 1968 2486 ἐνώπιον

401 2514 634 2580 Κυρίου·
662 2515 957 2579 τουτέστιν,
977 2515 1104 2585 ὃλην
1133 2516 1373 2588 ἐμαυτὴν
1398 2518 1703 2588 μετέστησα
1720 2517 1855 2587 πρὸς
1877 2517 1966 2569 τὸν

398 2596 548 2660 Θεὸν,
595 2598 693 2668 τὴν
725 2597 964 2674 διάνοιάν
1000 2615 1099 2668 μου
1147 2598 1450 2663 ἐξεκένωσα
1489 2600 1624 2669 πρὸς
1658 2600 1841 2665 αὐτὸν,
1871 2599 1968 2669 ὅλῃ

397 2679 538 2750 ψυχῇ
573 2682 666 2734 κα)⁸
708 2681 935 2751 δυνάμει
961 2683 1059 2752 τὴν
1087 2683 1252 2752 εὐχήν
1288 2700 1390 2752 μου
1420 2684 1785 2754 ἐποιησάμην,
1814 2677 1966 2736 εἷπον

399 2762 474 2832 τῷ
502 2764 620 2832 Θεῷ
664 2764 762 2832 τὴν
804 2765 1090 2834 συμφορὰν
1125 2765 1223 2834 τὴν
1270 2766 1432 2836 ἐμὴν,
1472 2765 1646 2829 ἔδειξα
1675 2767 1735 2818 τὸ
1781 2765 1964 2828 ἕλκος·

401 2848 604 2908 ἐκεῖνος
637 2846 699 2898 τό
745 2849 1034 2917 φάρμακον
1072 2848 1245 2902 θεῖναι
1284 2848 1523 2906 δύναται.
1560 2849 1655 2918 Μὴ
1687 2848 1803 2916 δῷς
1853 2850 1968 2918 τὴν

400 2928 632 2996 δούλην
651 2946 768 2983 σου
793 2934 880 2996 είς
913 2933 1258 2998 πρόσωπον,
1291 2935 1378 2999 εις
1406 2932 1696 3003 θυγατέρα
1725 2933 1964 3003 loquir.

401 3011 568 3065 Πάλιν
618 3012 811 3083 δούλην
857 3015 1053 3084 ἑαυτὴν
1101 3015 1286 3080 καλεῖ,
1334 3016 1430 3069 καὶ
1473 3016 1676 3087 πολλὴν
1734 3020 1967 3070 ποιεῖται

403 3094 657 3166 σπουδήν,
691 3094 830 3148 ὥστε
867 3095 941 3166 μὴ
975 3097 1218 3168 πονηρὰν
1239 3098 1396 3163 δόξαν
1430 3099 1581 3169 παρὰ
1606 3099 1683 3166 τῷ
1715 3100 1848 3169 ἱερεῖ
1873 3099 1968 3152 λα·-

402 3179 534 3232 ϐεῖν.
564 3179 671 3232 Καὶ
697 3179 794 3232 οὐκ
818 3178 935 3234 εἷπε
968 3180 1102 3250 πρὸς
1121 3183 1350 3252 ἑαυτήν·
1385 3183 1449 3235 Τί
1478 3183 1534 3235 δέ
1565 3201 1655 3252 μοι
1693 3183 1843 3252 μέλει
1868 3185 1968 3253 τῆς

405 3263 590 3315 τούτου
623 3262 904 3332 διαϐολῆςς
938 3264 1126 3326 ἁπλῶς
1155 3267 1248 3317 καὶ
1279 3267 1399 3334 εἰκῆ
1439 3267 1838 3336 κατηγόρησεν,
1871 3269 1970 3319 ὐπ-

400 3344 680 3397 ὡπτευσεν
725 3347 805 3408 είς
850 3345 1000 3398 οὐδὲν
1037 3346 1152 3398 δέον
1174 3364 1186 3375 ·
1220 3347 1280 3400 τὸ
1315 3349 1552 3411 συνειδὸς
1599 3367 1698 3419 μου
1730 3350 1968 3420 καθαρὸν

403 3429 562 3493 ἔστω,
585 3430 677 3480 καὶ
695 3429 895 3491 πάντες
917 3447 981 3498 με
1001 3429 1452 3483 δεαϐαλλέτωσαν·
1477 3433 1612 3485 ἀλλὰ
1633 3433 1723 3486 τὸν
1744 3435 1968 3488 ἀποστο-

403 3511 552 3564 λικὸν
581 3515 786 3565 ἐκεῖνον
809 3514 1048 3584 ἐπλήρου
1079 3515 1262 3584 νόμον,
1289 3514 1378 3566 τὸν
1408 3514 1698 3568 κελεύοντα
1722 3518 1968 3585 προνοεῖ-

406 3598 530 3650 σθαι
543 3597 685 3649 καλὰ
709 3595 784 3667 μὴ
815 3599 972 3666 μόνον
992 3597 1220 3649 ἐνώπιον
1241 3597 1466 3668 Κυρίου,
1480 3597 1616 3651 ἀλλά
1632 3599 1725 3650 κάὶ
1740 3597 1969 3650 ἐνώπιον

402 3680 500 3734 ἀνθ
509 3680 727 3751 ρώπων.
752 3681 857 3732 Καὶ
880 3681 1040 3733 παντὶ
1067 3682 1252 3750 τρόπῳ
1270 3682 1367 3750 τὴν
1386 3679 1620 3749 ὑποψίαν
1636 3681 1971 3752 ἀπεκρούετο

404 3763 658 3830 λέγουσα·
691 3762 789 3831 Μὴ
817 3763 934 3828 δῷς
967 3763 1082 3829 τὴν
1106 3763 1338 3831 δούλην
1363 3777 1479 3816 σου
1512 3766 1599 3829 εἰς
1623 3764 1967 3831 πρόσωπον,

405 3849 489 3910 εἰς
518 3845 812 3914 θυγατέρα
842 3845 1080 3913 loquir.
1109 3846 1172 3898 Τί
1202 3845 1257 3896 δέ
1290 3848 1456 3907 ἐστιν,
1481 3847 1583 3911 Εἰς
1609 3847 1970 3913 πρόσωπον;

406 3928 496 3998 Μὴ
517 3927 765 3998 νομίσῃς,
794 3928 1144 3996 ἀναίσχυντον
1173 3924 1308 3980 εἷναί
1335 3945 1400 3997 με
1425 3930 1519 3982 καὶ
1545 3929 1764 3998 ἰταμήν.
1814 3930 1972 3983 ’Λου-

410 4011 558 4082 μίας,
579 4011 641 4062 οὐ
673 4011 980 4081 παροινίας,
1008 4012 1152 4062 ἐστὶν
1183 4009 1320 4080 αὕτη
1351 4012 1384 4081 ἡ
1412 3996 1728 4080 παρρηἒιαλ
1757 4012 1970 4083 ὀδύνης,

410 4096 528 4164 οὐχὶ
559 4095 749 4165 μέθης.
781 4096 844 4147 Τί
869 4093 962 4147 οὖν
985 4096 1012 4146 ό
1042 4093 1248 4164 Ξερεύς;
1276 4095 1418 4166 Ὅρα
1447 4094 1701 4146 κάκείνου
1725 4095 1825 4165 τὴν
1850 4096 1970 4148 σύν-

409 4197 523 4232 εσιν
541 4196 553 4208 ·
582 4182 642 4232 οὐ
674 4179 1100 4250 περιειργάσατο
1123 4178 1221 4249 τὴν
1247 4178 1553 4249 συμφοράν,
1576 4177 1677 4230 οὐκ
1696 4179 1972 4249 ἠϐουλήθη

409 4258 931 4328 πολυπραγμονῆσαι
979 4259 1078 4328 τὴν
1117 4257 1321 4319 αἰτίαν,
1370 4257 1506 4309 ἀλλά
1552 4257 1605 4309 τί
1642 4274 1810 4326 (mm;
1858 4262 1974 4311 Ilo-

406 4341 586 4407 ρεύου
626 4340 696 4393 ἐν
743 4339 984 4408 εἰρήνῃ·
1024 4337 1145 4408 δῴη
1188 4355 1285 4392 σοι
1329 4340 1548 4406 Κύριος
1594 4343 1626 4392 ό
1675 4340 1818 4406 Θεὸς
1867 4341 1975 4394 τοῦ

422 4421 672 4491 Ἰσραὴλ
713 4423 836 4478 πᾶν
874 4423 1114 4492 αἴτημα,
1149 4423 1180 4476 ὃ
1219 4423 1424 4490 ᾐτήσω
1459 4425 1594 4491 παρ’
1629 4425 1834 4478 αὑτοῦ.
1874 4425 1978 4477 Τὸν

412 4511 714 4580 κατήγορον
758 4512 1054 4579 συνήγορον
1092 4509 1384 4579 εἰργάσατο
1438 4509 1471 4576 ή
1517 4509 1680 4578 γυνή.
1713 4507 1978 4561 Τοσοῦτόν

412 4595 560 4647 ἐστιν
587 4590 853 4644 ἐπιείκεια
885 4593 979 4644 καὶ
1002 4592 1246 4662 πραότης
1277 4589 1458 4643 καλόν.
1484 4593 1594 4643 Καὶ
1624 4591 1744 4642 ἀντὶ
1769 4591 1978 4660 ὕϐρεως

414 4675 606 4745 ἐφόδια
642 4674 802 4726 ἱκανά
841 4673 1078 4726 λαϐοῦσα
1105 4675 1338 4743 ἀπῆλθε,
1369 4675 1462 4726 καὶ
1501 4674 1811 4743 προστάτην
1853 4673 1978 4742 ἔσχε

413 4759 510 4810 καὶ
547 4755 889 4828 πρεσϐευτὴν
917 4756 1008 4808 τὸν
1039 4756 1462 4826 ἐπιτιμήσαντα.
1503 4757 1612 4808 Καὶ
1643 4757 1762 4808 οὐδὲ
1806 4755 1978 4818 οὕτως

416 4841 731 4908 ἀφίσταται.
767 4840 902 4892 ἀλλά
938 4839 1098 4892 πάλιν
1133 4841 1298 4909 φησίν
1319 4856 1331 4870 ·
1359 4841 1535 4908 Εὗροι
1567 4840 1606 4905 η
1641 4839 1830 4905 δούλη
1863 4855 1978 4891 σου

416 4924 592 4992 χάριν
623 4938 692 4977 εν
718 4923 1046 4993 ὀφθαλμοῖς
1083 4939 1196 4976 σου
1215 4941 1228 4954 ·
1257 4922 1523 4986 τουτέστι,
1545 4923 1746 4985 Μάθοις
1775 4923 1860 4974 διὰ
1885 4920 1977 4974 τοῦ

413 5009 601 5070 τέλους
648 5008 836 5072 αὐτοῦ,
871 5009 964 5060 καὶ
1003 5008 1102 5075 τῆς
1148 5007 1255 5058 τῶν
1298 5006 1638 5076 πραγμάτων
1679 5006 1976 5068 ἐκϐάσεως,

415 5093 492 5156 ὡς
535 5093 636 5145 οὐκ
690 5091 799 5146 ἀπὸ
855 5091 1159 5162 παροινίας.
1199 5088 1312 5141 ἀλλ’
1364 5088 1423 5152 ἐξ
1462 5089 1653 5158 ὀδύνης
1715 5089 1981 5157 τοσαύτης

417 5174 761 5246 ἐποιησάμην
815 5174 1094 5245 ἱκετηρίαν
1137 5173 1230 5225 καὶ
1277 5173 1375 5242 τὴν
1401 5172 1605 5242 δέησιν.
1648 5171 1753 5224 Καὶ
1784 5171 1968 5224 ἀπελ-

414 5262 644 5319 θοῦσα.
697 5260 881 5327 φησὶν,
936 5257 1134 5311 ο-ὺκέτι
1187 5255 1546 5309 συνέπεσεν.
1597 5250 1750 5316 Εἶδες
1799 5254 1980 5306 πίστιν

414 5342 704 5410 γυναικός;
731 5342 862 5412 Πρὶν
891 5341 1032 5410 λάϐῃ
1053 5341 1188 5409 ὅπερ
1204 5338 1425 5408 ᾔτησεν,
1458 5337 1758 5408 ἐθάρσησεν
1786 5338 1861 5397 ὡς
1882 5337 1978 5388 λα-

416 5426 608 5478 ϐοῦσα.
653 5425 725 5476 Τὸ
757 5425 815 5476 δὲ
855 5424 1047 5488 αἴτιον,
1089 5423 1170 5474 ὅτι
1209 5422 1348 5490 μετὰ
1403 5421 1606 5489 πολλῆς
1634 5419 1835 5490 ηὔξατο
1882 5419 1981 5487 τῆς

418 5507 799 5578 σφοδρότητος,
844 5507 978 5577 μετά
1013 5506 1247 5572 σπουδῆς
1293 5503 1628 5574 ἀδιακρίτου.
1664 5504 1763 5555 Διά
1802 5503 1980 5562 τοῦτο,

416 5592 490 5655 ὡς
521 5592 582 5645 τὸ
611 5593 717 5644 πᾶν
739 5591 1006 5661 εἰληφυῖα,
1039 5589 1323 5658 κατῆλθεν.
1357 5587 1563 5648 ’Ἄλλως
1585 5586 1659 5649 δὲ,
1685 5586 1777 5639 καὶ
1797 5586 1824 5638 ὁ
1851 5584 1982 5648 Θεὸς

481 5808 509 5838 ⁸
550 5804 684 5858 Colb.
704 5804 801 5854 duo
819 5803 904 5860 τὴν
925 5799 1083 5858 δέησίν
1100 5816 1204 5862 μου.
1234 5799 1316 5850 Sic
1336 5797 1482 5847 etiam
1511 5795 1630 5856 Reg.

3537 376 3642 426 63?.

2084 489 2269 544 λοιπὸν
2290 490 2456 559 αὐτῆς
2477 489 2572 559 τὴν
2598 490 2834 560 ἀθυμίαν
2863 487 3102 554 ἐξέϐαλε,
3142 484 3346 559 μέλλων
3370 484 3567 538 διδόναι
3589 485 3646 536 τὸ

2077 585 2269 655 δῶρον.

2149 687 2366 757 Ταύτην
2394 686 2723 757 ζηλώσωμεν
2745 686 2840 738 καὶ
2868 687 3048 755 ἡμεῖς,
3080 685 3173 738 καὶ
3191 685 3247 736 ἐν
3264 683 3501 745 ἀπάσαις
3528 683 3647 744 ταῖς

2079 787 2386 854 συμφοραῖς
2430 784 2566 854 πρὸς
2612 784 2703 836 τὸν
2741 783 2874 835 Θεὸν
2919 782 3369 851 καταφεύγωμεν.
3405 780 3523 833 Κᾶν
3572 779 3646 850 μὴ

2077 877 2288 947 ἔχωμεν
2320 879 2528 942 παιδία,
2559 879 2688 948 παρ’
2714 878 2921 930 ἐκείνου
2949 877 3191 947 αἰτῶμεν
3209 893 3222 906 ·
3248 875 3349 929 κᾶν
3370 875 3642 945 λάϐωμεν,

2122 974 2218 1028 ετὰ
2266 974 2466 1044 πολλῆς
2501 976 2892 1046 άνατρέφωμεν
2932 974 3071 1027 αὐτὰ
3111 974 3210 1044 τῆς
3252 972 3509 1042 σπουδῆς,
3552 971 3647 1025 καὶ

2076 1072 2256 1142 πάσης
2284 1073 2384 1142 μὲν
2419 1073 2614 1135 κακίας
2644 1072 2946 1141 ἀπάγωμεν
2974 1073 3098 1134 τοὺς
3129 1071 3304 1134 νέους,
3339 1069 3570 1140 μάλιστα
3592 1068 3646 1120 δὲ

2075 1169 2390 1236 ἀσελγείας·
2433 1168 2667 1238 χαλεπὸς
2697 1169 2806 1239 γὰρ
2840 1161 2994 1230 οὗτος
3027 1169 3056 1220 ό
3084 1167 3339 1237 πόλεμος,
3371 1166 3462 1218 καὶ
3492 1163 3648 1216 οὐδὲν

2075 1251 2250 1314 οὕτως
2286 1252 2492 1321 ἐνοχλεῖ
2517 1253 2615 1320 τὴν
2649 1252 2868 1321 ἡλικίαν
2907 1251 3140 1320 ἐκείνην,
3158 1249 3248 1312 ’ὡς
3276 1251 3432 1302 τοῦτο
3461 1248 3521 1300 τὸ
3545 1247 3650 1300 πά-

2077 1336 2186 1398 θος.
2223 1334 2568 1404 Πανταχόθεν
2607 1336 2784 1388 τοίνυν
2828 1335 3025 1396 αὐτοὺς
3057 1333 3380 1402 τειχίςωμεν
3414 1330 3648 1400 συμϐου-

2075 1427 2214 1490 λαῖς,
2249 1427 2397 1498 [721]
2422 1427 2798 1498 παραινέσεσι,
2817 1424 3300 1494 φόϐοις,ἀπειλαῖς.
3335 1420 3648 1489 Ἂνταύτης

2075 1519 2464 1588 περιγένωνται
2491 1519 2590 1588 τῆς
2621 1517 2932 1587 ἐπιθυμίας,
2954 1517 3070 1568 οὐδέ
3097 1515 3258 1585 ἑτέρα
3276 1514 3480 1583 ταχέως
3508 1511 3649 1565 ἀλώ⁴

2076 1627 2279 1673 σονται,
2330 1609 2464 1663 ἀλλὰ
2500 1612 2590 1662 καὶ
2623 1610 2918 1680 χρημάτων
2957 1608 3166 1660 ἔσονται
3201 1607 3497 1676 κρείττους,
3548 1603 3643 1656 καὶ

2078 1693 2248 1763 μέθης
2275 1695 2626 1764 κρατήσουσι,
2664 1695 2758 1745 καὶ
2791 1691 2888 1754 τὰς
2922 1689 3205 1761 παροινίας
3239 1687 3453 1748 καὶτὰς
3481 1703 3646 1756 πονη-

2079 1776 2177 1844 ράς
2214 1777 2498 1837 συνουσίας
2537 1777 2687 1847 πάσῃ
2725 1774 2925 1844 σπουδῇ
2954 1772 3382 1842 διακρούσονται,
3418 1770 3510 1821 καὶ
3547 1786 3646 1821 πο-

2077 1858 2369 1930 θεινότεροι
2398 1860 2495 1929 μὲν
2525 1859 2740 1912 ἔσονται
2780 1861 2889 1921 τοῖς
2923 1855 3324 1924 γεγεννηκόσιν,
3354 1851 3645 1922 αίδεσιμώι-

2074 1959 2222 2012 τεροι
2259 1943 2313 1994 δὲ
2345 1946 2506 1995 πᾶσιν
2533 1942 2859 2013 ἀνθρώποις.
2887 1942 2982 2004 Τίς
3018 1942 3125 2008 γάρ
3150 1940 3248 1991 οὐκ
3273 1938 3646 2007 αἰδεσθήσεται

2077 2024 2458 2094 σωφρονοῦντα
2482 2025 2632 2087 νέον;
2665 2024 2749 2086 τίς
2779 2024 2836 2076 δέ
2855 2023 2954 2075 οὐκ
2986 2022 3291 2073 ἀσπάσεται
3319 2019 3412 2073 καὶ
3434 2019 3646 2089 φιλήσει

2073 2111 2165 2163 τὸν
2201 2111 2573 2180 χαλινώσαντα
2601 2113 2698 2174 τὰς
2724 2110 2958 2172 ἀτόπους
2989 2109 3316 2177 ἐπιθυμίας;
3349 2109 3430 2171 τίς
3464 2107 3518 2158 δὲ
3546 2106 3647 2176 οὐχ

2075 2200 2362 2270 αἱρήσεται
2391 2199 2419 2237 ι)
2446 2199 2540 2250 καὶ
2565 2198 2672 2249 τῶν
2705 2197 2909 2266 σφόδρα
2931 2196 3325 2266 εὐπορωτάτων
3357 2195 3494 2264 μετά
3522 2193 3647 2246 πολ-

2075 2286 2172 2356 λῆς
2202 2287 2350 2357 αύτῷ
2385 2286 2484 2356 τῆς
2524 2287 2746 2358 χάριτος
2792 2285 3038 2338 ἐκδοῦναι
3081 2285 3142 2337 τὸ
3181 2283 3493 2354 θυγάτριον,
3544 2283 3649 2334 κᾶν

2077 2370 2328 2422 ἁπάντων
2361 2370 2565 2432 ἐκεῖνος
2612 2369 2932 2440 πενέστερος
3071 2368 3280 2437 ’Ὠσπερ
3320 2365 3429 2435 γὰρ
3457 2367 3548 2417 τὸν
3587 2367 3646 2416 ἐν

2076 2452 2283 2522 ἀσωτίᾳ
2301 2453 2499 2516 ζῶντα.
2519 2454 2612 2505 καὶ
2637 2453 2864 2523 πόρναις
2880 2450 3236 2522 προσέχοντα,
3264 2449 3368 2503 κᾶν
3395 2451 3648 2503 ἁπάντων

2077 2537 2449 2605 εὐπορώτερος
2472 2531 2530 2605 ᾖ,
2556 2535 2730 2598 οὐδεὶς
2758 2534 2930 2594 οὕτως
2957 2533 3140 2595 ἄθλιος
3166 2533 3260 2586 καὶ
3279 2531 3648 2600 ταλαίπωρος.

2075 2618 2151 2681 ὡς
2193 2619 2417 2686 θελῆσαι
2464 2617 2728 2686 κηδεστὴν
2765 2629 2786 2654 ε
2822 2616 3004 2669 λαϐεῖν
3028 2630 3042 2643 ⁸
3072 2615 3214 2669 οὕτω
3256 2616 3351 2668 τὸν
3398 2613 3646 2682 σώφρονα

2077 2702 2171 2755 καὶ
2193 2701 2388 2770 σεμνὸν
2423 2700 2596 2762 οὐδεὶς
2634 2699 2806 2761 οὕτως
2829 2700 3076 2766 ἀνόητος.
3108 2699 3183 2762 ὡς
3205 2695 3650 2766 ἀποκρούσασθαι

2077 2788 2171 2840 καὶ
2199 2788 2484 2856 ἀτιμάσαι.
2516 2787 2613 2839 Ἴν*
2645 2783 2735 2838 οὖν
2777 2787 2870 2838 καὶ
2898 2785 3203 2852 ἀνθρώποις
3232 2786 3518 2856 αἰδέσιμοι,
3554 2787 3649 2838 καὶ

2076 2871 2154 2942 τῷ
2186 2871 2305 2941 Θεῷ
2330 2871 2564 2924 ποθεινοί
2593 2871 2642 2923 οἱ
2674 2870 2859 2932 παῖδες
2898 2871 3182 2937 γένωνται,
3211 2868 3648 2938 κατακοσμῶμεν

2080 2953 2257 3007 αὐτῶν
2279 2952 2376 3015 τὰς
2401 2952 2598 3022 ψυχὰς.
2629 2953 2721 3004 καὶ
2750 2953 2886 3022 μετὰ
2917 2951 3268 3024 σωφροσύνης
3298 2951 3388 3003 ἐπὶ
3401 2951 3524 3012 τοὺς
3546 2951 3646 3017 γά-

2082 3054 2213 3107 μους
2248 3037 2488 3105 ἄγωμεν.
2536 3033 2691 3087 Οὖτω
2738 3034 2845 3105 γὰρ
2897 3037 2992 3087 καὶ
3035 3037 3104 3088 τὰ
3155 3035 3398 3104 παρόντα
3438 3035 3644 3096 αὐτοῖς,

2077 3129 2263 3198 ὥσπερ
2287 3129 2349 3180 ἐκ
2371 3123 2580 3195 πηγῶν,
2612 3125 2828 3179 ἅπαντα
2853 3125 2992 3195 ἥξει,
3027 3127 3120 3178 καὶ
3154 3125 3244 3177 τὸν
3276 3125 3406 3177 Θεὸν
3435 3125 3646 3189 ’ἐξουσιν

2080 3213 2256 3270 ἵλεων,
2289 3211 2502 3278 καὶτῆς
2527 3208 2828 3279 παρούσης,
2850 3211 2944 3262 καὶ
2966 3209 3065 3277 τῆς
3096 3208 3392 3277 μελλούσης
3409 3205 3647 3260 ἀπολαύ-

2080 3312 2260 3347 σονται
2287 3293 2444 3362 δόξης
2464 3310 2478 3324 ·
2509 3289 2577 3363 ἧς
2606 3293 2816 3360 γένοιτο
2845 3293 3052 3353 πάντας
3071 3291 3218 3360 ἡμᾶς
3237 3291 3532 3358 ἐπιτυχεῖν,
3550 3289 3648 3359 χά-

2081 3394 2188 3446 ριτι
2211 3377 2304 3429 καὶ
2337 3375 2716 3445 φιλανθρωπία
2756 3374 2848 3426 τοῦ
2883 3375 3087 3443 Κυρίου
3117 3373 3274 3442 ἡμῶν
3311 3373 3484 3442 Ἰησοῦ
3515 3373 3648 3441 Χρι-

2081 3460 2229 3521 στοῦ,
2273 3459 2388 3529 μεθ’
2416 3454 2475 3511 οὐ
2504 3459 2676 3528 [Ιατρὶ
2693 3457 2838 3522 δόξα,
2863 3457 3015 3526 τιμὴ,
3039 3457 3257 3526 κράτος,
3291 3456 3386 3508 σὺν
3408 3455 3482 3522 τῷ
3507 3454 3647 3523 ἁγίῳ

2080 3545 2374 3614 Πνεύματι,
2397 3542 2490 3595 νῦν
2518 3543 2611 3594 καὶ
2642 3541 2750 3604 ἀεὶ,
2781 3542 2875 3594 καὶ
2903 3542 2982 3604 είς
3004 3542 3127 3604 τοὺς
3153 3539 3355 3602 αίῶνας
3384 3540 3493 3590 τῶν
3520 3537 3649 3590 αἰώ-

2078 3645 2205 3684 νων.
2252 3627 2307 3678 ’Λ
2317 3629 2443 3695 μήν.

2678 3748 2923 3801 ΟΜΙΛΙΑ
2962 3747 3036 3799 Γν.

2082 3901 2185 3962 ΕΙς
2213 3897 2326 3964 τὴν
2361 3898 2608 3956 "Am-ar.
2641 3895 2737 3948 καὶ
2757 3897 2846 3960 εἰς
2879 3894 2993 3961 τὴν
3018 3894 3123 3947 τοῦ
3154 3893 3442 3964 Σαμουὴλ
3464 3895 3648 3961 γαλα-

2153 3970 2534 4035 κτοῖρορίαν·
2560 3966 2652 4018 καὶ
2679 3966 2763 4018 ὅτι
2787 3967 3080 4033 χρήσιμος
3109 3965 3146 4030 ἡ
3176 3963 3306 4035 περὶ
3331 3963 3437 4016 τὸν
3466 3964 3649 4035 τόκοι·

2144 4032 2472 4104 βραδύὲης,
2496 4037 2592 4088 καὶ
2618 4035 2704 4087 ὅτι
2726 4032 3112 4088 ἐπικίνδυνοι·
3132 4034 3226 4086 καὶ
3249 4032 3556 4102 σφαλερὸν
3583 4033 3646 4084 τὸ

2152 4106 2271 4160 τῶν
2304 4107 2532 4160 παίδων
2563 4107 2826 4174 ἀμελεῖν.

2152 4222 2220 4277 α’.
2239 4227 2300 4277 ΕΞ
2335 4224 2408 4295 μή
2426 4223 2565 4278 δοκῶ
2589 4224 2897 4294 προσκορής
2926 4239 3067 4274 τισιν
3098 4218 3232 4273 εἶναι
3261 4221 3354 4273 καὶ
3375 4217 3647 4290 φορτικὸς,

2088 4309 2348 4378 βούλομαι
2380 4309 2478 4378 τῆς
2507 4308 2676 4376 αὐτῆς
2700 4307 3005 4367 ὑποθέσεως
3029 4302 3268 4372 ᾰψασθαι
3299 4303 3482 4365 πάλιν,
3513 4302 3650 4371 ὑπὲρ

2084 4389 2152 4464 ἦς
2183 4394 2277 4445 καὶ
2302 4390 2493 4462 πρώην
2519 4391 2648 4460 ὑμῖν
2673 4389 2971 4458 διελέχθην,
3009 4388 3102 4439 καὶ
3137 4387 3272 4457 πρὸς
3309 4387 3408 4456 τὴν
3452 4387 3650 4436 ’Λνναν

2085 4476 2231 4546 ὑμᾶς
2262 4473 2694 4545 χειραγωγῆσαι,
2721 4475 2815 4526 καὶ⁵
2843 4474 2924 4535 είς
2947 4471 3038 4523 τὸν
3067 4469 3304 4541 λειμῶνα
3324 4469 3432 4522 τῶν
3453 4484 3652 4538 κατορ-

2075 4559 2162 4612 ’θω
2170 4560 2353 4629 μάτων
2379 4559 2476 4628 τῆς
2495 4556 2750 4625 γυναικὸς
2766 4557 3081 4622 εἰσαγαγεῖν
3095 4556 3184 4607 τὸν
3201 4553 3356 4621 λόγον
3374 4569 3388 4586 ο
3416 4553 3652 4622 λειμῶνα

2085 4642 2205 4711 οὐχὶ
2237 4641 2496 4711 ῥοδωνιὰν
2533 4639 2742 4709 ἔχοντα,
2774 4639 2894 4691 ούδέ
2933 4637 3068 4707 ἄνθη
3105 4637 3497 4707 μαραινόμενα,
3537 4635 3650 4688 ἀλλ’

2087 4725 2250 4794 εὐχὴν
2285 4725 2378 4776 καὶ
2407 4724 2587 4775 πίστιν
2616 4723 2711 4776 καὶ
2743 4722 3091 4787 ἀνεξικακίαν
3129 4721 3348 4790 πολλήν.
3378 4720 3518 4772 Πολὺ
3543 4721 3653 4788 γὰρ

2087 4806 2260 4860 ταῦτα
2299 4805 2406 4858 τῶν
2444 4805 2648 4876 ήρινῶν
2677 4804 2880 4858 ἀνθέων
2909 4805 3262 4872 εύωδέστερα,
3296 4803 3416 4873 οὐχὶ
3449 4806 3653 4870 πηγαῖς

2089 4889 2316 4953 ὑδάτων,
2358 4887 2471 4942 ἀλλ’
2514 4887 2737 4960 ὄμϐροις
2783 4887 3032 4958 δακρύων
3083 4886 3370 4956 ἀρδόμενα.
3417 4885 3492 4938 Οὐ
3545 4884 3653 4954 γὰρ

2087 4971 2231 5025 οὕτω
2252 4973 2378 5035 τοὺς
2406 4972 2614 5040 κήπους
2646 4972 2701 5024 αἱ
2725 4971 2901 5038 πηγαὶ
2928 4968 3037 5021 τῶν
3060 4969 3316 5037 ναμάτων
3343 4966 3656 5019 εὐθαλεστέ-

2091 5072 2217 5125 ρους
2245 5053 2506 5109 ποιούσιν.
2534 5053 2611 5116 ὡς
2645 5053 2704 5104 τὸ
2735 5050 2897 5120 φυτὸν
2928 5053 3024 5119 τῆς
3057 5050 3222 5117 εὐχῆς
3254 5051 3308 5101 αἱ
3340 5049 3514 5118 πηγαὶ
3545 5049 3652 5101 τῶν

2087 5137 2334 5207 δακρύων
2355 5135 2687 5200 ποτίζουσαι,
2729 5134 2865 5203 πρὸς
2895 5133 3025 5202 ὕψος
3054 5131 3305 5202 μέγιστον
3337 5130 3653 5201 ἀνατρέχειν

2091 5219 2606 5294 παρασκευάζουσιν
2623 5236 2636 5249 ·
2656 5219 2792 5286 ὅπερ
2808 5212 2898 5270 οὖν
2915 5217 3007 5269 καὶ
3027 5215 3118 5268 ἐπὶ
3133 5215 3232 5285 τῆς
3247 5215 3504 5281 γυναικὸς
3522 5214 3656 5267 ταύ-

2087 5324 2187 5376 της
2203 5306 2438 5374 ἐγένετο.
2473 5303 2640 5371 Ὁμοῦ
2657 5303 2764 5373 γὰρ
2783 5299 3098 5369 ἐφθέγξατο,
3119 5301 3208 5352 καὶ
3229 5299 3363 5368 πρὸς
3376 5300 3466 5351 τὸν
3488 5299 3653 5368 οὐρα-

2089 5389 2178 5442 νὸν
2205 5388 2506 5457 ἀνέδραμεν
2547 5388 2578 5454 ή
2608 5385 2760 5454 εὐχὴ,
2813 5385 2906 5436 καὶ
2941 5383 3153 5452 καρπὸν
3186 5383 3413 5449 ἤνεγκεν
3445 5379 3655 5450 ὥριμον

2091 5475 2251 5542 αὐτῇ,
2274 5472 2366 5524 τὸν
2388 5473 2545 5536 άγιον
2573 5467 2846 5538 Σαμουὴλ.
2869 5464 2958 5536 Μὴ
2987 5467 3049 5535 δὴ
3074 5466 3461 5536 δυσχεράνητε,
3481 5467 3528 5518 εἰ
3553 5464 3654 5533 τῆς

2090 5557 2258 5627 αὐτῆς
2293 5554 2601 5615 ὑποθέσεως
2640 5549 2922 5621 ἀρχόμεθα
2967 5549 3146 5602 πάλιν.
3179 5550 3254 5601 Οὐ
3293 5549 3402 5619 γὰρ
3429 5547 3498 5601 τά
3518 5547 3654 5601 αὐτὰ

2155 5723 2180 5761 1³
2223 5725 2341 5784 Reg.
2369 5724 2455 5771 οὐκ
2474 5724 2715 5786 ἆρήσεται.

2152 5789 2175 5818 ο
2201 5787 2321 5847 Reg.
2347 5787 2591 5842 κηδευτην.
