4038 6360
362 424 470 481 6ὒὸ

363 543 756 614 ἐροῦμεν,ιάλλ’
781 544 944 614 ’ἐτερά
966 559 1086 596 τινα
1113 545 1209 598 νέα
1235 545 1330 596 καὶ
1361 545 1668 614 πρόσφατα.
1699 546 1809 597 Καὶ
1833 543 1942 615 γὰρ

364 631 458 681 ἐπὶ
485 633 584 699 τῆς
609 629 872 700 αἰσθητῆς
892 627 1172 699 τραπέζης
1195 630 1253 696 ἐξ
1273 629 1390 693 ἐνδς
1421 629 1551 698 ὄψου
1579 629 1748 682 πολλά
1779 630 1843 684 ἄν
1862 646 1944 692 τις

366 713 638 782 ἐδέσματα
683 712 1134 766 κατασκευάσειε.
1184 714 1296 766 Καὶ
1341 713 1469 776 τοὺς
1514 713 1842 782 χρυσοχόους
1887 712 1946 764 δὲ

365 797 581 865 ὁρῶμεν
611 794 720 848 ἀπὸ
765 797 894 866 μιᾶς
926 795 1106 866 μάζης
1144 795 1370 865 χρυσίου
1402 795 1496 848 καὶ
1545 795 1696 866 [722]
1731 793 1944 864 ψέλλια,

367 881 460 930 καὶ
492 879 868 950 περιδέρραια,
899 879 993 930 καὶ
1017 879 1182 948 ἕτερα
1207 878 1376 930 πολλά
1407 878 1696 941 ποιοῦντας
1723 878 1942 948 χρυσία.

367 963 428 1013 Εἰ
462 962 566 1031 γὰρ
597 961 692 1014 καὶ
723 962 1000 1032 μονοειδὴς
1027 964 1060 1032 ἡ
1088 961 1210 1030 ὑλη,
1246 962 1383 1015 ἀλλὰ
1409 963 1650 1014 ποικίλον
1687 964 1720 1030 ἡ
1755 960 1942 1031 τέχνη,

365 1047 456 1098 καὶ
481 1047 537 1098 οὐ
559 1047 972 1116 στενοχωρεῖται
999 1045 1077 1115 τῷ
1106 1046 1423 1116 μονοτρόπῳ
1454 1045 1552 1115 τῆς
1579 1045 1946 1113 ὑποκειμένης

364 1130 552 1192 οὐσίας
585 1130 910 1200 εὐπόριστός
941 1125 1076 1182 οὖσα
1115 1130 1208 1181 καὶ
1244 1129 1646 1200 πολυμήχανός.
1689 1130 1752 1182 Εἰ
1784 1129 1840 1182 δὲ
1877 1128 1946 1180 τὰ

365 1214 600 1266 ἐνταῦθα
627 1213 876 1280 τοιαῦτα,
903 1212 1083 1283 πολλῷ
1113 1213 1364 1284 μᾶλλονὴ
1391 1215 1481 1266 τοῦ
1509 1213 1646 1266 Πνεύ
1657 1231 1825 1284 ματος
1848 1212 1948 1282 χά-

368 1317 471 1369 ρις.
516 1301 639 1351 Ὅτι
668 1299 776 1370 γάρ
805 1298 1026 1367 ποικίλη
1057 1298 1260 1367 ταύτης
1287 1301 1319 1369 ἡ
1354 1299 1626 1368 τράπεζα,
1654 1298 1752 1352 καὶ
1783 1299 1946 1350 πολύ⁹

364 1403 394 1437 τ
402 1403 586 1455 ροπος,
619 1385 713 1438 καὶ
739 1383 1042 1454 πολυειδὴς,
1062 1385 1292 1437 ἄκουσον
1309 1384 1401 1436 τοῦ
1438 1384 1652 1436 Παύλου
1674 1384 1943 1451 λέγοντος⁸

365 1461 441 1538 ⁷ῼ
473 1469 590 1536 μὲν
616 1467 713 1520 διὰ
738 1468 842 1521 τοῦ
869 1469 1213 1535 Ιινεύματος
1233 1466 1459 1520 δίδοται
1488 1469 1670 1536 λόγος
1703 1467 1944 1535 σοφίας,

366 1551 534 1618 ἄλλῳ
559 1550 626 1602 δὲ
649 1554 830 1620 λόγος
860 1551 1158 1619 γνώσεως,
1191 1551 1306 1616 ἑτέ]
1324 1571 1370 1617 ῳ
1399 1551 1468 1603 δὲ
1508 1553 1734 1616 πίστις,
1781 1551 1950 1613 ᾶλλῳ

367 1635 436 1687 δὲ
457 1637 796 1704 χαρίσματα
822 1635 1102 1704 ἰαμάτων,
1124 1634 1501 1704 ἀντιλήψεις,
1532 1633 1945 1702 κυϐερνήσεις,

369 1717 510 1786 γένη
539 1717 856 1787 γλωσσῶν.
890 1719 1080 1771 Ταῦτα
1104 1719 1172 1770 δὲ
1198 1717 1396 1772 πάντα
1411 1717 1644 1785 ἐνεργεῖ
1667 1719 1734 1770 τὸ
1757 1717 1827 1770 ἒν
1850 1716 1948 1770 καὶ

367 1801 432 1852 τὸ
481 1800 628 1854 αὐτὸ
673 1800 947 1869 Πνεῦμα,
996 1801 1264 1869 διαιροῦν
1313 1803 1432 1868 ἰδίᾳ
1475 1801 1710 1865 ἑκάστῳ
1756 1802 1949 1864 καθὼς

359 1885 674 1947 βούλεται.
718 1885 881 1955 Ὁρᾷς
915 1886 1032 1948 πῶς
1072 1885 1326 1954 ποικίλη;
1372 1886 1434 1937 OE
1476 1886 1711 1955 ποταμοὶ
1739 1883 1944 1945 πολλοὶ,

367 1967 502 2020 ἀλλά
560 1967 678 2038 μία.
735 1970 984 2039 (mimi)
1029 1969 1215 2039 πηγὴ⁶
1269 1969 1502 2038 διάφορα
1549 1967 1620 2019 τὰ
1653 1967 1944 2036 ἐδέσματα,

365 2053 479 2106 ἀλλ’
511 2047 590 2116 είς
617 2055 644 2105 ό
692 2055 982 2124 ἑστιάτωρ.
1026 2055 1177 2105 Ἐπεὶ
1208 2049 1303 2106 οὖν
1329 2053 1564 2124 τοσαύτη
1598 2055 1630 2122 ἡ
1658 2052 1751 2104 τοῦ
1782 2052 1950 2103 Πνεύ-

368 2154 538 2207 ματος
577 2138 756 2207 χάρις,
811 2137 885 2208 μὴ
938 2138 1336 2207 ἀποκάμωμεν.
1390 2138 1618 2206 Είδομεν
1669 2137 1725 2189 δὲ
1781 2136 1950 2204 αὐτὴν

368 2224 586 2292 στεῖραν
616 2218 802 2286 οὖσαν,
832 2221 1050 2291 είδομεν
1083 2222 1256 2292 αὐτὴν
1292 2223 1505 2292 μητέρα
1529 2222 1845 2290 γενομένην,
1873 2219 1952 2270 εί-

365 2303 528 2373 δομεν
561 2304 928 2374 δακρύουσαν,
975 2305 1188 2375 εἴδομεν
1241 2304 1571 2374 χαίρουσαν·
1616 2301 1952 2372 συνηλγήσα-

369 2404 466 2456 μεν
492 2388 634 2451 τότε,
673 2387 1032 2458 συνησθῶμεν
1072 2390 1334 2460 σήμερον.
1377 2387 1536 2440 Οὑτω
1568 2389 1661 2440 καὶ
1681 2390 1709 2440 ὁ
1742 2386 1952 2448 Παῦλος

365 2469 641 2533 ἐκέλευσε,
696 2473 936 2538 Χαίρειν
972 2471 1125 2540 μετὰ
1173 2473 1525 2540 χαιρόντων,
1573 2472 1671 2523 καὶ
1717 2471 1952 2523 κλαίειν

361 2555 510 2623 μετὰ
532 2557 884 2610 κλαιόντων.
915 2555 1086 2607 Τοῦτο
1110 2555 1165 2608 δὲ
1191 2555 1292 2607 οὐκ
1323 2556 1416 2606 ἐπὶ
1443 2554 1549 2608 τῶν
1571 2555 1954 2624 συνακμασάν-

363 2654 473 2689 των
501 2639 631 2709 ήμῖν
660 2637 964 2708 ἀνθρώπων
997 2639 1182 2707 μόνον,
1221 2638 1358 2690 ἀλλὰ
1385 2639 1477 2690 καὶ
1503 2639 1596 2690 ἐπὶ
1641 2638 1750 2689 τῶν
1785 2638 1950 2691 πάλαι

365 2722 749 2792 γεγενημένων
777 2724 948 2775 ποιεῖν
972 2723 1100 2792 χρή.
1140 2723 1246 2774 Καὶ
1273 2725 1344 2792 μή
1373 2740 1462 2791 μοι
1481 2722 1686 2788 λεγέτω
1703 2739 1784 2783 τις
1805 2738 1818 2750 ·
1845 2721 1951 2774 Ναὶ

365 2806 418 2857 τί
454 2823 543 2875 μοι
579 2806 767 2876 κέρδος
801 2806 910 2858 ἀπὸ
938 2809 1035 2876 τῆς
1063 2807 1262 2874 Ἀννης
1292 2805 1466 2866 ἔσται,
1499 2805 1719 2858 καὶτῶν
1750 2803 1950 2875 ταύτης

365 2888 750 2959 διηγημάτων;
781 2890 854 2940 Δί’
879 2906 939 2941 τε
975 2889 1086 2958 γὰρ
1125 2892 1338 2958 στεῖραι
1371 2889 1696 2958 δυνήσονται
1736 2888 1946 2957 μαθεῖν,

367 2972 486 3035 πῶς
514 2971 579 3024 ἂν
609 2973 850 3040 γένοιντο
898 2973 1166 3044 μητέρες⁶
1201 2973 1294 3026 καὶ
1337 2973 1393 3024 αἰ
1433 2971 1671 3043 μητέρες
1711 2971 1948 3024 εἴσονται

366 3059 552 3122 πάλιν,
584 3063 734 3122 ποῖος
753 3059 1140 3131 παιδοτροφίας
1165 3061 1386 3130 ἀριστος
1409 3059 1473 3112 ἂν
1493 3058 1703 3127 γένοιτο
1724 3059 1944 3128 τρόπος.

368 3148 442 3199 Οὐ
474 3150 729 3214 γυναῖκες
761 3147 819 3200 δὲ
848 3148 1029 3216 μόνον,
1063 3146 1200 3199 ἀλλὰ
1233 3147 1328 3198 καὶ
1365 3145 1556 3216 ἄνδρες
1587 3146 1818 3215 μέγιστα
1841 3145 1948 3198 ἀπὸ

369 3233 469 3300 τῆς
499 3231 738 3299 ἱστορίας
757 3230 959 3300 ταύτης
976 3229 1383 3300 καρπώσονται,
1407 3228 1785 3292 παιδευθέντες
1812 3230 1948 3299 ἡμέ-

371 3332 482 3385 ρως
509 3315 648 3385 πρὸς
677 3313 777 3376 τὰς
799 3312 978 3366 αὐτῶν
1007 3312 1310 3366 διακεῖσθαι
1340 3315 1628 3379 γυναῖκας,
1648 3312 1752 3366 κᾶν
1786 3314 1951 3366 ἀπαι-

367 3398 486 3452 δίαν
528 3398 745 3461 νοσῶσι,
795 3397 1046 3467 καθάπερ
1084 3399 1112 3450 ό
1170 3395 1401 3448 Ἐλκανά
1439 3395 1576 3466 πρὸς
1605 3395 1703 3466 τὴν
1750 3397 1951 3449 ’Λνναν

365 3482 619 3536 διέκειτο.
653 3483 726 3534 Οὐ
756 3481 915 3533 τοῦτο
941 3481 998 3532 δὲ
1037 3482 1216 3551 μόνον,
1247 3479 1384 3532 ἀλλά
1420 3480 1514 3532 καί
1545 3479 1731 3550 ἕτερον
1756 3480 1950 3533 τούτου

372 3568 560 3638 μεῖζον
583 3565 842 3636 κερδανοῦ
852 3582 925 3628 σι,
949 3565 1214 3635 μαθόντες
1241 3566 1325 3617 ὅτι
1347 3563 1427 3617 δεῖ
1440 3566 1566 3627 τούς
1580 3567 1757 3633 γονεῖς
1775 3566 1952 3619 ἀπαν-

368 3667 468 3713 τας
497 3651 574 3719 τῷ
597 3649 722 3720 Θεῷ
749 3649 818 3702 τὰ
847 3649 1107 3718 τεχθέντα
1133 3647 1356 3718 τρέφειν
1383 3649 1592 3702 παιδία.
1626 3649 1717 3720 Μὴ
1741 3650 1945 3714 τοίνυν,

369 3733 560 3803 ἐπειδὴ
603 3735 860 3804 χρήματα
908 3733 1000 3785 καὶ
1025 3732 1289 3802 ἀργύριον
1316 3733 1416 3785 οὐκ
1457 3731 1576 3785 ἐστι
1625 3733 1809 3786 λαϐεῖν
1841 3733 1952 3787 ἀπὸ

368 3817 463 3872 τοῦ
506 3817 864 3888 διηγήματος,
915 3817 1172 3886 ἀνόνητον
1205 3816 1338 3886 ἡμῖν
1367 3811 1508 3868 εἶναι
1547 3815 1648 3886 τὴν
1688 3815 1953 3886 ἀκρόασιν

369 3902 700 3972 νομίζωμεν,
735 3899 872 3953 ἀλλά
899 3899 966 3952 δι’
1005 3899 1140 3952 αὐτὸ
1192 3900 1290 3970 μὲν
1323 3895 1416 3953 οῦν
1454 3898 1615 3952 τοῦτο
1655 3901 1952 3971 κερδαλέαν

371 3987 465 4040 καὶ
490 3985 787 4056 ὠφέλιμον,
817 3984 1004 4055 ἐπειδὴ
1026 3985 1087 4038 οὐ
1117 3983 1341 4054 χρυσίον
1375 3984 1470 4037 καὶ
1503 3983 1792 4056 ἀργύριον,
1826 3985 1943 4038 ἀλλ’

370 4070 398 4122 δ
425 4068 603 4140 πολλῷ
638 4069 824 4140 μεῖζον
861 4069 1068 4122 τούτων
1127 4068 1266 4131 ἐστὶ,
1305 4066 1485 4138 ψυχῆς
1516 4067 1823 4133 εὐλάϐειαν,
1859 4070 1954 4123 καὶ

369 4154 497 4215 τοὺς
525 4153 583 4206 ἐν
606 4155 719 4214 τοῖς
742 4153 990 4224 οὐρανοῖς
1024 4152 1157 4222 ἡμῖν
1193 4151 1431 4204 δείκνυσι
1474 4151 1781 4222 θησαυροὺς
1807 4194 1821 4215 ,
1858 4154 1953 4205 καὶ

370 4234 612 4289 διδάσκει
643 4235 761 4298 πῶς
794 4235 1009 4289 ἅπαντα
1040 4233 1474 4304 διακρουσόμεθα
1505 4233 1768 4288 κίνδυνον.
1807 4233 1953 4306 Χρή-

375 4334 521 4388 ματα
543 4319 641 4388 μὲν
660 4318 770 4388 γὰρ
795 4321 1097 4389 παρασχεῖν
1123 4319 1218 4370 καὶ
1235 4316 1542 4389 ἀνθρώποις
1575 4317 1756 4388 ῥᾴδιον
1773 4333 1786 4346 ”
1809 4317 1954 4386 διορ-

373 4401 546 4454 θῶσαι
591 4402 648 4454 δὲ
689 4403 869 4471 φύσιν,
918 4403 1011 4456 καὶ
1041 4402 1281 4472 ἀθυμίαν
1318 4401 1476 4454 λῦσαι
1525 4402 1804 4470 τοιαύτην,
1857 4404 1954 4456 καὶ

371 4485 566 4557 ὀδύνην
611 4487 819 4540 ἀνελεῖν
845 4525 860 4549 ,
901 4488 996 4538 καὶ
1041 4485 1218 4555 ψυχὴν
1250 4485 1552 4556 ἀναστῆσαι
1590 4485 1953 4538 καταπίπτειν

375 4570 691 4640 μέλλουσαν,
717 4569 990 4640 ἀνθρώπῳ
1023 4569 1120 4639 μὲν
1149 4581 1175 4608 ει
1215 4567 1412 4632 οὐδενὶ,
1435 4569 1514 4640 τῷ
1532 4569 1591 4622 δὲ
1619 4569 1721 4640 τῆς
1739 4569 1954 4640 φύσεως

370 4657 614 4727 Δεσπότῃ
651 4655 796 4725 μόνῳ
826 4653 1068 4707 δυνατόν.
1106 4654 1177 4705 Συ
1216 4654 1294 4718 δὲ,
1330 4656 1378 4706 εί
1427 4654 1526 4724 μὲν
1557 4655 1773 4726 νόσημα
1803 4654 1954 4707 ἀνία-

369 4759 462 4795 τον
490 4740 710 4810 ἔχουσα,
742 4741 835 4793 καὶ
862 4740 959 4810 τὴν
991 4737 1144 4791 πόλιν
1185 4737 1545 4809 περιελθοῦσα
1580 4740 1830 4805 ἃπασαν,
1859 4743 1952 4793 καὶ

371 4825 631 4896 χρήματα
656 4822 1035 4892 δαπανήσασα,
1088 4822 1182 4874 καὶ
1234 4823 1436 4893 ἰατροῖς
1465 4821 1784 4893 χρησαμένη
1821 4822 1951 4876 πολ-

371 4908 504 4971 λοῖς,
546 4906 640 4959 καὶ
684 4904 951 4975 μηδεμίαν
1002 4905 1236 4974 εὑροῦσα
1280 4905 1652 4976 παραμυθίαν,
1704 4905 1954 4975 ἐνέτυχες

371 4994 590 5064 γυναικὶ
617 4993 676 5046 τὸ
698 4992 830 5046 αὐτὸ
852 4991 1100 5065 παθούσῃ
1128 4992 1299 5055 πάθος
1323 4994 1416 5046 καὶ
1435 4993 1832 5064 ἀπαλλαγείσῃ,
1855 4995 1955 5046 οὐκ

373 5079 440 5132 ἂν
474 5078 715 5147 ἀπέστης
746 5075 1083 5137 ἱκετεύουσα,
1113 5075 1528 5146 παρακαλοῦσα,
1549 5075 1954 5145 δεομένη,ῶστε

372 5167 556 5216 πεῖσαι
586 5163 675 5215 τὸν
703 5160 1088 5228 ἀπαλλάξαντα
1109 5159 1278 5223 δεῖξαι
1302 5177 1314 5190 α
1342 5161 1460 5212 νυνὶ
1484 5161 1538 5213 δὲ
1560 5161 1740 5233 ὁρῶσα
1756 5162 1954 5215 Ἀνναν

373 5245 618 5300 ἑστῶσαν
652 5247 710 5297 ἐν
747 5245 826 5314 τῷ
852 5246 1023 5314 μέσῳ,
1052 5244 1146 5297 καὶ
1173 5243 1234 5296 τὸ
1264 5244 1435 5306 πάθος
1458 5244 1626 5312 αὐτῆς
1655 5242 1957 5312 ἐξηγουμέ-

373 5349 490 5402 νην,
522 5330 616 5382 καὶ
639 5328 700 5381 τὸ
729 5329 1020 5398 φάρμακον
1048 5329 1330 5395 λέγουσαν,
1363 5329 1457 5381 καλ⁵
1484 5329 1574 5380 τὸν
1599 5329 1780 5398 ἰατρὸν
1801 5325 1952 5398 [725]

373 5413 723 5466 δεικνύουσαν
741 5411 908 5482 χωρὶς
933 5412 1230 5482 ἱκετηρίας,
1251 5413 1418 5482 χωρὶς
1454 5412 1871 5482 παρακλήσεως,
1895 5412 1958 5462 οὐ

375 5496 716 5568 προσελεύσῃ
742 5496 838 5549 καὶ
861 5495 1007 5567 λήψῃ
1025 5495 1087 5548 τὸ
1112 5496 1424 5566 φάρμακον,
1463 5495 1583 5548 οὑδέ
1620 5493 1829 5565 ἀκούσῃ
1860 5493 1957 5564 τῆς

380 5581 618 5652 ἱστορίας
653 5580 769 5650 μετ’
809 5579 1093 5650 ἀκριϐείας
1135 5579 1385 5650 ἀπάσης;
1419 5578 1523 5633 Καὶ
1567 5579 1710 5642 τίνος
1753 5579 1956 5649 δυνήσῃ

377 5666 508 5720 ποτὲ
545 5668 822 5736 ἐπιτυχεῖν
846 5664 1086 5734 ἀγαθούς
1119 5664 1259 5717 Ἀλλ’
1289 5665 1465 5735 ἕτεροι
1490 5665 1587 5734 μὲν
1619 5665 1710 5717 καὶ
1747 5662 1955 5734 πελάγη

440 5893 466 5920 ⁵
491 5889 627 5940 Colb.
651 5903 778 5940 unus
799 5896 852 5940 el
875 5891 1000 5952 Reg.
1021 5890 1276 5952 ἀνθρώπων
1299 5890 1397 5950 μέν.

1073 426 1130 482 S.
1170 425 1457 481 JOANNIS
1489 425 1983 482 CIIRYSOSTOM’I
2024 427 2348 487 ARCIHEP.
2390 432 2941 490 CONSTANTINOP.

3527 431 3636 490 εει

2051 548 2297 606 διέϐαλον
2333 553 2360 592 1³
2399 555 2586 625 μακρά
2611 554 2891 620 πολλάκις,
2949 553 3044 608 καὶ
3096 554 3296 626 πολλὴν
3325 555 3636 626 ἀποδημίαν

2049 643 2379 705 ἐστείλαντο,
2400 648 2492 700 καὶ
2508 649 2768 718 χρήματα
2788 648 3159 719 ἐδαπάνησαν,
3203 650 3298 702 καὶ
3333 648 3494 701 πόνον
3527 654 3634 702 ὑπ-

2049 733 2290 803 έμειναν,
2312 735 2394 788 ἵνα
2427 737 2520 790 τὸν
2549 737 2640 790 ἐπὶ
2665 741 2764 808 τῆς
2795 738 3079 808 ἀλλοτρίας
3113 739 3418 808 μηνυθέντα
3451 740 3636 810 ἰατῴν

2052 826 2224 889 ἴδωσι,
2263 828 2356 880 καὶ
2387 828 2564 882 ταῦτα
2587 829 2648 881 οὑ
2691 829 2897 900 σφόδρα
2931 829 3282 899 θαρροῦντες,
3311 831 3392 883 ὅτι
3415 831 3636 894 πάντως

2051 917 2525 988 ἀπαλλαγήσονται
2547 917 2639 971 τοῦ
2664 922 2969 989 νοσήματος
2993 938 3007 951 ·
3063 921 3125 972 σύ
3155 920 3230 984 δέ,
3264 913 3309 973 ὦ
3339 920 3534 989 γύναι,
3569 923 3634 974 οὑ

2050 1004 2358 1060 διαπόντιον
2379 1008 2688 1079 ἀποδημίαν
2720 1009 3035 1064 στέλλεσθαι
3077 1009 3366 1078 μέλλουσα,
3395 1010 3515 1062 οὐδὲ
3551 1012 3636 1074 εἰς

2051 1099 2149 1169 τὴν
2173 1099 2467 1171 ὑπερορίαν
2493 1100 2916 1170 μετοικίζεσθαι,
2933 1100 3054 1154 οὐδὲ
3075 1101 3236 1154 πόνον
3250 1100 3372 1153 τινὰ
3394 1101 3636 1154 τοιοῦτον

2050 1193 2369 1262 ὑπομένειν·
2406 1193 2499 1246 καὶ
2530 1193 2582 1246 τί
2633 1193 2775 1261 λέγω
2807 1194 2907 1263 τὴν
2936 1193 3268 1265 ὑπερορίαν;
3319 1194 3439 1246 οὐδὲ
3470 1194 3638 1247 αὐτὸν

2054 1285 2151 1357 μὲν
2165 1281 2258 1338 οὖν
2273 1287 2366 1338 τὸν
2381 1287 2533 1339 οὐδὸν
2549 1287 2964 1358 ἀναγκαζομένη
2980 1289 3080 1353 τῆς
3097 1289 3274 1351 οἰκίας
3306 1287 3635 1358 ὑπερϐῆναι,

2050 1376 2186 1428 ἀλλὰ
2207 1377 2300 1428 καὶ
2323 1379 2380 1429 ἐν
2411 1375 2560 1446 αὑτῷ
2588 1378 2859 1447 δυναμένη
2891 1376 2968 1452 τῷ
2998 1377 3226 1447 θάλαμῳ
3276 1379 3636 1445 συγγενέσθαι

2049 1468 2128 1538 τῷ
2165 1467 2355 1538 ἰατρῷ,
2380 1469 2474 1520 καὶ
2501 1468 2669 1539 χωρὶς
2699 1469 2916 1537 μεσίτου
2946 1468 3090 1531 τινὸς
3113 1467 3262 1537 αὐτῷ
3285 1468 3636 1539 διαλεχθῆναι

2052 1573 2119 1608 πε
2130 1557 2182 1624 ρί
2211 1557 2427 1610 πάντων
2449 1550 2524 1610 ὧν
2545 1557 2609 1608 ἂν
2626 1556 2819 1628 ἐθέλῃς
2843 1557 3010 1623 (Θεὸς
3028 1556 3158 1627 γὰρ,
3183 1557 3366 1626 φησὶν,
3391 1556 3638 1627 ἐγτίζων

2048 1643 2162 1713 ἐγώ
2188 1647 2336 1713 ειμι,
2384 1644 2482 1697 καὶ
2511 1646 2583 1698 οὐ
2630 1644 2776 1710 Θεὸς
2823 1645 3190 1716 πόρῤωθεν),
3235 1645 3507 1717 ἀναϐάλλῃ
3540 1645 3638 1698 καὶ

2050 1739 2264 1802 όκνεῖς;
2301 1738 2412 1791 Καὶ
2447 1738 2606 1790 ποίαν
2635 1737 2775 1802 ἕξεις
2801 1738 3134 1806 ἀπολογίαν;
3179 1739 3325 1802 τίνος
3349 1738 3636 1812 ἀπολαύσῃ

2053 1827 2404 1897 συγγνώμης,
2436 1826 2562 1880 ὅταν
2588 1827 2681 1880 καὶ
2709 1825 2931 1879 εὔκολον
2951 1828 3047 1879 καὶ
3076 1827 3410 1897 πανταχόθεν
3440 1827 3637 1900 ῥᾳδίαν

2051 1915 2159 1968 τῶν
2186 1917 2551 1986 ἐπικειμένων
2579 1916 2766 1969 κακῶν
2793 1916 3117 1988 ἀπαλλαγὴν
3138 1917 3319 1988 εὑρεῖν
3339 1917 3633 1990 δυναμένη,

2055 2004 2322 2074 ρᾳθυμῇς,
2347 2005 2440 2056 καί
2467 2004 2566 2074 τὴν
2595 2005 2796 2074 σαυτῆς
2819 2005 3094 2075 σωτηρίαν
3116 2004 3410 2077 προδιδῷς.;
3437 2005 3637 2076 Οὑγὰν

2051 2096 2115 2166 δὴ
2152 2096 2310 2164 μόνον
2353 2097 2638 2166 στείρωσιν
2669 2099 2697 2148 ό
2741 2096 2924 2166 ἰατρὸς
2965 2091 3120 2160 οὗτος
3144 2138 3158 2162 ,
3215 2097 3351 2150 ἀλλά
3403 2098 3496 2150 καὶ
3525 2101 3639 2152 πᾶν

2052 2183 2229 2236 ὁτιοῦν
2262 2184 2473 2252 νόσημα
2518 2183 2614 2236 καὶ
2650 2183 2829 2253 ψυχῆς
2869 2185 2963 2236 καὶ
3003 2184 3253 2254 σώματος
3297 2184 3638 2258 θεραπεῦσαι

2051 2273 2289 2334 δύναται,
2327 2274 2556 2344 θελήσας
2584 2275 2762 2343 μόνον.
2798 2276 2908 2328 Καὶ
2932 2275 2992 2327 οὑ
3023 2275 3182 2328 τοῦτο
3213 2275 3372 2346 μόνον
3411 2278 3530 2330 ἐστὶ
3572 2277 3639 2330 τὸ

2054 2360 2387 2430 θαυμαστὸν,
2413 2362 2493 2414 ὅτι
2520 2362 2689 2430 χωρὶς
2720 2362 2906 2421 πόνου,
2937 2364 3030 2416 καὶ
3064 2364 3391 2434 ἀποδημίας,
3425 2365 3519 2417 καὶ
3543 2365 3633 2417 δα·

2053 2449 2250 2518 πάνης,
2281 2450 2373 2502 καὶ
2394 2451 2650 2520 μεσιτῶν,
2675 2449 2791 2502 ἀλλ’
2817 2451 2897 2504 ὅτι
2928 2453 3021 2503 καὶ
3044 2452 3211 2522 χωρὶς
3232 2453 3523 2523 ἀλγηδόνος

2057 2541 2299 2611 ἰατρείαν
2331 2545 2582 2596 ποιεῖται.
2619 2542 2697 2594 Οὐ
2726 2543 2834 2612 γάρ
2867 2543 3071 2614 σιδήρῳ
3115 2546 3208 2597 καὶ
3244 2546 3378 2611 πυρὶ
3407 2547 3540 2617 πρὸς
3576 2549 3639 2599 τὸ

2053 2629 2221 2693 πάθος
2251 2629 2485 2691 ἵσταται,
2518 2629 2767 2701 καθάπερ
2786 2632 2833 2683 οἱ
2863 2630 2970 2683 τῶν
3007 2632 3204 2702 ἰατρῶν
3235 2634 3422 2696 παῖδες
3456 2635 3639 2687 ποιοῦ.

2054 2736 2167 2773 σιν’
2200 2720 2314 2773 ἀλλ’
2343 2721 2504 2789 ἀρκεῖ
2528 2719 2718 2772 νεῦσαι
2744 2721 2924 2790 μόνον,
2961 2722 3056 2774 καὶ
3095 2723 3243 2775 πᾶσα
3269 2723 3367 2792 μὲν
3397 2724 3635 2794 ἀθυμία,

2052 2813 2202 2864 πᾶσα
2233 2811 2290 2864 δέ
2323 2811 2504 2882 ὀδύνη,
2536 2812 2632 2866 καὶ¹
2667 2811 2840 2876 πάθος
2875 2811 3019 2865 ἅπαν
3053 2813 3378 2884 δραπετεύει
3408 2817 3505 2869 καὶ
3533 2833 3638 2885 φυ-

2052 2903 2358 2972 γαδεύεται.

2124 3015 2188 3088 β’.
2219 3017 2310 3085 Μὴ
2335 3016 2515 3070 τοίνυν
2545 3016 2864 3088 ἀμελῶμεν,
2891 3017 3025 3088 μηδὲ
3049 3016 3501 3088 ἀναϐαλλώμεθα,
3531 3017 3641 3072 κᾶν

2052 3109 2282 3179 πένητες
2315 3102 2466 3179 ὦμεν
2489 3109 2584 3162 καὶ
2617 3110 2696 3172 είς
2743 3109 2980 3178 ἐσχάτην
3023 3110 3517 3174 καταπεπτωκότες
3549 3110 3643 3161 ἐν-

2050 3201 2218 3255 δειαν.
2254 3201 2388 3255 Οὐδὲ
2412 3201 2521 3272 γὰρ
2543 3202 2806 3273 χρήματά
2830 3203 2946 3253 ἐστι
2969 3201 3315 3265 καταϐαλεῖν,
3339 3203 3426 3256 ἵνα
3447 3203 3641 3256 πενίαν

2053 3294 2505 3366 προϐαλλώμεθα.
2562 3295 2637 3347 Οὐ
2693 3294 2800 3365 γὰρ
2841 3294 3106 3366 ἀργύριον
3162 3290 3317 3358 οὗτος
3375 3297 3404 3348 ό
3457 3297 3644 3364 ἰατρὸς

2053 3393 2275 3445 ἀπαιτεῖ
2319 3391 2412 3444 τὸν
2464 3390 2690 3462 μισθὸν,
2743 3388 2879 3444 ἀλλά
2907 3389 3148 3460 δάκρυα,
3193 3390 3288 3443 καὶ
3321 3389 3508 3460 εὐχὰς,
3545 3390 3644 3442 καὶ

2054 3483 2256 3539 πίστιν.
2319 3483 2438 3537 Κάν
2487 3482 2660 3536 ταῦτα
2694 3482 2834 3553 ἔχων
2867 3483 3006 3556 πρὸς
3054 3483 3216 3537 αὑτὸν
3263 3481 3456 3553 ἔλθῃς,
3492 3481 3644 3554 λήψῃ

2054 3577 2291 3640 πάντως,
2326 3578 2461 3647 ὅπερ
2510 3576 2576 3630 ἂν
2607 3577 2856 3647 αἰτήσῃς,
2905 3577 2999 3630 καὶ
3033 3575 3310 3647 ἀπελεύσῃ
3339 3576 3480 3645 μετά
3512 3576 3646 3628 πολ-

2053 3668 2152 3737 λῆς
2187 3671 2284 3739 τῆς
2313 3668 2670 3740 εὐφροσύνης.
2703 3669 2812 3721 Καὶ
2835 3667 2994 3721 τοῦτο
3031 3670 3130 3739 μὲν
3165 3667 3494 3738 πολλαχόθεν
3553 3667 3645 3732 ἐξ-

2054 3779 2172 3814 εστι
2200 3761 2414 3833 μαθεῖν,
2432 3763 2530 3832 οὐχ
2552 3763 2754 3832 ἥκιστα
2769 3762 2825 3815 δὲ
2847 3762 2942 3816 καὶ
2967 3761 3077 3814 ἀπὸ
3105 3760 3206 3830 τῆς
3230 3760 3487 3828 γυναικὸς
3511 3759 3645 3812 ταύ-

2052 3871 2184 3926 της·
2227 3855 2286 3909 οὑ
2327 3854 2435 3924 γὰρ
2467 3855 2691 3926 χρυσίον
2741 3853 2838 3908 καὶ⁵
2893 3853 3158 3924 ἀργύριοδ
3217 3852 3641 3916 καταϐαλοῦσα,

2053 3949 2166 4003 ἀλλ’
2198 3948 2362 4018 εὐχὴν
2389 3948 2485 4000 καὶ
2539 3947 2724 4000 πίστιν
2765 3945 2862 4000 καὶ
2905 3945 3136 4017 δάκρυα,
3168 3947 3305 4019 ὅπερ
3338 3948 3507 4019 ᾔτησε
3545 3947 3646 4000 λα-

2055 4036 2246 4100 ϐοῦσα,
2275 4035 2448 4100 οὑτως
2476 4035 2707 4106 ἀπῆλθε.
2737 4035 2830 4105 Μὴ
2864 4036 3045 4090 τοίνυν
3073 4035 3385 4108 νομίζωμεν
3411 4037 3646 4108 ἀκερδὲς

2055 4131 2187 4200 ἡμῖν
2220 4124 2360 4182 εἶναι
2394 4129 2455 4182 τὸ
2483 4129 2729 4200 διήγημα
2750 4147 2763 4161 ο
2796 4127 2992 4182 Ταῦτα
3018 4129 3129 4199 γὰρ
3175 4129 3403 4199 ἐγράφη
3423 4171 3438 4195 ,
3483 4131 3643 4200 φησὶ,

2055 4222 2204 4290 πρὸς
2229 4222 2556 4275 νουθεσίαν
2595 4221 2784 4290 ἡμῶν,
2818 4223 2905 4287 εὶς
2931 4222 3040 4286 οὓς
3072 4221 3143 4276 τὰ
3171 4221 3316 4291 τέλη
3361 4223 3480 4276 τῶν
3507 4222 3647 4275 aid)-

2054 4332 2176 4367 νων
2201 4314 2582 4382 κατήντησεν
2601 4331 2614 4344 ·
2647 4312 2783 4366 ἀλλά
2804 4313 3192 4385 προσέλθωμεν
3220 4315 3379 4387 αὐτῇ,
3417 4317 3512 4368 καὶ
3532 4316 3644 4386 μά-

2055 4404 2258 4474 θωμεν,
2293 4405 2408 4467 πῶς
2434 4403 2597 4474 ἐλύθη
2622 4403 2683 4457 τὸ
2716 4404 2948 4476 νόσημα,
2967 4405 3062 4458 καὶ
3088 4406 3138 4458 τί
3165 4407 3306 4475 μετά
3325 4407 3385 4459 τὸ
3412 4405 3646 4476 λυθῆναι

2056 4497 2216 4551 πάλιν
2256 4497 2504 4568 ἐποίησε,
2537 4499 2632 4551 καὶ
2673 4497 2790 4561 πῶς
2822 4498 3094 4569 ἐχρήσατο
3129 4498 3208 4569 τῷ
3241 4498 3446 4552 δοθέντι
3486 4499 3648 4574 δώρῳ

2056 4590 2208 4662 παρά
2237 4591 2329 4644 τοῦ
2357 4590 2514 4646 Θεοῦ.
2573 4591 2865 4654 Ἐκάθισε,
2909 4591 3061 4662 φησὶ,
3116 4591 3214 4645 καὶ
3239 4590 3504 4659 ἑθήλασε
3536 4593 3647 4646 τὸν

2054 4679 2358 4748 Σαμουὴλ.

2128 4814 2270 4885 Ὅρα
2299 4813 2418 4876 πῶς
2467 4813 2613 4886 ἐώρα
2658 4816 2719 4866 τὸ
2751 4814 2960 4867 παιδίον
3000 4815 3175 4869 ἐκεῖνο
3212 4814 3395 4868 λοιπὸν
3423 4815 3520 4884 οὐχ
3566 4815 3644 4877 ὡς

2056 4906 2266 4960 παιδίον
2304 4908 2486 4978 μόνον,
2519 4907 2654 4978 ἀλλὰ
2703 4908 2794 4960 καὶ
2840 4907 2914 4970 ώς
2949 4907 3234 4976 ἀνάθημα·
3289 4907 3383 4960 καὶ
3419 4906 3645 4960 διπλοῦν

2057 5001 2194 5069 αὐτῇ
2229 5000 2289 5052 τὸ
2319 4999 2536 5071 φίλτρον
2567 5000 2794 5068 ἐγίνετο,
2829 5001 2890 5052 τὸ
2924 5001 3021 5068 μέν
3051 5001 3158 5054 ἀπὸ
3186 5000 3284 5069 τῆς
3316 4999 3549 5068 φύσεως,
3581 4999 3644 5052 τὸ

2055 5093 2111 5145 δέ
2143 5093 2250 5146 ἀπὸ
2273 5093 2426 5165 [ἳῖιί]
2457 5093 2556 5162 τῆς
2587 5094 2828 5163 χάριτος.
2890 5093 3042 5162 Ἐμοὶ
3072 5092 3128 5144 δέ
3157 5092 3305 5144 δοκεῖ
3348 5093 3442 5144 καὶ
3473 5091 3644 5144 αἰδεῖ-

2060 5187 2183 5238 σθαι
2217 5187 2276 5238 τὸ
2309 5186 2522 5239 παιδίον
2551 5187 2610 5237 τὸ
2637 5186 2836 5251 ἐαυτῆς
2855 5200 2869 5214 ’
2900 5185 2994 5238 καὶ
3017 5185 3259 5248 εἰκότως.
3287 5185 3348 5237 Εἰ
3378 5185 3488 5254 γὰρ
3512 5185 3643 5252 φιά-

2057 5276 2154 5339 λας
2175 5277 2268 5330 καὶ
2298 5277 2532 5347 ποτήρια
2560 5278 2739 5346 χρυσᾶ
2760 5276 3041 5346 μέλλοντές
3060 5293 3202 5338 τινες
3232 5275 3544 5329 ἀνατιθέναι
3564 5274 3642 5344 τῷ

2058 5370 2194 5441 Θεῷ,
2231 5369 2448 5424 ἐπειδὰν
2475 5371 2985 5425 κατασκευασθέντα
3005 5369 3234 5433 λάϐωσι,
3267 5370 3364 5424 καὶ
3403 5370 3504 5438 πρὸ
3540 5369 3641 5438 τῆς

2059 5466 2268 5537 ἡμέρας
2295 5464 2606 5518 ἀποθῶνται
2648 5465 2805 5528 οἴκοι,
2829 5465 2926 5534 οὐχ
2945 5463 3021 5526 ὡς
3054 5462 3210 5516 κοινά
3259 5463 3444 5516 λοιπὸν
3470 5461 3641 5533 ὁρῶσι

2062 5559 2251 5629 σκεύη,
2287 5557 2399 5610 ἀλλ’
2426 5557 2501 5620 ὼς
2528 5557 2869 5628 ἀναθήματα,
2894 5557 2988 5609 καὶ
3009 5555 3130 5608 οὑδέ
3163 5553 3432 5625 τολμῶσιν
3453 5554 3643 5618 ἁπλῶς

2061 5655 2152 5705 καὶ
2183 5653 2303 5721 είκῆ
2333 5650 2536 5703 τούτων
2567 5648 2828 5720 ἅψασθαι,
2867 5647 3118 5720 καθάπερ
3156 5648 3250 5701 καὶ
3275 5647 3383 5700 τῶν
3412 5646 3639 5700 λοιπῶν·

2123 5883 2151 5924 ι’
2173 5883 2254 5933 Sic
2272 5884 2552 5933 restitutum
2574 5891 2602 5930 e
2626 5881 2795 5932 Morel.
2819 5886 2870 5932 et
2891 5879 3039 5932 Savil.
3054 5892 3068 5941 ;
3097 5877 3263 5928 Monll‘.
3291 5877 3520 5925 διέλαϐον.
3547 5874 3642 5924 En.
