4038 6360
307 440 411 492 ϐῖιῦ

322 549 570 617 produxit
601 548 1004 620 tempestivum,
1032 557 1276 602 sanctum
1303 545 1548 600 videlicet
1579 544 1902 599 Samuelem.

317 638 494 693 Nolite
520 638 678 708 igitur
703 638 928 692 moleste
958 637 1097 690 ferre
1119 678 1132 700 ,
1163 637 1206 690 si
1249 651 1434 690 rursus
1464 634 1602 687 idem
1630 649 1911 702 argumen-

317 738 430 782 tum
459 736 688 781 tractare
715 727 1015 797 incipimus.
1043 727 1228 796 Neque
1254 727 1395 780 enim
1425 725 1612 779 eadem
1647 724 1909 789 dicemus,

318 818 413 872 sed
433 832 566 872 nova
591 817 832 888 quaedam
854 833 916 872 ac
937 819 1190 872 recentia.
1218 817 1348 870 Nam
1370 818 1426 870 in
1453 817 1695 870 convivio
1714 831 1909 884 corpo-

317 909 434 973 rali,
463 925 530 963 ex
547 909 735 964 eodem
754 909 976 964 obsonio
999 909 1165 962 multa
1185 909 1482 962 eduliorum
1512 923 1706 977 genera
1727 917 1909 976 posset

317 1003 510 1070 aliquis
523 1001 808 1057 conﬁcere.
839 1001 975 1068 Quin
1003 1010 1057 1056 et
1083 1002 1330 1056 auritices
1361 1000 1601 1054 videmus
1625 1015 1690 1054 ex
1718 999 1906 1055 eadem

317 1093 432 1146 auri
477 1107 652 1146 massa
677 1101 730 1147 et
754 1092 1008 1156 armillas,
1036 1102 1090 1146 et
1139 1101 1386 1160 torques,
1437 1091 1672 1158 aliasque
1713 1089 1909 1142 multas

317 1199 404 1239 res
433 1199 624 1238 aureas
651 1183 873 1254 ﬁngere.
903 1183 1232 1253 Quamquam
1265 1182 1405 1236 enim
1436 1181 1675 1251 ejusdem
1695 1182 1908 1251 generis

317 1283 400 1330 est
425 1275 668 1339 materia,
700 1289 788 1329 ars
810 1285 983 1328 tamen
1008 1282 1093 1327 est
1138 1272 1282 1326 varia
1304 1314 1319 1338 ,
1366 1287 1464 1326 nec
1511 1279 1812 1327 coarctatur
1837 1271 1909 1325 si-

316 1363 616 1418 militudine
659 1363 898 1418 materiae
924 1363 1176 1432 subjectae
1195 1404 1208 1423 ,
1239 1361 1379 1432 quod
1407 1363 1518 1430 ipsa
1547 1363 1615 1416 sit
1642 1362 1856 1430 copiosa
1883 1402 1900 1429 ,

315 1454 555 1524 variique
605 1454 834 1510 artiﬁcii.
891 1453 1041 1522 Quod
1072 1454 1116 1508 si
1148 1470 1237 1508 res
1268 1454 1418 1507 istius
1443 1454 1564 1508 vita:
1608 1462 1734 1508 sunt
1763 1453 1906 1524 ejus-

318 1546 460 1600 modi
484 1588 497 1610 ,
531 1545 700 1599 multo
751 1561 877 1600 vero
905 1545 1074 1614 magis
1105 1545 1334 1614 Spiritus
1388 1549 1574 1612 gratia.
1602 1543 1736 1598 Nam
1763 1544 1904 1614 quod

315 1638 499 1708 gratia:
521 1653 704 1692 mensa
733 1640 804 1692 sit
831 1639 971 1692 varia
990 1679 1005 1703 ,
1038 1636 1398 1701 multiformis,
1430 1645 1483 1690 et
1511 1637 1749 1706 opipara,
1777 1636 1901 1690 audi

316 1729 538 1783 Paulum
581 1728 843 1782 dicentem
894 1745 910 1780 :
949 1729 1052 1781 Alii
1102 1727 1309 1797 quidem
1341 1742 1433 1795 per
1467 1727 1717 1796 Spiritum
1756 1728 1905 1780 datur

315 1836 479 1876 sermo
505 1821 786 1890 sapientiae,
833 1821 924 1874 alii
950 1836 1063 1873 vero
1092 1834 1262 1873 sermo
1300 1821 1564 1880 scientiw,
1605 1818 1696 1870 alii
1729 1833 1904 1871 rursus

316 1915 463 1984 ﬁdes,
486 1915 577 1967 alii
608 1929 723 1968 vero
742 1913 876 1967 dona
891 1914 1238 1975 sanationum,
1257 1912 1637 1981 subventiones,
1658 1910 1906 1980 guberna-

317 2007 497 2070 tiones,
522 2022 704 2077 genera
731 2005 1040 2075 linguarum.
1063 2003 1191 2058 ch
1219 2013 1394 2058 autem
1421 2015 1670 2066 operatur
1702 2017 1833 2054 unus
1859 2009 1905 2054 et

314 2099 447 2151 idem
482 2097 724 2166 Spiritus,
747 2095 972 2149 dividens
995 2111 1231 2151 seorsum
1259 2098 1445 2164 cuique
1469 2105 1522 2146 ut
1548 2093 1651 2146 vult
1680 2094 1754 2163 (1.
1783 2092 1900 2148 Cor.

316 2190 404 2242 19..
462 2188 640 2258 E-11).
678 2186 838 2241 Vides
887 2202 1044 2256 quam
1098 2185 1244 2239 varia
1282 2185 1392 2238 sit?
1443 2184 1638 2249 Multa,
1699 2183 1901 2252 inquit,

316 2278 531 2333 flmmna
553 2321 568 2346 ,
600 2277 692 2333 sed
744 2294 880 2332 unus
910 2288 990 2332 est
1022 2277 1170 2348 fons;
1201 2277 1345 2329 varia
1385 2283 1510 2329 sunt.
1553 2275 1757 2337 edulia,
1810 2277 1904 2329 sed

316 2387 454 2425 unus
483 2380 565 2425 est
589 2372 916 2424 convivator.
965 2368 1104 2439 Ergo
1127 2385 1246 2423 eum
1279 2378 1386 2422 tam
1416 2383 1603 2436 magna
1628 2411 1641 2429 ,
1693 2379 1904 2437 tamque

315 2462 591 2530 multiplex
624 2463 692 2514 sit
720 2462 946 2529 Spiritus
966 2461 1152 2529 gratia,
1178 2475 1244 2514 ne
1262 2459 1634 2528 defatigemur.
1666 2459 1904 2512 Vidimus

315 2571 434 2609 eam
456 2554 689 2607 sterilem
711 2595 725 2618 ,
758 2552 988 2606 vidimus
1008 2567 1122 2606 eam
1150 2550 1338 2605 factam
1379 2560 1602 2604 matrem
1638 2567 1650 2602 :
1679 2550 1904 2604 vidimus

313 2647 732 2718 lacrymantem,
770 2644 996 2698 vidimus
1033 2643 1388 2714 gaudentem;
1424 2653 1532 2696 tum
1579 2643 1735 2696 simul
1781 2657 1903 2696 cum

317 2739 409 2793 illa
439 2737 762 2791 indoluimus
797 2755 810 2790 :
840 2736 995 2791 simul
1029 2751 1149 2790 cum
1180 2737 1265 2790 illa
1295 2735 1489 2805 gaudio
1528 2734 1826 2789 afficiamur
1851 2743 1904 2789 et

317 2831 494 2885 hodie.
526 2830 616 2886 Sic
642 2840 695 2884 et
723 2831 915 2885 Paulus
939 2829 1110 2898 jubet,
1141 2829 1372 2884 Gaudere
1409 2847 1520 2882 cuin
1547 2829 1900 2900 gaudentibus,

316 2923 438 2991 ﬂere
457 2939 568 2974 cum
591 2923 822 2992 ﬂentibus
865 2921 1160 2991 (Rom.1‘2.
1196 2921 1306 2989 15).
1344 2920 1395 2974 ld
1430 2938 1554 2974 vero
1601 2919 1904 2974 faciendum

319 3022 404 3070 est
429 3030 530 3068 non
557 3015 730 3068 solum
767 3028 926 3082 super
954 3013 1018 3067 iis
1039 3015 1126 3082 qui
1158 3012 1435 3066 nobiscum
1461 3013 1680 3076 vivunt,
1727 3011 1819 3066 sed
1851 3019 1905 3066 et

314 3123 475 3176 super
499 3107 561 3159 iis
584 3107 672 3175 qui
695 3106 822 3158 olim
847 3106 952 3158 nati
987 3104 1202 3158 iuerint.
1238 3105 1310 3158 Ac
1345 3120 1409 3158 ne
1436 3104 1553 3172 quis
1581 3103 1709 3156 mihi
1739 3102 1900 3167 dicat,

315 3198 441 3266 quid
469 3197 670 3250 fructus
698 3196 903 3264 capiam
929 3195 996 3248 ab
1027 3197 1177 3247 Anna
1202 3237 1216 3260 ,
1249 3205 1300 3248 et
1332 3195 1398 3246 ab
1416 3195 1555 3247 illius
1575 3208 1901 3247 commemo-

315 3288 559 3343 ratione?
585 3287 714 3342 Nam
741 3297 795 3341 et
837 3287 982 3340 orbae
1022 3285 1145 3339 hinc
1189 3294 1439 3353 poterunt
1478 3284 1685 3338 discere
1712 3325 1725 3348 ,
1772 3298 1904 3352 quo-

313 3379 475 3433 modo
505 3378 704 3446 pes-sint
732 3375 844 3430 fieri
870 3386 1066 3430 matres
1098 3394 1110 3428 :
1135 3391 1318 3428 rursus
1343 3387 1542 3428 matres
1570 3376 1763 3436 scient,
1785 3391 1903 3442 qua:

315 3473 386 3525 sit
413 3472 608 3540 optima
639 3470 774 3524 ratio
817 3469 1015 3522 liberos
1042 3467 1322 3521 educandi.
1371 3467 1478 3520 Nec
1523 3467 1733 3520 femina:
1781 3478 1901 3519 tan-

318 3573 430 3617 tum
453 3605 468 3630 ,
496 3564 589 3617 sed
619 3572 673 3616 et
702 3562 800 3616 viri
843 3562 1129 3631 plurimum
1178 3564 1246 3614 ab
1298 3559 1398 3614 hac
1437 3559 1656 3614 historia
1701 3560 1904 3613 fructus

316 3653 591 3716 auferent,
637 3654 680 3706 si
724 3652 849 3706 hinc
895 3652 1182 3706 didicerint
1252 3650 1460 3721 placido
1513 3650 1732 3718 mitique
1778 3663 1901 3718 erga

319 3759 516 3800 uxores
546 3759 665 3799 esse
686 3744 864 3798 animo
886 3783 902 3808 ,
931 3742 1137 3796 etiamsi
1165 3741 1458 3795 sterilitatis
1482 3742 1610 3794 vitio
1639 3739 1900 3804 laborent,

317 3845 379 3891 ut
402 3837 598 3892 Eleana
617 3851 741 3906 erga
774 3838 984 3890 Annam
1014 3834 1112 3889 fuit
1137 3833 1376 3888 allectus.
1399 3833 1509 3888 Nec
1535 3847 1663 3887 vero
1687 3832 1788 3886 hoc
1816 3846 1903 3886 so-

319 3928 466 3991 lum,
494 3926 589 3982 sed
626 3937 680 3982 et
706 3926 848 3981 aliud
892 3941 958 3980 eo
1001 3927 1173 3995 majus
1200 3926 1568 3990 lucrifacient,
1607 3940 1728 3978 cum
1769 3923 1905 3978 didi-

319 4020 490 4073 ceriut
514 4027 692 4088 patres
718 4033 902 4073 omnes
925 4028 1174 4087 Oportere
1201 4017 1413 4081 liberos,
1434 4017 1524 4085 qui
1549 4018 1657 4070 nati
1686 4015 1899 4081 fuerint,

318 4110 550 4164 educare
573 4111 699 4164 Deo.
723 4110 800 4164 Ne
823 4111 978 4180 igitur
999 4109 1249 4178 quoniam
1269 4109 1523 4179 pecunias
1551 4117 1604 4161 et
1629 4116 1905 4177 argentum

319 4202 564 4270 accipere
609 4217 672 4255 ex
732 4201 830 4255 hac
871 4201 1171 4254 narratione
1212 4216 1317 4252 non
1356 4199 1510 4263 licet,
1542 4199 1904 4254 existimemus

321 4307 623 4346 sermonem
653 4291 806 4345 nobis
835 4290 1201 4360 infrugiferum
1242 4306 1360 4344 esse
1388 4308 1400 4343 :
1433 4289 1525 4344 sed
1566 4289 1634 4343 ob
1674 4289 1902 4358 idipsum

320 4385 640 4437 arbitremur
670 4383 938 4437 lucrosum
959 4392 1012 4436 et
1034 4385 1213 4437 utilem
1235 4424 1250 4449 ,
1283 4383 1423 4452 quod
1460 4398 1564 4436 non
1586 4398 1774 4438 aurum
1815 4398 1904 4436 ar-

319 4487 624 4546 gentumve,
656 4476 748 4532 sed
778 4476 919 4545 quod
958 4476 1021 4530 iis
1049 4475 1204 4545 longe
1229 4476 1398 4541 majus
1425 4485 1527 4538 est,
1551 4475 1712 4528 animi
1740 4476 1904 4544 pieta-

321 4578 453 4631 tem,
503 4568 852 4636 cmlestesque
882 4565 1158 4620 thesauros
1204 4566 1357 4619 nobis
1405 4566 1668 4629 ostendit,
1700 4565 1898 4620 docens

322 4674 428 4728 quo
474 4667 629 4728 pacto
676 4658 974 4727 periculum
1035 4674 1193 4712 omne
1240 4658 1587 4727 depellamus.
1637 4657 1906 4727 Siquidem

324 4749 500 4818 largiri
551 4749 834 4816 pecuniam
865 4747 1166 4802 hominibus
1195 4749 1244 4802 in
1298 4749 1516 4818 proclivi
1549 4757 1631 4802 est
1661 4766 1673 4803 :
1705 4758 1760 4802 at
1787 4764 1908 4803 cor-

323 4842 498 4910 rigere
537 4848 808 4905 naturam,
839 4855 902 4893 ac
928 4840 1086 4892 talem
1116 4856 1400 4895 maerorem
1425 4849 1680 4895 excutere
1700 4882 1715 4906 ,
1748 4841 1908 4896 talem

324 4933 486 4986 animi
509 4933 799 4986 cruciatum
830 4931 1040 4997 tollere,
1062 4932 1291 4984 animam
1313 4933 1527 5000 jamjam
1554 4932 1908 5000 collapsuram

325 5025 536 5094 erigere
557 5065 570 5089 ,
599 5024 726 5078 nulli
748 5024 960 5092 quidem
985 5023 1258 5077 hominum
1279 5065 1292 5088 ,
1317 5023 1411 5077 sed
1443 5025 1540 5078 soli
1567 5035 1769 5078 naturae
1801 5025 1908 5078 Do-

329 5117 474 5170 mino
504 5115 556 5170 in
598 5131 755 5168 manu
781 5126 883 5170 e5t.
911 5115 988 5168 Tu
1015 5128 1144 5169 vero
1173 5115 1216 5167 si
1262 5129 1382 5168 cum
1425 5117 1613 5169 morbo
1667 5116 1909 5170 ‘aborans

327 5205 647 5271 insanabili,
682 5221 928 5274 percursa
958 5213 1065 5259 tota
1099 5205 1310 5259 civitate
1336 5206 1589 5274 pecunias
1620 5207 1910 5275 impendis-

327 5311 438 5360 ses,
461 5297 695 5365 pluribus
715 5307 870 5351 utens
900 5295 1142 5362 medicis,
1175 5309 1274 5349 nec
1303 5295 1473 5349 ullum
1507 5297 1629 5351 mali
1661 5297 1908 5351 solatium

329 5389 619 5456 reperisses
639 5430 654 5452 ,
692 5399 875 5458 postea
905 5388 1168 5443 incideres
1205 5389 1256 5441 in
1301 5388 1578 5443 mulierem
1602 5429 1616 5453 ,
1642 5405 1760 5458 qua:
1788 5404 1908 5443 cum

332 5481 523 5534 eodem
551 5481 738 5534 morbo
775 5490 1069 5547 teneretur,
1101 5480 1320 5534 liberata
1351 5481 1442 5544 sit,
1482 5495 1588 5533 non
1643 5481 1913 5535 desineres

330 5571 616 5626 obsecrare
635 5612 651 5638 ,
678 5587 883 5642 rogare,
935 5571 1204 5626 exhortari
1231 5613 1244 5635 ,
1271 5581 1326 5624 ut
1365 5587 1488 5624 eum
1518 5571 1608 5625 tibi
1636 5587 1913 5625 common-

331 5671 550 5730 straret,
579 5663 730 5732 cujus
767 5678 927 5732 opera
965 5661 1154 5718 fuisset
1200 5669 1420 5716 sanata:
1453 5675 1594 5715 nunc
1637 5677 1765 5737 vero
1793 5678 1912 5716 cum

334 5754 516 5808 videas
540 5757 746 5808 Annam
789 5756 840 5807 in
870 5754 1046 5808 medio
1072 5763 1299 5807 stantem
1325 5797 1339 5820 ,
1367 5767 1631 5821 suumque
1670 5753 1913 5807 morbum

337 5855 690 5911 enarrantem,
711 5853 762 5900 ct
783 5843 1023 5916 ejusdem
1055 5843 1345 5899 remedium
1377 5853 1907 5913 commemorantem,

1594 427 1681 482 DE
1721 427 1904 482 ANNA
1945 427 2175 484 SERMO
2217 429 2302 484 lll.

3495 443 3608 498 654

2025 559 2088 600 ac
2115 545 2375 599 medicum
2417 556 2953 614 commonstrantem,
3010 550 3168 604 nullis
3216 551 3603 609 obsecrationi-

2016 638 2146 701 bus,
2197 640 2355 692 nullis
2418 641 2663 709 precibus
2711 641 3028 708 adductam,
3085 657 3190 697 non
3235 643 3458 700 accedes
3514 660 3606 701 ac-

2014 738 2233 797 ceptura
2279 731 2572 784 remedium
2599 772 2615 796 ,
2646 748 2742 786 nec
2787 734 2970 787 audies
3018 743 3127 788 tota
3153 749 3274 788 cum
3301 737 3598 792 attentione

2015 819 2329 874 historiam?
2376 820 2444 875 Et
2494 824 2619 892 quid
2677 840 2924 894 umquam
2973 826 3096 880 boni
3145 829 3348 896 poteris
3405 844 3601 884 conse-

2013 909 2142 977 qui?
2189 915 2258 963 At
2291 911 2378 965 alii
2422 910 2725 982 frequenter
2764 931 2949 984 magna
2998 917 3160 970 etiam
3221 919 3425 974 emensi
3476 930 3601 974 sunt

2015 1002 2178 1054 maria
2204 1043 2218 1067 ,
2249 1002 2563 1072 longinquas
2592 1008 3044 1076 peregrinationes
3074 1018 3462 1078 susceperunt,
3511 1027 3602 1080 pe-

2012 1093 2197 1147 cunias
2243 1094 2649 1163 impenderunt,
2699 1099 2909 1153 labores
2953 1102 3190 1168 perpessi
3225 1111 3380 1165 sunt,
3414 1111 3470 1156 ut
3497 1119 3599 1157 me-

2013 1183 2188 1238 dicum
2233 1196 2712 1241 commonstratum
2746 1189 2795 1241 in
2827 1191 3106 1260 peregrina
3140 1193 3356 1260 regione
3381 1194 3598 1262 conspi-

2011 1283 2216 1340 cerent,
2245 1278 2404 1347 idque
2427 1293 2552 1333 cum
2574 1296 2678 1334 non
2707 1281 2994 1336 admodum
3018 1291 3163 1338 certa
3190 1293 3332 1339 esset
3364 1285 3556 1339 ﬁducia
3582 1327 3598 1351 ,

2012 1377 2070 1420 ut
2095 1382 2312 1435 prorsus
2337 1370 2526 1424 morbo
2562 1370 2918 1426 liberarentur
2945 1388 2958 1425 :
2992 1383 3045 1427 at
3069 1381 3145 1439 tu,
3174 1389 3206 1428 ο
3230 1376 3442 1442 mulier,
3473 1391 3596 1430 cum

2011 1471 2116 1510 non
2146 1457 2219 1512 sis
2247 1459 2439 1513 initura
2463 1457 2842 1529 profectionem
2868 1467 3272 1519 transmarinam
3299 1510 3313 1531 ,
3339 1483 3436 1522 nec
3459 1469 3598 1522 ultra

2009 1549 2194 1616 patriae
2225 1548 2358 1605 ﬁnes
2385 1551 2768 1622 demigratura,
2801 1570 2897 1608 nec
2927 1555 3160 1610 laborem
3207 1559 3437 1611 similem
3467 1574 3594 1627 per-

2008 1655 2261 1710 pessura:
2291 1655 2343 1697 et
2379 1645 2505 1714 quid
2538 1644 2679 1708 dixi,
2711 1647 2849 1701 ultra
2908 1648 3088 1716 patri-.e
3133 1649 3300 1703 lines?
3333 1665 3454 1703 cum
3497 1666 3597 1705 nec

2009 1733 2178 1801 ipsum
2206 1734 2397 1789 domus
2429 1737 2590 1791 limen
2620 1739 2844 1794 transire
2890 1741 3118 1808 cogaris,
3168 1743 3262 1796 sed
3287 1744 3368 1798 vel
3399 1743 3450 1797 in
3479 1744 3597 1812 ipso

2011 1822 2241 1877 thalamo
2278 1824 2449 1894 possis
2475 1829 2759 1882 convenire
2781 1828 3041 1884 medicum
3073 1872 3088 1897 ,
3129 1832 3365 1900 citraque
3386 1833 3594 1888 media-

2011 1923 2182 1969 torem
2209 1929 2328 1970 cum
2361 1917 2452 1970 illo
2501 1917 2730 1989 colloqui
2779 1921 2846 1973 de
2895 1919 3317 1993 quibuscumque
3359 1925 3595 1979 volueris

2009 2005 2170 2076 (Deus
2187 2008 2365 2070 enim,
2395 2009 2595 2079 inquit,
2649 2013 3065 2083 apprOpinquans
3101 2031 3191 2085 ego
3229 2031 3340 2067 sum
3362 2057 3377 2080 ,
3407 2026 3453 2068 et
3492 2032 3595 2069 non

2006 2096 2146 2151 Deus
2176 2099 2354 2168 procul
2401 2098 2532 2167 (Jer.
2560 2099 2650 2153 Ξῖ).
2679 2100 2807 2171 25),
2859 2103 3041 2158 differs
3086 2113 3140 2158 et
3177 2105 3484 2160 cunctaris?
3527 2106 3594 2160 Et

2007 2203 2164 2256 quam
2210 2187 2458 2243 habitura
2499 2205 2558 2245 es
2590 2192 3026 2247 excusationem?
3051 2209 3208 2262 quam
3247 2197 3594 2264 consequeris

2006 2279 2245 2342 veniam,
2299 2279 2345 2333 si
2372 2295 2491 2333 eum
2538 2282 2827 2349 proclivem
2849 2292 2903 2336 et
2931 2283 3168 2352 undique
3217 2285 3424 2339 facilem
3454 2286 3593 2339 viam

2009 2370 2252 2425 invenire
2290 2372 2496 2439 possis,
2542 2389 2644 2442 qua
2672 2374 2739 2426 ab
2767 2375 3080 2443 urgentibus
3119 2375 3272 2429 malis
3313 2375 3585 2441 libereris,

2009 2476 2102 2530 per
2129 2462 2426 2516 socordiam
2466 2471 2610 2517 tuam
2643 2464 2808 2532 ipsius
2862 2465 3087 2520 salutem
3119 2464 3456 2534 prodideris?
3499 2467 3595 2520 llic

2008 2554 2149 2607 enim
2179 2555 2414 2609 medicus
2447 2571 2556 2610 non
2596 2558 2930 2612 sterilitatem
2980 2559 3178 2623 solum,
3227 2557 3320 2612 sed
3353 2567 3402 2612 et
3435 2574 3594 2612 omne

2007 2646 2315 2700 morborum
2361 2663 2529 2717 genus
2581 2659 2687 2702 tum
2739 2649 3147 2717 corporis,tum
3189 2649 3350 2704 animi
3402 2665 3593 2704 sanare

2007 2747 2188 2807 potest
2210 2779 2223 2800 ,
2257 2740 2300 2792 si
2336 2740 2462 2794 velit
2493 2750 2714 2799 tantum.
2764 2741 2945 2809 Neque
2984 2742 3033 2794 id
3065 2743 3236 2795 solum
3282 2742 3589 2796 mirandum

2006 2839 2087 2883 est
2110 2870 2123 2892 ,
2155 2829 2295 2899 quod
2335 2831 2464 2884 citra
2490 2831 2760 2896 laborem,
2791 2832 2906 2885 sine
2956 2833 3378 2902 peregrinatione
3403 2874 3419 2896 ,
3468 2832 3586 2887 sine

2006 2922 2308 2991 impendiis,
2342 2925 2543 2993 absque
2583 2924 3025 2978 intercessoribus
3061 2925 3388 2978 curationem
3437 2924 3591 2978 adhi-

2005 3014 2129 3080 bet,
2163 3030 2348 3069 verum
2390 3017 2548 3070 etiam
2581 3017 2720 3086 quod
2764 3017 2893 3070 citra
2920 3016 3185 3070 dolorem.
3218 3017 3400 3086 Neque
3449 3017 3589 3071 enim

2006 3102 2149 3159 ferro
2181 3106 2354 3175 iguive
2384 3118 2536 3160 curat
2567 3108 2760 3160 malum
2785 3149 2798 3170 ,
2831 3118 2885 3160 ut
2912 3109 3088 3161 c:t-teri
3123 3107 3312 3162 medici
3343 3107 3543 3161 faciunt
3572 3125 3587 3162 :

2006 3196 2201 3250 sufficit
2240 3198 2320 3250 vel
2350 3198 2572 3264 simplex
2602 3207 2759 3250 natus
2785 3238 2799 3260 ,
2833 3213 2894 3250 ac
2923 3199 3161 3265 protinus
3196 3199 3370 3251 omnis
3399 3214 3584 3267 angor,

2005 3287 2178 3340 oumis
2199 3286 2369 3352 dolor,
2393 3303 2549 3341 oume
2567 3288 2762 3340 malum
2782 3287 2928 3356 fugit,
2948 3297 3107 3357 atque
3131 3289 3425 3342 exsulatum
3455 3286 3585 3343 abit.

2076 3380 2130 3433 2.
2172 3380 2248 3434 Nc
2269 3391 2579 3434 cunctentur
2602 3382 2775 3448 igitur,
2802 3397 2934 3435 neve
2966 3383 3434 3448 procrastiuemus,
3460 3381 3590 3434 licet

2010 3487 2270 3542 pauperes
2294 3475 2480 3538 simus,
2517 3485 2570 3526 et
2599 3474 2663 3526 atl
2691 3483 2984 3527 extremam
3033 3472 3231 3526 redacti
3277 3481 3587 3541 egestatem.

2004 3563 2189 3632 Neque
2218 3564 2359 3617 enim
2392 3563 2477 3617 hic
2504 3562 2826 3617 ninneranda
2858 3572 2940 3618 est
2991 3564 3232 3632 pecunia.
3276 3571 3334 3616 ut
3358 3563 3588 3632 inopiam

2005 3656 2270 3725 possimus
2313 3653 2622 3708 obtendere.
2668 3653 2762 3707 llic
2811 3653 3058 3706 nimirum
3087 3653 3327 3708 medicus
3350 3667 3456 3707 non
3492 3666 3590 3706 ar-

2004 3755 2220 3816 gentum
2255 3761 2351 3814 pro
2380 3744 2625 3799 mercede
2666 3745 2817 3813 petit,
2862 3744 2953 3797 sed
2983 3744 3262 3813 lacrymas,
3304 3757 3489 3811 preces
3526 3756 3590 3795 ac

2007 3839 2184 3892 fidem.
2214 3837 2340 3891 Haec
2365 3837 2407 3890 si
2449 3844 2669 3906 portans
2697 3835 2761 3889 ad
2795 3835 2942 3888 illum
2975 3836 3287 3901 accesseris,
3329 3832 3587 3902 quidquid

2006 3930 2224 3983 omnino
2243 3929 2522 3996 postularis
2539 3927 2788 3996 accipies,
2819 3927 3088 3995 multoque
3113 3938 3233 3979 cum
3256 3924 3446 3993 gaudio
3466 3923 3582 3986 dis-

2006 4019 2183 4073 cedes.
2218 4017 2272 4071 Id
2299 4032 2428 4072 sane
2454 4031 2576 4071 cum
2608 4016 2786 4070 multis
2810 4031 2879 4069 ex
2906 4015 3064 4069 rebus
3085 4027 3406 4084 cognoscere
3438 4013 3581 4080 licet,

2010 4119 2117 4163 tum
2146 4124 2273 4164 vero
2301 4109 2565 4177 praecipue
2586 4123 2651 4161 ex
2680 4107 2779 4160 hac
2806 4106 3050 4172 muliere,
3073 4120 3192 4175 qua:
3218 4119 3324 4159 non
3350 4119 3536 4158 aurum
3569 4143 3586 4169 ,

2007 4215 2110 4255 non
2141 4209 2413 4269 argentum
2431 4198 2689 4260 exhibuit,
2720 4196 2812 4251 sed
2839 4211 3046 4266 preces,
3076 4195 3231 4250 ﬁdem
3255 4203 3308 4248 et
3328 4191 3590 4264 lacrymas

2007 4291 2221 4356 obtulit,
2253 4302 2412 4360 atque
2439 4291 2510 4344 ita
2540 4289 2792 4359 quidquid
2819 4289 3305 4358 petiitconsequuta
3323 4285 3586 4340 discessit.

2010 4382 2236 4436 Proinde
2262 4397 2329 4437 ne
2361 4390 2606 4450 putemus
2635 4380 2771 4434 hanc
2810 4379 3165 4432 narrationem
3190 4377 3344 4431 nobis
3363 4375 3590 4446 infregi-

2009 4472 2175 4527 l‘eram
2201 4487 2321 4528 esse
2340 4513 2354 4536 ,
2383 4470 2807 4542 quandoquidem
2853 4469 2979 4523 Haec
3002 4469 3192 4537 scripta
3222 4476 3339 4522 sunt
3377 4467 3445 4519 ad
3479 4483 3592 4520 cor-

2008 4565 2284 4634 reptione»:
2310 4573 2557 4629 nostram,
2589 4563 2642 4615 in
2666 4578 2790 4629 quos
2813 4562 2944 4630 fines
2960 4561 3262 4615 saeculorum
3287 4560 3590 4614 devenerunt

2012 4655 2087 4727 (1.
2119 4654 2237 4709 Cor.
2267 4656 2354 4709 10.
2376 4655 2502 4725 il):
2534 4654 2630 4708 sed
2662 4654 2914 4708 adeamus
2949 4669 3066 4708 eam
3088 4695 3102 4719 ,
3150 4653 3418 4709 discamus
3454 4665 3590 4721 quo-

2011 4745 2169 4800 modo
2194 4745 2414 4800 liberata
2435 4746 2504 4799 sit
2530 4759 2559 4798 a
2600 4745 2763 4809 malo,
2786 4745 2979 4815 etquid
3009 4745 3175 4815 egerit
3197 4744 3586 4808 morbolevata,

2011 4847 2064 4892 et
2088 4852 2192 4907 quo
2214 4847 2366 4905 pacto
2391 4835 2546 4890 fuerit
2569 4851 2662 4888 usa
2691 4851 2910 4889 nmnere
2937 4851 2964 4886 a
2998 4836 3107 4889 Deo
3135 4834 3280 4888 dato.
3312 4833 3476 4898 Sedit,
3511 4833 3592 4886 in-

2011 4932 2142 5000 quit,
2167 4939 2213 4982 et
2243 4929 2444 4982 lactavit
2468 4928 2757 4983 Samuelem
2789 4930 2871 4995 (1.
2907 4927 3012 4995 Reg
3066 4929 3118 4981 1.
3156 4926 3271 4996 25).

2088 5021 2289 5087 Quanta
2323 5022 2499 5086 pietate
2556 5037 2764 5088 puerum
2810 5019 3024 5071 Domino
3065 5018 3289 5070 educavit
3317 5017 3587 5085 obtulitque

2014 5113 2391 5167 Anam—Vide
2411 5111 2677 5182 quomodo
2694 5112 3050 5180 conspiciebat
3069 5110 3318 5178 deinceps
3335 5110 3590 5163 infantem

2015 5204 2180 5269 illum,
2196 5219 2300 5257 non
2325 5212 2525 5258 tantum
2540 5211 2598 5256 ut
2615 5201 2888 5267 infantem,
2906 5199 3256 5254 verumetiam
3274 5207 3330 5254 ut
3351 5215 3461 5254 rem
3480 5199 3592 5254 Deo

2015 5303 2377 5348 consecratam
2412 5309 2425 5346 :
2453 5309 2625 5363 eoque
2653 5293 2807 5346 matri
2842 5292 3084 5362 geminus
3113 5291 3311 5344 amoris
3351 5291 3597 5344 stimulus

2017 5387 2207 5439 insitus
2231 5396 2331 5447 est,
2355 5386 2489 5440 alter
2515 5400 2544 5437 a
2576 5393 2785 5450 natura,
2807 5384 2942 5436 alter
2963 5397 2988 5433 a
3016 5383 3206 5452 gratia.
3239 5383 3315 5436 Ac
3343 5398 3460 5436 mea
3477 5382 3596 5450 qui-

2017 5477 2137 5530 dem
2170 5477 2452 5541 sententia,
2491 5477 2650 5530 etiam
2682 5473 3026 5529 reverebatur
3054 5487 3276 5541 puerum
3307 5486 3456 5525 suum
3477 5511 3492 5535 ,
3543 5479 3598 5526 et

2017 5569 2228 5621 merito.
2281 5567 2487 5622 Etenim
2529 5567 2572 5621 si
2617 5567 2706 5636 qui
2746 5565 2950 5634 phialas
2992 5563 3245 5633 poculave
3287 5577 3450 5617 aurea
3490 5562 3597 5616 Deo

2020 5658 2241 5712 dicaturi
2269 5669 2412 5723 sunt,
2445 5666 2785 5725 posteaquam
2812 5671 2872 5709 ea
2895 5655 3004 5722 jam
3019 5652 3255 5708 confecta
3273 5653 3594 5721 acceperint,

2020 5751 2268 5820 domique
2295 5749 2648 5818 reposueriut,
2679 5761 2785 5801 non
2829 5761 2891 5801 ea
2929 5746 3078 5815 quasi
3110 5745 3328 5815 profana
3359 5759 3482 5798 vasa
3512 5742 3594 5796 in-

2024 5849 2266 5907 tuentur,
2299 5840 2389 5896 sed
2415 5848 2682 5910 tamquam
2713 5838 2819 5896 Deo
2845 5851 3014 5905 sacra,
3067 5851 3165 5893 nec
3204 5841 3397 5890 audent
3424 5848 3488 5889 ea
3519 5843 3593 5888 te-
