4038 6360
399 408 504 464 655

403 532 552 573 mere
574 515 813 587 citraque
835 526 1046 568 causam
1078 513 1359 582 attingere,
1389 511 1524 564 sicut
1551 518 1743 563 cratera
1771 524 1785 559 :
1828 504 1996 558 multo

403 624 574 678 magis
605 608 717 663 haec
740 607 931 661 mulier
946 605 1103 660 simili
1126 605 1305 658 animo
1325 601 1636 657 attendebat
1661 600 1727 653 ad
1752 614 1995 669 puerum,

406 706 567 755 etiam
598 702 903 771 priusquam
934 699 1080 751 illum
1114 698 1165 750 in
1196 697 1448 766 templum
1483 695 1759 749 induceret
1788 711 1800 747 :
1832 703 1885 748 et
1915 694 1998 747 di-

405 794 601 863 ligebat
629 793 918 863 nnpensius
943 792 1129 855 ﬁlium,
1160 792 1448 845 ctcurabat
1482 799 1751 858 tamquam
1782 790 1891 843 Deo
1916 788 2001 841 ιιι-

401 897 598 946 catum.
617 888 928 942 existimans
942 903 1001 942 se
1013 902 1108 956 per
1128 887 1270 939 illum
1286 883 1669 941 sanctificatum
1685 883 1768 949 iri,
1788 883 2001 954 quando

402 982 594 1035 domus
612 982 902 1051 ipsiusjam
924 990 1038 1035 erat
1064 979 1204 1035 facta
1234 981 1509 1049 templum,
1540 993 1593 1033 ut
1620 996 1738 1050 quae
1762 979 1999 1051 prophe-

406 1081 514 1124 tam
542 1086 601 1126 ac
625 1072 956 1125 sacerdotem
986 1071 1123 1124 intra
1148 1086 1204 1123 se
1227 1072 1546 1125 contineret.
1573 1070 1688 1124 Non
1713 1072 1883 1124 solum
1901 1085 2000 1122 au-

404 1174 510 1217 tem
540 1178 604 1217 ex
635 1178 699 1216 eo
726 1164 867 1232 quod
902 1164 1047 1215 ἱΙΙιιιιι
1078 1163 1185 1216 Deo
1217 1163 1522 1230 spopondit,
1550 1163 1900 1217 verumetiam
1930 1177 1997 1216 ex

406 1254 507 1307 hoc
522 1254 661 1323 quod
681 1271 785 1307 non
803 1270 926 1306 ausa
943 1254 1008 1307 sit
1030 1254 1321 1308 ascendere
1340 1254 1391 1307 in
1413 1254 1669 1323 templum
1694 1254 1999 1323 priusquam

405 1344 731 1399 ablactasset
775 1346 1050 1408 infantem,
1094 1345 1209 1413 ejus
1238 1344 1488 1413 pietatem
1521 1346 1644 1398 licet
1672 1347 1994 1414 perspicere.

407 1440 493 1492 Ait
514 1440 646 1491 enim
669 1440 775 1491 viro
796 1457 886 1493 suo
913 1456 932 1494 :
966 1438 1087 1492 Non
1116 1441 1386 1493 ascendant
1418 1440 1585 1493 donec
1607 1442 1846 1493 ascendat
1874 1457 2001 1509 puer

407 1549 604 1586 mecum
625 1550 643 1586 :
667 1549 779 1585 cum
806 1544 972 1586 autem
994 1534 1312 1587 ablactavero
1336 1533 1505 1598 ilium,
1542 1533 1786 1599 offeretur
1807 1534 1857 1586 in
1876 1550 2000 1586 con-

407 1635 577 1694 spectu
609 1624 830 1687 Domini,
866 1635 909 1678 et
934 1624 1121 1679 sedebit
1144 1625 1250 1679 illic
1278 1626 1331 1678 in
1351 1642 1511 1680 wvum
1540 1627 1616 1696 (1.
1644 1625 1770 1696 Reg.
1799 1626 1851 1681 1.
1884 1624 1998 1695 22).

418 1716 648 1768 Viden"!
675 1716 789 1769 Non
823 1716 1159 1769 existimabat
1179 1730 1299 1771 esse
1327 1725 1497 1770 tutunt
1523 1716 1613 1769 illo
1635 1716 1783 1769 domi
1812 1717 1999 1770 rclicto

409 1807 703 1861 ascendere
728 1808 777 1860 in
817 1807 1070 1877 templum
1090 1850 1104 1874 ,
1135 1808 1277 1877 quod
1306 1823 1424 1861 cum
1454 1809 1751 1877 accepisset
1777 1810 1997 1875 donum,

411 1915 517 1951 non
536 1898 825 1952 sustineret
851 1899 1054 1969 absque
1081 1898 1223 1953 dono
1245 1915 1580 1969 comparere.
1605 1901 1809 1955 Rursus
1829 1902 2001 1956 addu-

409 1999 494 2043 cto
522 1990 629 2047 illo.
663 2006 725 2043 ac
756 2007 874 2045 mox
908 2000 1141 2059 recepto,
1166 1991 1493 2047 descendere
1525 1995 1810 2048 verebatur
1839 2012 1852 2048 :
1883 1996 2003 2050 ideo

410 2088 559 2133 tanto
588 2092 825 2149 tempore
853 2083 1143 2145 remansit,
1193 2092 1251 2137 ut
1293 2099 1413 2137 cum
1459 2084 1602 2138 dono
1646 2099 2001 2155 compareret.

412 2170 645 2224 Adduxit
670 2186 817 2241 ergo,
862 2188 923 2225 ac
949 2173 1183 2241 reliquit,
1222 2189 1319 2227 nec
1349 2189 1481 2243 puer
1513 2191 1543 2228 a
1575 2192 1803 2229 mamma
1835 2178 2006 2232 divul-

411 2280 505 2320 sus
531 2267 757 2321 moleste
786 2268 923 2331 tulit,
954 2267 1079 2321 licet
1103 2269 1284 2322 sciatis
1324 2284 1483 2338 quam
1509 2270 1718 2324 soleant
1744 2272 2005 2341 indignari

412 2360 561 2428 pueri
583 2361 790 2429 quoties
810 2375 838 2413 a
866 2361 1002 2415 lacte
1027 2360 1367 2431 depelluntur
1394 2363 1467 2433 (a)
1500 2380 1513 2416 :
1542 2377 1724 2417 verum
1766 2379 1865 2417 nec
1894 2364 2007 2432 ipse

413 2467 547 2521 puer
576 2467 718 2519 :cgre
747 2451 865 2504 tulit
910 2466 940 2505 a
985 2460 1159 2505 matre
1199 2452 1459 2516 divulsus,
1505 2455 1597 2510 sed
1629 2454 1698 2511 ad
1724 2453 2004 2508 Dominum

416 2542 670 2609 respexit,
702 2542 789 2612 qui
819 2543 987 2611 ipsam
1015 2552 1241 2597 matrem
1271 2543 1501 2609 fecerat;
1541 2560 1641 2599 nec
1691 2546 1806 2615 ipsa
1836 2556 2008 2600 mater

416 2634 585 2687 doluit
606 2650 633 2687 a
664 2650 831 2703 puero
861 2635 1122 2704 sejuncta,
1151 2637 1273 2706 quia
1298 2637 1591 2691 naturalem
1620 2637 1867 2693 allectum
1882 2638 2009 2695 vicit

419 2725 779 2779 interveniens
804 2726 991 2795 gratia,
1017 2736 1071 2780 et
1101 2737 1325 2797 uterque
1355 2742 1413 2782 se
1442 2744 1564 2782 cum
1614 2730 1785 2783 altero
1833 2731 2010 2786 vivere

417 2815 781 2871 existimabat.
814 2817 1275 2884 Quemadmodum
1305 2820 1492 2874 eodem
1526 2821 1576 2875 in
1602 2821 1721 2876 loco
1753 2820 1857 2875 fixa
1887 2824 2009 2878 vitis

420 2908 470 2961 in
495 2907 709 2977 longum
740 2908 984 2978 producit
1015 2910 1260 2979 palmites
1285 2951 1300 2972 .
1331 2920 1386 2966 et
1409 2929 1505 2967 uva
1533 2914 1699 2969 mttlto
1730 2917 2011 2970 intervallo

419 3000 677 3067 pendens,
710 3001 874 3055 radici
907 3000 1075 3057 hmret
1106 3020 1119 3055 :
1154 3003 1334 3059 itidem
1375 3016 1430 3059 et
1460 3005 1513 3059 in
1546 3007 1647 3062 hac
1690 3008 1886 3063 accidit
1936 3008 2014 3062 fc-

418 3092 584 3157 mina,
612 3108 732 3161 qua:
763 3094 815 3146 in
842 3094 977 3149 urbe
998 3110 1226 3150 manens
1252 3112 1423 3166 usque
1448 3099 1515 3151 ad
1539 3100 1795 3167 templum
1821 3110 2012 3155 exten-

420 3182 498 3237 dit
520 3198 674 3238 suum
698 3186 992 3254 palntitcm,
1022 3197 1182 3258 atque
1210 3190 1317 3244 illic
1343 3207 1498 3245 uvam
1527 3194 1805 3262 suspendit
1836 3206 2012 3249 matu-

423 3293 538 3331 ram
571 3296 583 3330 :
617 3293 717 3332 nec
744 3279 1080 3335 intervallum
1110 3281 1237 3335 illud
1269 3282 1436 3337 ullum
1465 3286 2014 3355 attulitimpcdimen-

423 3376 535 3421 tum
564 3410 579 3434 ,
612 3384 733 3422 cum
762 3371 958 3425 caritas
985 3388 1105 3441 qua:
1141 3374 1433 3429 secundum
1464 3376 1632 3430 Deum
1659 3386 1761 3443 est,
1792 3395 2015 3448 puerum

424 3463 578 3517 matri
596 3464 1237 3541 copularet.Quamquam
1257 3470 1398 3527 enim
1422 3481 1553 3528 mtas
1570 3482 1684 3529 erat
1712 3474 2013 3541 immatura,

424 3554 593 3608 virtus
644 3566 820 3613 tamen
871 3561 1054 3616 aderat
1104 3573 1355 3619 matura:
1396 3566 1916 3641 ascendentibusquc
1962 3570 2013 3622 in

426 3650 682 3719 templum
714 3654 962 3709 omnibus
1008 3656 1190 3712 multa:
1240 3659 1513 3730 religionis
1550 3664 1804 3733 magister
1846 3665 2016 3721 factus

424 3752 526 3796 est.
552 3743 683 3798 Nam
728 3746 953 3800 illidunt
1000 3750 1332 3819 inquirerent
1375 3753 1751 3827 discerentque
1798 3760 2014 3813 modum

425 3837 680 3891 natalium
711 3839 873 3905 illius,
898 3842 1110 3897 abunde
1136 3859 1386 3915 magnum
1413 3848 1661 3903 solatium
1684 3852 2018 3921 accipiebant

424 3928 537 3996 spei
559 3945 677 3997 qua:
704 3939 925 4002 esterga
949 3932 1138 3989 Deum.
1163 3936 1345 4006 Neque
1365 3939 1668 4009 quisquam,
1694 3942 1811 3996 viso
1827 3958 2013 4012 puero,

424 4022 615 4076 tacitus
654 4024 1037 4095 descendebat,
1082 4030 1177 4085 sed
1203 4048 1391 4090 omnes
1415 4035 1788 4105 glorificabant
1817 4038 1965 4094 illum
1999 4083 2013 4105 ,

425 4130 455 4168 a
481 4130 588 4185 quo
620 4127 817 4187 praeter
842 4134 991 4189 spem
1018 4122 1175 4179 datus
1194 4136 1333 4181 erat.
1364 4127 1515 4183 Hanc
1540 4131 1610 4184 ob
1639 4145 1855 4187 causam
1877 4135 2017 4189 Deus

426 4207 636 4263 distulit
664 4222 898 4279 partum,
929 4222 985 4268 ut
1007 4214 1145 4270 hanc
1174 4228 1394 4289 augeret
1435 4222 1783 4291 voluptatem,
1812 4234 1867 4279 ut
1896 4241 2017 4280 mu-

429 4298 615 4354 lierem
637 4302 889 4358 redderet
915 4306 1282 4364 illustriorem.
1307 4310 1439 4366 Nam
1466 4314 1789 4385 quicumque
1808 4318 2017 4371 calami-

429 4400 590 4446 tatem
625 4394 741 4463 ejus
793 4410 1071 4466 noverant,
1125 4402 1160 4456 ii
1205 4412 1371 4460 testes
1402 4406 1523 4461 facti
1567 4411 1750 4477 gratia:
1805 4412 1894 4467 Dei
1922 4430 1936 4466 :
1964 4425 2019 4469 et

427 4485 569 4555 quod
598 4486 757 4557 longo
787 4498 1026 4560 tempore
1056 4496 1251 4549 mansit
1276 4498 1326 4551 in
1354 4498 1602 4566 orbitate,
1626 4502 1821 4571 effecit,
1869 4515 1925 4560 ut
1966 4519 2018 4563 et

425 4577 541 4649 ipsa
576 4580 757 4633 multis
786 4592 926 4635 esset
958 4584 1149 4649 notior,
1178 4596 1225 4641 et
1252 4589 1319 4643 ab
1350 4592 1596 4647 omnibus
1626 4594 1778 4651 beata
1828 4600 2019 4668 prrcdi-

428 4676 661 4732 carctur,
693 4680 942 4742 essetque
989 4676 1041 4728 in
1076 4676 1465 4737 admiratione:
1494 4684 1724 4757 hincque
1773 4688 1970 4747 factum
2000 4735 2014 4757 ,

432 4767 489 4811 ut
517 4774 611 4826 per
642 4760 783 4815 illam
812 4762 919 4816 Deo
943 4767 1141 4833 gratias
1167 4782 1387 4838 agerent
1420 4789 1576 4843 quam
1608 4778 1839 4846 plurimi.
1894 4783 2019 4841 Haec

433 4848 551 4903 ideo
582 4850 793 4921 loquor,
834 4863 891 4908 ut
918 4856 1125 4911 etiamsi
1154 4875 1250 4914 nos
1294 4862 1521 4920 feminas
1564 4882 1777 4926 sanctas
1807 4878 2018 4930 noveri-

433 4957 553 4996 mus
577 4943 628 4997 in
658 4945 885 5002 orbitate
911 4959 1000 5001 aut
1036 4949 1085 5002 in
1114 4952 1214 5005 alia
1237 4969 1473 5010 aerumna
1502 4960 1778 5030 degentes,
1816 4982 1880 5021 ne
1900 4984 2017 5023 mo-

427 5041 565 5095 leste
587 5039 844 5105 feramus,
876 5057 1009 5097 neve
1048 5044 1405 5115 indignemur,
1456 5067 1555 5106 nec
1594 5054 1835 5111 dicamus
1878 5062 2017 5130 apud

432 5129 721 5199 nosipsos:
754 5131 931 5198 Quare
960 5133 1100 5189 Deus
1130 5135 1373 5206 despexit
1418 5144 1695 5199 mulierem
1726 5158 1869 5204 tanta
1904 5129 2018 5222 pie-

432 5230 541 5275 tate
566 5222 866 5290 praadilam,
899 5240 999 5280 nec
1042 5226 1188 5281 dedit
1234 5231 1477 5298 prolem?
1514 5234 1697 5307 Neque
1727 5240 1869 5296 enim
1919 5244 2016 5299 ista

429 5324 554 5368 sum
584 5315 918 5385 negligentis,
953 5319 1045 5372 sed
1073 5320 1171 5375 hoc
1193 5323 1345 5378 nobis
1371 5328 1622 5395 expedire
1638 5334 1828 5387 melius
1845 5335 2017 5390 scien-

432 5408 499 5459 tis
529 5422 687 5475 qnazn
713 5408 912 5477 nosipsi
942 5414 1161 5465 scimus.
1192 5417 1446 5471 Ascendit
1478 5419 1635 5488 igitur
1659 5423 1707 5477 in
1733 5428 2013 5497 templum,

429 5507 482 5551 et
509 5512 705 5566 agnum
735 5500 939 5555 induxit
972 5503 1022 5556 in
1049 5506 1188 5559 ovile
1209 5522 1271 5559 ac
1301 5508 1523 5565 vitulum
1550 5515 1798 5579 perdunt
1831 5519 1897 5572 ad
1925 5536 2014 5574 ar-

430 5599 688 5653 mentum,
713 5602 765 5644 et
795 5593 847 5647 in
876 5604 1086 5662 pratum
1102 5596 1508 5657 deduxitrosam
1527 5618 1554 5657 a
1574 5605 1740 5675 spinis
1771 5610 2013 5678 liberam,

432 5697 632 5751 rosam,
658 5686 896 5756 inquam,
920 5705 1036 5759 qua:
1064 5708 1354 5764 numquam
1381 5702 1682 5768 marcescit,
1739 5705 1833 5760 sed
1860 5706 2015 5763 floret

432 5889 483 5927 CL
496 5816 685 5939 iii:
710 5822 859 5875 multa
891 5826 1124 5891 deerant,
1166 5845 1276 5895 quae
1299 5834 1553 5903 desumpta
1576 5854 1688 5898 sunt
1714 5862 1775 5899 ex
1800 5845 2012 5902 Colbert.

1146 399 1202 456 S.
1244 398 1519 455 JOANNIS
1542 388 2017 449 CllltYSOSTOMI
2060 389 2381 449 AliClllEP.
2423 396 2954 459 CONSTANTINOP.

3593 412 3700 470 656

2106 521 2385 581 perpetuo,
2417 528 2643 583 qumque
2672 517 2836 583 possit
2876 517 2944 572 ad
2985 524 3159 588 ipsum
3190 535 3358 591 usque
3384 523 3574 579 caelum
3601 540 3699 579 ex-

2108 602 2276 666 tendi,
2302 605 2454 672 cujus
2485 603 2773 676 fragrantia
2799 609 2851 662 in
2878 608 3199 666 hodiernum
3229 629 3398 682 usque
3418 614 3569 679 diem
3595 632 3696 685 po-

2108 697 2311 749 tiuntur
2334 711 2525 752 omnes
2561 700 2650 768 qui
2699 708 2959 755 terrarum
2991 703 3228 759 incolunt
3260 705 3468 761 orbem.
3495 707 3703 763 Tantus

2107 801 2646 846 annorumnumerus
2674 793 2952 862 prazteriit,
2999 805 3053 849 et
3106 804 3288 852 tamen
3315 799 3528 853 virtutis
3553 800 3705 855 illius

2107 879 2395 949 fragrantia
2424 897 2639 954 semper
2662 887 2921 955 augescit,
2948 903 3047 942 nec
3096 898 3240 944 tanta
3281 894 3538 961 temporis
3578 910 3703 949 ma-

2106 973 2386 1043 gnitudine
2411 974 2549 1028 facta
2577 984 2663 1030 est
2688 976 3004 1047 languidior.
3038 978 3180 1035 Talis
3209 981 3354 1036 enim
3386 992 3468 1039 est
3512 1000 3699 1041 rerum

2108 1065 2468 1133 spiritualium
2497 1076 2711 1121 natura.

2180 1159 2231 1212 5.
2258 1157 2595 1228 Comparatur
2620 1162 2783 1215 Annae
2808 1162 3115 1230 sacriﬁcium
3139 1168 3518 1236 camsacriﬁcio
3534 1185 3710 1223 sacer-

2108 1250 2239 1304 dotis
2260 1260 2306 1304 et
2325 1252 2577 1320 sacriﬁcio
2600 1252 2835 1308 Abrahae.
2871 1256 3033 1309 Anna:
3058 1257 3302 1311 modestia
3334 1268 3379 1311 et
3399 1270 3577 1329 gratus
3593 1264 3715 1315 ani-

2107 1360 2240 1398 mus.
2258 1375 2330 1385 —
2343 1345 2599 1401 Ascendit
2624 1345 2782 1415 igitur
2796 1348 3112 1417 prmclarum
3142 1349 3268 1405 illud
3287 1366 3502 1420 germen
3523 1362 3707 1408 trans-

2110 1444 2377 1512 plantans,
2396 1442 2910 1513 etquemadmodnm
2936 1443 3182 1497 industrii
3204 1444 3450 1513 agricolm
3471 1448 3708 1515 primum

2108 1551 2292 1591 semen
2322 1539 2372 1590 in
2407 1548 2605 1591 terram
2635 1536 2927 1604 deponunt,
2952 1537 3213 1605 cupressi,
3236 1548 3326 1592 aut
3350 1539 3579 1594 aliarum
3614 1556 3707 1594 ar-

2109 1629 2299 1683 borum
2327 1630 2603 1691 similium,
2634 1628 2848 1693 deinde,
2882 1628 2969 1681 ubi
2992 1641 3387 1697 conspexerunt
3427 1646 3456 1683 a
3498 1632 3709 1687 semine

2110 1721 2303 1775 factam
2332 1722 2604 1787 arborem,
2640 1738 2745 1775 non
2790 1721 3099 1791 relinquunt
3124 1722 3175 1775 in
3205 1722 3395 1778 eadem
3424 1732 3588 1789 terra,
3610 1725 3708 1779 sed

2111 1815 2234 1869 inde
2262 1816 2527 1869 revulsam
2550 1815 2601 1868 in
2633 1814 2774 1869 aliud
2805 1814 3134 1871 transferunt
3155 1816 3350 1881 solum,
3388 1826 3447 1871 ut
3470 1826 3615 1872 terra
3645 1819 3698 1871 in

2110 1923 2300 1962 recens
2329 1908 2535 1977 gremio
2559 1922 2659 1963 suo
2684 1917 2961 1975 exceptam
2985 1908 3124 1963 illius
3154 1908 3410 1974 radicem,
3442 1926 3634 1979 puram
3651 1920 3709 1965 et

2112 2001 2374 2071 integram
2404 2002 2514 2055 vim
2543 2015 2697 2055 suam
2728 2001 2959 2071 proferat
2987 2001 3053 2056 ad
3086 2017 3207 2057 eam
3232 2002 3477 2058 alendam
3509 2022 3524 2057 :
3552 2005 3632 2059 sic
3651 2015 3711 2059 et

2112 2093 2227 2148 hmc
2254 2094 2379 2149 fecit
2404 2094 2617 2160 mulier,
2640 2111 2761 2164 qua:
2786 2110 3013 2164 puerum
3042 2107 3238 2165 praeter
3262 2112 3414 2166 spem
3439 2099 3708 2166 prosemi-

2112 2197 2297 2241 natum
2327 2188 2379 2241 in
2410 2196 2564 2242 utero
2605 2202 2634 2240 a
2681 2185 2841 2242 domo
2889 2189 3177 2255 transtulit,
3240 2200 3296 2244 et
3345 2193 3400 2245 in
3446 2193 3710 2259 templum

2114 2281 2550 2351 transplantavit,
2593 2280 2684 2335 ubi
2730 2288 2998 2350 perpetua:
3026 2290 3151 2336 sunt
3195 2281 3420 2336 fontium
3446 2282 3709 2335 scatebras

2111 2382 2166 2427 ct
2193 2373 2527 2443 irrigationes
2581 2373 2920 2442 spirituales,
2979 2383 3036 2427 ut
3085 2373 3265 2428 videre
3321 2375 3529 2428 licuerit
3575 2374 3705 2428 illud

2114 2466 2487 2535 propheticum
2514 2467 2567 2521 in
2596 2467 2701 2521 illis
2727 2468 2953 2539 impleri,
2981 2467 3123 2538 quod
3157 2468 3319 2522 David
3347 2468 3501 2535 dixit,
3531 2469 3602 2522 ita
3619 2484 3711 2522 ea-

2114 2573 2250 2611 neus
2277 2573 2290 2610 :
2325 2556 2511 2611 Beatus
2532 2560 2607 2612 vir
2630 2560 2719 2628 qui
2747 2577 2849 2614 non
2896 2559 3169 2614 ambulavit
3195 2561 3250 2613 in
3289 2560 3503 2614 consilio
3531 2560 3711 2630 impio-

2113 2668 2248 2715 rum,
2279 2662 2324 2706 et
2342 2656 2391 2707 in
2419 2653 2500 2706 via
2520 2663 2838 2724 peccatorum
2862 2671 2963 2707 non
2979 2654 3133 2717 stetit,
3156 2663 3203 2707 et
3227 2670 3380 2723 super
3403 2654 3707 2707 cathedram

2118 2746 2417 2814 pestilentia;
2442 2761 2543 2797 non
2567 2746 2735 2799 sedit:
2763 2745 2852 2799 sed
2872 2747 2923 2799 in
2951 2746 3061 2817 lege
3082 2743 3293 2800 Domini
3318 2745 3549 2799 voluntas
3573 2746 3707 2814 ejus,

2116 2848 2163 2891 et
2192 2838 2245 2890 in
2273 2837 2379 2907 lege
2399 2839 2510 2908 ejus
2546 2833 2891 2887 meditabitur
2925 2834 3010 2888 die
3043 2851 3106 2887 ac
3145 2848 3295 2891 nocte
3335 2854 3355 2891 :
3382 2848 3431 2891 et
3453 2838 3547 2890 erit
3571 2847 3708 2889 tant-

2116 2949 2270 3002 qttam
2303 2933 2498 3002 lignum
2522 2930 2660 3003 quod
2680 2930 2963 3001 plumatum
2989 2939 3062 2984 est
3095 2947 3236 2984 secus
3266 2931 3509 2985 decursus
3548 2942 3715 2997 aqua-

2116 3042 2254 3084 rum,
2287 3023 2423 3092 quod
2454 3026 2676 3094 fructum
2696 3039 2845 3076 suum
2862 3022 3001 3075 dabit
3019 3023 3073 3075 in
3101 3033 3323 3090 tempore
3345 3039 3437 3077 suo
3462 3021 3635 3094 (Psal.
3658 3021 3708 3075 1.

2120 3118 2147 3171 1
2183 3147 2211 3157 -
2237 3117 2314 3186 5).
2354 3116 2538 3186 Neque
2586 3115 2729 3169 enim
2772 3126 2890 3183 post
2918 3114 3134 3168 malitia:
3154 3115 3537 3182 experientiam
3568 3112 3716 3165 venit

2120 3208 2187 3263 ad
2218 3208 2434 3263 malitiae
2466 3207 2844 3261 remissionem
2866 3246 2882 3273 ,
2896 3208 2987 3262 sed
3005 3207 3070 3261 ad
3089 3207 3221 3276 ipsis
3237 3205 3526 3260 cunabulis
3546 3205 3715 3256 virtu-

2122 3310 2233 3356 tem
2259 3302 2421 3371 elegit
2446 3318 2460 3365 ;
2511 3317 2616 3355 non
2649 3299 2837 3355 habuit
2865 3299 3197 3354 consortium
3221 3311 3343 3351 cum
3369 3296 3717 3351 conscssihns

2123 3394 2389 3462 iniquitati
2413 3393 2681 3458 obnoxiis,
2715 3406 2889 3460 neque
2917 3389 3350 3445 communionem
3374 3387 3560 3441 habuit
3590 3400 3719 3439 cum

2122 3484 2510 3540 conventiculis
2532 3484 2803 3553 impietate
2829 3482 2997 3553 plenis
3022 3499 3036 3535 :
3068 3480 3161 3536 sed
3179 3481 3348 3551 prima
3375 3478 3557 3533 statim
3587 3493 3721 3547 pue-

2125 3576 2246 3630 ritia
2274 3592 2303 3630 a
2326 3592 2555 3629 mamma
2581 3576 2767 3629 matris
2790 3576 2935 3631 venit
2959 3574 3025 3627 ad
3051 3588 3334 3628 mammam
3357 3572 3717 3641 spiritualem.

2126 3668 2194 3723 Et
2222 3667 2672 3741 quemadmodum
2703 3668 2864 3721 arbor
2889 3676 3143 3737 perpetua
3174 3665 3484 3735 irrigatione
3514 3665 3567 3717 in
3604 3678 3723 3716 ma-

2124 3783 2280 3836 gnam
2339 3769 2599 3821 excrescit
2651 3762 3027 3821 altitudinem:
3059 3762 3135 3815 sic
3178 3769 3235 3815 et
3282 3759 3370 3813 hic
3410 3759 3721 3813 divinorum

2125 3860 2457 3928 cloquiorum
2508 3858 2750 3913 doctrina
2799 3858 3013 3912 assidue
3058 3852 3341 3929 irrigatus,
3390 3850 3455 3907 ad
3502 3850 3721 3907 virtutis

2124 3951 2394 4020 fastigium
2441 3950 2705 4019 pervenit.
2764 3950 2877 4019 Age
2921 3949 3199 4003 videamus
3246 3946 3516 4017 quomodo
3567 3946 3718 3999 illum

2126 4047 2371 4114 plantarit
2395 4062 2409 4107 ;
2439 4052 2706 4100 sectemur
2719 4045 3015 4105 mulierem,
3034 4043 3191 4097 simul
3208 4056 3328 4095 cum
3350 4041 3438 4095 illa
3457 4041 3720 4109 templum

2128 4137 2771 4207 ingrediamur.Ascendit,
2796 4136 2987 4206 inquit,
3017 4153 3130 4188 cum
3150 4136 3239 4189 illo
3267 4135 3319 4188 in
3338 4133 3510 4189 Selom
3531 4134 3546 4163 ¹
3572 4135 3627 4187 in
3647 4134 3723 4187 vi-

2126 4230 2232 4283 tulo
2248 4231 2430 4283 trienni
2446 4231 2492 4301 (l
2506 4270 2520 4287 .
2533 4229 2657 4301 Reg.
2677 4232 2728 4287 l.
2741 4229 2859 4301 2-4).
2875 4228 2989 4284 1am
3008 4228 3277 4299 geminum
3295 4224 3720 4281 ﬁtsaeriﬁcium:

2126 4335 2180 4377 et
2206 4335 2321 4378 erat
2348 4324 2543 4377 vitulus
2574 4322 2661 4376 hic.
2690 4322 3036 4385 irrationalis,
3071 4322 3157 4375 ille
3187 4318 3498 4383 rationalis;
3548 4329 3607 4374 et
3652 4320 3725 4374 il~

2129 4418 2233 4470 lum
2263 4417 2476 4486 quidem
2506 4417 2757 4471 sacerdos
2788 4415 3103 4481 immolavit,
3137 4415 3280 4469 hunc
3311 4430 3435 4470 vero
3452 4413 3727 4469 dedicavit

2127 4510 2349 4574 mulier;
2379 4518 2597 4580 eratque
2625 4509 2862 4563 mulieris
2886 4509 3099 4563 victima
3129 4507 3321 4562 melior
3338 4522 3494 4577 quam
3521 4506 3723 4572 hostia,

2126 4619 2285 4673 quam
2313 4602 2507 4657 obtulit
2547 4602 2823 4659 sacerdos.
2855 4600 2981 4657 [hcc
3010 4617 3230 4655 suorum
3262 4601 3530 4655 viscerum
3579 4599 3723 4654 facta

2127 4703 2210 4750 est
2230 4694 2588 4749 sacerdotissa
2614 4711 2629 4759 ;
2663 4694 2865 4748 imitata
2891 4703 2975 4747 est
3004 4693 3363 4763 patriarcham
3395 4690 3667 4746 Abraham
3707 4734 3724 4757 ,

2126 4802 2354 4856 cumque
2380 4786 2473 4839 illo
2500 4796 2771 4841 certamen
2802 4785 3057 4854 suscepit.
3084 4783 3190 4840 Sed
3218 4783 3306 4838 ille
3322 4783 3536 4853 quidem
3551 4783 3724 4837 tilium

2128 4888 2399 4945 receptum
2430 4877 2643 4932 reduxit
2697 4876 2764 4932 de
2820 4885 3036 4943 monte;
3066 4874 3185 4931 tunc
3234 4891 3363 4929 vero
3409 4874 3627 4944 reliquit
3669 4875 3725 4927 in

2129 4972 2351 5040 templo,
2406 4981 2463 5024 ut
2513 4972 2619 5025 illic
2644 4980 2902 5040 perpetuo
2932 4979 3194 5025 maneret.
3243 4969 3382 5036 Quin
3413 4970 3591 5039 potius
3634 4968 3727 5022 ille

2126 5078 2337 5132 quoque
2356 5071 2521 5117 totum
2539 5061 2804 5117 dedicavit
2826 5076 2840 5115 :
2869 5076 3000 5118 cave
3018 5063 3159 5117 enim
3179 5062 3306 5116 illud
3328 5070 3556 5131 Spectes,
3577 5060 3724 5129 quod

2128 5171 2232 5210 non
2260 5156 2475 5220 occidit,
2504 5155 2597 5212 sed
2630 5155 2773 5225 quod
2818 5156 2997 5210 animo
3036 5166 3206 5210 tomm
3253 5155 3479 5226 peregit.
3531 5154 3724 5209 Vidisti

2128 5245 2379 5300 feminam
2406 5261 2526 5300 cum
2557 5247 2676 5301 viro
2704 5246 3107 5302 decertantem?
3129 5247 3309 5302 vidisti
3340 5246 3471 5301 nihil
3514 5262 3545 5301 a
3584 5262 3723 5303 sexu

2126 5340 2377 5404 vetitam,
2431 5342 2716 5409 quominus
2760 5342 3104 5397 aemularetur
3153 5340 3553 5411 patriarcham?
3614 5340 3724 5396 Sed

2128 5432 2423 5499 videamus,
2460 5434 2728 5504 quomodo
2755 5434 2901 5489 illum
2947 5435 3294 5488 consecrarit.
3334 5436 3497 5500 Adiit,
3546 5436 3724 5505 inquit

2126 5523 2400 5593 Scriptura
2424 5565 2438 5587 ,
2486 5526 2829 5591 sacerdotem,
2878 5543 2938 5579 ac
2963 5525 3091 5580 dixit
3128 5526 3209 5580 illi
3232 5543 3253 5580 :
3280 5525 3347 5581 In
3372 5544 3469 5593 me,
3517 5528 3727 5581 domino

2127 5614 2286 5688 (Ibid.
2307 5633 2354 5670 υ.
2374 5616 2491 5687 26).
2512 5618 2647 5686 Quid
2675 5619 2887 5674 tandem
2918 5629 3001 5675 est
3026 5619 3176 5682 illud,
3201 5617 3268 5673 In
3292 5637 3372 5674 me
3388 5620 3414 5673 1’
3438 5619 3723 5687 Ausculta.

2128 5710 2316 5779 inquit,
2359 5711 2646 5781 diligenter
2669 5729 2788 5784 qua:
2815 5714 3022 5784 loquar.
3040 5714 3305 5783 Quoniam
3330 5717 3551 5770 multum
3574 5725 3723 5771 tem-

2126 5804 2271 5873 poris
2294 5803 2403 5873 jam
2436 5805 2834 5873 intercesserat,
2866 5807 3045 5863 studet
3086 5806 3175 5863 illa
3213 5824 3333 5879 qua:
3377 5808 3526 5879 prius
3575 5808 3726 5866 dicta

2192 5922 2208 5952 π
2244 5920 2374 5971 Colb.
2401 5932 2546 5985 unus,
2567 5921 2730 5986 Silam,
2757 5929 2809 5976 et
2830 5927 2899 5975 sic
2923 5926 3067 5976 etiam
3088 5938 3252 5983 supra.
