4038 6360
332 351 470 424 633‘
1614 393 1700 451 DE
1739 397 1865 452 ANE‘

1968 399 2199 463 SERMO
2239 405 2327 466 HI.

327 487 510 559 πολλῴ
548 490 801 565 μᾶλλονή
833 494 968 570 γυνὴ
999 501 1138 569 μετὰ
1170 505 1426 577 τοιαύτης
1451 509 1525 580 τῷ
1557 513 1753 584 παιδίῳ
1775 513 1914 582 γνώ-

329 593 438 646 μης
477 577 822 668 προσέχουσα
849 594 898 645 ⁸,
931 585 1029 668 καὶ
1079 588 1209 658 πρὶν
1253 592 1332 654 είς
1378 593 1470 646 τὸν
1497 577 1644 650 ⁷ναὸν
1689 577 1913 668 είσαγα-

322 661 460 725 γείν,
496 661 589 712 καὶ
619 661 791 730 ἐφίλει
827 665 1088 734 μειζόνως
1125 672 1156 741 ἢ
1193 672 1269 736 ὡς
1315 675 1543 743 παιδίον,
1594 682 1686 732 καὶ
1713 661 1908 752 ἐθερά-

321 758 487 794 πευεν
512 743 586 805 ώς
612 745 891 817 ἀνάθημα,
914 750 1234 817 ἀγιάζεσθαι
1259 755 1325 809 δι’
1349 761 1556 812 ἐκείνου
1588 763 1904 832 νομίζουσα·

319 825 416 876 καὶ
446 826 611 898 γάρὴ
660 829 808 881 οίκία
838 832 1007 903 αὐτῆς
1043 835 1169 901 ναὸς
1225 839 1459 906 ἐγένετο,
1494 845 1584 898 τὸν
1619 825 1905 919 προφήτην

318 907 468 960 ἔνδον
497 909 697 978 ἔχουσα
730 915 940 968 καὶτὸν
970 918 1140 988 ἱερέα.
1196 923 1308 975 Ούκ
1356 924 1416 989 ἐξ
1440 920 1514 978 ὧν
1550 907 1815 1000 ὑπέσχετο
1847 907 1902 985 δὲ

319 992 484 1060 μόνον
515 993 696 1056 αὐτὸν,
732 995 867 1050 ἀλλά
892 1000 986 1052 καὶ
1024 1001 1082 1066 ἐξ
1103 997 1177 1056 ὧν
1196 1007 1296 1060 οὐκ
1317 1008 1611 1079 ἐτόλμησεν
1641 992 1898 1083 ἐπιϐῆναι

311 1073 410 1124 τοῦ
453 1074 578 1126 ναοῦ
603 1116 618 1138 ν
668 1080 797 1149 πρὶν
843 1079 874 1151 ἢ
922 1083 1022 1154 τῆς
1078 1087 1545 1161 γαλακτοτροφίας
1594 1095 1898 1164 ἀπαγαγεῖν

3487 439 3592 488 εδει

2017 521 2379 590 λαμϐάνονται
2411 529 2571 603 μέχρι
2600 536 2855 604 τήμερον.
2879 537 3142 604 Τοσοῦτος
3163 538 3254 597 οὖν
3290 545 3424 596 ἐτῶν
3461 565 3592 618 παρ-

2015 619 2176 688 ῆλθεν
2206 625 2456 696 ἀριθμὸς,
2488 632 2580 684 καὶ
2604 635 2672 686 τά
2696 635 2796 704 τῆς
2823 638 3022 708 ἀρετῆς
3041 640 3139 709 τῆς
3168 643 3308 696 κατά
3331 645 3428 714 τὴν
3454 648 3589 699 εὐω-

2009 719 2127 771 δίαν
2156 722 2357 795 ταύτην
2383 729 2730 792 ἐπιτείνεται,
2763 735 2856 786 καὶ
2881 735 2941 787 ού
2965 736 3186 805 γέγονεν
3222 741 3588 814 ἀσθενεστέρα

2007 814 2084 883 τῷ
2120 817 2310 889 πλήθει
2342 821 2434 875 τοῦ
2466 826 2657 895 χρόνου
2717 830 2952 904 Τοιαύτη
2987 833 3097 905 γὰρ
3125 835 3234 888 τῶν
3285 856 3583 908 πνευματι-

2006 903 2117 955 κῶν
2143 909 2175 976 ή
2212 907 2392 975 φύσις.

2052 1015 2117 1076 γ’.
2138 1011 2358 1082 ’Λνῆλθε
2379 1016 2556 1070 τοίνυν
2575 1019 2636 1071 τὸ
2653 1020 2812 1074 καλὸν
2833 1023 2985 1094 ἔρνος
2999 1025 3155 1080 τοῦτο
3175 1031 3583 1100 μεταφυτεύου-

2001 1123 2089 1174 σα,
2126 1113 2216 1163 καὶ
2275 1115 2524 1187 καθάπερ
2577 1123 2624 1173 οἱ
2659 1122 2937 1190 φιλόπονοι
2967 1128 3075 1179 τῶν
3100 1129 3350 1196 γηπόνων
3385 1131 3581 1198 πρότε-

312 1157 499 1220 αύτὸν,
519 1159 617 1229 τὴν
645 1161 931 1216 εὐλάϐειαν
971 1167 1141 1238 αὐτῆς
1172 1170 1318 1225 ἐστιν
1355 1157 1512 1227 ίδέῖν.
1560 1157 1850 1250 Εἵπεγάρ
1877 1224 1892 1246 ,

311 1243 467 1310 φησὶ,
501 1241 580 1307 τῷ
611 1245 780 1312 ἀνδρί
805 1248 997 1316 αὐτῆς
1020 1269 1032 1281 ·
1056 1255 1177 1305 Οὐκ
1206 1256 1599 1326 ἀναϐήσομαι.
1640 1241 1758 1327 ἕως(
1787 1241 1894 1318 ίοῦ

307 1323 606 1390 ἀναϐῆναι
631 1328 692 1380 τὸ
722 1330 1036 1398 παιδάριον
1056 1337 1184 1402 μετ’
1207 1338 1354 1405 ἐμοῦ
1375 1357 1388 1370 ·
1416 1339 1562 1394 ὅταν
1577 1343 1644 1395 δὲ
1668 1346 1893 1414 ἀπογα-

307 1406 596 1474 λακτήσω
628 1412 794 1477 αὐτὸ,
827 1415 1154 1483 ὀφθήσεται
1200 1421 1280 1487 τῷ
1316 1425 1612 1490 προσώπῳ
1648 1430 1888 1497 Κιιοίου,

307 1489 406 1542 καὶ
436 1493 740 1547 καθίσεται
767 1498 895 1551 ἐκεῖ
911 1499 1022 1567 ἕως
1035 1502 1269 1571 αἰῶνος.
1307 1489 1499 1579 Ὀρᾷς;
1537 1489 1776 1580 ’Ᾱφεῖνάι
1799 1489 1891 1568 ἐπί.

303 1573 406 1644 τῆς
438 1576 634 1640 οἰκίας,
669 1581 762 1633 καὶ
789 1584 1054 1649 ἀνελθεῖν,
1094 1588 1194 1642 ούκ
1239 1591 1487 1661 ἐνόμιζεν
1529 1591 1667 1649 εἶναι
1711 1599 1887 1668 ἀσφα-

302 1655 429 1719 λές·
469 1660 608 1729 μετά
651 1663 759 1735 γάρ
791 1667 890 1738 τὴν
941 1669 1034 1722 τοῦ
1070 1670 1240 1743 δώρου
1292 1675 1457 1742 δόσιν,
1499 1681 1599 1734 ούκ
1649 1682 1888 1754 ἠνείχετο

499 1743 593 1796 τοῦ
626 1746 798 1833 δώρου
823 1752 1093 1822 φανῆναι·
1118 1759 1474 1829 ἀναγαγοῦσα
1501 1764 1556 1818 δὲ
1591 1743 1885 1833 πάλινῑκαὶ

300 1822 541 1880 λαϐοῦσα
574 1830 724 1894 αὐτὸ,
761 1834 1040 1890 κατελθεῖν
1069 1838 1339 1898 ἐδεδοίκει.
1372 1845 1471 1900 Διά
1498 1849 1656 1903 τοῦτο
1700 1851 1883 1923 ἔμεινε

299 1911 492 1979 χρόνον
514 1914 788 1979 τοσοῦτον,
814 1917 954 1972 ὥστε
983 1922 1122 1990 μετά
1141 1925 1232 1977 τοῦ
1271 1926 1443 1999 δώρου
1480 1933 1734 2004 φανῆναι.
1772 1939 1882 1991 Καὶ

295 1992 574 2061 ἀνήγαγεν
624 1994 718 2050 οὖν
745 2039 759 2062 ,
796 2002 891 2054 καὶ
935 2006 1191 2060 κατέλιπε
1213 2048 1226 2072 ,
1262 2013 1355 2064 καὶ
1386 2011 1510 2066 οὔτε
1544 2016 1748 2082 ἐκεῖνος
1781 2021 1882 2090 τῆς

294 2073 870 2174 θηλῆςνάποσπασθεὶς
896 2086 1252 2158 ἐδυσχέρανεν
1273 2111 1286 2123 ·
1323 2095 1436 2150 ἴστε
1455 2097 1509 2150 δὲ
1540 2101 1654 2165 πῶς

293 2154 408 2210 λειν
442 2160 599 2216 εἴωθε
619 2167 687 2219 τὰ
710 2168 898 2221 παιδία
919 2171 1016 2241 τῆς
1045 2174 1511 2248 γαλακτοτροφίας
1531 2183 1874 2254 ἀπαγόμενα⁹

291 2239 411 2292 ἀλλ’
445 2243 568 2298 οὔτε
599 2247 803 2312 ἐκεῖνος
827 2239 1060 2322 ἤσχαλλε
1091 2260 1190 2325 τῆς
1219 2262 1423 2331 μητρὸς
1454 2265 1874 2338 ἀποσπώμενος,

289 2323 428 2378 ἀλλά
447 2328 583 2398 πρὸς
606 2332 698 2384 τὸν
714 2334 990 2406 Δεσπότην
1013 2323 1230 2406 ἔϐλεπε,
1372 2323 1465 2398 καὶ
1487 2323 1705 2422 ἐκείνην
1721 2323 1876 2424 τιτοιή·ἰ

291 2426 464 2464 σαντα
531 2414 762 2485 μητέρα,
800 2416 924 2470 οὔτε
955 2421 1092 2493 αὕτη
1127 2424 1281 2494 ἤλγει
1315 2428 1408 2480 τοῦ
1447 2414 1666 2486 παιδίου.
1702 2454 1870 2507 χωρι-

287 2490 526 2590 ζομένη·
559 2498 802 2590 τὴνιγάρ
835 2503 943 2555 ἀπὸ
969 2490 1318 2577 τῆςφύσεως
1355 2490 1873 2590 συμπάθειανκμεισι-

286 2576 520 2630 τεύουσα
559 2581 591 2650 ή
618 2581 778 2651 χάρις
801 2586 1042 2658 ἐνίκησε,
1076 2576 1170 2644 καὶ
1203 2597 1437 2649 συνεῖναι
1474 2576 1734 2671 ἀλληλοις.
1760 2604 1872 2656 ἐδό-

286 2675 434 2713 κουν.
469 2663 577 2715 Καὶ
602 2664 856 2738 καθάπερ
881 2671 1126 2741 ἄμπελος
1149 2677 1205 2728 ἐν
1232 2677 1313 2730 ἐνὶ
1347 2663 1605 2752 ἱδρυμένη
1662 2663 1866 2758 χωρίῳ,

289 2746 453 2816 μέχρι
479 2747 676 2802 πολλοῦ
704 2754 936 2822 προάγει
964 2756 1030 2809 τά
1056 2758 1330 2829 κλήματα,
1358 2764 1450 2816 καὶ
1473 2767 1538 2818 ἐκ
1564 2766 1756 2822 πολλοῦ
1776 2773 1868 2824 τοῦ

280 2826 652 2922 διαστήματος
690 2837 1098 2922 κρεμάμενοςνό
1121 2826 1315 2912 βότρυς
1345 2849 1410 2918 τῇ
1455 2848 1580 2922 ῥίζῃ
1620 2855 1869 2921 συγγίνε-

281 2926 405 2962 ται·
435 2910 578 2966 οὕτω
607 2915 670 2986 δὴ
705 2919 799 2971 καὶ
832 2921 926 2974 ἐπὶ¹
965 2910 1169 2994 ταύτης
1202 2910 1418 2993 ἐγένετο
1455 2910 1864 3001 τῆξγυναίκός.

279 2993 461 3045 Μένου
472 3011 536 3049 σα
565 2999 672 3070 γὰρ
699 3002 794 3088 ἐπι
812 3003 910 3073 τῆς
933 2993 1160 3072 πόλεως,
1185 3009 1245 3062 τὸ
1273 3009 1457 3082 κλῆμα
1477 2993 1646 3088 αύτής
1675 2993 1868 3086 ἐξέτει-

278 3093 370 3129 νεν
393 3078 497 3142 ἕως
533 3082 626 3134 τοῦ
668 3083 815 3148 ναοῦ,
857 3088 1016 3141 κάκεῖ
1044 3090 1134 3143 τὸν
1169 3091 1362 3166 βότρυν
1387 3099 1696 3168 ἐκρέμασεν
1729 3105 1863 3176 ὤρι-

281 3175 383 3227 μον
403 3176 415 3190 ·
443 3165 534 3216 καὶ
565 3165 716 3218 οὐδὲν
739 3168 800 3220 τὸ
830 3168 1100 3242 διάστημα
1128 3175 1220 3228 τοῦ
1246 3165 1409 3232 τόπου
1432 3181 1864 3258 διεκώλυσε,τῆς

279 3246 420 3298 κατά
449 3246 579 3320 Θεὸν
609 3252 830 3325 ἀγάπης
856 3257 1234 3329 συναπτούσης
1258 3266 1321 3334 τῇ
1350 3269 1519 3339 μητρὶ
1537 3269 1597 3322 τὸ
1626 3246 1858 3329 παιδίοίλ

276 3328 339 3381 Εἰ
371 3330 480 3401 γάρ
513 3335 605 3386 καὶ
628 3337 805 3406 ἄωρος
839 3341 869 3410 ή
911 3341 1116 3412 ἡλικία,
1144 3328 1259 3398 ἀλλ’
1547 3350 1614 3426 ἦν
1645 3359 1793 3429 αύτῴ
1824 3363 1858 3431 ή

274 3415 468 3486 ἀρετὴ,
494 3420 589 3470 καὶ
620 3423 729 3483 τοῖς
758 3423 1140 3482 ἀναϐαίνουσιν
1163 3431 1243 3493 είς
1266 3433 1358 3487 τὸν
1391 3438 1516 3491 ναὸν
1543 3439 1861 3507 διδάσκαλος

275 3499 444 3551 πᾶσιν
474 3501 682 3569 ἐγίνετο
721 3505 1034 3574 θεοσεϐείας
1084 3513 1306 3586 πολλῆς.
1362 3499 1858 3597 Περιεργαζόμενοί

272 3584 384 3653 γὰρ
415 3587 510 3639 καὶ
539 3587 896 3657 μανθάνοντες
927 3596 1026 3667 τῆς
1065 3584 1368 3670 γεννήσεως
1403 3584 1857 3683 αύτοῦτὸνπρό-

274 3686 399 3734 πον,
450 3672 727 3741 ἀρκοῦσαν
761 3677 1065 3748 ἐλάμϐανον
1104 3685 1470 3758 παράκλησιν,
1524 3692 1622 3762 τὴν
1660 3696 1740 3756 είς
1763 3695 1855 3750 τὸν

267 3751 405 3805 Θεὸν
449 3753 641 3810 ἐλπίδα
666 3759 735 3812 b.
775 3762 882 3814 Καὶ
937 3764 1110 3829 οὐδεὶς
1151 3751 1295 3839 ὁρῶν
1340 3751 1402 3824 τὸ
1454 3751 1682 3840 παιδίον,
1721 3751 1851 3850 σιγῇ

270 3837 484 3908 κατῄει,
519 3841 653 3895 ἀλλὰ
681 3845 880 3910 πάντες
903 3848 1152 3913 ἐδόξαζον
1185 3837 1277 3905 τὸν
1312 3858 1444 3926 παρ’
1477 3859 1702 3924 ἐλπίδας
1721 3837 1852 3916 αὺτό

267 3918 559 3978 δεδωκότα.
601 3926 700 3978 Διὰ
738 3928 910 3982 ταῦτα
973 3933 1002 3984 0
1035 3933 1168 3997 Θεὸς
1204 3918 1496 3992 ἀνεϐάλετο
1526 3941 1618 3996 τὸν
1671 3918 1849 4012 τόκον,

265 4004 410 4058 ὥστε
442 4009 706 4062 ἐπιτεῖναι
732 4012 936 4085 ταύτην
970 4015 1070 4087 τὴν
1118 4018 1330 4090 ἡδονὴν,
1380 4022 1521 4077 ὥστε
1558 4044 1852 4099 περιφανε-

267 4090 468 4162 στέραν
504 4093 604 4163 τὴν
626 4102 860 4162 γυναῖκα
897 4101 1141 4171 ποιῆσαι.
1190 4105 1253 4156 (ὶί
1292 4106 1400 4177 γὰρ
1439 4108 1535 4179 τὴν
1565 4090 1848 4185 συμφορὰν

263 4173 437 4244 αὐτῆς
463 4177 835 4248 ἐπιστάμενοι,
865 4183 1142 4255 μάρτυρες
1188 4187 1427 4256 ἐγίνοντο
1452 4196 1550 4263 τῆς
1585 4196 1678 4249 τοῦ
1713 4199 1846 4251 Θεοῦ

262 4259 488 4328 χάριτος
508 4277 522 4289 ·
559 4261 699 4315 ὥστε
721 4264 780 4316 τὸ
807 4265 972 4320 πολὺν
991 4269 1162 4339 αὐτὴν
1187 4272 1245 4323 ἐν
1271 4273 1495 4346 ἀπαιδίᾳ
1523 4281 1704 4346 μεῖναι
1729 4283 1848 4352 χρό-

259 4359 353 4395 νον
381 4347 813 4417 γνωριμωτέραν
836 4367 895 4402 τε
918 4353 1084 4405 πᾶσιν
1114 4355 1360 4427 ἐποίησε,
1404 4361 1498 4412 καὶ
1526 4363 1674 4433 παρά
1706 4367 1844 4419 πάν-

257 4442 370 4478 των
405 4430 575 4499 αὐτὴν
601 4432 998 4502 μακαρίζεσθαι
1049 4437 1142 4490 καὶ
1175 4438 1570 4511 θαυμάζεσθαι,
1629 4448 1722 4500 καὶ
1753 4452 1843 4503 τὸν

257 4508 414 4581 [ηε]
448 4512 581 4564 Θεὸν
614 4514 1055 4585 εύχαριστείσθαι
1085 4521 1151 4574 δι’
1210 4525 1382 4597 αὐτῆς
1438 4532 1839 4600 παρεσκεύασε.

257 4594 302 4646 Τ
305 4594 444 4648 αῦτα
473 4596 529 4650 δέ
561 4597 724 4682 λέγω.
751 4601 834 4653 ἵνα
859 4603 961 4655 κᾶν
981 4605 1139 4674 ἡμεῖς
1173 4594 1370 4679 ἴδωμεν
1392 4594 1556 4680 ἁγία-ς
1577 4619 1842 4682 γυναῖκας

253 4677 319 4729 ἐν
343 4679 570 4752 ἀπαιδίᾳ
594 4680 780 4747 οὔσας,
812 4684 844 4755 ἢ
881 4687 937 4739 ἐν
976 4688 1119 4775 ἄλλῳ
1154 4677 1453 4765 τινὶήδεινῷ
1481 4677 1726 4770 τοιούτῳ,
1765 4677 1838 4775 μή

252 4761 740 4856 δυσχεραίνωμεν,
778 4770 912 4856 μηδὲ
963 4773 1340 4845 ἀσχάλλωμεν,
1404 4761 1539 4851 μηδὲ
1592 4761 1839 4856 λέέῴιὶεᾴ

253 4845 394 4915 πρὸς
411 4847 634 4912 ἑαυτούς
654 4865 668 4878 ⁸
691 4851 754 4904 Τί
779 4850 978 4922 δήποτε
998 4859 1264 4942 περιεῖδεν
1287 4861 1316 4912 0
1343 4845 1477 4927 Θεὸς
1499 4869 1614 4934 μετ’
1637 4845 1839 4942 ἀρετῆς

250 4927 523 5000 τοσαύτης
552 4930 732 4995 ζῶσαν
763 4939 1017 5002 γυναῖκα,
1047 4940 1138 4991 καὶ
1168 4945 1381 4998 παιδίον
1413 4949 1550 5018 αὐτῇ
1579 4952 1677 5004 οὐκ
1707 4952 1837 5006 ἐδω-

252 5027 381 5077 κεν;
413 5013 485 5064 υύ
526 5013 636 5085 γὰρ
663 5019 1026 5088 περιορῶντος
1059 5023 1233 5080 ταῦτά
1267 5029 1434 5095 ἐστιν,
1480 5013 1594 5086 ἀλλ’
1635 5035 1834 5100 εἰδότος

246 5091 618 5191 τὸνσυμφέρον
649 5100 779 5170 ἡμῖν
801 5104 832 5172 ή
844 5102 961 5172 μῶν
995 5105 1175 5191 αὐτῶν
1199 5091 1607 5188 ἀκριϐέστερον.
1655 5091 1833 5191 Ἀνῄεί

245 5175 430 5230 τοίνυν
475 5184 558 5244 εἰς
589 5183 680 5236 τὸν
709 5185 856 5244 ναὸν.
893 5188 986 5241 καὶ
1023 5190 1084 5243 τὸ
1107 5175 1290 5263 ἀρνίον
1317 5199 1395 5260 εἰς
1431 5175 1532 5269 τὴν
1571 5175 1828 5275 ποίμνηιν,

244 5261 344 5350 καὶ
370 5262 461 5316 τὸν
490 5265 689 5337 μόσχον
718 5269 796 5332 είς
823 5271 921 5342 τὴν
943 5261 1154 5346 ἀγέλην
1176 5279 1459 5350 εἰσήγαγε,
1486 5261 1592 5338 ’καὶ
1622 5261 1702 5349 είς

243 5342 490 5443 λειμῶνα
522 5350 585 5402 τὸ
613 5351 765 5421 ῥόδον
792 5355 855 5409 τὸ
903 5342 1156 5412 ἀκανθῶν
1203 5342 1642 5438 ἀπηλλαγμένον,
1678 5343 1828 5443 ῥόδον

242 5429 506 5484 οὐδέποτε
540 5437 956 5520 μαραινόμενον,
985 5443 1122 5497 ἀλλά
1171 5429 1699 5520 διηνεκῶς-ἀνθοῦν,
1735 5461 1828 5511 καὶ

245 5513 385 5581 πρὸς
416 5516 580 5570 αὐτὸν
613 5518 907 5590 δυνάμενον
950 5513 1283 5600 ἀναδραμείν
1339 5513 1429 5586 τὸν
1465 5513 1711 5605 οὐρανὸν,
1763 5536 1825 5596 οὗ

240 5600 344 5667 τῆς
383 5601 612 5666 εὐωδίας
643 5605 880 5672 ἅπαντες
907 5611 956 5662 οἱ
1009 5614 1148 5668 κατά
1201 5616 1298 5688 τὴν
1331 5620 1654 5694 οἰκουμένην
1683 5627 1826 5681 ἀντι-

307 5740 331 5818 :
359 5740 480 5818 Erg.
517 5749 572 5818 ει
602 5745 737 5818 ςοιι).
767 5762 894 5818 u_nus
905 5755 1171 5818 προσεῖχεν.

303 5799 332 5841 δ
358 5799 625 5856 (ἶιιίὶιειοιὶιιὶ
649 5815 733 5866 τῆς
767 5812 830 5867 εἰς
868 5799 1318 5885 τὸνὼεδῗέλπίδος,
1341 5830 1395 5873 et
1422 5827 1493 5874 sic
1520 5830 1666 5878 etiam
1691 5831 1810 5894 Reg.

534 5909 806 5972 ΡΑτιιοι.
855 5917 972 5976 (in.
1021 5919 1175 5982 LIV.

1999 1219 2091 1272 ρον
2119 1209 2412 1281 σπέρματα
2437 1219 2517 1279 είς
2551 1219 2650 1288 τὴν
2674 1220 2776 1290 γῆν
2805 1223 3203 1278 καταϐάλλουσι
3229 1229 3577 1297 κυπαρίττων

1995 1305 2088 1354 καὶ
2121 1302 2320 1376 ἐτέρων
2356 1311 2630 1377 τοιούτων,
2659 1312 2798 1380 εἶτα,
2828 1318 3047 1373 ἐπειδὰν
3084 1321 3233 1375 ἴδωσι
3265 1322 3326 1376 τὸ
3353 1323 3576 1396 σπέρμα

1991 1398 2204 1472 δένδρον
2229 1407 2518 1477 γενόμενον
2537 1451 2551 1474 ,
2603 1413 2703 1465 οὐκ
2744 1414 2966 1483 ἀφιᾶσιν
2995 1416 3087 1468 ἐπὶ
3116 1422 3215 1488 τῆς
3247 1417 3416 1484 αὐτῆς
3447 1425 3570 1491 γῆς,

1992 1497 2106 1549 ἀλλ’
2139 1500 2551 1568 ἀνασπάσαντες
2581 1507 2810 1571 ἐκεῖθεν,
2851 1509 2937 1577 ἐφ’
2966 1506 3158 1581 ἑτέραν
3193 1515 3572 1584 μεταμοσχεύη

1989 1601 2108 1636 ουσι
2139 1596 2161 1624 ε
2201 1587 2404 1660 χώραν,
2435 1591 2574 1645 ὥστε
2603 1595 2941 1666 νεαρώτερον
2991 1598 3104 1661 τοῖς
3137 1598 3356 1663 κόλποις
3383 1601 3571 1655 ὑποδεο

1989 1669 2225 1744 ξαμένην
2254 1677 2352 1748 τὴν
2367 1679 2486 1749 γῆν,
2506 1681 2779 1753 ἀκραιφνῆ
2807 1685 2899 1737 καὶ
2927 1684 3218 1756 ὀλόκληρον
3243 1687 3340 1756 τὴν
3369 1688 3568 1758 ἑαυτῆς

1987 1769 2216 1842 δύναμιν
2267 1776 2347 1837 εἰς
2394 1775 2492 1847 τὴν
2520 1778 2828 1849 ἀνατροφὴν
2885 1781 3100 1852 ἐκείνης
3151 1782 3414 1849 ἐπιδεῖξαι
3468 1783 3568 1854 τῆς

2029 1854 2144 1926 ίζης
2163 1874 2175 1886 ·
2204 1856 2347 1911 οὕτω
2370 1861 2462 1913 καὶ
2493 1863 2526 1931 ή
2553 1862 2690 1933 γυνὴ
2717 1864 2972 1934 ἐποίησεν
3001 1864 3160 1936 αὕτη.
3190 1867 3262 1918 Τὸ
3292 1867 3400 1938 γάρ
3437 1884 3565 1920 παισ

1983 1941 2093 1994 δίον
2136 1943 2196 1996 τὸ
2251 1947 2381 2015 παρ’
2409 1947 2630 2012 ἐλπίδας
2684 1953 2892 2022 σπαρέν
2920 1953 2978 2004 ἐν
3001 1955 3066 2024 τῇ
3106 1953 3302 2024 γαστρὶ
3348 1955 3559 2024 ἐκείνῃ,

1987 2037 2287 2110 μετέθηκεν
2309 2040 2414 2094 ἀπὸ
2436 2043 2532 2112 τῆς
2557 2045 2750 2108 οίκίας,
2771 2046 2864 2098 καὶ
2890 2049 2970 2109 είς
2991 2047 3081 2099 τὸν
3097 2049 3220 2100 ναὸν
3243 2049 3558 2124 ἐφύτευσεν,

1981 2123 2110 2176 ἔνθα
2132 2127 2306 2194 πηγαὶ
2338 2130 2430 2182 καὶ
2467 2130 2676 2201 ἀρδεῖαι
2728 2137 3094 2204 πνευματικαὶ
3146 2135 3238 2188 καὶ
3270 2137 3555 2205 διηνεκεῖς.

1979 2208 2090 2261 Καὶ
2120 2205 2187 2280 ἦν
2222 2211 2346 2266 ἰδεῖν
2381 2216 2554 2268 ἐκεῖνο
2581 2216 2642 2269 τὸ
2681 2219 3012 2289 προφητικὸν
3067 2220 3155 2271 ἐπ’
3189 2221 3387 2284 αὐτοὺς
3417 2221 3556 2292 πλη-

1980 2297 2261 2367 ρούμενον,
2289 2303 2424 2372 ὅπερ
2458 2304 2488 2354 0
2513 2304 2676 2359 Δαυῒδ
2711 2307 2894 2375 ἔλεγεν
2933 2307 3072 2379 ᾄδων
3117 2308 3288 2372 οὕτως
3308 2326 3320 2338 ·
3351 2310 3558 2364 Μακά-

1967 2401 2101 2451 ριος
2137 2387 2313 2454 ἀνὴρ.
2348 2389 2416 2454 ὃς
2463 2393 2574 2445 οὐκ
2617 2393 2910 2461 ἐπορεύθη
2944 2396 3013 2448 ἐν
3058 2395 3264 2464 βουλῇ
3297 2396 3554 2458 ἀσεϐῶν.

1973 2473 2072 2526 καὶ
2098 2474 2169 2526 ἐν
2185 2473 2302 2539 ὀδῷ
2327 2478 2686 2546 ἁμαρτωλῶν
2701 2483 2811 2535 οὐκ
2837 2482 3007 2550 ἔστη,
3026 2484 3121 2537 καί
3144 2484 3242 2536 ἐπὶ
3262 2485 3557 2552 καθέδραν

1969 2560 2195 2630 ,λοιμῶν
2218 2565 2328 2616 οὐκ
2356 2565 2638 2620 ἐκάθισεν
2658 2585 2671 2597 ·
2704 2570 2843 2623 ἀλλ’
2873 2569 2912 2638 ἢ
2947 2571 3016 2623 ἐν
3044 2571 3123 2636 τῷ
3149 2574 3310 2639 νόμῳ
3331 2573 3555 2640 Kvplov

1971 2649 2036 2701 τὸ
2071 2650 2302 2719 θέλημα
2325 2655 2531 2718 αὐτοῦ,
2560 2656 2655 2708 καὶ
2693 2656 2763 2709 ἐν
2783 2656 2862 2722 τῷ
2883 2660 3046 2726 νόμῳ
3079 2660 3266 2713 αὐτοῦ
3302 2660 3552 2730 μελετή-

1969 2752 2064 2790 σει
2097 2737 2323 2808 ἡμέρας
2359 2746 2456 2795 καὶ
2490 2745 2740 2810 νυκτός·
2776 2745 2877 2798 καὶ
2934 2746 3102 2800 ἔσται
3133 2749 3211 2814 ὡς
3250 2749 3315 2801 τὸ
3362 2750 3553 2811 ξύλον

1967 2825 2034 2877 τὸ
2056 2831 2510 2899 πεφυτευμένον
2527 2836 2686 2899 παρὰ
2701 2832 2808 2899 τὰς
2829 2833 3137 2900 διεξόδους
3156 2834 3273 2888 τῶν
3298 2836 3547 2900 ὑδάτων,

1967 2913 1999 2965 ὃ
2034 2915 2141 2967 τὸν
2178 2920 2411 2984 καρπὸν
2447 2921 2631 2974 αὐτοῦ
2671 2921 2848 2974 δώσει
2880 2922 2950 2974 ἐν
3007 2923 3189 2989 καιρῷ
3231 2925 3436 2977 αὑτοῦ.
3471 2925 3547 2976 Οὐ

1966 2996 2074 3068 γὰρ
2105 3001 2241 3067 μετὰ
2268 3002 2367 3072 τὴν
2397 3006 2591 3074 πεῖραν
2629 3005 2728 3074 τῆς
2762 3006 2959 3070 κακίας
2984 3008 3076 3060 ἐπὶ
3096 3006 3195 3078 τὴν
3226 3008 3546 3077 ἀπαλλαγὴν

1966 3085 2065 3154 τῆς
2117 3088 2314 3151 κακίας
2352 3085 2538 3159 ἦλθεν,
2576 3092 2691 3145 ἀλλ’
2739 3090 2798 3157 ἐξ
2839 3093 3018 3147 αὐτῶν
3061 3094 3166 3147 τῶν
3216 3096 3546 3165 σπαργάνων

1964 3172 2274 3246 τὴνάρετὴν
2295 3177 2467 3231 εἵλετο
2485 3196 2497 3208 ·
2529 3179 2590 3232 οὐ
2625 3180 2852 3250 μετέσχε
2884 3181 3173 3254 συνεδρίων
3199 3185 3545 3254 παρανομίαν

1963 3262 2214 3331 ἐχόντων,
2244 3265 2366 3318 οὐδὲ
2393 3266 2716 3335 ἐκοινώνησε
2745 3269 3016 3338 συλλόγων
3050 3271 3304 3335 ἀσεϐείας
3333 3272 3543 3342 πεπλη-

1964 3352 2243 3422 ρωμένων,
2274 3354 2390 3407 ἀλλ’
2417 3359 2481 3408 ἐκ
2509 3355 2731 3428 πρώτης
2761 3359 2976 3428 ἡλικίας
3000 3360 3107 3412 ἀπὸ
3136 3361 3225 3413 τοῦ
3254 3361 3426 3431 μαζοῦ
3444 3365 3543 3432 τῆς

1964 3441 2168 3511 μητρὸς
2207 3442 2289 3511 ἐφ’
2323 3443 2510 3514 ἕτερον
2565 3441 2697 3514 ἦλθε
2759 3447 2929 3516 μαζὸν
2984 3451 3372 3518 πνευματικόν.
3431 3453 3542 3505 Καὶ

1959 3521 2147 3594 ὥσπερ
2196 3525 2411 3596 δένδρον
2466 3528 2750 3597 διηνεκοῦς
2801 3529 3073 3583 ἀπολαῦον
3111 3532 3353 3602 ἀρδείας,
3404 3533 3542 3604 πρὸς

1959 3609 2090 3678 ὕψος
2120 3613 2406 3683 ἀνατρέχει
2444 3615 2587 3684 μέγα
2607 3631 2620 3645 '
2643 3615 2786 3669 οὕτω
2817 3616 2880 3686 δὴ
2911 3619 3002 3669 καὶ
3029 3609 3184 3682 οὗτος
3213 3620 3348 3689 πρὸς
3371 3622 3539 3691 ἀκρον

1956 3697 2190 3764 ἔφθασεν
2242 3701 2460 3771 ἀρετῆς,
2512 3705 2578 3772 τῇ
2628 3702 2735 3754 τῶν
2773 3703 2930 3756 θείων
2961 3705 3156 3772 λογίων
3188 3707 3537 3777 ποτιζόμενος

1955 3787 2215 3854 ἀκροάσει
2242 3788 2526 3855 διηνεκῶς.
2565 3790 2704 3842 Ἀλλ’
2728 3791 2928 3861 ἴδωμεν
2966 3792 3082 3855 πῶς
3117 3792 3280 3846 αὑτὸν
3308 3795 3536 3863 ἐφύτευ-

1957 3892 2048 3926 σεν
2069 3893 2082 3905 ⁸
2117 3877 2566 3948 ἀκολουθήσωμεν
2593 3883 2658 3950 τῇ
2696 3881 2937 3947 γυναικὶ,
2974 3883 3300 3952 εἰσέλθωμεν
3339 3885 3416 3948 εἰς
3446 3890 3535 3939 τὸν

1953 3963 2078 4016 ναὸν
2111 3965 2230 4032 μετ’
2259 3966 2447 4036 αὐτῆς.
2493 3967 2714 4030 Ἀνέϐη,
2746 3971 2899 4038 φησι,
2927 3975 3055 4038 μετ’
3086 3972 3272 4025 αὐτοῦ
3305 3974 3392 4038 εὶς
3419 3976 3530 4038 Ση-

1949 4052 2080 4120 λὼμ
2108 4051 2134 4092 ά
2165 4053 2235 4106 ἐν
2253 4055 2464 4123 μόσχῳ
2501 4055 2858 4122 τριετίζοντι.
2902 4058 3072 4129 Διπλῆ
3101 4059 3284 4112 λοιπὸν
3315 4064 3345 4131 ή
3374 4060 3532 4114 θυσία

1949 4140 2158 4206 ἐγίνετο
2179 4157 2193 4172 ο
2216 4143 2311 4194 καὶ
2345 4137 2414 4212 ἦν
2443 4143 2662 4212 μόσχος,
2693 4149 2720 4198 0
2746 4145 2844 4214 μὲν
2873 4147 3086 4214 ἄλογος,
3125 4145 3276 4218 [726]
3305 4151 3332 4201 ὁ
3355 4147 3413 4201 δὲ
3446 4149 3530 4201 λο-

1948 4227 2129 4293 γικός·
2155 4231 2246 4281 καὶ
2261 4229 2350 4281 τὸν
2365 4230 2463 4300 μὲν
2494 4232 2522 4282 0
2546 4232 2721 4302 ἱερεὺς
2747 4231 3032 4298 κατέθυσε,
3058 4233 3246 4286 τοῦτον
3265 4234 3322 4287 δὲ
3341 4237 3373 4304 ή
3391 4236 3528 4307 γυνὴ

1947 4316 2177 4386 ἀνέθηκε
2203 4333 2217 4346 '
2243 4317 2444 4387 μᾶλλον
2471 4319 2527 4372 δὲ
2555 4323 2652 4390 τῆς
2679 4323 2936 4388 γυναικὸς
2961 4319 3028 4392 ἧν
3053 4322 3276 4391 βελτίων
3303 4327 3336 4393 ἡ
3367 4325 3527 4377 θυσία

1946 4408 2044 4475 τῆς
2079 4406 2288 4472 θυσίας,
2348 4411 2411 4479 ἣν
2459 4411 2486 4461 ὁ
2543 4411 2720 4480 ἱερεὺς
2766 4412 3073 4482 ἀνήνεγκε⁶
3129 4414 3352 4485 καὶγὰρ
3386 4415 3523 4482 αὕτη

1948 4493 2121 4564 ἱέρεια
2151 4495 2260 4547 τῶν
2292 4497 2508 4550 οἰκείων
2537 4497 2860 4567 σπλάγχνων
2893 4500 3124 4567 ἐγίνετο,
3172 4502 3266 4554 καὶ
3301 4503 3393 4555 τὸν
3420 4521 3526 4554 πα-

1943 4583 2213 4654 τριάρχην
2240 4584 2494 4655 Ἀϐραὰμ
2519 4587 2848 4656 ἐμιμήσατο,
2899 4588 2990 4640 καὶ
3023 4590 3158 4660 πρὸς
3187 4591 3392 4642 ἐκεῖνον
3423 4592 3525 4660 τὴν

1943 4669 2174 4740 ἅμιλλαν
2206 4671 2376 4726 ἔθετο.
2443 4673 2584 4726 Ἀλλ’
2632 4677 2838 4738 ἐκεῖνος
2893 4677 2994 4746 μὲν
3029 4676 3207 4732 λαϐὼν
3242 4679 3331 4732 τὸν
3385 4681 3518 4743 υἱὸν,

1941 4762 2282 4831 κατήγαγεν·
2319 4761 2457 4832 αὕτη
2489 4763 2544 4814 δέ
2574 4765 2786 4834 ἀφῆκεν
2812 4765 2870 4818 ἐν
2901 4765 2979 4836 τῷ
3002 4767 3115 4836 ναῷ
3141 4770 3321 4836 μένειν
3346 4769 3521 4836 διηνεέ

1942 4848 2086 4911 κῶς⁸
2126 4849 2324 4918 μᾶλλον
2355 4851 2410 4903 δὲ
2436 4851 2684 4916 κάκεῖνος
2717 4854 2952 4925 ἀνέθηκε
2993 4857 3240 4910 καθόλου.
3295 4857 3384 4926 Μὴ
3412 4857 3519 4928 γὰρ

1938 4934 2000 5004 δὴ
2031 4934 2191 4989 τοῦτο
2231 4937 2366 5008 ἴδῃς,
2392 4938 2474 4990 ὅτι
2507 4940 2606 4991 οὐκ
2661 4940 2915 5009 ἔσφαξεν,
2952 4943 3068 4994 ἀλλ’
3099 4945 3180 4996 ὅτι
3216 4947 3277 5014 τῇ
3325 4945 3518 5018 γνώμῃ

1937 5023 1998 5074 τὸ
2029 5028 2134 5078 πᾶν
2167 5026 2488 5095 ἀπήρτισεν.
2531 5024 2683 5092 Εἶδες
2717 5033 2949 5097 γυναῖκα
2983 5032 3118 5101 πρὸς
3157 5031 3323 5102 ἄνδρα
3365 5033 3519 5100 ἁμιλ-

1937 5111 2219 5185 λωμένην;
2252 5112 2389 5180 εἶδες
2421 5118 2576 5171 οὐδὲν
2610 5119 2763 5190 παρὰ
2789 5120 2890 5188 τῆς
2922 5120 3134 5188 φύσεως
3174 5121 3516 5190 ἐμποδισθεῖ-

1937 5218 2036 5255 σαν
2076 5202 2316 5274 ζηλῶσαι
2345 5205 2436 5258 τὸν
2469 5207 2850 5279 πατριάρχην;
2890 5207 3027 5260 Ἀλλ’
3055 5209 3252 5278 ἴδωμεν
3275 5209 3389 5273 πῶς
3421 5210 3514 5261 αύ-

1932 5291 2023 5344 τὸν
2048 5291 2356 5364 ἀνατίθησι.
2380 5296 2814 5362 Προσελθοῦσα
2842 5295 2919 5361 τῷ
2938 5296 3099 5364 ἱερεῖ,
3119 5293 3288 5351 εἶπεν
3315 5295 3476 5361 αὐτῷ
3495 5310 3508 5324 ·

1945 5382 2047 5435 Ἐν
2092 5383 2241 5452 ἐμοὶ,
2290 5385 2476 5452 κύριε.
2534 5385 2599 5438 Τί
2637 5385 2767 5439 ποτέ
2799 5389 2965 5446 ἐστιν,
3022 5388 3126 5441 Ἔν
3178 5383 3341 5454 ἐμοί;
3375 5385 3511 5441 Μετ’

1929 5471 2214 5540 ἀκριϐείας
2245 5474 2478 5544 πρόσεχε
2523 5477 2634 5538 τοῖς
2666 5474 2999 5544 λεγομένοις,
3055 5476 3239 5545 φησίν.
3291 5475 3508 5544 Ἐπειδὴ

1928 5562 2033 5631 γάρ
2058 5562 2248 5632 χρόνος
2280 5562 2523 5634 παρῆλθε
2555 5563 2742 5632 πολὺς,
2773 5565 3080 5633 ἀναμνῆσαι
3119 5564 3360 5618 ϐούλεται
3401 5563 3506 5616 πά-

1987 5718 2008 5745 ⁶
2035 5717 2420 5781 Μεταμοσχεύειν
2459 5717 2706 5776 Hesychio
2726 5724 2806 5768 est
2849 5718 3224 5781 transplnnmre,
3247 5731 3391 5780 quam
3427 5719 3500 5766 iu-

1927 5779 2331 5842 le'prelqlionem
2361 5779 2439 5826 hic
2459 5782 2708 5830 conﬁrmat
2738 5779 3126 5842 Lhrysoslbmus.

1989 5840 2014 5878 ἀ
2041 5839 2176 5890 Loib.
2203 5853 2327 5888 unus
2350 5841 2526 5888 Σιλὼιι.

3091 5965 3165 6026 18
