4038 6360
480 319 584 375 637

480 445 561 494 λιν
589 441 697 493 τῶν
728 441 919 511 πρώην
941 440 1245 511 εἰρημένων
1263 457 1275 470 ·
1299 440 1380 494 διό
1413 457 1578 511 φησιν
1597 457 1610 470 ·
1647 439 1752 493 Ἑν
1776 439 1925 508 ἐμοὶ,
1951 440 2054 493 κύ·
2097 467 2105 473 -

478 541 597 591 ριε·
627 523 693 592 ζῇ
742 527 779 591 ἡ
810 525 976 593 ψυχή
1011 539 1127 576 σου
1153 540 1167 555 ο
1205 523 1321 594 ἐγὼ
1352 525 1390 590 ἡ
1421 523 1576 592 γυνὴ
1621 525 1658 592 ἡ
1702 523 2054 577 καταστᾶσα

479 607 735 660 ἐνώπιόν
781 623 895 660 σου
943 609 1013 660 ἐν
1054 607 1132 672 τῷ
1159 606 1605 675 προσεύξασθαι
1637 609 1787 674 πρὸς
1835 609 2054 677 Κύριον

479 690 629 757 ὑπὲρ
654 691 758 743 τοῦ
780 690 1092 758 παιδαρίου
1137 692 1369 744 τούτου.
1416 691 1865 760 Προσηυεὰμην
1903 692 2054 759 πρὸς

479 775 714 839 Κύριον,
745 775 843 827 καὶ
876 774 1059 827 ἔδωκέ
1092 791 1194 842 μοι
1222 773 1288 827 τὸ
1316 774 1536 843 αττημὰ
1568 792 1710 842 μου,
1768 775 1798 826 ὃ
1827 773 2055 841 ᾐτησά-

474 873 598 922 μην
616 859 749 924 παρ’
777 856 984 910 αὐτοῦ.
1020 858 1191 926 Κάγὼ
1247 855 1430 924 κιχρῶ
1490 857 1677 910 αὐτὸν
1721 854 1801 920 τῷ
1857 857 2054 924 Κυρίῳ

479 938 680 1004 πάσας
717 941 822 1004 τὰς
841 940 1085 1009 ἡμέρας,
1115 939 1188 1006 ἅς
1209 938 1277 1007 ζῇ
1296 940 1496 1005 αὐτὸς,
1531 939 1784 1007 χρήσειν
1816 938 1896 1004 τῷ
1931 943 2050 994 Κυ-

472 1022 601 1089 ρίῳ.
631 1022 742 1074 Οὐκ
774 1019 954 1075 εἶπενο
991 1021 1132 1090 Ἐγὼ
1161 1024 1194 1093 ή
1224 1023 1379 1093 γυνὴ,
1407 1024 1473 1092 ἢν
1499 1022 1801 1084 ὠνείδισας,
1827 1022 1892 1092 ἣν
1914 1023 2052 1077 ἐλοι-

479 1099 734 1174 δόρησας,
767 1105 833 1162 ἣν
857 1105 1109 1174 ἐσκωψας
1141 1108 1220 1168 είς
1265 1107 1548 1176 παροινίαν
1589 1107 1684 1160 καὶ
1720 1105 1943 1176 μέθηνή
1971 1106 2054 1160 διὸ

481 1181 649 1252 ἔδειξέ
680 1203 761 1240 σοι
793 1190 822 1241 6
851 1187 1004 1251 Θεὸς,
1035 1189 1116 1240 ὅτι
1136 1189 1198 1242 οὐ
1234 1187 1447 1258 μεθύω·
1491 1190 1554 1242 σύ
1585 1189 1643 1242 δέ
1679 1188 1866 1252 ἁπλῶς
1894 1188 2052 1242 τοῦτο

480 1269 776 1334 ἐνεκάλεις.
803 1269 965 1324 Οὐδὲν
979 1270 1184 1324 τούτων
1199 1271 1307 1324 τῶν
1329 1271 1575 1342 τραχέων
1595 1271 1856 1342 ῥημάτων
1874 1270 2047 1337 εἶπεν,

480 1351 617 1406 ἀλλά
667 1353 782 1422 μετ’
819 1353 1116 1416 ἐπιεικείας
1149 1354 1499 1424 ἀποκρίνεται
1529 1366 1554 1393 ιι
1609 1354 1836 1422 πολλῆς·
1872 1357 2050 1408 καίτοι

479 1434 580 1505 τὴν
608 1435 714 1488 ἀπὸ
740 1437 846 1488 τῶν
873 1438 1208 1507 πραγμάτων
1247 1436 1469 1490 ἔκϐασιν
1519 1435 1714 1506 ἔχουσα
1745 1438 2048 1508 μαρτυροῦ-

483 1535 583 1571 σαν
608 1520 764 1589 αὐτῇ,
800 1520 1190 1589 καὶδυναμένη
1228 1520 1481 1572 ὀνειδίσαι
1509 1519 1604 1572 νῦν
1646 1519 1724 1588 τῷ
1766 1521 1930 1586 ἱερεῖ,
1973 1521 2049 1584 ώς

481 1600 604 1670 εἰκῆ
633 1603 725 1654 καὶ
753 1601 927 1670 μάτην
955 1603 1122 1671 αὐτὴν
1146 1601 1484 1672 μεμψαμένῳ
1505 1604 1647 1663 τότε,
1673 1601 1823 1655 οὐδὲν
1846 1603 2050 1658 τούτων

483 1686 646 1746 ποιεῖ,
675 1683 811 1736 ἀλλά
852 1685 949 1754 τὴν
981 1684 1297 1754 εὐεργεσίαν
1346 1683 1439 1736 τοῦ
1471 1683 1605 1736 Θεοῦ
1659 1683 1804 1752 λέγει
1866 1687 2046 1756 μόνον.

481 1767 591 1818 Καὶ
629 1767 819 1819 σκόπει
843 1766 1034 1834 δούλης
1062 1761 1501 1836 εὐγνωμοσύνην.
1550 1766 1680 1819 Ὅτε
1714 1767 1916 1838 ἔπασχε
1947 1785 2048 1821 κα-

482 1848 614 1910 κῶς,
633 1849 805 1901 οὐδενὶ
826 1850 922 1914 τὴν
946 1866 1008 1901 συ
1018 1847 1230 1918 μφοράν
1262 1847 1610 1916 ἐξεκάλυψεν,
1634 1848 1752 1901 οὐδέ
1767 1843 1886 1901 εἷπε
1915 1851 2049 1921 πρὸς

480 1931 570 1982 τὸν
593 1932 761 2002 ίερέαο
801 1929 1104 2001 Ἀντίζηλον
1126 1931 1233 2000 ἔχω
1261 1933 1514 1998 γυναῖκα,
1548 1931 1775 2001 κάκείνη
1801 1933 1898 2002 μὲν
1919 1933 2050 1986 ὀνειο

479 2014 696 2078 δίζουσά
725 2031 789 2084 με
819 2015 913 2068 καὶ
943 2013 1320 2085 λοιδορουμένη
1357 2013 1514 2086 χορὸν
1547 2013 1657 2084 ἔχει
1680 2015 1906 2078 παίδων,
1938 2015 2049 2083 ἐγὼ

479 2097 536 2149 δέ
569 2099 626 2149 ἐν
659 2097 925 2168 ἐπιεικείᾳ
951 2096 1119 2162 ζῶσα,
1149 2097 1359 2149 οὐδέπω
1389 2097 1480 2148 καὶ
1513 2097 1749 2166 τήμερον
1779 2097 2048 2168 ἠδυνήθην

481 2180 731 2247 γενέσθαι
758 2182 958 2252 μήτηρ,
989 2180 1126 2233 ἀλλά
1154 2179 1466 2233 συνέκλεισέ
1505 2196 1605 2247 μου
1631 2181 1658 2230 6
1679 2179 1811 2242 Θεὸς
1833 2180 1931 2251 τὴν
1949 2183 2051 2251 μή·

479 2279 634 2332 τραν,
656 2263 748 2315 καὶ
765 2263 1086 2333 θλιϐομένην
1102 2262 1241 2334 ὀρῶν
1263 2262 1361 2314 οὐκ
1385 2261 1635 2331 ὴλέησεν.
1661 2262 1824 2314 Οὐδὲν
1846 2263 2050 2317 τούτων

483 2340 655 2408 εἶπεν,
692 2344 827 2398 ἀλλά
881 2348 1154 2416 σιγήσασα
1207 2347 1304 2414 τῆς
1344 2345 1626 2414 συμφορᾶς
1656 2343 1717 2395 τὸ
1754 2339 1912 2407 εἶδος,
1968 2346 2048 2398 ὅτι

483 2428 683 2498 ἀθυμεῖ
704 2430 860 2498 μόνον
889 2427 1175 2498 ἐδήλωσεν,
1207 2426 1455 2485 εἰποῦσα,
1473 2428 1552 2478 ὅτι
1576 2425 1744 2494 Γυνὴ
1769 2427 1838 2480 ἐν
1859 2431 2051 2494 σκληο

471 2509 554 2578 ρᾷ
592 2512 780 2579 ἡμέρᾳ
805 2508 918 2579 ἐγώ
939 2512 1083 2577 ειμι·
1122 2510 1213 2562 καὶ
1237 2509 1342 2562 οὐδ’
1376 2509 1440 2561 ἂν
1467 2507 1624 2562 τοῦτο
1651 2509 1966 2578 ἐφθέγξατο,
2001 2513 2049 2563 εἰ

486 2594 561 2663 μὴ
592 2594 621 2644 6
673 2593 850 2663 ίερεύς
893 2592 1190 2660 ἠνάγκασε,
1222 2591 1437 2660 μεθύειν
1473 2592 1818 2655 ὑποπτεύσας
1857 2595 2045 2664 αὐτήν.

481 2674 698 2745 Ἐπειδὴ
726 2674 782 2728 δέ
811 2675 978 2744 ἀνῆκε
1009 2673 1108 2745 τὴν
1138 2673 1351 2744 πληγὴν
1385 2674 1621 2744 ἐκείνην,
1667 2675 1757 2727 καὶ
1777 2676 1876 2744 τὴν
1906 2677 2054 2746 αἴτη-

483 2774 567 2809 σιν
587 2759 615 2809 ὀ
639 2756 770 2819 Θεὸς
794 2755 980 2817 ἔδωκε,
1003 2756 1122 2808 τότε
1141 2760 1283 2809 ποιεῖ
1303 2759 1588 2827 καταφανῆ
1611 2756 1708 2827 τὴν
1730 2758 2050 2826 εὐεργεσίαν

480 2837 558 2908 τῷ
583 2841 625 2891 ίε
636 2840 734 2910 ρεῖ,
771 2837 1066 2908 βουλομένη
1089 2839 1339 2891 κοινωνὸν
1359 2838 1457 2909 τῆς
1475 2839 1824 2908 εὐχαριστίας
1841 2840 2048 2901 λαϐεῖν,

479 2921 668 2991 ὥσπερ
695 2920 814 2974 τότε
845 2920 944 2987 τῆς
973 2921 1138 2991 εὐχῆς
1175 2919 1332 2973 ἔλαϐε
1355 2937 1366 2950 ·
1391 2921 1482 2974 καί
1511 2934 1694 2990 φησιν’
1743 2921 1909 2990 Ὑπὲρ
1944 2923 2048 2975 τοῦ

480 3003 792 3073 παιδαρίου
845 3006 1059 3057 τούτου
1089 3002 1527 3072 προσηυξάμην
1547 3042 1564 3067 ,
1594 3001 1694 3056 καὶ
1733 3001 1915 3057 ἐδωκέ
1947 3022 2049 3072 μοι

480 3089 690 3154 Κύριος
722 3087 785 3140 τὸ
817 3085 1036 3154 αιτημά
1075 3103 1217 3155 μου,
1250 3085 1280 3138 ὃ
1305 3081 1624 3154 ᾐτησάμην
1664 3089 1797 3153 παρ’
1837 3087 2043 3142 αὑτοῦ.

480 3171 592 3224 Καὶ
619 3171 736 3224 νῦν
765 3169 952 3238 κιχρῶ
974 3171 1160 3222 αὑτὸν
1192 3167 1271 3233 τῷ
1293 3169 1504 3235 Κυρίῳ.
1537 3169 1678 3237 Ὅρα
1695 3169 1810 3232 πῶς
1835 3173 2051 3242 μετριά-

481 3258 582 3320 ζει.
615 3255 706 3326 Μὴ
743 3253 970 3324 νομίσῃς
1007 3268 1073 3322 με
1101 3253 1244 3321 μέγα
1293 3269 1344 3302 τι
1371 3250 1466 3304 καὶ
1495 3249 1802 3320 θαυμαστὸν
1852 3257 2045 3318 ποιεῖν,

480 3340 664 3410 φησὶν,
699 3339 780 3391 ὅτι
816 3336 876 3390 τὸ
917 3335 1128 3388 παιδίον
1164 3333 1457 3403 ἀνατίθημι
1479 3349 1494 3363 ⁶
1525 3334 1625 3387 οὐκ
1651 3333 1761 3402 ἐγὼ
1802 3336 2048 3406 κατῆρξα

478 3423 573 3476 τοῦ
649 3419 1104 3491 κατορθώματος,
1168 3416 1316 3488 [727]
1380 3415 1493 3469 ἀλλ’
1566 3417 1787 3487 ὀφειλὴν
1857 3419 2046 3471 ἀποδί.

481 3506 640 3576 δωμι.
691 3502 1160 3575 Παρακαταθήκην
1187 3501 1296 3570 γὰρ
1321 3498 1530 3560 ἔλαϐον,
1579 3497 1673 3551 καὶ
1691 3498 1895 3571 ταύτην
1912 3501 2045 3553 ἀπο-

479 3589 777 3657 καθίστημι
810 3585 887 3655 τῷ
915 3583 1185 3638 δεδωκότι.
1220 3583 1328 3636 Καὶ
1369 3581 1540 3634 ταῦτα
1585 3581 1654 3635 τά
1708 3583 1928 3654 ῥήματα
1961 3584 2046 3636 λέ..

478 3687 668 3737 γουσα,
687 3671 779 3724 καὶ
800 3667 997 3737 ἐαυτὴν
1020 3665 1251 3720 ἀνετίθει
1271 3665 1405 3737 μετά
1423 3663 1515 3717 τοῦ
1542 3665 1777 3731 παιδίου,
1797 3667 2048 3738 καθάπερ

479 3756 636 3826 σειρᾷ
655 3771 781 3816 τινι,
813 3754 879 3823 τῇ
905 3752 1003 3822 τῆς
1036 3749 1248 3820 φύσεως
1277 3747 1607 3819 συμπαθείᾳ,
1644 3747 1778 3818 πρὸς
1805 3749 1896 3803 τὸν
1921 3750 2048 3803 ναὸν

478 3839 675 3908 ἑαυτὴν
700 3835 1032 3906 ἀναδήσασα.

549 3922 611 3975 δ’.
629 3922 688 3973 Εἰ
714 3919 822 3990 γὰρ
847 3914 1304 3986 δπουόθησαυρὸς
1326 3913 1420 3966 τοῦ
1442 3913 1748 3984 ἀνθρώπου,
1766 3915 1881 3967 ἐκεῖ
1905 3917 2042 3987 καὶὴ

476 4003 674 4075 καρδία
704 4000 890 4062 αὐτοῦ,
919 3997 1097 4068 πολλῷ
1132 3998 1328 4068 μᾶλλον
1355 3998 1488 4050 ὃπου
1513 3997 1574 4048 τὸ
1599 3997 1807 4075 παιδίον
1831 3999 1927 4066 τῆς
1949 4015 2016 4066 γυ
2033 4028 2046 4038 -

475 4073 680 4150 ναικὸς,
713 4085 831 4137 ἐκεῖ
857 4081 950 4135 καὶ
977 4083 1010 4150 ή
1038 4079 1244 4133 διάνοια
1274 4079 1372 4147 τῆς
1403 4078 1607 4149 μητρὸς
1632 4073 1722 4148 ἧν,
1756 4081 1848 4132 καὶ
1878 4082 1911 4150 ἡ
1942 4097 2042 4148 γα.

479 4169 616 4240 στὴρ
649 4167 817 4235 αὐτῆς
845 4163 1092 4234 εὐλογίας
1116 4161 1418 4232 ἐπληροῦτο
1459 4161 1639 4214 πάλιν.
1691 4162 1909 4233 Ἐπειδὴ
1937 4164 2046 4232 γὰρ

477 4253 650 4306 ταῦτα
685 4247 807 4303 εἶπε
829 4247 896 4301 τά
927 4249 1166 4319 ῥήματα,
1197 4246 1292 4298 καὶ
1315 4243 1546 4314 ηὐξατο,
1582 4245 1812 4298 ἄκουσον
1846 4247 1898 4298 τί
1944 4265 2047 4315 φη-

480 4354 565 4390 σιν
585 4339 613 4390 ὁ
633 4336 808 4406 ίερεύς
833 4332 968 4402 πρὸς
988 4330 1077 4384 τὸν
1115 4329 1345 4382 Ἐλκανά
1370 4345 1382 4357 ’
1423 4326 1754 4393 Ἀνταποδῷ
1783 4343 1880 4381 σοι
1923 4329 2045 4382 K13-

473 4435 605 4488 ριος
656 4415 893 4483 σπέρμα
934 4413 1136 4480 ἕτερον
1165 4411 1282 4464 ἀπὸ
1312 4409 1423 4478 τῆς
1477 4410 1760 4479 γυναικὸς
1802 4412 2043 4478 ταύτης,

478 4501 613 4556 ἀντὶ
669 4498 776 4552 τοῦ
829 4495 1064 4564 χρέους,
1120 4489 1192 4549 οὗ
1227 4494 1495 4562 ἔχρησας
1529 4491 1608 4551 τῶ
1645 4493 1858 4559 Κυρίῳ.
1891 4493 2046 4564 Παρά

483 4583 581 4654 μὲν
613 4581 706 4651 τὴν
733 4579 903 4650 ἀρχὴν
925 4579 1024 4629 οὐκ
1045 4577 1228 4643 ἔλεγεν
1247 4615 1262 4640 ,
1284 4572 1616 4638 Ἀνταποδῷ
1647 4587 1746 4626 σοι
1766 4589 1780 4604 ·
1802 4574 1938 4628 ἀλλά
1966 4576 2041 4641 τί;

479 4664 604 4732 Δῲη
662 4679 761 4716 σοι
811 4661 934 4715 πᾶν
965 4658 1181 4726 αἴτημά
1228 4671 1363 4711 σου.
1411 4656 1623 4726 Ἐπειδὴ
1669 4656 1727 4709 δὲ
1763 4657 2044 4729 ὀφειλέτην

480 4746 778 4816 κατέστησε
802 4743 893 4796 τὸν
924 4742 1076 4807 Θεὸν,
1109 4738 1440 4803 Ἀνταποδῷ
1467 4755 1584 4803 σοι,
1611 4739 1778 4807 λέγει,
1805 4742 2044 4812 χρηστὰς

480 4833 609 4903 περὶ
634 4829 742 4883 τῶν
779 4827 1078 4895 μελλόντων
1111 4822 1404 4876 ὑποτείνων
1428 4821 1670 4884 ἐλπίδας.
1717 4823 1780 4875 Et
1810 4823 1916 4893 γάρ
1946 4824 2045 4876 οὐκ

477 4915 706 4986 ὀφείλων
733 4911 922 4974 ἔδωκε,
954 4907 1130 4976 πολλῷ
1166 4906 1362 4976 μᾶλλον
1405 4905 1540 4974 μετά
1582 4905 1644 4957 τὸ
1683 4904 1865 4958 λαϐεῖν
1921 4907 2046 4958 ἀντ-

477 4998 762 5055 αποδὼσει.
787 4996 895 5049 Καὶ
920 4995 948 5046 6
976 4991 1187 5063 πρῶτος
1209 4989 1386 5042 τοίνυν
1420 4987 1476 5054 ἐξ
1509 4987 1691 5057 εὐχῆς,
1730 4989 1822 5040 καὶ
1852 4990 1899 5041 οἱ
1928 4990 2044 5058 μετ’

478 5085 683 5136 ἐκεῖνον
705 5079 772 5144 ἐξ
792 5075 1037 5144 εὐλογίας
1060 5073 1159 5137 τὰς
1186 5073 1358 5144 ἀρχάς
1392 5071 1582 5124 ἔλαϐον
1599 5085 1614 5098 ·
1641 5071 1736 5124 καὶ
1760 5071 1902 5124 οὕτω
1934 5071 2044 5123 λοι-

479 5166 580 5219 πὸν
601 5162 890 5232 ὁλόκληρος
926 5161 953 5211 6
981 5155 1189 5228 καρπὸς
1212 5156 1310 5225 τῆς
1342 5153 1598 5222 γυναικὸς
1630 5153 1905 5223 ήγιάξετο.
1937 5154 2046 5207 Καὶ

477 5245 593 5319 ἢνὸ
632 5247 728 5316 μὲν
781 5241 1119 5314 πρωτότοκος
1167 5238 1497 5306 κατόρθωμα
1549 5236 1649 5306 τῆς
1697 5236 1987 5303 γυναικὸς,
2017 5239 2046 5288 ὀ

475 5331 725 5401 δεύτερος
748 5326 804 5379 δέ
828 5325 994 5395 αὐτῆς
1025 5320 1228 5376 καὶτοῦ
1252 5321 1441 5390 ἱερέως
1466 5319 1738 5382 κοινωνός.
1756 5321 1863 5374 Καὶ
1879 5319 2046 5373 καθά-

478 5430 586 5485 περ
616 5413 686 5482 γῆ
712 5409 916 5480 λιπαρά
955 5408 1046 5460 καὶ
1089 5407 1247 5469 πίων,
1299 5403 1566 5473 δεξαμένη
1614 5403 1682 5456 τά
1735 5406 2043 5475 σπέρματα,

541 5633 568 5662 ⁸
595 5631 694 5680 Vox
714 5631 1032 5693 ἀποκρίνεται,
1053 5642 1164 5690 qua)
1186 5629 1360 5676 deerat
1375 5627 1424 5675 in
1449 5623 1637 5684 Monll'.,
1659 5624 1883 5686 suppleta
1912 5629 1989 5672 est
2011 5636 2038 5670 e

479 5693 626 5744 Slvil.
663 5699 716 5741 et
739 5691 907 5741 Morel.
938 5691 1065 5740 Eon.

1184 319 1241 376 S.
1281 316 1566 374 JOANNIS
1605 316 2091 374 CHRYSOSTOMI
2131 319 2447 378 ARCIIIEP.
2475 319 3029 382 .CONSTANTINOP.

3615 324 3728 387 658

2153 442 2406 512 κομῶντα
2439 443 2711 497 δείκνυσιν
2743 446 2872 514 ἡμῖν
2907 445 2975 498 τὰ
2993 447 3151 516 λήῖαν
3184 445 3328 500 οὕτω
3372 449 3464 501 καὶ
3499 450 3532 520 ή
3564 453 3726 519 γυνὴ,

2159 531 2296 600 μετά
2323 531 2558 596 πίστεως
2592 532 2661 584 τά
2701 534 2917 604 ῥήματα
2959 532 3224 602 δεξαμένη
3254 533 3591 604 τοῦίερέως,
3631 555 3725 589 κο-

2158 619 2376 688 μῶντας
2404 621 2534 689 ἡμῖν
2561 619 2798 688 στάχυας
2833 620 3050 689 ἐτέρους
3089 620 3282 689 ήνεγκε
3303 659 3318 680 ,
3366 621 3459 674 καὶ
3488 621 3584 691 τὴν
3613 639 3722 673 πα-

2153 706 2310 760 λαιὰν
2341 707 2634 777 μετέϐαλεν
2668 707 2825 779 ἀρὰν,
2882 707 2987 760 ἀπὸ
3020 707 3184 777 εὐχῆς
3229 709 3322 760 καὶ
3364 708 3608 774 εὐλογίας
3641 709 3725 762 τί-

2155 812 2374 849 κτουσα.
2411 797 2522 848 Καὶ
2576 797 2640 849 σύ
2670 797 2867 860 τοίνυν,
2899 789 2944 848 ὦ
2975 795 3154 863 γύναι,
3203 795 3403 866 ταύτην
3456 795 3723 866 ζήλωσον,

2154 882 2256 935 κάν
2297 883 2394 952 μὲν
2427 885 2612 952 στεῖρα
2632 878 2718 956 ᾗς,
2757 883 2920 953 εὐχήν
2946 899 3006 935 τε
3040 882 3297 947 ἐπίδειξαι
3323 883 3595 953 τοιαύτην,
3627 884 3726 935 καὶ

2151 967 2242 1019 τὸν
2281 967 2431 1038 ἱερέα
2471 967 2849 1038 παρακάλεσον
2873 966 3280 1036 συνεφάψασθαί
3341 984 3423 1020 σοι
3455 967 3555 1036 τῆς
3586 984 3726 1038 πρε-

2155 1053 2354 1116 σϐείας.
2380 1054 2604 1117 Πάντως
2631 1054 2697 1108 ἂν
2732 1052 2868 1125 μετά
2894 1053 3126 1116 πίστεως
3141 1053 3264 1125 δέξῃ
3288 1054 3355 1106 τά
3381 1055 3617 1130 ῥήματα,
3643 1055 3725 1114 είς

2153 1143 2365 1214 καρπὸν
2398 1143 2709 1213 τελευτήσει
2761 1141 2925 1197 καλὸν
2957 1145 3052 1196 καὶ
3079 1142 3287 1214 ῶριμον
3329 1143 3440 1194 τῶν
3470 1143 3725 1213 πατέρων

2152 1232 2187 1300 ή
2221 1230 2458 1298 εὐλογία.
2517 1231 2616 1282 Ἂν
2665 1229 2724 1283 δέ
2749 1231 2883 1303 γένῃ
2916 1231 3118 1301 μήτηρ,
3175 1229 3369 1291 ἀνάθες
3409 1247 3501 1282 σου
3528 1231 3621 1282 καὶ
3656 1231 3723 1282 σύ

2150 1317 2242 1370 τὸν
2276 1317 2409 1370 υἱόν.
2454 1316 2664 1388 Ἐκείνη
2704 1318 2784 1380 είς
2815 1317 2939 1370 ναὸν
2977 1319 3217 1389 ἀνήγαγε
3239 1357 3252 1377 ,
3295 1318 3359 1370 σύ
3393 1317 3519 1368 ναὸν
3563 1333 3726 1371 καταο

2155 1404 2418 1457 σκεύασον
2468 1404 2670 1474 σαυτὴν
2724 1403 3017 1474 βασιλικόν.
3090 1404 3165 1456 Τὰ
3195 1403 3301 1475 γάρ
3337 1403 3492 1471 μέλη
3531 1401 3720 1472 ὑμῶν,

2153 1492 2305 1560 φησὶ,
2339 1491 2510 1560 σῶμα
2563 1491 2669 1544 τοῦ
2710 1491 2966 1559 Χριστοῦ
3002 1491 3152 1556 ἐστι,
3194 1489 3291 1544 καί
3327 1491 3472 1555 ναός
3506 1490 3616 1544 τοῦ
3653 1491 3727 1542 ἐν

2151 1579 2292 1644 ὑμῖν
2338 1579 2511 1648 ἁγίου
2559 1580 2922 1648 Πνεύματος.
2976 1579 3086 1633 Καὶ
3130 1579 3326 1633 πάλιν·
3387 1578 3723 1647 Ἐνοικήσω

2149 1665 2220 1717 ἐν
2271 1666 2414 1734 ὑμῖν
2461 1666 2702 1730 αὐτοῖς,
2757 1665 2854 1719 καὶ
2901 1665 3375 1736 ἑμπεριπατήσω.
3438 1665 3563 1728 Πῶς
3613 1666 3726 1734 γὰρ

2149 1759 2249 1809 οὐκ
2297 1755 2497 1810 ἄτοπον
2543 1757 2719 1811 οἰκίαν
2777 1757 2874 1827 μὲν
2927 1761 3302 1828 γεγηρακυῖαν
3353 1757 3446 1810 καὶ
3490 1757 3726 1810 καταπί-

2151 1861 2304 1898 πτειν
2344 1845 2642 1914 μέλλουσαν
2678 1845 2956 1917 διορθοῦν,
3012 1847 3106 1899 καὶ
3143 1847 3401 1917 χρήματα
3436 1844 3722 1899 δαπανῶν-

2149 1950 2280 1997 τας,
2321 1935 2415 1986 καὶ
2451 1933 2763 2004 οἰκοδόμους
2805 1934 3196 2002 συλλέγοντας,
3236 1933 3328 1987 καὶ
3370 1934 3546 1988 πάντα
3578 1952 3723 2005 πρα-

2148 2020 2587 2091 γματευομένους
2610 2061 2624 2084 ,
2664 2021 2761 2091 τὴν
2791 2021 2846 2073 δὲ
2883 2021 3060 2074 οἰκίαν
3097 2020 3192 2073 τοῦ
3243 2020 3377 2074 Θεοῦ
3410 2020 3583 2091 (οἰκία
3609 2021 3725 2090 γάρ

2147 2108 2241 2162 τοῦ
2278 2108 2448 2175 Θεοῦ,
2490 2107 2584 2162 τοῦ
2625 2109 2744 2162 νέου
2785 2110 2981 2176 γένοιτ’
3017 2108 3084 2161 ἃν
3125 2110 3159 2180 ή
3207 2107 3381 2178 ψυχὴ)
3433 2108 3566 2180 μηδὲ
3617 2109 3723 2178 τῆς

2149 2198 2414 2269 τυχούσης
2451 2196 2636 2261 ἀξιοῦν
2674 2198 2958 2267 προνοίαςς
3001 2197 3144 2268 Ὅρα
3191 2196 3264 2266 μὴ
3315 2195 3508 2249 ταύτὸν
3554 2196 3723 2250 ἀκού-

2151 2301 2271 2356 σῃς,
2300 2285 2441 2354 ὅπερ
2475 2287 2567 2338 καὶ
2606 2283 2846 2339 Ἰουδαῖοί
2879 2301 3008 2336 ποτε
3049 2284 3305 2355 ἥκουσαν.
3347 2284 3568 2338 Ἐκεῖνοι
3610 2283 3723 2352 γάρ

2150 2369 2337 2441 ἐπειδὴ
2361 2371 2450 2423 τὸν
2482 2370 2608 2422 ναὸν
2638 2369 2826 2423 τοῦτον
2859 2370 2949 2422 τὸν
2977 2370 3230 2438 αἰσθητὸν
3260 2369 3369 2422 ἀπὸ
3392 2374 3490 2441 τῆς
3518 2372 3723 2440 αἰχμα-

2149 2457 2348 2520 λωσίας
2396 2457 2787 2520 ἐπανελθόντες
2838 2457 3186 2528 ἠμελημένον
3240 2457 3445 2526 ἐώρων,
3483 2457 3578 2510 καὶ
3617 2457 3721 2520 τὰς

2150 2547 2357 2600 ἑαυτῶν
2409 2546 2780 2611 ἐκαλλώπιζον
2809 2547 3022 2610 οἰκίας,
3068 2546 3209 2600 οὕτω
3251 2545 3576 2616 παρώξυναν
3624 2547 3721 2599 τὸν

2148 2633 2303 2698 Θεὸν,
2342 2635 2418 2698 ὡς
2453 2634 2667 2705 πέμψαι
2696 2635 2786 2688 τὸν
2823 2635 3126 2705 προφήτην,
3163 2634 3257 2687 καὶ
3304 2633 3460 2703 λιμὸν
3487 2633 3720 2704 ἀπειλῆ-

2152 2739 2264 2786 σαι,
2292 2722 2386 2775 καὶ
2420 2722 2620 2792 πολλὴν
2653 2720 2761 2776 τῶν
2789 2721 3100 2789 ἀναγκαίων
3137 2720 3234 2791 τὴν
3264 2722 3479 2782 σπάνιν,
3497 2723 3591 2773 καὶ
3621 2721 3722 2791 τὴν

2149 2809 2328 2863 αἰτίαν
2377 2811 2477 2878 τῆς
2508 2808 2739 2878 ἀπειλῆς
2775 2808 2976 2878 ταύτης
3005 2810 3179 2861 εἰπεῖν
3201 2825 3216 2838 ·
3261 2807 3400 2877 αὕτη
3431 2808 3489 2860 δὲ
3516 2803 3604 2877 ἦν,
3637 2811 3725 2861 ὅτι

2160 2895 2356 2963 Ὑμεῖς
2377 2896 2492 2964 μὲν
2523 2895 2734 2949 οἰκεῖτε
2753 2895 2822 2947 ἐν
2845 2896 3033 2961 οἴκοις
3065 2894 3521 2962 κοιλοστάθμοις
3538 2895 3586 2952 b.
3605 2897 3637 2947 ό
3651 2893 3723 2945 δὲ

2149 2978 2314 3048 οἶκός
2332 2999 2451 3052 μου
2475 2981 2798 3050 ἠρήμωται.
2829 2981 2891 3033 Εί
2917 2981 2972 3034 δὲ
3001 2981 3129 3050 περὶ
3151 2980 3242 3032 τὸν
3279 2979 3404 3032 ναὸν
3435 2981 3646 3032 ἐκεῖνον
3680 2982 3720 3050 ὴ

2148 3071 2409 3143 ὀλιγωρία
2444 3071 2714 3139 τοσαύτην
2753 3068 3005 3140 ἐξήγειρε
3055 3068 3153 3121 τοῦ
3201 3067 3338 3122 Θεοῦ
3395 3068 3494 3138 τὴν
3525 3069 3720 3140 ὀργὴν,

2148 3156 2326 3227 πολλῷ
2357 3155 2554 3226 μᾶλλον
2584 3157 2619 3226 ή
2647 3154 2738 3208 τοῦ
2764 3155 2892 3208 ναοῦ
2927 3154 3114 3208 τούτου
3151 3155 3390 3226 ῥᾳθυμία
3431 3154 3724 3227 παροξυνεῖ

2149 3241 2297 3316 [T28]
2313 3244 2404 3297 τὸν
2418 3244 2694 3310 Δεσπότην
2713 3261 2727 3276 ο
2759 3243 2894 3296 πολύ
2919 3243 3028 3313 γάρ
3056 3236 3210 3305 οὗτος
3243 3243 3450 3296 ἐκείνου
3464 3242 3726 3312 τιμιώτε-

2149 3345 2261 3398 ρος,
2285 3328 2393 3396 ὅσῳ
2423 3326 2518 3380 καὶ
2543 3325 2761 3396 μείζονα
2782 3325 2894 3395 ἔχει
2926 3325 3020 3394 τῆς
3040 3326 3326 3392 ἀγιαστίας
3351 3325 3419 3378 τά
3449 3325 3720 3395 σύμϐολα.

2146 3411 2238 3483 Μὴ
2268 3410 2444 3463 τοίνυν
2463 3411 2606 3480 ἀφῇς
2623 3409 2714 3462 τοῦ
2733 3410 2868 3462 Θεοῦ
2891 3409 2981 3462 τὸν
3011 3405 3157 3462 οἷκον
3180 3408 3442 3480 σπήλαιον
3467 3409 3725 3476 γενέσθαι

2145 3497 2377 3570 λῃστῶν,
2421 3497 2507 3549 ἵνα
2535 3497 2609 3567 μὴ
2641 3495 2735 3548 καὶ
2774 3495 2966 3567 ἑτέραν
3003 3495 3321 3565 ἐπιτίμησιν
3355 3495 3618 3567 ἀκούσῃς,
3653 3497 3728 3566 ἦν

2148 3585 2286 3656 πρὸς
2325 3585 2451 3648 τούς
2493 3583 2778 3647 Ἰουδαίους
2825 3585 2853 3635 ό
2896 3582 3128 3653 Χριστὸς
3165 3584 3456 3653 ἐποιήσατο
3494 3582 3668 3652 λέγων
3704 3601 3721 3614 ·

2159 3673 2223 3727 '0
2251 3669 2413 3739 οἶκος
2440 3672 2545 3726 τοῦ
2563 3673 2791 3740 Πατρός
2810 3687 2950 3738 μου,
2969 3665 3133 3734 οἶκος
3155 3668 3502 3738 προσευχῆς
3522 3670 3722 3724 ἐστιν-

2147 3761 2315 3829 ὑμεῖς
2342 3760 2409 3813 δὲ
2429 3759 2749 3825 ἐποιήσατε
2779 3756 2960 3811 αὐτὸν
2989 3755 3294 3818 σπήλαιον
3306 3755 3572 3823 λῃστῶν.
3594 3757 3727 3821 Πῶς

2147 3847 2204 3900 δὲ
2238 3846 2498 3918 σπήλαιον
2521 3845 2732 3916 λῃστῶν
2761 3843 2967 3911 γίνεται
2991 3858 3005 3904 ;
3041 3841 3208 3894 Ὅταν
3226 3841 3609 3912 ἀνελευθέρους
3623 3845 3723 3897 καὶ

2148 3933 2576 4007 ἀνδραποδώδεις
2599 3931 2911 4002 ἐπιθυμίας,
2935 3931 3063 3983 ὃταν
3094 3929 3378 3998 ἀσέλγειαν
3401 3932 3578 3983 πᾶσαν
3607 3933 3724 3984 είσ-

2148 4023 2319 4076 ελθεῖν
2365 4020 2460 4074 καὶ
2512 4018 2959 4090 ἐμφιλοχωρῆσαι
3013 4019 3133 4078 ταῖς
3184 4017 3386 4087 ψυχαῖς
3416 4017 3523 4069 τῶν
3578 4019 3721 4070 νέων

2149 4111 2418 4180 ἐάσωμεν.
2452 4107 2676 4181 Λῃστῶν
2702 4107 2810 4176 γὰρ
2836 4102 3201 4174 χαλεπώτεροι
3234 4105 3283 4155 οί
3320 4103 3546 4157 τοιοῦτοι
3578 4104 3725 4173 λογι-

2150 4195 2407 4268 σμοὶ,τὴν
2428 4193 2742 4264 ἐλευθερίαν
2768 4191 2876 4245 τῶν
2909 4189 3114 4244 παίδων
3145 4188 3718 4261 ἐξανδραποδίσαντες,

2150 4284 2243 4338 καὶ
2266 4282 2484 4345 δούλους
2507 4281 2614 4333 τῶν
2641 4280 2852 4346 ἀλόγων
2869 4278 3078 4331 ποιοῦσι
3100 4276 3306 4343 παθῶν,
3329 4279 3730 4331 κατακεντοῦν-

2147 4389 2238 4436 τες
2268 4372 2465 4432 αὐτούς
2519 4368 2804 4431 πάντοθεν,
2839 4366 2934 4419 καὶ
2967 4365 3174 4418 πολλῶν
3196 4365 3522 4436 τραυμάτων
3575 4367 3726 4437 πλη-

2153 4456 2372 4530 ροῦντες
2398 4454 2577 4509 αὐτῶν
2606 4455 2703 4526 τὴν
2737 4453 2996 4508 διάνοιαν.
3037 4452 3128 4504 Διὸ
3157 4452 3221 4522 δὴ
3242 4452 3410 4506 ταῦτα
3441 4453 3562 4506 καθ’
3587 4456 3726 4508 ἐκά-

2150 4562 2282 4617 στην
2309 4545 2523 4616 ἡμέραν
2543 4541 2984 4612 περισκοπῶμεν,
3003 4541 3095 4592 καὶ
3124 4540 3371 4610 καθάπερ
3395 4541 3620 4610 μάστιγι
3640 4543 3728 4612 τῷ

2146 4635 2290 4704 λόγῳ
2316 4635 2608 4704 χρώμενοι,
2639 4632 2814 4684 πάντα
2846 4629 2914 4681 τά
2945 4629 3167 4682 τοιαῦτα
3195 4629 3339 4696 πάθη
3366 4631 3465 4699 τῆς
3493 4631 3726 4682 ἐκείνων

2145 4722 2324 4792 ψυχῆς
2340 4718 2754 4788 ἀπελαύνωμεν,
2769 4717 2855 4770 ἵνα
2887 4716 2985 4785 τῆς
3002 4715 3115 4770 ἀνω
3132 4716 3406 4779 πολιτείας
3423 4721 3726 4787 μετασχεῖν

2145 4808 2444 4880 δυνηθῶσιν
2479 4809 2610 4878 ἡμῖν
2638 4807 2688 4858 οἱ
2714 4805 2920 4868 παῖδες,
2957 4805 3050 4857 καὶ
3089 4804 3189 4875 τὴν
3233 4807 3349 4858 ἐκεῖ
3373 4806 3729 4877 λειτουργίαν

2147 4895 2458 4950 ἐπιτελέσαι
2507 4896 2706 4947 πᾶσαν.
2757 4893 2874 4946 υύκ
2906 4891 3094 4956 εἴδετε,
3139 4893 3220 4944 ὅτι
3269 4893 3320 4944 οἱ
3368 4894 3425 4944 ἐν
3465 4896 3586 4956 ταῖς
3621 4894 3729 4946 πό-

2147 4985 2264 5038 λεσι
2291 4983 2714 5052 πολιτευόμενοι,
2747 4981 2845 5049 τῆς
2877 4977 3042 5049 θηλῆς
3065 4979 3323 5042 πολλάκις
3353 4981 3477 5043 τοὺς
3511 4981 3730 5034 ἑαυτῶν

2152 5075 2349 5138 παῖδας
2407 5073 2568 5135 εὐθὺς
2621 5070 3110 5135 ἀποσπασθέντας,
3171 5069 3574 5140 θαλλοφόρους,
3621 5075 3730 5126 καὶ

2152 5161 2512 5233 ἀγωνοθέτας,
2541 5160 2636 5212 καὶ
2667 5158 3109 5230 γυμνασιάρχους
3126 5160 3221 5211 καὶ
3251 5159 3579 5230 χορειάρχας
3595 5177 3731 5212 ποι-

2149 5251 2268 5304 οῦσι
2289 5267 2304 5316 ;
2339 5247 2507 5300 Τοῦτο
2543 5248 2637 5300 καὶ
2664 5248 2825 5316 ἡμεῖς
2855 5245 3216 5316 ἐργασώμεθα
3235 5263 3249 5277 ·
3267 5248 3332 5299 ὲκ
3353 5246 3576 5317 πρώτης
3600 5247 3728 5316 ηλι-

2149 5340 2272 5400 κίας
2295 5337 2489 5398 αὐτοὺς
2523 5337 2604 5398 είς
2630 5333 2728 5404 τὴν
2752 5333 3026 5386 πολιτείαν
3058 5334 3370 5402 εἰσάγωμεν
3401 5333 3499 5405 τὴν
3527 5336 3585 5387 ἐν
3603 5339 3731 5399 τοῖς

2150 5428 2416 5497 οὐρανοῖς.
2452 5423 2599 5495 Αὐτη
2638 5423 2737 5492 μὲν
2765 5423 2874 5493 γάρ
2907 5425 2942 5490 ἡ
2969 5421 3208 5490 ἐπίγειος
3237 5422 3524 5494 δαπανηρά
3557 5423 3736 5494 μόνον

2150 5515 2286 5578 ἐστὶ,
2321 5514 2415 5566 καὶ
2447 5511 2637 5582 κέρδος
2673 5511 2825 5564 οὐδὲν
2845 5511 2977 5580 ἔχει.

2214 5684 2244 5724 ιι
2266 5681 2401 5736 Colb.
2425 5687 2478 5732 el
2495 5681 2618 5744 Reg.
2645 5679 3030 5744 κυκλοστάθμοις.
