4038 6360
379 346 481 403 Βῗὶἲ

378 467 585 520 luet-aut
605 464 660 520 in
689 466 1002 522 memoriam
1024 480 1296 533 revocare,
1327 467 1551 538 idquue
1574 467 1739 523 dicit:
1768 464 1835 522 In
1857 483 1958 534 me,

373 557 746 623 dontinewioit
773 558 945 611 anima
965 567 1051 611 tua
1079 574 1099 612 :
1131 574 1221 628 ego
1250 574 1361 612 sum
1391 558 1571 613 mulier
1600 575 1717 631 qua:
1757 562 1961 615 constiti

374 652 426 705 in
448 663 717 723 conspectu
760 663 844 707 tuo
883 654 1157 723 deprecans
1199 653 1472 709 Dominum
1514 670 1605 722 pro
1645 671 1800 723 puero
1841 656 1953 709 hoc.

372 741 553 809 Effudi
597 760 767 815 preces
813 744 883 797 ad
921 744 1216 812 Dominum,
1242 756 1313 805 ,ει
1342 747 1430 800 ille
1475 746 1612 800 dedit
1660 748 1786 799 mihi
1831 748 1955 814 peti-

371 832 579 897 tionem,
632 851 786 903 quam
830 834 1058 905 petebam
1112 835 1176 890 ab
1205 836 1369 890 eo.Et
1400 854 1489 908 ego
1524 838 1785 892 commodo
1810 840 1952 892 illum

370 920 591 976 Domino
617 963 636 991 ,
694 933 751 977 ut
797 926 980 979 serviat
1037 924 1252 980 Domino
1285 968 1299 990 ,
1359 928 1589 982 omnibus
1637 928 1811 984 diebus
1838 936 1953 983 vita:

367 1029 476 1067 sua:
518 1013 594 1085 (1.
622 1014 747 1086 Reg.
774 1018 825 1070 1.
875 1017 967 1070 27.
1009 1018 1123 1087 28).
1186 1019 1298 1072 Non
1347 1020 1514 1086 dixit,
1569 1021 1680 1092 Ego
1714 1038 1830 1075 sum
1862 1022 1950 1075 illa

368 1104 581 1171 mulier,
609 1109 692 1160 cui
718 1117 770 1160 tu
798 1109 1150 1177 exprobrasti.
1175 1126 1330 1180 quam
1354 1112 1649 1167 maledictis
1673 1114 1946 1182 impetisti,

365 1212 527 1265 quam
556 1199 703 1252 velut
722 1199 1063 1255 temulentam
1090 1210 1145 1257 et
1166 1202 1367 1256 ebriam
1385 1203 1615 1258 derisisti
1637 1220 1652 1269 ;
1676 1203 1797 1259 ideo
1810 1204 1949 1259 Deus

368 1288 464 1343 tibi
495 1287 789 1345 declarabit
815 1307 903 1346 me
929 1308 1031 1347 non
1060 1309 1179 1349 esse
1199 1295 1545 1362 vinolentam,
1575 1306 1628 1352 te
1667 1312 1796 1352 vero
1837 1298 1945 1352 cri-

364 1394 486 1433 men
515 1380 617 1436 hoc
646 1390 846 1438 temere
866 1384 994 1439 mihi
1026 1386 1327 1457 impegisse.
1347 1387 1484 1442 Nihil
1509 1388 1810 1459 hujusmodi
1829 1406 1948 1446 ver-

362 1470 551 1526 borum
580 1488 892 1543 asperorum
923 1477 1076 1544 dixit,
1104 1478 1197 1532 sed
1215 1478 1378 1533 multa
1399 1494 1519 1534 cum
1541 1483 1945 1539 mansuetudine

362 1562 633 1633 loquitur:
664 1565 791 1620 licet
817 1568 1036 1623 haberet
1082 1585 1258 1625 rerum
1305 1579 1553 1625 eventum
1585 1572 1681 1626 sibi
1711 1575 1942 1642 patroci-

362 1667 603 1720 nantem,
630 1669 694 1710 ac
714 1656 834 1725 jure
860 1666 1041 1726 posset
1068 1660 1402 1729 exprobrare
1427 1662 1869 1733 sacerdoti,qnod
1890 1664 1941 1718 id

363 1746 623 1814 temporis
648 1746 815 1816 ipsam
850 1757 1052 1804 temere
1079 1751 1213 1804 citra
1240 1766 1455 1806 causam
1500 1752 1831 1810 incusasset:
1857 1756 1939 1811 ni-

360 1837 433 1891 hil
456 1838 644 1893 horum
676 1840 819 1906 facit,
842 1842 937 1896 sed
969 1850 1175 1898 tantum
1204 1856 1587 1900 commemorat
1614 1847 1709 1901 Dei
1734 1862 1856 1918 erga
1881 1862 1939 1902 se

354 1929 785 1986 beneﬁcentiam.
830 1932 1121 1991 Considera
1151 1949 1279 1990 vero
1303 1945 1512 2005 gratum
1537 1952 1598 1992 ac
1621 1938 1937 2008 prudentem

352 2023 562 2076 ancilla:
591 2023 849 2078 animum.
881 2024 1013 2080 Cum
1039 2025 1386 2095 alﬂigeretur,
1411 2028 1607 2082 nemini
1639 2044 1788 2084 suam
1810 2044 1936 2099 ape-

353 2117 460 2167 ruit
482 2115 862 2181 calamitatem,
893 2132 990 2172 nec
1013 2117 1276 2173 sacerd0ti
1298 2118 1462 2173 dixit:
1482 2118 1743 2174 Aimulam
1764 2120 1936 2175 habeo

354 2209 664 2275 mulierem,
692 2224 813 2279 quae
837 2209 971 2266 mihi
1000 2211 1333 2280 exprobrans
1348 2210 1769 2283 conviciansque
1792 2213 1925 2266 cho-

350 2314 468 2353 rum
498 2298 658 2354 habet
686 2300 976 2356 liberorum
1006 2319 1022 2356 :
1050 2318 1150 2373 ego
1175 2318 1304 2358 vero
1329 2319 1448 2373 quae
1468 2306 1930 2360 mansuetudinem

347 2391 488 2453 colo,
519 2390 585 2445 ad
617 2390 757 2447 hunc
779 2407 944 2462 usque
964 2392 1105 2448 diem
1132 2393 1365 2449 nondum
1393 2396 1541 2464 potui
1573 2395 1686 2451 ﬁeri
1717 2406 1925 2460 mater;

345 2481 441 2536 sed
477 2483 616 2538 Deus
653 2485 912 2539 conclusit
946 2486 1157 2541 vulvam
1201 2501 1412 2552 meam,
1459 2502 1684 2557 cumque
1727 2487 1929 2543 videret

343 2573 687 2629 amictionem
716 2591 911 2645 meam,
958 2593 1063 2632 non
1105 2587 1188 2633 est
1231 2580 1498 2634 misertus.
1545 2580 1687 2635 Nihil
1737 2581 1925 2635 horum

342 2666 477 2720 dixit
502 2681 518 2721 :
548 2667 640 2721 sed
668 2683 962 2738 suppresso
987 2670 1302 2725 calamitatis
1328 2686 1527 2741 genere
1550 2712 1562 2734 ,
1614 2681 1815 2726 tantum
1847 2674 1925 2725 in-

339 2756 541 2812 dicavit
571 2774 629 2813 se
649 2759 829 2813 animo
856 2761 979 2831 angi
1006 2760 1216 2825 dicens,
1266 2761 1453 2815 Mulier
1478 2762 1530 2815 in
1569 2762 1699 2816 duro
1724 2763 1805 2817 die
1833 2779 1923 2831 ego

336 2864 453 2901 sum
483 2847 659 2915 (Ibid.
694 2865 742 2901 υ.
776 2850 902 2920 15),
926 2868 993 2905 ne
1020 2851 1151 2906 illud
1178 2853 1391 2921 quidem
1432 2853 1655 2918 dictura,
1690 2855 1792 2908 nisi
1837 2870 1922 2908 sa-

336 2938 530 2995 cerdos
560 2939 661 2995 huc
680 2941 1046 3011 compulisset,
1080 2944 1357 3011 suspicans
1379 2959 1495 2999 eam
1522 2959 1641 2999 esse
1659 2945 1920 2999 temulen-

336 3042 469 3087 tam.
499 3036 572 3089 At
598 3043 945 3105 posteaquam
991 3034 1045 3091 id
1084 3037 1274 3091 vulnus
1319 3037 1565 3101 sustulit,
1613 3038 1719 3091 Deo
1759 3037 1920 3093 dante

334 3124 479 3194 quod
507 3127 823 3196 postularat,
856 3136 965 3181 tum
989 3127 1204 3183 demum
1238 3128 1329 3184 Dei
1355 3129 1763 3184 beneﬁcentiam
1792 3146 1917 3199 ape-

336 3219 408 3271 rit
430 3218 718 3281 sacerdoti,
749 3219 976 3288 cupiens
1003 3219 1151 3274 illum
1184 3218 1235 3273 in
1264 3220 1482 3291 agendis
1505 3222 1688 3290 gratiis
1718 3221 1915 3277 habere

330 3320 663 3376 consortem,
694 3311 1147 3381 quemadmodum
1190 3314 1336 3382 prius
1382 3313 1640 3369 habuerat
1691 3315 1740 3369 in
1792 3330 1914 3384 pre-

327 3402 536 3465 cando;
564 3403 745 3473 aitque
775 3418 795 3455 .'
825 3402 932 3457 Pro
952 3420 1106 3475 puero
1129 3411 1222 3459 hoc
1249 3406 1508 3474 precabar,
1534 3408 1765 3475 deditque
1791 3408 1914 3461 mihi

327 3492 579 3548 Dominus
609 3496 897 3565 petitionem
950 3513 1143 3564 meam,
1174 3514 1326 3567 quam
1360 3498 1585 3568 petebam
1633 3500 1695 3551 ab
1734 3516 1810 3553 eo.
1843 3499 1913 3553 Et

326 3604 463 3639 nunc
485 3588 751 3643 commodo
776 3605 887 3643 eum
914 3588 1153 3644 Domino.
1187 3591 1322 3647 Vide
1347 3608 1505 3662 quam
1533 3594 1603 3645 sit
1644 3593 1908 3649 modesta.

322 3677 403 3733 Ne
425 3692 601 3749 putes,
632 3681 827 3751 inquit,
857 3697 942 3737 me
972 3698 1215 3753 magnam
1256 3699 1368 3738 rem
1410 3696 1501 3739 aut
1544 3685 1907 3740 admirandam

322 3770 523 3837 facere,
554 3773 694 3842 quod
729 3772 985 3830 infantem
1015 3774 1209 3830 dedico
1238 3792 1253 3831 :
1286 3792 1392 3830 non
1435 3792 1536 3847 ego
1579 3777 1737 3845 hujus
1778 3777 1907 3833 boni

322 3864 503 3931 aperis
528 3877 645 3917 sum
674 3875 881 3929 auctor,
916 3866 1010 3920 sed
1037 3868 1281 3935 persolvo
1305 3867 1565 3922 debitum.
1600 3868 1904 3937 Depositum

320 3956 461 4009 enim
483 3957 686 4026 accepi,
717 3965 773 4013 et
819 3958 921 4013 hoe
949 3960 997 4014 ei
1026 3961 1247 4014 restituo
1278 3959 1367 4030 qui
1392 3960 1557 4016 dedit.
1586 3962 1761 4033 Atque
1789 3961 1906 4018 hzee

320 4046 446 4101 dum
474 4049 730 4118 loquitur,
765 4050 995 4119 seipsam
1017 4068 1231 4122 quoque
1254 4053 1517 4107 dedicavit
1541 4068 1661 4108 cum
1690 4069 1855 4123 puero
1883 4095 1900 4118 ,

317 4142 467 4211 quasi
507 4150 696 4197 catena
725 4144 952 4214 quadam
983 4154 1185 4199 natura:
1214 4144 1405 4199 all'ectu
1447 4144 1674 4216 seipsam
1703 4146 1903 4216 templo

316 4237 563 4309 alligans.

388 4329 443 4385 4.
485 4329 697 4383 Etenim
727 4329 771 4384 si
798 4329 886 4383 ubi
910 4339 991 4384 est
1024 4329 1305 4384 thesaurus
1330 4328 1579 4393 hominis,
1610 4330 1719 4384 illic
1744 4340 1827 4386 est
1847 4338 1903 4385 et

314 4434 410 4474 cor
429 4420 545 4489 ejus
575 4419 788 4487 (Matth.
819 4419 870 4475 6.
896 4421 988 4475 21.
1022 4419 1148 4473 Luc.
1175 4420 1260 4474 12.
1288 4420 1404 4487 54),
1426 4421 1593 4475 multo
1622 4422 1788 4492 magis
1811 4423 1898 4477 ubi

314 4525 450 4581 puer
488 4510 748 4574 mulieris,
791 4511 861 4565 ibi
906 4518 960 4566 et
1001 4526 1153 4565 mens
1182 4511 1322 4565 illius
1352 4520 1487 4576 erat,
1527 4522 1685 4580 atque
1716 4523 1897 4566 uterus

312 4603 457 4658 illius
478 4618 692 4655 rursum
722 4602 1041 4671 implebatur
1068 4602 1456 4657 benedictione.
1484 4602 1611 4656 Nam
1639 4603 1894 4657 simulat-

309 4709 414 4764 que
435 4693 667 4756 dixerat,
695 4705 1063 4764 oraveratque,
1090 4696 1212 4749 audi
1235 4695 1360 4765 quid
1382 4696 1627 4765 loquatur
1650 4700 1896 4751 sacerdos

311 4783 526 4838 Elcame
548 4800 563 4837 :
594 4784 794 4839 Reddat
814 4785 902 4837 tibi
920 4778 1169 4838 Dominus
1184 4802 1349 4839 semen
1376 4785 1590 4839 alterum
1608 4802 1671 4839 ex
1690 4788 1897 4845 muliere

308 4876 425 4939 ista,
478 4890 572 4945 pro
607 4877 945 4941 commodata,
993 4878 1129 4945 quod
1173 4878 1393 4932 Domino
1440 4880 1767 4933 commodasti
1812 4881 1891 4948 (1.

312 4969 437 5040 Reg.
468 4968 521 5022 2.
549 4968 663 5038 20).
692 4969 845 5024 Initio
864 4984 969 5023 non
987 4968 1214 5035 dixerat,
1236 4969 1438 5024 Reddat
1462 4970 1549 5024 tibi
1573 4990 1586 5024 :
1615 4972 1706 5025 sed
1722 4971 1847 5041 qttid
1870 4971 1893 5024 ?

310 5060 406 5117 Det
437 5062 526 5115 tibi
552 5062 799 5116 Dominus
841 5060 1082 5132 quidquid
1126 5060 1397 5130 postularis
1442 5061 1460 5132 (
1485 5061 1623 5116 Ibid.
1672 5063 1722 5116 1.
1754 5063 1820 5116 17
1848 5061 1890 5132 ).

306 5153 508 5209 Verum
529 5162 870 5224 posteaquam
900 5153 985 5207 illa
1017 5153 1182 5207 Deum
1212 5151 1407 5209 fecerat
1435 5155 1751 5221 debitorem,
1783 5156 1891 5209 ait:

308 5247 515 5301 Reddat
541 5247 654 5314 tibi,
688 5246 879 5301 bonam
900 5246 969 5301 de
992 5245 1185 5301 futuris
1210 5259 1361 5314 spem
1392 5245 1655 5316 praebens.
1680 5246 1887 5301 Etenim

305 5341 349 5393 si
386 5338 535 5393 dedit
559 5353 683 5393 cum
724 5337 854 5392 nihil
901 5337 1143 5400 deberet,
1191 5337 1356 5391 multo
1384 5337 1552 5406 magis
1587 5336 1890 5393 redditurus

306 5440 390 5485 est
432 5438 714 5501 postquam
751 5430 975 5499 accepit.
1007 5429 1071 5483 Et
1097 5429 1183 5483 hic
1208 5443 1335 5498 ergo
1367 5429 1568 5497 primus
1596 5444 1661 5484 ex
1703 5445 1892 5501 preca-

308 5525 487 5587 tione,
516 5530 570 5576 et
599 5530 721 5591 post
746 5521 886 5576 hunc
912 5521 1091 5576 caeteri
1121 5537 1187 5576 ex
1231 5520 1598 5576 benedictione
1623 5521 1890 5576 duxerunt

317 5615 589 5684 triginem,
615 5620 755 5668 totus
788 5622 964 5668 autem
1006 5613 1248 5669 mulieris
1287 5612 1489 5668 fructus
1527 5614 1887 5669 sanctiﬁcatus

306 5717 411 5762 est.
462 5708 634 5777 Atque
674 5705 761 5761 hic
800 5707 1183 5777 primogenitus
1210 5704 1421 5761 femina:
1449 5704 1630 5760 virtuti
1659 5705 1888 5761 debeba-

307 5805 397 5853 tur
422 5818 435 5859 :
458 5800 593 5858 alter
608 5814 735 5856 vero
763 5799 1000 5856 mulieris
1026 5815 1089 5857 ac
1114 5798 1405 5858 sacerdotis
1429 5807 1543 5855 erat
1565 5798 1884 5856 communis.

1600 347 1694 406 DE
1730 348 1915 407 ANNA
1953 348 2180 408 SERMO
2253 357 2339 413 Ill.

3549 379 3648 432 ('5‘?

2069 469 2138 525 Et
2178 474 2314 567 sicut
2346 485 2483 534 terra
2520 480 2727 554 pinguis
2762 499 2825 543 ac
2860 484 3069 556 fertilis,
3115 500 3395 564 postquam
3436 510 3644 567 accepit

2064 565 2290 629 semina,
2317 571 2548 625 ostendit
2576 574 2729 630 nobis
2751 588 3034 634 vernantes
3059 591 3266 651 segetes
3296 600 3310 636 τ
3342 584 3419 639 sic
3438 596 3491 640 et
3517 565 3640 640 mu-

2064 656 2161 712 lier
2186 658 2317 722 haec.
2346 664 2595 732 quoniam
2627 682 2746 721 cum
2776 668 2879 725 ﬁde
2904 674 3118 743 excepit
3141 676 3298 729 verba
3325 678 3637 743 sacerdotis,

2061 749 2191 804 alias
2219 753 2371 808 nobis
2402 754 2548 810 lanas
2578 759 2752 828 spicas
2785 762 3052 829 produxit,
3084 774 3427 837 veteremque
3472 770 3637 824 male-

2059 842 2347 899 dictionem
2377 846 2504 901 Evze
2525 852 2765 915 mutavit,
2796 856 3003 921 pariens
3033 873 3097 911 ex
3126 861 3432 927 precatione
3453 878 3515 917 ae
3540 863 3636 918 be-

2060 936 2376 993 nedictione.
2420 940 2482 993 Et
2513 952 2565 995 tu
2598 943 2773 1012 igitur,
2802 960 2835 999 ο
2875 948 3082 1015 mulier,
3109 951 3243 1005 hanc
3279 954 3552 1020 tumulare,
3584 965 3640 1008 et

2058 1025 2099 1077 si
2122 1027 2316 1083 sterilis
2347 1029 2529 1095 fueris,
2566 1033 2722 1087 talum
2774 1039 3128 1103 precationem
3156 1041 3367 1104 exhibe,
3396 1044 3636 1099 sacerdoo

2058 1124 2163 1171 tem
2198 1134 2431 1188 accerse,
2476 1134 2535 1177 ut
2565 1132 2736 1179 tecum
2778 1129 3186 1199 suscipiatapud
3221 1132 3385 1187 Deum
3415 1133 3636 1205 legatio-

2056 1224 2199 1264 nem.
2245 1210 2475 1268 Omnino
2521 1217 2567 1269 si
2596 1232 2715 1271 cum
2761 1217 2864 1273 ﬁde
2892 1220 3048 1273 verba
3079 1224 3352 1292 exceperis
3377 1265 3391 1288 ,
3425 1236 3633 1294 patrum

2055 1298 2353 1358 benedictio
2380 1304 2433 1359 in
2476 1304 2702 1361 fructum
2733 1309 2895 1363 exibit
2931 1311 3238 1378 praeclarum
3259 1330 3322 1369 ac
3344 1325 3630 1370 maturum.

2050 1393 2201 1457 Quod
2232 1395 2275 1449 si
2307 1406 2478 1451 mater
2516 1398 2701 1463 fueris,
2743 1400 2808 1455 ad
2841 1400 2995 1471 hujus
3019 1405 3319 1473 exemplum
3374 1420 3628 1461 eonseera

2052 1484 2214 1539 tilium
2243 1496 2391 1543 tuum
2422 1490 2551 1544 Deo.
2580 1490 2669 1545 Illa
2694 1492 2745 1545 in
2775 1494 3026 1564 templum
3057 1495 3294 1563 adduxit,
3321 1506 3374 1552 tu
3407 1500 3627 1568 teipsam

2057 1580 2258 1649 regium
2292 1584 2542 1652 templum
2572 1585 2755 1640 redde.
2776 1584 3025 1651 Membra,
3056 1589 3242 1658 inquit,
3271 1600 3431 1643 vestra
3446 1607 3630 1658 corpus

2047 1671 2235 1727 Christi
2259 1685 2398 1741 sunt,
2427 1692 2486 1729 ac
2516 1679 2756 1747 templum
2784 1680 2949 1733 sancti
2973 1680 3219 1750 Spiritus,
3251 1682 3338 1750 qui
3360 1692 3433 1734 est
3453 1683 3505 1735 in
3534 1697 3625 1734 vo-

2046 1764 2119 1817 bis
2145 1764 2222 1835 (1.
2244 1766 2362 1820 Cor.
2393 1768 2447 1823 6.
2478 1769 2592 1840 19).
2630 1772 2708 1825 Ac
2743 1787 2926 1828 rursus
2960 1791 2973 1825 :
3000 1772 3323 1841 Inhabitabo,
3357 1774 3545 1844 inquit,
3573 1775 3627 1827 in

2043 1856 2197 1919 vobis,
2229 1867 2276 1911 et
2303 1858 2623 1915 inambulabo
2644 1861 2721 1933 (2.
2748 1862 2865 1917 Cor.
2894 1863 2945 1919 6.
2976 1864 3086 1934 16).
3119 1867 3310 1919 Annon
3335 1865 3622 1919 absurdum

2041 1958 2122 2002 est
2148 1965 2243 2003 nos
2272 1950 2489 2005 domum
2520 1964 2783 2019 veterem,
2815 1957 3023 2010 ruinam
3054 1958 3386 2011 minitantem
3415 1958 3621 2022 fulcire,

2044 2044 2292 2109 pecunias
2332 2045 2718 2114 impendentes,
2757 2050 2934 2103 fabros
2974 2060 3331 2115 accersentes,
3387 2060 3442 2105 et
3489 2050 3621 2104 nihil

2040 2149 2143 2187 non
2172 2132 2450 2201 facientes,
2483 2136 2698 2192 domum
2743 2149 2921 2193 autem
2968 2139 3061 2195 Dei
3099 2146 3245 2210 (nam
3296 2140 3388 2195 Dei
3429 2141 3622 2196 domus

2037 2238 2155 2279 esse
2176 2224 2333 2279 debet
2357 2227 2712 2283 adolescentis
2739 2228 2938 2299 anima)
2965 2246 3033 2287 ne
3061 2232 3263 2301 vulgari
3293 2232 3506 2301 quidem
3531 2233 3615 2287 di~

2035 2316 2183 2385 gnari
2214 2332 2339 2371 cura
2365 2319 2389 2370 ?
2420 2318 2552 2374 Vide
2583 2336 2650 2376 ne
2677 2321 2815 2377 idem
2842 2322 3045 2387 audias,
3074 2324 3215 2393 quod
3246 2325 3373 2378 olim
3399 2325 3617 2379 audiere

2034 2407 2221 2462 .Iudtci.
2252 2409 2383 2465 Nam
2417 2411 2488 2464 illi
2513 2421 2856 2483 posteaquam
2885 2430 2913 2466 a
2936 2416 3239 2484 captivitate
3264 2417 3459 2471 reversi
3485 2427 3617 2471 tem-

2035 2499 2177 2565 plum
2222 2503 2494 2557 maleriale
2538 2505 2835 2574 neglecutm
2882 2506 3150 2574 viderunt,
3191 2518 3245 2561 et
3293 2508 3435 2562 aedes
3488 2522 3612 2561 suas

2032 2604 2379 2660 exornarunt,
2420 2596 2556 2651 adeo
2585 2598 2748 2652 Deum
2780 2610 3186 2670 exasperarunt,
3219 2610 3275 2654 ut
3305 2616 3409 2655 non
3440 2604 3611 2655 solum

2029 2686 2265 2739 mitteret
2289 2686 2366 2740 eis
2393 2687 2726 2757 prophetam,
2771 2691 2858 2759 qui
2891 2689 3081 2745 famem
3114 2692 3467 2754 minitaretur,
3500 2707 3610 2743 ma-

2025 2791 2289 2848 gnamque
2315 2794 2490 2833 rerum
2512 2782 2929 2836 necessariarum
2954 2783 3229 2851 penuriam
3253 2825 3268 2849 ,
3324 2783 3415 2838 sed
3475 2781 3611 2838 hanc

2025 2869 2186 2922 etiam
2233 2872 2665 2926 comminationis
2693 2888 2912 2928 causam
2940 2874 3278 2944 eloqueretur
3308 2898 3321 2930 :
3364 2874 3462 2929 Vos
3490 2877 3606 2946 qui-

2026 2963 2138 3013 dem
2168 2960 2400 3015 habitatis
2422 2963 2474 3016 in
2496 2963 2727 3017 domibus
2757 2963 3001 3034 laqueatis
3031 2981 3049 3018 :
3084 2966 3262 3019 domus
3288 2976 3457 3021 autem
3494 2983 3607 3019 mea

2024 3054 2218 3107 deserta
2243 3066 2313 3107 est
2338 3054 2489 3125 (Agg.
2520 3056 2571 3109 1.
2602 3056 2683 3126 4).
2710 3057 2861 3123 Quod
2892 3058 2936 3111 si
2959 3057 3097 3112 illius
3130 3060 3307 3129 templi
3332 3060 3603 3130 neglectus

2025 3156 2222 3201 tantam
2267 3147 2516 3202 excitavit
2562 3149 2693 3202 iram
2726 3148 2990 3214 Numinis,
3025 3150 3194 3206 multo
3231 3151 3399 3221 magis
3446 3150 3603 3219 hujus

2022 3237 2202 3307 templi
2231 3237 2502 3307 neglectus
2523 3239 2588 3294 ad
2606 3239 2930 3294 iracundiam
2945 3240 3250 3309 provocabit
3274 3240 3553 3296 Dominum
3583 3257 3597 3294 :

2019 3331 2281 3400 siquidem
2333 3330 2436 3387 hoc
2488 3333 2741 3403 templum
2793 3342 2942 3388 tanto
2984 3342 3068 3389 est
3120 3334 3212 3388 illo
3265 3333 3598 3395 honoratius.

2017 3432 2218 3490 quanto
2255 3425 2409 3494 plura
2455 3425 2614 3480 habet
2641 3425 3007 3479 sanctimoniae
3030 3426 3290 3496 symbola.
3320 3425 3466 3480 Cave
3496 3426 3596 3495 igi-

2016 3516 2175 3582 gitur,
2204 3531 2269 3569 ne
2299 3515 2552 3584 templum
2585 3516 2680 3571 Dei
2706 3516 2795 3570 liat
2818 3517 3072 3587 spelunca
3101 3517 3365 3571 latronum
3398 3556 3411 3577 ,
3445 3531 3513 3571 ne
3541 3526 3597 3570 ct

2014 3607 2237 3659 alteram
2262 3605 2447 3661 audias
2475 3605 2924 3675 objurgationem,
2954 3622 3057 3676 qua
3088 3607 3328 3661 Christus
3349 3607 3596 3675 objurga-

2015 3697 2089 3749 vit
2111 3696 2345 3759 Judtnos,
2387 3696 2571 3752 dicens
2595 3715 2608 3750 :
2637 3696 2832 3751 Domus
2861 3696 3032 3750 Patris
3062 3698 3178 3762 mei,
3212 3697 3389 3749 domus
3416 3714 3595 3764 preca-

2012 3790 2161 3843 tionis
2185 3799 2257 3842 est
2287 3804 2306 3841 :
2331 3805 2417 3842 cos
2438 3799 2610 3842 autem
2646 3788 2831 3858 fecistis
2857 3805 2967 3842 eam
3008 3788 3299 3858 speluncam
3335 3790 3589 3842 latronum

2013 3878 2230 3948 (Matth.
2254 3879 2347 3933 21.
2376 3879 2464 3934 13.
2505 3878 2630 3931 Luc.
2663 3878 2751 3933 19.
2793 3878 2905 3946 46).
2938 3878 3043 3933 Sed
3074 3877 3339 3948 quomodo
3369 3878 3424 3931 lit
3469 3893 3591 3945 spe-

2011 3972 2162 4025 lunca
2189 3970 2452 4024 latronum
2479 3970 2502 4021 ?
2527 3968 2657 4023 Cum
2686 3971 2919 4040 patimur
2957 3968 3242 4023 itliberales
3277 3983 3342 4023 ae
3370 3968 3593 4023 serviles

2008 4063 2465 4134 eoncupiseentias
2496 4062 2876 4133 libidinemque
2928 4062 3145 4128 intrare,
3195 4061 3486 4131 sedemque
3523 4061 3587 4114 li-

2006 4172 2134 4227 gere
2164 4157 2216 4211 in
2256 4155 2771 4211 adulescentulorum
2798 4154 3008 4209 animis.
3040 4154 3193 4208 Tales
3219 4154 3361 4208 enim
3389 4154 3589 4223 cogita-

2008 4250 2181 4303 tiones
2206 4248 2613 4318 perniciosiores
2641 4256 2766 4301 sunt
2793 4247 3108 4315 latronibus,
3145 4262 3265 4317 quae
3292 4261 3582 4317 puerorum

2006 4343 2385 4412 ingenuitatem
2418 4349 2628 4395 vertunt
2668 4341 2720 4394 in
2771 4340 3101 4406 servitutem,
3133 4340 3385 4409 ipsosque
3412 4339 3585 4395 brutis

2005 4433 2380 4502 cupiditatibus
2418 4432 2618 4487 dedunt
2656 4430 2913 4501 captivos,
2943 4430 3174 4500 undique
3215 4430 3584 4487 conlodientes

1967 4517 1973 4527 ’
2007 4525 2145 4590 illos,
2179 4539 2241 4579 ac
2258 4532 2490 4580 mentem
2513 4523 2726 4577 illorum
2746 4522 2923 4576 multis
2948 4521 3229 4591 implentes
3253 4521 3581 4578 vulneribus.

2003 4620 2340 4687 Quapropter
2380 4616 2494 4671 hme
2530 4616 2766 4684 quotidie
2804 4614 3165 4683 dispiciamus,
3196 4625 3251 4669 et
3281 4614 3455 4667 verbis
3484 4628 3585 4683 pro

2002 4712 2200 4765 scutica
2231 4719 2460 4775 utentes,
2488 4723 2675 4763 omnes
2714 4708 2765 4761 id
2801 4722 2969 4776 genus
3013 4706 3234 4760 allectus
3274 4705 3342 4759 ab
3372 4706 3581 4759 illorum

2003 4803 2195 4856 animis
2238 4801 2588 4870 depellamus,
2619 4816 2724 4870 quo
2752 4800 3002 4855 videlicet
3035 4799 3124 4853 lilii
3166 4799 3438 4853 nobiscum
3479 4815 3583 4853 (xe-

2001 4897 2150 4951 lestis
2179 4895 2405 4950 civitatis
2444 4895 2653 4948 valeant
2688 4909 2806 4949 esse
2836 4894 3137 4963 participes,
3181 4902 3235 4947 et
3274 4893 3578 4947 universum

2002 4987 2199 5042 cultum
2230 4988 2317 5055 (ιιιὶ
2362 4987 2663 5042 celebratur
2695 4987 2800 5040 illic
2841 4987 2943 5040 rite
2972 5000 3245 5055 peragere.
3282 4986 3471 5037 Annon
3504 4984 3578 5036 vi-
3606 5020 3612 5025 ς

2000 5082 2136 5137 detis
2187 5080 2514 5149 frequenter,
2567 5080 2708 5150 quod
2758 5079 2931 5149 quiin
2984 5077 3204 5131 urbibus
3252 5087 3576 5141 versantur,

2001 5188 2195 5243 pueros
2219 5189 2388 5241 nuper
2412 5188 2442 5226 a
2473 5172 2610 5227 lacte
2639 5171 2890 5239 depulsos
2918 5168 3300 5240 thallophoros,
3329 5178 3420 5221 aut
3449 5182 3578 5236 ago-

1999 5264 2267 5330 notbetas,
2286 5274 2374 5318 aut
2397 5264 2743 5319 certaminum
2773 5261 3050 5333 prtet'ectos
3081 5263 3122 5328 ¹,
3146 5270 3234 5314 aut
3255 5260 3574 5323 chorearnm

1998 5357 2280 5425 magistros
2317 5354 2558 5411 faciunt?
2598 5355 2742 5409 Idem
2783 5363 2837 5409 et
2876 5367 2973 5406 nos
3017 5352 3287 5417 faciamus,
3335 5367 3362 5403 a
3394 5353 3578 5421 primis
3612 5428 3615 5431 Α

2000 5449 2177 5502 statim
2211 5448 2364 5502 annis
2391 5446 2703 5502 inducamus
2728 5461 2821 5501 eos
2838 5445 2903 5499 ad
2925 5434 3257 5515 disciplinam
3285 5443 3574 5498 czelestem.

2001 5540 2273 5611 Siquidem
2302 5538 2417 5594 haec
2443 5548 2674 5601 terrena,
2723 5553 2845 5593 cum
2872 5537 3195 5607 impendium
3226 5534 3577 5597 adlerat,t'rtt-

1999 5640 2144 5686 ctum
2178 5640 2350 5685 tamen
2381 5629 2580 5684 nullum
2611 5627 2789 5683 habet.

2062 5747 2077 5779 ί
2104 5740 2379 5794 Colbertint
2419 5738 2620 5799 addunt,
2644 5740 2697 5799 et
2714 5730 3150 5799 iggpnnastarchos
3167 5732 3267 5791 (καὶ
3289 5729 3581 5799 (spemsp-

1998 5793 2146 5871 10w):
2182 5808 2250 5855 sic
2276 5806 2424 5854 etiam
2458 5802 2580 5863 lleg.
2608 5793 2660 5847 In
2685 5793 2858 5847 M'o'r'el.
2884 5804 2935 5844 et
2957 5794 3104 5845 Sat-il.
3139 5794 3243 5843 haec
3269 5806 3357 5841 vox
3385 5793 3575 5840 deerat.
