4038 6360
373 346 480 399 ϐἶὶῦι

445 464 501 517 5.
541 460 827 529 Disciplina
878 458 1063 512 calcati
1108 457 1365 510 imbuendi
1410 457 1644 526 juvenes.
1695 484 1763 494 ——
1804 452 1957 514 Nam,

374 572 555 625 11113³80
570 565 641 620 te,
661 555 776 625 quis
792 554 991 607 fructus
1014 565 1133 605 esse
1148 549 1316 619 possit
1341 565 1371 604 e
1400 549 1637 617 populari
1657 546 1917 617 applausu
1941 545 1966 597 ?

374 651 541 705 Simul
565 658 619 702 ιιι
648 662 866 714 vespera
895 659 991 698 nos
1018 643 1312 713 occuparit,
1351 641 1494 695 illico
1516 641 1731 710 plausus
1760 638 1850 692 ille
1876 646 1960 690 to-

374 751 562 808 tusque
605 738 859 792 tumultus
906 734 1221 789 emarcescit
1258 751 1271 785 :
1320 747 1381 785 ac
1412 732 1543 785 festo
1580 737 1813 800 peracto,
1846 742 1966 796 pcr-

376 832 499 885 inde
546 829 695 900 quasi
727 830 777 882 in
820 825 1042 881 somniis
1072 824 1267 879 fuerint
1296 822 1526 877 deliciati
1549 862 1563 887 ,
1593 822 1663 875 ita
1692 820 1839 875 omni
1865 833 1960 873 vo-

376 922 573 992 luptate
598 920 840 975 destituti
866 919 1204 981 consistunt;
1238 932 1337 970 nec
1362 931 1391 968 a
1420 928 1642 978 corona,
1666 927 1767 967 nec
1791 927 1819 966 a
1850 927 1963 965 ma-

374 1014 562 1079 gniﬁca
591 1020 757 1073 veste,
792 1025 891 1065 nec
914 1026 945 1063 a
968 1008 1179 1077 reliquo
1204 1007 1340 1061 fastu
1370 1006 1619 1059 universo
1646 1011 1960 1071 conceptam

374 1105 719 1172 voluptatem,
748 1103 792 1155 si
833 1111 1097 1171 quazranl,
1122 1098 1363 1153 invenire
1383 1097 1582 1157 valent,
1604 1094 1744 1165 quod
1781 1094 1957 1147 omnia

376 1196 461 1250 illa
484 1195 671 1265 quovis
689 1201 849 1248 vento
870 1192 1099 1248 celerius
1128 1198 1563 1260 przetercurrant.

446 1288 691 1343 Felicitas
731 1289 845 1341 vitta
888 1287 1116 1341 calestis.
1148 1286 1505 1355 Abnegationis
1550 1284 1687 1337 modi
1715 1282 1859 1336 varii.
1889 1314 1960 1322 —

372 1379 639 1433 Caeterum
681 1379 733 1432 in
764 1377 961 1431 c:elesti
994 1377 1099 1430 vita
1130 1376 1306 1430 omnia
1349 1389 1502 1429 secus
1543 1373 1741 1428 habent
1773 1391 1793 1427 τ
1827 1374 1957 1426 citra

376 1474 672 1541 impensam
710 1472 914 1524 lucrum
961 1468 1205 1524 adferunt
1234 1478 1287 1523 et
1326 1468 1601 1536 copiosum
1649 1476 1704 1521 et
1743 1465 1955 1520 stabile.

374 1564 508 1617 Nam
538 1564 643 1617 illic
672 1580 775 1616 non
809 1562 1045 1615 homines
1074 1560 1241 1622 ebrii,
1272 1557 1364 1613 sed
1396 1557 1707 1627 angelorum
1733 1556 1959 1626 pepulus

373 1656 567 1727 jugiter
603 1654 869 1724 applaudit
900 1668 1015 1706 rem
1042 1652 1265 1721 gerenti.
1290 1650 1395 1705 Sed
1419 1648 1543 1719 quid
1570 1648 1702 1713 dixi,
1730 1647 1947 1717 angelo-

376 1765 492 1803 rum
537 1748 804 1818 popuIUs?
847 1748 962 1815 Ipse
988 1745 1295 1815 angelorum
1330 1744 1586 1797 Dominus
1613 1741 1867 1803 laudabit,
1904 1749 1959 1794 et

374 1842 740 1912 comprobabit
771 1839 1053 1907 illum.Qui
1080 1854 1207 1893 vero
1233 1854 1261 1891 a
1292 1839 1400 1892 Deo
1432 1836 1695 1900 laudatur,
1725 1850 1829 1888 nun
1853 1849 1965 1887 uno

374 1937 608 1989 alterove
645 1934 752 1999 die,
794 1942 889 1987 aut
933 1932 1125 1999 tertio,
1158 1930 1257 1986 sed
1283 1933 1335 1984 in
1376 1939 1639 1984 aeternum
1670 1930 1961 1998 triumphat

375 2029 480 2081 illic
504 2038 719 2096 gestans
748 2040 1024 2087 coronam,
1056 2038 1154 2078 nec
1185 2037 1435 2093 umquam
1465 2030 1625 2088 caput
1660 2020 1787 2073 illud
1814 2018 1959 2075 vidc-

375 2121 455 2174 bis
484 2135 545 2175 ea
571 2119 823 2174 nudatum
852 2118 1017 2189 gloria
1049 2134 1061 2170 :
1092 2132 1262 2186 neque
1293 2115 1439 2169 enim
1464 2114 1604 2167 illius
1630 2112 1956 2167 celebritatis

375 2224 582 2282 tempus
623 2213 784 2267 certis
823 2210 1011 2265 diebus
1041 2208 1507 2277 circumscriptum
1534 2216 1636 2269 est,
1667 2204 1758 2257 sed
1792 2218 1957 2273 uSque

371 2304 437 2358 ad
493 2304 651 2357 futuri
698 2301 877 2357 saeculi
932 2299 1390 2355 immortalitatem
1435 2296 1764 2351 extenditur.
1827 2294 1959 2350 lluie

371 2397 534 2450 cultui
559 2410 846 2464 numquam
874 2403 1153 2461 paupertas
1191 2406 1309 2445 esse
1356 2390 1527 2459 possit
1556 2386 1953 2457 impedimento,

372 2502 559 2541 verum
598 2496 652 2540 et
697 2484 916 2555 pauperi
969 2483 1092 2535 licet
1140 2480 1241 2534 hoc
1283 2478 1559 2534 celebrare
1601 2478 1816 2539 festum,
1850 2478 1957 2530 imo

373 2580 593 2650 pauperi
636 2577 886 2637 maxime,
935 2574 1129 2645 quippe
1168 2574 1258 2643 qui
1308 2573 1374 2627 ab
1404 2571 1549 2626 omni
1594 2571 1774 2624 nnmdi
1818 2569 1954 2624 fastu

371 2671 704 2740 strepituque
732 2668 800 2722 sit
846 2667 981 2721 liber
1013 2684 1027 2719 :
1057 2681 1233 2735 neque
1263 2665 1405 2718 enim
1429 2679 1565 2733 opus
1592 2672 1673 2717 est
1706 2663 1955 2733 pecunia-

372 2781 489 2819 rum
517 2763 796 2831 impendiis
814 2770 867 2815 et
895 2759 1186 2829 opulentia,
1208 2758 1299 2812 sed
1324 2758 1501 2811 animo
1520 2773 1674 2827 puro,
1699 2772 1761 2810 ac
1775 2764 1954 2810 mente

368 2855 566 2910 sobria.
592 2855 717 2909 Hwe
744 2856 887 2908 enim
912 2862 996 2907 est
1019 2868 1137 2922 qua:
1169 2852 1306 2905 illius
1338 2852 1457 2904 vita:
1485 2859 1661 2905 vestes
1685 2850 1813 2903 texit
1838 2849 1953 2901 ani-

369 2965 490 3011 mm,
523 2949 635 3002 haec
673 2962 791 3016 qua:
820 2961 1047 2999 coronas
1079 2943 1245 2998 nectit
1273 2958 1284 2995 :
1315 2958 1433 3010 qua:
1463 2942 1561 2995 nisi
1591 2942 1798 2995 virtutis
1828 2940 1951 2994 olli-

372 3040 470 3093 ciis
496 3037 655 3093 fuerit
683 3047 960 3097 exornata,
985 3035 1109 3088 nulli
1138 3036 1253 3088 usui
1278 3034 1379 3087 erit
1406 3033 1521 3086 auri
1550 3047 1739 3102 magna
1764 3031 1950 3100 copia:

367 3133 505 3184 sicut
534 3146 565 3185 e
589 3129 803 3184 diverso
832 3143 929 3182 nec
969 3127 1166 3181 damno
1195 3126 1299 3179 erit
1330 3133 1636 3193 paupertas,
1665 3124 1709 3177 si
1736 3121 1949 3178 divitias

367 3224 511 3275 intus
542 3220 731 3272 habeat
764 3218 1044 3287 repositas.
1080 3215 1228 3269 llanc
1254 3215 1617 3268 celebritatem
1646 3229 1750 3266 non
1791 3212 1950 3265 modo

359 3311 589 3366 masculi
630 3311 803 3374 liberi,
837 3310 929 3365 sed
968 3320 1022 3364 et
1056 3309 1176 3361 lilia:
1221 3308 1374 3361 nobis
1402 3306 1677 3361 celebrent
1722 3323 1737 3358 :
1778 3320 1951 3374 neque

365 3407 529 3469 enim,
559 3403 1006 3474 quemadmodum
1050 3402 1102 3455 in
1131 3411 1349 3455 externa
1378 3399 1839 3453 administratione
1866 3398 1947 3451 vi-

365 3499 437 3552 ris
482 3508 683 3551 tantum
726 3498 1044 3565 imperatum
1078 3506 1157 3550 est
1190 3496 1291 3549 hoc
1324 3495 1517 3549 festum
1551 3510 1727 3564 agere,
1760 3509 1945 3547 verum

361 3601 414 3642 et
446 3589 669 3643 feminas
714 3588 840 3643 illud
868 3587 1056 3657 recipit
1080 3587 1345 3641 theatrum
1370 3628 1384 3649 ,
1410 3596 1463 3641 et
1487 3602 1643 3641 senes
1669 3629 1683 3653 ,
1716 3596 1770 3641 et
1789 3587 1943 3655 juve-

363 3696 476 3743 nes,
506 3691 559 3735 et
585 3696 769 3736 servos
792 3689 845 3733 et
875 3681 1151 3749 ingenuos.
1184 3679 1282 3734 Ubi
1306 3682 1453 3733 enim
1476 3679 1636 3732 animi
1661 3689 1944 3748 spectacu-

362 3777 469 3829 lum
497 3784 580 3827 est
603 3817 617 3839 ,
648 3775 717 3828 ibi
747 3790 851 3828 non
883 3789 1061 3836 sexus,
1094 3788 1197 3826 non
1220 3784 1368 3835 tetas,
1404 3788 1505 3826 non
1532 3772 1759 3842 dignitas
1786 3772 1944 3839 hujus

359 3868 560 3930 sa-culi,
593 3882 699 3919 non
732 3864 873 3918 aliud
906 3864 1196 3933 quidquam
1228 3862 1485 3931 impedire
1532 3870 1723 3931 potest.
1761 3862 1943 3930 quue

358 3974 452 4012 vos
482 3974 668 4011 onmes
694 3957 982 4022 exhortor,
1015 3964 1071 4009 ut
1112 3972 1139 4007 a
1171 3958 1370 4009 teneris
1406 3955 1584 4007 statim
1617 3955 1773 4007 annis
1804 3962 1857 4006 et
1884 3954 1942 4005 ti-

357 4052 457 4103 lius
486 4061 541 4103 et
573 4050 708 4104 ﬁlias
747 4048 1047 4116 hujusmodi
1095 4046 1455 4101 functionibus
1480 4045 1706 4110 dedatis,
1739 4055 1793 4100 et
1823 4045 1943 4101 huic

357 4143 475 4195 vice
517 4142 758 4195 instituto
804 4148 1164 4208 congruentes
1203 4138 1416 4192 divitias
1458 4139 1535 4192 eis
1581 4138 1809 4202 addatis,
1836 4154 1945 4191 non

356 4248 544 4283 aurmn
576 4232 931 4297 del'odientes,
970 4246 1075 4284 non
1104 4239 1380 4299 argentum
1408 4238 1810 4298 congregantes,
1846 4229 1939 4283 sed

359 4322 696 4388 modestiam,
738 4325 1103 4387 sobrietatem,
1139 4337 1202 4377 ac
1234 4321 1536 4392 pudicitiam
1562 4363 1575 4386 ,
1607 4322 1940 4389 reliquasque

355 4414 577 4466 virtutes
591 4428 777 4467 omnes
804 4416 852 4465 in
874 4414 1065 4466 animis
1086 4429 1270 4467 eorum
1296 4424 1639 4482 reponentes.
1668 4413 1776 4467 llos
1797 4414 1937 4466 enim

355 4515 599 4575 sumptus
621 4505 784 4574 exigit
814 4506 903 4558 illa
934 4505 1150 4558 functio.
1177 4504 1231 4559 Si
1262 4504 1400 4557 hanc
1427 4505 1583 4573 igitur
1609 4505 1935 4572 opulentiam

356 4608 467 4650 tum
501 4595 674 4657 nobis,
707 4606 816 4648 tum
845 4595 965 4650 ﬁliis
989 4595 1383 4664 collegerimus,
1407 4606 1462 4647 et
1492 4596 1540 4647 iu
1566 4596 1813 4664 praesenti
1835 4594 1936 4647 vita

354 4688 582 4741 multum
617 4686 917 4756 Splendoris
965 4700 1375 4756 consequemur,
1409 4696 1461 4741 et
1510 4688 1561 4740 in
1608 4686 1780 4739 futura
1832 4688 1936 4740 vita

356 4778 566 4831 beatam
610 4777 751 4831 illam
804 4792 991 4831 vocem
1032 4777 1330 4840 audiemus,
1378 4792 1474 4847 per
1498 4791 1655 4847 quam
1695 4776 1938 4832 Christus

356 4884 545 4922 omnes
575 4870 661 4939 qui
702 4869 871 4938 ipsum
909 4868 1138 4923 confessi
1180 4868 1396 4931 fuerint,
1438 4883 1535 4922 suo
1555 4878 1714 4922 ornat
1734 4884 1939 4938 prteco-

361 4958 467 5013 nio.
494 4958 771 5013 Confessio
788 4969 963 5014 autem
989 4975 1093 5014 non
1113 4970 1313 5013 tautum
1334 4960 1391 5012 ﬁt
1413 4976 1505 5028 per
1523 4959 1701 5025 ﬁdem,
1748 4976 1935 5015 verum

357 5053 519 5105 etiam
567 5067 660 5121 per
705 5067 867 5122 opera
894 5094 908 5117 ,
940 5052 1073 5107 adeo
1104 5061 1161 5106 ut
1188 5052 1239 5106 si
1264 5052 1376 5105 haec
1404 5053 1580 5106 absint
1602 5094 1617 5117 ,
1664 5054 1939 5109 veniamus

354 5145 405 5196 in
434 5143 727 5212 periculum
751 5186 764 5209 ,
800 5159 866 5197 ne
891 5159 1011 5197 cum
1053 5142 1436 5212 abuegantibus
1477 5159 1659 5211 poenas
1707 5144 1932 5197 luamus.

351 5236 532 5305 Neque
560 5235 699 5288 enim
734 5250 869 5289 unus
895 5245 977 5289 est
1000 5235 1293 5305 abuegandi
1323 5235 1509 5289 modus
1536 5277 1549 5299 ,
1579 5234 1671 5288 sed
1702 5236 1852 5288 multi
1881 5246 1935 5289 et

345 5330 503 5395 varii,
552 5342 687 5394 qUos
732 5327 923 5381 Paulus
967 5328 1121 5381 nobis
1152 5328 1480 5392 describens,
1533 5329 1602 5381 ita
1651 5329 1928 5396 loquitur:

354 5423 667 5491 l'rcfitentur
709 5437 762 5474 se
803 5438 947 5474 nosse
997 5420 1178 5482 Deum,
1206 5420 1293 5474 sed
1332 5421 1477 5487 factis
1518 5430 1701 5489 negant
1732 5419 1853 5490 (Tit.
1878 5422 1929 5474 l.

352 5518 463 5583 lb’);
493 5524 547 5567 et
582 5529 787 5576 rursus,
822 5513 882 5567 Si
908 5514 1018 5580 quis
1048 5530 1275 5578 suorum,
1315 5524 1361 5567 et
1390 5513 1607 5566 maxime
1633 5513 1934 5566 domestico-

348 5622 462 5655 rum
492 5622 665 5657 curam
710 5622 811 5657 non
851 5606 1015 5669 habet,
1056 5606 1207 5673 ﬁdem
1251 5606 1534 5675 abnegavit,
1565 5614 1610 5658 et
1635 5616 1705 5658 est
1733 5606 1930 5673 inﬁdeli

349 5697 565 5748 deterior
592 5697 669 5760 (1.
715 5696 845 5748 Tim.
976 5695 1054 5762 2).
1084 5696 1152 5750 Et
1176 5697 1388 5761 iterum,
1419 5695 1606 5766 Fugite
1642 5698 1925 5761 avaritiam,

348 5802 464 5851 quw
511 5796 583 5839 est
612 5787 858 5845 idolorum
887 5788 1051 5841 cultus
1076 5785 1284 5857 (Coloss.
1313 5789 1364 5841 5.
1395 5789 1471 5859 5).
1502 5789 1633 5845 Cum
1664 5789 1820 5859 igitur
1851 5797 1931 5843 tot

1048 345 1105 400 S.
1145 342 1423 399 JOANNIS
1451 338 1919 403 (ςιηιῐδοδτοιη
1961 338 2277 398 ARCI‘IIEP.
2316 344 2849 404 CONSTANTINOR

3555 354 3662 409 660

2077 452 2185 508 sint
2229 456 2527 527 abnegandi
2565 458 2709 514 modi
2738 502 2754 527 ,
2782 457 3122 516 manifestum
3160 468 3243 517 est
3273 461 3494 518 totidem
3539 481 3663 519 esse

2071 547 2380 616 conﬁtendi,
2411 566 2476 606 ac
2517 551 2686 607 multo
2720 553 2880 607 etiam
2914 553 3133 623 plures;
3184 556 3379 625 quibus
3409 558 3663 613 omnibus

2070 641 2310 695 conﬁteri
2342 642 2672 711 Studeamus,
2694 653 2752 699 ut
2779 656 2833 700 et
2860 646 2958 715 ipsi
2991 647 3042 700 in
3071 647 3219 702 caelis
3245 648 3509 705 honorem
3530 665 3665 705 con-

2069 746 2395 799 sequamur,
2442 735 2611 804 gratia
2664 744 2720 790 et
2761 735 3000 791 bonitate
3051 738 3263 793 Domini
3319 743 3483 795 nostri
3530 741 3659 797 Jcsu

2067 822 2288 890 Christi,
2321 842 2415 894 per
2439 844 2596 896 quem
2619 838 2673 883 et
2701 844 2821 883 cum
2847 845 2953 899 quo
2974 830 3116 885 Patri
3142 831 3330 900 gloria,
3362 833 3516 889 simul
3535 851 3662 890 cum

2068 928 2254 971 sancto
2275 919 2497 988 Spiritu,
2528 934 2671 977 nunc
2700 930 2752 976 et
2782 936 3018 992 semper,
3049 933 3102 977 et
3132 924 3185 977 in
3211 926 3404 979 szeeula
3432 927 3665 982 strenuo-

2068 1025 2203 1064 rum.
2240 1013 2431 1066 Amen.

2683 1148 2913 1203 SERMO
2950 1147 3039 1204 IV.

2065 1260 2147 1312 Ad
2183 1277 2266 1313 eos
2310 1262 2395 1324 qui
2440 1262 2648 1316 collecta
2692 1263 2868 1316 relicta
2913 1263 2981 1316 ad
3024 1264 3218 1316 theatra
3256 1266 3581 1319 ascendunt:
3612 1276 3661 1321 et

2135 1353 2271 1422 quod
2297 1371 2397 1408 non
2424 1356 2589 1409 solum
2628 1356 2802 1409 utilius
2831 1358 2896 1409 sit
2926 1358 2977 1409 in
3013 1357 3224 1411 ecclesia
3252 1360 3441 1413 versari
3462 1402 3476 1423 ,
3505 1377 3665 1430 quam

2139 1450 2187 1499 φη
2212 1446 2440 1511 theatris,
2467 1448 2556 1501 sed
2589 1448 2739 1500 etiam
2753 1448 3035 1518 jucundius
3057 1464 3075 1500 :
3102 1456 3151 1501 et
3178 1450 3241 1503 de
3264 1451 3483 1503 secunda
3512 1463 3661 1520 parte

2136 1544 2439 1613 precationis
2462 1545 2625 1599 Anna:
2651 1561 2670 1599 :
2695 1545 2926 1616 quodque
2960 1545 3299 1600 indesinenter
3339 1557 3385 1600 et
3424 1547 3477 1600 in
3516 1547 3659 1600 omni

2133 1637 2243 1688 loco
2270 1636 2466 1705 precari
2494 1646 2750 1705 aperteat,
2784 1638 2861 1691 vel
2892 1639 2945 1691 in
2974 1639 3107 1707 foro,
3137 1638 3215 1692 vel
3247 1639 3300 1692 in
3328 1638 3409 1691 via
3435 1680 3449 1702 ,
3492 1640 3568 1692 vel
3602 1640 3666 1691 iis

2134 1726 2282 1781 lecto.

2138 1839 2186 1893 1.
2228 1838 2380 1893 Haud
2420 1840 2565 1903 scio,
2611 1840 2805 1911 quibus
2849 1840 3026 1895 verbis
3074 1841 3297 1896 debeam
3347 1842 3420 1896 uti
3469 1841 3654 1899 hodie.

2063 1929 2196 1983 Cum
2228 1930 2368 1984 enim
2398 1930 2602 1985 videam
2633 1932 2886 1986 collectas
2918 1948 3104 2003 parum
3150 1932 3496 2002 frequentari,
3527 1949 3656 2003 pro-

2064 2020 2253 2090 phetas
2282 2022 2419 2075 afﬁci
2467 2023 2786 2077 contumelia
2813 2065 2829 2089 ,
2875 2025 3147 2094 apostolos
3191 2024 3432 2095 deSpici,
3476 2037 3659 2096 patres

2062 2114 2352 2180 contemni,
2391 2130 2617 2184 eamque
2642 2116 3057 2182 contumeliam,
3089 2132 3191 2186 qua
3218 2117 3356 2171 servi
3387 2126 3663 2187 appetun-

2065 2214 2187 2267 tur,
2220 2205 2285 2258 ad
2336 2205 2507 2275 ipsum
2551 2221 2736 2260 eorum
2787 2206 3067 2261 Dominum
3113 2207 3478 2276 perbransire,
3523 2207 3669 2263 libet

2061 2299 2274 2366 quidem
2305 2312 2579 2363 accusare,
2610 2298 2705 2352 sed
2735 2312 2828 2353 eos
2854 2299 2943 2368 qui
2970 2299 3363 2354 accusationem
3392 2299 3529 2355 hanc
3554 2316 3658 2354 au-

2063 2389 2183 2444 dire
2212 2390 2473 2444 deberent
2500 2405 2604 2445 neu
2636 2390 2724 2445 hic
2748 2390 2905 2445 video
2935 2408 2949 2446 :
2974 2406 3068 2446 vos
3092 2391 3191 2446 soli
3213 2392 3432 2457 adestis,
3458 2392 3655 2462 quibus

2060 2482 2161 2537 hac
2189 2482 2559 2539 admonitione
2595 2484 2727 2538 nihil
2766 2498 2899 2553 Opus
2934 2492 3034 2539 est.
3068 2484 3449 2539 Verumtamen
3482 2500 3548 2539 ne
3573 2486 3663 2539 sie

2058 2575 2274 2646 quidem
2306 2575 2568 2629 silendum
2598 2587 2679 2629 est
2711 2576 2864 2631 nobis
2901 2593 2913 2629 :
2953 2592 3078 2630 nam
3110 2586 3163 2631 et
3207 2577 3650 2646 indignationem,

2059 2682 2217 2736 quam
2262 2667 2416 2721 nobis
2463 2678 2787 2733 moverunt,
2833 2668 3233 2738 mitigabimus,
3275 2685 3486 2739 unaque
3527 2685 3659 2725 eum

2058 2759 2234 2813 verbis
2263 2759 2538 2828 ejiciemus
2564 2777 2578 2813 :
2610 2768 2664 2814 et
2704 2759 2823 2814 illos
2865 2760 3009 2829 ipsos
3033 2760 3100 2813 ad
3132 2760 3381 2815 ruborem
3409 2776 3470 2814 ac
3498 2776 3659 2815 vere-

2057 2850 2304 2904 cundiam
2333 2852 2744 2921 compellemus,
2777 2861 2855 2905 tot
2894 2852 2946 2905 iu
2986 2866 3080 2907 eos
3120 2853 3519 2908 accusatoribus
3548 2855 3653 2907 im-

2056 2942 2253 3005 missis,
2279 2953 2407 3011 quot
2428 2957 2569 2996 nunc
2607 2942 2879 2996 auditores
2914 2943 3066 2997 estis.
3096 2942 3151 2997 Si
3181 2944 3325 2997 enim
3353 2944 3649 3009 venissent,

2056 3043 2267 3089 nostras
2292 3035 2465 3087 solum
2490 3034 2890 3103 objurgationes
2918 3035 3164 3088 audirent
3193 3053 3207 3088 :
3238 3049 3380 3089 nunc
3414 3034 3649 3105 fugitan-

2056 3135 2136 3180 tes
2164 3133 2402 3180 nostram
2431 3125 2871 3194 iucrepntionem,
2910 3125 3098 3180 eadem
3127 3126 3242 3181 haec
3266 3141 3296 3180 a
3321 3126 3471 3181 vobis
3495 3128 3659 3181 audi—

2055 3219 2158 3272 turi
2186 3227 2311 3272 sunt
2339 3218 2535 3272 omnia.
2565 3217 2652 3271 Sic
2679 3226 2733 3272 et
2760 3218 2915 3272 amici
2954 3217 3156 3272 faciunt
3181 3237 3196 3272 :
3230 3228 3509 3289 postquam
3537 3235 3657 3275 non

2056 3310 2376 3364 invenerunt
2402 3309 2716 3379 quibuscum
2766 3310 3109 3379 expostulare
3132 3310 3403 3376 volebant,
3433 3312 3646 3365 illorum

2055 3401 2257 3454 amicos
2283 3399 2477 3454 adeunt
2502 3441 2516 3465 ,
2546 3400 2643 3469 qui
2663 3399 2802 3455 dicta
2833 3414 2927 3454 sua
2956 3400 3022 3453 ad
3051 3400 3170 3456 illos
3211 3399 3464 3455 referant.
3498 3402 3656 3456 Idem

2051 3493 2211 3546 etiam
2241 3492 2380 3546 Deus
2408 3492 2532 3545 fecit
2558 3509 2570 3544 :
2598 3492 2814 3546 omissis
2857 3492 2922 3546 iis
2967 3492 3058 3561 qui
3104 3492 3154 3545 in
3186 3508 3244 3547 se
3271 3504 3643 3562 peccaverant,

2051 3590 2316 3642 insontem
2356 3587 2640 3642 Jeremiam
2691 3587 2959 3657 appellat,
3001 3587 3185 3641 dicens
3231 3604 3245 3640 :
3292 3586 3469 3641 Yiden’
3506 3588 3645 3656 quid

2049 3682 2175 3735 mihi
2203 3683 2377 3753 fecerit
2399 3682 2641 3748 insipiens
2671 3681 2781 3749 [ilia
2804 3678 2946 3734 Iuda
2978 3678 3122 3751 (Jer.
3153 3681 3206 3733 5.
3236 3679 3300 3751 6)
3326 3680 3349 3732 ?
3375 3680 3484 3736 Hac
3510 3696 3644 3736 sane

2049 3773 2115 3827 de
2139 3789 2295 3827 causa
2321 3788 2419 3827 nos
2452 3787 2662 3842 quoque
2686 3773 2805 3825 illos
2828 3773 3153 3835 accusando,
3174 3788 3268 3826 vos
3293 3773 3649 3842 alloquimur,

2050 3875 2105 3920 ut
2151 3865 2276 3919 hinc
2322 3864 2543 3935 profecti
2587 3880 2680 3919 eos
2719 3867 3018 3935 eorrigatis.
3070 3865 3202 3932 Quis
3248 3866 3391 3920 enim
3435 3876 3641 3920 tantum

2046 3960 2345 4028 neglectum
2368 3957 2542 4011 ferat?
2572 3956 2746 4012 Semel
2770 3958 2822 4011 in
2854 3956 3182 4011 hebdomada
3209 3958 3294 4012 hic
3314 3958 3637 4028 colligimur,

2047 4060 2103 4105 et
2145 4065 2213 4104 ne
2256 4050 2354 4104 hac
2396 4050 2610 4119 quidem
2650 4050 2737 4103 die
2781 4050 3065 4104 sazculares
3112 4066 3271 4105 curas
3314 4051 3641 4121 posthabere

2046 4142 2349 4197 sustinent:
2378 4152 2436 4196 et
2460 4143 2503 4196 si
2550 4143 2669 4211 quis
2714 4141 2767 4196 id
2798 4142 3014 4211 objiciat
3037 4185 3052 4210 ,
3096 4143 3238 4197 illico
3269 4154 3638 4214 paupertatem

2046 4242 2371 4302 prietexunt,
2393 4247 2456 4288 ac
2480 4234 2651 4288 vietus
2678 4233 2894 4303 parandi
2930 4235 3323 4302 necessitatem,
3355 4246 3640 4306 urgentes-

2044 4341 2148 4394 que
2200 4327 2578 4394 occupationes
2610 4367 2622 4387 ,
2675 4326 3038 4381 defensionem
3103 4327 3404 4383 adferentes
3448 4332 3640 4399 quavis

2043 4420 2381 4472 accusatione
2410 4419 2732 4487 graviorem.
2774 4418 2909 4484 Quid
2938 4420 3079 4472 enim
3125 4419 3225 4473 huc
3266 4421 3381 4490 ipso
3408 4423 3639 4479 crimine

2046 4511 2194 4580 pejus
2224 4526 2344 4565 esse
2366 4520 2559 4580 potest,
2592 4526 2711 4565 cum
2744 4510 2943 4580 aliquid
2973 4511 3114 4565 aliud
3145 4528 3302 4582 quam
3329 4514 3511 4569 divina
3542 4532 3639 4570 ne-

2041 4603 2184 4672 gotia
2215 4603 2380 4672 magis
2416 4619 2609 4673 urgens
2636 4602 2788 4657 nobis
2814 4604 3045 4669 videtur,
3077 4607 3350 4675 magisque
3378 4621 3634 4663 accessa.-

2042 4694 2223 4749 rium?
2263 4693 2401 4749 Sane
2427 4694 2635 4748 etiamsi
2676 4694 2904 4748 maxime
2944 4711 3126 4749 verum
3170 4698 3271 4750 hoc
3307 4708 3483 4762 esset,
3516 4698 3636 4754 hcce

2043 4788 2154 4855 ipsa
2180 4786 2421 4840 defensio
2447 4794 2591 4841 esset
2614 4787 2905 4853 accusatio,
2937 4797 2993 4840 ut
3019 4786 3127 4840 dixi
3160 4806 3173 4841 :
3207 4797 3263 4841 ut
3291 4800 3468 4842 autem
3496 4792 3635 4843 scia-

2043 4882 2109 4933 tis
2131 4880 2284 4933 istam
2311 4882 2670 4934 causationem
2695 4894 2814 4934 esse
2834 4895 2896 4934 ac
2919 4890 3232 4949 przetextum
3257 4881 3322 4935 ad
3350 4884 3632 4952 segnitiem

2044 4971 2356 5042 tegendam,
2386 4971 2472 5025 vel
2509 4987 2594 5025 me
2626 4980 2834 5025 tacente
2863 4973 3053 5026 tertius
3079 4972 3275 5026 abhinc
3298 4973 3414 5027 dies
3442 4990 3635 5029 omnes

2043 5067 2164 5120 talia
2211 5064 2560 5119 obtendentes
2612 5063 2937 5133 redarguet,
2983 5078 3105 5117 cum
3150 5064 3339 5118 civitas
3382 5065 3633 5121 universa

2040 5158 2349 5230 migraverit
2377 5157 2440 5210 ad
2468 5156 2701 5220 Circum,
2737 5166 2791 5211 et
2822 5157 3014 5211 domus
3040 5172 3102 5212 ac
3129 5157 3244 5211 fora
3272 5157 3460 5211 nefarii
3490 5158 3632 5214 illius

2040 5252 2329 5321 spectaculi
2356 5251 2523 5320 gratia
2547 5258 2797 5304 evacuata
2827 5247 3042 5303 fuerint.
3069 5249 3133 5302 Et
3159 5247 3245 5302 hic
3266 5265 3334 5303 ne
3360 5251 3627 5319 praecipua

2040 5345 2253 5415 quidem
2300 5342 2539 5397 ecclesia:
2581 5342 2695 5395 loca
2739 5340 2811 5410 (a)
2841 5340 3097 5409 compleri
3123 5340 3364 5394 videmus
3395 5359 3410 5396 :
3438 5352 3491 5394 at
3522 5342 3631 5395 illic

2041 5451 2146 5490 non
2177 5434 2336 5488 modo
2358 5433 2568 5493 Circus,
2593 5431 2685 5485 sed
2708 5439 2761 5484 et
2784 5430 3060 5485 cmnacula
3086 5439 3140 5483 et
3168 5430 3360 5484 domus
3385 5443 3441 5484 et
3466 5441 3625 5497 tecta,

2039 5536 2092 5579 et
2116 5526 2338 5594 abrupta
2369 5523 2484 5578 loca
2516 5523 2767 5592 pleraque
2794 5530 3125 5589 occupantur
3156 5538 3169 5572 :
3200 5531 3255 5573 at
3284 5536 3457 5591 neque
3491 5537 3626 5591 pau-

2040 5630 2251 5688 pertas,
2293 5631 2465 5687 neque
2503 5614 2781 5684 occupatio
2806 5655 2821 5678 ,
2866 5628 3037 5682 neque
3073 5612 3323 5667 debilitas
3362 5616 3627 5682 corporis,

2100 5734 2175 5806 (α)
2207 5730 2462 5794 Prmcipua
2509 5728 2614 5778 loca
2651 5725 2868 5780 ecclesia!
2908 5733 3048 5775 vocat
3088 5734 3254 5787 partes
3289 5721 3643 5773 sacerdotibus

2041 5806 2299 5859 proxuma.
