4038 6360
350 441 454 497 σῖἐη

406 567 471 614 c'.
501 561 660 614 Ποῖον
684 560 790 634 γάρ
820 562 887 617 ἂν
914 562 1120 632 γένοιτο
1153 564 1341 633 κέρδος
1367 566 1431 618 ἐκ
1466 567 1563 637 τῆς
1594 568 1700 622 τῶν
1733 570 1920 640 δήμων

339 642 654 715 εὐφημίαςς
690 646 812 698 εἰπέ
835 664 945 715 μοι.
979 647 1090 716 Τῆς
1108 647 1346 717 ἑσπέρας
1377 649 1487 720 γὰρ
1509 653 1922 723 καταλαϐούσης

340 725 545 790 εὐθέως
561 729 590 780 6
610 727 804 799 κρότος
831 730 1038 792 ἐκεῖνος
1067 730 1161 783 καὶ
1181 733 1208 783 6
1239 730 1469 804 θόρυϐος
1489 733 1634 798 ἄπας
1663 736 1921 807 μαραίνε-

338 824 449 870 ται,
484 809 580 861 καὶ
612 811 987 883 παρελθούσης
1017 813 1115 884 τῆς
1139 815 1518 886 πανηγύρεως,
1549 815 1738 889 ῶσπερ
1781 818 1916 889 ὄναρ

337 893 743 962 τρυφήσαντες,
775 893 948 959 οὕτως
982 895 1179 967 ἔρημοι
1210 898 1390 968 πάσης
1441 900 1795 954 καθίστανται
1829 902 1919 954 εὐ-

340 975 638 1044 φροσύνης,
661 978 755 1029 καὶ
775 977 899 1030 οὐτε
931 979 1031 1050 τὴν
1066 980 1181 1033 ἀπὸ
1215 981 1310 1033 τοῦ
1341 982 1630 1052 στεφάνου,
1667 983 1789 1037 οὐτε
1821 983 1918 1053 τὴν

322 1057 448 1111 ’ἀπὸ
477 1060 579 1128 τῆς
603 1061 798 1132 στολῆς
825 1062 926 1131 τῆς
955 1063 1214 1135 λαμπρᾶς
1245 1065 1340 1118 καὶ¹
1375 1067 1475 1136 τῆς
1511 1067 1678 1138 ἄλλης
1709 1085 1916 1137 φαντα·

335 1141 462 1206 ’σίας
489 1144 708 1214 ἀπάσης
736 1145 1002 1216 εὐθυμίαν
1029 1148 1388 1218 ἐγγινομένην
1420 1149 1603 1213 αὐτοῖς
1627 1149 1915 1222 ζητοῦντες

338 1226 516 1296 εὑρεῖν
553 1225 786 1280 δύναιντ’
823 1227 909 1291 ἂν,
944 1229 1146 1300 ἀνέμου
1179 1231 1378 1296 παντὸς
1411 1231 1708 1303 ταχύτερον
1734 1249 1913 1304 παρα-

329 1305 653 1379 δραμόντων
685 1310 881 1374 αὐτοὺς
914 1312 1191 1366 ἀπάντων.

419 1457 480 1510 Ἦ
529 1458 588 1511 δέ
639 1458 748 1512 τῶν
789 1461 1040 1531 οὐρανῶν
1085 1465 1333 1516 πολιτεία
1363 1464 1671 1519 τούναντίον
1718 1467 1864 1520 ἀπαν
1896 1481 1911 1497 ’

335 1543 505 1613 χωρὶς
537 1543 782 1612 δαπάνης
813 1545 948 1598 πολὺ
997 1545 1156 1616 φέρει
1187 1547 1248 1599 τὸ
1277 1547 1468 1618 κέρδος
1495 1549 1627 1619 ἡμῖν
1671 1549 1767 1604 καὶ
1815 1551 1913 1620 μό-

335 1644 511 1696 νιμον.
570 1627 644 1679 Οὐ
704 1627 815 1698 γὰρ
865 1627 1146 1698 ἄνθρωποι
1209 1631 1544 1700 μεθύοντες,
1612 1633 1750 1690 ἀλλά
1803 1634 1913 1687 τῶν

333 1709 580 1778 ἀγγέλων
622 1710 650 1762 6
687 1709 860 1780 δῆμος
913 1711 1002 1765 τὸν
1044 1714 1162 1765 ἐκεῖ
1202 1713 1618 1785 πολιτευόμενον
1657 1715 1913 1786 κρατοῦσι

322 1795 614 1868 διηνεκῶς.
674 1795 786 1850 Καὶ
833 1794 886 1850 τί
916 1793 1062 1862 λέγω
1113 1795 1222 1850 τῶν
1284 1797 1531 1866 ἀγγέλων
1575 1797 1668 1852 τὸν
1704 1800 1912 1870 δῆμονς

330 1881 502 1942 ⁴Αὐτὸς
532 1879 696 1933 αὐτὸν
729 1882 757 1933 6
786 1879 893 1932 τῶν
942 1880 1188 1948 ἀγγέλων
1215 1881 1493 1951 Δεσπότης
1515 1882 1792 1936 ἐπαινέσει
1821 1884 1912 1936 καὶ

328 1963 670 2029 ἀποδέξεται.
710 1963 768 2015 '0
792 1963 849 2016 δέ
895 1964 1048 2034 παρά
1083 1962 1176 2017 τοῦ
1221 1963 1358 2016 Θεοῦ
1387 1963 1801 2032 ἐπαινούμενος,
1848 1965 1910 2018 οὐ

336 2049 486 2118 μίαν.
513 2049 636 2101 οὐδὲ
682 2046 799 2112 δύο,
835 2049 928 2100 καὶ
973 2050 1123 2118 τρεῖς
1155 2047 1392 2119 ἡμέρας,
1428 2048 1564 2101 ἀλλά
1592 2047 1679 2101 διὰ
1709 2049 1912 2111 παντὸς

323 2131 425 2186 ¹τοῦ
454 2131 651 2195 αἰῶνος
680 2131 951 2202 πομπεύει
981 2132 1429 2201 στεφανηφορῶν,
1454 2131 1549 2184 καὶ
1577 2132 1790 2202 γυμνὴν
1811 2132 1912 2184 οὐκ

330 2216 396 2270 ἀν
430 2233 562 2269 ποτε
597 2215 728 2278 ίδοις
772 2215 871 2285 τῆς
905 2213 1066 2284 δόξης
1111 2215 1332 2284 ἐκείνης
1384 2215 1484 2286 τὴν
1525 2214 1622 2268 τοῦ
1666 2213 1908 2268 τοιούτου

326 2299 701 2372 κεφαλήνογού
763 2300 874 2368 γὰρ
907 2297 1244 2368 ὡρισμέναις
1275 2298 1515 2368 ἡμέραις
1557 2300 1586 2351 6
1626 2299 1724 2368 τῆς
1771 2314 1910 2350 παν-

327 2383 580 2455 ηγύρεως
630 2381 833 2452 ταύτης
858 2381 1298 2452 περιγέγραπται
1353 2382 1565 2452 χρόνος,
1604 2381 1741 2436 ἀλλά
1775 2381 1911 2452 πρὸς

326 2470 426 2538 τὴν
454 2465 753 2520 ἀθανασίαν
797 2464 906 2516 τῶν
958 2463 1262 2534 μελλόντων
1317 2465 1642 2518 ἐκτείνεται.
1690 2463 1910 2533 Ταύτης

324 2550 424 2617 τῆς
451 2547 790 2618 λειτουργίας
814 2547 915 2599 οὐκ
942 2546 1006 2600 ἄν
1045 2563 1176 2598 ποτε
1205 2546 1417 2614 γένοιτο
1450 2545 1612 2601 πενία
1659 2545 1907 2616 κώλυμα,

322 2631 463 2685 ἀλλά
495 2631 719 2684 δυνατὸν
750 2629 846 2683 καὶ
897 2629 990 2682 τὸν
1023 2629 1232 2698 πένητα
1275 2629 1662 2700 λειτουργῆσαι
1708 2630 1910 2698 ταύτην

322 2719 424 2786 τὴν
451 2712 818 2785 λειτουργίαν,
845 2712 940 2765 καὶ
974 2712 1210 2782 μάλιστα
1231 2712 1324 2764 τὸν
1346 2713 1574 2782 πένητα,
1606 2713 1702 2767 ἆτε
1728 2713 1910 2784 πάσης

324 2798 746 2868 ἀπηλλαγμένον
779 2795 1080 2864 φαντασίας
1105 2795 1364 2866 βιωτικῆς
1387 2812 1401 2826 ’
1437 2795 1499 2848 οὐ
1537 2795 1645 2866 γάρ
1664 2794 1909 2865 δαπάνης

320 2882 627 2952 χρημάτων
669 2881 762 2932 καὶ
792 2880 1133 2950 περιουσίας.
1163 2879 1299 2934 ἀλλά
1338 2879 1518 2950 ψυχῆς
1548 2879 1628 2932 δεῖ
1661 2879 1909 2950 καθαρᾶς

319 2968 418 3020 καὶ
434 2963 817 3038 σωφρονούσης
845 2964 1102 3027 διανοίας.
1127 2962 1264 3016 Ἀπὸ
1287 2966 1490 3035 ταύτης
1512 2965 1608 3018 καὶ
1634 2964 1910 3034 τάίμάτια

321 3053 422 3119 τῆς
455 3049 731 3111 πολιτείας
760 3047 974 3119 ἐκείνης
1002 3047 1285 3116 ὑφαίνεται
1314 3049 1380 3118 τῇ
1420 3047 1589 3118 ψυχῇ,
1615 3048 1707 3100 καὶ
1725 3048 1754 3098 6
1786 3045 1908 3100 στέ-

322 3150 492 3202 φανος
509 3130 662 3204 [729]
683 3130 964 3184 πλέκεται·
981 3129 1124 3184 ὥστε
1141 3130 1206 3183 ἂν
1222 3131 1297 3201 μὴ
1311 3133 1422 3193 τοῖς
1436 3130 1536 3200 τῆς
1551 3126 1795 3203 ἀρετῆςῇ
1810 3145 1906 3181 κε-

320 3235 503 3288 κοσμη
513 3216 646 3287 μένη
665 3213 1109 3284 κατορθώμασιν,
1132 3214 1283 3268 οὐδὲν
1300 3214 1490 3283 ὄφελος
1515 3214 1650 3285 αὐτῇ
1683 3213 1905 3286 χρυσίου

322 3300 556 3354 πολλοῦ·
585 3298 776 3368 ὥσπερ
808 3293 902 3350 οῦν
943 3297 1066 3351 οὐδέ
1096 3296 1295 3367 βλάϐος
1341 3297 1495 3350 ἔσται
1547 3298 1772 3361 πενίας,
1808 3297 1906 3351 ἐὰν

316 3386 414 3438 τὸν
439 3382 651 3436 ἔνδοθεν
679 3381 777 3452 ἐχῃ
813 3379 1043 3434 πλοῦτον
1073 3381 1521 3451 ἐναποκείμενον.
1560 3381 1778 3450 Ταύτην
1806 3381 1906 3452 τὴν

321 3468 664 3539 λειτουργίαν
689 3466 763 3537 μὴ
796 3466 956 3536 μόνον
987 3465 1214 3537 ἄρρενες
1241 3465 1448 3529 παῖδες,
1467 3465 1605 3518 ἀλλά
1630 3466 1726 3518 καὶ
1746 3465 1909 3534 θυγα-

318 3553 480 3623 τέρες
521 3553 652 3621 ἡμῖν
674 3548 1162 3619 λειτουργείτωσαν
1183 3565 1196 3577 ·
1228 3548 1288 3600 οὐ
1323 3548 1431 3620 γὰρ
1461 3547 1650 3620 ῶσπερ
1683 3549 1776 3602 ἐπὶ
1807 3549 1907 3618 τῆς

319 3633 524 3698 ἔξωθεν
555 3631 832 3694 πολιτείας
861 3630 1088 3702 ἀνδράσι
1141 3630 1305 3708 μόνον
1344 3631 1517 3684 ταῦτα
1569 3631 1906 3702 λειτουργεῖν

320 3717 698 3779 ἐπιτέτακται,
733 3714 870 3767 ἀλλά
899 3715 992 3767 καὶ
1045 3717 1309 3782 γυναῖκας
1354 3716 1532 3768 ἐκεῖνο
1575 3714 1635 3768 τό
1683 3713 1906 3784 θέατρον

319 3800 564 3870 δέχεται,
595 3799 690 3850 καὶ
718 3799 1002 3868 γέροντας,
1052 3799 1148 3850 καὶ
1192 3797 1366 3860 νέους,
1412 3798 1506 3850 καὶ
1539 3796 1778 3859 δούλους,
1814 3797 1906 3848 καλ¹

321 3881 664 3952 ἐλευθέρους.
711 3881 888 3934 Ὅπου
931 3881 1042 3950 γάρ
1079 3879 1259 3951 ψυχῆς
1291 3883 1440 3933 ἐστιν
1469 3882 1501 3951 ἡ
1532 3880 1811 3946 ἐπίδειξις,
1845 3880 1904 3932 οὐ

323 3964 510 4036 φύσις,
541 3965 642 4034 οὐχ
689 3962 900 4032 ἡλικία,
949 3964 1048 4016 οὐκ
1077 3961 1296 4032 ἀξίωμα
1326 3962 1603 4033 βιωτικὸν,
1635 3965 1736 4018 οὐκ
1780 3963 1908 4016 ἄλλο

321 4050 476 4103 οὐδὲν
501 4048 819 4120 ἐμποδίζειν
850 4047 1087 4116 πέφυκε.
1142 4045 1242 4099 Διά
1286 4045 1350 4116 δὴ
1380 4045 1560 4108 τοῦτο,
1599 4045 1908 4118 παρακαλῶ

321 4134 532 4195 πάντας
560 4132 729 4202 ὑμᾶς,
753 4132 817 4184 ἐκ
847 4130 1070 4202 πρώτης
1101 4129 1314 4200 ἡλικίας
1342 4129 1612 4184 ἐκδιδόναι
1639 4131 1734 4185 καὶ
1759 4132 1909 4195 υίούς

323 4219 421 4271 καί
454 4216 764 4286 θυγατέρας
797 4217 919 4278 ταῖς
964 4214 1247 4277 τοιαύταις
1276 4213 1664 4286 λειτουργίαις,
1693 4217 1787 4269 καὶ
1815 4215 1908 4269 τὸν

322 4305 390 4373 τῇ
408 4299 632 4373 τοιαύτῃ
649 4299 895 4370 πολιτείᾳ
927 4297 1239 4369 ἁρμόζοντα
1257 4299 1718 4369 προαποτίθεσθαι
1742 4299 1908 4352 πλοῦ⁴

316 4401 415 4438 τον
449 4385 656 4448 αὐτοῖς,
691 4384 752 4435 οὐ
775 4383 996 4452 χρυσίον
1018 4379 1469 4450 κατορύττοντας,
1502 4383 1623 4436 οὐδέ
1649 4383 1909 4455 ἀργύριον

324 4467 707 4534 συλλέγοντας,
743 4464 860 4517 ἀλλ’
889 4463 1216 4524 ἐπιείκειαν,
1257 4464 1613 4535 σωφροσύνην
1637 4504 1651 4527 ,
1712 4465 1909 4535 σεμνό-

320 4567 484 4619 τητα,
515 4549 614 4616 τὴν
646 4548 813 4619 ἀλλην
843 4548 1062 4601 ἃπασαν
1091 4549 1290 4618 ἀρετὴν
1306 4547 1793 4618 ἐναποτιθεμένους
1815 4549 1912 4601 αὐ-

322 4632 433 4685 τῶν
465 4635 530 4702 τῇ
563 4632 730 4702 ψυχῇ.
755 4630 974 4702 Ταύτης
1001 4631 1109 4699 γὰρ
1135 4632 1307 4686 δεῖται
1329 4631 1428 4701 τῆς
1450 4630 1693 4704 δαπάνης
1725 4630 1907 4702 ἐκείνη

324 4718 359 4786 ή
393 4715 723 4786 λειτουργία.
766 4716 863 4767 Ἂν
906 4713 1110 4784 ταύτην
1148 4711 1241 4768 οῦν
1273 4714 1368 4766 καὶ
1406 4714 1618 4776 ἑαυτοῖς
1658 4714 1751 4766 καὶ
1797 4715 1911 4776 τοῖς

324 4799 562 4861 παιδίοις
619 4798 965 4869 συλλέξωμεν
1021 4798 1114 4870 τὴν
1146 4799 1431 4869 εὐπορίαν,
1486 4797 1583 4850 καὶ
1627 4797 1772 4849 κατά
1818 4798 1911 4851 τὸν

326 4883 574 4952 παρόντα
615 4881 730 4951 βίον
777 4882 980 4952 πολλῆς
1009 4879 1432 4951 ἀπολαυσόμεθα
1461 4881 1559 4951 τῆς
1591 4881 1911 4952 λαμπρότη-

323 4982 439 5028 τος,
476 4965 572 5018 καὶ
617 4964 759 5018 κατά
811 4964 910 5035 τὴν
960 4963 1257 5034 μέλλουσαν
1297 4963 1441 5034 ζωὴν
1489 4964 1589 5031 τῆς
1634 4965 1912 5035 μακαρίας

324 5049 544 5118 ἐκείνης
573 5049 922 5120 ἀκουσόμεθα
949 5050 1152 5119 φωνῆς,
1169 5049 1235 5102 δι’
1254 5051 1320 5119 ἣν
1355 5048 1602 5111 ἅπαντας
1633 5051 1757 5112 τοὺς
1782 5053 1910 5119 ὀμο-

324 5133 668 5204 λογήσαντας
683 5135 848 5187 αὐτὸν
881 5135 911 5188 ό
943 5135 1177 5206 Χριστὸς
1194 5135 1581 5205 άνακηρύττει.
1619 5134 1911 5204 Ὀμολογ-ία

317 5217 384 5270 δὲ
409 5218 510 5287 οὐχ
537 5220 570 5288 ἡ
611 5217 700 5271 διά
732 5219 830 5288 τῆς
873 5217 1110 5278 πίστεως
1141 5217 1302 5287 μόνον
1349 5219 1498 5271 ἐστὶν
1519 5259 1533 5281 ,
1585 5217 1721 5272 άλλά
1746 5221 1839 5271 καὶ
1875 5220 1908 5290 ἡ

324 5301 416 5356 διά
444 5301 554 5354 τῶν
592 5301 791 5373 ἔργων,
833 5302 909 5366 ὡς
936 5303 1032 5356 ἐάν
1066 5302 1140 5373 μὴ
1194 5302 1288 5354 καὶ
1338 5303 1475 5374 αὐτὴ
1522 5307 1692 5374 παρῇ,
1729 5303 1909 5357 κινδυ-

323 5385 558 5455 νεύομεν
606 5385 744 5454 μετὰ
772 5384 881 5439 τῶν
911 5387 1262 5456 ἀρνουμένων
1301 5385 1645 5448 κολάζεσθαι.
1687 5388 1760 5439 Οὐ
1799 5387 1909 5459 γὰρ

323 5464 408 5531 εἷς
426 5467 710 5540 ἀρνήσεως
742 5469 857 5522 ἐστι
879 5469 1098 5540 τρόπος,
1127 5469 1263 5522 ἀλλὰ
1302 5469 1489 5522 πολλοὶ
1514 5471 1608 5522 καὶ
1633 5470 1906 5540 διάφοροι,

321 5552 420 5615 οὓς
450 5554 477 5604 ὀ
505 5551 718 5614 Παῦλος
749 5553 882 5622 ἡμῖν
924 5554 1258 5624 ὑπογράφων
1305 5553 1476 5617 οὕτως
1525 5553 1709 5621 ἔλεγε·
1760 5554 1909 5608 Θεὸν

324 5635 736 5706 ὁμολογοῦσιν
759 5637 1001 5699 ειδέναι,
1046 5637 1171 5703 τοῖς
1207 5637 1275 5690 δὲ
1316 5637 1509 5706 ἔργοις
1543 5637 1867 5705 ἀρνοῦνται
1891 5657 1904 5669 ·

325 5721 424 5773 καὶ
447 5721 628 5774 πάλιν·
664 5723 731 5776 El
754 5720 821 5775 δέ
845 5738 936 5786 τις
979 5719 1098 5773 τῶν
1137 5720 1322 5784 ἰδίων,
1363 5721 1460 5774 καὶ
1497 5720 1761 5790 μάλιστα
1791 5721 1908 5777 τῶν

324 5805 565 5858 οἰκείων
587 5806 661 5860 οὺ
684 5805 943 5873 προνοεῖ.
968 5804 1081 5872 τὴν
1101 5807 1308 5858 πίστιν
1325 5805 1475 5874 ἢρνη
1485 5825 1596 5868 ται,
1615 5808 1712 5859 καὶ
1735 5807 1908 5861 ἔστιν

320 5888 592 5952 ἀπίστου
636 5887 994 5956 χείρωννκαὶ
1029 5887 1206 5942 πάλινο
1243 5891 1493 5958 Φεύγετε
1536 5889 1648 5960 τὴν
1691 5894 1906 5944 πλεον-

1614 449 1700 503 DE
1742 448 1916 504 ᾸΝΝᾹ
1967 450 2197 506 ΞΕΙίΜῖ)
2239 449 2319 508 Ν.

3491 465 3596 516 ϋίΐῦ

2022 571 2212 634 εξτάν,
2232 568 2360 635 ’ἥτις
2372 569 2542 621 ἐστὶν
2556 569 2776 623 εἱδωλο.
2786 571 3028 638 ίατρεία.
3048 572 3198 624 Ἐπεὶ
3212 568 3302 624 οὖν
3319 573 3597 643 ἀρνήσεως

2015 651 2261 704 τοσοῦτοι
2287 653 2500 716 τρόποι,
2533 651 2754 726 εὔδηλον
2784 654 2866 706 ὅτι
2891 654 2984 706 καὶ
3015 655 3303 724 ὁμολογίας
3325 657 3593 718 τοσοῦτοι,

2017 734 2111 790 καὶ
2135 733 2312 803 πολλῷ
2331 735 2547 798 πλείους
2561 751 2576 766 ο
2595 734 2688 798 οὓς
2712 735 2776 807 δὴ
2797 737 3003 800 πάντας
3021 737 3350 807 ὁμολογῆσαι
3370 740 3598 792 σπουδά-

2018 833 2221 888 σωμεν,
2278 818 2366 871 ἵνα
2409 818 2504 871 καὶ
2552 818 2706 871 αὐτοὶ
2742 821 2843 889 τῆς
2889 821 2948 871 ἐν
2989 823 3103 884 τοῖς
3145 822 3394 892 οὐρανοῖς
3428 825 3596 894 τιμῆς

2014 900 2450 971 ἀπολαύσωμεν,
2499 903 2681 974 χάριτι
2719 903 2812 955 καὶ
2842 902 3221 975 φιλανθρωπία
3255 905 3348 957 τοῦ
3384 908 3590 977 Κυρίου

2015 985 2171 1056 ἡμῶν
2208 987 2384 1054 Ἰησοῦ
2416 988 2679 1058 Χριστοῦ,
2705 987 2772 1040 δι’
2801 981 2863 1039 οῦ
2882 1025 2897 1049 ,
2941 992 3038 1040 καὶ
3076 989 3194 1057 μεθ’
3222 981 3284 1041 οὗ
3310 989 3390 1060 τῷ
3416 991 3592 1060 lla-cp}.

2013 1071 2046 1138 ἠ
2079 1069 2226 1136 δόξα,
2257 1067 2372 1140 ἅμα
2390 1069 2469 1138 τῷ
2495 1071 2634 1139 ἁγίῳ
2663 1070 2960 1139 Πνεύματι,
2993 1069 3085 1122 νῦν
3118 1072 3210 1124 καὶ
3242 1073 3350 1136 ἀεὶ,
3393 1075 3484 1126 καὶ
3510 1075 3591 1137 είς

2011 1152 2137 1216 τοὺς
2169 1152 2373 1214 αἰῶνας
2395 1154 2501 1206 τῶν
2523 1153 2756 1207 αἰώνων.
2803 1155 2995 1225 Ἀμήν.

2646 1343 2866 1396 ΛΟΓΟΣ
2891 1347 2964 1399 A'.

2011 1445 2169 1512 Πρὸς
2223 1446 2368 1517 τοὺς
2413 1445 2520 1512 τὰς
2548 1448 2840 1513 συνάξεις
2876 1450 3458 1517 καταλιμπάνοντας,
3493 1451 3592 1506 καὶ

2082 1516 2170 1582 εὶς
2219 1516 2293 1570 τὰ
2319 1517 2532 1590 θέατρα
2557 1518 3016 1590 ἀναϐαίνοντας,
3051 1516 3147 1572 καὶ
3184 1519 3272 1572 ὅτι
3299 1523 3372 1574 οὐ
3398 1523 3592 1590 μόνον

2082 1585 2496 1659 χρησιμωτέρα
2534 1585 2658 1659 τῆς,
2684 1588 2752 1639 έν
2777 1587 3042 1659 θεάτροις
3072 1602 3097 1659 ξ
3128 1585 3424 1659 διαγωγῆξυ
3456 1593 3492 1658 ἡ
3523 1592 3593 1644 έν

2078 1656 2378 1726 ἐκκλησίᾳ
2411 1656 2697 1726 διατριϐὴ,
2726 1658 2885 1711 ἀλλὰ
2907 1659 3006 1711 καὶ
3033 1656 3246 1726 ἡδίων(
3278 1656 3381 1714 καὶ
3409 1656 3499 1725 εἷς
3529 1678 3591 1714 τε

2080 1725 2196 1793 τὴν
2232 1726 2520 1798 δευτέραν
2536 1725 2726 1798 ῥῆσιν
2743 1727 2855 1793 τῆς
2879 1725 3069 1796 εὐχῆς
3100 1728 3211 1796 τῆς
3233 1731 3468 1798 Ἂννης.
3490 1733 3589 1784 καὶ

2078 1799 2166 1860 εἰς
2209 1795 2433 1866 2156§7V
2467 1795 3110 1866 συνεχῶςμεῦχεσθαι,
3153 1795 3252 1851 καὶ
3296 1801 3367 1854 ἐν
3400 1795 3588 1854 παντὶ

2077 1866 2259 1932 τόπῳ,
2295 1865 2412 1919 κᾶν
2437 1867 2507 1920 ἐν
2532 1862 2717 1936 ἀγορᾷ
2736 1862 2914 1936 ὦμεν,
2946 1868 3062 1920 κᾶν
3087 1869 3157 1922 ἐν
3179 1869 3314 1934 ὀδῷ,
3347 1870 3463 1924 κᾶν
3491 1870 3590 1923 ἐπὶ

2080 1935 2319 2000 κλίνης.

2073 2045 2143 2091 α’.
2172 2039 2286 2091 Οὐκ
2311 2035 2427 2092 οἶδα
2458 2039 2632 2102 ποίοις
2664 2041 2936 2112 χρήσομαι
2975 2043 3151 2110 λόγοις
3184 2044 3445 2114 σήμερον.
3478 2044 3591 2098 Καὶ

2007 2130 2114 2204 γάρ
2137 2129 2278 2201 ὁρῶν
2308 2131 2406 2194 τάς
2427 2131 2675 2195 συνάξεις
2706 2133 3124 2202 ἐλαττουμένας,
3143 2136 3423 2206 προφήτας
3445 2136 3592 2208 ὑϐρι-

2007 2213 2629 2284 ζομένους,άποστόλους
2659 2216 3134 2288 ὑπερορωμένους,
3164 2219 3407 2291 πατέρας
3432 2236 3592 2272 κατα-

2006 2297 2426 2368 φρονουμένους,
2461 2297 2548 2350 διὰ
2580 2297 2690 2359 τῶν
2722 2298 2924 2352 δούλων
2947 2301 3025 2362 είς
3058 2301 3148 2354 τὸν
3179 2302 3591 2372 Δεσπότηνδια-

2005 2379 2300 2432 ϐαίνουσαν
2335 2379 2432 2450 τὴν
2465 2378 2643 2450 ὓϐριν,
2688 2381 2948 2450 βούλομαι
2982 2383 3081 2452 μὲν
3114 2384 3431 2451 ἐγκαλέσαι,
3465 2386 3592 2439 τούξ

2005 2459 2154 2534 [730]
2185 2462 2242 2516 δὲ
2269 2462 2582 2532 ὀφείλοντας
2616 2464 2853 2518 ἀκοῦσαι
2870 2469 2968 2535 τῆς
2995 2469 3335 2537 κατηγορίας
3362 2469 3459 2538 οὐχ
3481 2468 3593 2538 ὁρῶ

2007 2547 2303 2617 παρόντας,
2322 2546 2434 2599 ἀλλ’
2458 2547 2604 2617 ὑμᾶς
2619 2548 2744 2608 τοὺς
2770 2548 2921 2601 οὐδὲν
2948 2548 3239 2619 δεομένους
3270 2552 3369 2619 τῆς
3389 2568 3589 2621 παραι-

2003 2629 2206 2693 νέσεως
2221 2628 2425 2699 ταύτης
2444 2630 2652 2700 καὶτῆς
2669 2631 2971 2695 νουθεσίας.
2989 2633 3135 2704 Πλὴν
3152 2634 3265 2686 ἀλλ’
3279 2634 3398 2687 οὐδὲ
3419 2633 3591 2696 οὕτως

2007 2713 2262 2782 σιγητέον
2302 2716 2464 2785 ἡμῖνί
2503 2716 2602 2784 τήν
2629 2733 2688 2767 τε
2726 2715 2834 2786 γάρ
2865 2715 3058 2786 ὀδύνην
3103 2718 3200 2787 τὴν
3239 2718 3325 2771 ἐπ’
3357 2719 3589 2780 ἐκείνοις

2003 2795 2327 2849 διαπνεῦσαι
2373 2798 2568 2867 μικρὸν
2599 2798 3092 2870 παρασκευάσομεν
3120 2800 3200 2862 είς
3229 2799 3296 2852 τὰ
3343 2799 3470 2864 ἔξω,
3501 2799 3589 2853 διὰ

2003 2878 2111 2930 τῶν
2142 2877 2402 2948 ῥημάτων
2425 2879 2778 2944 ἐκϐάλλοντες
2806 2881 2994 2952 αὐτὴν,
3028 2880 3222 2944 αὐτούς
3261 2899 3318 2934 τε
3346 2882 3589 2944 ἐκείνους

2004 2961 2350 3031 αἰσχύνεσθαι
2372 2964 2465 3015 καὶ
2486 2962 2740 3034 ἐρυθριᾷν
2758 2966 3072 3035 ποιήσομεν,
3099 2963 3381 3027 τοσούτους
3407 2966 3590 3025 αὐτοῖς

2003 3044 2304 3113 ἐπαφέντες
2319 3044 2677 3115 κατηγόρους,
2690 3047 2816 3110 τοὺς
2834 3047 3127 3111 ἀκούοντας
3149 3048 3395 3110 ἅπαντας
3420 3049 3586 3116 ὑμᾶς.

2003 3128 2066 3180 Εἰ
2099 3127 2197 3198 μὲν
2217 3127 2324 3198 γάρ
2351 3127 2586 3182 ἐνταῦθα
2621 3131 3002 3201 παρεγένοντο,
3033 3131 3190 3202 ἡμῶν
3227 3131 3385 3201 μόνον
3416 3133 3588 3183 ἐπιτι-

2007 3210 2232 3282 μώντων
2248 3210 2488 3281 ἤκουσαν
2520 3210 2585 3264 ἀν
2601 3228 2615 3240 ’
2641 3211 2736 3265 νῦν
2761 3211 2816 3264 δὲ
2842 3212 3132 3282 φεύγοντες
3155 3214 3253 3284 τὴν
3282 3217 3409 3286 παρ’
3429 3213 3588 3284 ἡμῶν

2003 3293 2341 3364 ἐπιτίμησιν,
2397 3295 2528 3365 παρ’
2581 3294 2735 3365 ὐμῶν
2786 3296 2956 3349 ταῦτα
3013 3297 3335 3351 ἀκούσονται
3389 3298 3585 3350 πάντα.

2003 3375 2160 3430 Οῦτω
2186 3377 2280 3429 καὶ
2297 3377 2440 3444 φίλοι
2465 3377 2710 3431 ποιοῦσιν
2727 3395 2738 3405 ·
2765 3379 2982 3434 ἐπειδὰν
3001 3381 3128 3444 τούς
3157 3380 3490 3442 ὑπευθύνους
3515 3379 3588 3450 μὴ

2001 3459 2226 3531 εὕρωσι,
2277 3461 2389 3522 τοῖς
2447 3461 2672 3512 ἐκείνων
2723 3463 3112 3531 ἐντυγχάνουσι
3175 3463 3346 3532 φίλοις
3377 3503 3391 3524 ,
3445 3462 3587 3516 ὥστε

2002 3541 2333 3605 ἀπελθόντας
2383 3544 2558 3596 εἰπεῖν
2604 3541 2672 3595 τὰ
2704 3545 2993 3614 εἰρημένα.
3038 3545 3208 3598 Τοῦτο
3244 3547 3338 3599 καὶ
3384 3549 3412 3599 6
3455 3547 3588 3608 Θεὸς

2002 3625 2258 3695 ἐποίησε·
2290 3625 2420 3686 τοὺς
2450 3624 2557 3695 γὰρ
2588 3626 2666 3687 είς
2691 3626 2853 3679 αὐτὸν
2883 3628 3273 3697 ἡμαρτηκότας
3311 3629 3490 3698 ἀφεὶς,
3509 3631 3588 3698 τῷ

2007 3707 2170 3778 μηδὲν
2197 3707 2478 3778 ἠδικηκότι
2512 3709 2932 3778 κατεντυγχάνει
2960 3709 3038 3780 τῷ
3079 3708 3342 3782 Ἱερεμίᾳ,
3377 3711 3550 3780 λέγων
3569 3727 3585 3742 ο

1997 3782 2168 3856 Εἶδες
2201 3791 2255 3843 τί
2281 3790 2532 3856 ἐποίησέ
2545 3808 2646 3859 μοι
2669 3791 2709 3860 ἦ
2737 3791 3035 3858 ἀσύνετος
3060 3790 3323 3862 θυγάτηρ
3353 3794 3586 3859 Ἰούδας

2003 3873 2100 3924 Διά
2128 3873 2192 3942 δὴ
2221 3872 2378 3926 τοῦτο
2408 3874 2501 3925 καὶ
2526 3875 2688 3943 ἡμεῖς
2721 3875 2849 3944 ὑμῖν
2888 3876 3427 3947 ὐπερεντυγχάνομεν
3466 3881 3587 3931 κατ’

2002 3955 2244 4019 ἐκείνων,
2293 3956 2379 4009 ἵνα
2402 3955 2727 4019 ἀπελθόντες
2754 3957 3086 4029 διορθώσητε
3107 3959 3324 4023 αὐτούς.
3355 3960 3449 4024 Τίς
3480 3962 3588 4032 γάρ

2003 4038 2069 4091 ἂν
2114 4038 2311 4110 ἐνέγκῃ
2341 4039 2441 4110 τὴν
2485 4038 2779 4108 ὀλιγωρίαν
2807 4039 2905 4111 τὴν
2937 4035 3247 4114 τοσαύτην;
3280 4042 3463 4107 "An-ag
3489 4045 3589 4113 τῆς

2003 4121 2295 4192 ἑϐδομάδος
2350 4121 2583 4175 ἐνταῦθα
2637 4122 3044 4194 συλλεγόμεθα,
3089 4126 3186 4178 καὶ
3229 4125 3348 4178 οὐδέ
3383 4130 3589 4196 ταύτην

2003 4204 2284 4275 ἀνέχονται
2301 4204 2396 4274 τὴν
2425 4205 2638 4277 ἡμέραν
2663 4205 2771 4258 τῶν
2794 4206 3061 4275 βιωτικῶν
3077 4209 3354 4280 ὐπερορᾷν
3373 4210 3590 4280 φροντί-

2003 4287 2107 4340 δων
2131 4304 2143 4317 ·
2175 4287 2278 4341 κᾶν
2308 4288 2512 4360 ἐγκαλῇ
2562 4305 2670 4354 τις,
2721 4290 2924 4353 εὐθέως
2952 4292 3144 4344 πενίαν
3174 4293 3587 4365 προϐάλλονται,

2005 4375 2099 4422 καὶ
2125 4369 2224 4441 τὴν
2247 4371 2549 4438 ἀναγκαίαν
2582 4372 2808 4442 τροφὴν,
2839 4375 2934 4426 καὶ¹
2955 4374 3210 4444 ἀσχολίας
3233 4376 3590 4445 κατεπειγού-

2007 4469 2124 4516 σας,
2179 4453 2474 4519 ἀπολογίαν
2533 4455 2863 4526 κατηγορίας
2915 4457 3135 4528 ἀπάσης
3197 4459 3590 4533 χαλεπωτέραν

2004 4536 2423 4606 μελετήσαντες.
2461 4538 2525 4589 Τί
2555 4538 2662 4609 γὰρ
2692 4536 2758 4591 ἂν
2777 4537 2980 4610 ταύτης
3007 4540 3106 4608 τῆς
3139 4541 3471 4612 κατηγορίας
3499 4543 3592 4610 γέ-

2006 4619 2134 4671 νοιτ’
2171 4619 2236 4673 ἂν
2259 4621 2457 4690 χεῖρον,
2479 4619 2593 4673 ἀλλ’
2620 4622 2652 4691 ἢ
2675 4621 2801 4673 ὃταν
2823 4621 2932 4673 τῶν
2958 4621 3051 4673 τοῦ
3082 4622 3217 4676 Θεοῦ
3254 4625 3590 4694 πραγμάτων

2005 4700 2190 4773 ἓτερον
2221 4702 2642 4772 ἀναγκαιότερον
2676 4704 2804 4773 ὑμῖν
2836 4721 2888 4756 τι
2917 4705 3173 4774 φαίνηται
3203 4708 3295 4759 καὶ
3333 4709 3586 4759 κατεπεῖ-

2005 4800 2100 4852 γον
2130 4784 2328 4853 μᾶλλον
2349 4802 2363 4850 ;
2386 4785 2640 4839 Μάλιστα
2671 4787 2770 4858 μὲν
2796 4782 2889 4842 οῦν
2917 4789 2965 4839 εί
2983 4788 3077 4841 καὶ
3097 4788 3254 4841 τοῦτο
3272 4785 3339 4859 ἦν
3361 4789 3585 4859 ἀληθὲς,

2005 4869 2309 4939 κατηγορία
2349 4871 2382 4940 ἡ
2415 4869 2679 4938 ἀπολογία
2719 4866 2808 4941 ἦν,
2848 4870 3039 4941 ὥσπερ
3063 4871 3220 4939 ἔφην.
3248 4871 3368 4924 ’Ὶνα
3391 4871 3448 4924 δὲ
3484 4871 3588 4940 μά-

2002 4952 2158 5021 θητε,
2174 4953 2258 5004 ὅτι
2275 4952 2552 5006 καὶταῦτα
2569 4954 2768 5024 σκῆψις
2792 4954 2888 5008 καὶ
2907 4954 3173 5026 πρόφασις
3195 4955 3289 5006 καὶ
3312 4954 3450 5024 ῥᾳθυ
3460 4953 3588 5024 μίας

2005 5035 2122 5087 ἐστὶ
2173 5035 2672 5106 παραπετάσματα,
2706 5037 2857 5092 οὐδὲν
2901 5037 3036 5107 ἐμοῦ
3080 5037 3348 5104 λέγοντος,
3386 5037 3418 5105 ή
3450 5038 3586 5105 μετα

2004 5117 2104 5188 τὴν
2135 5116 2323 5190 αὗριον
2366 5119 2564 5183 αὐτοὺς
2604 5120 2812 5188 ἐλέγξει
2860 5120 3066 5181 πάντας
3109 5119 3295 5189 ἡμέρα
3341 5121 3468 5182 τοὺς
3514 5119 3588 5173 τᾶι

2005 5201 2231 5256 τοιαῦτα
2272 5201 2791 5273 προφασιζομένους,
2820 5203 2946 5256 ὅταν
2974 5204 3122 5255 πᾶσα
3191 5205 3224 5273 ἡ
3268 5203 3418 5266 πόλις
3449 5203 3586 5272 πρὸς

2005 5286 2096 5340 τὸν
2151 5287 2482 5358 ἱππόδρομον
2513 5291 2776 5359 μεταστῇ,
2809 5290 2903 5341 καὶ
2935 5288 3124 5352 οἰκίαι,
3159 5288 3253 5340 καὶ
3283 5289 3478 5357 ἀγοραὶ
3505 5290 3586 5349 εἰς

2005 5371 2103 5441 τὴν
2153 5373 2466 5442 παράνομον
2525 5374 2755 5444 θεωρίαν
2805 5372 3115 5425 κενωθῶσιν
3175 5371 3410 5441 ἐκείνην.
3473 5371 3584 5422 Καὶ

2005 5454 2238 5508 ἐνταῦθα
2269 5457 2369 5526 μὲν
2420 5457 2541 5510 οὐδέ
2599 5457 2689 5510 τὸν
2731 5455 2916 5525 κύριον
2960 5455 3060 5524 τῆς
3094 5454 3389 5525 ἐκκλησίας
3417 5453 3584 5506 τόπον

2007 5536 2380 5608 πληρούμενον
2413 5540 2558 5592 ἐστιν
2593 5540 2719 5592 ἰδεῖν
2748 5554 2760 5566 ’
2788 5541 2903 5591 ἐκεῖ
2933 5537 2987 5590 δὲ
3017 5539 3078 5589 οὐ
3105 5538 3197 5589 τὸν
3247 5536 3583 5606 ἱππόδρομον

2009 5621 2189 5690 μόνον,
2237 5621 2372 5674 ἀλλά
2407 5623 2501 5675 καὶ
2539 5620 2786 5692 ὑπερῷα,
2836 5621 2932 5674 καὶ
2979 5619 3178 5683 οἰκίας,
3213 5620 3308 5672 καὶ
3333 5617 3578 5689 δώματα,

2006 5705 2098 5756 καὶ
2126 5705 2422 5774 κρημνοὺς,
2453 5704 2545 5757 καὶ
2569 5705 2790 5776 μυρίους
2813 5704 3031 5775 ἐτέρους
3065 5701 3270 5759 ἀνωθεν
3301 5701 3584 5769 καταλαμο-

2077 5895 2099 5922 ³
2124 5893 2245 5956 Reg.
2271 5895 2334 5949 εἰς
2353 5894 2537 5957 θέατρα.
