4038 6360
471 553 692 604 (divom:
722 553 944 615 τόπους·
978 552 1072 607 καὶ
1100 555 1224 610 οὔτε
1255 557 1414 611 πενία
1437 597 1452 623 ,
1484 557 1606 612 οῦτε
1637 559 1885 631 ἀσχολία,
1922 561 2046 616 οὔτε

471 634 726 686 ἀσθένεια
785 634 1057 704 σώματος,
1109 640 1171 692 οὐ
1222 641 1400 693 ποδῶν
1446 642 1748 714 ἀρρωστία,
1789 646 1891 699 οὐκ
1922 645 2049 700 ἀλλο

469 717 621 768 οὐδὲν
649 716 756 769 τῶν
790 718 1047 772 τοιούτων
1097 721 1286 792 ἐπέχει
1325 725 1425 794 τὴν
1459 725 1760 780 ἀκάθεκτον
1815 728 2044 798 μανίαν·

470 801 583 853 ἀλλ’
606 800 885 872 ἄνθρωποι
919 805 1290 875 γεγηρακότες
1337 809 1476 862 νέων
1518 811 1881 881 ἀκμαζόντων
1917 830 2048 883 σφο⁹

467 883 717 953 δρότερον
751 885 868 937 ἐκεῖ
915 888 1187 956 τρέχουσι,
1221 889 1319 960 τὴν
1346 892 1535 946 πολιάν
1570 895 2046 965 καταισχύνοντες,

467 965 564 1036 τὴν
613 966 828 1036 ἡλικίαν
877 971 1509 1039 παραδειγματίζοντες,
1575 977 1638 1030 τὸ
1689 980 1865 1050 γῆρας
1915 980 2048 1032 αὐτὸ

468 1051 878 1120 καταγέλαστον
901 1054 1200 1119 ποιοῦντες.
1230 1059 1340 1110 Καὶ
1362 1059 1594 1112 ἐνταῦθα
1633 1061 1731 1132 μὲν
1764 1063 2045 1126 εἰσιόντες,

468 1135 792 1198 ναυτιῶντες
831 1136 1018 1209 ὥσπερ
1051 1141 1145 1192 καὶ
1201 1141 1531 1210 ἐνοχλεῖσθαι
1590 1145 1890 1215 νομίζουσι,
1953 1147 2047 1200 καὶ

468 1220 929 1279 ἀναπεπτώκασιν
980 1225 1037 1276 ἐν
1069 1226 1135 1295 τῇ
1165 1225 1273 1276 τῶν
1303 1224 1463 1278 θείων
1501 1227 1674 1296 λόγων
1699 1242 1724 1269 α
1760 1230 2041 1300 ἀκροάσει,

471 1304 854 1376 στενοχωρίαν,
897 1307 992 1359 καὶ
1039 1309 1294 1377 πνιγμὸν.
1333 1309 1520 1363 καὶτὰ
1547 1310 1775 1365 τοιαῦτα
1806 1312 2045 1385 προϐαλ-

467 1387 713 1456 λόμενοι·
775 1391 891 1442 ἐκεῖ
921 1390 976 1441 δέ
1008 1393 1102 1443 καὶ
1142 1391 1291 1461 ἥλιον
1330 1396 1509 1468 γυμνῇ
1543 1393 1822 1468 δεχόμενοι
1848 1400 1913 1468 τῇ
1949 1414 2044 1450 κε-

468 1471 634 1540 φαλῇ,
688 1473 782 1524 καὶ
835 1473 1185 1544 πατούμενοι,
1245 1477 1339 1529 καὶ
1385 1477 1703 1548 ὠθούμενοι,
1759 1481 1854 1532 καὶ
1907 1482 2046 1551 μετά

468 1553 670 1624 πολλῆς
697 1557 1002 1627 πιεζόμενοι
1033 1560 1131 1630 τῆς
1153 1561 1530 1631 σφοδρότητος,
1557 1563 1651 1619 καὶ
1683 1564 1853 1635 μυρία
1882 1566 2044 1636 ἕτερα

467 1638 768 1708 πάσχοντες
817 1640 985 1705 δεινὰ,
1038 1642 1290 1710 καθάπερ
1339 1646 1397 1698 ἐν
1430 1643 1654 1715 λειμῶνι
1705 1646 2041 1716 τρυφῶντες,

466 1721 610 1775 οῦτω
658 1721 973 1779 διάκεινται.
1007 1724 1104 1778 Διά
1151 1725 1308 1778 τοῦτο
1341 1728 1470 1799 ἡμῖν
1494 1728 1552 1781 αἱ
1585 1727 1768 1792 πόλεις
1799 1731 1906 1783 εἰσὶ
1966 1730 2044 1784 δι-

467 1804 805 1876 εφθαρμέναι
842 1805 1014 1878 [751],
1049 1809 1130 1861 ὅτι
1167 1812 1394 1880 πονηροὶ
1424 1809 1524 1884 τῆς
1546 1811 1794 1883 νεότητός
1831 1814 1937 1867 εἰσι
1967 1813 2043 1868 δι-

465 1887 747 1944 δάσκαλοι.
779 1888 902 1954 Πῶς
932 1891 1040 1960 769
1063 1891 1268 1964 δυνήσῃ
1294 1894 1384 1945 τὸν
1410 1893 1527 1946 νέον
1542 1895 1780 1966 ἄκοσμον
1801 1896 1928 1950 ὄντα
1950 1897 2043 1950 καὶ

463 1971 854 2039 ἀσελγαίνοντα
907 1974 1259 2043 σωφρονίσαι,
1307 1975 1468 2039 αὐτὸς
1521 1978 1580 2029 ἐν
1617 1978 1778 2049 πολιᾷ
1813 1979 2042 2033 τοιαῦτα

467 2056 816 2127 μετεωρίζων
837 2096 850 2118 ,
890 2056 1052 2120 αὐτὸς
1089 2057 1226 2127 μετά
1253 2058 1508 2113 τοσοῦτον
1533 2060 1721 2131 χρόνον
1755 2061 1915 2132 κόρον
1968 2062 2042 2134 μὴ

464 2137 644 2192 λαϐὼν
667 2140 767 2210 τῆς
799 2142 1212 2213 άτερπεστάτης
1246 2141 1372 2206 θέας
1417 2143 1667 2215 ἐκείνης;
1700 2144 1816 2207 πῶς
1835 2145 2044 2217 δυνήσῃ

465 2223 730 2293 ῥυθμίσαι
767 2225 860 2278 τὸν
890 2225 1025 2290 υἱὸν,
1069 2225 1187 2289 πῶς
1228 2225 1452 2278 κολάσαι
1498 2227 1589 2279 τὸν
1616 2229 1834 2298 οἰκέτην
1865 2229 2044 2300 ἀμαρ-

463 2307 714 2368 τάνοντα,
761 2308 879 2371 πῶς
913 2309 1084 2379 ἐτέρῳ
1138 2307 1638 2374 συμϐουλεῦσαιτά
1667 2310 1856 2365 δέοντα
1901 2313 2043 2382 ἀμε-

463 2389 664 2450 λοῦντι,
693 2391 914 2445 τοιαῦτα
949 2391 1111 2455 αὐτὸς
1141 2393 1197 2444 ἐν
1243 2393 1454 2461 ἐσχάτῳ
1487 2395 1636 2465 γήρα
1669 2395 1992 2465 ἀσχημονῶν
2025 2413 2040 2461 ;

464 2473 584 2527 Κᾶν
623 2474 722 2544 μὲν
750 2475 949 2547 ὑϐρίσῃ
988 2476 1107 2538 νέος
1136 2477 1228 2528 τὸν
1262 2476 1614 2546 γεγηρακότα
1635 2515 1650 2539 ,
1698 2479 1798 2549 τὴν
1825 2478 2043 2549 ἡλικίαν

464 2556 667 2621 εὐθέως
706 2559 1092 2629 προϐάλλεται,
1142 2560 1236 2612 καὶ
1274 2561 1500 2630 μυρίους
1533 2559 1646 2629 ἔχει
1695 2577 2042 2632 συναγανακ-

461 2639 693 2704 τοῦντας
709 2659 721 2672 ο
745 2644 874 2696 ὅταν
901 2643 956 2695 δὲ
975 2643 1328 2714 σωφρονίζειν
1341 2645 1436 2716 δέῃ
1462 2645 1552 2698 τὸν
1569 2648 1708 2708 νέον,
1733 2648 1826 2700 καὶ
1845 2633 2043 2700 κανόνα

461 2722 588 2776 τινὰ
627 2725 829 2794 ἀρετῆς
879 2725 1043 2779 αὑτὸν
1076 2727 1356 2794 γίνεσθαι,
1390 2727 1630 2798 οὐδαμοῦ
1675 2731 1776 2800 τῆς
1825 2729 2045 2802 ἡλικίας

463 2805 646 2869 αὐτοῖς
678 2806 854 2875 λόγος,
885 2807 1001 2862 ἀλλ’
1025 2809 1052 2849 h
1084 2808 1264 2863 αὐτῶν
1294 2812 1519 2864 ἐκείνων
1544 2812 1917 2884 μανικώτερον
1950 2815 2044 2867 ἐπὶ

471 2889 560 2958 ..ὴν
607 2890 923 2962 παράνομον
965 2892 1242 2962 βαδίζουσι
1285 2895 1536 2967 θεωρίαν.
1573 2896 1761 2951 Ταῦτα
1790 2899 1845 2950 δέ
1879 2898 2042 2967 λέγω,

463 2975 559 3028 καὶ
586 2975 694 3027 τῶν
717 2978 1110 3047 γεγηρακότων
1147 2977 1501 3048 καθάπτομαι
1523 3023 1536 3045 ,
1577 2981 1697 3050 ούχί
1731 2985 1858 3047 τοὺς
1892 2983 2045 3048 νέους

462 3059 820 3112 ἀπαλλάττων
840 3060 1170 3130 κατηγορίας
1193 3063 1287 3114 καὶ
1303 3061 1573 3134 διαϐολῆς,
1590 3065 1727 3119 ἀλλά
1741 3065 1809 3118 δι’
1823 3067 2045 3120 ἐκείνων

463 3144 688 3206 τούτους
732 3145 1180 3215 ἀσφαλιζόμενος.
1233 3144 1294 3198 ΕΞ
1341 3147 1444 3216 γὰρ
1479 3150 1569 3202 τὸν
1605 3151 1956 3220 γεγηρακότα
1982 3153 2043 3204 οὑ

464 3227 565 3291 δεῖ,
595 3226 775 3296 πολλῷ
822 3227 1022 3297 μᾶλλον
1055 3228 1146 3280 τὸν
1171 3229 1312 3284 νέον.
1362 3231 1509 3284 Ἐκεῖ
1547 3234 1646 3304 μὲν
1672 3234 1783 3305 769
1827 3237 1991 3300 πολὺς
2018 3238 2047 3288 6

463 3312 659 3380 γέλως,
707 3315 799 3365 καὶ¹
841 3313 1042 3382 μείζων
1073 3315 1105 3383 ἡ
1139 3314 1495 3387 ἀσχημοσύνη
1519 3331 1531 3346 ·
1573 3318 1808 3372 ἐνταῦθα
1847 3321 1904 3374 δέ
1948 3339 2047 3392 χα-

464 3393 774 3466 λεπώτερος
807 3397 836 3447 6
873 3395 1116 3466 ὄλεθρος,
1161 3397 1296 3466 βαθὺ
1332 3397 1393 3450 τὸ
1446 3398 1748 3471 βάραθρον,
1797 3404 1907 3474 ὅσῳ
1954 3406 2046 3459 καὶ

465 3479 810 3550 ἀκμαιότερα
840 3479 1042 3550 μᾶλλον
1069 3480 1137 3533 :6
1168 3480 1270 3550 τῆς
1304 3481 1603 3552 ἐπιθυμίας
1631 3487 1744 3547 τοῖς
1773 3486 2047 3550 νέοις,καὶ

471 3564 808 3635 σφοδροτέρα
845 3564 1031 3628 αὐτοῖς
1069 3567 1102 3636 ἡ
1145 3565 1297 3633 φλὸξ,
1336 3565 1438 3620 κᾶν
1481 3569 1684 3637 μικρᾶς
1719 3571 2048 3644 ἐπιλάϐηται

469 3646 632 3715 μόνον
677 3646 877 3713 ἔξωθεν
926 3647 1080 3717 ὕλης,
1119 3648 1186 3701 :6
1222 3649 1399 3702 πάντα
1428 3651 1760 3724 ἐμπίπρησι.
1791 3656 1899 3708 Καὶ
1938 3657 2047 3728 γὰρ

465 3731 604 3800 πρὸς
633 3730 804 3799 θυμὸν
837 3732 1090 3803 καὶπρὸς
1123 3731 1422 3802 ἐπιθυμίας
1455 3733 1806 3804 εύέμπτωτος
1845 3739 2046 3808 μᾶλλόν

465 3816 614 3867 ἐστιν
639 3817 668 3866 6
692 3813 811 3878 νέος
836 3831 852 3844 ·
903 3815 984 3867 διὸ
1019 3815 1113 3868 καὶ
1160 3815 1406 3880 πλείονος
1447 3817 1618 3872 δεῖται
1650 3820 1748 3889 τῆς
1778 3821 2044 3892 φυλακῆς,

469 3898 829 3970 σφοδροτέρου
881 3899 976 3952 τοῦ
1006 3899 1249 3970 χαλινοῦ,
1283 3900 1691 3974 ἀσφαλεστέρου
1721 3903 1815 3956 τοῦ
1841 3905 2045 3976 τειχίου

466 3986 560 4037 καὶ
586 3983 679 4035 τοῦ
710 3983 1054 4053 κωλύματος,

543 4103 606 4173 β’.
634 4105 726 4172 Μὴ
767 4104 876 4173 γάρ
907 4119 997 4173 μοι
1031 4101 1190 4165 τοῦτο
1223 4103 1404 4172 εἴπῃς,
1429 4103 1706 4173 ἄνθρωπε,
1741 4105 1823 4158 ὅτι
1851 4105 2050 4178 ἡδονὴν

469 4189 583 4257 ἔχει
618 4190 650 4258 ἠ
680 4186 912 4257 θεωρία·
937 4186 1050 4239 ἀλλ’
1088 4188 1137 4239 εἰ
1173 4189 1246 4256 μὴ
1281 4186 1420 4256 μετά
1444 4186 1546 4256 τῆς
1577 4187 1770 4257 ἡδονῆς
1801 4190 1896 4241 καὶ
1926 4188 2051 4258 βλά-

468 4274 568 4342 ϐην
620 4271 753 4342 ἔχει,
789 4269 945 4323 τοῦτό
987 4287 1054 4340 με
1084 4268 1313 4334 δίδαξον.
1369 4269 1481 4322 Καὶ
1512 4269 1563 4322 τί
1612 4269 1756 4338 λέγω
1798 4269 2046 4342 βλάϐην;

470 4357 595 4420 Ὅτι
621 4358 732 4426 γὰρ¹
752 4355 874 4417 ούδέ
906 4355 1098 4425 ἡδονὴν
1120 4353 1180 4406 τὸ
1207 4355 1440 4426 πρᾶγμα
1466 4352 1601 4424 ἔχει,
1643 4353 1895 4413 ἐντεῦθεν
1925 4357 2049 4430 εἴσῃ

471 4439 678 4506 σαφῶς.
753 4439 851 4493 Ἐκ
901 4439 998 4508 τῆς
1039 4435 1401 4509 ἱπποδρομίας
1458 4436 1757 4508 ἀναχωρῶν
1809 4439 2045 4510 ἐκείνης’

467 4523 780 4592 ἀπάντησον
821 4524 933 4583 τοῖς
971 4523 1034 4574 ἐκ
1073 4520 1173 4591 τῆς
1225 4519 1516 4590 ἐκκλησίας
1545 4520 1909 4591 ἀναχωροῦσι,
1955 4525 2048 4576 καὶ

468 4605 756 4676 κατάμαθε
793 4605 931 4676 μετά
953 4605 1260 4676 ἀκριϐείας,
1294 4604 1378 4668 τίς
1410 4604 1637 4656 ἐστινέν
1671 4603 1832 4678 ἡδονῇ
1862 4605 2045 4676 μείζο-

467 4708 540 4750 νι,
594 4691 623 4743 6
671 4688 968 4759 προφητῶν
1001 4687 1276 4752 ἀκούσας,
1327 4687 1424 4739 καὶ
1461 4685 1745 4757 μετασχὼν
1776 4687 2044 4756 εὐλογίας,

465 4775 562 4828 καὶ
591 4774 944 4834 διδασκαλίας
968 4771 1305 4836 ἀπολαύσας,
1337 4771 1434 4826 καὶ
1453 4773 1544 4824 τὸν
1571 4769 1704 4830 Θεὸν
1734 4774 2048 4841 παρακαλέ-

470 4875 570 4925 σας
604 4857 747 4928 ὑπὲρ
766 4855 876 4915 τῶν,
901 4855 1119 4912 οἰκείων
1140 4856 1360 4925 ἀμαρτη
1370 4855 1574 4924 μάτων,
1597 4855 1693 4908 καὶ
1723 4855 2050 4926 κουφότερον

468 4945 704 5012 ποιήσας
737 4942 798 4994 τὸ
833 4940 1087 5005 συνειδὸς,
1126 4942 1222 4993 καὶ
1255 4939 1420 5011 μηδὲν
1467 4937 1646 5009 ἐαυτῷ
1688 4939 2052 5006 κατεγνωκὼς

469 5026 682 5094 τοιοῦτο
699 5043 712 5055 ·
731 5025 766 5095 ἢ
793 5026 856 5079 σὺ
880 5026 908 5077 6
925 5023 1238 5078 καταλιπὼν
1255 5023 1354 5092 τὴν
1383 5022 1617 5093 μητέρα,
1637 5023 1731 5075 καὶ
1764 5022 1893 5084 τοὺς
1917 5039 2052 5092 προ-

471 5113 650 5180 φήτας
680 5110 974 5180 ἀτιμάσας,
1006 5109 1101 5165 καὶ
1151 5109 1231 5170 εἰς
1283 5107 1375 5160 τὸν
1427 5106 1557 5159 Θεὸν
1609 5105 1921 5177 ἐξυϐρίσας.
1957 5108 2051 5160 καὶ

475 5194 615 5264 μετὰ
670 5191 770 5250 τοῦ
820 5191 1066 5248 διαϐόλου
1118 5189 1406 5262 χορεύσας,
1459 5191 1554 5242 καὶ
1587 5188 2052 5260 βλασφημούντων

469 5276 713 5345 ἀκούσας
742 5275 836 5331 καὶ
857 5273 1304 5345 λοιδορουμένων,
1325 5273 1419 5332 καὶ
1447 5273 1536 5325 τὸν
1558 5272 1750 5344 καιρὸν
1767 5272 2052 5336 ἀναλώσας

473 5362 597 5431 εἰκῆ
639 5362 732 5414 καὶ
775 5359 974 5430 μάτην,
1002 5360 1096 5412 καὶ
1129 5358 1295 5430 μηδὲν
1338 5357 1519 5414 οἴκαδε
1542 5357 1678 5427 έχων
1707 5357 2050 5424 ἀπενεγκεῖν,

478 5447 612 5516 μήτε
640 5443 968 5514 σωματικὸν,
1007 5443 1148 5514 μήτε
1193 5439 1560 5513 πνευματικὸν
1589 5439 1781 5510 κέρδος
1823 5440 2050 5493 ἐκεῖθεν.

475 5529 638 5579 Ὥστε
676 5526 871 5596 ἡδονῆς
898 5527 1086 5578 ἕνεκεν
1112 5526 1349 5595 μάλιστα
1392 5522 1628 5578 ἐνταῦθα
1656 5523 1904 5594 ἀπαντᾷν
1926 5524 2051 5598 χρή.

487 5610 634 5674 Ἐκεῖ
666 5610 764 5678 μὲν
797 5611 902 5679 γὰρ
930 5608 1132 5672 εὐθέως
1173 5609 1555 5677 κατάγνωσις,
1603 5606 1906 5677 κατηγορία
1960 5606 2053 5660 τοῦ

544 5851 568 5916 _‘
603 5852 777 5916 Morel:
795 5857 888 5900 τῶν
913 5855 1045 5902 θείων
1067 5856 1278 5916 Γραφῶν,

541 5911 570 5959 la
593 5913 725 5963 £01).
753 5915 847 5964 duo
881 5922 930 5965 Cl
951 5916 1073 5978 Reg.
1103 5911 1287 5974 ἦλίκίας
1311 5919 1337 5968 ὁ
1358 5918 1511 5980 ὄγκος,
1535 5918 1654 5967 ἁ>λ’·.

1144 439 1200 495 S.
1243 441 1525 500 JOANNIS
1563 443 2057 503 CHRYSOSTOMI
2093 453 2417 510 ARCHIEP.
2457 456 3006 514 CONSTANTINOP.

3627 459 3732 513 669

2154 571 2475 635 συνειδότος,
2505 572 2758 642 μετάνοια
2779 571 2872 623 ἐπὶ
2907 571 3020 634 τοῖς
3038 566 3444 637 γεγενημένοις,
3477 570 3731 646 αἰσχύνη,

2151 665 2247 718 καὶ
2267 665 2485 732 ὅνειδος,
2518 670 2610 722 καὶ
2630 667 2691 720 τὸ
2712 664 3194 738 ἀπαρρησιάστους
3221 662 3366 733 ἔχειν
3390 666 3515 728 τοὺς
3539 667 3730 736 ὀφθαλ-

2153 763 2316 834 μούς·
2350 764 2584 818 ἐνταῦθα
2611 765 2667 819 δέ
2687 762 2990 818 τούναντίον
3019 762 3184 826 ἅπαν,
3209 762 3511 833 παρρησία,
3545 765 3639 817 καὶ
3672 767 3731 818 τὸ

2152 859 2650 942 ἐλευθεροστομεῖν,
2687 859 2783 914 καὶ
2806 859 2868 912 τὸ
2901 857 3040 930 μετά
3065 857 3249 921 ἀδείας
3279 858 3454 911 ἀπασι
3481 859 3730 927 διαλέγε-

2153 956 2278 1012 σθαι
2305 959 2434 1030 περὶ
2464 958 2572 1012 τῶν
2605 957 2838 1012 ἐνταῦθα
2868 953 3231 1026 ἀκουσμάτων
3251 956 3526 1011 ἁπάντων.
3558 956 3733 1012 Ὅταν

2149 1054 2330 1108 τοίνυν
2362 1056 2442 1119 εἰς
2470 1056 2675 1126 ἀγοράν
2702 1053 2969 1125 ἐμϐάλῃς,
3005 1054 3100 1108 καὶ
3127 1053 3337 1116 πάντας
3365 1053 3480 1126 ἴδῃς
3507 1055 3600 1108 ἐπὶ
3626 1054 3732 1126 τὴν

2149 1150 2302 1226 [752]
2338 1151 2570 1222 θεωρίαν
2603 1151 2895 1222 τρέχοντας
2937 1150 3175 1222 ἐκείνην,
3205 1152 3491 1220 κατάφυγε
3533 1153 3598 1206 σὺ
3632 1153 3731 1206 ἐπὶ

2147 1249 2246 1319 τὴν
2268 1251 2562 1320 ἐκκλησίαν
2585 1249 2807 1312 εὐθέως,
2822 1249 2918 1302 καὶ
2937 1247 3131 1318 μικρὸν
3148 1251 3494 1320 καρτερήσας
3510 1250 3728 1320 χρόνον,

2149 1347 2330 1418 τρύφα
2378 1347 2642 1417 διηνεκῶς
2681 1347 2789 1399 τῶν
2827 1344 2986 1398 θείων
3022 1344 3303 1415 ῥημάτων.
3337 1347 3435 1399 Ἂν
3469 1347 3569 1416 μὲν
3615 1347 3729 1419 γάρ

2148 1443 2488 1514 παρασυρεὶς
2522 1441 2660 1513 μετά
2691 1441 2802 1494 τῶν
2831 1441 3045 1495 πολλῶν
3094 1442 3336 1514 ἀπέλθῃς
3366 1444 3500 1506 ἐκεῖ,
3531 1443 3733 1513 μικρὸν

2146 1539 2589 1610 ψυχαγωγηθεὶς,
2617 1537 2705 1592 διὰ
2731 1538 2912 1608 πάσης
2933 1539 3034 1610 τῆς
3057 1538 3274 1610 ἡμέρας
3308 1537 3589 1610 ἀλγήσεις,
3624 1539 3731 1612 τῆς

2145 1651 2206 1688 τε
2260 1634 2543 1704 ἐπιούσης,
2594 1635 2692 1688 καὶ
2736 1633 2950 1688 πολλῶν
2995 1633 3199 1706 ἐτέρων
3222 1675 3238 1701 ,
3299 1635 3734 1703 καταγινώσκων

2149 1729 2349 1786 σαυτοῦ
2368 1747 2383 1763 ο
2416 1729 2483 1784 ἂν
2509 1729 2566 1783 δὲ
2595 1729 2791 1801 μικρὸν
2821 1730 3054 1801 ἐπίσχῃς
3077 1730 3291 1796 σαυτὸν,
3320 1729 3406 1784 διὰ
3429 1731 3608 1802 πάσης
3623 1731 3730 1802 τῆς

2147 1829 2364 1900 ἡμέρας
2382 1827 2523 1892 ἕξεις
2550 1829 2784 1898 τρυφᾷν.
2804 1827 2879 1881 Ού
2899 1828 3008 1900 γὰρ
3029 1829 3123 1882 ἐπὶ
3156 1829 3348 1882 τούτου
3384 1829 3563 1900 μόνον,
3585 1829 3731 1883 ἀλλά

2149 1925 2244 1978 καὶ
2269 1924 2363 1976 ἐπὶ
2382 1922 2491 1976 τῶν
2511 1922 2684 1977 ἄλλων
2715 1921 2970 1978 ἁπάντων
2998 1921 3143 1976 οὕτω
3171 1922 3485 1990 συμϐαίνειν
3509 1923 3728 1977 εἴωθεν.

2159 2021 2224 2076 Ἦ
2266 2021 2364 2092 μέν
2397 2019 2506 2091 769
2535 2019 2700 2073 κακία
2730 2019 3066 2091 πρόσκαιρόν
3091 2037 3216 2074 τινα
3239 2020 3354 2091 ἔχει
3377 2020 3476 2091 τὴν
3508 2019 3732 2091 ἡδονὴν,

2146 2117 2370 2189 διηνεκῆ
2402 2115 2460 2169 δὲ
2492 2115 2593 2188 τὴν
2627 2115 2850 2188 ὀδύνηνο
2881 2117 2913 2187 ἡ
2955 2115 3012 2169 δέ
3043 2116 3236 2188 ἀρετὴ,
3268 2116 3474 2188 βραχὺν
3503 2116 3602 2186 μὲν
3634 2117 3735 2169 τὸν

2148 2215 2330 2278 πόνον,
2369 2211 2616 2282 διηνεκὲς
2643 2211 2700 2265 δέ
2727 2211 2789 2265 τὸ
2821 2212 3014 2284 κέρδος
3051 2212 3192 2284 μετά
3232 2212 3332 2284 τῆς
3363 2213 3729 2285 εὐφροσύνης.

2148 2305 2310 2376 Οἷον,
2353 2308 2555 2381 ηὔξατό
2585 2324 2673 2372 τις
2717 2307 2854 2378 πρὸς
2893 2308 3058 2374 Θεὸν,
3107 2308 3434 2382 ἐδάκρυσεν,
3488 2308 3736 2381 ἤλγησεν

2147 2409 2325 2477 ὀλίγον
2349 2407 2540 2478 χρόνον
2573 2403 2717 2459 κατά
2743 2405 2840 2476 τὴν
2866 2406 3030 2476 εὐχήν
3050 2422 3065 2437 ο
3097 2407 3285 2481 ἔτερος
3310 2405 3399 2460 διὰ
3421 2408 3601 2478 πάσης
3627 2404 3734 2476 τῆς

2147 2506 2362 2577 ἡμέρας
2401 2502 2631 2575 ἐτρύφα,
2660 2496 2781 2555 εἶτα
2807 2502 3180 2574 ἐλεημοσύνην
3214 2503 3436 2570 ἔδωκεν,
3467 2503 3736 2574 ἐνήστευ-

2149 2620 2261 2665 σεν,
2293 2599 2420 2655 ἀλλο
2441 2617 2494 2653 τι
2518 2599 2628 2653 τῶν
2651 2599 2872 2670 ἀγαθῶν
2903 2600 3223 2672 εἰργάσατο,
3258 2599 3291 2670 ἥ
3323 2598 3601 2671 ὑϐρισθεὶς
3625 2599 3736 2650 οὐκ

2146 2697 2587 2769 ἀντελοιδόρησεν
2602 2714 2615 2728 ·
2636 2698 2694 2751 ἐν
2715 2700 2815 2770 μιᾷ
2831 2698 2960 2767 γοῦν
2983 2696 3180 2770 καιροῦ
3214 2698 3353 2768 ῥοπῇ
3380 2698 3736 2768 καρτερήσας

2147 2797 2242 2850 καὶ
2269 2793 2556 2864 κατασχὼν
2587 2794 2680 2848 τὸν
2708 2794 2899 2866 θυμὸν,
2929 2793 3016 2848 διὰ
3052 2794 3252 2857 παντὸς
3324 2793 3586 2862 γάννυται
3634 2792 3736 2846 καὶ

2147 2895 2518 2967 εὐφραίνεται,
2539 2894 2650 2950 τῶν
2679 2893 3122 2965 κατορθωμάτων
3151 2893 3585 2963 ἀναμιμνήσκων
3607 2893 3742 2944 ἐαυ-

2146 2992 2238 3046 τὸν
2266 2993 2511 3048 ἐκείνων.
2543 2991 2667 3045 Ἐπὶ
2691 2990 2748 3044 δέ
2780 2990 2882 3061 τῆς
2921 2990 3116 3052 κακίας
3143 2989 3456 3042 τούναντίον
3481 3005 3494 3018 ’
3537 2987 3738 3058 ῦϐρισέ

2146 3106 2252 3156 τις,
2310 3088 2755 3161 ἀντελοιδόρησε·
2803 3087 2941 3159 μετά
2995 3086 3170 3140 ταῦτα
3223 3085 3364 3140 οἴκοι
3417 3085 3737 3156 γενόμενος,

2148 3188 2339 3242 ἐαυτὸν
2370 3185 2668 3251 κατεσθίει,
2698 3186 2768 3240 τά
2789 3188 3009 3258 ῥήματα
3043 3182 3520 3255 ἀναλογιζόμενος,
3544 3182 3582 3236 ἃ.
3605 3183 3739 3236 πολ-

2149 3285 2306 3348 λάκις
2342 3283 2542 3355 πολλὴν
2580 3285 2779 3354 ῆνεγκε
2817 3282 3043 3355 βλάϐην.
3072 3284 3234 3336 Ὥστε
3269 3283 3318 3334 εἰ
3354 3281 3572 3340 διώκεις
3610 3279 3740 3351 ἠδο-

2149 3381 2268 3450 νὴν,
2285 3381 2472 3452 Φεῦγε
2488 3381 2593 3448 τὰς
2607 3379 2962 3449 νεωτερικὰς
2979 3379 3314 3449 ἐπιθυμίας,
3334 3381 3430 3432 καὶ
3451 3379 3744 3450 σωφροσύ-

2151 3496 2246 3550 νης
2277 3477 2572 3548 ἐπιμελοῦ,
2619 3477 2715 3532 καὶ
2761 3478 3023 3548 ἀκροάσει
3060 3477 3222 3530 θείων
3248 3475 3485 3547 πρόσεχε
3514 3474 3739 3543 λογίων.

2149 3573 2335 3628 Ταῦτα
2357 3573 2494 3646 πρὸς
2522 3573 2665 3644 ὑμᾶς
2693 3572 2944 3643 λέγομεν.
3000 3573 3088 3624 ἵνα
3127 3572 3285 3643 ὑμεῖς
3319 3572 3457 3640 πρὸς
3492 3570 3742 3634 ἐκείνους
3795 3639 3802 3648 Α

2149 3673 2419 3742 λέγοντες,
2449 3671 2544 3725 καὶ
2578 3669 2816 3741 συνεχῶς
2841 3671 3050 3733 τούτοις
3099 3668 3298 3732 αὐτοὺς
3343 3665 3744 3731 ἐπαντλοῦντες

2149 3776 2262 3836 τοῖς
2313 3771 2574 3842 ῥήμασιν,
2602 3770 2878 3840 ἀφέλκητε
2909 3770 3090 3840 πάσης
3139 3769 3384 3841 πονηρᾶς
3421 3766 3746 3836 συνηθείαςο

2150 3870 2243 3924 καὶ
2276 3867 2498 3938 πείθητε
2524 3865 2772 3936 λογισμῷ
2808 3865 2986 3919 πάντα
3043 3868 3220 3919 ποιεῖν
3263 3863 3342 3934 τῷ
3380 3863 3739 3935 προσήκοντι.

2150 3965 2272 4019 Τῶν
2300 3963 2408 4033 γάρ
2439 3961 2692 4015 τοιούτων
2730 3961 2825 4014 καὶ
2878 3960 3064 4024 ἁπλῶς
3110 3962 3204 4013 καὶ
3249 3960 3372 4030 εἰκῆ
3417 3958 3742 4029 φερομένων

2150 4062 2271 4117 οὐδὲ
2297 4060 2396 4130 τὴν
2431 4057 2662 4130 σπουδὴν
2689 4057 2977 4130 ἐπαινετὴν
3006 4057 3159 4129 εὖροι
3206 4075 3291 4121 τις
3319 4055 3387 4110 ἂν
3414 4051 3614 4110 οὖσανο
3647 4057 3746 4112 καὶ

2149 4159 2308 4213 τοῦτο
2332 4155 2441 4210 ἀπὸ
2481 4155 2579 4226 τῆς
2610 4153 2871 4224 ἐπιούσης
2923 4151 3196 4218 συνάξεως
3224 4152 3383 4223 δῆλον
3410 4151 3742 4222 καθίστημι.

2152 4253 2265 4325 Τῆς
2288 4251 2396 4322 γὰρ
2416 4250 2577 4319 ἁγίας
2610 4251 2741 4321 ἡμῖν
2762 4243 3520 4320 τελουμένηςΠεντηκοστῆς,
3549 4246 3743 4300 τοσοῦ-

2151 4367 2242 4404 τον
2285 4349 2569 4420 δραμεῖται
2620 4345 2845 4417 πλῆθος,
2879 4345 2954 4409 ὡς
2986 4345 3205 4399 ἅπαντα
3237 4347 3369 4416 ἡμῖν
3408 4346 3477 4399 :6
3502 4344 3745 4398 ἐνταῦθα

2155 4441 2625 4515 στενοχωρεῖσοαι.
2664 4441 2801 4495 Ἀλλ’
2831 4441 2979 4512 ὅμως
3015 4440 3134 4494 ούδέ
3165 4441 3369 4510 ταύτην
3401 4441 3743 4512 ἀποδέχομαι

2151 4541 2251 4613 τὴν
2287 4539 2580 4610 συλλογήν·
2607 4538 2896 4609 συνηθείας
2939 4537 3048 4609 γάρ
3083 4539 3252 4602 ἐστιν,
3295 4537 3394 4590 οὐκ
3426 4537 3741 4600 εὐλαϐείας.

2153 4639 2220 4691 Τί
2251 4637 2431 4690 τοίνυν
2459 4635 2658 4705 γένοιτ’
2682 4636 2747 4689 ἂν
2775 4636 2999 4688 ἐκείνων
3028 4634 3378 4705 ἀθλιώτερον,
3405 4635 3538 4688 ὅταν
3578 4635 3674 4688 καὶ
3707 4637 3740 4706 ἠ

2155 4733 2396 4806 ῥᾳθυμία
2427 4731 2605 4786 αὐτῶν
2649 4730 2920 4784 τοσούτων
2964 4730 3329 4802 ἐγκλημάτων
3374 4731 3546 4804 γέμῃ,
3580 4731 3674 4784 καὶ
3705 4735 3740 4802 ὴ

2153 4830 2386 4897 δοκοῦσα
2435 4826 2574 4884 εἶναι
2611 4829 2816 4898 σπουδὴ
2859 4828 3152 4899 ἐγκωμίων
3237 4827 3444 4898 ἔρημος
3464 4846 3479 4893 ;
3503 4828 3610 4881 Τὸν
3633 4829 3744 4899 γάρ

2154 4926 2301 4998 ζήλῳ
2329 4925 2424 4980 καὶ
2445 4925 2594 4996 πόθῳ
2611 4925 2705 4978 καὶ
2725 4923 2963 4995 σώφρονι
2984 4923 3229 4995 λογισμῷ
3255 4924 3350 4977 τοῦ
3378 4924 3524 4977 θείου
3550 4927 3742 4978 τούτου

2156 5025 2452 5095 μετέχοντα
2515 5022 2796 5090 συλλόγου,
2852 5021 3117 5092 διηνεκῶς
3169 5020 3340 5075 ταῦτα
3392 5023 3569 5073 ποιεῖν
3617 5021 3740 5091 χρὴ,

2155 5120 2269 5175 ἀλλ’
2293 5121 2414 5190 ούχί
2448 5120 2586 5190 μετά
2614 5118 2722 5172 τῶν
2756 5122 2814 5172 ἐν
2840 5120 3001 5190 ἑορτῇ
3030 5119 3191 5189 μόνον
3221 5118 3589 5187 φαινομένων,
3625 5118 3741 5186 μετ’

2157 5217 2380 5272 ἐκείνων
2406 5215 2736 5286 ἀφίστασθαι
2774 5215 2955 5280 πάλιν,
2991 5215 3327 5286 θρεμμάτων
3374 5214 3535 5284 δίκην
3560 5212 3743 5274 ἁπλῶς

2155 5302 2443 5370 ἀγόμενον.

2228 5412 2296 5474 γ’.
2316 5405 2624 5482 ’Πδυνάμην
2647 5403 2743 5473 μὲν
2760 5398 2852 5457 οῦν
2867 5402 2961 5468 καὶ
2979 5402 3116 5474 πρὸς
3137 5401 3488 5482 πλέονῗμῆκος
3505 5403 3740 5454 ἐκτεῖναι

2155 5489 2218 5557 τὸ
2249 5487 2535 5558 προοίμιον
2557 5481 2652 5540 τοῦ
2681 5486 2839 5554 λόγου
2861 5504 2874 5516 ·
2900 5485 3017 5538 ἀλλ’
3048 5486 3238 5558 ἐπειδὴ
3268 5481 3385 5537 οἴδα
3418 5485 3630 5551 σαφῶς,
3659 5485 3740 5536 ὅτι

2158 5573 2253 5624 καὶ
2301 5571 2408 5642 πρὸ
2440 5571 2540 5641 τῆς
2577 5569 2852 5640 ἡμετέρας
2895 5569 3272 5648 παραινέσεως
3301 5567 3368 5620 :6
3397 5568 3740 5637 προσήκοντα

2157 5657 2288 5726 ὑμῖν
2331 5654 2514 5718 αὐτοῖς
2542 5653 2844 5718 ποιοῦντες,
2887 5654 2982 5706 καὶ
3028 5653 3250 5706 πλείονα
3292 5651 3402 5704 τῶν
3435 5653 3741 5722 εἰρημένων

2160 5741 2356 5809 ἐρεῖτε,
2392 5737 2533 5791 ὥστε
2567 5737 2641 5808 μὴ
2670 5736 2820 5802 δόξαι
2843 5737 3200 5806 παρενοχλεῖν
3223 5738 3281 5789 ἐν
3309 5737 3431 5798 ταῖς
3458 5737 3582 5789 κατ’
3600 5735 3742 5787 ἐκεί-

2161 5839 2266 5876 νων
2294 5823 2666 5892 ἐπιτιμήσεσι,
2706 5821 2774 5875 :6
2813 5821 3111 5892 λειπόμενα
3150 5821 3367 5874 ἅπαντα
3399 5821 3534 5890 ὑμῖν
3560 5819 3740 5889 ἀφεὶς,

2164 5907 2258 5980 τῆς
2287 5905 2540 5977 εἰωθυίας
2591 5903 2798 5976 ἅψομαι
2832 5904 3198 5970 διδασκαλίας,
3241 5905 3335 5959 ἐπὶ
3361 5904 3460 5980 τὴν
3482 5904 3585 5983 τῆς
3615 5903 3752 5962 Ἂν,
