4038 6360
348 377 445 433 6δί

346 504 450 543 non
480 488 671 559 pedum
702 486 998 550 inﬁrmitas,
1023 504 1127 543 non
1153 486 1601 558 aliud’quidquam
1628 486 1729 540 tale
1758 499 1925 539 remo-

346 592 495 635 ratur
532 584 823 648 inSaniam,
856 582 999 637 nulla
1030 581 1318 636 retinacula
1347 595 1451 634 non
1479 579 1884 648 abrumpentem
1909 597 1922 632 :

347 672 438 725 sed
469 672 716 726 homines
743 675 892 727 senio
919 672 1145 727 confecti
1170 712 1185 740 ,
1213 670 1501 740 juvenibus
1543 685 1604 724 ac
1632 669 1928 738 vigentibus

346 763 553 816 a’vidius
575 763 699 817 illuc
718 773 1061 828 concurrunt,
1078 763 1327 817 canitiem
1348 776 1496 815 suam
1514 760 1923 816 dedecorantcs:

345 863 557 910 nitatem
599 865 902 923 provectam
936 855 1307 918 traducentes,
1339 863 1393 909 et
1427 863 1754 909 senectutem
1787 869 1927 923 prte-

346 946 535 1002 beutes
566 947 933 1003 deridendam.
974 950 1040 1004 Et
1078 949 1180 1003 huc
1206 949 1417 1018 quidem
1454 948 1763 1014 venientes,
1804 963 1927 1003 cum

347 1038 560 1094 fastidio
589 1056 652 1094 ac
694 1041 936 1095 molestia
968 1057 1245 1097 sermones
1274 1042 1482 1096 divinos
1509 1042 1524 1073 ί
1555 1042 1794 1106 audiunt,
1827 1058 1925 1096 an-

346 1129 546 1198 gustias
566 1172 580 1193 ,
611 1142 832 1195 mstum,
864 1143 917 1187 et
942 1131 1343 1187 suffocationem
1383 1133 1679 1201 similiaque
1705 1149 1927 1188 causan-

346 1232 428 1276 tes
458 1240 472 1277 :
500 1232 553 1277 at
594 1225 702 1279 illic
728 1224 852 1279 dum
881 1235 935 1279 et
971 1226 1137 1279 solem
1178 1226 1317 1280 nudo
1342 1226 1516 1292 capite
1542 1226 1831 1295 excipiunt,
1874 1235 1928 1281 et

348 1313 746 1380 proculcantur,
771 1316 1172 1385 protruduntur,
1196 1332 1383 1385 magna
1406 1316 1455 1370 vi
1479 1317 1925 1386 comprimuntur,

347 1413 401 1457 ct
429 1403 625 1458 inﬁnita
649 1405 748 1459 alia
779 1405 1045 1475 patiuntur
1066 1407 1417 1470 incommoda,
1447 1423 1552 1462 non
1581 1424 1736 1464 secus
1763 1425 1921 1479 quam

349 1496 401 1546 in
434 1510 645 1550 amomo
689 1506 842 1564 prato
864 1496 1111 1553 deliciari
1147 1499 1244 1551 sibi
1294 1498 1557 1553 videntur.
1606 1498 1731 1554 Ideo
1776 1501 1927 1556 nobis

348 1586 591 1640 civitates
615 1597 879 1655 corruptae
908 1596 1030 1641 sunt
1052 1628 1067 1651 ,
1098 1589 1218 1656 quia
1263 1589 1490 1659 improbi
1516 1591 1808 1659 juventutis
1834 1593 1927 1647 do-

347 1689 546 1734 ctores.
579 1679 695 1745 Quo
719 1680 860 1735 enim
890 1688 1043 1749 pacto
1070 1682 1269 1750 poteris
1297 1682 1708 1749 adolescentem,
1735 1685 1930 1741 lascive

350 1787 413 1825 ac
440 1782 632 1840 przeter
654 1772 905 1827 decorum
938 1786 997 1827 se
1034 1781 1325 1843 gerentem,
1354 1772 1420 1826 ad
1446 1773 1762 1829 modestiam
1806 1783 1931 1838 red-

349 1864 527 1930 igere,
573 1878 693 1917 cum
735 1864 847 1933 ipse
884 1864 936 1918 in
958 1864 1149 1919 canitie
1178 1873 1284 1919 tam
1324 1864 1628 1933 juveniliter
1657 1874 1706 1921 te
1732 1881 1925 1937 geras;

348 1968 471 2007 cum
500 1954 611 2023 ipse
642 1964 762 2023 post
807 1962 885 2009 tot
916 1964 1213 2024 temporum
1255 1956 1517 2010 curricula
1563 1956 1808 2012 satietate
1844 1958 1927 2011 iu-

349 2044 646 2099 suavissimi
687 2044 828 2100 illius
866 2046 1151 2115 spectaculi
1194 2047 1430 2101 nondum
1478 2048 1748 2116 capiaris?
1792 2063 1927 2118 quo-

350 2138 510 2191 modo
555 2139 754 2207 poteris
786 2138 877 2193 filii
907 2153 1083 2194 mores
1111 2154 1453 2210 componere,
1501 2142 1769 2210 quomodo
1811 2158 1923 2196 ser-

348 2244 471 2282 vum
514 2237 820 2297 peccantem
864 2230 1142 2300 castigare,
1189 2231 1455 2300 quomodo
1497 2232 1721 2286 alterum
1766 2232 1930 2301 negli-

348 2329 559 2387 gentem
588 2335 843 2385 monere,
870 2335 989 2376 cum
1021 2322 1134 2391 ipse
1176 2322 1254 2376 sic
1294 2323 1344 2377 in
1377 2330 1613 2377 extrema
1653 2333 1928 2379 senectute

350 2411 620 2480 ineptias?
668 2411 733 2465 Et
758 2412 801 2465 si
832 2412 1046 2481 quidem
1077 2426 1105 2464 a
1128 2411 1324 2481 juvene
1350 2428 1513 2467 senex
1553 2415 1926 2469 contumeliam

350 2504 595 2571 patiatur,
629 2502 772 2557 illico
799 2509 1010 2557 aetatem
1037 2502 1084 2557 ei
1122 2503 1322 2573 objicit,
1351 2514 1404 2558 et
1429 2514 1710 2560 sexcentos
1732 2507 1931 2574 reperit

348 2595 438 2663 qui
465 2610 565 2646 una
592 2594 1029 2648 stomachentur:
1061 2603 1115 2649 at
1140 2595 1353 2664 quando
1396 2610 1529 2665 opus
1558 2605 1638 2651 est
1674 2597 1925 2667 juvenem

348 2686 417 2740 ad
442 2686 756 2754 probitatem
785 2686 1069 2752 reducere,
1100 2702 1262 2757 seque
1289 2688 1363 2741 illi
1391 2690 1599 2743 virtutis
1637 2705 1733 2745 ceu
1775 2705 1930 2761 regn-

349 2777 453 2831 lam
493 2777 747 2832 exhibere
772 2820 786 2841 ,
834 2786 942 2832 tum
990 2779 1127 2832 nulla
1169 2779 1339 2833 mtatis
1377 2781 1513 2834 ratio
1539 2822 1552 2845 ,
1593 2781 1685 2835 sed
1726 2783 1927 2850 majore

348 2885 505 2936 quam
532 2869 631 2938 ipsi
659 2869 861 2923 insania
885 2869 950 2923 ad
992 2870 1170 2924 illicita
1212 2870 1299 2924 illa
1328 2873 1625 2940 spectacula
1665 2872 1921 2927 feruntur.

350 2956 475 3015 Hinc
501 2969 676 3015 autem
704 2960 843 3024 dico,
874 2977 1139 3031 senesque
1165 2972 1343 3033 tango,
1375 2978 1478 3017 non
1514 2964 1654 3034 quod
1688 2956 1927 3035 juniores

346 3066 376 3103 a
418 3066 553 3105 noxa
593 3050 864 3105 absolvam
906 3062 959 3107 et
998 3053 1220 3108 crimine
1244 3093 1259 3114 ,
1302 3054 1397 3110 sed
1440 3063 1496 3109 ut
1536 3055 1634 3109 hos
1674 3071 1769 3125 per
1807 3057 1926 3113 illos

347 3140 702 3195 commonitos
744 3141 985 3196 habeam.
1026 3142 1157 3197 Nam
1199 3144 1244 3198 si
1284 3160 1439 3200 senes
1478 3147 1577 3200 hoc
1615 3147 1792 3203 facere
1819 3163 1924 3203 non

345 3232 563 3298 debent,
592 3232 759 3286 multo
793 3234 960 3303 magis
1001 3251 1068 3289 ne
1100 3226 1326 3303 juvenes
1365 3237 1601 3306 quidem.
1632 3239 1743 3294 lllic
1782 3240 1921 3294 enim

345 3321 516 3390 major
542 3323 741 3376 derisio
767 3338 830 3378 ac
867 3324 1176 3393 turpitudo;
1220 3327 1305 3381 hic
1339 3338 1513 3382 autem
1544 3338 1690 3384 tanto
1714 3332 1926 3400 gravior

346 3415 632 3484 pernicies,
659 3416 1076 3487 prol'undiusque
1107 3420 1475 3488 praecipitium,
1503 3432 1702 3491 quanto
1729 3439 1923 3479 concu-

344 3506 618 3575 piscentia:
650 3508 820 3575 major
845 3509 925 3562 vis
949 3509 1002 3562 in
1036 3509 1349 3578 juvenibus,
1383 3522 1685 3583 quantoque
1712 3514 1921 3570 ﬂamma

345 3599 485 3653 inest
510 3600 899 3667 vehementior,
928 3616 1046 3668 quae
1090 3602 1323 3657 incendit
1350 3606 1546 3671 omnia,
1578 3606 1621 3660 si
1652 3607 1734 3661 vel
1765 3608 1921 3662 mini-

346 3705 488 3743 mum
518 3690 586 3744 sit
618 3699 768 3745 nacta
796 3690 1055 3748 fomitem.
1098 3693 1395 3749 Proclivior
1433 3698 1573 3749 enim
1615 3697 1680 3752 ad
1719 3714 1918 3753 concu-

343 3781 630 3852 piscentias
656 3794 737 3839 est
767 3786 1038 3855 juventus,
1062 3788 1244 3856 eisque
1268 3789 1421 3859 longe
1452 3788 1656 3845 facilius
1678 3791 1915 3859 capitur;

342 3875 461 3929 ideo
486 3876 688 3946 majore
714 3892 849 3947 Opus
893 3878 1051 3934 habet
1088 3881 1346 3947 custodia,
1390 3883 1597 3938 acriore
1635 3882 1804 3949 freno,
1833 3894 1917 3938 tu-

342 3967 476 4021 tiore
503 3967 797 4024 munitione
823 3978 982 4039 atque
1008 3970 1305 4027 obstaculo.

408 4059 459 4112 2.
505 4059 869 4115 Detrimentum
912 4064 1050 4130 quod
1092 4080 1119 4118 ε
1160 4067 1456 4135 spectaculis
1500 4070 1660 4122 oritur
1705 4072 1918 4125 multum

338 4153 526 4206 excedit
569 4156 874 4225 voluptatem
927 4157 1044 4211 inde
1084 4168 1359 4230 acceptam.
1409 4162 1575 4228 Quam
1617 4165 1810 4218 diversa
1852 4168 1917 4219 sit

337 4245 538 4297 uirtutis
568 4256 613 4299 et
637 4246 743 4299 vitii
763 4247 1011 4316 voluptas.
1034 4280 1103 4289 —
1130 4250 1236 4305 Nec
1267 4252 1395 4307 mihi
1436 4253 1562 4308 illud
1600 4255 1840 4323 objicias,
1882 4274 1915 4311 0

334 4337 494 4402 bone,
532 4335 672 4407 quod
698 4339 1019 4408 voluptatem
1050 4340 1241 4397 habeat
1267 4342 1366 4398 hoc
1394 4347 1751 4413 spectaculum
1778 4366 1790 4413 ;
1821 4349 1913 4403 sed

338 4426 438 4480 lim:
480 4429 652 4494 potius
686 4428 839 4495 doce,
882 4447 947 4483 an
984 4431 1185 4485 nullum
1227 4433 1343 4487 haec
1378 4436 1621 4504 voluptas
1662 4437 1911 4492 damnum

331 4516 538 4571 afferat.
586 4517 737 4585 Quod
777 4521 919 4574 enim
961 4537 1027 4577 ne
1070 4537 1192 4577 cum
1230 4525 1499 4594 voluptate
1540 4527 1752 4595 quidem
1802 4529 1914 4585 huic

331 4621 419 4658 res
458 4609 737 4675 conjuncta
767 4610 854 4674 sit,
899 4610 1021 4666 hinc
1047 4613 1139 4667 tibi
1181 4616 1514 4684 perspicuum
1555 4633 1673 4673 esse
1714 4630 1908 4688 potest.

330 4700 463 4753 (lum
493 4716 521 4753 a
550 4700 877 4758 circensibus
917 4706 1198 4761 reverteris
1217 4750 1232 4773 ,
1260 4723 1477 4765 occurre
1507 4712 1584 4765 eis
1612 4712 1700 4780 qui
1726 4713 1793 4767 ab
1818 4730 1910 4767 cc-

330 4792 490 4845 clesia
518 4792 762 4859 redeunt,
797 4804 850 4848 et
886 4797 1161 4852 considera
1203 4800 1515 4869 diligenter,
1552 4815 1670 4857 Uter
1696 4803 1908 4857 tandem

331 4883 531 4952 majore
567 4885 836 4953 voluptate
876 4886 1213 4954 perfruatur:
1245 4892 1359 4945 isne
1384 4892 1472 4962 qui
1513 4893 1784 4963 prophetis
1815 4911 1910 4949 au-

327 4974 475 5041 ditis,
518 4984 571 5030 et
600 4977 971 5033 benedictione
995 5021 1011 5043 ,
1051 4995 1113 5034 ac
1151 4981 1405 5036 doctrina:
1433 4985 1605 5039 fructu
1634 4998 1904 5057 percepto,

326 5067 591 5136 simulque
617 5069 783 5123 Deum
814 5086 907 5138 pro
932 5072 1042 5125 suis
1064 5075 1295 5141 peccatis
1333 5075 1666 5143 deprecatus,
1705 5089 1755 5133 et
1779 5094 1909 5132 con-

325 5162 546 5215 scientia
577 5162 901 5231 aliquantum
931 5175 1221 5219 exonerata
1246 5206 1259 5229 ,
1307 5181 1407 5221 nec
1431 5168 1584 5238 culpa
1616 5170 1719 5223 ulla
1746 5170 1903 5224 simili

326 5252 427 5305 sibi
451 5254 696 5307 conscius
721 5269 733 5304 :
759 5271 824 5309 au
848 5264 904 5310 tu
925 5256 1014 5325 qui
1041 5266 1265 5311 matrem
1287 5257 1589 5325 deseruisti,
1616 5263 1903 5330 pr0phetas

324 5344 717 5412 contempsisti,
745 5345 910 5401 Deum
936 5346 1157 5402 aﬁ'ecisti
1183 5351 1525 5415 contumelia,
1548 5367 1667 5406 cum
1693 5354 1904 5409 diabolo

323 5434 551 5488 choreas
590 5434 821 5499 duxisti,
864 5438 1304 5493 maledicentibus
1347 5440 1484 5494 inter
1521 5457 1581 5497 se
1624 5459 1686 5498 ac
1723 5446 1904 5499 convi-

324 5524 586 5579 ciantibus
610 5540 767 5579 aures
794 5528 1087 5595 prt‘BbuiSli,
1111 5531 1368 5600 temporis
1391 5530 1620 5603 denique
1642 5534 1899 5603 jacturam

323 5616 535 5683 fecisti;
580 5634 676 5673 nec
721 5621 992 5688 spirituale
1038 5624 1119 5679 vel
1164 5624 1417 5680 smculare
1471 5627 1635 5684 ullum
1694 5630 1896 5686 lucrum

384 5798 414 5828 ι
439 5798 509 5847 sit;
530 5797 658 5848 Colb.
688 5812 840 5863 unus;
867 5800 1027 5853 Morel.
1056 5810 1234 5865 autem,
1260 5801 1444 5856 dit't'ttas
1468 5803 1753 5869 scripturas.

1592 371 1681 427 DE
1722 370 1904 425 ANNA
1946 367 2177 424 SERMO
2215 369 2303 424 IV.

3511 380 3615 433 66?.

2036 486 2159 542 inde
2208 487 2422 543 domum
2461 500 2722 560 reportes.
2778 494 2960 564 itaque
3001 496 3093 550 vel'
3122 494 3406 566 voluptatis
3446 502 3612 568 gratia

2035 577 2121 631 hic
2144 579 2331 634 adesse
2357 589 2589 649 oportet.
2623 581 2735 637 Illic
2774 586 2914 638 enim
2964 587 3215 640 continuo
3255 587 3493 657 sequitur
3523 591 3617 642 da-

2035 672 2234 725 mnatio
2256 671 2399 737 facti,
2430 674 2755 730 conscientia
2778 679 3097 743 accusatrix,
3131 681 3437 747 poenitentia
3459 681 3530 735 ob
3551 698 3612 737 ea

2036 781 2155 834 qua:
2179 767 2535 836 contigerunt,
2570 767 2801 823 dedecus
2822 778 2874 825 et
2899 771 3264 840 opprobrium,
3300 782 3358 828 ut
3378 774 3462 829 vix
3487 791 3615 831 ocu-

2037 862 2116 916 los
2141 864 2382 918 attollere
2424 865 2624 920 audeas
2652 884 2667 921 :
2709 866 2797 921 hic
2825 865 2940 922 vice
2966 882 3119 922 versa
3143 868 3319 923 omnia
3347 872 3615 924 contrario

2037 955 2195 1009 modo
2233 971 2292 1011 se
2325 956 2540 1021 habent,
2570 957 2758 1013 fiducia
2781 967 2835 1014 et
2861 960 2970 1015 oris
2999 960 3236 1027 libertas,
3276 971 3331 1017 et
3358 978 3478 1018 cum
3501 980 3616 1017 om-

2036 1044 2191 1101 nibus
2219 1048 2462 1118 loquendi
2505 1051 2725 1105 facultas
2764 1050 2833 1105 de
2869 1052 3115 1108 omnibus
3153 1069 3272 1124 qua:
3310 1054 3396 1109 hic
3436 1055 3614 1109 audita

2035 1148 2177 1193 sunt.
2208 1139 2430 1207 Quando
2462 1142 2620 1211 igitur
2644 1143 2695 1196 in
2724 1144 2894 1197 forum
2923 1153 2972 1199 te
3002 1145 3309 1209 contuleris,
3338 1154 3392 1200 et
3417 1145 3614 1201 videris

2035 1234 2222 1285 omnes
2244 1230 2308 1285 ad
2333 1232 2680 1301 Spectandum
2711 1248 3050 1300 concurrere,
3079 1244 3134 1289 tu
3158 1235 3224 1289 ad
3258 1235 3535 1292 ecclesiam
3563 1246 3619 1291 te

2035 1325 2316 1379 confestim
2353 1326 2596 1395 recipito,
2641 1336 2697 1382 et
2738 1328 2790 1381 in
2831 1342 2893 1383 ea
2934 1328 3201 1397 pauliSper
3232 1339 3612 1394 commoratus,

2037 1425 2289 1486 perpetua
2318 1417 2478 1473 divini
2503 1417 2645 1473 verbi
2673 1418 2943 1489 voluptate
2969 1416 3165 1473 fruere.
3196 1417 3250 1473 Si
3276 1418 3415 1473 enim
3444 1418 3616 1472 turba:

2037 1512 2236 1581 impetu
2286 1511 2586 1568 abstractus
2629 1513 2757 1567 illuc
2802 1513 3108 1582 perveneris
3152 1510 3301 1567 brevi
3349 1511 3616 1580 voluptate

2036 1605 2287 1660 deliuitus
2312 1647 2326 1670 ,
2371 1605 2511 1659 male
2542 1603 2761 1659 habebis
2804 1620 2899 1673 pcr
2944 1615 3105 1657 totam
3136 1611 3444 1672 sequentem
3470 1602 3613 1655 diem

2036 1706 2196 1767 atque
2223 1698 2383 1751 etiam
2410 1696 2589 1765 plures
2609 1696 2881 1766 deinceps,
2912 1705 3056 1750 tuum
3093 1697 3256 1765 ipsius
3292 1698 3485 1749 factum
3515 1694 3614 1747 da-

2039 1804 2266 1843 mnans:
2298 1787 2439 1857 quod
2464 1788 2508 1843 si
2540 1789 2807 1859 paulisper
2847 1796 2898 1841 te
2924 1786 3246 1851 cobibueris,
3277 1786 3533 1856 integram
3563 1795 3616 1839 et

2036 1897 2276 1938 securam
2328 1881 2382 1936 in
2430 1881 2689 1951 reliquum
2746 1879 2853 1935 diei
2900 1880 3222 1949 voluptatem
3272 1878 3509 1932 habebis.
3558 1877 3614 1931 Id

2036 1976 2178 2029 enim
2207 1988 2312 2028 non
2337 1972 2424 2027 hic
2467 1980 2692 2038 tantum,
2733 1971 2826 2028 sed
2865 1972 3025 2026 etiam
3068 1974 3118 2024 in
3160 1971 3277 2025 aliis
3317 1968 3476 2024 rebus
3516 1984 3615 2022 usu

2036 2067 2219 2121 venire
2258 2065 2436 2119 solet:
2467 2062 2650 2117 vitium
2688 2062 2831 2117 enim
2870 2070 3293 2116 momentaneam
3337 2059 3496 2113 habet
3522 2073 3616 2111 vo-

2038 2158 2329 2228 luptatem,
2371 2156 2613 2211 dolorem
2653 2170 2780 2210 vero
2823 2166 3175 2224 perpetuum;
3222 2157 3390 2207 virtus
3428 2161 3613 2206 contra

2036 2252 2271 2306 laborem
2302 2249 2540 2313 brevem,
2574 2247 2801 2302 fructum
2826 2261 2955 2301 vero
2995 2262 3112 2300 cum
3154 2245 3421 2298 hilaritate
3461 2242 3613 2297 inde«

2035 2345 2315 2399 sinentem.
2348 2343 2505 2397 Verbi
2536 2345 2740 2413 gratia,
2782 2350 3026 2411 precatus
3066 2352 3150 2396 est
3190 2340 3382 2409 aliquis
3424 2339 3613 2402 Deum,

2034 2439 2300 2509 lacrymas
2339 2436 2495 2501 fudit,
2527 2437 2736 2492 modico
2775 2444 3014 2505 tempore
3054 2436 3192 2488 inter
3230 2432 3486 2487 orandum
3514 2432 3614 2485 du-

2036 2529 2169 2595 luit;
2199 2530 2336 2584 alius
2358 2538 2465 2583 tota
2488 2528 2574 2583 die
2602 2544 2659 2583 se
2681 2528 2984 2590 oblectavit,
3009 2525 3199 2581 deinde
3219 2524 3611 2593 eleemosynam

2034 2621 2201 2687 dedit,
2229 2622 2507 2691 jejunavit,
2537 2620 2678 2674 aliud
2720 2620 2916 2692 aliquid
2955 2619 3078 2674 boni
3118 2617 3264 2683 fecit,
3304 2625 3396 2669 aut
3424 2625 3613 2668 contu-

2037 2715 2250 2770 meliam
2292 2729 2478 2784 passus
2517 2729 2623 2767 non
2662 2711 2885 2782 regessit
2923 2710 3161 2764 convicia
3202 2726 3214 2761 :
3250 2708 3294 2761 is
3334 2716 3613 2777 postquam

2037 2809 2194 2863 unico
2232 2808 2487 2877 temporis
2533 2814 2803 2861 momento
2842 2803 3150 2874 perduravit
3197 2810 3251 2857 et
3290 2801 3421 2854 iram
3462 2812 3612 2854 com-

2035 2899 2250 2967 pressit.
2292 2900 2549 2953 memoria
2586 2907 2734 2953 recte
2771 2896 3029 2952 factorum
3071 2893 3284 2948 assidue
3319 2891 3515 2961 gaudet
3552 2906 3614 2944 ac

2035 2993 2263 3045 laetatur.
2295 2992 2365 3045 At
2397 2993 2448 3045 in
2473 2990 2613 3044 vitiis
2648 2989 2972 3043 contrarium
2999 2985 3227 3041 accidit:
3252 2984 3428 3038 intulit
3463 2983 3612 3050 quisa

2035 3086 2176 3154 piam
2204 3084 2450 3153 injuriam
2486 3090 2578 3136 aut
2616 3080 2799 3136 retulit
2832 3098 2844 3133 :
2885 3078 3079 3135 deinde
3119 3077 3335 3133 domum
3364 3090 3613 3130 reversus

2032 3179 2236 3233 arrodit
2268 3192 2361 3232 cor
2382 3193 2561 3241 suum,
2585 3176 2710 3230 dum
2737 3174 2894 3230 verba
2934 3189 3029 3228 sua
3055 3179 3283 3241 reputat,
3311 3185 3429 3239 qua:
3455 3168 3612 3223 toties

2032 3289 2193 3343 grave
2233 3272 2459 3326 attulere
2497 3269 2769 3324 damnum.
2826 3267 3161 3335 Quapropter
3198 3264 3242 3318 si
3287 3262 3611 3332 voluptatem

2033 3365 2289 3430 sectaris,
2332 3363 2521 3435 Fugite
2561 3361 2810 3435 juveniles
2860 3358 3287 3428 concupiscentia:
3331 3357 3430 3427 (Ξ.
3476 3356 3607 3411 Tim.

2030 3460 2085 3512 2.
2128 3458 2234 3529 22)
2260 3501 2275 3524 ,
2316 3468 2371 3513 et
2414 3457 2818 3527 temperantiam
2865 3464 3113 3509 exercete
3138 3496 3152 3520 ,
3194 3452 3389 3507 divinis
3433 3451 3612 3506 verbis

2029 3560 2263 3606 attentus
2286 3560 2421 3606 esto.
2464 3549 2589 3604 Haec
2615 3549 2735 3603 ideo
2756 3548 2905 3602 vobis
2943 3547 3190 3609 dicimus,
3214 3555 3271 3599 ut
3294 3559 3388 3599 vos
3420 3543 3608 3598 cadent

2031 3644 2134 3697 illis
2170 3642 2419 3707 dicendo,
2460 3651 2516 3696 et
2555 3641 2747 3696 talibus
2785 3639 2960 3695 verbis
2998 3637 3358 3701 obtundendo,
3396 3636 3607 3690 abstra-

2030 3735 2167 3790 hatis
2201 3750 2294 3789 eos
2331 3734 2400 3788 ab
2436 3733 2581 3788 omni
2620 3733 2758 3787 mala
2796 3730 3197 3795 consuetudine,
3244 3741 3407 3798 utque
3431 3730 3606 3783 omnia

2029 3828 2252 3882 rationis
2292 3827 2467 3897 potius
2505 3826 2667 3879 ductu
2696 3834 2854 3894 agant
2893 3822 3276 3892 persuadeatis.
3319 3822 3604 3876 Hominum

2028 3925 2170 3975 enim
2215 3919 2303 3988 qui
2348 3929 2549 3972 temere
2587 3926 2641 3970 et
2682 3918 2799 3970 sine
2844 3917 3049 3969 ratione
3095 3913 3337 3967 feruntur
3377 3928 3444 3966 ne
3480 3912 3604 3966 dili-

2026 4016 2203 4085 gentia
2229 4013 2443 4085 quidem
2473 4010 2743 4081 probanda
2768 4017 2848 4064 est
2884 4027 2896 4062 :
2942 4007 2992 4063 id
3023 4008 3164 4078 quod
3193 4006 3275 4061 Vel
3302 4023 3368 4062 ex
3398 4023 3459 4062 ea
3486 4023 3606 4076 quae

2028 4113 2190 4165 instat
2233 4108 2454 4163 collecta
2499 4106 2627 4158 satis
2670 4103 2967 4173 apparebit.
3017 4102 3148 4156 Dum
3188 4101 3329 4156 enim
3366 4111 3603 4156 sanctam

2026 4208 2369 4263 Pentecostes
2408 4200 2768 4255 celebritatem
2823 4210 3079 4267 agemus,
3122 4204 3265 4249 tanta
3322 4208 3608 4251 concurret

2027 4299 2327 4363 multitudo,
2353 4307 2409 4352 ut
2429 4310 2617 4367 magna
2654 4294 2740 4348 hic
2778 4294 3013 4347 lucorum
3036 4292 3276 4362 angustia
3309 4290 3629 4345 laboretur.‘

2026 4393 2133 4447 Nec
2181 4400 2358 4446 tamen
2404 4388 2544 4442 hunc
2590 4394 2909 4441 conventum
2955 4382 3132 4453 magni
3177 4383 3334 4445 facio,
3366 4381 3606 4451 quando-

2023 4483 2241 4553 quidem
2287 4481 2455 4551 magis
2504 4495 2567 4535 ex
2612 4494 2763 4534 more
2810 4478 2904 4545 fit,
2934 4493 3095 4547 quam
3140 4477 3413 4546 religionis
3452 4492 3600 4545 ergo.

2026 4575 2163 4643 Quid
2194 4574 2354 4644 igitur
2383 4573 2489 4627 illis
2515 4572 2763 4627 miserius
2786 4611 2803 4636 ,
2833 4585 3059 4640 quorum
3088 4578 3143 4624 et
3168 4570 3487 4639 negligentia
3522 4578 3600 4623 tot

2022 4668 2218 4723 referta
2265 4673 2347 4721 est
2387 4665 2731 4729 criminibus,
2776 4672 2830 4718 et
2856 4662 3127 4733 diligentia
3160 4664 3358 4719 nullam
3389 4662 3599 4717 laudem

2020 4757 2397 4830 promeretur?
2442 4756 2692 4827 Quisquis
2738 4756 2878 4811 enim
2922 4755 3037 4808 zelo
3091 4753 3301 4821 pietatis
3345 4751 3413 4806 ad
3461 4753 3602 4806 hunc

2019 4863 2217 4908 emtum
2257 4846 2433 4905 sobrie
2466 4850 2760 4921 cupideque
2799 4849 3024 4915 accedit,
3056 4847 3172 4901 sine
3200 4845 3594 4900 intermissione

2020 4948 2122 5002 hoc
2153 4947 2326 5000 facere
2369 4946 2548 5011 debet,
2579 4954 2633 4999 et
2662 4960 2766 4998 non
2801 4959 2920 5000 cum
2950 4942 3075 5008 illis,
3108 4940 3197 5009 qui
3243 4941 3293 4994 in
3324 4938 3459 4993 festo
3490 4947 3600 4990 tau-

2020 5050 2129 5094 tum
2163 5038 2467 5105 confluunt,
2512 5038 2766 5093 accedere
2789 5078 2803 5099 ,
2833 5045 2887 5091 et
2922 5050 3041 5088 cum
3088 5032 3191 5086 illis
3218 5031 3467 5088 recedere
3490 5072 3505 5095 ,
3540 5038 3601 5085 ut

2015 5133 2104 5201 qui
2137 5143 2338 5186 temere
2370 5129 2588 5199 pecudis
2620 5129 2673 5182 in
2704 5142 2908 5182 morem
2940 5126 3251 5178 abducatur.

2087 5226 2142 5280 5.
2184 5223 2444 5293 Equidem
2480 5231 2715 5292 poteram
2747 5222 2845 5274 hoc
2873 5220 3148 5274 exordium
3189 5219 3451 5274 sermonis
3480 5218 3596 5273 diu—

2017 5318 2120 5371 tius
2159 5317 2485 5380 exleudere;
2526 5330 2708 5370 verum
2738 5314 2985 5383 quoniam
3024 5314 3135 5367 scio
3182 5328 3277 5366 vos
3316 5311 3445 5365 citra
3492 5327 3593 5365 no-

2014 5419 2176 5463 stram
2224 5410 2591 5471 munitionem,
2638 5416 2695 5461 ut
2738 5408 2886 5461 vobis
2933 5406 3147 5475 dignum
3195 5415 3271 5458 est
3317 5403 3588 5466 facientes,

2013 5504 2162 5571 plura
2190 5503 2352 5556 etiam
2380 5502 2616 5557 dicturos
2635 5541 2649 5564 ,
2683 5516 2839 5569 quam
2870 5500 3010 5554 dicta
3038 5509 3183 5566 sunt,
3228 5514 3296 5552 ne
3338 5498 3591 5552 molestus

2010 5594 2110 5647 sim
2138 5593 2343 5647 illorum
2365 5592 2815 5658 objurgationibus
2840 5591 3189 5654 immorando,
3214 5590 3413 5661 reliqua
3439 5589 3590 5645 vobis

2010 5688 2184 5740 otnnia
2204 5688 2568 5751 counnittens,
2586 5687 2652 5742 ad
2674 5684 2881 5739 solitam
2912 5684 3208 5738 doctrinam
3241 5694 3294 5738 et
3322 5684 3384 5737 ad
3417 5682 3584 5737 histo-

2014 5780 2144 5832 riam
2176 5780 2240 5833 de
2264 5781 2699 5832 Auna'revertor.
2728 5776 2911 5848 Neque
2939 5776 3385 5847 miremini,quud
3410 5775 3589 5833 adhuc
