4038 6360
449 365 552 415 (Tth

428 475 481 528 in
527 475 715 529 eodem
744 482 1057 543 argumento
1087 471 1402 527 litereamus.
1452 468 1567 523 Non
1610 468 1749 521 enim
1797 476 2012 534 possum

431 568 707 620 mulierem
743 567 875 618 banc
904 582 965 617 ex
999 564 1178 618 animo
1204 577 1325 615 meo
1369 561 1627 622 eximere,
1674 571 1841 626 usque
1881 554 2016 608 adeo

432 661 655 713 formam
680 658 870 712 animo:
897 657 1009 725 ejus
1036 671 1098 709 ac
1124 653 1569 725 pulchritudinem
1595 649 1849 704 admiror.
1878 649 2014 700 Amo

424 752 569 805 enim
600 749 784 803 oculos
831 764 1117 818 numquam
1151 762 1256 799 non
1303 745 1441 798 inter
1484 739 1804 811 precandum
1836 738 2010 808 lacry-

432 855 660 908 mantes,
686 851 745 905 et
772 857 832 894 os
858 842 1099 911 labiaque
1129 855 1231 893 non
1261 836 1529 892 accersitis
1560 835 1691 888 fucis
1722 830 2011 894 rubricata,
2040 884 2045 893 ,

429 936 521 988 sed
552 936 737 1004 gratiis
771 936 880 989 Deo
910 933 1131 1003 agendis
1159 944 1341 987 ornata
1364 974 1377 998 ,
1410 931 1582 1000 qualia
1613 939 1762 983 erant
1792 926 2013 996 hujusce

428 1026 671 1080 mulieris
704 1068 717 1091 ,
768 1026 919 1094 cujus
968 1024 1361 1094 philosophiam
1411 1032 1684 1089 tantopere
1730 1019 2009 1072 admiror:

426 1119 665 1172 admiror
692 1129 866 1171 autem
908 1118 1113 1186 magis,
1156 1115 1297 1185 quod
1330 1116 1518 1168 mulier
1561 1128 1678 1166 cum
1724 1119 1902 1174 esset,
1945 1108 2010 1161 ad

427 1212 569 1265 hunc
597 1211 813 1266 modum
846 1210 1216 1280 pbilosophata
1245 1218 1325 1263 est
1349 1227 1362 1270 ;
1397 1207 1607 1271 mulier,
1632 1207 1866 1275 inquam,
1895 1218 2013 1273 quae

426 1303 651 1355 multum
700 1311 753 1356 et
800 1318 827 1354 a
873 1302 1052 1356 multis
1096 1301 1232 1355 male
1272 1300 1438 1354 audit.
1471 1301 1510 1351 Α
1539 1298 1777 1362 muliere,
1821 1296 2009 1365 inquit,

426 1394 629 1447 initium
675 1394 898 1461 peccati,
933 1411 1021 1464 per
1061 1411 1172 1447 eam
1214 1410 1382 1447 omnes
1423 1394 1570 1445 morti
1601 1391 1801 1444 obnoxii
1839 1404 2014 1442 sumus

434 1486 617 1555 (Eccli.
645 1487 735 1542 9.5.
763 1488 853 1557 33)
885 1506 896 1541 :
926 1498 975 1541 et
1008 1489 1194 1542 iterum
1221 1506 1233 1540 :
1261 1486 1429 1540 Parva
1451 1496 1522 1539 est
1546 1485 1773 1555 qualibet
1798 1484 2009 1545 malitia,

428 1579 472 1629 si
501 1577 568 1629 ad
598 1578 819 1631 mulieris
847 1577 1091 1631 malitiam
1132 1582 1421 1648 conferatur
1461 1575 1635 1648 (Ibid.
1667 1593 1713 1629 υ.
1770 1573 1839 1628 26
1862 1574 1904 1643 ).
1948 1572 2014 1626 Et

430 1670 624 1724 Paulus
651 1670 798 1734 dicit,
830 1672 993 1723 Adam
1022 1671 1154 1725 enim
1182 1688 1282 1724 non
1309 1682 1379 1724 est
1407 1671 1662 1739 deceptus,
1706 1669 1885 1722 mulier
1913 1684 2010 1719 au-

432 1770 530 1814 tem
557 1761 765 1827 decepta
804 1763 1073 1814 constituta
1113 1769 1185 1814 est
1223 1762 1274 1814 in
1320 1760 1731 1829 praevaricatione
1758 1758 1849 1830 (1.
1878 1758 2008 1811 Tim.

428 1851 483 1905 2.
514 1854 627 1922 14).
660 1852 769 1907 Hoc
788 1861 871 1907 est
891 1868 986 1906 cur
1011 1852 1154 1906 illam
1180 1852 1410 1907 maxime
1431 1852 1682 1915 admirer,
1709 1849 1847 1919 quod
1876 1849 2013 1903 lianc

432 1941 859 1997 criminationem
888 1943 1134 2007 diluerit,
1166 1943 1306 2013 quod
1338 1944 1473 1997 hanc
1498 1943 1891 1997 accusationem
1923 1956 2011 1994 re-

427 2032 640 2101 jecerit,
670 2034 811 2105 quod
842 2050 959 2089 cum
1001 2046 1145 2089 esset
1174 2052 1239 2090 ex
1269 2036 1515 2091 incusato
1547 2050 1698 2099 sexu,
1730 2033 2011 2102 opprobria

431 2126 527 2177 ista
556 2127 734 2179 omnia
772 2125 1105 2193 discusserit,
1137 2142 1305 2197 reque
1326 2126 1440 2195 ipsa
1469 2125 1730 2187 docuerit,
1764 2125 1879 2178 illas
1907 2139 2012 2178 non

430 2215 563 2269 tales
589 2226 773 2269 natura
802 2216 985 2283 fuisse,
1010 2218 1103 2272 sed
1127 2218 1395 2271 voluntate
1421 2217 1736 2285 propriaque
1764 2216 2008 2286 segnitie,

430 2315 485 2357 et
516 2304 637 2360 huic
665 2322 876 2377 quoque
905 2309 1055 2361 sexui
1086 2306 1151 2361 ad
1175 2307 1383 2361 virtutis
1411 2307 1673 2376 fastigium
1703 2306 1863 2359 licere
1894 2320 2011 2374 per-

431 2399 655 2467 tingere.
691 2399 1093 2455 Contentiosum
1139 2400 1281 2453 enim
1313 2408 1394 2453 est
1438 2398 1539 2452 hoc
1577 2398 1772 2451 animal
1802 2407 1854 2451 et
1885 2412 2010 2467 pro-

433 2498 635 2541 tervum
655 2529 671 2553 ,
701 2501 753 2542 et
782 2490 824 2542 si
856 2490 921 2543 ad
950 2488 1204 2543 malitiam
1236 2488 1497 2551 declinet,
1532 2502 1721 2557 magna
1752 2488 1885 2541 mala
1921 2504 2014 2557 pa-

430 2588 576 2645 trat;
622 2582 663 2633 si
693 2581 759 2635 ad
792 2582 1039 2635 virtutem
1084 2597 1143 2636 se
1186 2582 1449 2651 applicet,
1481 2581 1655 2635 anima
1698 2582 1852 2635 citius
1894 2596 2012 2635 eam

429 2670 717 2737 destituat,
750 2688 909 2741 quam
944 2672 1271 2741 propositum
1298 2680 1484 2725 mutet.

498 2759 788 2832 Exponitur
824 2763 985 2817 Anna:
1025 2764 1390 2817 oratio.—lta
1431 2765 1589 2833 igitur
1639 2766 1753 2818 haec
1797 2779 2009 2835 quoque

428 2858 670 2904 naturam
712 2868 863 2906 suam
905 2854 1193 2922 superavit,
1239 2854 1607 2908 necessitatem
1658 2856 1916 2925 pervicit,
1958 2863 2013 2910 et

426 2942 738 2998 aSsiduitate
779 2944 1027 3013 precandi
1072 2947 1241 3000 vulva:
1272 2948 1437 3001 sterili
1484 2948 1647 3002 lilium
1685 2950 2005 3018 impetravit.

426 3037 764 3103 Quapropter
800 3051 1010 3097 rursum
1056 3037 1122 3090 ad
1166 3053 1351 3105 preces
1394 3038 1668 3107 confugit,
1700 3041 1859 3094 etiam
1892 3046 2013 3110 post

430 3126 771 3196 impetratam
800 3131 1023 3198 gratiam
1055 3131 1119 3185 ad
1158 3131 1297 3185 bnnc
1340 3132 1551 3185 modum
1584 3133 1808 3201 loquens
1835 3151 1847 3185 :
1871 3132 2009 3189 Con-

429 3219 687 3283 ﬁrmalum
711 3230 783 3272 est
808 3237 895 3274 cor
922 3239 1085 3274 meum
1115 3224 1164 3274 in
1192 3221 1429 3289 Domino,
1452 3225 1726 3277 exaltatum
1753 3234 1826 3280 est
1854 3242 2011 3279 cornu

428 3326 593 3361 meum
622 3310 675 3361 in
708 3311 814 3363 Deo
841 3329 967 3365 meo.
1014 3313 1153 3379 Quid
1190 3314 1485 3383 significent
1512 3315 1626 3370 hmc
1655 3317 1814 3371 verba
1834 3359 1847 3380 ,
1874 3318 2010 3371 Con—

431 3403 689 3468 ﬁrmamm
736 3411 806 3454 est
847 3420 933 3454 cor
970 3419 1132 3455 meum
1172 3405 1223 3456 in
1259 3404 1497 3468 Domino,
1540 3423 1710 3477 'iuper
1747 3424 1834 3463 me
1872 3409 2011 3479 apud

430 3493 706 3545 caritatem
732 3504 957 3546 vestram
982 3494 1295 3550 disseruisse
1323 3498 1467 3550 scitis
1489 3497 1587 3567 (a):
1607 3511 1848 3569 superest
1873 3516 2014 3556 nunc

434 3591 491 3634 ut
517 3597 577 3634 ea
606 3598 722 3650 (le1!)
760 3583 1012 3652 deinceps
1047 3598 1372 3655 sequuntur,
1419 3590 1847 3659 interpretemur.
1878 3594 2013 3649 Cum

431 3671 571 3726 enim
601 3672 824 3727 dixisset
851 3714 867 3726 .
892 3674 1254 3744 Conﬁrmatum
1284 3690 1354 3732 est
1384 3696 1468 3733 cor
1493 3698 1654 3734 meum
1680 3684 1731 3736 in
1756 3682 1976 3737 Domino
1994 3725 2010 3751 ,

432 3781 555 3818 mox
587 3765 857 3834 subjunxit
881 3785 892 3819 :
917 3766 1211 3823 Exaltatum
1232 3780 1303 3823 est
1328 3788 1481 3823 cornu
1503 3789 1665 3825 meum
1685 3774 1736 3826 in
1757 3772 1860 3827 Deo
1903 3790 2016 3829 meo

437 3856 511 3924 (1.
556 3856 683 3927 Reg.
714 3857 768 3910 ἓ.
804 3860 874 3927 1).
905 3859 1037 3927 Quid
1068 3871 1170 3925 est,
1202 3861 1369 3915 Cornu
1399 3864 1601 3917 meum?
1629 3865 1836 3919 Etenim
1865 3866 2013 3922 Scri-

434 3956 585 4015 ptura
617 3948 717 4001 bac
746 3948 979 4003 dictione
1005 3966 1145 4019 saepe
1173 3962 1244 4004 uti
1274 3954 1443 4017 solet;
1478 3954 1612 4008 sicut
1634 3957 1844 4025 quando
1865 3957 2011 4025 dicit,

439 4036 731 4091 Exaltatum
761 4049 834 4093 est
858 4056 1015 4093 cornu
1035 4042 1327 4112 ejus(l’sal.
1349 4044 1433 4097 74.
1466 4046 1574 4114 1f),
1602 4057 1651 4099 et
1680 4065 1690 4099 :
1720 4048 2013 4102 Exultatum

437 4139 510 4183 est
539 4146 696 4183 cornu
722 4132 899 4184 chriin
929 4134 1037 4201 ejus
1069 4133 1142 4202 (1.
1175 4134 1297 4206 Reg.
1327 4136 1381 4188 2.
1417 4137 1521 4203 10).
1552 4139 1686 4205 Quid
1714 4141 1872 4208 igitur
1900 4153 2017 4196 tan-

435 4226 555 4279 dem
584 4242 750 4278 cornu
782 4228 1056 4281 nominat?
1081 4228 1399 4294 Potentiam,
1423 4232 1663 4300 gloriam,
1695 4232 2012 4299 claritatem,

436 4334 463 4365 a
518 4316 684 4368 brutis
729 4318 1086 4372 animantibus
1126 4318 1263 4374 hanc
1302 4320 1663 4391 metaphoram
1708 4333 2012 4381 mutuatus:

438 4420 560 4458 nam
587 4406 727 4460 Dens
757 4410 1052 4463 ornamenti
1084 4425 1145 4465 ac
1172 4412 1261 4465 teli
1293 4413 1407 4467 vice
1430 4428 1627 4468 cornua
1658 4416 1761 4469 illis
1790 4416 2014 4483 addidit,

437 4498 629 4564 quibus
672 4501 880 4553 amissis
914 4502 1234 4571 pra'cipuam
1269 4505 1455 4576 virium
1496 4516 1701 4575 partem
1728 4509 2012 4563 amittunt:

438 4598 493 4642 et
523 4590 660 4643 sicut
690 4591 908 4645 inermis
936 4594 1089 4648 miles
1109 4636 1122 4658 ,
1156 4596 1225 4649 ita
1254 4606 1306 4651 et
1340 4606 1519 4651 taurus
1547 4599 1745 4670 absque
1768 4604 2017 4658 cornibus

442 4680 692 4749 perfacile
717 4683 941 4752 capitur.
977 4683 1117 4739 Nihil
1146 4686 1303 4755 igitur
1330 4688 1472 4742 aliud
1497 4689 1625 4743 dicit
1654 4690 1768 4745 haec
1796 4694 2016 4759 mulier,

439 4789 617 4841 quam,
649 4774 884 4828 Exaltata
909 4785 989 4830 est
1007 4776 1174 4845 gloria
1206 4794 1339 4833 mea.
1366 4778 1432 4832 Et
1457 4782 1723 4849 quomodo
1748 4783 2021 4837 exaltata?

446 4863 509 4918 In
540 4864 650 4920 Deo
678 4882 819 4931 meo,
864 4867 1053 4937 inquit.
1087 4869 1209 4923 Ideo
1254 4871 1303 4924 in
1335 4879 1445 4925 tuto
1471 4882 1552 4925 est
1584 4873 1695 4927 haec
1725 4874 2018 4940 celsitudo,

442 4966 500 5011 ut
525 4973 642 5028 quce
692 4958 898 5012 firmam
943 4970 1100 5030 atque
1149 4962 1476 5017 immobilem
1523 4964 1757 5020 radicem
1807 4966 2019 5021 habeat.

441 5048 621 5104 Gloria
665 5050 805 5104 enim
849 5066 966 5120 quae
1012 5061 1096 5107 est
1137 5053 1205 5107 ab
1248 5053 1569 5119 hominibus,
1617 5057 2023 5127 glorificantium

444 5141 697 5194 vilitatem
731 5143 964 5197 imitatur
987 5185 1000 5206 ,
1048 5145 1188 5199 unde
1220 5145 1277 5199 ﬁt
1306 5156 1363 5199 ut
1394 5148 1545 5202 facile
1572 5151 1937 5214 subvertatur;
1970 5163 2025 5207 at

445 5250 550 5286 non
574 5235 651 5286 sic
674 5233 765 5288 Dei
787 5234 973 5303 gloria,
990 5236 1083 5289 sed
1107 5237 1392 5292 immobilis
1415 5251 1593 5293 manet
1615 5242 1663 5294 in
1687 5254 2021 5311 perpetuum.

444 5330 619 5394 Atque
650 5325 764 5379 haec
795 5335 1017 5395 utraque
1063 5330 1322 5397 propheta
1368 5330 1682 5397 declarans,
1733 5343 1838 5387 tam
1887 5335 2027 5391 illius

447 5418 802 5482 debilitatem,
851 5434 1009 5487 quam
1057 5420 1212 5489 hnjus
1260 5420 1585 5486 firmitatem,
1633 5423 1709 5477 sic
1758 5424 2023 5494 loquitur:

450 5508 629 5562 (Inanis
652 5526 771 5561 caro
799 5511 986 5578 fanum
1010 5550 1024 5573 ,
1066 5522 1111 5563 et
1141 5513 1302 5565 omnis
1328 5512 1492 5582 gloria
1523 5514 1736 5567 hominis
1771 5524 2025 5581 tamquam

447 5599 543 5666 ﬂos
571 5598 709 5665 fani.
739 5596 951 5651 Exm'uit
980 5603 1185 5669 (teriam,
1221 5611 1264 5652 et
1289 5601 1385 5668 flos
1414 5603 1525 5670 ejus
1548 5602 1729 5655 decidit
1760 5603 1908 5673 (Isai.
1931 5606 2023 5660 40.

512 5731 873 5800 (ro-Sermonis
919 5735 966 5782 in
1004 5746 1100 5796 quo
1139 5733 1239 5783 bzec
1285 5734 1666 5798 cxplicabantur,
1708 5736 1789 5799 qui
1833 5748 2029 5800 quartus

454 5803 573 5853 trait,
600 5794 853 5844 intercidit.

1172 358 1227 413 S.
1268 354 1541 411 JOANNIS
1569 344 2039 408 CIIRYSOSTOMI
2078 345 2394 402 ARClllEP.
2435 350 2964 406 CONSTANTINOP.

3600 357 3703 411 651

2124 459 2280 531 6.7).
2316 462 2389 518 De
2436 463 2528 517 Dei
2575 474 2753 520 autem
2796 466 2960 535 gloria
3005 480 3114 519 non
3165 466 3261 532 sic,
3303 476 3359 521 at
3391 469 3702 537 quomodo?

2132 551 2344 607 Verbum
2362 565 2525 609 autem
2547 554 2643 609 Dei
2666 558 2718 610 in
2738 566 2977 611 wternum
3005 567 3169 610 manet
3187 555 3341 630 (Isai.
3386 560 3477 615 40.
3512 562 3590 630 8).
3648 561 3702 615 ld

2119 647 2259 716 quod
2278 648 2359 703 vel
2389 649 2439 702 in
2464 649 2562 703 hac
2583 650 2805 705 muliere
2835 660 2999 721 patet.
3031 650 3203 721 [teges
3223 652 3365 706 enim
3386 662 3436 706 et
3458 652 3620 707 duces
3649 664 3703 708 et

2119 739 2379 811 dynastm,
2402 742 2491 810 qui
2521 741 2653 796 nihil
2679 757 2781 796 non
2811 752 3100 809 tentarunt,
3127 753 3183 798 ut
3206 746 3555 799 immortalem
3581 757 3704 813 post

2118 845 2177 885 se
2208 832 2572 899 relinquerent
2618 834 2930 887 memoriam
2956 876 2971 902 ,
3015 835 3260 905 sepulcra
3290 836 3390 889 sibi
3422 837 3699 905 splendida

2118 922 2621 989 exaédiﬁcaverunt,
2678 935 2732 979 et
2782 934 2983 979 statuas
3038 936 3197 995 atque
3248 925 3450 995 efﬁgies
3506 930 3700 982 multas

2120 1016 2301 1069 multis
2328 1016 2380 1069 in
2411 1017 2542 1070 locis
2574 1029 2884 1086 posuerunt,
2918 1026 2971 1073 et
3001 1035 3177 1074 rerum
3206 1030 3474 1089 gestarum
3507 1036 3699 1075 monu-

2119 1114 2299 1159 menta
2347 1107 2624 1160 innumera
2672 1108 3040 1175 reliquerunt,
3090 1125 3230 1163 nunc
3279 1118 3519 1163 tacentur
3548 1122 3702 1166 etne

2118 1198 2333 1252 nomine
2358 1198 2569 1267 quidem
2602 1200 2711 1254 noti
2755 1210 2879 1254 sunt
2903 1218 2916 1254 ι
2942 1201 3056 1255 lucc
3083 1214 3257 1256 autem
3287 1206 3475 1258 mulier
3506 1206 3703 1275 ubique

2116 1292 2350 1359 gentium
2378 1308 2515 1345 nunc
2540 1293 2866 1358 celebratur;
2897 1306 2949 1349 et
2979 1296 3089 1349 sive
3138 1298 3189 1350 in
3234 1295 3502 1367 Scythiam
3538 1299 3701 1366 profi-

2117 1384 2337 1439 ciscaris
2361 1426 2373 1447 ,
2406 1387 2519 1439 sive
2548 1386 2599 1439 in
2631 1385 2918 1457 Egyptuin
2945 1430 2960 1454 ,
3009 1390 3121 1443 sive
3151 1390 3203 1443 in
3233 1389 3453 1455 Indiam,
3486 1391 3601 1445 sive
3631 1391 3700 1444 ad

2119 1474 2263 1543 ipsos
2290 1474 2435 1527 orbis
2462 1474 2738 1537 terminos,
2757 1491 2944 1530 omnes
2972 1477 3155 1530 audies
3181 1488 3324 1546 gesta
3353 1479 3466 1547 ejus
3496 1480 3698 1533 decan—

2118 1576 2289 1620 tantes
2315 1585 2328 1620 :
2351 1567 2580 1635 denique
2606 1579 2862 1638 quantum
2891 1579 3148 1623 terrarum
3177 1586 3207 1624 a
3234 1572 3347 1625 sole
3376 1573 3695 1637 illustratu",

2118 1667 2286 1710 totum
2337 1658 2437 1711 lioc
2483 1660 2635 1712 Anna
2665 1674 2757 1713 sua
2788 1660 2951 1730 gloria
2982 1672 3225 1730 occupat.
3257 1663 3363 1716 Nec
3393 1663 3492 1716 hoc
3522 1665 3696 1717 solum

2117 1750 2467 1805 admiratione
2493 1750 2711 1821 dignum
2738 1762 2854 1817 est,
2894 1754 3033 1823 quod
3067 1755 3262 1823 ubique
3293 1766 3552 1809 terrarum
3582 1757 3698 1811 bare

2119 1841 2314 1894 mulier
2340 1842 2580 1906 canitur;
2630 1842 2723 1897 sed
2768 1844 2909 1913 quod
2944 1844 3252 1912 sapientiam
3282 1846 3395 1915 ejus
3421 1861 3481 1900 ac
3514 1847 3700 1915 longa-

2118 1931 2411 1984 nimitatem
2445 1940 2497 1985 et
2525 1932 2856 1986 tolerantiam
2888 1948 3075 1988 omnes
3106 1945 3300 1989 norunt
3322 1979 3335 1996 ,
3367 1936 3418 1989 in
3445 1938 3651 2005 oppidis
3676 1977 3693 2001 ,

2117 2022 2169 2075 in
2194 2024 2361 2092 agris,
2392 2023 2441 2075 in
2470 2024 2737 2090 domibus,
2767 2024 2818 2079 in
2847 2028 3057 2091 castris,
3086 2026 3137 2081 in
3170 2028 3410 2091 navibus,
3441 2030 3491 2082 in
3518 2029 3695 2083 ofﬁci-

2117 2114 2219 2175 nis,
2249 2112 2477 2182 denique
2521 2129 2777 2184 nusquam
2824 2132 2930 2170 non
2961 2117 3146 2173 laudes
3172 2119 3287 2187 ejus
3316 2119 3512 2175 audies.
3544 2121 3694 2187 Quo-

2118 2204 2214 2258 ties
2253 2207 2394 2259 enim
2440 2207 2641 2260 clarum
2690 2207 2918 2277 aliquem
2968 2210 3193 2266 reddere
3240 2211 3351 2266 Dco
3399 2214 3694 2282 placuerit,

2116 2297 2325 2351 etiamsi
2372 2314 2515 2351 mors
2566 2300 2902 2365 interveniat,
2926 2310 3016 2355 aut
3063 2302 3333 2372 longitudo
3371 2314 3693 2370 temporum,

2116 2401 2205 2444 aut
2231 2390 2439 2461 quidvis
2465 2391 2606 2445 aliud
2632 2432 2647 2456 ,
2678 2401 2855 2447 manet
2882 2402 3053 2447 tamen
3083 2394 3247 2463 gloria
3275 2395 3413 2450 illius
3438 2406 3697 2465 perpetuo

2116 2482 2314 2537 florens
2339 2524 2352 2544 ,
2400 2492 2453 2538 et
2500 2484 2792 2539 claritatem
2821 2484 2937 2554 ejus
2977 2486 3262 2541 obscurare
3293 2489 3483 2555 poterit
3513 2504 3692 2542 nemo.

2117 2574 2262 2628 Hanc
2289 2576 2356 2629 ob
2380 2592 2491 2629 rem
2521 2584 2574 2629 et
2604 2577 2714 2644 ipsa
2742 2577 2993 2631 erudiens
3019 2578 3308 2644 auditores,
3333 2580 3468 2647 quod
3494 2594 3599 2633 non
3627 2581 3695 2634 sit

2115 2668 2523 2739 confugiendum
2564 2670 2630 2723 ad
2659 2668 2772 2724 htec
2810 2668 2946 2723 ﬂuxa
2969 2711 2983 2735 ,
3030 2671 3122 2725 sed
3150 2672 3214 2725 ad
3242 2688 3363 2726 eum
3390 2688 3416 2722 a
3447 2688 3552 2741 quo
3576 2688 3690 2727 coro

2118 2762 2319 2815 tissima
2353 2761 2488 2815 bona
2516 2776 2825 2830 speramus,
2856 2770 3128 2817 auctorem
3159 2763 3316 2831 liujus
3346 2764 3529 2833 gloriae
3559 2763 3697 2816 indi-

2116 2861 2223 2907 cat.
2253 2851 2385 2907 Clm
2425 2853 2566 2907 enim
2598 2852 2847 2916 dixisset,
2882 2852 3243 2921 Con/innatum
3278 2865 3350 2907 est
3402 2870 3487 2906 cor
3530 2870 3695 2905 meum

2114 2945 2167 2997 in
2195 2942 2414 2997 Domino
2433 2984 2447 3008 ,
2480 2942 2786 3012 subjunxit,
2822 2942 3112 2997 Exaltatum
3141 2954 3209 2997 est
3235 2960 3391 2997 cornu
3432 2960 3598 2996 nteant
3636 2949 3693 3000 in

2116 3035 2226 3090 Deo
2254 3037 2634 3106 meo:dnplicia
2668 3036 2821 3090 nobis
2852 3036 2934 3090 his
2962 3036 3135 3091 verbis
3165 3035 3507 3090 subindicans
3534 3035 3693 3099 bona,

2116 3148 2233 3200 qua:
2261 3147 2363 3184 non
2397 3142 2597 3185 temere
2625 3129 2781 3183 simul
2815 3130 2905 3183 uni
2933 3130 3264 3198 contingunt.
3295 3128 3424 3182 Nam
3452 3136 3507 3182 et
3532 3143 3559 3180 a
3593 3126 3694 3180 fin-

2118 3222 2369 3285 minibus,
2403 3222 2607 3292 inquit,
2639 3221 2860 3276 liberata
2890 3237 3029 3286 sum,
3065 3220 3404 3289 ignominiam
3436 3219 3657 3287 deposui
3678 3260 3693 3284 ,

2117 3316 2459 3369 securitatem
2513 3323 2669 3383 atque
2716 3313 2973 3366 honorem
3021 3322 3344 3380 consequuta
3390 3326 3526 3363 sum.
3570 3309 3700 3364 Hmc

2116 3416 2292 3460 autem
2319 3415 2543 3475 utraque
2565 3420 2669 3458 non
2699 3404 2849 3457 facile
2872 3403 3108 3457 invenias
3126 3403 3176 3455 in
3200 3418 3363 3455 unum
3384 3400 3696 3455 convenire.

2080 3532 2081 3535 η
2116 3496 2264 3551 Multi
2296 3497 2436 3551 enim
2468 3512 2495 3549 a
2525 3495 2777 3564 periculis
2821 3494 3137 3559 liberantur,
3185 3493 3468 3561 gloriosam
3519 3502 3697 3544 tamen

2118 3589 2278 3641 vitam
2310 3602 2413 3641 non
2461 3588 2655 3640 habent
2685 3603 2697 3638 :
2725 3585 2813 3638 alii
2861 3596 3044 3638 contra
3072 3584 3236 3653 gloria
3264 3582 3476 3652 quidem
3504 3593 3555 3635 et
3584 3582 3698 3635 cla-

2118 3679 2274 3731 ritate
2303 3677 2568 3735 fruuntur,
2604 3678 2848 3745 periculis
2876 3686 3051 3730 tamen
3078 3675 3147 3728 ob
3178 3679 3312 3728 lianc
3340 3674 3560 3743 gloriam
3590 3688 3696 3725 non

2117 3782 2320 3824 carent.
2350 3770 2506 3825 Verbi
2534 3770 2723 3839 gratia,
2749 3769 2897 3822 multi
2921 3784 3062 3838 saepe
3080 3769 3128 3821 in
3150 3781 3421 3821 carcerem
3442 3766 3698 3833 conjecti,

2118 3862 2337 3916 adulteri
2361 3903 2375 3925 ,
2405 3862 2621 3915 venefici
2642 3905 2656 3927 ,
2686 3862 3046 3930 sepulcrorum
3076 3859 3403 3929 perfossores
3422 3899 3435 3923 ,
3470 3858 3701 3927 aliisque

2120 3954 2380 4008 similibus
2415 3954 2723 4007 criminibus
2764 3953 3013 4019 obnoxii,
3052 3952 3243 4007 deinde
3286 3951 3505 4020 jubente
3549 3950 3698 4017 regia

2119 4045 2397 4098 clementia
2426 4045 2627 4098 dimissi
2660 4054 2781 4099 sunt
2811 4044 2933 4099 inde
2957 4062 2969 4097 :
2997 4044 3048 4098 lii
3075 4060 3103 4098 a
3132 4060 3287 4115 ptena
3316 4043 3527 4113 quidem
3560 4042 3697 4095 lib:h

2120 4138 2216 4188 rati
2244 4149 2362 4189 sunt
2386 4178 2399 4199 ,
2431 4148 2681 4190 caztermn
2728 4137 2919 4205 probra
2958 4153 3049 4189 sua
3090 4153 3193 4190 non
3225 4137 3606 4201 abnlevernnt,
3645 4144 3703 4188 et

2119 4226 2351 4281 dedecus
2374 4242 2468 4281 eos
2495 4243 2778 4295 numquam
2807 4244 2915 4282 non
2944 4229 3306 4297 consequitur.
3338 4228 3439 4281 Alii
3472 4227 3568 4279 viri
3600 4227 3703 4278 mi-

2121 4319 2302 4372 litares
2351 4335 2414 4373 ac
2467 4320 2751 4388 generosi,
2808 4320 3147 4389 conspicuam
3200 4328 3357 4388 atque
3410 4317 3701 4387 gloriosam

2118 4410 2329 4464 vivendi
2356 4411 2615 4465 rationem
2642 4411 2890 4479 amplexi,
2910 4411 3112 4467 bellicis
3140 4409 3387 4480 periculis
3416 4422 3533 4461 sese
3558 4406 3702 4477 obji—

2120 4503 2352 4567 cientes,
2396 4503 2554 4555 multa
2600 4517 2741 4570 smpe
2770 4502 2985 4555 vulnera
3016 4501 3317 4569 accipiunt,
3348 4508 3403 4553 et
3430 4508 3705 4569 postremo

2124 4594 2401 4645 immatura
2455 4604 2624 4647 morte
2667 4592 3233 4661 absumunturzatque
3264 4590 3315 4643 bi
3362 4604 3469 4659 prae
3513 4589 3700 4658 glorise

2122 4700 2304 4738 amore
2331 4686 2614 4740 securitate
2644 4700 2701 4739 se
2732 4685 2828 4754 ipsi
2863 4686 3153 4753 privarunt.

2193 4780 2247 4834 4.
2278 4778 2414 4832 lluic
2441 4794 2567 4831 vero
2612 4778 2815 4831 mulieri
2863 4776 2977 4829 haec
3006 4786 3227 4844 utraque
3255 4773 3613 4842 contigerunt,
3648 4777 3708 4824 ut

2124 4885 2241 4939 qua:
2266 4878 2321 4923 et
2348 4868 2630 4923 securitate
2666 4867 2819 4921 simul
2867 4878 2921 4921 et
2948 4868 3114 4936 gloria
3148 4868 3308 4934 potita
3338 4875 3437 4918 est.
3471 4864 3613 4917 Idem
3654 4871 3709 4915 ct

2128 4960 2295 5014 tribus
2327 4960 2428 5013 illis
2452 4960 2627 5029 pueris
2654 4974 2727 5011 act
2750 4959 2841 5011 idit
2866 4957 3024 5027 (Dan.
3058 4959 3114 5025 3)
3147 4979 3159 5011 :
3188 4971 3309 5010 nam
3336 4965 3390 5009 et
3412 4954 3705 5022 periculum

2127 5064 2410 5108 evaserunt
2438 5071 2469 5107 e
2493 5068 2619 5123 rogo
2648 5052 2874 5117 liberati,
2906 5062 2958 5106 et
2987 5051 3216 5105 illustres
3244 5057 3366 5102 sunt
3393 5049 3537 5111 facti,
3566 5047 3707 5117 quod

2127 5146 2513 5216 snpernaturali
2537 5144 2693 5197 modo
2722 5144 2876 5212 bnjus
2903 5143 3149 5199 elementi
3182 5141 3468 5209 potentiam
3491 5154 3712 5209 Supera-

2128 5243 2347 5293 visseiit.
2370 5239 2449 5293 Ad
2472 5238 2610 5293 hunc
2627 5253 2756 5292 sane
2782 5240 2993 5292 modum
3014 5238 3102 5291 Dei
3124 5236 3375 5291 beneﬁcia
3398 5252 3453 5289 se
3478 5235 3701 5288 habent:

2131 5332 2287 5385 simul
2318 5332 2456 5385 enim
2486 5341 2538 5384 et
2561 5340 2722 5383 tutam
2749 5341 2800 5385 ct
2829 5330 3087 5384 illustrem
3119 5330 3339 5399 largitur
3364 5330 3549 5391 vitam,
3572 5325 3707 5395 quod

2131 5424 2342 5489 quidem
2371 5430 2654 5490 utrumque
2687 5422 2797 5474 lucc
2822 5422 2931 5489 ipsa
2972 5420 3198 5473 innuens
3226 5418 3435 5473 dicebat
3467 5436 3481 5471 :
3508 5416 3712 5484 Conﬁr-

2133 5526 2324 5567 matum
2353 5524 2425 5567 est
2455 5530 2542 5566 cor
2584 5530 2749 5565 meum
2775 5515 2825 5565 in
2856 5512 3095 5571 Domino,
3138 5512 3414 5566 exaltatum
3456 5522 3527 5563 est
3556 5525 3709 5561 cornu

2134 5623 2298 5659 meum
2340 5606 2391 5658 in
2422 5604 2526 5659 Deo
2553 5621 2679 5657 meo.
2709 5604 2815 5658 Nec
2841 5604 3151 5673 simpliciter
3179 5602 3331 5664 dixit,
3355 5598 3422 5653 In
3450 5595 3573 5661 Deo,
3603 5596 3716 5654 sed.

2138 5696 2203 5750 In
2233 5697 2337 5749 Deo
2368 5714 2494 5760 meo,
2546 5696 2643 5749 sibi
2692 5695 2789 5763 ipsi
2822 5709 3081 5762 usurpans
3124 5710 3268 5757 eum,
3314 5694 3403 5762 qui
3457 5690 3551 5745 toti
3597 5688 3710 5741 orbi

2134 5798 2402 5849 terrarum
2446 5788 2741 5844 communis
2788 5796 2885 5842 est.
2922 5786 3032 5841 lloc
3070 5794 3247 5840 autem
3292 5782 3416 5839 fecit
3441 5795 3547 5835 non
3571 5777 3714 5834 illius
