4038 6360
258 386 365 444 665

257 523 354 576 νης
391 502 632 574 ἱστορίαν
669 504 1034 574 ἐπαναγαγὼν
1063 507 1153 560 τὸν
1177 505 1356 574 λόγον.
1391 505 1500 559 Καὶ
1532 503 1606 576 μὴ
1631 503 1842 573 θαυμά-

258 605 412 659 σητε,
445 589 495 639 εἰ
533 587 757 656 μηδέπω
800 590 900 658 τῆς
925 589 1236 654 ὑποθέσεως
1279 589 1483 661 ταύτης
1521 588 1842 660 ἀπηλλάγη-

257 690 380 743 μεν.
418 672 528 725 Καὶ
566 671 675 742 γὰρ
707 673 768 725 οὐ
811 671 1046 743 δύναμαι
1095 674 1194 745 τὴν
1226 677 1463 742 γυναῖκα
1491 673 1698 738 ταύτην
1728 674 1838 727 ἀπὸ

251 755 354 825 τῆς
369 755 604 818 διανοίας
624 756 872 811 ἐκϐαλεῖν
887 757 987 826 τῆς
1003 757 1142 827 ἐμῆς
1157 774 1171 788 ·
1190 756 1363 822 οὕτως
1383 757 1552 828 αὐτῆς
1574 757 1674 811 θαυ
1685 757 1840 828 μάξω

251 838 354 907 τὴν
382 838 686 908 εὐμορφίαν
703 840 800 910 τῆς
815 840 1012 910 ψυχῆς,
1027 841 1121 895 καὶ
1141 841 1202 894 τὸ
1227 841 1419 906 κάλλος
1448 842 1546 911 τῆς
1574 841 1837 904 διανοίας.

251 919 405 993 [755]
431 921 573 974 Φιλῶ
597 921 705 993 γάρ
725 923 1038 994 ὀφθαλμοὺς
1065 924 1398 996 δακρύοντας
1423 927 1482 978 ἐν
1513 926 1720 996 εὐχαῖς,
1750 925 1839 980 διά

252 1006 458 1069 παντὸς
481 1007 841 1078 μελετῶντας.
862 1009 952 1062 καὶ
973 1008 1145 1080 χείλη.
1162 1010 1256 1062 καὶ
1274 1010 1446 1079 στόμα
1462 1011 1561 1062 οὐκ
1577 1009 1836 1081 ἐπιτρίμ-

257 1089 391 1159 μασί
419 1107 560 1144 τισιν
591 1091 1062 1162 ἐρυθραινόμενον,
1092 1093 1206 1146 ἀλλ’
1247 1093 1566 1165 εὐχαριστίᾳ
1601 1096 1668 1163 τῇ
1701 1093 1837 1163 πρὸς

251 1176 343 1228 τὸν
396 1176 527 1228 Θεὸν
570 1175 1077 1247 καλλωπιζόμενον,
1128 1173 1238 1230 οἷον
1288 1172 1354 1248 ἦν
1402 1178 1460 1230 τὸ
1493 1177 1731 1248 ταύτης·
1768 1178 1836 1249 ἣν

253 1257 522 1330 θαυμάζω
554 1261 651 1329 μὲν
665 1260 746 1312 ὅτι
764 1259 1142 1329 ἐφιλοσόφησε,
1171 1260 1436 1330 θαυμάζω
1466 1261 1523 1315 δέ
1549 1261 1834 1332 μειζόνως,

252 1343 336 1395 ὅτι
355 1343 491 1413 γυνὴ
512 1337 648 1396 οὖσα
668 1341 1051 1414 ἐφιλοσόφησε,
1071 1342 1229 1414 γυνὴ,
1251 1340 1319 1418 ἧς
1353 1343 1538 1398 πολλοί
1572 1345 1834 1408 πολλάκις

253 1426 660 1497 κατηγόρησαν.
681 1426 814 1479 Ἀπὸ
837 1425 944 1496 γάρ
963 1428 1266 1496 γυναικὸς,
1282 1427 1466 1498 φησὶν,
1481 1427 1638 1497 ἀρχὴ
1659 1428 1840 1496 ἀμαρ-

250 1509 403 1574 flag.
428 1508 525 1562 καί
546 1509 619 1561 δι’
640 1508 838 1576 αὐτὴν
855 1509 1320 1578 ἀποθνήσκομεν
1339 1509 1558 1578 πάντες
1577 1528 1590 1542 ·
1616 1512 1710 1566 καὶ
1730 1513 1838 1566 πά-

249 1591 335 1645 λιν
355 1610 370 1624 ·
407 1592 597 1660 Μικρὰ
615 1591 782 1646 πᾶσα
801 1593 981 1647 κακία
1000 1593 1150 1661 πρὸς
1169 1595 1385 1647 κακίαν
1403 1597 1689 1663 γυναικός
1706 1613 1720 1627 ·
1742 1597 1838 1650 καὶ

246 1679 277 1732 ὁ
299 1676 509 1740 Παῦλος
524 1695 536 1706 ·
575 1676 749 1746 Ἀδὰμ
767 1676 878 1746 γὰρ
899 1678 1010 1730 οὐκ
1029 1678 1328 1744 ἠπατήθη,
1362 1680 1401 1747 ἡ
1423 1679 1489 1731 δὲ
1507 1679 1662 1748 γυνὴ
1683 1680 1838 1735 ἀπα-

246 1763 498 1830 τηθεῖσα
533 1762 604 1816 ἐν
637 1761 969 1830 παραϐάσει
1004 1761 1229 1831 γέγονε.
1272 1763 1370 1816 Διά
1406 1762 1564 1816 τοῦτο
1601 1764 1838 1835 μάλιστα

247 1845 416 1916 αὐτὴν
438 1844 724 1915 θαυμάζω,
745 1846 823 1898 ὅτι
848 1845 915 1899 τὰ
937 1844 1253 1916 ἐγκλήματα
1272 1845 1445 1899 ταῦτα
1460 1845 1834 1918 διεκρούσατο,

244 1929 334 2001 ὅτι
348 1929 446 2000 τὴν
467 1929 803 1999 κατηγορίαν
825 1927 1076 1990 ἀπέθετο,
1097 1930 1178 1981 ὅτι
1199 1929 1288 1982 τοῦ
1311 1929 1729 2001 διαϐαλλομένου
1752 1935 1838 2001 γέ-

243 2000 369 2075 νούς
404 2007 537 2064 οὖσα
573 2013 667 2064 καὶ
706 2012 1203 2082 κατηγορουμένου,
1224 2012 1292 2065 τά
1311 2012 1486 2084 ὀνείδη
1512 2000 1691 2068 πάντα
1729 2000 1834 2069 ἀπ-

243 2094 520 2165 ετρίψατο,
543 2094 632 2147 διὰ
666 2094 775 2148 τῶν
814 2094 990 2166 ἔργων
1029 2095 1378 2158 παιδεύουσα,
1402 2097 1484 2150 ὅτι
1505 2099 1752 2152 κάκεῖναι
1772 2101 1832 2152 οὐ

242 2179 396 2250 παρά
432 2178 532 2250 τὴν
571 2179 735 2249 φύσιν
771 2179 1015 2232 τοιαῦται
1055 2179 1366 2247 γεγόνασιν,
1388 2180 1521 2235 ἀλλά
1563 2183 1713 2252 παρά
1734 2183 1832 2254 τὴν

240 2264 562 2334 προαίρεσιν
599 2263 693 2317 καὶ
727 2262 826 2333 τὴν
866 2262 1070 2316 οἰκείαν
1107 2263 1417 2334 ὀλιγωρίαν,
1439 2267 1532 2319 καὶ
1551 2267 1632 2319 ὅτι
1663 2269 1721 2319 ἐν
1753 2267 1833 2336 τῷ

239 2345 388 2413 γένει
410 2345 584 2417 τούτῳ
605 2346 826 2398 δυνατὸν
847 2344 1024 2414 ἄκρας
1043 2347 1243 2418 ἀρετῆς
1263 2347 1637 2402 ἐπιλαϐέσθαι.
1677 2351 1832 2403 Φιλό-

240 2447 421 2484 νεικον
441 2431 552 2500 γάρ
572 2431 688 2483 ἐστι
709 2430 769 2483 τὸ
791 2430 930 2496 ζῶον
947 2430 1106 2484 τοῦτο
1126 2430 1218 2483 καὶ
1239 2430 1474 2494 εὕτονον,
1499 2433 1599 2488 κᾶν
1635 2438 1714 2498 εἰς
1735 2453 1832 2488 πο-

241 2512 435 2584 νηρίαν
473 2514 761 2587 ἀποκλίνῃ,
786 2513 997 2584 μεγάλα
1035 2513 1327 2584 ἐργάζεται
1362 2515 1539 2569 κακά·
1564 2517 1668 2570 κᾶν
1701 2518 1831 2588 ἀρε-

239 2595 378 2656 τῆςι
416 2595 766 2666 ἐπιλάϐηται,
785 2596 886 2667 τὴν
922 2596 1098 2668 ψυχὴν
1141 2601 1436 2670 προήσεται
1474 2599 1757 2674 πρότερον,
1795 2601 1828 2672 ἦ

237 2679 337 2748 τῆς
360 2677 675 2750 προθέσεως
693 2680 1078 2749 ἀποστήσεται.

310 2760 469 2814 Οὕτω
506 2760 635 2828 γοῦν
672 2763 768 2814 καὶ
804 2761 942 2832 αὕτη
981 2763 1080 2834 τὴν
1119 2761 1281 2831 φύσιν
1317 2763 1557 2836 ἐνίκησε,
1598 2768 1695 2820 καί¹
1729 2768 1830 2838 τὴν

238 2843 490 2912 ἀνάγκην
528 2843 807 2905 ἐϐιάσατο,
829 2845 925 2896 καὶ
963 2847 1026 2914 τῇ
1069 2845 1364 2916 προσεδρίᾳ
1401 2851 1502 2918 τῆς
1534 2850 1700 2920 εὐχῆς
1721 2853 1829 2905 ἀπὸ

241 2927 459 2998 μήτρας
473 2944 621 2997 πεπη
632 2927 881 2998 ρωμένης
895 2928 1083 2980 τέκνον
1104 2927 1403 3000 βλαστῆσαι
1425 2934 1826 3003 παρεσκεύασε,

235 3011 338 3064 Διά
371 3011 530 3065 τοῦτο
568 3012 729 3065 πάλιν
766 3012 860 3065 ἐπὶ
888 3012 986 3083 τὴν
1007 3011 1170 3083 εὐχὴν
1191 3013 1547 3083 καταφεύγει,
1571 3019 1666 3070 καί
1690 3021 1829 3090 μετὰ

234 3095 296 3148 τὸ
337 3094 521 3148 λαϐεῖν
555 3093 697 3148 οὕτω
734 3094 998 3163 λέγουσα·
1035 3096 1392 3165 Ἐστερεώθη
1412 3097 1450 3164 ή
1473 3099 1685 3167 καρδία
1708 3121 1826 3170 μου

233 3179 306 3232 ἐν
340 3181 554 3247 Κυρίῳ.
576 3179 787 3248 ὑψώθη
824 3177 1002 3246 κέρας
1032 3196 1150 3248 μου
1184 3179 1254 3232 έν
1289 3179 1408 3245 θεῷ
1433 3183 1704 3249 μουοὊτι
1728 3189 1826 3256 μὲν

233 3257 350 3325 οὖν,
372 3263 627 3329 τίέστιν,
664 3260 1018 3329 Ἐστερεώθη
1051 3263 1090 3330 ἡ
1125 3262 1336 3330 καρδία
1366 3283 1485 3333 μου
1519 3267 1590 3320 ἐν
1607 3271 1824 3338 Κυρίῳ,

235 3346 430 3418 πρώην
448 3342 605 3400 εἷπον
626 3346 764 3418 πρὸς
785 3345 884 3416 τὴν
905 3345 1177 3417 ὑμετέραν
1205 3347 1446 3418 ἀγάπην,
1471 3349 1626 3422 δῆλον
1663 3354 1820 3424 ὑμῖν·

231 3432 351 3486 νυνὶ
369 3431 427 3484 δέ
447 3431 744 3499 ἀναγκαῖον
763 3430 862 3500 τὴν
882 3428 1011 3499 ἐξῆς
1030 3430 1268 3501 ἐρμηνεῦ
1277 3449 1365 3486 σαι
1387 3433 1565 3503 ῥῆσιν.
1581 3437 1824 3494 Εἰποῦσα

235 3515 376 3587 γάρ·
415 3512 778 3583 Ἐστερεώθη
815 3514 854 3580 ἡ
892 3513 1107 3582 καρδία
1137 3531 1256 3582 μου
1274 3515 1344 3568 ἐν
1362 3517 1584 3586 Κυρίῳ·
1613 3523 1824 3594 ἐπήγα-

236 3612 328 3666 γεν
346 3615 357 3626 ·
397 3596 635 3667 ’Υψώθη
657 3598 834 3668 κέρας
850 3615 968 3666 μου
986 3598 1056 3650 ἐν
1077 3596 1198 3662 Θεῷ
1212 3616 1351 3667 μου.
1376 3600 1440 3652 Τί
1477 3603 1612 3658 ἐστι.
1635 3606 1824 3672 Κέρας

227 3700 381 3754 μους
422 3684 531 3736 Καὶ
565 3683 675 3754 γάρ
715 3681 948 3751 συνεχῶς
988 3680 1160 3754 ταύτῃ
1204 3681 1468 3752 κέχρηται
1504 3689 1569 3757 τῇ
1607 3686 1747 3753 λέξει
1786 3693 1819 3763 ἡ

231 3769 448 3840 Γραφὴ,
487 3768 563 3831 ὼς
598 3769 727 3821 ὅταν
762 3767 896 3840 λέγῃ
917 3782 930 3795 ·
967 3765 1202 3834 ’Υψώθη
1243 3766 1422 3835 κέρας
1455 3770 1662 3834 αὑτοῦ,
1704 3775 1821 3842 καὶ,

245 3851 484 3921 ’Υψώθη
505 3851 684 3920 κέρας
700 3851 953 3920 χριστοῦ
975 3851 1184 3908 αὑτοῦ.
1208 3851 1272 3903 Τί
1295 3853 1410 3904 ποτ’
1433 3849 1526 3906 οὖν
1547 3853 1695 3922 λέγει
1715 3857 1821 3910 κέ-

234 3953 334 4007 ρας
360 3955 374 4002 ;
416 3937 526 4007 Τὴν
565 3935 816 4007 δύναμιν,
837 3935 935 4007 τὴν
973 3934 1152 4001 δόξαν,
1175 3934 1272 4006 τὴν
1313 3937 1689 4005 περιφάνειαν,
1712 3940 1820 3993 ἀπὸ

235 4019 550 4090 μεταφορᾶς
583 4019 692 4072 τῶν
729 4018 938 4086 ἀλόγων
976 4017 1130 4082 ζώων
1164 4018 1296 4070 αὐτὸ
1330 4019 1497 4082 τιθείς
1517 4020 1573 4059 b'
1597 4023 1690 4074 καὶ
1710 4022 1819 4096 γὰρ

230 4103 462 4165 ἐκείνοις
497 4103 617 4155 ἀντί
640 4103 796 4174 δόξης
815 4103 909 4155 καὶ
927 4103 1091 4155 ὅπλου
1112 4101 1172 4155 τὸ
1193 4102 1360 4171 κέρας
1384 4103 1544 4174 μόνον
1562 4105 1818 4176 ἐνέθηκεν

229 4185 260 4239 ὀ
280 4187 435 4252 Θεὸς,
457 4188 560 4241 κᾶν
581 4187 892 4241 ἀποϐάλωσι
913 4185 1091 4251 τοῦτο,
1115 4186 1176 4239 τὸ
1213 4186 1374 4239 πλέον
1414 4187 1684 4243 ἀπέϐαλον
1718 4191 1819 4262 τῆς

228 4269 511 4341 δυνάμεως
531 4289 544 4302 ·
581 4271 672 4324 καὶ
694 4270 943 4341 καθάπερ
962 4269 1160 4332 ἄοπλος
1182 4268 1540 4340 στρατιώτης,
1563 4271 1704 4325 οὕτω
1724 4277 1818 4328 καὶ

228 4355 430 4428 ταῦρος
465 4357 634 4426 χωρὶς
672 4356 919 4426 κεράτων
958 4353 1154 4425 ῥᾳδίως
1192 4353 1492 4406 ἀλίσκεται.
1525 4357 1691 4409 Οὐδὲν
1723 4357 1816 4414 οὖν

226 4437 318 4490 διά
333 4438 523 4491 τούτου
543 4438 670 4492 ἄλλο
691 4439 854 4508 φησὶν
875 4438 908 4508 ή
928 4437 1088 4506 γυνὴ,
1111 4436 1226 4489 ἀλλ’
1243 4435 1299 4506 ἢ,
1320 4433 1670 4507 ὅτιὙψώθηή
1690 4441 1815 4506 δόξα

230 4538 356 4592 μου.
379 4523 491 4574 Καὶ
510 4533 533 4561 ε
561 4521 676 4584 πῶς
697 4520 915 4590 ὐψώθη;
953 4521 1047 4573 Ἐν
1069 4519 1190 4585 Θεῷ
1203 4539 1342 4589 μου.
1367 4521 1519 4590 φησί.
1543 4523 1642 4577 Διά
1659 4526 1817 4580 τοῦτο

228 4609 325 4660 καὶ
362 4607 602 4676 ἀσφαλὲς
636 4605 696 4659 τὺ
733 4604 864 4674 ὕψος
894 4605 1030 4666 ἐστὶ,
1057 4605 1280 4675 βεϐαίαν
1303 4605 1396 4658 καὶ
1417 4605 1672 4677 ἀκίνητον
1690 4609 1813 4679 έχον

224 4691 325 4763 τήν
345 4692 520 4762 ῥίζαν.
537 4693 601 4745 Ἡ
643 4693 740 4762 μὲν
775 4690 881 4761 γὰρ
921 4691 1068 4761 παρὰ
1085 4691 1192 4744 τῶν
1212 4689 1514 4762 ἀνθρώπων
1536 4691 1682 4759 δόξα,
1705 4695 1813 4749 τῶν

222 4774 557 4840 δοξαζόντων
595 4777 844 4846 μιμεῖται
879 4773 977 4845 τὴν
1014 4773 1307 4836 εὐτέλειαν,
1329 4774 1451 4827 ὅθεν
1471 4777 1563 4828 καὶ
1586 4778 1814 4846 μεταπί-

225 4878 349 4914 πτει
372 4861 570 4934 ῥᾳδίως
591 4879 602 4889 ·
627 4862 659 4931 ή
699 4859 755 4912 δὲ
788 4859 882 4911 τοῦ
912 4858 1045 4911 Θεοῦ
1069 4861 1166 4928 οὐχ
1185 4857 1374 4922 οὕτως,
1400 4858 1535 4912 ἀλλά
1555 4861 1812 4931 ἀκίνητος

226 4945 381 5015 μένει
417 4944 505 4998 διά
541 4943 757 5006 παντός.
783 4943 890 4994 Καὶ
917 4941 1089 4994 ταῦτα.
1108 4941 1392 5010 ἀμφότερα
1429 4941 1605 5011 δηλῶν
1625 4946 1652 4997 ό
1673 4962 1807 5017 προ-

221 5031 419 5100 φήτης.
445 5029 704 5098 κάκείνης
721 5026 783 5080 τὸ
801 5028 861 5080 εὐ
870 5025 1240 5096 μετάπτωτον,
1262 5026 1356 5078 καὶ
1376 5026 1580 5099 ταύτης
1619 5028 1679 5082 τδ
1715 5031 1808 5100 μό·

217 5129 399 5182 νιμον.
421 5111 595 5174 οὕτως
627 5111 809 5179 ἔλεγε·
839 5107 1014 5163 Πᾶσα
1051 5107 1208 5175 σὰρξ
1247 5111 1480 5177 χορτος.
1505 5111 1603 5164 καὶ
1639 5112 1809 5167 πᾶσα

219 5195 533 5269 Πὸιηδόξα
545 5195 860 5263 ἀνθρώπου
874 5194 954 5258 ὠς
970 5191 1152 5276 ἄνθος
1171 5193 1409 5276 χόρτου.
1429 5195 1755 5264 Ἑξηρὰνθη

216 5282 455 5348 χόρτος,
477 5279 573 5331 καὶ
595 5277 661 5330 τὸ
681 5277 862 5342 ἄνθος
888 5275 1159 5339 ἐξέπεσε.
1204 5275 1277 5326 Πε
1287 5274 1338 5346 91
1359 5275 1414 5328 δὲ
1433 5277 1531 5347 τῆς
1549 5277 1644 5332 τοῦ
1669 5274 1803 5333 Θεοῦ

1519 383 1606 438 DE
1644 381 1833 438 ANNA
1874 381 2109 437 SERMO
2151 383 2241 438 IV.

3411 398 3518 454 σοι

1947 500 2118 554 πολλά
2161 502 2720 574 πραγματευσάμενοι
2742 504 3022 572 πολλάκις,
3042 505 3182 562 ὥστε
3205 509 3386 563 αὐτῶν
3406 513 3540 584 ἀλη-

1949 599 2072 636 στον
2092 585 2347 652 γενέσθαι
2367 585 2466 657 τὴν
2489 589 2733 658 μνήμην,
2755 589 2849 642 καὶ
2867 589 3073 659 τάφους
3093 591 3377 664 λαμπροὺς
3397 598 3540 648 οἱκο-

1946 667 2335 740 δομησάμενοι,
2357 671 2451 724 καὶ
2471 671 2794 742 ἀνδριάντας
2829 673 3256 745 ἀναστήσαντες,
3279 680 3371 732 καὶ
3391 681 3538 734 εἰκό-

1947 769 2044 815 νας
2065 752 2263 816 πολλὰς
2283 753 2576 824 πολλαχοῦ,
2590 757 2683 808 καὶ
2702 756 3145 828 κατορθωμάτων
3167 761 3540 832 ὑπομνήματα

1949 835 2121 905 μυρία
2141 835 2551 902 καταλιπόντες,
2577 839 2915 908 σεσίγηνται,
2939 842 3032 894 καὶ
3071 843 3190 896 οὐδὲ
3227 845 3336 897 ἀπὸ
3374 846 3539 916 ψιλῆς

1952 920 2326 991 προσηγορίας
2346 922 2451 974 εἰσί
2477 939 2582 975 τινι
2608 922 2893 994 γνώριμοι·
2923 924 3060 997 αὕτη
3089 927 3144 979 δέ
3169 930 3200 998 ή
3229 927 3365 1000 γυνὴ
3394 947 3537 984 παν-

1945 1002 2111 1072 ταχοῦ
2154 1005 2253 1074 τῆς
2301 1005 2624 1077 οἰκουμένης
2677 1006 2859 1078 ᾄδεται
2897 1008 3012 1061 νῦν·
3050 1011 3153 1062 κᾶν
3192 1015 3270 1076 εἰς
3300 1013 3536 1068 Σκυθίαν

1946 1087 2212 1158 ἀπέλθῃς,
2241 1087 2342 1141 κᾶν
2367 1090 2446 1153 εἰς
2482 1090 2777 1158 Αἴγυπτον,
2819 1090 2920 1144 κᾶν
2949 1093 3029 1155 εἰς
3081 1094 3291 1158 Ἰνδοὺς,
3323 1096 3423 1150 κᾶν
3455 1099 3536 1158 εἰς

1945 1169 2086 1222 αὐτά
2111 1171 2178 1222 τά
2204 1171 2416 1242 πέρατα
2443 1173 2540 1243 τῆς
2587 1174 2934 1246 οἰκουμένης,
2966 1177 3183 1229 πάντων
3218 1179 3427 1255 ἀκούσῃ
3465 1181 3534 1234 τά

1945 1252 2346 1324 κατορθώματα
2373 1255 2471 1326 τῆς
2488 1257 2748 1324 γυναικὸς
2785 1257 2988 1330 ταύτης
3021 1259 3276 1331 ᾀδόντων,
3310 1252 3533 1318 καῖπᾶ-

1946 1352 2045 1388 σαν
2081 1336 2287 1420 ἀπλῶς,
2309 1339 2442 1408 ὅσην
2479 1338 2630 1410 ἥλιος
2660 1341 2831 1412 ἐφορᾷ
2848 1341 2972 1412 γῆν,
2999 1345 3030 1415 ή
3063 1343 3187 1408 δόξα
3211 1347 3308 1415 τῆς
3334 1347 3535 1420 Ἀννης

1944 1419 2369 1490 καταλαμϐάνει.
2393 1422 2502 1476 Καὶ
2517 1423 2576 1476 οὐ
2609 1423 2765 1476 τοῦτο
2790 1424 2950 1494 μόνον
2971 1426 3088 1478 ἐστὶ
3115 1427 3176 1480 τὸ
3195 1419 3528 1499 θαυμαστὸν,

1943 1503 2026 1555 ὅτι
2058 1504 2335 1574 πανταχοῦ
2364 1505 2464 1575 τῆς
2497 1506 2822 1578 οἰκουμένης
2839 1507 3021 1579 ᾅδεται
3052 1511 3084 1580 ἡ
3115 1511 3274 1581 γυνή,
3305 1511 3419 1565 ἀλλ’
3449 1514 3534 1566 ὅτι

1940 1585 2198 1640 τοσούτου
2233 1587 2597 1659 παρελθόντος
2625 1591 2840 1660 χρόνου,
2875 1592 2936 1644 οὐ
2977 1593 3134 1662 μόνον
3159 1594 3258 1646 οὐκ
3296 1594 3531 1667 ἐσϐέσθη

1939 1670 2009 1722 τά
2047 1670 2147 1740 τῆς
2177 1671 2456 1742 εὐφημίας
2484 1673 2674 1744 αὐτῆς,
2709 1673 2846 1726 ἀλλά
2877 1675 2971 1727 καὶ
3005 1675 3226 1738 αὕξεται
3274 1679 3369 1730 καὶ
3412 1679 3534 1732 ἐπι-

1941 1752 2176 1806 τείνεται
2217 1755 2395 1826 πολλῷ
2422 1755 2602 1820 πλέον,
2635 1758 2728 1810 καὶ
2768 1758 2868 1828 τὴν
2891 1760 3204 1828 φιλοσοφίαν
3242 1762 3412 1833 αὐτῆς
3435 1765 3530 1816 καὶ

1940 1837 2038 1904 τὴν
2061 1837 2338 1909 ὑπομονὴν
2365 1841 2569 1910 καίτὴν
2588 1841 2881 1912 καρτερίαν
2899 1842 3137 1908 ἅπαντες
3167 1845 3332 1906 ἴσασι,
3357 1847 3451 1899 καὶ
3472 1849 3529 1900 ἐν

1941 1919 2129 1973 πόλεσι
2162 1922 2255 1973 καὶ
2285 1923 2342 1974 ἐν
2372 1923 2585 1994 ἀγροῖς,
2613 1925 2708 1977 καὶ
2752 1927 2808 1977 ἐν
2838 1926 3053 1988 οἰκίαις,
3083 1927 3175 1979 καὶ
3207 1930 3264 1982 ἐν
3301 1946 3528 2000 στρατο-

1941 2003 2139 2066 πέδοις,
2170 2005 2264 2058 καὶ
2300 2007 2357 2058 ἐν
2391 2006 2616 2070 πλοίοις,
2645 2008 2739 2060 καὶ
2768 2010 2825 2062 ἐν
2857 2009 3258 2080 ἐργαστηρίοις,
3284 2015 3378 2066 καὶ
3395 2031 3531 2066 παν-

1938 2088 2105 2158 ταχοῦ
2138 2089 2238 2158 τῆς
2267 2091 2524 2158 γυναικὸς
2555 2092 3042 2165 ἐγκωμιαζομένης
3069 2096 3276 2169 ἀκούσῃ
3301 2095 3525 2168 ταύτης.

1942 2171 2109 2224 Ὅταν
2138 2173 2246 2243 γὰρ
2276 2174 2452 2238 όΘεός
2481 2191 2604 2227 τινα
2621 2174 2840 2239 δοξάσαι
2874 2175 3129 2249 βουληθῇ,
3165 2179 3269 2232 κᾶν
3301 2179 3531 2245 θάνατος

1939 2256 2280 2326 ἐπιγένηται,
2317 2257 2420 2310 κᾶν
2450 2257 2642 2328 χρόνου
2668 2258 2893 2328 πλῆθος,
2925 2260 3024 2313 κᾶν
3056 2261 3183 2315 ἄλλο
3205 2262 3407 2323 ὁτιοῦν.
3433 2264 3528 2334 μέ-

1938 2357 2016 2391 νει
2048 2339 2114 2394 τά
2150 2339 2247 2408 τῆς
2267 2340 2426 2411 δόξης
2459 2339 2676 2410 ἐκείνης
2705 2340 2971 2396 ἀνθοῦντα
2997 2343 3283 2414 διηνεκῶς,
3307 2347 3402 2399 καὶ
3436 2347 3530 2400 οὐ-

1935 2422 2046 2485 δεὶς
2072 2423 2432 2493 ἐπισκοτῆσαι
2483 2423 2512 2460 ει
2553 2427 2618 2494 τῇ
2661 2425 2989 2497 περιφανείᾳ
3017 2427 3186 2498 ταύτῃ
3217 2427 3524 2500 δυνήσεται.

1936 2505 2034 2559 Διά
2062 2505 2220 2560 τοῦτο
2247 2507 2344 2560 καὶ
2364 2507 2503 2579 αὐτὴ
2531 2508 2864 2562 παιδεύουσα
2891 2511 3018 2573 τούς
3039 2510 3336 2576 ἀκούοντας
3357 2513 3529 2567 ἀπαν-

1935 2607 2052 2653 τας,
2102 2589 2270 2643 ὅτιού
2317 2591 2424 2662 χρὴ
2487 2591 2854 2660 καταφεύγειν
2884 2596 2996 2658 τοῖς
3044 2598 3349 2668 ἐπικήροις,
3409 2600 3526 2652 ἀλλ’

1933 2673 2056 2728 ὅθεν
2089 2674 2280 2744 βέϐαια
2310 2675 2406 2728 καί
2435 2675 2666 2745 ἀκίνητα
2692 2677 2823 2746 ἡμῖν
2859 2679 3011 2746 μένει
3050 2679 3118 2733 τὰ
3172 2681 3373 2748 ἀγαθά,
3403 2679 3525 2736 εἷπε

1933 2757 2023 2810 τὸν
2049 2757 2150 2826 τῆς
2189 2757 2349 2829 δόξης
2375 2759 2566 2812 αἴτιον.
2599 2759 2842 2812 Εἰποῦσα
2894 2759 3019 2832 γάρ,
3049 2763 3130 2814 ὅτι
3173 2765 3524 2835 Ἐστερεώθη

1933 2842 1972 2909 ἡ
1999 2840 2209 2908 καρδία
2229 2859 2349 2910 μου
2387 2842 2457 2894 ἐν
2486 2840 2704 2910 Κυρίῳ,
2744 2845 3044 2915 ἐπήγαγεν,
3084 2845 3322 2916 ’Υψώθη
3345 2852 3527 2918 κέρας

1928 2943 2046 2993 μου
2075 2925 2146 2978 ἐν
2170 2925 2292 2990 Θεῴ
2328 2942 2464 2991 μου,
2497 2925 2676 2985 ,διπλᾶ
2720 2927 2954 2980 ἐνταῦθα
3005 2931 3140 3000 ήμῖν
3180 2933 3525 3004 αἰνιττομένη

1932 3007 1999 3060 τὰ
2015 3008 2216 3076 ἀγαθὰ.
2240 3008 2384 3078 άπερ
2412 3007 2667 3061 δύσκολον
2687 3009 3006 3079 συμϐαίνειν
3031 3013 3259 3083 ταχέως.
3288 3017 3398 3069 Καὶ
3414 3017 3524 3086 γὰρ

1931 3091 2024 3144 τοῦ
2050 3091 2236 3158 σάλου,
2255 3092 2439 3162 φησὶν,
2465 3092 2808 3164 ἀπηλλάγην,
2827 3094 2922 3147 καὶ
2953 3095 3054 3167 τὴν
3079 3097 3303 3168 ἀτιμίαν
3323 3101 3524 3154 ἀπεθέ-

1935 3191 2061 3244 μην,
2095 3177 2189 3228 καὶ
2240 3175 2540 3244 ἀσφαλείας
2584 3177 2888 3239 ἀπέλαυσα,
2927 3181 3020 3232 καὶ
3050 3178 3208 3252 δόξης
3238 3183 3520 3254 μετέσχον.

1931 3259 2116 3312 Ταῦτα
2143 3259 2200 3312 δὲ
2244 3260 2530 3331 ἀμφότερα
2560 3261 2661 3313 οὐκ
2693 3260 2758 3314 ἄν
2796 3278 2878 3325 τις
2909 3262 3009 3315 ίδοι
3037 3265 3238 3334 ῥαδίως
3273 3266 3523 3338 ἀλλήλοις

1931 3358 2059 3395 συντ
2068 3343 2310 3413 ρέχοντα.
2339 3343 2530 3397 Πολλοὶ
2547 3343 2654 3416 γὰρ
2672 3343 2931 3398 κινδύνων
2950 3346 3050 3416 μὲν
3066 3347 3520 3414 ἀπαλλάττονται,

1929 3425 2173 3490 ἐπίδοξον
2205 3428 2262 3480 δέ
2290 3429 2390 3481 οὐκ
2419 3428 2603 3499 έχουσι
2653 3427 2787 3498 βίον·
2819 3429 2996 3500 ἕτεροι
3045 3431 3205 3484 πάλιν
3233 3431 3390 3506 δόξης
3422 3436 3522 3506 μὲν

1927 3510 2260 3563 ἀπολαύουσι
2291 3511 2386 3564 καὶ
2410 3513 2792 3582 περιφανείας,
2832 3513 3166 3566 κινδυνεύειν
3195 3515 3252 3568 δέ
3280 3518 3521 3584 ἀναγκά-

1926 3595 2108 3660 ζονται
2136 3596 2226 3649 διὰ
2257 3596 2355 3666 τὴν
2401 3595 2558 3662 δόξαν
2610 3595 2833 3667 ταύτην.
2869 3591 2992 3650 υἷόν
3030 3615 3082 3650 τι
3135 3598 3297 3666 λέγω·
3334 3602 3520 3657 πολλοὶ

1925 3679 2186 3742 πολλάκις
2200 3679 2262 3732 τὸ
2289 3679 2660 3750 δεσμωτήριον
2687 3682 3028 3750 οἰκήσαντες,
3061 3684 3237 3751 μοιχοὶ
3267 3685 3361 3737 καὶ
3385 3687 3518 3756 γόη-

1922 3779 2015 3826 τες
2033 3763 2126 3816 καὶ
2140 3762 2513 3833 τυμϐωρύχοι,
2545 3763 2640 3816 καί⁹
2667 3765 2715 3815 οἰ
2741 3763 2904 3834 ἕτερά
2931 3781 3050 3817 τινα
3077 3767 3300 3818 τοιαῦτα
3337 3769 3514 3840 ἡμαρ-

1923 3847 2176 3914 τηκότες,
2229 3841 2347 3897 εἶτα
2397 3845 2503 3898 ἀπό
2567 3863 2713 3908 τινος
2767 3846 3177 3917 φιλανθρωπίας
3231 3847 3516 3922 βασιλικῆς

1924 3929 2205 3998 ἀφέθησαν
2259 3927 2352 3981 τοῦ
2405 3930 2723 3999 οἰκήματος·
2775 3923 2922 3983 οὗτοι
2965 3931 3066 4000 τῆς
3099 3932 3374 3996 κολάσεως
3413 3935 3515 4004 μὲν

1922 4013 2342 4085 ἀπηλλάγησαν,
2373 4012 2527 4065 τὰδὲ
2578 4013 2755 4080 ὀνείδη
2807 4016 2908 4067 οὐκ
2956 4016 3346 4087 ἀπετρίψαντο,
3396 4020 3513 4072 ἀλλ’

1922 4097 2103 4166 ἔχουσι
2138 4097 2234 4168 τὴν
2263 4095 2527 4167 αἰσχύνην
2570 4097 2847 4169 ἑπομένην
2898 4098 3100 4162 αὐτοῖς.
3137 4101 3317 4153 Ἄλλοι
3345 4118 3513 4172 στρα-

1921 4179 2110 4232 τιῶται
2136 4181 2373 4247 γενναῖοι
2407 4180 2497 4232 τὸν
2525 4179 2770 4244 ἐπίδοξον
2811 4182 2906 4234 καὶ
2936 4186 3204 4254 περιφανῆ
3246 4183 3357 4254 βίον
3383 4185 3510 4238 διώ-

1921 4281 2109 4326 κοντες
2149 4274 2195 4323 ε,
2229 4262 2616 4333 ῥιψοκινδύνως
2641 4265 2867 4327 ἐαυτούς
2896 4269 3008 4328 τοῖς
3039 4266 3315 4337 πολεμίοις
3333 4268 3510 4321 ἐνδόν-

1920 4365 2031 4410 τες,
2068 4346 2238 4400 πολλά
2289 4347 2547 4412 πολλάκις
2592 4347 2784 4401 ἔλαϐον
2817 4349 3129 4420 τραύματα,
3160 4352 3254 4404 καὶ
3282 4352 3510 4422 ἔσχατον

1919 4431 2096 4500 ἀωρον
2127 4430 2440 4499 ὑπέστησαν
2475 4430 2737 4484 θάνατον’
2767 4427 2911 4484 οὗτοι
2940 4431 3098 4504 δόξης
3128 4433 3508 4506 ἐπιθυμήσαν-

1919 4531 2026 4577 τες,
2057 4513 2351 4582 ἀσφαλείας
2384 4513 2656 4578 ἐξέπεσον.

1986 4597 2048 4652 δ’.
2069 4599 2190 4651 Ἐπί
2205 4599 2259 4651 δὲ
2280 4599 2376 4667 τῆς
2394 4599 2653 4666 γυναικὸς
2669 4598 2954 4670 ἀμφότερα
2974 4599 3146 4654 ταῦτα
3176 4602 3392 4673 συνέϐη,
3415 4605 3508 4658 καὶ

1917 4681 2216 4749 ἀσφαλείας
2245 4681 2519 4734 ἀπέλαυσε
2551 4683 2644 4736 καὶ
2688 4681 2848 4752 δόξης
2895 4685 3174 4754 ἐπέτυχεν.
3205 4685 3364 4738 Οὕτω
3415 4691 3507 4740 καὶ

1917 4764 2135 4817 ἐπὶτῶν
2151 4764 2318 4836 τριῶν
2339 4765 2547 4818 παίδων
2573 4765 2807 4832 ἐγένετο·
2830 4767 3046 4837 καὶγὰρ
3075 4767 3334 4820 κινδύνων
3353 4767 3506 4842 [7551

1915 4847 2309 4919 ἀπηλλάγησαν
2354 4848 2706 4918 διαφυγόντες
2758 4849 2819 4901 τὸ
2853 4848 2984 4919 πῦρ,
3045 4851 3138 4903 καὶ
3186 4856 3504 4922 περιφανεῖς

1914 4932 2179 4998 ἐγένοντο,
2217 4933 2356 5003 ὑπὲρ
2391 4932 2551 5000 φύσιν
2601 4934 2695 4985 τοῦ
2728 4934 2990 5003 στοιχείου
3036 4935 3356 5004 νικήσαντες
3401 4937 3504 5006 τὴν

1912 5015 2162 5086 δύναμιν.
2208 5017 2444 5069 Τοιαῦτα
2492 5017 2585 5069 τοῦ
2638 5015 2775 5069 Θεοῦ
2809 5017 2877 5069 τά
2915 5015 3329 5086 κατορθώματα·
3362 5017 3499 5088 όμοῦ

1912 5099 2018 5170 γὰρ
2045 5099 2295 5170 λαμπρὸν
2326 5102 2418 5152 καὶ
2452 5100 2670 5170 ἀσφαλῆ
2723 5100 3006 5171 χαρίζεται
3031 5099 3166 5169 βίον.
3198 5100 3378 5172 ’Ἀπερ
3406 5097 3499 5154 οὖν

1909 5183 2192 5252 ἀμφότερα
2221 5185 2314 5236 καὶ
2347 5183 2483 5255 αὕτη
2514 5184 2857 5254 αἰνιττομένη
2887 5183 3089 5250 ἔλεγεν.
3137 5183 3498 5253 Ἐστερεώθη

1909 5267 1948 5334 ἡ
1983 5267 2197 5335 καρδία
2219 5286 2339 5337 μου
2361 5269 2431 5321 ἐν
2454 5269 2667 5336 Κυρίῳ,
2688 5267 2899 5335 ὑψώθη
2929 5266 3106 5333 κέρας
3123 5284 3242 5335 μου
3280 5267 3349 5320 ἐν
3374 5269 3498 5334 Θεῷ

215 5366 314 5434 οὐχ
346 5363 541 5428 οὕτως,
565 5361 700 5416 ἀλλά
721 5361 871 5425 πῶς;
906 5360 978 5415 Τὸ
996 5358 1242 5426 δὲρῆμα
1279 5359 1388 5412 τοῦ
1417 5363 1565 5417 Θεοῦ
1588 5365 1675 5428 είς
1699 5365 1804 5418 τὸν
1903 5365 2043 5434 μου-
2081 5352 2191 5422 οὐχ
2219 5351 2405 5415 ἁπλῶς
2431 5347 2606 5415 εἶπεν,
2624 5353 2726 5404 Ἑν
2756 5348 2899 5414 Θεῶν
2929 5349 3064 5414 ἀλλ’ν
3083 5351 3179 5402 Ἐν
3208 5349 3329 5415 θεῷ
3350 5368 3492 5434 μουν

213 5451 404 5503 αἰῶνα
415 5448 604 5518 μένει.
631 5447 738 5499 Καὶ
756 5446 913 5516 δῆλον
931 5445 1088 5498 τοῦτο
1107 5445 1200 5498 καὶ
1221 5444 1328 5497 ἀπὸ
1348 5443 1549 5515 ταύτης
1578 5449 1677 5518 τῆς
1708 5465 1802 5516 γυ.

213 5534 422 5599 ναικὸς.
455 5534 698 5594 Βασιλεῖς
730 5533 828 5603 μέν
853 5532 960 5603 γὰρ
980 5532 1073 5586 καὶ
1093 5531 1388 5602 στρατηγοί
1408 5531 1500 5585 καὶ
1521 5531 1798 5596 δυνάσται,

273 5747 303 5808 f
326 5745 461 5808 Colb.
490 5751 541 5794 et
567 5745 907 5808 ῐίθςξκάρετήν.

281 5801 305 5836 δ
327 5807 464 5857 Coll).
495 5809 592 5855 duo
613 5801 668 5854 (ιι
691 5801 812 5865 Ιιιῖε.
838 5806 1111 5865 μετατιθείς.

278 5872 303 5903 ε
329 5870 547 5919 Sictloib
590 5869 686 5918 duo
708 5864 903 5929 cl’lh‘g.
933 5868 1045 5916 “me
1082 5864 1244 5916 vitiat-3
1267 5873 1406 5915 erant
1447 5867 1496 5914 in
1531 5865 1694 5916 Edilo.

1906 5433 1996 5484 τὸν
2020 5434 2200 5487 κοινὸν
2226 5435 2325 5504 τῆς
2353 5436 2675 5505 οἰκουμένης
2713 5436 2986 5504 Δεσπότην
3013 5434 3332 5504 ἀρπάζουσα
3358 5433 3492 5504 πρὸς

1905 5516 2124 5578 ἑαυτήν.
2151 5517 2322 5573 Τοῦτο
2359 5519 2416 5572 δέ
2448 5521 2724 5590 ἐποίησεν.
2744 5520 2844 5570 οὐκ
2873 5517 3169 5572 ἐλαττοῦσα
3199 5517 3362 5572 αὐτοῦ
3392 5518 3492 5588 τὴν

1966 5793 1992 5832 δ
2021 5798 2140 5858 Reg.
2169 5799 2487 5846 ἐπισκοτίσαι.

1971 5869 1992 5895 τ
2019 5857 2139 5922 Reg.
2165 5860 2264 5920 βίον
2297 5860 2562 5909 αἰδούμενοι
2589 5857 2732 5920 (Ioue
2758 5859 3044 5921 αἰτούμενοι)
3079 5859 3175 5923 ριψ.
