4038 6360
260 424 378 484 663

263 537 565 598 dominium
611 548 879 598 minuens,
910 529 1003 586 sed
1047 542 1200 583 sumn
1247 540 1483 580 amorem
1516 523 1754 577 indicans
1787 536 1850 574 ac

266 637 477 690 fovens.
504 631 592 687 Sic
635 628 780 682 enim
818 635 1082 679 amatores
1126 621 1342 675 solent:
1377 634 1481 672 non
1531 616 1706 670 ferunt
1749 628 1854 667 una

266 742 392 782 cum
423 722 606 777 multis
634 732 835 784 amare,
880 715 973 770 sed
1000 714 1250 769 eximium
1291 708 1571 779 quemdam
1599 721 1662 760 ac
1691 720 1855 775 pecu-

267 820 458 874 liarem
506 827 745 867 amorem
790 824 900 879 pra:
942 822 1001 862 se
1043 806 1184 860 ferre
1210 802 1414 858 volunt.
1462 799 1553 855 Sic
1593 807 1647 852 et
1690 795 1852 850 David

264 910 500 975 dicebat,
530 906 689 969 Deus,
719 902 855 958 Deus
883 916 1042 963 meus,
1070 898 1137 950 ad
1161 907 1205 950 te
1228 911 1372 949 mane
1391 892 1540 963 vigilo
1566 889 1732 961 (Psal.
1761 887 1850 943 62.

267 1002 348 1073 1).
381 999 666 1055 Nominata
692 994 835 1051 enim
861 989 1129 1047 communi
1156 987 1274 1057 ejus
1293 984 1674 1046 dominatione,
1703 978 1853 1033 addi-

262 1070 345 1149 dit
371 1106 491 1146 eam
528 1104 633 1159 qua
678 1084 1016 1156 peculiariter
1040 1089 1345 1134 sanctorum
1374 1075 1629 1129 Dominus
1658 1080 1757 1125 est.
1787 1070 1855 1123 Et

266 1199 504 1245 rursum,
539 1180 672 1234 Deus
697 1194 858 1234 meus.
904 1172 1104 1229 intende
1128 1173 1185 1245 in
1209 1185 1321 1232 me;
1350 1182 1507 1238 quare
1548 1163 1854 1233 dereliquisti

265 1295 351 1330 me
372 1274 543 1346 (Psaf.
575 1273 667 1326 2|.
706 1269 803 1343 1)?
832 1269 898 1322 Et
923 1280 1155 1330 rursum,
1185 1261 1365 1315 Dicam
1409 1257 1536 1322 Deo,
1587 1256 1854 1310 Protector

266 1384 410 1421 meus
434 1382 486 1419 es
516 1361 685 1433 (Psal.
710 1360 798 1415 90.
818 1358 876 1428 2)
903 1379 915 1412 :
939 1358 1129 1410 animae
1148 1354 1291 1408 enim
1318 1350 1570 1404 ferventis
1590 1360 1855 1401 accensa:-

266 1474 374 1529 que
419 1454 686 1510 desiderio
713 1460 837 1505 sunt
880 1449 995 1504 hau:
1039 1447 1220 1501 verba.
1252 1443 1399 1498 idem
1426 1449 1480 1495 et
1520 1439 1636 1493 haec
1664 1436 1854 1491 mulier

268 1548 415 1604 fecit.
442 1543 706 1600 Caeterum
736 1540 977 1595 homines
1005 1537 1076 1592 ita
1106 1536 1277 1589 facere
1306 1530 1438 1587 nihil
1466 1531 1693 1585 mirum:
1730 1542 1853 1581 cum

268 1654 400 1695 vero
442 1638 608 1691 Deum
655 1635 757 1688 hoc
805 1633 977 1701 ipsum
1025 1628 1198 1682 facere
1247 1624 1463 1688 videris,
1515 1631 1626 1675 tum
1666 1618 1855 1672 merito

270 1726 617 1798 obstupeﬁas.
646 1720 1105 1792 Quemadmodum
1128 1718 1270 1772 enim
1292 1715 1347 1770 hi
1372 1728 1481 1768 non
1500 1716 1551 1766 in
1573 1725 1855 1765 commune

271 1821 419 1875 illum
469 1818 739 1879 invocant,
783 1811 1054 1882 proprium
1114 1806 1373 1870 faciendo,
1404 1819 1559 1858 suum
1586 1818 1707 1858 eum
1735 1817 1855 1856 esse

269 1915 460 1970 volunt
492 1933 506 1969 ;
537 1911 607 1965 ita
635 1919 689 1964 et
735 1908 847 1977 ipse
888 1920 993 1959 non
1021 1904 1194 1957 solum
1220 1899 1573 1954 communiter
1602 1911 1701 1948 una
1732 1909 1853 1949 cum

269 2006 392 2059 aliis
416 2017 601 2059 eorum
646 1999 809 2054 etiam
854 1997 1022 2051 Deum
1050 2008 1108 2049 se
1150 1991 1446 2061 proﬁtetur,
1485 1987 1580 2043 sed
1609 1986 1856 2056 privatim

272 2099 529 2167 ipsorum.
559 2094 890 2161 Quapropter
918 2087 1147 2150 dicebat,
1174 2084 1285 2156 Ego
1309 2099 1419 2138 sum
1440 2081 1577 2135 Deus
1602 2080 1857 2133 Abraham

273 2202 321 2246 et
352 2189 504 2243 Isaac
525 2197 572 2241 et
599 2186 759 2240 Jacob
791 2183 982 2253 (Exod.
1005 2182 1058 2235 '5.
1085 2177 1141 2250 6)
1174 2197 1187 2233 :
1221 2192 1325 2232 non
1354 2175 1675 2231 contrahens
1700 2188 1856 2227 suum

273 2281 584 2352 imperium,
616 2277 709 2332 sed
736 2275 1027 2330 extendens
1056 2271 1265 2341 potius;
1296 2284 1402 2323 non
1428 2268 1569 2321 enim
1591 2275 1697 2319 tam
1715 2266 1855 2318 mul-

274 2373 502 2428 titudine
549 2368 903 2431 subditorum,
940 2379 1097 2434 quam
1142 2376 1325 2416 eorum
1355 2360 1549 2414 virtute
1598 2364 1858 2411 monstrat

274 2466 558 2535 imperium
601 2478 795 2525 suum;
845 2473 1017 2529 neque
1055 2465 1255 2511 tantum
1302 2453 1442 2508 Deus
1483 2450 1619 2511 caali,
1661 2458 1855 2514 terrm,

273 2557 439 2611 maris
464 2565 519 2610 et
558 2570 743 2609 eorum
772 2566 891 2620 qua:
933 2551 983 2603 in
1032 2548 1111 2602 eis
1154 2554 1277 2600 sunt
1322 2541 1575 2612 appellari
1620 2537 1856 2610 gaudet,

275 2656 529 2717 quantum
559 2645 605 2699 si
628 2646 769 2699 Deus
794 2641 1062 2697 Abraham
1092 2650 1147 2693 et
1176 2636 1319 2690 Isaac
1348 2643 1403 2690 et
1427 2633 1592 2688 Jacob
1619 2641 1854 2685 vocetur.

274 2740 345 2794 Et
372 2736 514 2808 quod
554 2736 607 2789 in
639 2733 941 2789 hominibus
979 2745 1082 2785 non
1128 2727 1382 2792 solemus,
1430 2724 1482 2778 in
1525 2724 1634 2778 Deo
1677 2722 1859 2776 videre

278 2831 426 2884 licet.
462 2827 699 2896 Exempli
730 2840 889 2879 causa
920 2845 932 2878 :
964 2821 1101 2892 apud
1131 2819 1373 2873 homines
1397 2832 1425 2870 a
1455 2814 1686 2871 dominis
1718 2814 1858 2868 servi

277 2920 693 2990 appellationem
720 2924 954 2977 sumunt,
1004 2924 1057 2968 et
1085 2914 1154 2966 ita
1184 2925 1371 2965 omnes
1418 2925 1483 2963 ex
1508 2921 1657 2962 more
1683 2906 1857 2975 loqui-

277 3029 400 3067 mur
432 3032 445 3066 :
480 3010 571 3064 ille
601 3010 686 3063 vel
730 3010 817 3063 ille
859 3015 1169 3076 procurator
1197 3010 1290 3056 aut
1317 3000 1651 3069 dispensator
1682 2996 1855 3063 illius,

280 3103 363 3156 vel
395 3100 534 3154 illius
561 3098 711 3153 ducis
730 3108 783 3152 et
811 3096 1043 3167 prwfecti
1074 3109 1087 3143 :
1121 3108 1278 3147 nemo
1303 3101 1481 3146 autem
1503 3088 1581 3143 sic
1606 3087 1855 3158 loquitur,

281 3195 376 3250 Ille
406 3194 488 3247 vel
512 3193 602 3246 ille
619 3190 907 3261 praefectus
926 3190 1072 3245 illius
1089 3185 1446 3256 procuratoris
1473 3191 1561 3236 aut
1581 3181 1861 3250 dispensa-

281 3287 413 3340 toris
444 3306 456 3340 :
485 3285 578 3338 sed
609 3284 845 3337 minores
887 3298 915 3332 a
946 3278 1236 3347 majoribus
1266 3290 1479 3344 semper
1513 3272 1858 3327 denominare

280 3376 674 3431 consuevimus.
708 3373 785 3426 De
824 3372 932 3425 Deo
958 3379 1135 3423 autem
1174 3377 1357 3421 contra
1403 3364 1461 3418 ﬁt
1495 3385 1507 3419 :
1536 3378 1644 3417 non
1687 3360 1857 3414 solum

280 3470 428 3524 enim
457 3466 724 3523 Abraham
768 3464 861 3519 Dei
892 3478 1031 3527 esse,
1079 3460 1172 3516 sed
1202 3460 1342 3514 Deus
1384 3458 1542 3511 etiam
1574 3451 1859 3509 Abrahami

281 3561 507 3625 dicitur,
538 3566 696 3629 atque
728 3559 796 3611 ita
836 3556 1089 3610 Dominus
1127 3568 1155 3605 a
1199 3565 1354 3606 servo
1398 3548 1716 3602 nominatur.
1752 3543 1863 3599 Hoc

282 3653 425 3707 idem
470 3651 628 3721 igitur
674 3659 729 3704 et
770 3648 964 3704 Paulus
1009 3661 1127 3700 cum
1173 3643 1555 3704 admiraretur,
1603 3637 1859 3692 dicebat:

284 3746 621 3811 Quamobrem
659 3760 761 3796 non
810 3740 1051 3795 erubescit
1103 3737 1241 3791 Deus
1283 3735 1448 3790 uocari
1473 3733 1609 3786 Deus
1638 3733 1862 3800 ipsorum

284 3838 471 3909 (Hebr.
518 3838 606 3891 11.
650 3833 761 3906 16).
810 3834 926 3889 Non
971 3830 1255 3893 erubescit,
1303 3825 1489 3896 inquit,
1543 3824 1794 3877 Dominus
1832 3835 1863 3874 a

284 3932 455 3984 servis
482 3929 893 3999 appellationem
925 3938 1156 3978 sumere.
1201 3920 1375 3987 Quare
1423 3932 1528 3971 non
1558 3911 1864 3969 erubescit?

284 4022 369 4074 dic
397 4020 679 4074 rationem.
711 4018 969 4071 Nimirum
998 4024 1053 4068 ut
1078 4023 1132 4067 et
1155 4026 1250 4065 nos
1278 4025 1401 4064 eum
1423 4008 1704 4061 imitemur.
1732 4004 1865 4069 Quia

287 4110 506 4177 hospites
530 4118 691 4171 erant,
726 4107 912 4177 inquit,
943 4116 989 4159 et
1031 4105 1235 4157 advena:
1262 4100 1420 4173 (Ibid.
1454 4116 1500 4153 υ.
1550 4099 1663 4167 15).
1708 4094 1866 4165 Atqui

287 4202 369 4255 vel
398 4201 469 4254 ob
491 4202 594 4256 hoc
616 4201 786 4269 ipsum
811 4198 1130 4253 erubescere
1155 4193 1432 4263 Oportebat
1464 4209 1477 4245 :
1508 4190 1699 4259 hospes
1723 4188 1864 4242 enim

288 4294 407 4348 vilis
437 4303 491 4348 et
515 4292 939 4346 contemnendus
966 4304 1087 4344 esse
1116 4288 1341 4342 videtur.
1361 4285 1432 4339 At
1457 4283 1535 4338 illi
1564 4280 1731 4336 sancti
1757 4293 1864 4333 non

288 4400 354 4439 eo
378 4384 538 4438 modo
587 4382 828 4452 hospites
854 4391 1025 4446 erant,
1053 4394 1160 4450 quo
1207 4393 1306 4433 nos
1347 4385 1612 4447 putamus,
1641 4371 1734 4425 sed
1764 4371 1869 4424 alio

287 4474 520 4545 quodam
564 4473 783 4527 minime
811 4472 1032 4542 vulgari.
1062 4470 1169 4525 Nos
1210 4468 1448 4537 hospites
1473 4479 1568 4521 eos
1600 4462 1870 4532 appellare

290 4564 551 4629 solemus,
582 4564 671 4633 qui
700 4562 887 4617 relicta
916 4576 1007 4615 sua
1038 4561 1205 4630 patria
1236 4558 1290 4612 in
1334 4557 1560 4612 alienam
1601 4554 1870 4622 regionem

292 4656 611 4727 perveniunt
634 4677 646 4710 :
671 4656 745 4709 illi
769 4670 897 4711 vero
925 4670 1031 4709 non
1059 4654 1128 4707 ita
1155 4660 1308 4708 erant
1334 4650 1587 4719 hospites,
1618 4646 1709 4700 sed
1731 4643 1872 4715 quod

289 4747 477 4801 orbem
522 4746 835 4800 universum
877 4744 1235 4813 despicerent,
1279 4750 1334 4797 et
1379 4753 1595 4809 parvam
1629 4740 1875 4806 putarent

290 4852 410 4892 esse
439 4846 658 4901 terram,
683 4836 748 4891 ad
764 4836 1030 4891 caelestem
1054 4835 1193 4889 illam
1212 4833 1477 4890 civitatem
1496 4829 1871 4899 respiciebant,

291 4942 399 4981 non
428 4929 752 4999 arrogantia,
793 4928 888 4983 sed
914 4926 1346 4997 magnanimitate
1371 4941 1386 4989 ;
1414 4938 1519 4979 n0n
1552 4920 1833 4977 insolentia
1854 4961 1870 4986 ,

292 5024 389 5075 sed
427 5033 647 5092 propter
671 5022 945 5090 sapientiae
971 5019 1226 5075 studium.
1255 5018 1540 5088 Postquam
1573 5015 1712 5070 enim
1744 5028 1874 5067 con-

295 5113 534 5182 templati
564 5122 687 5167 sunt
729 5123 939 5167 terrena
969 5111 1249 5177 universa,
1291 5119 1347 5164 et
1388 5109 1876 5163 animadverterunt

294 5203 438 5259 fluxa
466 5220 585 5259 esse
610 5213 666 5259 et
690 5204 956 5268 mortalia,
986 5218 1087 5257 nec
1113 5202 1396 5274 quidquam
1430 5202 1514 5256 hic
1542 5203 1748 5255 firmum
1787 5207 1879 5253 aut

295 5298 509 5362 stabile,
554 5312 659 5350 non
703 5296 943 5362 divitias,
975 5311 1079 5350 non
1121 5294 1409 5365 potentiam
1432 5335 1447 5359 ,
1478 5308 1581 5346 non
1614 5293 1832 5362 gloriam
1857 5332 1875 5357 ,

296 5406 404 5442 non
435 5389 598 5441 vitam
644 5389 832 5456 ipsam,
858 5388 951 5442 sed
994 5387 1198 5456 singula
1248 5386 1404 5438 ﬁnem
1457 5384 1672 5448 habere,
1717 5393 1770 5437 et
1810 5382 1876 5436 ad

296 5496 454 5535 suum
495 5478 743 5549 quodque
785 5494 1068 5548 properare
1112 5478 1396 5532 terminum
1434 5476 1705 5529 :caelestia
1752 5490 1879 5529 vero

298 5587 407 5627 non
428 5572 574 5638 talia,
594 5572 688 5627 sed
709 5571 911 5625 inﬁnita
933 5572 1373 5639 immortaliaque,
1390 5570 1691 5623 maluerunt
1710 5569 1881 5635 hospi-

298 5671 385 5720 tes
410 5677 531 5716 esse
573 5662 628 5716 in
658 5662 820 5716 rebus
847 5660 1001 5716 fluxis
1031 5669 1085 5717 et
1122 5658 1641 5731 praeterlabentibus,
1673 5668 1730 5712 ut
1760 5674 1880 5727 per-

297 5762 581 5812 manentes
608 5754 727 5807 illas
756 5754 965 5822 assequi
987 5763 1223 5822 possent.
1254 5750 1502 5819 Hospites
1529 5751 1685 5819 igitur
1706 5758 1878 5815 erant,

305 5859 412 5907 non
448 5843 588 5917 quod
618 5844 836 5916 patriam
869 5860 971 5899 non
1002 5844 1279 5912 haberent,
1310 5840 1403 5899 sed
1430 5840 1571 5913 quod
1595 5842 1876 5912 sempiter-

1548 410 1637 466 DE
1676 406 1856 462 ANNA
1886 405 2115 462 SERMO
2155 408 2237 463 IV.

3441 417 3544 475 666

1960 538 2084 577 nam
2109 524 2252 578 illam
2275 526 2499 595 patriam
2520 526 2905 585 desiderarent.
2935 528 3087 597 Quod
3109 531 3325 603 quidem
3347 545 3401 590 et
3428 544 3541 606 ipse

1958 615 2303 682 signiﬁcando
2345 617 2553 673 dicebat
2585 636 2598 674 :
2635 620 2735 685 Qui
2769 630 2933 675 autem
2974 622 3097 676 talia
3124 625 3414 691 loquuntur,
3445 644 3537 697 pa-

1962 704 2109 757 triam
2136 721 2189 757 se
2211 708 2462 777 requirere
2484 711 2749 764 ostendunt
2782 709 2962 781 (Hebr.
2997 714 3085 767 11.
3133 714 3344 787 14-16).
3370 717 3537 783 Quam

1964 796 2206 865 patriam,
2234 798 2503 854 obsecro?
2530 816 2655 855 num
2695 802 2924 871 priorem
2953 805 3093 861 illam
3123 823 3280 877 quam
3314 809 3517 880 relique

1963 891 2129 991 runt?
2156 891 2388 957 Minime,
2415 894 2583 963 inquit
2614 915 2627 951 :
2661 895 2722 950 Si
2765 897 2895 950 enim
2939 898 3077 953 illius
3109 901 3499 955 recordabantur
3520 943 3538 969 ,

1961 983 2213 1050 integrum
2239 983 2307 1036 eis
2332 994 2439 1036 erat
2467 984 2555 1037 illo
2580 988 2742 1039 redire
2769 1000 2792 1042 :
2817 1004 2949 1040 nunc
2977 999 3143 1043 autem
3168 992 3420 1044 meliorem
3448 994 3538 1045 ἀθ-

1958 1070 2203 1136 siderant,
2231 1072 2325 1125 hoc
2350 1083 2420 1126 est
2443 1075 2702 1140 aelestem,
2730 1079 2873 1148 cujus
2897 1079 3068 1148 opifex
3096 1090 3141 1133 et
3170 1091 3364 1134 creator
3399 1080 3540 1134 Deus

1962 1172 2053 1219 est.
2084 1163 2206 1217 Ideo
2230 1182 2329 1218 non
2350 1166 2586 1221 erubescit
2607 1165 2746 1223 Deus
2765 1171 2932 1224 uocari
2962 1168 3103 1225 Deus
3126 1172 3352 1242 ipsorum
3379 1172 3538 1243 (Ibid.

1962 1270 2011 1309 υ.
2042 1255 2155 1324 10).

2034 1348 2089 1402 5.
2118 1348 2329 1402 Assidue
2354 1351 2550 1421 precari
2588 1351 2837 1419 debemus,
2863 1362 2910 1407 et
2946 1355 3195 1409 orationes
3220 1356 3416 1411 crebras
3446 1374 3537 1411 ne-

1961 1441 2108 1512 gotiis
2156 1442 2466 1513 interponere
2488 1460 2507 1498 :
2531 1446 2625 1499 Itoc
2664 1447 2993 1513 conﬁrmatur
3032 1450 3272 1518 exemplis
3313 1459 3357 1502 et
3405 1466 3543 1503 eom-

1965 1534 2307 1604 parationibus
2351 1553 2465 1589 cum
2506 1553 2566 1590 ea:
2593 1537 2807 1605 prandio
2850 1548 2954 1591 tum
2982 1555 3008 1592 e
3035 1539 3294 1607 fabrorum
3322 1542 3540 1608 artiﬁcio

1964 1625 2233 1688 deductis;
2294 1625 2504 1693 affectus
2554 1629 2809 1698 pra'cipua
2869 1646 2987 1698 pars
3035 1631 3292 1686 orationis.
3322 1659 3394 1672 -—
3433 1630 3541 1685 Hos

1965 1718 2124 1788 igitur
2178 1734 2276 1774 nos
2345 1734 2555 1790 quoque
2628 1719 2931 1786 imitemur;
2983 1721 3337 1791 despiciamus
3398 1737 3540 1791 pra:-

1965 1811 2158 1875 sentia,
2204 1812 2642 1880 concupiscamus
2680 1811 2856 1867 futura
2887 1834 2900 1869 :
2931 1822 3141 1867 utamur
3186 1812 3287 1868 hac
3320 1814 3543 1868 muliere

1964 1902 2233 1970 magistra,
2268 1913 2319 1957 et
2348 1901 2415 1956 ad
2447 1903 2613 1957 Deum
2653 1917 2864 1972 semper
2901 1902 3287 1972 confugiamus,
3335 1902 3402 1957 ab
3427 1904 3542 1958 illo-

1964 2009 2069 2063 que
2089 1993 2265 2049 omnia
2289 1994 2659 2064 deposcamus.
2680 1994 2817 2050 Nihil
2839 1996 2982 2051 enim
3006 1996 3292 2066 precationi
3317 1996 3541 2066 aequale:

1966 2103 2027 2142 ea
2059 2089 2255 2157 quippe
2286 2098 2370 2143 est
2396 2104 2515 2158 qua:
2559 2104 2627 2144 ex
2657 2089 3069 2158 impossibilibus
3100 2088 3369 2158 possibilia
3397 2088 3542 2155 facit,

1972 2195 2038 2235 ex
2064 2179 2369 2235 difﬁcilibus
2393 2180 2588 2246 facilia,
2616 2190 2669 2234 et
2692 2197 2756 2235 ex
2786 2181 3036 2235 tortuosis
3064 2189 3227 2235 recta.
3252 2181 3398 2234 Hanc
3419 2180 3546 2233 bea-

1969 2281 2053 2326 tus
2081 2287 2292 2342 quoque
2332 2271 2500 2327 David
2531 2272 2816 2327 adhibebat
2844 2289 2863 2337 ;
2894 2273 3116 2341 ideoque
3144 2272 3351 2327 dicebat
3391 2291 3404 2327 :
3446 2273 3545 2326 Se-

1968 2364 2092 2434 pties
2115 2365 2167 2418 in
2187 2364 2270 2417 die
2292 2364 2495 2420 laudavi
2516 2375 2562 2418 te
2581 2374 2783 2434 propter
2793 2365 2991 2433 judicia
3005 2364 3217 2434 justitiae
3242 2373 3340 2417 tua:
3373 2361 3541 2433 (Psal.

1970 2455 2091 2510 118.
2135 2456 2280 2526 164).
2323 2455 2476 2525 Quod
2500 2457 2545 2511 si
2577 2472 2694 2522 rex,
2736 2456 2956 2510 inﬁnitis
2980 2456 3123 2510 curis
3163 2456 3461 2520 immersus,
3493 2463 3546 2510 et

1968 2549 2022 2604 in
2051 2558 2160 2603 tam
2179 2550 2320 2603 varia
2335 2549 2638 2613 distractus,
2658 2549 2814 2603 toties
2840 2548 2889 2602 in
2912 2548 3001 2603 die
3014 2546 3324 2617 precabatur
3346 2545 3541 2600 Deum:

1970 2655 2130 2710 quam
2156 2639 2522 2695 defensionem
2550 2651 2641 2693 aut
2666 2641 2874 2694 veniam
2898 2639 3095 2694 habere
3120 2638 3409 2708 poterimus
3425 2652 3544 2702 nos,

1970 2732 2059 2802 qui
2108 2732 2160 2785 in
2190 2740 2338 2786 tanto
2375 2732 2487 2787 otio
2522 2731 2784 2800 degimus,
2812 2746 2912 2785 nec
2941 2740 3113 2785 tamen
3146 2729 3294 2783 illum
3336 2728 3548 2783 assidue

1969 2837 2205 2889 oramus,
2236 2823 2394 2892 idque
2419 2837 2542 2876 cum
2571 2822 2694 2876 inde
2726 2832 2902 2875 tantus
2929 2820 3133 2875 fructus
3154 2821 3221 2873 sit
3247 2820 3400 2874 nobis
3423 2834 3548 2888 pro-

1969 2913 2267 2968 venturus?
2292 2912 2621 2982 lmpossibile
2642 2913 2802 2977 enim,
2833 2911 3157 2979 impossibile
3183 2919 3283 2974 est,
3308 2909 3542 2977 inquam,

1970 3005 2242 3061 hominem
2269 3021 2370 3075 qua
2397 3004 2551 3059 decet
2576 3004 2850 3057 alacritate
2880 3010 3206 3071 precantem,
3239 3010 3294 3055 et
3332 2999 3546 3054 assidue

1971 3098 2140 3152 Deum
2182 3106 2447 3162 orantem,
2480 3110 2727 3165 umquam
2776 3095 2826 3147 in
2873 3100 3146 3162 peccatum
3195 3089 3447 3144 incidere.
3489 3088 3544 3142 ω

1968 3205 2072 3259 qua
2099 3189 2305 3242 ratione
2328 3187 2437 3249 ﬁat,
2461 3187 2572 3256 jam
2593 3187 2830 3239 dicturus
2855 3200 2992 3240 sum.
3017 3184 3115 3249 Qui
3140 3192 3373 3237 mentem
3392 3194 3542 3234 suam

1968 3281 2233 3347 accendit,
2256 3290 2311 3335 et.
2334 3282 2568 3334 animam
2589 3278 2760 3334 erexit
2782 3287 2939 3347 atque
2962 3275 3028 3330 ad
3058 3274 3288 3329 czelestia
3313 3281 3547 3327 transtu-

1973 3374 2051 3437 lit,
2085 3383 2139 3428 et
2179 3374 2248 3427 ita
2278 3372 2564 3427 Dominum
2605 3386 2760 3426 suum
2798 3370 3081 3433 invocavit,
3115 3366 3449 3438 peccatisque
3488 3364 3544 3418 in

1970 3471 2284 3522 memoriam
2308 3466 2561 3531 reductis,
2606 3464 2675 3521 de
2717 3479 2903 3519 eorum
2943 3462 3255 3516 remissione
3294 3474 3415 3513 cum
3455 3457 3545 3509 illo

1972 3560 2307 3628 colloquutus
2331 3566 2434 3621 est,
2473 3558 2761 3611 obsecrans
2804 3564 2861 3609 ut
2908 3555 3144 3623 placatus
3186 3567 3249 3606 ac
3288 3549 3546 3621 propitius

1971 3652 2071 3706 sibi
2094 3666 2214 3706 esse
2238 3650 2504 3720 dignetur,
2530 3648 2574 3703 is
2594 3656 2715 3718 post
2742 3647 2875 3701 tales
2889 3646 3156 3700 orationes
3178 3658 3391 3698 omnem
3413 3657 3547 3710 prte-

1975 3742 2140 3798 sentis
2170 3742 2291 3796 vita:
2316 3756 2498 3796 curam
2524 3741 2726 3808 abjicit,
2752 3754 2846 3807 spe
2885 3737 3122 3806 erigitur,
3148 3750 3211 3789 ac
3240 3749 3397 3802 supra
3423 3748 3543 3785 om-

1974 3851 2070 3890 nes
2106 3834 2365 3888 humanas
2389 3833 2695 3888 affectiones
2721 3831 3026 3894 extollitur;
3053 3838 3105 3883 et
3134 3826 3245 3881 sive
3276 3824 3543 3879 inimicum

1974 3939 2097 4000 post
2125 3928 2483 3997 precationem
2528 3924 2737 3988 viderit,
2777 3922 2886 3992 jam
2927 3937 3030 3976 non
3062 3931 3327 3988 tamquam
3372 3918 3548 3972 inimi-

1975 4037 2094 4076 cum
2124 4019 2346 4090 aspiciet
2374 4039 2389 4074 :
2420 4019 2532 4072 sive
2557 4017 2833 4071 mulierem
2858 4014 3164 4077 formosam,
3194 4011 3310 4081 ejus
3333 4022 3549 4079 aspectu

1975 4128 2085 4166 non
2114 4110 2404 4181 frangetur,
2430 4109 2655 4162 durante
2698 4105 2869 4158 adhuc
2912 4104 3031 4174 igne
3070 4118 3167 4173 per
3193 4102 3549 4172 precationem

1978 4208 2121 4261 intus
2149 4217 2378 4259 accenso
2409 4209 2465 4255 et
2484 4214 2701 4255 omnem
2730 4195 3015 4252 absurdam
3053 4195 3425 4265 cogitationem
3452 4192 3551 4246 de-

1978 4301 2231 4371 pellente.
2261 4297 2368 4353 Sed
2394 4297 2641 4367 quoniam
2671 4295 2913 4351 homines
2938 4308 3063 4349 cum
3090 4292 3275 4352 simus,
3309 4287 3460 4342 facile
3485 4285 3552 4339 ad

1980 4391 2256 4462 segnitiem
2286 4389 2591 4452 relahimur,
2640 4394 2824 4441 exacta
2873 4398 2975 4437 una
3005 4382 3237 4436 alterave
3264 4387 3355 4432 aut
3398 4377 3552 4432 tertia

1981 4493 2104 4554 post
2128 4482 2489 4553 precationem
2524 4479 2673 4543 hora,
2707 4477 2794 4531 ubi
2823 4475 3055 4529 senseris
3084 4471 3364 4542 pristinum
3411 4469 3556 4523 illum

1982 4575 2247 4630 fervorem
2291 4571 2542 4641 paulatim
2571 4570 2874 4639 frigescere,
2908 4580 3124 4620 recurre
3149 4561 3462 4633 quantocius
3491 4559 3554 4611 ad

1984 4681 2190 4737 preces,
2223 4666 2699 4735 frigescentemque
2737 4667 2970 4714 mentem
3002 4670 3187 4711 rursus
3219 4651 3471 4707 accende.
3504 4650 3557 4703 id

1982 4764 2028 4817 si
2060 4777 2154 4831 per
2180 4768 2343 4814 totam
2378 4757 2517 4811 diem
2544 4754 2757 4815 feceris,
2784 4767 2881 4822 per
2905 4747 3175 4805 intervalla
3206 4744 3408 4801 crebris
3436 4758 3557 4811 pre-

1982 4854 2278 4910 cationibus
2308 4860 2358 4905 te
2380 4850 2554 4919 ipsum
2580 4845 2896 4907 accendens,
2921 4858 3025 4897 non
3053 4840 3203 4895 dabis
3223 4837 3558 4892 occasionem

1984 4946 2195 5002 diabolo
2238 4951 2330 4997 aut
2373 4940 2536 4995 ullum
2568 4938 2633 4992 ad
2684 4945 2802 4990 tuas
2843 4933 3194 5003 cogitationes
3240 4929 3459 4982 aditum.
3493 4925 3560 4979 Et

1983 5032 2428 5107 quemadmodum
2456 5032 2506 5083 in
2527 5026 2834 5098 apparando
2858 5023 3099 5094 prandio,
3122 5036 3243 5075 cum
3270 5026 3395 5089 potu
3418 5030 3553 5085 opus

1985 5137 2087 5195 est,
2114 5129 2159 5182 si
2184 5141 2317 5196 aqua
2349 5122 2521 5178 calida
2569 5121 2836 5189 frigescat,
2871 5115 2936 5169 ad
2965 5114 3137 5169 focum
3164 5110 3432 5165 admotam
3472 5122 3560 5160 ca~

1986 5225 2260 5279 lefacimus
2284 5220 2362 5289 (a)
2386 5238 2397 5271 :
2418 5217 2488 5271 ita
2508 5224 2564 5269 et
2591 5213 2677 5267 hic
2704 5208 3000 5265 faciendum
3023 5215 3124 5270 est,
3161 5213 3217 5258 et
3234 5217 3296 5257 os
3321 5210 3560 5255 nostrum

1985 5316 2050 5369 ad
2080 5312 2416 5383 precationes
2444 5305 2592 5376 quasi
2622 5304 2689 5358 ad
2712 5315 2907 5372 prunas
2937 5294 3347 5359 admovendum,
3374 5301 3431 5345 ut
3460 5290 3561 5345 hoc

1986 5380 2141 5476 pach
2174 5416 2324 5457 mens
2365 5398 2430 5453 ad
2463 5398 2712 5468 pietatem
2742 5405 2951 5446 rursum
3001 5384 3334 5441 accendatur.
3383 5380 3562 5435 Imite-

1987 5513 2106 5552 mur
2152 5494 2309 5549 etiam
2359 5491 2537 5544 fabros
2582 5482 2951 5540 carmentarios
3000 5497 3012 5533 :
3064 5477 3117 5530 hi
3165 5474 3305 5530 enim
3354 5469 3564 5539 quoties

1989 5586 2250 5643 lateritius
2298 5582 2473 5652 paries
2511 5572 2921 5633 exmdiﬁcandus
2963 5577 3068 5635 est,
3110 5566 3181 5621 ob
3227 5562 3564 5632 fragilitatem

2052 5720 2122 5782 (a)
2156 5726 2223 5767 De
2267 5722 2380 5782 potu
2422 5724 2558 5782 aqute
2590 5706 2758 5782 calidae
2793 5706 2842 5753 in
2872 5702 3084 5782 sabbati).

1987 5757 2223 5835 audiatis”
2244 5757 2380 5826 Dial.“
2399 5757 2795 5834 ct‘l‘t'tiit‘ryphoue
2819 5782 2867 5831 p.
2890 5766 3014 5825 246;
3040 5762 3117 5812 hic
3138 5766 3299 5811 autem
3321 5757 3384 5805 de
3401 5757 3569 5817 quoue

1991 5847 2130 5901 diano
2148 5855 2236 5892 usu
2261 5840 2434 5901 agitur.
