4038 6360
508 437 615 495 667

508 548 749 607 materiae
792 562 915 601 cum
947 543 1118 612 longis
1153 543 1309 612 lignis
1339 542 1627 610 stringunt,
1663 538 1822 606 idque
1851 550 1955 588 non
2002 548 2099 602 per

510 642 666 710 longa
694 637 994 698 iuterstitia,
1027 634 1119 687 sed
1146 649 1244 703 per
1287 630 1516 695 modica,
1548 640 1602 682 ut
1642 640 1925 695 compages
1964 625 2099 677 late-

511 750 632 789 rum
680 730 842 785 tutior
872 729 941 783 sit
980 726 1052 780 ob
1091 726 1355 795 lignorum
1402 710 1778 790 frequentiam.
1808 716 1949 771 Idem
1982 715 2096 784 ipse

508 839 721 896 quoque
751 821 931 885 facito,
963 827 1017 873 et
1045 818 1181 872 sicut
1204 816 1277 869 illi
1303 812 1641 883 ligaminibus
1669 808 1861 879 ligneis
1891 806 1990 879 (a),
2024 806 2092 860 ita

508 930 563 973 tu
593 914 941 971 szecularibus
982 911 1210 982 negotiis
1236 908 1571 979 precationes
1597 904 1814 958 crebras
1853 901 2096 970 interpo-

507 1023 665 1073 nens,
693 1008 857 1061 vitam
890 1015 1034 1059 luam
1061 1003 1160 1057 hoc
1189 1011 1349 1071 pacto
1376 998 1603 1051 munias.
1630 994 1781 1062 Quod
1812 994 1854 1046 si
1876 991 2092 1055 feceris,

507 1102 717 1157 etiamsi
746 1100 989 1170 plurima:
1024 1096 1269 1165 procellae
1298 1094 1566 1161 ingruant,
1597 1090 1709 1142 sive
1737 1086 2054 1141 tentationes
2074 1124 2088 1149 ,

514 1200 630 1252 sive
652 1194 941 1254 mmstitiaa,
971 1194 1083 1246 sive
1105 1187 1452 1258 cogitationes
1473 1184 1735 1245 molestae,
1758 1182 1870 1236 sive
1888 1177 2095 1247 quidvis

508 1288 677 1353 aliud,
709 1285 839 1341 nihil
868 1284 1100 1352 dejicere
1146 1280 1338 1351 poterit
1363 1278 1580 1331 domum
1609 1284 1713 1327 tam
1742 1270 1944 1326 crebris
1972 1283 2094 1337 pre-

508 1382 819 1437 cationibus
863 1378 1078 1446 ligatam
1108 1384 1266 1440 atque
1301 1370 1580 1424 munitam.
1630 1366 1803 1427 Dices,
1834 1362 1934 1427 Qui
1980 1358 2095 1414 ﬁeri

507 1482 686 1544 potest
715 1479 773 1525 ut
800 1470 961 1524 homo
987 1464 1277 1527 saecularis,
1304 1459 1605 1516 forensibus
1627 1456 1853 1526 negotiis
1879 1451 2090 1516 afﬁxus,

509 1566 679 1619 tribus
711 1563 855 1615 horis
881 1560 986 1615 diei
1034 1565 1303 1628 precetur,
1344 1563 1401 1608 et
1445 1552 1510 1606 ad
1550 1549 1835 1606 ecclesiam
1878 1545 2096 1601 currat?

515 1658 716 1721 l'otcsl,
749 1663 803 1709 et
832 1653 983 1707 facile
1011 1660 1094 1706 est
1127 1666 1141 1714 ;
1170 1650 1291 1703 licet
1312 1649 1454 1702 cnim
1478 1646 1542 1699 ad
1565 1644 1847 1699 ecclesiam
1878 1655 2095 1695 currere

510 1764 618 1801 non
650 1748 717 1801 sit
760 1744 1124 1805 commodum,
1175 1749 1347 1810 potest
1397 1738 1520 1792 inibi
1571 1737 1621 1790 in
1669 1735 1785 1789 foro
1829 1734 2096 1800 curimque

511 1840 776 1895 vestibulo
825 1837 1033 1891 barrens
1065 1832 1410 1889 nihilominus
1439 1832 1642 1898 precari
1675 1848 1685 1881 :
1715 1825 1781 1880 ad
1826 1825 1928 1879 hoc
1954 1823 2095 1877 enim

511 1942 689 1989 mente
718 1932 885 2002 magis
914 1943 1047 1999 opus
1074 1937 1155 1982 est
1182 1941 1339 1997 quam
1371 1937 1521 1987 voce,
1545 1919 1709 1976 animi
1752 1916 2095 1973 contentione

508 2026 677 2095 magis
720 2039 876 2094 quam
924 2034 1176 2076 manuum
1223 2015 1582 2073 extensione:
1630 2026 1729 2065 nec
1781 2020 1887 2063 tam
1934 2007 2097 2062 refert

508 2134 616 2186 quo
642 2115 881 2187 corporis
908 2112 1089 2167 habitu
1123 2109 1172 2164 id
1204 2107 1388 2174 facias,
1415 2120 1572 2176 quam
1614 2118 1721 2174 quo
1746 2101 1937 2156 animae
1962 2097 2095 2153 aﬂ‘e-

506 2221 595 2263 ctu
630 2226 643 2259 :
676 2205 1104 2276 quandoquidem
1147 2210 1201 2257 et
1244 2201 1356 2269 ipsa
1403 2202 1555 2253 Anna
1586 2211 1691 2250 non
1723 2193 1792 2248 ob
1828 2194 2093 2247 intensam

507 2302 968 2361 vociferationem,
1015 2297 1107 2351 sed
1155 2296 1224 2350 ob
1271 2295 1539 2348 internum
1588 2288 1764 2343 cordis
1806 2286 2092 2340 clamorem

509 2394 753 2448 exaudita
784 2399 883 2446 est.
918 2389 1056 2443 Dicit
1082 2387 1223 2441 enim
1254 2383 1547 2451 Scriptura,
1603 2378 1711 2433 Vox
1735 2379 1843 2447 ejus
1876 2392 1975 2428 non
2002 2390 2095 2427 au-

509 2484 759 2545 diebatur,
801 2492 847 2535 et
879 2479 1131 2533 Dominus
1171 2474 1422 2529 exaudivit
1475 2488 1588 2525 eam
1632 2470 1709 2539 (1.
1754 2467 1879 2537 Reg.
1917 2467 1967 2519 1.
2004 2464 2091 2518 l3.

509 2576 637 2643 19).
690 2574 801 2628 lloc
829 2580 884 2626 et
933 2570 1022 2624 alii
1075 2567 1225 2622 multi
1274 2580 1415 2633 saepe
1462 2564 1719 2622 fecerunt,
1747 2568 1803 2613 et
1830 2558 2093 2610 clamante

506 2668 652 2719 intus
683 2665 1015 2733 magistratu,
1064 2660 1318 2718 minante,
1350 2662 1686 2723 eanperato,
1719 2650 1945 2712 furente,
1992 2646 2090 2715 ipsi

505 2774 605 2829 pro
637 2757 834 2811 foribus
879 2754 1040 2809 curiae
1082 2759 1304 2811 stantes,
1340 2754 1621 2818 postquam
1651 2759 1709 2797 se
1750 2755 1905 2795 sacro
1934 2740 2087 2808 signo

513 2851 830 2910 munissent,
863 2854 917 2899 et
946 2859 1110 2914 pauca
1151 2842 1202 2895 in
1234 2840 1411 2893 animo
1441 2837 1659 2906 precati,
1691 2833 1997 2901 introgressi
2025 2828 2091 2883 ad

504 2957 629 2996 eum
663 2946 996 2993 mutaverunt
1026 2935 1320 2997 hominem,
1351 2946 1413 2985 ac
1439 2929 1830 2997 mitigaverunt,
1858 2934 1911 2978 et
1945 2938 2093 2975 man-

506 3043 718 3088 suetum
745 3047 809 3086 ex
841 3044 1031 3099 aspero
1060 3026 1407 3081 reddiderunt
1436 3038 1449 3074 :
1477 3035 1649 3090 neque
1677 3018 1777 3072 illis
1805 3026 1894 3070 aut
1922 3016 2087 3082 locus,

504 3133 599 3178 aut
624 3132 854 3193 tempus,
881 3128 971 3175 aut
995 3118 1264 3173 silentium
1295 3113 1361 3169 ad
1394 3110 1715 3183 precandum
1743 3107 1835 3162 fuit
1867 3104 2089 3174 impedi-

506 3228 711 3272 mento.

579 3308 631 3361 6.
666 3307 776 3361 llnc
804 3305 963 3358 etiam
996 3312 1049 3356 tu
1100 3300 1257 3355 facito
1287 3321 1300 3355 :
1331 3295 1617 3367 ingemisce
1658 3308 1859 3357 amare,
1890 3292 1943 3346 in
1972 3306 2087 3345 me-

506 3398 731 3453 moriam
783 3410 975 3450 revoca
1023 3403 1107 3447 tua
1142 3399 1376 3461 peccata,
1422 3389 1633 3457 suspice
1681 3388 1732 3439 in
1764 3385 1974 3449 caelum,
2006 3382 2093 3437 die

506 3489 564 3544 in
592 3497 791 3548 mente,
826 3484 1067 3539 Miserere
1099 3484 1215 3545 mei,
1255 3481 1412 3544 Deus,
1445 3490 1497 3534 et
1527 3478 1797 3533 absolviin
1828 3476 2091 3546 precatio-

506 3595 652 3634 nem.
682 3578 780 3645 Qui
806 3577 948 3631 enim
970 3574 1119 3641 dicit,
1150 3572 1410 3634 Miserere,
1439 3570 1822 3625 confessionem
1845 3566 2017 3631 offert,
2040 3575 2094 3620 et

512 3680 787 3740 peccatum
817 3683 969 3721 suum
1001 3665 1239 3736 agnoscit
1274 3686 1285 3719 :
1319 3664 1582 3733 lapsorum
1610 3661 1751 3715 enim
1780 3668 1862 3715 est
1884 3658 2093 3712 miseri-

504 3762 741 3817 cordiam
774 3761 1064 3829 requirere.
1096 3757 1196 3824 Qui
1224 3756 1373 3817 dicit,
1409 3755 1651 3808 Miserere
1672 3754 1789 3818 mei,
1813 3753 2088 3806 remissio-

512 3868 634 3906 nem
679 3851 993 3905 delictorum
1040 3848 1248 3917 accepit
1294 3868 1306 3903 :
1352 3847 1439 3916 qui
1488 3846 1630 3901 enim
1675 3843 2091 3899 misericordiam

504 3946 867 4015 consequutus
888 3952 990 4008 est,
1021 3959 1127 3996 non
1155 3942 1390 4011 punitur.
1418 3940 1516 4007 Qui
1538 3938 1685 4002 dicit,
1714 3937 1951 3991 Miserere
1972 3936 2089 4001 mci,

505 4054 728 4108 regnum
776 4036 1028 4091 caelorum
1080 4036 1308 4090 obtinuit
1341 4054 1353 4088 :
1384 4048 1543 4102 quem
1574 4031 1714 4085 enim
1762 4030 1897 4083 Deus
1929 4030 2091 4083 mise-

507 4145 678 4197 ratur,
700 4145 805 4185 non
835 4145 862 4183 a
893 4144 1047 4199 paena
1068 4129 1239 4183 solum
1266 4127 1468 4191 liberat,
1498 4124 1591 4179 sed
1618 4125 1911 4177 futurorum
1933 4123 2092 4177 etiam

512 4224 773 4277 bonorum
801 4221 1139 4291 possessione
1167 4218 1432 4288 dignatur.

585 4312 772 4367 Procul
795 4328 827 4365 a
855 4311 1038 4379 templo
1066 4309 1290 4363 habitare
1318 4325 1382 4362 an
1410 4314 1606 4361 excuset
1636 4322 1735 4359 non
1761 4304 2047 4359 accedentes
2071 4320 2091 4369 ;

511 4405 697 4475 ubique
723 4418 870 4455 orare
893 4417 1174 4471 possumus.
1191 4430 1260 4440 —
1276 4399 1351 4453 Ne
1374 4399 1531 4468 igitur
1552 4396 1922 4451 excusationes
1946 4410 2095 4465 qua:-

513 4510 697 4549 ramus
743 4493 969 4547 dicendo
1024 4507 1127 4545 non
1181 4506 1303 4546 esse
1370 4490 1719 4559 pr0pinquatn
1775 4485 2096 4556 precationis

513 4585 681 4639 a‘dem
716 4606 727 4640 :
757 4598 854 4638 nos
899 4585 1038 4638 enim
1086 4584 1248 4652 ipsos,
1289 4583 1332 4636 si
1375 4581 1538 4636 sobrii
1585 4581 1862 4644 fuerimus,
1900 4580 2095 4649 templa

516 4677 610 4730 Dei
660 4675 785 4729 facit
834 4675 1000 4744 gratia
1046 4674 1292 4743 Spiritus,
1325 4682 1381 4726 ut
1432 4687 1619 4742 magna
1667 4671 1895 4740 undique
1947 4670 2098 4724 nobis

516 4768 768 4839 precandi
799 4766 1020 4823 facultas
1068 4768 1224 4821 adsit.
1267 4766 1449 4836 Neque
1497 4766 1636 4818 enim
1669 4764 1788 4817 talis
1829 4772 1914 4818 est
1956 4762 2098 4832 apud

515 4875 618 4915 nos
645 4859 857 4914 divinus
881 4860 1077 4923 cultus,
1104 4859 1277 4928 qualis
1303 4857 1568 4927 quondam
1593 4856 1732 4928 apud
1753 4854 1964 4910 Judaeos
1985 4864 2099 4910 erat

519 4955 745 5009 multum
773 4952 974 5006 habens
1004 4953 1331 5007 sensibilium
1359 4950 1801 5014 ceremoniarum,
1833 4947 2100 5016 multaque

516 5045 829 5113 operatione
876 5043 1136 5113 indigens.
1184 5043 1296 5097 lllic
1331 5053 1664 5112 precaturum
1717 5039 1994 5108 Oportebat
2034 5037 2099 5093 ad

516 5137 772 5205 templum
799 5136 1105 5200 ascendere,
1137 5142 1396 5189 turturem
1428 5149 1629 5197 emere,
1660 5133 1799 5201 ligna
1843 5142 1896 5186 et
1926 5130 2099 5199 ignem

520 5228 585 5281 ad
616 5242 803 5281 manus
833 5227 1046 5289 habere,
1076 5237 1288 5295 arrepto
1309 5225 1482 5279 cultro
1502 5224 1653 5276 altari
1676 5223 1944 5285 assistere,
1974 5220 2102 5275 alia-

516 5338 623 5393 que
663 5322 824 5376 multa
870 5330 1132 5390 praecepta
1188 5319 1442 5389 perficere
1476 5337 1488 5373 :
1518 5319 1604 5372 hic
1649 5317 1793 5370 nihil
1825 5315 1946 5377 tale,
1996 5314 2090 5370 sed

521 5416 847 5485 ubicumque
876 5413 1062 5479 fueris,
1095 5422 1289 5482 praesto
1316 5409 1408 5464 tibi
1428 5420 1507 5465 est
1533 5419 1587 5465 et
1617 5409 1801 5473 altare,
1831 5417 1884 5461 et
1910 5405 2099 5471 culter,

586 5590 658 5652 (α)
691 5598 804 5647 Quae
837 5591 935 5638 sint
964 5588 1047 5637 illa
1080 5586 1323 5652 ligamina,
1351 5585 1514 5652 multis
1537 5582 1918 5652 explanat-imus,
1942 5588 1987 5628 et
2010 5594 2103 5652 non

523 5643 804 5699 testimonio
838 5658 1021 5699 tantum
1049 5643 1335 5711 Hieronymi,
1368 5649 1455 5696 sul
1482 5643 1629 5711 etiam
1648 5650 1873 5711 ex_en_tplo
1898 5643 2103 5711 quodam

525 5725 586 5773 ett
613 5712 870 5762 ruderibus
886 5713 1039 5773 petito
1058 5704 1440 5773 eotillrmavimus
1464 5712 1510 5759 in
1536 5708 1656 5754 libro
1680 5704 1990 5773 antiquitatis
2015 5716 2103 5750 ex-

528 5770 734 5838 tlattataa
778 5784 840 5838 Aet
886 5766 1219 5838 schematibus
1239 5771 1505 5829 illustrem,
1530 5777 1658 5817 Tom.
1685 5767 1733 5826 ὅ,
1770 5780 1815 5828 p.
1842 5766 1950 5824 580,
1975 5777 2103 5825 quae.

527 5846 580 5882 ut
602 5834 760 5895 fallor,
776 5836 904 5883 lectu
918 5834 1063 5896 digna
1080 5842 1209 5882 sunt.

1286 427 1346 482 S.
1387 422 1665 481 JOANNEQ
1701 412 2178 475 CIIRYSOSTOMI
2218 414 2533 472 AﬂClllEP.
2576 416 3107 473 CONSTLNTINOP.

3690 417 3799 471 368

2213 542 2267 587 et
2296 533 2505 587 victima
2540 552 2554 585 :
2588 545 2640 588 tu
2673 534 2786 603 ipse
2814 545 2869 589 et
2908 536 3096 601 altare,
3124 542 3177 588 ct
3204 532 3471 593 sacerdos.
3494 542 3551 588 et
3576 535 3797 589 victima

2206 644 2285 682 es.
2319 627 2650 698 Ubicumque
2678 631 2817 683 enim
2849 628 3034 694 fueris,
3086 636 3235 697 potes
3280 628 3484 698 erigere
3524 627 3717 691 altare,
3749 628 3799 683 si

2206 721 2438 775 sobriam
2486 722 2644 775 modo
2688 722 3009 775 voluntatem
3059 720 3273 781 afferas,
3302 735 3400 773 nec
3426 729 3479 772 te
3521 729 3612 773 aut
3641 719 3802 773 locus

2206 826 2297 869 aut
2327 823 2538 885 tempus
2586 815 2823 884 impedit,
2866 813 2959 868 sed
2989 812 3197 867 etiamsi
3225 827 3325 867 nec
3365 827 3535 882 genua
3562 812 3758 867 flectas
3782 853 3801 876 ,

2207 923 2305 961 nec
2350 916 2533 976 pectus
2563 908 2775 972 tundas,
2813 922 2913 961 nec
2942 920 3132 961 manus
3172 906 3238 959 ad
3267 904 3455 959 cmlum
3503 904 3718 971 tendas,
3753 904 3804 956 si

2200 1010 2436 1055 mentem
2479 1000 2650 1054 solum
2680 1000 2879 1053 afferas
2924 999 3195 1058 fervidam,
3230 997 3359 1051 nihil
3386 996 3478 1050 tibi
3503 996 3566 1050 ad
3598 1011 3801 1065 preca—

2205 1094 2401 1148 tionem
2431 1093 2620 1147 deerit.
2670 1091 2818 1146 Licet
2843 1092 3005 1145 etiam
3039 1090 3243 1143 mulieri
3269 1089 3442 1143 colum
3469 1089 3666 1143 tenenti
3696 1097 3800 1142 aut

2200 1184 2360 1237 telam
2393 1184 2587 1237 texenti
2635 1193 2815 1236 mente
2856 1181 3127 1249 suspicere
3157 1180 3209 1233 in
3258 1181 3467 1244 ccelum,
3496 1189 3550 1232 et
3576 1178 3798 1232 ardenti

2201 1283 2417 1344 pectore
2447 1274 2612 1328 Deum
2643 1274 2889 1327 invocare
2923 1290 2937 1326 :
2971 1271 3090 1325 licet
3118 1271 3275 1325 etiam
3309 1271 3419 1323 viro
3446 1270 3498 1323 in
3526 1269 3640 1323 foro
3665 1284 3799 1323 ver-

2200 1367 2339 1421 santi
2376 1376 2468 1420 aut
2512 1367 2612 1421 iter
2642 1365 2852 1420 facienti
2893 1372 3094 1417 attente
3122 1362 3327 1433 precari
3357 1378 3371 1415 :
3401 1362 3556 1416 alteri
3600 1361 3795 1415 itidem

2202 1458 2251 1511 in
2280 1458 2490 1511 officina
2518 1456 2724 1511 sedenti
2769 1471 2833 1511 ac
2856 1455 3000 1508 coria
3046 1454 3218 1507 suenti
3248 1453 3475 1506 animam
3506 1452 3571 1505 ad
3599 1453 3793 1505 Domi—

2199 1568 2327 1606 num
2359 1552 2564 1619 erigere
2594 1567 2605 1601 :
2639 1551 2760 1603 licet
2787 1564 2943 1602 servo
2969 1546 3269 1608 obsonanti,
3300 1562 3362 1599 ac
3388 1560 3597 1599 sursom
3626 1545 3797 1599 deor-

2199 1662 2317 1701 sum
2352 1644 2651 1706 cttrsitanti,
2681 1643 2762 1695 vei
2795 1643 2845 1695 in
2874 1642 3047 1695 culina
3074 1639 3415 1699 ministranti,
3446 1638 3488 1691 si
3520 1654 3625 1692 non
3655 1638 3795 1691 licet

2198 1738 2344 1791 adire
2368 1736 2673 1800 ecclesiam,
2696 1734 3057 1803 precationem
3082 1733 3333 1784 intentam
3354 1746 3416 1784 ex
3442 1732 3545 1783 imo
3568 1739 3795 1799 pecten:

2198 1832 2357 1885 ciere.
2405 1829 2516 1883 Non
2569 1827 2730 1896 pudet
2778 1827 2877 1880 loci
2920 1826 3086 1879 Deum
3115 1866 3130 1880 .
3161 1840 3323 1879 unum
3355 1824 3602 1892 postulat,
3630 1838 3795 1876 men-

2201 1931 2304 1975 tem
2335 1922 2624 1974 ferventem
2646 1917 2984 1986 animamque
3009 1915 3321 1970 modestam.
3353 1915 3416 1968 Et
3437 1924 3494 1967 ut
3515 1915 3651 1968 scias
3672 1929 3791 1968 non

2204 2013 2383 2066 habitu
2414 2019 2507 2063 aut
2550 2010 2785 2063 locorum
2834 2018 3200 2076 temporumve
3244 2006 3631 2074 opportunitate
3657 2020 3795 2059 esse

2198 2119 2352 2171 opus,
2386 2101 2479 2155 sed
2524 2101 2704 2154 animo
2753 2099 2922 2168 probo
2958 2114 3022 2151 ac
3055 2097 3216 2167 vigili,
3262 2096 3455 2153 Paulus
3481 2096 3702 2165 supinus
3734 2098 3790 2151 in

2197 2211 2411 2251 carcere
2436 2195 2639 2263 jacens,
2667 2208 2771 2245 non
2802 2200 3013 2245 erectus
3039 2199 3189 2245 stans
3217 2189 3237 2258 (
3263 2204 3434 2258 neque
3457 2189 3596 2242 enim
3627 2204 3790 2241 cum—

2198 2305 2290 2359 pes
2334 2288 2507 2357 lignea
2554 2283 2937 2354 permittebat),
2982 2282 3231 2351 quoniam
3275 2295 3465 2351 magna
3511 2280 3791 2335 alacritate

2198 2380 2510 2448 precabatur
2535 2376 2737 2445 jacens,
2770 2387 3038 2427 carcerem
3081 2372 3365 2435 concussit,
3409 2369 3625 2439 ejusque
3654 2368 3789 2423 fun-

2195 2472 2441 2526 damenta
2470 2467 2778 2532 commovit,
2808 2475 2864 2522 et
2904 2464 3176 2520 custodem
3223 2464 3428 2527 terruit,
3454 2477 3519 2517 ac
3545 2478 3665 2517 mox
3692 2464 3789 2516 in~

2197 2566 2403 2619 itiatum
2432 2563 2497 2617 ad
2525 2562 2775 2633 mysteria
2804 2575 2950 2614 sacra
2978 2557 3223 2629 perduxit
3246 2556 3379 2629 (Act.
3409 2558 3517 2625 16).
3550 2555 3786 2609 Rursum

2197 2656 2453 2711 Ezechias
2479 2656 2568 2709 ille
2592 2669 2696 2708 non
2726 2662 2937 2708 erectus
2964 2662 3112 2704 stans
3138 2664 3308 2719 neque
3335 2648 3555 2717 genibus
3582 2646 3738 2701 ﬂexis
3766 2688 3785 2707 ,

2199 2748 2296 2805 sed
2325 2747 2547 2816 supinus
2576 2748 2628 2801 in
2656 2747 2792 2801 lecto
2812 2743 3011 2799 cubans
3032 2742 3100 2795 ob
3130 2740 3510 2803 infirmitatem,
3536 2754 3687 2793 versa
3714 2738 3785 2791 ad

2195 2843 2452 2913 parietem
2476 2840 2626 2902 facie,
2647 2838 2895 2909 quoniam
2924 2834 3174 2889 ardenter
3193 2843 3246 2886 et
3263 2831 3577 2900 temperanti
3600 2830 3788 2883 animo

2197 2937 2359 2991 Deum
2390 2933 2670 2997 invocavit,
2703 2930 3022 2985 sententiam
3051 2926 3310 2979 adversus
3339 2938 3399 2977 se
3428 2923 3592 2975 latam
3619 2937 3786 2975 revo-

2194 3027 2354 3092 cavit,
2380 3040 2622 3095 magnam
2644 3023 2742 3076 sibi
2765 3021 2987 3091 gratiam
3009 3016 3329 3080 conciliavit,
3355 3025 3407 3068 et
3433 3014 3484 3067 in
3503 3013 3784 3082 pristinam

2194 3118 2471 3173 restitutus
2496 3124 2577 3169 est
2601 3114 2880 3168 sanitatem
2906 3112 2986 3180 (4.
3035 3108 3161 3177 Reg.
3198 3106 3312 3177 20).
3340 3106 3447 3160 Nec
3467 3105 3638 3160 solum
3665 3119 3785 3157 ma-

2195 3210 2313 3279 gnis
2348 3217 2401 3262 et
2440 3205 2637 3260 sanctis
2674 3204 2803 3257 viris
2832 3203 2932 3255 hoc
2956 3200 3242 3268 contigisse
3267 3196 3477 3259 videas,
3506 3194 3598 3249 sed
3628 3193 3787 3248 malis

2195 3303 2375 3357 etiam.
2404 3298 2535 3352 Nam
2564 3306 2618 3351 et
2659 3296 2792 3349 latro
2823 3294 2931 3357 ille,
2982 3307 3088 3347 non
3133 3301 3281 3345 stans
3308 3290 3359 3342 in
3403 3288 3661 3352 oratorio,
3691 3297 3787 3341 aut

2194 3408 2364 3462 genua
2392 3390 2631 3453 flectens,
2659 3386 2751 3440 sed
2784 3385 2835 3438 in
2878 3398 3036 3437 cruce
3063 3381 3352 3445 distensos,
3400 3378 3580 3446 paucis
3606 3376 3787 3431 verbis

2202 3499 2421 3554 regnum
2450 3481 2702 3536 caelorum
2734 3475 3039 3546 impetravit
3068 3471 3217 3543 (Luc.
3247 3472 3335 3525 23.
3374 3469 3465 3525 42.
3492 3467 3583 3538 45)
3611 3470 3786 3522 :alius

2196 3579 2247 3632 in
2282 3577 2451 3631 lacum
2478 3568 2752 3627 caenosum
2796 3567 3093 3635 conjectus,
3118 3563 3255 3618 alius
3283 3562 3335 3615 in
3364 3560 3569 3614 foveam
3599 3557 3787 3612 bestiis

2194 3670 2475 3739 ohjectus,
2524 3666 2659 3718 alius
2708 3662 2809 3717 ceti
2858 3660 2980 3713 alvo
3028 3657 3334 3721 conclusus,
3385 3655 3631 3707 invocato
3676 3651 3787 3705 Deo

2196 3762 2335 3816 mala
2368 3758 2614 3814 instantia
2662 3756 3046 3816 discusserunt,
3092 3749 3431 3816 divinamque
3457 3745 3559 3799 sibi
3602 3744 3786 3798 conci-

2197 3857 2393 3910 liarunt
2418 3850 2863 3907 benevolentiam.
2899 3846 3012 3900 Hoc
3039 3857 3289 3898 sermone
3315 3841 3502 3896 hortor
3528 3848 3584 3893 ut
3608 3839 3785 3893 conti-

2197 3964 2300 4002 nue
2323 3942 2671 4014 frequentetis
2693 3938 2968 4002 ecclesias,
2991 3945 3043 3991 et
3070 3934 3215 3990 domi
3244 3948 3363 3987 cum
3388 3946 3577 4001 magna
3605 3930 3786 3999 quiete

2198 4034 2487 4106 precemini
2517 4049 2611 4103 per
2637 4032 2825 4093 ctium,
2853 4041 3022 4097 genua
3050 4025 3343 4089 flectentes,
3373 4036 3675 4089 manusque
3702 4027 3771 4072 at-

2198 4130 2477 4183 tollentes:
2499 4123 2642 4194 quod
2664 4122 2707 4175 si
2731 4130 2940 4189 tempus
2965 4127 3055 4171 aut
3079 4116 3232 4170 locus
3250 4127 3348 4167 nos
3378 4113 3429 4166 in
3448 4110 3787 4165 multitudine

2198 4219 2471 4274 hominum
2517 4210 2914 4282 deprehendat,
2947 4222 3052 4262 non
3101 4213 3184 4261 est
3211 4202 3282 4258 ob
3317 4203 3419 4257 hoc
3444 4218 3473 4256 a
3514 4200 3787 4255 consuetis

2199 4309 2532 4367 orationibus
2560 4304 2899 4367 cessandum,
2928 4301 3020 4355 sed
3053 4299 3122 4354 ita
3153 4308 3209 4353 ut
3236 4305 3465 4351 vestram
3506 4295 3783 4349 caritatem

2199 4402 2403 4461 monui,
2428 4396 2715 4469 precamini
2734 4403 2788 4450 et
2809 4395 3052 4447 invocate
3076 4392 3264 4454 Deum,
3286 4387 3417 4442 certi
3440 4385 3788 4440 nihilominus

2203 4495 2290 4550 tali
2321 4492 2629 4564 precatione
2649 4496 2825 4557 optata
2852 4498 2947 4538 vos
2968 4484 3362 4552 impetraturos.
3390 4477 3504 4532 Non
3528 4477 3648 4531 hac
3669 4476 3788 4529 ideo

2205 4588 2310 4643 dixi
2340 4598 2398 4641 ut
2422 4581 2752 4654 applaudatis
2780 4586 2831 4633 et
2875 4574 3118 4635 laudetis,
3147 4570 3240 4626 sed
3284 4580 3334 4623 et
3361 4584 3525 4638 Opere
3552 4583 3616 4621 ea
3650 4583 3786 4636 pne-

2206 4681 2378 4746 stetis,
2409 4686 2573 4747 utque
2601 4684 2707 4728 tam
2737 4677 3052 4725 nocturnum
3082 4678 3239 4735 quam
3278 4661 3523 4715 diurnum
3574 4669 3633 4712 et
3657 4672 3786 4727 ope-

2204 4745 2591 4837 randitemrpus
2618 4762 2756 4818 votis
2784 4776 2847 4815 ac
2890 4755 3284 4828 precationibus
3309 4750 3603 4820 occupetis.
3636 4745 3785 4813 Quod

2202 4861 2246 4915 si
2278 4874 2366 4915 res
2392 4868 2603 4912 nostras
2628 4854 2707 4908 sic
2733 4848 3174 4919 disposuerimus,
3202 4852 3257 4898 et
3280 4850 3598 4912 praesentem
3627 4838 3785 4890 vitam

2206 4960 2316 5005 tuto
2344 4948 2697 5016 transigemus
2721 4982 2735 5006 ,
2780 4951 2835 4995 et
2876 4939 3088 4993 caeleste
3135 4948 3355 5003 regnum
3394 4941 3784 4996 assequemur:

2204 5058 2310 5113 quo
2358 5040 2510 5095 nobis
2538 5035 2782 5089 omnibus
2816 5029 3093 5101 pervenire
3122 5026 3294 5089 detur,
3338 5020 3506 5091 gratia
3550 5028 3605 5071 et
3640 5016 3788 5072 beni-

2206 5137 2404 5203 gnitate
2430 5128 2636 5185 Domini
2681 5124 2849 5181 nostri
2878 5123 3003 5177 Jesu
3028 5117 3248 5183 Christi,
3282 5130 3377 5184 per
3400 5128 3561 5182 quem
3590 5120 3645 5163 et
3668 5127 3788 5166 cum

2206 5242 2311 5297 quo
2344 5223 2481 5277 Patri
2511 5220 2700 5290 gloria,
2729 5214 2883 5271 simul
2926 5227 3047 5266 cum
3090 5217 3276 5262 sancto
3320 5205 3541 5273 Spiritu,
3571 5209 3786 5259 nunect

2209 5331 2441 5387 semper,
2463 5323 2516 5369 et
2541 5312 2595 5366 in
2621 5308 2810 5365 saecula
2841 5304 3179 5360 saeculorum.
3210 5299 3403 5353 Amen.
