4038 6360
241 333 351 387 667

1521 351 1608 407 DE
1647 350 1836 406 ΑΝΝᾹ
1871 351 2105 414 SERMO
2145 360 2230 420 IV.

3430 389 3537 446 (365

240 459 405 523 στιχὰς
449 460 680 532 πράξεις
734 462 974 529 ἁπάσας,
1020 463 1274 539 καθάπερ
1334 468 1664 539 ίμαντώσεσί
1722 487 1836 524 τισι
1947 489 2094 528 νοιαν
2122 479 2179 532 δὲ
2209 482 2372 551 μόνον
2399 489 2671 567 ἐπιδείξῃς
2709 492 2941 567 θερμὴν,
2981 497 3041 550 τδ
3072 498 3179 551 πᾶν
3223 500 3533 573 ἀπήρτισας

242 545 419 573 ἐάλη-.
468 552 528 573 -1!
569 551 811 573 .._____!~
864 552 931 573 ,δον
1004 554 1049 573 ,ι
1108 554 1134 567 «-
1208 557 1228 573 θ
1292 557 1309 573 ς
1410 557 1469 573 οι
1703 560 1715 573 ι
1979 561 2004 572 η
2110 565 2122 573 .
2172 568 2197 573 μ

242 545 439 612 ξύλων,
464 552 531 621 τῇ
565 551 814 624 συνεχείᾳ
860 552 969 608 τῶν
998 554 1175 625 εὐχῶν
1203 557 1608 627 διαλαμϐάνων,
1645 560 1838 614 πάντα·

239 641 334 694 θέν
362 658 457 694 σου
488 643 830 717 περίφραξον
856 646 954 718 τὴν
984 646 1147 719 ζωήν.
1172 650 1269 704 Ἂν
1294 651 1474 704 τοίνυν
1491 651 1632 706 οὕτω
1651 657 1832 725 ποιῇς,

236 735 346 788 κᾶν
383 736 893 807 μυρίοιπνεύσωσιν
922 740 1113 812 ἄνεμοι
1139 742 1345 806 λοιπὸν,
1378 744 1480 798 κᾶν
1509 748 1823 817 πειρασμοὶ,

1943 561 2041 631 τῆς
2070 565 2255 659 εὐχῆς-
2296 574 2513 641 Ἔξεστι
2556 561 2648 634 καί
2678 561 2915 650 γυναῖκα
2952 585 3233 657 ἠλακάτην
3264 561 3528 659 κατέχου;

1945 664 2064 752 σαν,
2095 658 2193 752 καὶ
2228 661 2511 735 ἱστουργοῦ
2523 685 2621 721 σαν
2646 671 2951 741 ἀναϐλέψαι
2975 675 3056 737 είς
3082 676 3174 728 τὸν
3202 658 3431 747 οὐρανὸν
3458 683 3525 752 τῇ

1939 738 2164 815 διανοίᾳ,
2203 750 2298 802 καὶ
2326 753 2550 809 καλέσαι
2582 758 2721 828 μετά
2750 738 3085 832 θερμότητος
3117 764 3209 817 τὸν
3247 738 3410 819 ὁεόνο
3442 738 3531 833 EE:

233 826 342 879 κᾶν
376 828 627 900 ἀθυμίαι,
655 830 758 884 κᾶν
792 832 1043 904 λογισμοί
1082 852 1226 899 τινες
1272 836 1474 907 ἀηδεῖς,
1510 838 1614 891 κᾶν
1649 839 1830 893 ὁτιοῦν
1938 843 2053 920 εξστι
2073 835 2168 920 καὶ
2202 836 2488 908 ἄνθρωπον
2520 826 2600 907 είς
2642 826 2863 917 ἀγορὰ-ν-
2884 826 3244 920 ἐμϐάλλοντα,
3278 854 3372 907 καὶ
3402 826 3529 909 καθ’

231 916 437 989 ἐπέλθῃ
497 920 689 983 δεινὸν,
721 921 782 975 οὐ
815 923 1103 994 δυνήσεται
1151 926 1479 981 καταϐαλεῖν
1507 928 1606 1000 τὴν
1650 930 1827 984 οἰκίαν

229 1008 452 1080 ἐκείνην
469 1014 703 1076 πυκναῖς
727 1012 900 1077 οὕτως
924 1015 1111 1085 εὐχαῖς
1135 1016 1543 1089 συνδεδεμένην,
1574 1019 1676 1073 Καὶ
1708 1022 1826 1088 πῶς

227 1101 481 1169 δυνατὸν,
549 1105 733 1175 φησὶν,
796 1105 1083 1177 ἄνθρωπον
1147 1108 1436 1178 βιωτικὸν,
1486 1112 1824 1186 δικαστηρίῳ

227 1195 676 1265 προσηλωμένον,
697 1196 839 1251 κατὰ
853 1201 1001 1270 τρεῖς
1021 1199 1167 1271 ὧρας
1193 1200 1447 1272 εὔχεσθαι
1462 1205 1560 1274 τῆς
1586 1206 1818 1277 ἡμέρας,

226 1286 324 1338 καὶ
366 1287 449 1349 είς
479 1286 774 1358 ἐκκλησίαν
812 1290 1127 1361 ἐκτρέχειν;
1174 1294 1433 1359 Δυνατὸν,
1484 1295 1578 1348 καλ⁸
1614 1296 1819 1367 σφόδρα

223 1377 473 1431 εὔκολον·
515 1380 622 1433 κᾶν
652 1381 760 1453 γὰρ
794 1383 877 1444 εἰς
904 1383 1202 1452 ἐκκλησίαν
1247 1385 1475 1456 δραμεῖν
1614 1388 1815 1459 ῥᾴδιον,

222 1470 443 1524 ἑστῶτα
486 1472 606 1525 ἐκεῖ
643 1472 750 1543 πρὸ
798 1472 906 1525 τῶν
954 1473 1156 1545 θυρῶν,
1204 1477 1299 1530 καὶ
1347 1476 1424 1547 τῷ
1481 1477 1816 1551 δικαστηρίῳ

220 1562 653 1634 προσηλωμένον
682 1563 1202 1630 εὗξασθαιδυνατόν·
1232 1569 1352 1622 οὐδὲ
1387 1569 1498 1640 γάρ
1527 1569 1669 1624 οὕτω
1698 1590 1813 1642 φω-

219 1661 320 1727 νῆς
379 1659 559 1727 χρεία,
594 1659 671 1721 ὡς
699 1658 957 1722 διανοίας,
1002 1661 1120 1714 οὐδέ
1164 1661 1440 1725 ἐκτάσεως
1482 1663 1702 1735 χειρῶν,
1737 1665 1813 1729 ῶς

219 1750 630 1819 συντεταμένης
658 1749 857 1820 ψυχῆς,
883 1751 1003 1804 οὐδὲ
1041 1752 1340 1823 σχήματος,
1372 1752 1509 1807 ἀλλά
1531 1757 1812 1825 φρονήμα-

214 1859 329 1905 τος⁸
365 1841 488 1894 ἐπεὶ
520 1843 614 1895 καὶ
644 1844 678 1913 ἡ
711 1843 877 1896 Ἀννα
903 1841 1063 1914 αὕτη,
1088 1844 1189 1897 οὐκ
1222 1843 1408 1915 ἐπειδὴ
1435 1843 1693 1917 λαμπρὰν
1714 1845 1809 1898 καὶ

216 1933 466 2003 μεγάλην
514 1932 698 2003 ἀφῆκε
749 1932 934 2005 φωνὴν
963 1945 1013 1996 α,
1068 1933 1156 1987 διά
1212 1934 1369 1988 τοῦτο
1408 1936 1657 2006 ἠκούετο,
1691 1937 1806 1991 ἀλλ’

212 2026 403 2097 ἐπειδὴ
430 2025 645 2096 μεγάλα
675 2025 821 2079 ἔνδον
848 2026 990 2081 κατά
1015 2027 1115 2099 τήν
1142 2027 1371 2099 καρδίαν
1401 2029 1551 2084 ἐϐόα.
1599 2030 1661 2084 Ἠ
1687 2049 1805 2100 φω-

208 2116 291 2185 νὴ
321 2119 433 2186 γὰρ
465 2116 657 2185 αὐτῆς
685 2119 796 2171 οὐκ
836 2118 1109 2184 ἠκούετο,
1143 2120 1295 2190 φησὶ,
1343 2119 1442 2173 καὶ
1479 2121 1805 2189 είσήκουεν

207 2208 406 2276 αὐτῆς
458 2211 491 2262 ό
541 2207 705 2274 Θεός.
752 2208 924 2262 Τοῦτο
979 2211 1074 2263 καὶ
1119 2209 1273 2263 ἄλλοι
1322 2211 1507 2264 πολλοὶ
1544 2212 1801 2279 πολλάκις

208 2302 499 2371 ἐποίησαν,
532 2301 626 2353 καὶ
674 2299 905 2370 βοῶντος
946 2301 1041 2354 τοῦ
1078 2301 1335 2373 ἄρχοντος
1383 2302 1614 2368 ἔνδοθεν,
1644 2306 1800 2360 ἀπει-

204 2391 451 2456 λοῦντος,
493 2389 917 2461 διατεινομένου,
957 2391 1316 2462 μαινομένου,
1343 2394 1450 2465 πρὸ
1466 2394 1574 2449 τῶν
1617 2395 1800 2469 θυρῶν

205 2484 446 2547 ἑστῶτες
511 2483 970 2555 σφραγισάμενοι,
1022 2484 1117 2538 καὶ
1164 2484 1322 2553 ὀλίγα
1387 2489 1609 2558 ῥήματα
1654 2491 1798 2546 κατά

203 2577 447 2631 διάνοιαν
476 2575 784 2645 εὐξάμενοι,
817 2575 1152 2640 εἰσελθόντες
1175 2577 1473 2647 μετέϐαλον
1504 2580 1669 2634 αὐτὸν
1702 2582 1794 2636 καὶ

203 2669 507 2740 ἐπράῦναν,
539 2667 633 2721 καὶ
654 2667 864 2738 ἥμερον
889 2666 947 2734 ἐξ
972 2667 1165 2738 ἀγρίου
1190 2669 1551 2742 κατέστησαν·
1585 2675 1672 2727 καὶ
1703 2676 1793 2728 οὐ·

200 2763 292 2814 δέν
319 2760 444 2813 οὗτε
490 2760 598 2813 ἀπὸ
636 2759 730 2812 τοῦ
764 2760 952 2822 τόπου,
1000 2759 1122 2813 οὐτε
1156 2761 1263 2816 άπδ
1291 2763 1385 2816 τοῦ
1425 2764 1643 2836 καιροῦ,
1668 2766 1790 2822 οὐτε

202 2853 311 2907 ἀπὸ
332 2853 433 2923 τῆς
461 2852 620 2921 σιγῆς
644 2851 782 2923 πρὸς
808 2851 905 2923 τήν
926 2853 1092 2923 εὐχὴν
1112 2853 1315 2924 ταύτην
1345 2857 1786 2930 ἐνεποδίσθησαν.

251 2952 291 3000 ς
302 2953 335 3001 ’.
349 2945 524 2998 Τοῦτο
552 2944 615 3017 δὴ
637 2946 730 2998 καὶ
754 2945 817 2998 σὺ
841 2944 1084 3016 ποίησον·
1118 2946 1368 3014 στέναξον
1392 2950 1625 3020 πικρῶς,
1656 2953 1789 3006 ἀνα..

200 3035 475 3108 μνήσθητι
497 3034 607 3087 τῶν
633 3034 1046 3106 ἁμαρτημάτων
1065 3036 1173 3090 τῶν
1196 3037 1324 3104 σῶν,
1368 3039 1667 3111 ἀνάϐλεψον
1708 3046 1787 3108 είς

194 3127 288 3181 τὸν
304 3126 554 3197 οὐρανὸν,
581 3125 701 3178 εἰπέ
716 3123 857 3180 κατὰ
876 3125 1134 3179 διάνοιαν·
1152 3127 1441 3195 Ἐλέησόν
1448 3148 1548 3199 με,
1565 3135 1598 3186 ὁ
1619 3133 1786 3201 Θεὸς,

194 3219 292 3273 καὶ¹
324 3216 659 3290 ἀπήρτισταί
684 3233 775 3269 σου
798 3217 832 3287 ἡ
869 3217 1022 3287 εὐχή.
1041 3217 1100 3269 '0
1124 3218 1233 3288 γὰρ
1258 3218 1448 3285 είπὼν,
1466 3221 1782 3291 Ἐλέησον,

193 3310 587 3382 ἐξομολόγησιν
605 3306 938 3372 ἐπεδείξατο,
964 3308 1184 3362 καὶτῶν
1207 3310 1421 3364 οἰκείων
1446 3313 1784 3386 ἁμάρτημά-

190 3422 302 3458 των
347 3401 500 3472 [758]
536 3401 750 3469 ἐπέγνω
772 3400 823 3440 ἲν
868 3398 978 3453 τῶν
1008 3400 1118 3473 γάρ
1156 3402 1557 3474 ἡμαρτηκότων
1580 3408 1694 3460 ἐστὶ
1722 3409 1782 3461 τὸ

190 3496 483 3551 ἐλεεῖσθαι.
502 3495 560 3548 '0
594 3492 785 3557 εἰπὼν,
828 3494 1123 3562 Ἐλέησόν
1132 3511 1229 3563 με,
1261 3496 1607 3569 συγχώρησιν
1621 3498 1779 3554 ἔλαϐε

187 3587 301 3642 τῶν
338 3584 909 3656 πεπλημμελημένων·
934 3583 1084 3656 ὁγὰρ
1117 3584 1359 3656 ἐλεηθεῖς
1386 3588 1445 3641 οὐ
1468 3589 1776 3654 κολάζεται.

200 3680 261 3732 Ὅ
298 3678 490 3740 εἰπὼν,
528 3677 814 3744 Ἐλέησόν
840 3693 941 3745 με,
991 3676 1264 3746 βασιλείας
1297 3678 1486 3749 ἔτυχεν
1510 3682 1774 3753 οὐρανῶν·

184 3771 246 3824 ὃν
276 3770 385 3839 γὰρ
413 3771 442 3822 ὁ
467 3768 598 3831 Θεὸς
636 3765 870 3838 ἐλεήσει,
910 3766 970 3820 οὐ
1008 3766 1284 3832 κολάσεως
1325 3770 1653 3825 ἀπαλλάττει
1682 3772 1778 3843 μό-

187 3881 301 3925 νον,
328 3860 465 3915 ἀλλά
493 3859 587 3914 καὶ
610 3858 721 3911 τῶν
750 3858 1050 3929 μελλόντων
1083 3858 1302 3927 ἀγαθῶν
1329 3859 1488 3927 ἀξιοῖ.

257 3965 351 4037 Μὴ
384 3965 561 4018 τοίνυν
588 3961 1055 4033 προφασιζώμεθα
1106 3962 1373 4031 λέγοντες,
1396 3965 1473 4029 ὥς
1515 3967 1613 4020 οὐκ
1657 3969 1771 4025 ἔστι

185 4057 413 4129 πλησίον
433 4057 718 4125 εὐκτήριος
749 4050 915 4115 οἶκοςο
935 4056 1081 4125 ἡμᾶς
1105 4054 1212 4125 γὰρ
1235 4056 1449 4121 αὐτοὺς,
1477 4057 1572 4113 ἐὰν
1592 4061 1771 4131 νήφω-

188 4168 311 4222 μεν,
347 4150 508 4209 ναοὺς
531 4147 753 4216 ἐποίησε
782 4146 876 4199 τοῦ
899 4145 1034 4198 Θεοῦ
1062 4146 1155 4199 τοῦ
1180 4147 1495 4219 Πνεύματος
1524 4152 1556 4222 ἡ
1586 4153 1766 4225 χάρις,

182 4245 325 4299 ὥστε
360 4242 528 4313 πολλὴ
575 4240 838 4295 πάντοθεν
882 4242 1012 4312 ἡμῖν
1048 4244 1080 4313 ή
1133 4243 1374 4299 εὐκολία.
1416 4247 1525 4300 Καὶ
1568 4249 1676 4319 γὰρ
1706 4252 1764 4303 οὐ

178 4334 406 4403 τοιαύτη
437 4332 593 4404 ἡμῶν
621 4332 656 4403 ή
684 4330 929 4402 λατρεία,
962 4331 1048 4384 οἵα
1080 4332 1231 4402 παρὰ
1246 4334 1519 4399 Ἰουδαίοις
1547 4338 1605 4391 1:0
1634 4340 1768 4408 πρό-

178 4441 339 4497 τερον
359 4420 449 4496 ἦν,
468 4422 601 4476 πολὺ
624 4422 683 4475 τὸ
705 4421 960 4491 αἰσθητὸν
976 4422 1097 4493 ἔχου
1106 4440 1191 4486 σα,
1212 4424 1304 4476 καὶ
1319 4426 1519 4495 πολλῆς
1536 4428 1764 4501 δεομένη

178 4515 583 4590 πραγματείας.
610 4513 759 4566 Ἐκεῖ
787 4513 887 4582 μὲν
909 4513 1015 4584 γὰρ
1047 4513 1138 4567 τδν
1163 4515 1455 4585 εὐχόμενον
1482 4520 1575 4573 καί
1600 4523 1678 4584 είς
1703 4521 1764 4575 τὸ

179 4608 327 4679 ἱερὸν
350 4605 618 4675 ἀναϐῆναι
647 4603 775 4668 ἔδει,
801 4604 895 4657 καὶ
927 4604 1163 4675 τρυγόνα
1194 4606 1478 4677 πρίασθαι,
1506 4610 1599 4663 καὶ
1632 4611 1763 4677 ξύλα

178 4701 278 4754 καὶ
306 4697 419 4769 πῦρ
446 4696 845 4769 μεταχειρίσαι,
882 4697 976 4749 καὶ
1014 4696 1293 4768 μάχαιραν
1329 4698 1537 4766 λαϐεῖν,
1564 4704 1659 4757 καὶ
1682 4705 1761 4777 τῷ

175 4791 349 4864 βωμῷ
376 4790 746 4862 παραστῆναι,
778 4789 872 4843 καὶ
902 4788 1073 4843 πολλά
1109 4790 1271 4863 ἐτερα
1298 4792 1547 4849 διανύσαι
1580 4798 1761 4851 ἐπιτά-

167 4900 378 4955 γματα·
406 4879 639 4934 ἐνταῦθα
668 4879 725 4932 δὲ
754 4879 910 4932 οὐδὲν
949 4878 1211 4943 τοιοῦτον,
1242 4882 1358 4936 ἀλλ’
1392 4885 1637 4959 ὅπουπερ
1691 4889 1758 4942 ἂν

166 4976 268 5051 ᾖς.
294 4977 357 5030 τὸ
398 4976 782 5045 θυσιαστήριον
813 4972 956 5045 ἔχεις
994 4974 1132 5044 μετὰ
1161 4976 1378 5042 σαυτοῦ,
1410 4980 1503 5032 καὶ
1524 4981 1623 5052 τῆν
1655 4983 1758 5052 μά-

164 5084 389 5140 χαιραν,
422 5067 519 5120 καὶ
557 5065 618 5118 τὸ
654 5065 870 5137 ἱερεῖον,
901 5064 1064 5127 αὐτὸς
1094 5064 1178 5119 ὢν⁸
1205 5068 1269 5120 σὺ
1301 5068 1394 5121 καὶ
1425 5070 1626 5142 ίερεὺς,
1659 5074 1756 5128 καὶ

166 5160 577 5230 θυσιαστήριον,
602 5157 698 5211 καὶ
739 5157 953 5227 ἱερεῖον.
984 5156 1158 5209 Ὅπου
1181 5157 1292 5230 γὰρ
1318 5159 1385 5213 ἂν
1411 5158 1498 5233 ᾗς,
1527 5163 1754 5220 δύνασαι

165 5254 365 5324 στῆσαι
389 5250 481 5303 τὸν
507 5248 709 5319 βωμὸν,
740 5248 1060 5321 προαίρεσιν
1096 5250 1373 5320 νήφουσαν
1412 5253 1756 5325 ἐπιδειξάμε-

162 5362 254 5408 νος
290 5343 486 5414 μόνον,
521 5341 617 5396 καὶ
649 5339 801 5394 οὐδὲν
832 5340 1033 5395 κωλύει
1073 5341 1267 5406 τόπος,
1308 5344 1431 5397 οὐδέ
1470 5346 1752 5416 ἐμποδίζει

160 5434 377 5505 καιρὸς,
413 5432 551 5487 ἀλλά
579 5432 684 5486 κᾶν
717 5431 923 5500 γόνατα
964 5432 1041 5503 μὴ
1072 5432 1279 5505 κλίνης,
1313 5434 1420 5488 κᾶν
1449 5436 1525 5508 μὴ
1556 5437 1753 5508 στῆθος

158 5527 329 5600 τύψῃ,
356 5526 450 5579 καὶ
488 5524 587 5589 τὰς
611 5526 801 5595 χεῖρας
822 5525 902 5587 είς
931 5523 1023 5577 τὸν
1045 5518 1270 5597 οὐρανὸν
1297 5527 1609 5601 ἀνατείνῃς,
1635 5529 1751 5584 διά-

220 5770 251 5799 ³
283 5765 553 5815 Colberlini
579 5769 633 5827 eg
650 5762 775 5827 Reg.
801 5760 1006 5823 μεγάλην
1024 5762 1126 5827 εἶχε
1158 5766 1332 5827 φωνήν.

220 5830 250 5871 ι’
281 5831 388 5892 Reg
430 5841 574 5883 unus,
596 5823 747 5875 Colb.’
768 5838 891 5873 unus
914 5823 1145 5885 κατέγνω,

1937 915 2125 974 ἑαυτὸν
2145 922 2427 991 βαδίζοντα
2449 930 2614 1001 εὐχὰς
2638 915 3167 1004 ποιεῖσθαι-ἐκτενεῖς
3184 958 3197 970 ο
3227 944 3321 995 καὶ
3337 944 3523 1015 ἕτερον

1934 1009 2023 1061 ἐπ’
2065 1012 2430 1091 ἐργαστηρίου
2466 1024 2773 1096 καθήμενον
2812 1030 2906 1082 καὶ
2945 1030 3190 1102 δέρματα
3222 1009 3520 1102 βάπτοντα,

1930 1103 2037 1174 τὴν
2056 1104 2232 1179 ψυχὴν
2261 1111 2540 1170 ἀναθεῖναι
2572 1119 2710 1189 πρὸς
2741 1120 2832 1173 τὸν
2865 1124 3172 1194 Δεσπότηνο
3211 1125 3419 1191 ἔξεστιν
3443 1130 3518 1182 οίο

1930 1194 2087 1269 κέτῃ,
2122 1202 2217 1255 καὶ
2246 1204 2558 1280 ὼνουμένῳ,
2596 1213 2690 1265 καὶ
2732 1214 3079 1270 ἀναϐαίνοντι
3118 1219 3213 1272 καὶ
3251 1221 3519 1275 καταϐαί-

1928 1304 2093 1354 νοντι,
2118 1294 2211 1346 καὶ
2238 1301 2538 1372 μαγειρείῳ
2570 1305 2903 1375 παρεστῶτι,
2929 1309 3057 1362 ὅταν
3088 1308 3163 1381 μὴ
3191 1310 3413 1365 δυνατὸν
3435 1315 3520 1377 είς

1927 1381 2224 1453 ἐκκλησίαν
2255 1387 2451 1455 ἐλθεῖν,
2485 1394 2652 1465 εὐχὴν
2687 1398 2958 1451 ποιεῖσθαι
2985 1401 3178 1471 ἐκτενῆ
3207 1402 3301 1454 καὶ
3328 1403 3513 1473 διεγη-

1924 1477 2221 1548 γερμένην.
2250 1482 2363 1534 Οὐκ
2401 1487 2790 1557 ἐπαισχύνεται
2820 1490 2983 1545 τόπον
3013 1492 3040 1544 0
3069 1493 3202 1557 Θεὸς
3222 1510 3235 1524 ·
3265 1493 3322 1546 ἐν
3358 1493 3514 1567 ζητετ

1925 1568 2087 1657 μόνον
2111 1610 2128 1636 ,
2167 1571 2406 1629 διάνοιαν
2450 1576 2695 1650 θερμὴν,
2744 1583 2838 1635 καὶ
2885 1583 3063 1655 ψυχὴν
3099 1586 3511 1657 σωφρονοῦσαν.

1922 1655 2026 1710 Καὶ
2077 1660 2163 1713 ἵνα
2209 1662 2409 1736 μάθῃς,
2449 1666 2531 1720 ὅτι
2571 1670 2632 1721 οὐ
2665 1672 2945 1741 σχήματος
2981 1674 3140 1744 χρεία
3194 1655 3288 1730 καὶ
3326 1679 3508 1731 τόπων

1919 1750 2137 1815 πάντως
2178 1756 2272 1808 καὶ
2306 1757 2535 1827 καιρῶν,
2576 1760 2711 1814 ἀλλά
2735 1765 3084 1835 φρονήματος
3122 1769 3370 1835 γενναίου
3410 1774 3506 1824 καὶ

1915 1841 2360 1917 διεγηγερμένου,
2383 1851 2638 1917 ὁΠαῦλος
2666 1854 2853 1920 ὖπτιος
2882 1858 2975 1911 ἐπὶ
3006 1859 3099 1913 τοῦ
3129 1861 3508 1935 δεσμωτηρίου

1916 1936 2190 2022 κείμενος,
2212 1942 2306 1992 καὶ
2326 1943 2426 1995 οὐκ
2450 1944 2608 2012 ὀρθὸς
2635 1946 2803 2011 ἑστὼς
2828 1950 2912 2017 (οὐ
2936 1950 3043 2021 γάρ
3065 1952 3213 2021 ὴφίει
3235 1954 3299 2006 τὸ
3322 1953 3509 2022 ξύλον,

1913 2021 1959 2096 ᾧ
1994 2032 2121 2095 τοὺς
2159 2033 2328 2098 πόδας
2360 2036 2621 2107 ἐδέδετο),
2662 2040 2850 2113 ἐπειδὴ
2885 2042 3025 2113 μετὰ
3061 2046 3370 2117 προθυμίας
3401 2048 3502 2118 ηὐ-

1914 2120 2042 2186 ξατο
2075 2125 2350 2195 κείμενος,
2383 2128 2444 2181 τὸ
2477 2129 2852 2204 δεσμωτήριον
2886 2133 3088 2200 ἔσεισε,
3118 2138 3212 2190 καὶ
3240 2140 3309 2192 τά
3343 2138 3508 2210 θεμέ⁹

1909 2214 1997 2269 λια
2032 2217 2347 2273 διεσάλευσε
2387 2232 2434 2286 ε,
2470 2223 2561 2276 καὶ
2594 2224 2686 2277 τὸν
2732 2225 3118 2296 δεσμοφύλακα
3164 2230 3353 2301 ἔδησε,
3401 2233 3499 2285 καὶ

1910 2307 2046 2378 πρὸς
2070 2310 2171 2379 τὴν
2207 2310 2359 2381 ἱεράν
2392 2314 2533 2373 μετά
2575 2314 2749 2369 ταῦτα
2780 2319 3170 2387 μυσταγωγίαν
3203 2320 3498 2393 ἐχειραγώο

1906 2418 2060 2471 γησε.
2089 2403 2258 2458 Πάλιν
2284 2408 2312 2460 ὁ
2339 2407 2587 2474 Ἐζεκίας
2606 2412 2707 2465 οὐκ
2735 2412 2895 2484 ὀρθὸς
2927 2414 3119 2480 ἐστὼς,
3151 2417 3271 2470 οὐδὲ
3291 2418 3501 2485 γόναταῖ

1906 2492 2110 2557 κλίνας,
2140 2496 2254 2550 ἀλλ’
2291 2498 2483 2564 ὕπτιος
2519 2502 2613 2554 ἐπὶ
2640 2505 2737 2575 τῆς
2770 2507 2962 2577 κλίνης
2991 2508 3246 2577 κείμενος
3267 2510 3354 2563 διά
3390 2512 3503 2583 τὴν

1904 2584 2216 2655 ἀρρωστίαν
2237 2630 2250 2653 ,
2284 2588 2746 2660 στρέψας’ἐαυτὸν
2785 2597 2878 2650 ἐπὶ
2911 2597 3002 2651 τὸν
3034 2602 3214 2671 τοῖχον
3234 2641 3248 2664 ,
3300 2602 3497 2675 ἐπειδὴ

1900 2675 1993 2727 τὸν
2026 2675 2158 2730 Θεὸν
2193 2677 2412 2750 θερμῶς
2460 2682 2687 2736 ἐκάλεσε
2738 2688 2833 2739 καὶ
2871 2687 3011 2756 μετά
3053 2689 3231 2760 ψυχῆς
3275 2708 3495 2764 σωφρο-

1900 2766 2119 2838 νούσης,
2146 2770 2238 2823 καὶ
2270 2772 2544 2841 ἀπόφασιν
2574 2774 2947 2847 ἐξενεχθεῖσαν
2976 2782 3359 2849 ἀνεκαλέσατο,
3393 2786 3493 2840 καὶ

1900 2859 2104 2930 πολλὴν
2141 2862 2491 2918 ἐπεσπάσατο
2523 2865 2625 2936 τὴν
2656 2866 2894 2937 εὐνοιαν,
2930 2873 3027 2926 καὶ
3056 2875 3193 2945 πρὸς
3225 2876 3322 2949 τὴν
3348 2896 3484 2948 προ-

1895 2954 2061 3024 τέραν
2085 2955 2356 3026 ἐπανῆλθε
2390 2957 2599 3025 ὑγείαν.
2643 2961 2755 3014 Οὐκ
2782 2963 2868 3014 ἐπ’
2886 2964 3095 3036 ἀνδρῶν
3117 2967 3173 3020 δὲ
3188 2969 3360 3037 ἁγίων
3388 2971 3486 3024 καὶ

1898 3047 2151 3116 μεγάλων
2184 3048 2366 3115 μόνον,
2395 3049 2533 3104 ἀλλά
2566 3052 2662 3105 καὶ
2691 3055 2783 3107 ἐπὶ
2814 3057 3068 3128 πονηρῶν
3093 3060 3252 3114 τοῦτο
3273 3063 3371 3115 ἴδοι
3397 3082 3482 3127 τις

1895 3139 1961 3193 ἂν
1999 3140 2316 3210 συμϐαῖνον.
2348 3144 2457 3196 Καὶ
2484 3144 2594 3216 γὰρ
2624 3146 2652 3199 ὁ
2686 3146 2919 3219 λῃστὴς,
2962 3151 3061 3204 οὐκ
3089 3153 3147 3205 ἐν
3185 3155 3319 3225 οἴκῳ
3347 3160 3483 3221 στὰς

1893 3233 2188 3305 εὐκτηρίῳ,
2228 3235 2349 3288 οὐδέ
2380 3236 2583 3303 γόνατα
2610 3239 2818 3305 κλίνας,
2850 3240 2962 3294 ἀλλ’
2984 3244 3079 3295 ἐπὶ
3113 3244 3205 3298 τοῦ
3241 3249 3485 3319 σταυροῦ

1890 3326 2204 3396 τεταμένος,
2239 3328 2347 3381 ἀπὸ
2388 3329 2650 3400 ῥημάτων
2692 3332 2889 3401 ὀλίγων
2921 3334 3023 3404 τῆς
3061 3336 3339 3407 βασιλείας
3367 3343 3479 3397 τῶν

1888 3419 2133 3489 οὐρανῶν
2172 3422 2471 3492 ἐπέτυχεν⁸
2507 3424 2665 3489 ἄλλος
2712 3426 2770 3479 ὲν
2820 3426 3064 3501 βορϐόρῳ
3113 3433 3205 3486 καὶ
3252 3433 3483 3507 λάκκῳ,

1887 3511 2045 3574 ἄλλος
2076 3511 2224 3584 [739]
2253 3516 2310 3566 ἐν
2341 3513 2530 3585 λάκκῳ
2553 3520 2647 3568 καὶ
2673 3516 3104 3592 θηρίοις,ἓτερος
3124 3524 3183 3576 ἐν
3213 3524 3351 3597 αὐτῇ
3378 3528 3481 3580 τοῦ-

1886 3605 2086 3673 κήτους
2104 3603 2171 3673 τῆ
2194 3603 2366 3674 νηδύϊ,
2394 3604 2484 3658 τόν
2502 3605 2633 3658 Θεδν
2655 3610 3154 3678 παρακαλέσαντες,
3176 3614 3246 3667 τά
3264 3617 3473 3671 ἐπικεί-

1888 3713 2028 3767 μενα
2058 3696 2274 3750 ἅπαντα
2309 3696 2583 3761 διέλυσαν,
2613 3701 2707 3753 καὶ
2744 3700 2843 3771 τὴν
2880 3702 3087 3756 ἀνωθεν
3120 3705 3334 3761 εὔνοιαν
3371 3712 3473 3762 ἐπ-

1883 3788 2346 3841 εσπάσαντο.Καὶ
2369 3788 2542 3843 ταῦτα
2579 3790 2677 3860 μέν
2717 3791 2906 3860 λέγων,
2944 3797 3195 3865 παραινῶ
3229 3800 3466 3869 συνεχῶς

1880 3881 2002 3941 ταῖς
2048 3878 2366 3949 ἐκκλησίαις
2412 3881 2836 3952 ἐπιχωριάζειν,
2881 3886 2976 3938 καὶ
3023 3888 3081 3939 ἐν
3125 3888 3273 3959 οἰκίᾳ
3326 3890 3475 3958 μετά

1880 3970 2084 4039 πολλῆς
2122 3971 2356 4041 ἡσυχίας
2393 3970 2673 4042 εὔχεσθαι,
2704 3975 2801 4028 καὶ
2850 3976 2991 4030 κατά
3037 3977 3234 4049 σχολὴν
3261 3980 3469 4046 γόνατα

1879 4058 2183 4125 κλίνοντας,
2215 4062 2312 4113 καὶ
2346 4060 2445 4124 τὰς
2475 4065 2667 4133 χεῖρας
2703 4064 3084 4131 ἀνατείναντας
3104 4085 3117 4099 ·
3144 4070 3193 4121 εί
3224 4069 3280 4123 δέ
3308 4072 3341 4141 ἢ
3373 4072 3464 4128 διὰ

1878 4151 2089 4223 καιρὸν,
2121 4151 2154 4223 ἥ
2195 4151 2284 4205 διὰ
2315 4152 2482 4205 τόπον
2523 4155 2974 4228 ἀποληφθείημεν
3014 4160 3217 4230 μεταξὺ
3247 4163 3459 4218 πολλῶν

1875 4238 2097 4309 ἐτέρων.
2133 4240 2206 4311 μὴ
2235 4240 2323 4294 διὰ
2351 4241 2510 4295 τοῦτο
2538 4244 2635 4308 τὰς
2666 4247 2918 4316 συνήθεις
2944 4249 3345 4320 ἀπολιμπάνειν
3369 4256 3465 4308 εὐ-

1873 4330 1994 4398 χὰς,
2023 4330 2159 4386 ἀλλά
2189 4330 2381 4387 τοῦτον
2415 4335 2509 4388 τδν
2541 4336 2764 4407 τρόπον,
2792 4338 2963 4411 ὅνπερ
3000 4336 3154 4395 εἶπον
3184 4345 3320 4414 πρὸς
3356 4347 3475 4417 τὴνυ

1873 4420 2146 4490 ὑμετέραν
2163 4423 2409 4494 ἀγάπην,
2433 4425 2657 4497 εὐχεσθε
2682 4429 2777 4483 καὶ
2798 4432 3163 4502 παρακαλεῖτε
3184 4436 3273 4490 τὸν
3298 4438 3458 4504 Θεὸν,

1869 4510 1946 4573 ὼς
1981 4510 2134 4564 οὐδὲν
2176 4513 2398 4567 ἔλαττον
2434 4517 2589 4588 παρὰ
2620 4519 2826 4591 ταύτην
2866 4522 3079 4588 ἕξοντες
3127 4527 3226 4598 τὴν
3267 4528 3452 4601 εὐχήν.

1871 4601 2057 4656 Ταῦτα
2089 4600 2276 4668 εἷπον,
2330 4607 2429 4677 οὐχ
2460 4608 2548 4661 ἴνα
2603 4612 2909 4682 κροτήσητε
2953 4616 3046 4667 καὶ
3099 4615 3460 4689 θαυμάσητε,

1868 4695 1983 4749 ἀλλ’
2011 4696 2097 4749 ἵνα
2135 4698 2224 4751 διὰ
2266 4699 2374 4753 τῶν
2416 4701 2593 4773 ἔργων
2638 4704 2778 4757 αὐτά
2820 4705 3180 4779 ἐπιδείξησθε,
3222 4712 3315 4765 καὶ
3362 4713 3453 4766 τὸν

1867 4788 2059 4859 καιρὸν
2086 4788 2177 4843 τδν
2200 4794 2299 4863 τῆς
2332 4794 2524 4857 νυκτδς
2560 4794 2653 4849 καὶ
2693 4797 2785 4849 τὸν
2813 4798 2912 4866 τῆς
2940 4800 3187 4871 ἡμέρας,
3224 4803 3317 4855 καὶ
3360 4805 3455 4858 τὸν

1865 4882 1966 4950 τῆς
1998 4884 2262 4955 ἐργασίας
2278 4886 2304 4924 ά
2327 4886 2517 4958 καιρὸν
2540 4889 2598 4940 ἐν
2622 4889 2811 4959 εὐχαῖς
2846 4892 2942 4945 καὶ
2974 4893 3189 4964 δεήσεσι
3216 4896 3451 4967 διαλαμ-

1866 4973 2138 5040 ϐάνοντες.
2157 4976 2255 5031 Ἂν
2277 4977 2419 5032 οὕτω
2444 4980 2513 5034 τά
2537 4981 2660 5034 καθ’
2689 4983 2916 5049 ἑαυτοὺς
2942 4986 3330 5059 οίκονομῶμεν,
3353 4991 3452 5043 καῖ

1863 5066 1955 5119 τδν
1990 5069 2232 5135 παρόντα
2267 5070 2404 5140 μετὰ
2458 5073 2759 5142 ἀσφαλείας
2794 5074 3118 5147 διανύσομεν
3162 5077 3307 5147 βίον,
3348 5080 3449 5134 καὶ

1862 5166 1961 5235 τῆς
1986 5166 2265 5236 βασιλείας
2289 5169 2397 5222 τῶν
2420 5170 2663 5238 οὐρανῶν
2689 5170 3084 5241 ἐπιτευξόμεθα
3103 5188 3118 5203 ο
3144 5167 3211 5241 ἧς
3234 5173 3453 5239 γένοιτο

1862 5256 2071 5320 πάντας
2098 5258 2247 5328 ἡμᾶς
2272 5260 2569 5329 ἐπιτυχεῖν,
2602 5260 2783 5330 χάριτι
2817 5262 2912 5314 καὶ
2940 5261 3317 5334 φιλανθρωπίᾳ
3346 5263 3450 5317 τοῦ

1862 5348 2067 5420 Κυρίου
2107 5351 2263 5419 ήμῶν
2300 5350 2475 5420 Ἰησοῦ
2506 5352 2763 5423 Χριστοῦ,
2794 5352 2862 5405 δι’
2891 5344 2952 5405 οὗ
2983 5355 3077 5406 καϊ
3108 5353 3227 5422 μεθ’
3257 5349 3317 5408 οὗ
3362 5355 3449 5425 τῷ

1862 5439 2038 5510 Πατρὶ
2075 5441 2107 5509 ὴ
2140 5440 2285 5505 δόξα,
2318 5442 2433 5512 ἅμα
2459 5443 2538 5513 τῷ
2562 5444 2700 5514 ἁγίῳ
2728 5443 3027 5514 Πνεύματι,
3062 5444 3166 5498 νῦν
3192 5447 3288 5499 καὶ·
3327 5444 3446 5509 ἀεὶ,

1861 5531 1954 5585 καὶ
1976 5532 2057 5594 εἰς
2085 5532 2211 5595 τοὺς
2243 5532 2446 5597 αἰῶνας
2463 5534 2570 5588 τῶν
2600 5534 2831 5589 αίώνων.
2868 5536 3061 5607 Ἀμήν.

1923 5765 2089 5833 ῗῐὲεεςο
2114 5766 2359 5833 M1625"-
2534 5832 2539 5833 ν
2604 5832 2611 5833 ,
2838 5822 2847 5833 .

1922 5825 1948 5863 ἀ
1973 5825 2095 5888 Reg.
2119 5834 2175 5876 el
2202 5828 2341 5879 Colb.
2371 5843 2499 5879 unus
2519 5832 2699 5891 ἡμέρας
2714 5825 2865 5881 ποιεῖν
2899 5834 3133 5893 ἐργασίας.
