4038 6360
564 298 681 359 ϐιὶξ)

1199 456 1414 510 ΛΟΓΟΣ
1453 457 1531 511 E'.

563 615 725 685 Πρὸς
746 615 885 689 τοὺς
899 616 969 669 ἐν
986 616 1217 684 ἑορταῖς
1236 621 1428 688 μόνον
1460 622 1932 689 συναγομένους,
1964 622 2060 674 καί
2094 624 2149 674 τί

640 685 782 758 ποτέ
807 687 979 740 ἐστιν
1005 688 1176 758 ἑορτή
1196 707 1208 719 ·
1237 685 1342 743 καὶ
1377 690 1527 757 πρὸς
1563 685 1705 755 τοὺς
1736 685 2148 758 ἐγκαλοῦντας

637 753 728 827 τῇΔ
751 758 855 827 τοῦ
886 757 1032 809 Θεοῦ
1065 753 1355 827 προνοίᾳ.
1379 753 1475 813 δὶὰ
1505 753 1587 813 ’τὸ
1616 753 1952 825 πλουσίους
1994 753 2147 815 εἶναὶ

636 825 736 899 καὶ
761 826 1025 893 πένητας
1053 825 1130 879 ἐν
1156 828 1233 894 τῷ
1266 825 1382 895 ,ϐίῳ
1400 847 1413 860 ·
1440 832 1535 883 καὶ
1578 830 1666 883 ὅτι
1694 831 2148 899 χρησιμώτατον

635 897 674 962 ἡ
714 899 892 950 πενία
917 899 1037 970 -καί
1062 900 1154 970 ,ὅτι
1185 903 1451 953 πλούτου
1474 897 1736 953 πλείονα
1756 897 1988 968 ἡδονὴν
2019 903 2144 970 ἔχει

631 968 941 1036 πανταχοῦ
976 969 1074 1021 καί
1098 970 1469 1039 ἀσφάλειαν-ο
1502 971 1601 1024 καὶ
1641 974 1730 1037 εὶς
1758 973 1875 1039 τὴν
1905 968 2141 1026 Ἅνναν.

629 1124 698 1170 α’.
717 1118 930 1188 Μάτην,
953 1122 1025 1183 ώς
1043 1119 1206 1184 ἔοικε,
1234 1124 1435 1192 τοῦςτῇ
1463 1122 1698 1192 προτέρᾳ
1729 1122 1942 1186 συνάξει
1964 1141 2143 1195 παρα-

558 1206 887 1276 γενομένους
931 1210 1062 1278 ήμῖν
1107 1211 1597 1282 παρεκαλέσαμεν,
1634 1212 1911 1273 πείθοντες
1961 1215 2142 1283 μένειν

558 1294 652 1347 ἐπὶ
690 1295 789 1366 τῆς
828 1297 1005 1359 οίκίας
1039 1297 1139 1367 τῆς
1177 1298 1468 1368 πατρῴας,
1522 1302 1618 1352 καὶ
1666 1301 1739 1371 μὴ
1776 1300 1913 1369 μετά
1948 1303 2057 1354 τῶν
2086 1304 2142 1356 ἐν

558 1382 718 1453 ἑορτῇ
754 1384 913 1452 μόνον
964 1386 1095 1453 ἡμῖν
1143 1387 1482 1456 φαινομένων
1529 1389 1852 1457 ἐφίστασθαι
1899 1393 1991 1443 καὶ
2034 1392 2140 1460 ἀφ·-

559 1468 808 1523 ίστασθαι
838 1471 999 1523 πάλιν
1021 1489 1034 1502 ·
1068 1472 1267 1543 μᾶλλον
1296 1474 1352 1527 δὲ
1374 1474 1432 1526 οὐ
1465 1475 1658 1544 μάτην.
1683 1476 1745 1529 Εἰ
1776 1478 1882 1544 γὰρ
1914 1478 2006 1530 καὶ
2039 1495 2142 1548 μη-

555 1558 665 1623 δεὶς
702 1560 908 1615 τούτων
954 1562 1177 1634 ἐπείσθη
1212 1566 1325 1627 τοῖς
1371 1564 1718 1635 λεγομένοις,
1770 1566 1885 1619 ἀλλ’
1927 1569 2059 1637 ἡμῖν
2110 1569 2140 1620 0

558 1647 749 1716 μισθὸς
780 1650 1138 1718 ἀπήρτισται,
1181 1652 1274 1703 καὶ
1302 1651 1371 1705 τά
1405 1653 1499 1722 τῆς
1531 1652 1668 1722 πρὸς
1700 1652 1789 1706 τὸν
1835 1654 1967 1706 Θεὸν
2000 1656 2137 1708 ἀπο-

555 1736 736 1804 λογίας
760 1737 1134 1808 πεπλήρωται.
1162 1739 1362 1811 Διόπερ
1389 1739 1480 1793 τδν
1501 1741 1744 1809 λέγοντα,
1771 1742 1871 1795 κάν
1896 1743 2137 1816 προσέχῃ

553 1839 656 1888 τις,
680 1823 780 1877 κᾶν
804 1825 878 1896 μὴ
912 1827 1173 1900 προσέχῃ,
1204 1827 1275 1880 τὰ
1305 1829 1595 1900 σπέρματα
1623 1829 1729 1900 χρὴ
1756 1831 2134 1896 καταϐάλλειν,

551 1911 646 1964 καὶ
676 1914 735 1965 τὸ
764 1912 1027 1985 ἀργύριον
1051 1915 1423 1978 κατατιθέναι,
1449 1917 1535 1969 ἵνα
1561 1918 1758 1987 μηκέτι
1789 1918 1925 1988 πρὸς
1953 1920 2133 1983 αὑτὸν,

550 1998 686 2051 ἀλλὰ
717 2000 853 2070 πρὸς
879 2002 1005 2064 τοὺς
1037 2003 1372 2073 τραπεζίτας
1407 2005 1434 2057 0
1462 2004 1617 2072 λόγος
1713 2004 1789 2075 τῷ
1811 2005 1949 2074 Θεῷ.
1978 2009 2042 2058 ⁸’0
2071 2007 2134 2077 δὴ

550 2096 643 2141 και
685 2090 845 2159 ἡμεῖς
895 2092 1263 2161 ἐποιήσαμεν,
1292 2092 1633 2161 ἐλέγξαντες,
1674 2096 2131 2167 ἐπιτιμήσαντες,

552 2177 1052 2243 παρακαλέσαντες,
1106 2179 1554 2251 νουθετήσαντες.
1589 2180 1693 2234 Καὶ
1743 2183 1851 2253 γάρ
1887 2184 1981 2236 τοῦ
2035 2185 2134 2253 τὴν

548 2263 731 2315 οὐσίαν
757 2265 1170 2335 κατεδηδοκότος
1190 2267 1328 2331 υἱοῦ,
1348 2268 1440 2321 καὶ
1466 2268 1600 2341 πρὸς
1628 2268 1728 2339 τὴν
1761 2271 2033 2343 πατρικὴν
2057 2275 2136 2325 οἱ·

546 2349 670 2402 κίαν
718 2351 1111 2416 ἐπανελθόντος
1147 2354 1554 2425 ἀνεμνήσαμεν,
1591 2356 1686 2409 καὶ
1725 2356 1825 2428 τὴν
1860 2358 2133 2412 ταλαιπω-

548 2436 670 2504 ρίαν
694 2439 928 2501 ἃπασαν,
950 2440 1043 2493 καὶ
1073 2441 1164 2494 τὸν
1190 2441 1368 2511 λιμὸν,
1391 2444 1485 2496 καὶ
1505 2443 1604 2514 τὴν
1634 2444 1917 2517 αἰσχύνην,
1948 2448 2042 2500 καὶ
2064 2447 2135 2500 τά

547 2524 720 2595 ὀνείδη
754 2527 849 2579 καὶ
879 2527 946 2579 τὰ
981 2528 1134 2593 ἄλλα,
1158 2530 1258 2583 ὅσα
1286 2531 1378 2582 ἐπὶ
1403 2532 1499 2601 τῆς
1536 2531 1820 2605 ἀλλοτρίας
1852 2535 2131 2604 ὑπέμεινε,

548 2612 991 2684 προσεθήκαμεν,
1026 2614 1104 2685 τῷ
1136 2617 1540 2688 παραδείγματι
1568 2620 1743 2691 τούτῳ
1771 2624 2133 2693 σωφρονεστέ-

547 2715 673 2769 ρους
704 2702 929 2771 ποιῆσαι
960 2701 1291 2772 βουλόμενοι·
1331 2706 1423 2758 καλ⁵
1448 2707 1567 2760 οὐδὲ
1594 2708 1830 2763 ἐνταῦθα
1858 2710 1947 2762 τὸν
1975 2710 2131 2778 λόγον

547 2788 882 2859 ἐστήσαμεν,
927 2790 1061 2843 ἀλλά
1092 2792 1186 2844 καὶ
1231 2792 1328 2863 τὴν
1361 2793 1454 2845 τοῦ
1489 2796 1696 2865 πατρὸς
1744 2796 2131 2869 φιλοστοργίαν

544 2877 672 2946 περὶ
699 2878 897 2941 αὑτοὺς
928 2878 1345 2950 ἐπεδειξάμεθα,
1379 2882 1478 2934 οὑκ
1499 2884 1904 2954 ἀπαιτήσαντες
1934 2886 2130 2950 αὑτοὺς

544 2965 641 3033 τῆς
667 2965 937 3037 ῥᾳθυμίας
957 2966 1209 3032 εὐθύνας,
1230 2968 1343 3021 ἀλλ’
1365 2970 1581 3033 ὑπτίαις
1602 2971 1823 3035 τούτους
1847 2971 2130 3043 δεξάμενοι

544 3052 697 3124 [740]
736 3057 856 3118 ταῖς
900 3056 1096 3125 χερσὶ,
1140 3056 1234 3108 καὶ
1270 3056 1603 3127 συγγνώμην
1636 3058 1817 3122 δόντες
1849 3060 1988 3130 ὑπὲρ
2022 3061 2129 3114 τῶν

542 3142 1135 3214 πεπλημμελημένων,
1186 3145 1280 3197 καὶ
1315 3144 1413 3214 τὴν
1442 3146 1619 3199 οίκίαν
1664 3147 2002 3213 ἀνοίξαντες,
2036 3152 2130 3204 καὶ

543 3232 643 3300 τὴν
671 3231 953 3303 τράπεζαν
984 3231 1345 3303 παραθέντες,
1374 3233 1468 3287 καὶ
1507 3234 1699 3305 στολην
1734 3236 1930 3299 αὐτοὺς
1967 3254 2126 3309 περι-

542 3320 795 3384 ϐαλόντες
841 3321 940 3392 τὴν
984 3321 1091 3374 ἀπὸ
1122 3321 1221 3391 τῆς
1258 3321 1637 3389 διδασκαλίας,
1683 3323 1778 3377 καὶ
1810 3323 1909 3395 τὴν
1960 3325 2128 3398 ἄλλην

541 3408 760 3461 ἃπασαν
795 3408 1168 3479 παρασχόντες
1213 3408 1398 3472 αὐτοῖς
1432 3408 1749 3480 θεραπείαν.
1803 3410 2035 3467 Ἐκεῖνοι
2072 3417 2128 3470 δὲ

540 3497 633 3549 τὸν
657 3496 769 3550 υἱὸν
792 3499 1001 3551 ἐκεῖνον
1022 3498 1122 3549 οὑκ
1140 3498 1497 3568 ἐμιμήσαντο,
1516 3498 1637 3550 οὑδὲ
1660 3499 2012 3568 κατέγνωσαν
2030 3504 2126 3575 τῆς

542 3585 854 3656 ἔμπροσθεν
884 3586 1320 3656 ἀναχωρήσεως,
1355 3586 1474 3638 οὐδὲ
1509 3585 1730 3656 ἔμειναν
1760 3589 1853 3641 ἐπὶ
1893 3590 1991 3661 τῆς
2020 3609 2127 3645 πα-

537 3672 721 3743 τρῴας
743 3673 941 3737 οἰκίας,
967 3673 1081 3727 ἀλλ’
1108 3672 1470 3743 ἀπεπήδησαν
1496 3674 1677 3726 πάλιν.
1709 3673 2006 3748 ’Υμέτερον
2030 3679 2128 3748 μὲν

537 3762 632 3820 ῡῦν
662 3763 770 3833 εἴη,
789 3761 943 3833 ὑμῶν
966 3760 1074 3813 τῶν
1094 3761 1181 3814 ἀεὶ
1212 3762 1330 3831 μεθ’
1362 3762 1394 3832 ή
1403 3760 1518 3826 μῶν
1545 3760 1733 3826 ὄντων,
1760 3763 2127 3833 ἐπαναγαγεῖν

537 3853 754 3915 αὐτοὺς,
785 3850 879 3903 καὶ
910 3851 1094 3902 πεῖσαι
1131 3849 1412 3901 κοινωνεῖν
1438 3850 1573 3919 ἡμῖν
1605 3850 1705 3919 τῆς
1737 3849 1859 3904 καθ’
1887 3852 2126 3926 ἑκάστην

540 3935 760 4003 σύναξιν
793 3938 1009 4007 ἐορτῆς.
1029 3935 1093 3987 Εἰ
1122 3934 1231 4006 γὰρ
1260 3935 1356 3987 καὶ
1386 3935 1418 4004 ἡ
1450 3936 1801 4007 Πεντηκοστὴ
1823 3940 2123 4010 παρῆλθεν,

537 4028 652 4082 ἀλλ’
682 4029 715 4098 ὴ
749 4023 911 4094 ἑορτὴ
941 4024 1002 4075 οὑ
1045 4021 1332 4093 παρῆλθε·
1369 4023 1522 4075 πᾶσα
1554 4023 1663 4093 γὰρ
1698 4024 1914 4089 σύνοδος
1941 4028 2123 4100 ἑορτήν

538 4116 706 4170 Πόθεν
752 4112 910 4183 δῆλον
963 4108 1156 4174 τοῦτο;
1214 4108 1333 4162 Ἀπ’
1367 4109 1546 4162 αὑτῶν
1593 4111 1703 4162 τῶν
1750 4112 1841 4164 τοὺ
1891 4114 2123 4185 Χριστοῦ

540 4204 821 4276 ῥημάτων,
846 4200 912 4253 δι’
952 4195 1028 4252 ῶν
1058 4214 1222 4267 φησιν
1242 4214 1257 4227 ο
1291 4197 1477 4251 Ὅπου
1507 4196 1586 4251 ἂν
1616 4192 1729 4251 ὦσι
1753 4197 1863 4252 δύο
1894 4201 1933 4268 ἣ
1968 4202 2125 4269 τρεῖς

536 4291 905 4361 συνηγμένοι
933 4292 1019 4354 εἰς
1046 4290 1112 4342 τὸ
1149 4288 1296 4357 ἐμὸν
1329 4287 1535 4356 ὄνομα,
1558 4286 1686 4339 ἐκεῖ
1708 4289 1827 4356 ειμι
1854 4289 1924 4342 ἐν
1953 4292 2125 4359 μέσῳ

537 4380 756 4435 αὐτῶν.
782 4379 948 4433 Ὅταν
980 4377 1036 4429 δέ
1069 4377 1097 4428 0
1133 4376 1365 4447 Χριστὸς
1395 4377 1451 4427 ἐν
1490 4373 1640 4444 μέσῳ
1734 4375 1844 4428 τῶν
1885 4380 2123 4433 συνειλε-

539 4471 775 4540 γμένων,
796 4469 956 4523 ποίαν
981 4467 1175 4539 ἑτέραν
1200 4467 1383 4537 ζητεῖς
1411 4465 1687 4532 ἀπόδειξιν
1709 4467 1905 4538 ἑορτῆς
1920 4471 2124 4542 ταύτης

540 4558 767 4629 μείζονα
785 4571 800 4620 ;

609 4730 787 4781 Ὅπου
814 4723 1134 4779 διδασκαλία
1173 4722 1267 4776 καὶ
1297 4720 1475 4792 εὐχαὶ,
1505 4720 1639 4773 ὅπου
1684 4720 1937 4793 πατέρων
1962 4722 2119 4775 εὑλο-

536 4818 651 4887 γίαι
679 4816 774 4869 καλ⁸
818 4814 976 4868 θείων
1007 4813 1189 4883 νόμων
1228 4810 1514 4881 ἀκρόασις,
1542 4810 1676 4862 ὃπου
1714 4808 1928 4872 σύνοδος
1970 4810 2121 4863 ἀδελ-

537 4905 651 4974 φῶν
681 4904 774 4957 καὶ
802 4902 1033 4973 γνησίας
1064 4900 1285 4970 ἀγάπης
1314 4898 1629 4968 σύνδεσμος,
1654 4898 1785 4950 ὅπου
1816 4896 1955 4968 πρὸς
1987 4898 2119 4951 Θεὸν

537 4993 738 5063 ὁμιλία,
777 4992 869 5045 καὶ
898 4989 1034 5043 Θεοῦ
1067 4988 1202 5059 πρὸς
1231 4986 1552 5059 ἀνθρώπους
1584 4984 1839 5051 διάλεξις,
1880 4984 1996 5048 πῶς
2020 4986 2121 5038 οὐκ

536 5081 602 5135 ἂν
631 5082 714 5151 εἴη
739 5078 896 5150 ἑορτὴ
931 5077 1025 5131 καὶ
1058 5076 1402 5145 πανήγυρις;
1448 5070 1562 5137 Τὰς
1601 5072 1708 5144 γὰρ
1742 5072 1935 5145 ἐορτάς
1969 5073 2030 5126 οὐ
2059 5073 2120 5126 τὺ

538 5168 759 5237 πλῆθος,
796 5167 908 5220 ἀλλ’
953 5168 986 5235 ἡ
1030 5163 1200 5234 ἀρετὴ
1241 5160 1349 5214 τῶν
1387 5159 1799 5230 συλλεγομένων
1832 5162 2004 5213 ποιεῖν
2044 5161 2121 5213 εί-

536 5257 702 5310 ωθεν·
738 5257 835 5325 οὐχ
866 5256 898 5323 ἡ
928 5252 1244 5306 πολυτέλεια
1280 5249 1389 5301 τῶν
1432 5248 1680 5318 ἱματίων,
1713 5248 1825 5300 ἀλλ’
1848 5250 1876 5300 0
1910 5248 2009 5317 τῆς
2038 5248 2121 5300 εὑ-

536 5343 755 5406 λαϐείας
787 5340 1169 5411 καλλωπισμός
1188 5358 1202 5370 ·
1230 5338 1381 5407 οὑχὴ
1413 5336 1663 5405 δαψίλεια
1687 5338 1786 5406 τῆς
1814 5336 2116 5408 τραπέζης,

538 5434 651 5487 ἀλλ’
682 5435 715 5503 ὴ
741 5432 839 5502 τῆς
864 5430 1044 5500 ψυχῆς
1067 5428 1311 5497 πρόνοια.
1343 5424 1535 5494 Ἐορτὴ
1568 5423 1677 5494 γὰρ
1702 5424 1955 5493 μεγίστη,
1995 5442 2120 5476 συν-

539 5522 675 5585 ειδὺς
704 5520 925 5590 ἀγαθόν.
952 5518 1059 5571 Καὶ
1081 5516 1332 5583 καθάπερ
1365 5512 1459 5564 ἐπὶ
1484 5511 1593 5564 τῶν
1633 5510 1834 5575 ἔξωθεν
1863 5512 2116 5581 πανηγύ-

543 5628 703 5685 ρεων,
726 5610 755 5661 0
800 5607 902 5678 μὲν
934 5606 1068 5676 μήτε
1119 5601 1333 5672 ἱμάτιον
1362 5599 1499 5669 ἔχων
1537 5598 1931 5669 περιϐαλέσθαι
1975 5598 2117 5670 λαμ-

540 5697 699 5768 πρὸν,
733 5697 867 5766 μήτε
905 5690 1291 5761 δαψιλεστέρας
1320 5686 1626 5741 ἀπολαῦσαι
1654 5685 1956 5759 τραπέζης,
1997 5688 2117 5741 ἀλλ’

544 5786 604 5837 ἐν
636 5782 792 5851 πενίᾳ
822 5781 913 5835 καὶ
938 5777 1080 5849 λιμιῖ)
1104 5776 1209 5842 ζῶν
1238 5776 1329 5830 καί
1355 5777 1466 5839 τοῖς
1488 5773 1735 5844 ἐσχάτοις
1772 5777 1982 5842 κακοῖς,
2014 5777 2113 5829 οὑκ

1333 308 1391 364 S.
1432 307 1716 365 JOANNIS
1755 309 2248 366 CIIRYSOSTOMI
2287 312 2612 372 ARCHIEP.
2655 318 3208 378 CONSTANTINOP.

3725 327 3847 383 670

2262 422 2578 478 αίσθάνεται
2623 427 2717 480 τοῦ
2755 428 2949 501 καιροῦ
2978 431 3077 501 τῆς
3130 430 3339 502 ἑορτῆς,
3385 433 3490 487 κᾶν
3527 436 3709 490 πᾶσαν
3744 439 3851 508 τὴν

2259 510 2414 565 πόλιν
2449 513 2531 582 ίδῃ
2566 516 2920 586 χορεύουσαν,
2940 519 3075 573 ἀλλά
3101 519 3343 589 τοσούτῳ
3365 522 3563 591 μᾶλλον
3586 525 3851 579 ὀδυνᾶται

2258 598 2350 649 καὶ
2380 599 2655 664 δάκνεται,
2687 604 2795 673 ὅσῳ
2826 606 2921 657 καὶ
2958 607 3084 668 τοὺς
3117 607 3216 676 μὲν
3251 607 3444 671 ἄλλους
3480 611 3581 683 ὁρᾷ
3610 612 3669 662 ἐν
3706 614 3852 665 ἁπο-

2254 678 2464 745 λαύσει,
2504 685 2695 737 ἐαυτὸν
2726 686 2780 739 δὲ
2814 689 2871 739 ἐν
2910 688 3116 758 ἀπορίᾳ
3138 706 3151 719 ·
3186 692 3214 742 0
3236 689 3295 742 δὲ
3325 678 3571 744 πλουτῶν
3591 692 3686 746 καὶ
3710 711 3853 764 τρυ·

2255 767 2392 834 φῶν,
2435 772 2530 824 καὶ
2573 773 2764 836 στολάς
2802 773 2925 827 καθ’
2958 776 3198 846 ἑκάστην
3244 777 3494 847 ἀμείϐειν
3542 780 3701 849 ἔχων,
3747 783 3853 834 καὶ

2254 854 2456 927 πολλῆς
2503 858 2793 913 ἀπολαύων
2824 862 3123 933 εὐημερίας
3145 904 3160 927 ,
3194 864 3300 916 κᾶν
3333 866 3407 935 μὴ
3450 869 3599 937 παρῇ
3650 869 3850 938 καιρὸς

2254 943 2480 1012 ἑορτῆς,
2526 948 2807 1018 ἑορτάζειν
2853 949 3093 1018 νομίζει·
3138 948 3281 1003 οὑτω
3329 951 3393 1020 δὴ
3449 954 3541 1005 καὶ
3586 954 3679 1005 ἐπὶ
3726 953 3851 1007 τῶν

2253 1030 2640 1097 πνευματικῶν
2684 1034 3048 1102 πραγμάτων,
3083 1034 3111 1085 0
3157 1033 3255 1103 μὲν
3289 1034 3347 1087 ἐν
3380 1034 3691 1105 δικαιοσύνη
3730 1036 3850 1099 ζῶν

2253 1114 2346 1165 καὶ
2380 1116 2788 1188 κατορθώμασι,
2824 1119 2927 1172 κᾶν
2964 1121 3040 1192 μὴ
3074 1120 3354 1191 παρούσης
3395 1122 3611 1192 ἑορτῆς,
3644 1125 3847 1194 ἑορτὴν

2250 1199 2393 1267 ἄγει,
2424 1202 2522 1273 τὴν
2547 1204 2793 1277 καθαρὰν
2821 1205 3016 1277 ήδονὴν
3055 1208 3435 1279 καρπούμενος
3472 1211 3570 1279 τὴν
3601 1212 3708 1263 ἀπ)
3743 1211 3846 1265 τοῦ

2253 1289 2581 1354 συνειδότος·
2614 1295 2642 1344 ό
2668 1293 2724 1345 δὲ
2756 1294 2813 1344 ἐν
2838 1294 3089 1365 ἁμαρτίᾳ
3114 1295 3205 1347 καὶ
3240 1296 3475 1366 πονηρία
3513 1297 3607 1349 καὶ
3636 1297 3845 1367 τρεφό-

2252 1393 2430 1445 μενος,
2464 1379 2556 1431 καὶ
2590 1379 2761 1433 πολλά
2798 1382 2945 1435 κακά
2984 1382 3241 1446 συνειδὼς
3272 1384 3470 1453 ἐαυτῷ,
3502 1387 3595 1437 καὶ
3626 1402 3729 1455 πα..
3744 1384 3845 1436 ού-

2250 1479 2349 1533 σης
2386 1466 2600 1535 ἑορτῆς,
2644 1468 2903 1539 ἀνέορτος
2944 1469 3180 1539 μάλιστα
3220 1472 3436 1524 πάντων
3468 1473 3640 1526 ἐστίν.
3666 1472 3843 1524 Ὥστε

2248 1550 2457 1614 ἔξεστιν
2505 1555 2668 1623 ἡμῖν,
2717 1554 2783 1608 ἀν
2827 1555 3140 1626 ἐθέλωμεν,
3181 1557 3300 1608 καθ’
3333 1559 3571 1629 ἑκάστην
3618 1562 3845 1631 ἡμέραν

2246 1640 2438 1711 ἑορτὴν
2469 1643 2645 1710 ἄγειν,
2679 1643 2745 1697 ἀν
2782 1645 2988 1715 ἀρετῆς
3037 1646 3450 1716 ἐπιμελώμεθα,
3490 1651 3581 1701 καὶ
3610 1654 3670 1702 το
3703 1667 3843 1703 συν-

2246 1728 2385 1791 ειδὸς
2433 1731 2593 1799 ήμῶν
2641 1732 3082 1803 ἐκκαθαίρωμεν.
3126 1734 3192 1786 Τί
3238 1736 3348 1807 γάρ
3396 1737 3430 1806 ή
3482 1738 3840 1807 παρελθοῦσα

2248 1816 2469 1882 σύναξις
2495 1818 2596 1887 τῆς
2626 1820 2907 1891 παρούσης
2940 1821 3253 1875 πλεονεκτεῖ
3272 1840 3287 1887 ;
3309 1824 3341 1893 ἢ
3365 1826 3484 1894 οὑχὶ
3511 1826 3588 1896 τῷ
3614 1826 3842 1898 θορύϐῳ

2245 1905 2339 1956 καὶ
2362 1908 2427 1976 τῇ
2460 1911 2670 1978 ταραχῇ
2708 1913 2889 1979 μόνον,
2918 1909 3064 1979 ἄλλῳ
3084 1910 3142 1962 δέ
3167 1910 3376 1975 ούδενί;
3402 1912 3571 1965 Ὅταν
3599 1914 3709 1985 γάρ
3742 1917 3841 1968 καί

2246 1992 2279 2059 ἡ
2304 1992 2414 2044 τῶν
2441 1994 2613 2061 ἀγίων
2644 1997 2957 2066 μυστηρίων
2984 1996 3303 2061 ἀπόλαυσις,
3337 1999 3429 2051 καὶ
3463 2000 3497 2069 ή
3522 1999 3632 2051 τῶν
3654 2002 3838 2055 ἄλλων

2243 2080 2353 2132 τῶν
2382 2083 2769 2152 πνευματικῶν
2816 2084 3069 2138 κοινωνία
3092 2126 3107 2150 ,
3150 2078 3262 2136 οἷον
3296 2086 3460 2156 εὐχῆς
3508 2086 3684 2156 λέγω,
3738 2093 3839 2143 καὶ

2243 2169 2580 2240 ἀκροάσεως,
2604 2172 2700 2225 καὶ
2724 2172 3005 2241 εὐλογιῶν,
3031 2174 3126 2225 καὶ
3144 2174 3389 2245 ἀγάπης,
3409 2176 3502 2228 καὶ
3523 2176 3628 2229 τῶν
3650 2178 3836 2232 ἀλλων

2242 2258 2517 2325 ἁπάντων,
2540 2262 2572 2329 ἡ
2604 2260 2742 2331 αὑτὴ
2770 2262 2862 2315 καὶ
2886 2264 2952 2333 σή
2962 2278 3124 2332 μερεν
3154 2257 3211 2335 ᾗ,
3234 2262 3385 2314 οὐδὲν
3409 2263 3560 2315 ἔσται
3588 2264 3835 2318 ἐλάττων

2242 2346 2457 2418 ἐκείνης
2488 2347 2625 2419 αὕτη
2654 2352 2687 2419 ή
2732 2352 2939 2421 ἡμέρα,
2971 2350 3095 2402 οὔτε
3121 2352 3272 2421 ὑμῖν,
3318 2350 3438 2403 οὔτε
3474 2354 3599 2422 ἐμοὶ
3630 2353 3711 2424 τῷ
3739 2354 3834 2407 λέ-

2241 2448 2410 2500 γοντι.
2448 2436 2509 2487 Οἱ
2542 2438 2651 2507 γάρ
2683 2437 2805 2488 τότε
2840 2438 2996 2507 ἡμῶν
3041 2439 3397 2503 ἀκούσαντες,
3430 2436 3575 2493 οὑτοι
3611 2445 3704 2494 καὶ
3733 2444 3831 2496 νῦθ

2241 2523 2595 2576 ἀκούσονται’
2636 2527 2686 2577 οἱ
2717 2526 2774 2578 δὲ
2805 2526 2879 2595 μὴ
2925 2526 3195 2596 παρόντες
3225 2525 3341 2590 νῦν,
3374 2528 3494 2580 οὑδὲ
3527 2530 3649 2582 τότε
3687 2549 3833 2602 παρ-

2241 2608 2399 2680 ῆσαν,
2429 2613 2476 2663 εί
2502 2611 2596 2664 καὶ
2624 2612 2842 2668 ἐδόκουν
2872 2613 3224 2684 παρεῖναιτῴ
3260 2613 3475 2685 σώματι
3497 2635 3509 2645 ·
3539 2620 3640 2670 οὑκ
3661 2620 3829 2671 ἀκούο

2240 2715 2357 2751 ουσι
2387 2699 2480 2751 νύν
2503 2716 2515 2728 ·
2550 2700 2752 2769 μᾶλλον
2788 2701 2845 2755 δὲ
2890 2701 3013 2754 ούδέ
3049 2704 3172 2755 τότε
3202 2704 3427 2773 ῆκουονο
3461 2706 3523 2757 ού
3570 2709 3733 2776 μόνον
3770 2709 3830 2761 δὲ

2239 2788 2339 2839 οὑκ
2365 2788 2584 2857 ήκουον,
2618 2788 2753 2840 ἀλλὰ
2782 2790 2878 2841 καὶ
2900 2793 3008 2852 τοῖς
3028 2788 3186 2861 [741]
3216 2791 3503 2846 ἀκούουσιν
3526 2795 3824 2864 ἠνώχλουν,

2241 2875 2466 2945 θόρυϐον
2495 2875 2590 2927 καὶ
2612 2876 2856 2947 ταραχὴν
2890 2878 3262 2947 ἐμποιοῦντες.
3293 2880 3455 2934 Ὥστε
3483 2880 3596 2933 ἴσον
3620 2883 3747 2953 ἐμοὶ
3768 2885 3829 2936 τὸ

2240 2961 2465 3033 θέατρον
2500 2964 2593 3015 καὶ
2627 2965 2747 3015 τότε
2783 2965 2876 3017 καὶ
2910 2964 3025 3030 νύν,
3063 2965 3157 3017 καὶ
3188 2967 3215 3016 ὀ
3246 2964 3354 3018 τῶν
3383 2968 3673 3037 ἀκροατῶν
3706 2971 3827 3022 σύλ-

2239 3047 2414 3114 λογος,
2438 3051 2465 3100 0
2486 3050 2668 3113 αὑτὸς,
2693 3052 2787 3102 καὶ
2811 3051 2964 3104 οὐδὲν
2981 3048 3133 3114 οὗτος
3154 3052 3391 3106 ἐλάττων
3408 3057 3647 3112 ἐκείνου.
3667 3058 3823 3127 Ἀλλ’,

2239 3138 2287 3187 εἰ
2320 3136 2399 3188 δεῖ
2434 3154 2487 3189 τι
2526 3137 2621 3190 καὶ
2666 3136 2978 3207 θαυμαστὸν
3009 3141 3203 3205 εἰπεῖν,
3235 3140 3349 3210 ἔχει
3388 3159 3440 3195 τι
3472 3144 3635 3197 πλέον
3671 3144 3823 3211 οὗτος

2239 3227 2468 3291 ἐκείνου,
2491 3228 2600 3298 ὅσῳ
2640 3229 2731 3280 καὶ
2764 3231 3039 3299 ἀτάραχος
3071 3232 3103 3299 ἡ
3142 3229 3397 3297 διάλεξις,
3434 3235 3528 3285 καὶ
3561 3235 3821 3307 ἀθόρυϐος

2238 3318 2271 3384 η
2294 3315 2629 3379 διδασκαλία,
2646 3317 2740 3368 καὶ
2763 3319 2902 3386 μετά
2921 3317 3163 3380 πλείονος
3189 3320 3455 3383 συνέσεως
3481 3322 3514 3391 ή
3539 3324 3818 3393 ἀκρόασις,

2237 3406 2448 3468 οὐδενὸς
2481 3408 2636 3476 ήμῶν
2670 3407 2767 3476 τὴν
2789 3408 2960 3478 ἀκοὴν
2989 3408 3335 3478 ἐνοχλοῦντος
3370 3409 3628 3481 θορύϐου.

2314 3496 2378 3564 β’.
2397 3494 2582 3547 Ταῦτα
2601 3493 2829 3562 δὲλέγω,
2854 3496 2952 3547 οὑκ
2980 3496 3261 3566 ἀτιμάζων
3281 3497 3340 3549 τὸ
3354 3499 3559 3569 πλῆθος
3575 3502 3685 3555 τῶν
3706 3504 3821 3557 τότε

2240 3583 2642 3649 συλλεγέντων,
2692 3582 2829 3635 ἀλλά
2885 3582 3088 3637 πείθων
3139 3586 3285 3653 ὑμᾶς
3340 3585 3416 3657 μὴ
3471 3592 3818 3657 στυγνάζειν,

2239 3671 2373 3741 μηδὲ
2400 3670 2672 3741 κατηφιᾷν
2701 3670 2791 3723 διὰ
2820 3670 2918 3741 τὴν
2952 3670 3239 3743 ὀλιγότητα
3276 3674 3382 3726 τῶν
3408 3673 3505 3726 νῦν
3534 3678 3818 3747 συλλεγέν-

2234 3776 2341 3812 των
2376 3758 2631 3811 ἐνταὺθα.
2663 3759 2737 3809 Ού
2767 3758 2875 3830 γάρ
2895 3759 2959 3829 δὴ
2986 3759 3254 3829 σωμάτων
3285 3762 3487 3832 πλῆθος
3514 3765 3817 3838 βουλόμεθα

2236 3849 2327 3900 ἐπὶ
2348 3848 2445 3917 τῆς
2463 3848 2758 3917 ἐκκλησίας
2781 3849 2932 3918 ὀρᾷν,
2953 3847 3089 3900 ἀλλά
3115 3849 3399 3920 ἀκροατῶν
3425 3852 3651 3924 πλῆθος.
3673 3859 3819 3912 Ἐπεὶ

2234 3932 2325 3988 οὖν
2358 3937 2406 3987 οἱ
2438 3935 2591 3987 αὐτοὶ
2619 3934 2938 4005 δαιτυμόνες
2972 3936 3063 3987 καὶ
3094 3935 3214 3987 τότε
3257 3939 3351 3989 καὶ
3380 3936 3475 3990 νῦν
3505 3943 3640 4010 ημῖν
3682 3946 3814 4016 πάρ·

2233 4040 2360 4089 εισι,
2403 4023 2541 4092 μετά
2574 4022 2675 4090 τῆς
2718 4023 2886 4092 αὐτῆς
2919 4022 3228 4093 προθυμίας
3287 4027 3382 4076 καὶ
3435 4030 3679 4100 σήμερον
3719 4036 3814 4103 την

2234 4111 2476 4164 ἐστίασιν
2512 4111 2639 4181 ὑμῖν
2668 4110 3077 4181 παραθήσομαι,
3110 4113 3200 4163 ἐπὶ
3228 4111 3327 4182 τὴν
3360 4114 3618 4169 ὑπόθεσιν
3650 4120 3813 4172 ἐπαν-

2233 4200 2437 4264 ελθὼν,
2480 4201 2545 4269 ἢν
2586 4200 2615 4250 0
2660 4198 2757 4269 τῆς
2796 4199 2989 4270 ἐορτῆς
3037 4199 3225 4269 καιρὸς
3287 4200 3555 4271 διέκοψεν.
3606 4205 3811 4277 Ὥσπερ

2232 4290 2340 4360 γὰρ
2362 4288 2460 4358 τῆς
2486 4287 2868 4357 Πεντήκοστῆς
2895 4287 3198 4359 παρούσης,
3220 4288 3448 4359 ἄκαιρον
3468 4288 3555 4361 ἦν,
3579 4294 3810 4362 ἀφέντας

2231 4379 2409 4447 λέγειν
2437 4380 2567 4450 περὶ
2591 4379 2697 4431 τῶν
2724 4376 2986 4431 δοθέντων
3016 4380 3147 4449 ἡμῖν
3179 4383 3298 4432 κατ’
3328 4383 3535 4434 ἐκεῖνον
3573 4384 3667 4436 τὸν
3700 4403 3811 4438 και-

2232 4468 2327 4539 ρὸν
2357 4466 2597 4535 ἀγαθῶν,
2630 4467 2728 4537 τῆς
2758 4466 3079 4529 ἀκολουθίας
3108 4468 3209 4537 τῆς
3256 4470 3522 4540 προτέρας
3556 4470 3805 4541 ἔχεσθαι·

2230 4558 2372 4611 οὑτω
2407 4556 2501 4609 νῦν
2528 4556 2627 4625 τῆς
2656 4555 3039 4626 Πεντηκοστῆς
3068 4555 3466 4627 παρελθούσης,
3500 4561 3582 4622 είς
3626 4564 3808 4633 xazpbv

2229 4650 2331 4720 τὴν
2360 4649 2681 4703 ἀκολουθίαν
2717 4649 2815 4717 τῆς
2852 4649 3094 4719 ἱστορίας
3136 4650 3557 4720 ἀναληψόμεθα,
3592 4655 3685 4706 ἐπὶ
3715 4656 3807 4723 τῆς

2231 4737 2376 4791 κατά
2403 4740 2500 4809 τὴν
2532 4740 2730 4791 ’Ἄνναν
2762 4736 3071 4799 ὑποθέσεως
3113 4737 3361 4807 ἐχόμενοι
3380 4749 3425 4790 δ.
3463 4739 3600 4792 Οὐδὲ
3629 4741 3738 4811 γὰρ
3766 4743 3809 4793 εί

2233 4830 2405 4884 πολλὰ
2429 4832 2495 4882 τὰ
2516 4830 2780 4900 εἰρημένα
2812 4828 2919 4900 χρὴ
2954 4830 3197 4892 σκοπεῖν,
3230 4828 3323 4880 καὶ
3344 4829 3401 4882 ἐν
3431 4829 3657 4893 πολλαῖς
3681 4834 3809 4901 ἡμέ-

2233 4938 2378 4993 ραις,
2403 4921 2518 4974 ἀλλ’
2550 4922 2597 4971 εἰ
2624 4920 2759 4989 πρὸς
2787 4921 2848 4971 τὸ
2887 4918 3040 4981 τέλος
3080 4917 3317 4989 ἤλθομεν
3341 4919 3439 4989 τῆς
3480 4919 3806 4985 ὑποθέσεως.

2230 5013 2342 5066 Καὶ⁸
2365 5011 2473 5082 γὰρ
2510 5012 2557 5062 οί
2595 5008 2869 5079 θησαυρὸν
2903 5008 3176 5079 εὑρόντες,
3214 5008 3319 5062 κάν
3367 5009 3536 5077 μυρία
3579 5008 3808 5063 λάϐωσιν

2229 5106 2436 5159 ἐκεῖθεν
2462 5106 2740 5177 χρήματα,
2772 5103 2833 5155 οὑ
2859 5102 3121 5173 πρότερον
3152 5101 3495 5169 ἀφίστανται,
3530 5101 3636 5165 ἕως
3663 5103 3729 5155 ἂν
3754 5102 3807 5153 τὸ

2231 5197 2339 5248 πᾶν
2372 5194 2771 5264 ἐξαντλήσωσιν
2791 5208 2805 5221 ·
2842 5191 2901 5244 οὑ
2938 5189 3045 5261 γὰρ
3074 5189 3134 5242 τὸ
3162 5189 3333 5243 πολλά
3361 5190 3563 5258 λαϐεῖν,
3595 5194 3729 5248 ἀλλὰ
3753 5195 3807 5248 τὸ

2232 5285 2397 5356 μηδὲν
2443 5286 2690 5353 ἀφεῖναι,
2730 5282 2888 5335 τοῦτο
2938 5280 3176 5352 μάλιστα
3225 5281 3421 5344 αὐτοὺς
3472 5284 3803 5338 ἀνακτᾶσθαι

2229 5374 2495 5442 πέφυκεν.
2532 5372 2594 5424 EE
2625 5371 2682 5423 δὲ
2716 5371 2768 5442 οί
2794 5370 2918 5442 περὶ
2951 5368 3021 5422 τὰ
3046 5369 3657 5442 χρήματαμαινόμενοι
3688 5390 3803 5424 τοσ-

2229 5440 2368 5515 αύτῃ
2408 5444 2534 5515 περὶ
2562 5442 2629 5496 τά
2651 5440 2997 5515 ἀπολλύμενα
3045 5440 3140 5494 καὶ
3164 5441 3240 5511 μὴ
3266 5441 3493 5511 μένοντα
3510 5440 3800 5514 κέχρηνται

2294 5718 2318 5746 ⁸
2344 5714 2615 5793 Οομιθςὶίιιὶ
2647 5715 2909 5778 ἐρχόμενοι.
2938 5713 3065 5767 Infra
3089 5715 3239 5768 Savil.
3277 5722 3336 5768 οἱ.
3358 5720 3593 5785 θησαυρὸν
3612 5718 3798 5784 ἀνορύτ-

2227 5795 2383 5835 τοντες
2405 5795 2451 5827 εν
2468 5795 2537 5844 τῳ
2548 5794 2733 5839 κόσμῳ.
