4038 6360
270 345 376 401 069

909 442 1141 506 SERMO
1181 443 1245 499 V.

274 574 526 625 Aduersus
563 581 646 620 eos
670 564 754 635 qui
777 571 973 616 tantum
1012 561 1066 613 in
1096 559 1233 630 festis
1262 555 1581 617 conveniunt,
1610 562 1657 606 et
1704 550 1859 621 quid-

350 678 472 715 nam
496 661 559 715 sit
586 662 800 729 festum;
829 656 948 708 item
970 654 1212 706 adversus
1236 666 1319 703 eos
1345 649 1432 719 qui
1467 648 1701 701 incusant
1728 644 1861 697 divi-

351 769 471 805 nam
496 749 859 821 prouidentiam
881 786 897 811 ,
938 762 995 799 eo
1035 744 1172 814 quod
1199 744 1252 795 in
1280 743 1375 794 hac
1403 742 1505 793 vita
1529 739 1733 807 quidam
1761 738 1861 791 sint

348 843 545 905 divites,
576 841 783 910 quidam
814 852 1061 904 pauperes
1085 851 1104 887 :
1134 833 1268 903 quod
1297 838 1567 902 paupertas
1594 828 1861 881 utilissima

347 936 432 998 sit,
461 942 507 985 et
535 932 672 999 quod
700 938 975 997 paupertas
1002 926 1115 994 plus
1158 925 1431 991 voluptatis
1477 938 1538 973 ac
1580 919 1863 973 securitatis

349 1026 531 1095 ubique
558 1023 769 1087 habeat,
796 1037 948 1090 quam
977 1019 1202 1081 divitiae;
1230 1018 1448 1084 itemque
1483 1015 1545 1068 de
1587 1015 1751 1066 Anna.

352 1165 407 1216 l.
430 1161 672 1224 Frustra,
694 1166 754 1212 ut
777 1156 1004 1216 videtur,
1027 1170 1118 1209 eos
1135 1154 1221 1223 qui
1244 1149 1561 1223 praecedenti
1584 1147 1859 1201 adfuerunt

278 1253 550 1315 collectae,
581 1250 775 1305 hortati
800 1262 982 1302 sumus
1003 1288 1018 1313 ,
1047 1254 1105 1299 ut
1138 1245 1188 1298 in
1214 1251 1432 1314 paterna
1457 1242 1616 1295 domo
1652 1254 1867 1308 perma-

281 1348 492 1407 nerent,
515 1348 569 1395 et
594 1354 698 1393 non
730 1353 832 1392 una
860 1352 979 1391 cum
1026 1336 1089 1390 iis
1111 1377 1124 1399 ,
1172 1335 1260 1403 qui
1290 1331 1440 1387 festis
1478 1330 1665 1383 diebus
1693 1329 1863 1382 solum

288 1434 376 1487 hic
400 1446 459 1487 se
484 1432 697 1494 sistunt,
729 1428 1045 1483 accederent
1073 1425 1137 1478 ad
1170 1440 1266 1479 nos
1285 1466 1299 1489 ,
1326 1438 1388 1477 ac
1408 1435 1615 1476 rursum
1638 1418 1866 1473 det-ede-

283 1532 402 1578 rent
429 1540 443 1576 :
476 1523 585 1576 imo
607 1534 735 1574 vero
776 1534 879 1573 non
914 1518 1127 1571 fruatra.
1170 1513 1304 1568 Nam
1346 1512 1442 1566 etsi
1473 1509 1669 1564 nemini
1697 1524 1762 1561 ex
1789 1507 1867 1561 eis

285 1628 597 1687 persuasum
622 1621 765 1669 esset
784 1610 1024 1665 oratione
1047 1617 1225 1662 nostra
1245 1648 1258 1671 ,
1281 1604 1435 1660 nobis
1456 1611 1633 1656 tamen
1657 1613 1863 1654 merces

283 1710 487 1778 integra
526 1713 740 1769 manet,
766 1703 1083 1775 plenamque
1127 1699 1380 1752 habemus
1409 1692 1546 1762 apud
1577 1692 1740 1746 Deum
1769 1689 1866 1743 de-

284 1799 603 1855 fensionem.
620 1793 979 1861 Quamobrem
998 1788 1668 1861 oportetconeiunatorem,
1683 1782 1870 1836 etiam-

285 1894 330 1946 si
375 1905 535 1946 nemo
563 1888 837 1954 attendat,
873 1885 1076 1940 semina
1099 1883 1299 1953 jacere,
1328 1888 1382 1934 et
1409 1877 1683 1947 pecuniam
1705 1875 1869 1943 depo-

285 1998 416 2040 nere
438 2024 456 2050 ,
496 1990 553 2037 ut
582 1988 766 2053 postea
807 1979 951 2050 Deus
983 1994 1084 2030 non
1114 1975 1181 2028 ab
1212 1974 1328 2038 illo,
1362 1970 1457 2026 sed
1496 1986 1525 2023 a
1562 1967 1870 2024 numulariis

286 2075 547 2130 rationem
589 2078 854 2143 reposcat.
899 2066 1051 2135 Quod
1097 2081 1225 2120 sane
1265 2064 1423 2118 etiam
1469 2076 1567 2115 nos
1609 2059 1867 2123 fecimus,

288 2166 584 2238 arguendo,
615 2160 940 2231 increpando
965 2200 978 2221 ,
1007 2154 1358 2218 obsecrando,
1404 2148 1762 2206 admonendo.
1812 2148 1869 2201 lu

289 2259 394 2312 hoc
418 2257 560 2312 enim
589 2254 741 2307 vobis
765 2247 1299 2306 commemoravimus
1326 2243 1487 2297 lilium
1515 2242 1663 2295 illum
1694 2247 1873 2308 pater-

287 2364 478 2403 narum
497 2345 799 2401 facultatum
816 2343 1237 2410 absumptorem,
1258 2335 1467 2389 tandem
1498 2331 1564 2386 ad
1598 2339 1870 2399 paternam

286 2442 509 2495 domum
558 2434 883 2507 postliminio
933 2444 1248 2491 reversum,
1300 2425 1708 2492 universamque
1758 2420 1873 2488 ejus

287 2529 583 2590 miseriam,
614 2525 830 2589 famem,
872 2522 1123 2585 dedecus,
1169 2514 1451 2587 opprobria
1480 2555 1495 2578 ,
1540 2521 1593 2567 et
1617 2508 1871 2582 quidquid

291 2621 430 2693 apud
452 2630 665 2676 exteros
691 2617 925 2687 pertulit,
955 2611 1273 2667 adduximus
1300 2608 1353 2662 in
1384 2606 1642 2671 medium,
1671 2612 1729 2657 ut
1773 2602 1875 2654 hnc

288 2692 538 2781 exemplo
559 2709 625 2764 ad
661 2708 1006 2762 sobrietatem
1034 2717 1130 2758 vos
1158 2700 1522 2771 redigeremus
1549 2713 1563 2749 τ
1593 2709 1763 2764 neque
1793 2692 1877 2747 hic

293 2816 597 2859 sermonem
632 2799 919 2861 finivimus,
946 2808 1127 2849 verum
1149 2793 1307 2846 etiam
1332 2797 1604 2860 paternam
1632 2799 1754 2855 erga
1785 2798 1879 2837 eos

293 2897 545 2967 pietatem
574 2890 936 2951 exhibuimus,
961 2901 1067 2941 non
1099 2881 1432 2954 negligentiae
1455 2893 1638 2950 poenas
1664 2878 1879 2946 exigen-

289 2999 395 3053 tes,
427 2986 519 3041 sed
551 2984 753 3053 supinis
779 2980 1024 3036 manibus
1052 2993 1146 3033 eos
1173 2975 1523 3043 excipientes,
1543 2970 1752 3025 veniam
1782 2968 1871 3022 de-

294 3081 541 3136 lictorum
583 3073 960 3137 concedentes,
1008 3077 1188 3139 aperta
1228 3067 1387 3121 domo
1427 3079 1665 3119 mensam
1712 3077 1880 3130 appu-

289 3180 506 3233 nentes,
536 3166 793 3223 doctrina:
814 3163 1012 3218 amictu
1036 3175 1128 3215 eos
1154 3159 1493 3221 amicientes,
1526 3165 1881 3221 cmteramque

294 3275 512 3315 omnem
554 3271 736 3312 curatn
787 3253 918 3324 ipsis
960 3252 1297 3306 adhibentes.
1350 3249 1430 3304 Illi
1481 3256 1658 3300 autem
1716 3243 1880 3296 ﬁlium

292 3353 446 3406 illum
478 3364 584 3404 non
629 3354 754 3401 sunt
793 3344 1018 3411 imitati,
1050 3356 1151 3397 nec
1184 3356 1277 3396 eos
1304 3338 1474 3394 relicti
1516 3347 1684 3392 cretus
1714 3335 1886 3404 poeni-

294 3444 422 3509 tuit,
462 3454 637 3512 neque
674 3439 727 3493 in
760 3445 980 3507 paterna
1018 3433 1178 3487 domo
1206 3438 1538 3492 manserunt,
1587 3426 1680 3482 sed
1711 3426 1884 3480 denuo

299 3534 696 3589 abscesserunt.
716 3527 960 3583 Vestrum
989 3525 1148 3596 igitur
1174 3530 1338 3586 esset,
1361 3528 1618 3585 vestrum,
1648 3519 1882 3586 inquam,

295 3625 391 3694 qui
420 3636 634 3691 semper
657 3618 933 3673 nobiscum
949 3616 1098 3681 estis,
1131 3613 1389 3669 reducere
1413 3611 1574 3682 ipsos,
1599 3608 1887 3679 persuade-

300 3730 472 3786 reque
500 3724 558 3769 ut
584 3713 864 3767 nobiscum
906 3725 1000 3779 per
1032 3708 1268 3778 singulas
1295 3706 1546 3760 collectas
1574 3703 1739 3758 velint
1768 3701 1885 3756 festi

302 3823 425 3865 esse
448 3808 752 3880 participes.
799 3804 1051 3872 Quamvis
1080 3800 1224 3856 enim
1265 3798 1583 3853 Pentecoste
1609 3794 1885 3865 praeteriit,

299 3902 496 3957 festum
536 3910 711 3954 tamen
744 3912 848 3952 non
894 3894 1179 3967 praeteriit;
1208 3892 1382 3946 omnis
1410 3890 1552 3944 enim
1592 3898 1889 3945 conventus

306 3993 497 4049 festum
530 4002 631 4047 est.
677 3990 830 4046 Unde
857 3990 957 4043 hoc
978 3986 1155 4057 patet?
1186 3987 1259 4039 Ex
1293 3984 1421 4055 ipsis
1463 3980 1659 4037 Christi
1690 3981 1888 4045 verbis,

306 4085 571 4140 dicentis:
606 4082 913 4152 Ubicumque
937 4079 1120 4148 fuerint
1152 4077 1251 4131 duo
1281 4077 1358 4130 vel
1387 4086 1485 4129 tres
1510 4074 1800 4144 congregati
1837 4075 1891 4126 in

306 4192 419 4229 meo
444 4176 665 4237 nomine,
695 4172 763 4226 ibi
783 4188 894 4225 sum
925 4172 980 4224 in
1018 4169 1183 4222 medio
1209 4184 1382 4221 eorum
1407 4166 1616 4231 (Matth.
1649 4166 1735 4221 18.
1771 4165 1886 4234 20).

306 4266 527 4333 Quoties
555 4274 730 4320 autem
744 4261 986 4317 Christus
1012 4262 1233 4315 interest
1261 4259 1313 4313 in
1338 4257 1513 4313 medio
1534 4268 1725 4321 coetus,
1750 4255 1889 4328 quod

308 4358 484 4428 majus
508 4356 702 4427 quaeris
733 4355 850 4410 festi
872 4350 1278 4424 argumentum?

382 4490 654 4545 Festorum
696 4497 906 4544 ornatus
951 4484 1295 4542 veri.—Ubi
1344 4498 1495 4538 sacra
1544 4481 1784 4537 doctrina
1836 4492 1892 4537 et

313 4597 521 4653 preces,
550 4581 641 4636 ubi
662 4590 872 4649 patrum
901 4577 1301 4633 benedictiones
1321 4586 1375 4630 ct
1404 4574 1596 4628 divinae
1624 4574 1756 4643 legis
1796 4587 1894 4626 au-

313 4675 589 4739 ditorium,
612 4673 699 4727 ubi
726 4679 1019 4727 conventus
1044 4670 1289 4736 fratrum,
1305 4682 1677 4738 germanazqne
1698 4666 1894 4720 carita-

315 4768 386 4821 tis
426 4766 719 4831 vinculum,
750 4765 839 4819 ubi
882 4779 1003 4819 cum
1034 4765 1146 4818 Deo
1182 4762 1526 4833 colloquium,
1555 4771 1610 4814 et
1639 4760 1731 4814 Dei
1772 4774 1895 4813 cum

320 4857 629 4912 hominibus
657 4870 857 4920 sermo,
890 4855 979 4925 qui
1006 4854 1118 4909 fieri
1145 4861 1320 4923 potest
1344 4860 1402 4907 ut
1427 4852 1500 4907 ibi
1540 4867 1645 4906 non
1676 4852 1745 4905 sit
1765 4850 1897 4904 festa

315 4947 630 5003 celebritas?
668 4946 827 5001 Festa
852 4946 997 5001 enim
1021 4959 1127 5000 non
1157 4943 1438 4999 multitudo
1468 4943 1895 4998 convenientium

316 5040 495 5095 facere
518 5039 673 5105 solet,
701 5038 794 5093 sed
819 5039 1021 5101 virtus;
1050 5051 1157 5090 non
1173 5044 1517 5104 sumptuosus
1538 5035 1782 5098 vestitus,
1802 5034 1899 5088 sed

317 5133 531 5201 pietatis
547 5140 799 5195 ornatus;
829 5146 934 5188 non
964 5143 1165 5186 mensae
1182 5128 1405 5194 lautitia,
1423 5128 1516 5184 sed
1539 5144 1663 5183 cura
1685 5129 1896 5183 animae.

318 5221 610 5276 Maximum
639 5221 782 5277 enim
813 5220 1007 5275 festum
1030 5228 1112 5276 est
1134 5219 1458 5275 conscientia
1486 5219 1643 5275 bona.
1678 5220 1748 5274 Et
1767 5221 1901 5275 sicut

318 5314 373 5370 in
413 5314 652 5369 externis
687 5314 1086 5369 celebritatihus
1114 5314 1157 5367 is
1194 5313 1288 5383 qui
1326 5326 1428 5368 nec
1457 5322 1659 5367 vestem
1700 5312 1900 5381 habet,

320 5424 424 5476 qua
454 5407 725 5473 induatur,
753 5406 1107 5477 splendidam,
1134 5420 1233 5460 nec
1258 5418 1519 5469 mensam,
1544 5419 1647 5474 qua
1675 5403 1900 5471 fruatur,

320 5500 542 5563 lautam,
574 5499 670 5553 sed
709 5499 838 5552 vivit
867 5499 919 5552 in
961 5505 1308 5568 paupertate,
1350 5495 1512 5563 fame,
1560 5505 1904 5567 extremaque

323 5592 581 5657 miseria,
612 5606 718 5645 non
762 5590 995 5645 aflicitur
1022 5590 1155 5645 festo
1199 5589 1308 5655 die,
1352 5589 1562 5645 etiamsi
1603 5590 1903 5645 universam

323 5683 513 5737 urbem
535 5685 760 5740 choreas
788 5699 947 5754 agere
974 5684 1171 5750 videat,
1203 5684 1297 5740 sed
1323 5699 1392 5740 eo
1416 5685 1583 5754 magis
1608 5685 1820 5755 angitur
1841 5701 1904 5741 ac

323 5774 473 5829 dolet
497 5774 637 5845 quod
662 5774 795 5832 alios
824 5774 876 5830 in
904 5773 1110 5831 deliciis
1125 5775 1322 5846 videat,
1348 5775 1475 5832 dum
1505 5775 1622 5845 ipse
1649 5776 1899 5834 omnibus

1493 328 1579 384 DE
1619 324 1803 382 ANNA
1842 318 2070 376 SERMO
2106 318 2169 376 ν.

3445 310 3549 363 610

1967 438 2122 497 eget;
2155 427 2301 482 dives
2324 441 2449 482 vero
2478 427 2755 487 delicatus,
2789 427 3084 481 mutatoriis
3114 425 3346 480 vestibus
3374 427 3545 479 alum-

1964 518 2126 582 dans,
2157 527 2212 572 et
2251 519 2302 571 in
2332 533 2538 572 summa
2568 520 2917 588 prOSpCt‘llule
2958 519 3173 583 vivens,
3203 518 3361 571 etiam
3396 530 3545 571 extra

1968 608 2096 662 festa
2126 618 2366 677 tempora
2390 608 2579 663 festum
2606 624 2761 677 agere
2782 609 2879 663 sibi
2906 608 3117 663 videtur
3144 625 3156 659 :
3187 609 3253 661 ita
3280 617 3335 662 et
3356 608 3405 661 in
3427 609 3552 675 spi-

1968 700 2247 754 ritualibus
2270 700 2429 753 rebus
2462 701 2742 754 usuvenit:
2779 700 2866 768 qui
2896 699 3022 752 vivit
3048 699 3097 752 in
3120 698 3321 768 justitia
3343 708 3396 753 et
3416 714 3547 767 ope-

1969 790 2116 844 ribus
2146 791 2318 855 bonis,
2354 791 2436 844 vel
2463 792 2670 859 absque
2702 790 2837 844 festo
2869 789 3058 843 festum
3098 790 3242 859 agit,
3283 790 3546 844 sincerum

1969 882 2291 951 voluptatem
2319 898 2384 936 ex
2408 882 2544 936 bona
2567 882 2891 935 conscientia
2922 882 3218 950 percipiens
3249 897 3265 933 :
3305 882 3395 949 qui
3421 896 3551 935 vero

1970 971 2024 1026 in
2057 983 2274 1041 peceato
2312 982 2364 1026 et
2391 972 2589 1025 malitia
2634 971 2774 1040 degit
2797 1011 2812 1035 ,
2844 970 3131 1024 multorum
3160 972 3419 1024 malorum
3448 970 3549 1022 sibi

1970 1065 2236 1129 conscius,
2267 1064 2425 1118 etiam
2458 1080 2574 1117 cum
2601 1063 2788 1118 festum
2814 1073 2916 1129 est,
2942 1060 3045 1116 tam
3069 1064 3205 1117 festo
3224 1073 3369 1117 caret
3392 1078 3549 1132 quam

1970 1158 2056 1226 qni
2085 1159 2331 1212 maxime.
2362 1158 2694 1226 Quapropter
2729 1158 2851 1211 licet
2879 1157 3032 1210 nobis
3052 1198 3066 1221 ,
3098 1157 3142 1211 si
3167 1157 3412 1219 velimus,
3452 1173 3546 1224 per

1974 1250 2212 1319 singulos
2239 1250 2351 1304 dies
2374 1248 2564 1304 festum
2593 1250 2808 1313 habere,
2832 1250 2874 1302 si
2905 1250 3153 1303 virtutem
3181 1263 3547 1312 exerceamus,

1972 1352 2027 1396 et
2053 1343 2435 1397 conscientiam
2479 1342 2838 1414 purificemus.
2879 1342 2990 1408 Qua
3016 1342 3159 1395 enim
3202 1356 3258 1394 re
3288 1340 3551 1409 praeterita

1971 1432 2195 1485 collecta
2228 1434 2327 1486 hac
2358 1433 2603 1500 praascnti
2634 1439 2715 1486 est
2744 1432 2953 1501 potior?
2977 1445 3155 1484 annon
3185 1431 3407 1484 tumultu
3438 1439 3555 1482 tan-

1979 1531 2089 1575 tum
2140 1532 2194 1576 et
2240 1524 2494 1591 strepitu,
2542 1523 2790 1590 nullaque
2834 1538 2889 1577 re
2920 1523 3059 1576 alia?
3087 1522 3307 1588 Quando
3332 1521 3473 1576 enim
3503 1528 3558 1573 et

1973 1622 2279 1666 sanctorum
2308 1615 2685 1684 mysteriorum
2710 1614 3003 1682 perceptio,
3048 1622 3106 1667 et
3146 1614 3373 1667 aliarum
3400 1615 3556 1681 Spiri-

1977 1703 2199 1757 tualium
2230 1720 2410 1757 rerum
2438 1704 2743 1759 communio
2763 1743 2780 1769 ,
2828 1714 2953 1775 puta
3001 1705 3363 1774 precationum
3381 1744 3398 1770 ,
3424 1719 3556 1758 con-

1974 1796 2167 1860 cionis,
2200 1796 2663 1861 benedictionum,
2692 1797 2965 1863 caritatis,
2997 1806 3416 1865 caeterorumque
3444 1811 3559 1849 om-

1976 1888 2122 1941 nium
2151 1888 2338 1942 eadem
2364 1899 2446 1942 est
2475 1889 2635 1943 etiam
2678 1888 2858 1953 hodie,
2905 1888 3047 1941 nulla
3093 1889 3145 1941 in
3189 1902 3249 1941 re
3290 1888 3401 1941 haec
3441 1887 3560 1941 dies

1975 1989 2255 2049 superatur
2292 1980 2359 2034 ab
2413 1980 2499 2035 illa
2522 2020 2539 2045 ,
2572 1989 2830 2049 quantum
2859 1980 2942 2033 vel
2985 1979 3052 2033 ad
3093 1993 3190 2033 vos
3240 1978 3327 2033 vel
3377 1976 3443 2032 ad
3473 1994 3561 2032 me

1975 2074 2383 2127 coneinnautem
2411 2075 2622 2126 attinet.
2658 2072 2792 2125 Nam
2816 2075 2905 2140 qui
2944 2082 3068 2125 tunc
3098 2085 3195 2124 nos
3234 2070 3519 2125 audiebant
3542 2112 3558 2135 ,

1977 2162 2029 2216 hi
2059 2178 2197 2218 nunc
2221 2179 2433 2233 quoque
2461 2164 2687 2218 audituri
2711 2174 2872 2227 sunt;
2900 2173 2954 2217 et
2981 2165 3066 2232 qui
3096 2178 3235 2216 nunc
3259 2163 3469 2227 absunt,
3496 2177 3562 2215 ne

1979 2263 2105 2311 tunc
2139 2256 2353 2326 quidem
2379 2256 2645 2321 aderant,
2693 2256 2903 2309 etiamsi
2933 2269 3156 2324 corpore
3200 2253 3388 2309 adesse
3420 2254 3564 2307 vide-

1977 2356 2166 2403 rentur
2183 2368 2195 2400 ;
2214 2364 2317 2401 non
2338 2348 2562 2402 audiunt
2581 2362 2722 2402 nunc
2740 2363 2755 2413 ;
2777 2349 2881 2401 imo
2901 2355 3027 2401 tunc
3047 2347 3221 2401 minus
3244 2347 3561 2409 audiebant;

1983 2455 2084 2494 nec
2112 2440 2282 2493 solum
2312 2455 2419 2493 non
2447 2439 2766 2501 audiebant,
2795 2439 2886 2493 sed
2914 2439 3075 2494 etiam
3104 2437 3437 2492 audientibus
3464 2438 3564 2491 ob-

1981 2529 2270 2599 strependo
2299 2529 2510 2583 molesti
2539 2538 2716 2583 erant.
2748 2529 3085 2597 Quapmptcr
3109 2539 3161 2582 et
3190 2537 3313 2581 tunc
3349 2538 3403 2581 et
3427 2545 3566 2581 nunc

1980 2620 2185 2690 aequale
2210 2621 2338 2674 mihi
2371 2629 2454 2675 est
2488 2620 2755 2674 theatrum
2775 2660 2789 2682 ,
2822 2619 3071 2689 idemque
3104 2620 3407 2673 auditorum
3434 2635 3563 2672 cou-

1987 2722 2203 2779 ventus,
2230 2728 2330 2767 nec
2358 2713 2464 2766 ulla
2495 2714 2545 2765 in
2576 2728 2633 2766 re
2661 2713 2828 2766 altero
2852 2713 2936 2765 hic
2965 2710 3201 2766 inferior.
3238 2710 3367 2775 lmo,
3401 2713 3442 2765 si
3464 2713 3569 2765 mi-

1985 2821 2103 2859 rum
2119 2805 2316 2874 aliquid
2343 2804 2522 2859 dicere
2546 2804 2873 2874 permittitis,
2895 2804 2977 2857 hic
3000 2803 3092 2856 illo
3112 2813 3193 2857 est
3215 2806 3566 2871 praestantior;

1982 2896 2125 2965 quod
2153 2897 2270 2950 sine
2300 2898 2519 2965 strepitu
2550 2898 2617 2950 sit
2636 2911 2834 2959 sermo,
2854 2897 3037 2950 etsine
3057 2896 3280 2949 tumultu
3308 2896 3567 2959 doctrina,

1985 2997 2039 3042 et
2076 3003 2199 3042 cum
2226 2988 2435 3057 majore
2488 2989 2761 3042 intellectu
2790 2987 3105 3041 auscultatio
3124 3028 3140 3051 ,
3173 2986 3316 3041 nullo
3346 2987 3571 3045 tumultu

1990 3081 2229 3133 auditum
2260 3089 2498 3132 nostrum
2522 3079 2960 3147 interrumpente.

2059 3173 2111 3226 2.
2162 3172 2407 3226 Paucitas
2432 3173 2722 3225 auditorum
2749 3188 2810 3225 ne
2835 3172 3110 3225 contristet.
3139 3201 3210 3210 —
3234 3170 3360 3225 Haec
3393 3179 3570 3224 autem

1989 3265 2130 3330 dico,
2159 3281 2264 3320 non
2291 3265 2430 3334 quod
2477 3275 2816 3319 contemnam
2853 3264 3246 3319 multitudinem
3274 3264 3419 3319 illius
3440 3279 3573 3321 con-

1988 3364 2199 3419 ventus,
2254 3355 2347 3409 sed
2386 3362 2447 3409 ut
2487 3355 2638 3409 vobis
2663 3355 3013 3423 persuadeam
3044 3370 3109 3409 ne
3136 3354 3359 3410 deleatis
3380 3396 3397 3421 ,
3441 3371 3574 3410 neve

1987 3448 2373 3502 contristemini
2405 3449 2474 3502 ob
2506 3448 2823 3517 paucitatem
2871 3462 3097 3513 eorum,
3149 3447 3238 3516 qui
3287 3462 3430 3501 nunc
3472 3448 3575 3501 huc

1991 3549 2381 3594 convenerunt.
2431 3538 2545 3593 Non
2594 3541 2735 3593 enim
2775 3553 3058 3608 corporum
3083 3580 3099 3605 ,
3142 3539 3234 3594 sed
3275 3541 3574 3595 auditorum

1993 3630 2388 3684 multitudinem
2414 3630 2465 3683 in
2495 3629 2719 3683 ecclesia
2747 3630 3088 3698 requirimus.
3136 3631 3575 3703 Quandoquidem

1993 3724 2153 3793 igitur
2195 3722 2355 3777 iidem
2399 3723 2635 3775 conviva:
2676 3722 2769 3790 qui
2818 3732 2980 3787 tunc,
3028 3722 3188 3776 etiam
3234 3739 3376 3780 nunc
3423 3728 3577 3781 nobis

1993 3816 2205 3879 adsunt,
2244 3815 2355 3884 pari
2382 3814 2654 3869 alacritate
2681 3813 2840 3868 hodie
2868 3828 3078 3885 quoque
3101 3817 3402 3871 convivium
3426 3819 3577 3872 vobis

1992 3905 2277 3969 exhibebo,
2308 3904 2374 3959 ad
2402 3913 2776 3975 argumentum
2807 3921 3075 3969 reversus,
3106 3908 3249 3977 quod
3297 3909 3452 3964 nobis
3494 3909 3571 3963 fe-

1993 3996 2241 4051 stivitatis
2268 4006 2476 4065 tempus
2512 3995 2812 4065 interrupit.
2848 3994 3306 4062 Quemadmodum
3347 4000 3492 4053 enim
3522 4001 3573 4053 in

1997 4090 2341 4144 Pentecoste'
2363 4087 2792 4158 intempestivum
2818 4095 2956 4155 erat,
2978 4089 3174 4143 omissa
3200 4089 3576 4145 beneficiorqu

1996 4196 2093 4251 per
2122 4179 2172 4234 id
2206 4189 2418 4249 tempus
2461 4180 2512 4233 in
2556 4194 2655 4233 nos
2690 4179 3003 4234 collatorum
3032 4182 3538 4235 commemoratione
3559 4222 3574 4246 ,

1998 4272 2268 4340 inceptum
2305 4278 2466 4325 antea
2518 4278 2823 4324 contextum
2849 4271 3199 4324 continuare:
3232 4272 3301 4324 ita
3326 4286 3467 4326 nunc
3486 4287 3577 4324 ex-

1998 4373 2115 4419 acta
2133 4364 2468 4429 Pentecoste,
2486 4372 2785 4431 opportune
2801 4361 3076 4416 historiam
3099 4362 3152 4415 in
3175 4378 3363 4417 manus
3377 4378 3581 4417 resum-

2001 4465 2143 4525 ptam
2170 4469 2587 4526 prosequemur,
2620 4454 2901 4523 pristinum
2927 4454 2995 4509 de
3028 4455 3182 4509 Anna
3210 4465 3577 4524 argumentum

2002 4547 2297 4602 tractaturi.
2344 4546 2458 4600 Non
2506 4546 2647 4600 enim
2693 4544 3036 4614 spectandum
3079 4561 3234 4615 quam
3270 4548 3431 4601 multa
3470 4548 3579 4615 jam

2002 4636 2141 4691 dicta
2168 4636 2293 4700 sint,
2322 4635 2415 4689 sed
2444 4644 2616 4688 utrum
2645 4635 2712 4689 ad
2732 4636 2891 4690 linem
2925 4635 3081 4704 hujus
3124 4637 3422 4705 argumenti
3471 4654 3582 4706 per-

2001 4727 2329 4781 venerimus.
2357 4724 2489 4778 Nam
2523 4733 2578 4779 et
2603 4726 2693 4794 qui
2718 4724 3028 4780 thesaurum
3061 4727 3417 4793 invenerunt,
3455 4728 3580 4782 licet

2002 4818 2261 4889 plurimas
2304 4817 2427 4871 inde
2468 4816 2683 4886 capiant
2723 4816 2939 4871 divitias
2967 4858 2984 4884 ,
3013 4832 3116 4870 non
3148 4818 3290 4884 prius
3324 4818 3585 4873 absistunt

2003 4926 2162 4981 quam
2183 4917 2350 4963 totum
2374 4908 2738 4973 exhauserint,
2766 4917 2825 4962 ut
2848 4923 2982 4977 quos
3004 4916 3228 4961 nontam
3253 4906 3581 4976 juvatmulta

2004 5002 2308 5071 accepisse,
2345 5016 2502 5071 quam
2532 4999 2665 5054 nihil
2709 4999 2972 5069 reliquum
3006 4996 3217 5052 fecisse.
3262 4997 3414 5065 Quod
3460 4999 3503 5052 si
3550 5001 3583 5055 ii

2070 5115 2087 5146 ί
2108 5112 2237 5162 Colb.
2255 5111 2351 5160 duo
2362 5118 2412 5161 et
2430 5118 2566 5172 negl,
2586 5115 2871 5159 Pentecoste.
2886 5110 2956 5172 sic
2972 5106 3093 5157 infra
3119 5109 3263 5172 etiam
3278 5107 3477 5170 legitur.
3494 5116 3585 5158 tto-

2004 5174 2121 5234 rel.,
2155 5169 2560 5237 MesOpentccoste,
2596 5173 2645 5220 in
2679 5182 2903 5237 utroque_
2926 5169 3049 5218 loco.
3089 5178 3186 5237 Qua
3207 5169 3586 5237 ducti’romujutn

2006 5228 2118 5286 Mss.
2140 5228 2423 5284 auctoritate
2447 5228 2704 5282 lectionem
2728 5228 3033 5288 mutavimus,
3056 5230 3294 5279 suadente
3318 5232 3460 5280 etiam
3481 5228 3588 5280 loco

2006 5296 2242 5359 illosupra
2259 5294 2400 5358 paulo
2424 5302 2531 5359 post
2564 5296 2769 5359 initium,
2793 5290 3011 5359 (nummis
3032 5290 3160 5359 enim
3180 5297 3587 5359 Pentecqsteprw-

2007 5353 2276 5419 teriit,'qud
2314 5353 2527 5405 innititur
2571 5354 2649 5404 hic
2682 5354 2944 5416 legendum
2979 5366 3091 5402 esse
3116 5353 3168 5401 iu
3202 5353 3414 5419 secundo
3450 5353 3583 5413 loco,

2008 5425 2181 5469 exacta
2196 5414 2490 5467 'Pentecoste.
2513 5414 2926 5477 Mesopenteeoste
2949 5423 3112 5464 autem
3137 5422 3244 5463 erat
3266 5414 3386 5463 feria
3417 5424 3585 5477 quarta

2008 5479 2324 5530 hebdomadis
2365 5485 2550 5540 quartae
2589 5476 2695 5540 post
2724 5476 2920 5540 Pascha;
2953 5477 3023 5525 sic
3054 5476 3207 5534 dicta,
3234 5478 3346 5538 quia
3376 5476 3587 5540 medium

2008 5542 2213 5602 spatium
2248 5536 2524 5602 occupabat
2554 5536 2727 5602 Pascha
2769 5536 2898 5585 inter
2927 5545 2978 5602 et
3021 5536 3461 5602 Pentecostenqne
3508 5536 3587 5585 illa

2010 5558 2213 5590 Slall'lm
2248 5558 2512 5602 οωιψειυίιι
2554 5558 2727 5587 νδδυιιὶι
2769 5558 2898 5585 ιυιυι·
2927 5558 2978 5586 ει
3023 5558 3356 5586 νυιιιευυδιιτιι.
3395 5558 3461 5585 νυ
3509 5558 3587 5585 Illi!

2010 5558 2147 5665 plura
2168 5603 2373 5665 caugius
2403 5603 2453 5649 in
2478 5600 2713 5665 Glossario
2747 5604 2925 5665 graeco.
2959 5595 3177 5665 Infetjlori
3214 5610 3317 5665 aevo
3358 5596 3587 5665 frequens

2012 5658 2197 5713 tissime
2221 5658 2325 5711 haec
2347 5675 2437 5711 vox
2462 5662 2685 5710 occurrit.
2710 5658 2890 5721 Aliquis
2929 5672 3047 5719 ergo
3078 5661 3331 5720 imperitus
3366 5658 3590 5707 librarius

2012 5726 2092 5775 hic
2115 5731 2559 5785 ateSOpentecosten
2585 5729 2775 5771 temere
2800 5720 3005 5769 induxit.
3031 5721 3158 5769 Adde
3180 5733 3288 5783 qua:
3311 5721 3519 5769 diximus
3541 5722 3590 5774 in

2016 5784 2150 5837 Praef.
2174 5783 2304 5835 Tomi
2328 5785 2487 5848 hujus,
2512 5783 2534 5847 ς
2557 5797 2651 5835 tau.
