4038 6360
440 367 548 428 671

446 488 539 559 qui
561 502 615 541 tn
637 482 887 555 pecunias
907 478 1352 542 insaniunt,tanto
1368 488 1545 529 rerum
1565 473 1917 542 periturarum
1938 480 2037 520 nec

450 590 818 635 mansurarum
838 582 1085 628 tenentur
1100 568 1297 627 studio.
1312 566 1479 622 multo
1495 564 1661 635 magis
1674 564 1774 617 hoc
1791 577 1887 616 nos
1904 562 1955 616 in
1969 560 2043 615 di-

449 673 588 725 vinis
606 668 778 723 lacere
793 661 1059 719 thesauris
1076 668 1309 729 oportet,
1335 671 1433 711 nec
1446 656 1591 725 prius
1615 653 1871 708 absistere
1882 665 2040 721 quam

452 772 622 818 totum
646 760 747 814 hoc
760 755 901 826 quod
921 754 990 808 ibi
1009 753 1249 807 videmus
1266 751 1691 804 exhauserimus.
1708 743 1824 798 Dixi
1841 750 2039 805 autem,

453 853 596 926 quod
629 853 698 906 ibi
728 850 988 909 videmus,
1015 847 1140 915 quia
1171 844 1473 897 universum
1499 838 1782 893 exhaurire
1810 852 1914 891 non
1944 835 2043 888 da-

463 957 569 1002 tur.
605 943 746 997 Fons
774 942 917 995 enim
949 948 1030 992 est
1054 935 1357 1006 perenniter
1381 945 1603 987 manans
1644 930 1938 984 divinarum
1966 927 2045 980 vis

454 1034 842 1090 sententiarum
869 1071 884 1093 ,
934 1040 1221 1094 numquam
1261 1022 1513 1078 deﬁciens
1538 1062 1553 1087 ,
1593 1035 1879 1089 numquam
1921 1032 2047 1071 eva-

453 1126 683 1182 cuanda.
734 1124 915 1191 Itaque
938 1135 1004 1173 ne
1031 1116 1422 1185 defatigemur:
1456 1128 1561 1165 non
1594 1114 1735 1165 enim
1768 1110 1833 1162 de
1861 1108 2044 1176 vulga-

454 1219 606 1273 ribus
635 1216 796 1270 rebus
825 1211 979 1266 nobis
1011 1219 1094 1263 est
1132 1207 1311 1262 oratio
1331 1245 1345 1269 ,
1376 1203 1470 1257 sed
1496 1203 1561 1256 de
1584 1200 1909 1271 precatione,
1952 1213 2047 1264 Spe

456 1316 675 1371 nostra;
698 1302 1006 1376 precatione
1035 1312 1129 1369 per
1156 1312 1313 1367 quam
1343 1293 1540 1347 sterilis
1578 1300 1750 1345 mater
1775 1296 1856 1343 est
1885 1286 2044 1350 facta,

455 1412 511 1455 et
536 1410 837 1453 numerosae
861 1392 1027 1465 prolis
1054 1402 1246 1459 parens
1275 1402 1392 1456 quze
1425 1384 1546 1438 ﬁliis
1591 1381 1804 1435 carebat
1828 1419 1845 1444 ,
1874 1386 1929 1431 et
1976 1393 2042 1431 ex

460 1501 725 1551 manente
753 1490 908 1553 laeta;
937 1501 1033 1555 per
1062 1498 1219 1553 quam
1243 1480 1429 1532 vitiosa
1458 1474 1809 1545 reparabatur
1838 1479 2045 1532 natura,

466 1588 756 1652 clausaque
786 1576 1128 1634 reserabatur
1150 1571 1365 1633 matrix,
1396 1576 1452 1622 et
1477 1563 1818 1635 impossibilia
1856 1561 2051 1615 ﬁebant

463 1675 757 1749 possibilia.
777 1672 1116 1741 Quapropter
1141 1664 1318 1719 omnia
1358 1661 1609 1732 paulatim
1633 1665 2047 1727 perscrutemur,

462 1748 698 1840 singulas
725 1764 1059 1835 explicantes
1074 1761 1357 1819 dictiones,
1378 1765 1515 1811 utne
1536 1752 1812 1808 minimum
1839 1748 2050 1820 quidem

460 1876 581 1924 nos,
605 1864 865 1929 quantum
888 1854 1001 1908 ﬁeri
1025 1860 1216 1923 potest,
1243 1848 1476 1918 elIugiat.
1500 1845 1772 1914 Siquidem
1801 1849 2050 1911 propter-

460 1969 522 2006 ea
554 1951 685 2005 duas
713 1949 943 2018 integras
968 1942 1367 1999 dissertationes
1413 1940 1465 1994 in
1494 1937 1601 1992 duo
1627 1936 1740 1990 sola
1768 1935 1882 2003 ejus
1912 1931 2053 1988 dicta

468 2043 849 2112 insumpsimus
888 2055 901 2090 :
934 2037 1198 2108 primum,
1246 2032 1616 2100 Con/innatum
1656 2037 1732 2082 est
1770 2043 1856 2080 cor
1891 2041 2057 2079 meum

464 2134 518 2187 in
547 2132 788 2195 Domino,
815 2139 869 2183 et
894 2127 1035 2199 quod
1058 2141 1180 2181 mox
1203 2123 1462 2193 sequitur,
1488 2120 1782 2174 Exaltatum
1809 2126 1881 2170 est
1900 2133 2058 2170 cornu

466 2242 633 2279 meum
674 2226 727 2277 in
756 2222 863 2276 Deo
893 2237 1003 2274 meo
1034 2221 1109 2289 (1.
1141 2218 1266 2288 Reg.
1296 2215 1349 2268 Ξ.
1386 2214 1459 2281 1).
1511 2214 1856 2280 Consequens
1900 2209 2058 2278 igitur

467 2327 551 2371 est
582 2315 738 2369 hodie
763 2312 828 2367 ad
859 2312 1073 2367 tertium
1104 2310 1315 2364 venire.
1340 2304 1491 2374 Quod
1526 2318 1656 2359 vero
1679 2301 1780 2356 hoc
1807 2301 1926 2356 est?
1965 2299 2061 2352 Di-

469 2409 682 2462 latatum
707 2417 779 2460 est
807 2422 863 2459 os
888 2419 1051 2458 meum
1079 2417 1229 2457 suoer
1257 2399 1487 2452 inimicos
1516 2412 1649 2449 meos
1678 2409 1696 2449 :
1738 2394 1909 2447 latata
1948 2406 2060 2446 sum

470 2504 524 2557 in
563 2503 727 2556 salute
766 2510 871 2554 tua.
918 2494 1336 2552 Animadvertite
1370 2500 1672 2545 accuratam
1715 2486 2010 2541 orationem
2044 2500 2059 2537 :

475 2611 583 2650 non
628 2594 797 2659 dixit,
841 2593 1132 2646 Exacutum
1171 2595 1250 2641 est
1294 2601 1355 2639 os
1385 2596 1562 2637 meum
1604 2594 1765 2649 super
1820 2575 2062 2630 inimicos

474 2702 624 2743 meos
652 2704 665 2737 :
701 2700 803 2739 non
835 2683 976 2738 enim
1013 2679 1080 2736 ad
1102 2678 1341 2735 convicia
1369 2684 1422 2729 et
1457 2672 1675 2728 dicteria
1708 2676 2061 2739 pneparatum

474 2792 610 2837 erat.
644 2794 749 2833 non
776 2777 841 2831 ad
872 2774 1156 2844 opprobria
1183 2780 1237 2826 et
1269 2766 1695 2829 accusationem,
1738 2761 1831 2815 sed
1856 2758 1919 2812 ad
1949 2774 2064 2811 mo-

476 2872 733 2926 nitionem
763 2880 817 2922 et
856 2865 1157 2929 consilium,
1182 2861 1245 2916 ad
1272 2858 1656 2914 correctionem
1680 2863 1733 2908 et
1757 2851 2063 2905 instructio-

478 2979 624 3016 nem.
660 2961 947 3028 Propterea
990 2970 1099 3010 non
1133 2953 1302 3015 dixit,
1347 2950 1580 3003 Exacuta
1620 2955 1704 3001 est
1744 2944 1917 3012 lingua
1951 2955 2066 2994 mea

477 3068 639 3123 super
671 3052 912 3105 inimicos
939 3061 1106 3111 meos,
1153 3041 1277 3108 sed,
1313 3039 1597 3093 Dilutatum
1635 3045 1706 3089 est
1735 3050 1809 3087 os.
1845 3032 2069 3086 Relaxa-

480 3121 648 3209 tione,
678 3141 866 3210 inquit,
895 3138 1074 3192 fruor:
1108 3134 1276 3189 libere
1293 3131 1434 3200 loqui
1464 3142 1682 3199 possum
1707 3125 1845 3193 :jam
1870 3121 2071 3194 pudore

481 3237 727 3291 discusso
752 3232 817 3287 ad
850 3231 1149 3286 libertatem
1175 3224 1326 3281 redii.
1360 3226 1437 3277 Ac
1459 3237 1525 3279 ne
1554 3234 1693 3275 nunc
1713 3217 1925 3288 quidem
1948 3231 2070 3269 mu-

484 3328 671 3381 lierem
702 3324 946 3377 :emulam
982 3318 1295 3380 nominavit,
1326 3314 1420 3369 sed
1446 3312 1757 3381 simpliciter
1799 3307 2073 3363 indeﬁnita

486 3417 878 3487 nuncupatione
904 3454 919 3479 ,
962 3411 1110 3481 quasi
1155 3408 1380 3479 quadam
1420 3406 1595 3467 larva,
1643 3413 1804 3458 tanta:
1847 3400 2074 3455 trisﬁtia:

486 3521 702 3563 causam
749 3503 1047 3559 abscondit.
1102 3500 1216 3554 Non
1256 3498 1429 3563 dixit,
1475 3495 1615 3566 quod
1664 3492 1844 3547 multa:
1892 3492 2076 3546 dicunt

490 3600 784 3656 mulieres:
830 3593 1079 3649 Confudit
1104 3607 1222 3647 eam
1252 3591 1423 3655 Deus,
1467 3587 1743 3657 dissipavit
1782 3594 1837 3640 et
1880 3584 2075 3652 dejecit

489 3692 770 3748 scelest
799 3698 851 3743 et
876 3694 1210 3756 arrogantem
1252 3691 1308 3738 ct
1345 3680 1735 3751 magniloquam
1762 3696 1778 3730 :
1820 3676 1914 3732 sed
1943 3678 2077 3730 sim-

497 3783 705 3853 pliciter
726 3820 742 3846 ,
775 3777 1059 3832 Dilatutum
1089 3785 1157 3829 est
1187 3792 1243 3829 os
1268 3790 1434 3828 meum
1457 3789 1610 3843 super
1637 3769 1867 3823 inimicos
1907 3784 2078 3831 meos;

496 3873 672 3927 laetata
700 3887 812 3926 sum
836 3871 887 3922 in
913 3867 1076 3922 salute
1096 3876 1201 3920 tua.

568 3963 635 4018 In
678 3961 893 4016 salutari
932 3959 1027 4015 Dei
1063 3957 1225 4012 (celari
1267 3955 1389 4024 quid
1424 3955 1506 4009 sit.
1538 3983 1607 3998 ν
1636 3952 1771 4007 Vide
1807 3950 2077 4021 quomodo

496 4054 739 4110 eamdem
767 4053 937 4121 legem
969 4065 1063 4119 per
1091 4058 1255 4102 totam
1285 4046 1645 4115 precationem
1693 4051 1889 4097 servat.
1933 4040 2083 4095 Sicut

498 4150 641 4202 enim
675 4148 726 4200 in
766 4143 1028 4215 principio
1052 4141 1278 4203 dicebat,
1315 4138 1680 4207 Con/innatum
1705 4145 1776 4188 est
1805 4150 1893 4187 cor
1918 4149 2084 4187 meum

500 4241 554 4292 in
583 4237 819 4301 Domino,
856 4234 1135 4288 exaltatum
1159 4243 1231 4284 est
1252 4245 1408 4282 cornu
1435 4242 1599 4280 meum
1626 4229 1678 4279 in
1706 4223 1815 4279 Deo
1840 4241 1971 4291 meo,
1998 4224 2083 4277 di-

504 4330 717 4382 latatam
742 4335 815 4379 est
841 4340 898 4377 os
941 4338 1109 4376 meum
1147 4336 1299 4389 super
1327 4319 1555 4372 inimicos
1585 4333 1717 4370 meos
1745 4331 1763 4369 :
1790 4320 1859 4369 ita
1895 4327 1949 4369 et
1977 4315 2084 4378 hic,

504 4418 699 4472 Lwtata
724 4430 836 4468 sum
867 4415 921 4467 in
949 4411 1113 4467 salute
1139 4422 1243 4464 tua.
1276 4410 1390 4464 Non
1431 4409 1761 4477 simpliciter,
1803 4407 1855 4459 In
1896 4407 2086 4470 salute,

507 4509 625 4573 sed,
660 4507 723 4559 ln
761 4505 925 4558 salute
952 4513 1059 4556 tua.
1088 4501 1201 4556 Non
1244 4502 1387 4555 enim
1417 4500 1670 4570 quoniam
1700 4506 1908 4552 servata
1947 4511 2087 4561 sum,

507 4600 600 4655 sed
633 4597 881 4668 quoniam
909 4610 1004 4665 per
1033 4602 1085 4648 te
1107 4603 1314 4648 servata
1357 4607 1494 4656 sum,
1543 4598 1821 4660 pmpterea
1860 4590 2012 4642 laetor
2038 4598 2092 4642 et

510 4692 739 4747 exsulto.
764 4689 917 4743 Tales
943 4690 1139 4757 quippe
1162 4695 1285 4740 sunt
1309 4694 1612 4740 sanctorum
1636 4682 1861 4747 animas;
1890 4682 1956 4736 de
1986 4682 2093 4735 Deo

512 4788 683 4857 magis
726 4785 973 4838 laetantur
1025 4788 1247 4835 auctore
1293 4794 1593 4843 munerum,
1650 4792 1806 4847 quam
1853 4775 1920 4830 de
1967 4775 2094 4843 ipsis

515 4878 827 4932 muneribus
858 4895 871 4930 :
905 4889 1009 4928 non
1040 4873 1181 4927 enim
1211 4880 1425 4942 propter
1446 4871 1584 4925 dona
1615 4870 1809 4939 ipsum,
1838 4871 1931 4923 sed
1957 4868 2095 4923 dona

514 4980 732 5040 propter
761 4968 907 5021 illum
935 4966 1182 5035 diligunt.
1216 4964 1331 5018 Hoc
1366 4977 1550 5017 servos
1578 4972 1763 5029 gratos
1788 4961 1961 5024 decet,
1997 4959 2097 5014 hoc

517 5061 744 5114 famulos
766 5057 1007 5114 henelicii
1034 5069 1320 5119 memores,
1343 5053 1593 5108 videlicet
1615 5053 1773 5106 rebus
1793 5052 1902 5106 suis
1926 5051 2100 5105 omni-

517 5153 618 5207 bus
648 5164 961 5221 praeponere
990 5146 1292 5201 Dominum.
1335 5143 1423 5199 Sic
1465 5143 1622 5198 etiam
1665 5156 1763 5196 nos
1802 5141 1975 5195 allecti
2022 5143 2099 5195 si-

518 5263 677 5302 mus:
708 5262 828 5300 cum
858 5244 1273 5314 peccaverimus,
1324 5255 1428 5296 non
1464 5238 1743 5294 doleamus
1783 5238 1904 5307 quia
1946 5237 2102 5306 puni-

520 5356 660 5404 mur.
688 5339 783 5394 sed
804 5338 925 5409 quia
951 5339 1230 5391 Dominum
1262 5334 1581 5389 offendimus
1608 5350 1620 5385 :
1653 5342 1706 5387 et
1733 5332 1777 5385 si
1802 5331 1941 5402 quod
1968 5346 2102 5400 opus

521 5433 720 5487 bonum
749 5440 991 5485 nostrqu
1032 5438 1135 5495 est,
1183 5443 1289 5482 non
1336 5424 1660 5495 gaudeamus
1692 5433 1910 5492 propter
1938 5436 2101 5491 regna

520 5526 797 5588 canorum,
837 5522 928 5577 sed
958 5521 1079 5591 quia
1118 5535 1232 5575 rem
1270 5520 1521 5574 caelorum
1567 5516 1695 5585 Regi
1740 5522 1944 5584 gratam
1974 5514 2094 5569 feci-

521 5632 659 5679 mus.
684 5615 780 5684 Qui
809 5614 949 5669 enim
981 5628 1125 5666 same
1160 5612 1355 5665 mentis
1382 5618 1482 5674 est,
1514 5607 1772 5661 oﬁ‘ensam
1810 5605 1903 5659 Dei
1935 5606 2102 5674 magis

524 5706 694 5770 timet,
723 5719 881 5774 quam
932 5703 1089 5757 ullam
1120 5702 1437 5770 gehennam,
1474 5708 1527 5752 et
1554 5698 1766 5767 placere
1801 5696 1910 5750 Deo
1939 5696 2102 5765 pluris

524 5800 771 5863 acstimat,
800 5813 956 5869 quam
1006 5798 1168 5852 ullum
1206 5809 1445 5865 regnum.
1480 5790 1590 5849 Nec
1632 5789 1842 5846 mireris
1880 5789 1926 5845 si
1970 5804 2096 5859 erga

1164 365 1221 420 S.
1260 360 1537 419 JOANNIS
1570 352 2045 415 CHRYSOSTOMI
2083 351 2405 409 ARClllEP.
2446 349 2979 407 CONSTANTINOP.

3630 347 3741 399 671

2155 467 2321 519 Deum
2359 480 2479 520 esse
2505 465 2583 519 sic
2617 464 2867 519 aﬂ'ectum
2894 474 3128 534 oportet,
3170 479 3293 519 cum
3321 479 3445 535 erga
3489 464 3742 517 homines

2148 559 2299 612 multi
2327 560 2407 614 sic
2449 558 2624 613 allecti
2655 560 2780 613 sint.
2812 558 2967 627 Suspe
2991 560 3135 613 enim
3164 560 3254 629 qui
3285 573 3570 628 germanos
3601 555 3741 611 libe—

2149 665 2238 703 ros
2286 650 2564 713 habemus,
2606 652 2650 703 si
2690 653 2771 705 vel
2816 650 2963 704 inviti
3002 666 3096 705 eos
3144 650 3459 717 lteserimus,
3505 666 3536 704 a
3583 652 3744 705 nobis

2151 741 2278 810 ipsis
2309 756 2493 810 pinnas
2524 742 2854 810 reposcimus
2884 757 2896 793 :
2927 750 2982 795 et
3014 755 3140 810 erga
3163 741 3364 795 amicos
3391 740 3532 795 idem
3561 741 3747 795 facere

2150 832 2407 885 Solemus.
2437 830 2589 898 Quod
2630 832 2673 884 si
2723 831 2925 886 amicos
2952 840 3044 884 aut
3082 830 3220 885 ﬁlios
3262 830 3534 885 offendere
3566 831 3746 884 multo

2150 926 2366 991 gravius
2408 934 2655 991 putamus
2698 938 2857 992 quam
2906 938 3092 991 pinnas
3138 923 3312 987 luere,
3362 924 3530 977 multo
3570 923 3749 991 magis

2150 1029 2273 1081 erga
2303 1014 2468 1067 Deum
2511 1014 2589 1068 sic
2613 1013 2751 1067 afﬁci
2779 1014 2953 1079 decet,
2983 1022 3036 1067 et
3076 1014 3219 1068 omni
3249 1012 3488 1084 gehenna
3521 1016 3748 1080 gravius

2154 1107 2445 1174 putandum
2493 1115 2597 1173 est,
2643 1108 2842 1177 aliquid
2884 1106 3076 1162 fecisse
3120 1106 3261 1176 quod
3314 1107 3387 1159 illi
3435 1106 3744 1175 displiceat.

2154 1196 2296 1252 Talis
2341 1206 2456 1251 erat
2486 1197 2673 1252 beatus
2714 1199 2910 1253 Paulus
2939 1218 2951 1253 :
2979 1208 3255 1269 propterea
3301 1197 3529 1263 dicebat,
3559 1199 3747 1251 Certus

2153 1308 2263 1343 sum
2293 1292 2426 1359 quod
2456 1308 2616 1360 neque
2657 1293 2845 1361 angeli,
2892 1310 3049 1359 neque
3086 1293 3419 1363 principatus,
3460 1308 3621 1360 neque
3648 1309 3746 1359 po-

2154 1391 2375 1445 testates,
2404 1398 2561 1450 neque
2582 1384 2871 1451 prwsentia,
2905 1399 3065 1452 neque
3097 1385 3291 1452 futura,
3318 1398 3474 1447 neque
3498 1383 3741 1445 altitudo,

2154 1490 2310 1543 neque
2351 1476 2677 1544 profundum,
2716 1490 2805 1527 nec
2849 1477 2953 1528 alia
2991 1485 3221 1528 creatura
3247 1475 3427 1544 poterit
3456 1491 3547 1527 nos
3585 1490 3746 1542 sepa-

2154 1581 2270 1617 rare
2312 1582 2342 1617 a
2371 1568 2579 1617 caritate
2607 1564 2723 1628 Dei,
2772 1581 2886 1634 quce
2924 1566 3079 1619 estin
3108 1564 3305 1619 Christo
3351 1564 3477 1618 .Iesu
3519 1564 3748 1617 Domin

2156 1666 2323 1708 nostro
2356 1656 2528 1725 (Rom.
2571 1656 2624 1710 8.
2660 1656 2750 1712 59.
2788 1658 2898 1725 40).
2945 1657 3080 1723 Quin
3128 1667 3183 1710 et
3230 1669 3439 1711 sanctos
3480 1668 3751 1727 martyres

2157 1763 2279 1800 cmn
2309 1749 2495 1801 beatos
2546 1764 2817 1814 vocamus,
2862 1751 2930 1802 ob
2962 1750 3178 1802 vulnera
3225 1750 3454 1817 primum
3481 1750 3751 1817 praedica-

2160 1854 2297 1905 mus,
2331 1856 2451 1894 mox
2493 1841 2562 1893 ob
2590 1842 2840 1910 przcmia;
2872 1842 3020 1912 prius
3068 1842 3137 1895 ob
3179 1842 3375 1911 plagas,
3422 1851 3475 1896 et
3504 1851 3616 1895 tum
3645 1842 3751 1895 de-

2160 1946 2304 1984 mum
2348 1931 2417 1984 ob
2463 1946 2690 1985 coronas
2745 1932 3026 1998 repositas.
3072 1930 3297 1985 Prtemia
3343 1933 3484 1985 enim
3527 1942 3752 2000 propter

2159 2005 2375 2076 vulnera
2417 2022 2748 2090 contingunt,
2791 2029 2844 2074 et
2873 2037 2977 2074 non
3006 2021 3224 2074 vulnera
3256 2030 3473 2089 propter
3504 2023 3749 2089 praemia.

2232 2112 2285 2166 5.
2328 2110 2602 2165 Afrumna:
2640 2129 2731 2179 pro
2758 2110 2957 2165 Christo
3000 2115 3247 2175 tolerataz,
3289 2122 3405 2163 sunt
3448 2113 3633 2182 gratia,
3661 2128 3749 2163 co-

2163 2220 2309 2268 rona,
2339 2220 2544 2255 merces.
2571 2233 2641 2242 —
2669 2201 2743 2256 lla
2771 2204 2956 2257 beatus
2986 2218 3198 2272 quoque
3244 2203 3435 2255 Paulus
3482 2220 3587 2256 non
3640 2214 3753 2256 tant

2164 2298 2413 2366 repositis
2439 2296 2538 2351 sibi
2568 2296 2742 2359 bonis,
2766 2312 2922 2365 quam
2953 2296 3210 2350 molestiis
3236 2304 3451 2364 propter
3476 2295 3753 2349 Christum

2164 2390 2494 2458 perferendis
2519 2387 2802 2459 gaudebat,
2826 2389 3191 2458 clamabatque
3217 2388 3422 2452 dicens,
3457 2386 3666 2441 Gaudeo
3696 2389 3752 2442 in

2166 2482 2480 2551 passionibus
2529 2498 2620 2550 pro
2654 2482 2790 2533 vobis
2841 2479 2973 2550 (Col.
3022 2481 3074 2533 1.
3103 2480 3193 2549 Ξά)
3223 2498 3235 2533 :
3269 2488 3323 2533 et
3361 2482 3573 2546 iterum,
3630 2479 3757 2533 Non

2166 2577 2331 2629 solum
2373 2584 2561 2639 autem,
2620 2590 2792 2627 verum
2844 2583 2888 2627 et
2932 2574 3208 2644 gloriamur
3249 2575 3301 2626 in
3347 2573 3756 2628 tribulationibus

2169 2668 2346 2737 (Rom.
2378 2667 2431 2721 5.
2456 2667 2509 2736 ὅ)
2540 2684 2551 2718 :
2583 2674 2639 2719 ct
2666 2680 2897 2729 rursum,
2931 2664 3185 2732 Quoniam
3235 2664 3377 2716 nobis
3407 2665 3648 2716 donatum
3678 2679 3760 2716 est

2168 2775 2199 2809 a
2232 2757 2355 2821 Deo,
2390 2766 2442 2809 ut
2480 2772 2581 2809 non
2610 2757 2773 2809 solum
2802 2756 2855 2809 in
2899 2772 3012 2808 eum
3039 2754 3325 2818 credamus,
3355 2754 3443 2807 sed
3482 2756 3631 2806 etiam
3658 2771 3759 2821 pro

2170 2864 2227 2899 eo
2263 2848 2516 2916 patiamur
2559 2843 2814 2915 (Philipp.
2853 2845 2904 2899 1.
2948 2844 3064 2913 29).
3114 2843 3208 2897 Est
3246 2844 3388 2897 enim
3426 2845 3592 2911 gratia
3637 2852 3773 2893 vere

2173 2940 2423 3003 maxima,
2468 2937 2685 3007 dignum
2735 2936 2944 2991 censeri
2989 2947 3203 3005 propter
3243 2934 3511 2989 Christum
3553 2935 3765 3004 aliquid

2174 3031 2303 3099 pati,
2337 3041 2389 3083 ct
2410 3045 2607 3083 corona
2635 3043 2760 3083 vere
2792 3027 3047 3098 perfecta,
3079 3038 3133 3081 et
3157 3043 3362 3081 merces
3389 3026 3563 3081 futura
3594 3029 3765 3081 retri-

2177 3119 2394 3173 butione
2434 3133 2537 3172 non
2583 3119 2799 3172 minor:
2830 3128 2881 3172 et
2935 3117 3035 3172 hoc
3079 3127 3275 3172 norunt
3300 3119 3388 3187 qui
3418 3118 3647 3185 legitime
3692 3132 3769 3172 ac

2176 3209 2444 3263 ferventer
2471 3209 2740 3264 Christum
2763 3209 2987 3280 diligere
3023 3211 3215 3264 sciunt.
3247 3208 3393 3263 Talis
3422 3218 3535 3263 crat
3558 3219 3612 3262 et
3641 3208 3770 3262 hac

2177 3302 2387 3367 mulier,
2426 3302 2854 3357 ardentissimum
2901 3303 3099 3357 habens
3137 3303 3188 3355 in
3221 3302 3385 3356 Deum
3411 3302 3770 3368 desiderium,

2176 3408 2229 3449 et
2261 3397 2478 3464 ignitum
2523 3410 2799 3449 amorem:
2835 3404 3113 3463 pr0pterea
3152 3393 3383 3457 dicebat,
3424 3393 3617 3447 Laetam
3644 3408 3770 3445 sunt

2177 3486 2230 3538 in
2258 3486 2471 3539 salutari
2519 3496 2624 3539 tuo.
2654 3485 2796 3540 Nihil
2823 3487 2965 3539 enim
2995 3486 3093 3554 ipsi
3138 3484 3234 3538 fuit
3266 3500 3389 3538 cum
3430 3495 3568 3538 terra
3607 3499 3773 3537 com-

2179 3591 2359 3642 mune,
2386 3576 2479 3631 sed
2522 3592 2681 3631 omne
2711 3578 2998 3630 humanum
3037 3576 3291 3630 auxilium
3325 3576 3672 3645 deSpiciebat,
3710 3586 3775 3630 et

2180 3679 2297 3723 erat
2316 3669 2549 3738 Spiritus
2573 3669 2737 3739 gratia
2762 3668 3024 3732 sublimis,
3054 3669 3105 3721 in
3127 3666 3477 3736 omnibusque
3498 3666 3562 3719 ad
3595 3667 3774 3719 Deum

2186 3760 2524 3831 respiciebat,
2557 3769 2612 3815 et
2644 3761 2711 3815 ab
2741 3761 3050 3829 urgentibus
3075 3760 3331 3813 molestiis
3376 3759 3517 3811 illinc
3545 3758 3777 3811 liberari

2184 3853 2423 3922 rogabat.
2453 3852 2683 3908 Noverat
2710 3854 2876 3919 enim,
2922 3852 3078 3922 plane
3108 3860 3347 3917 noverat,
3387 3850 3615 3904 humana
3648 3850 3781 3920 qui-

2185 3945 2326 4012 dem,
2359 3946 2763 4017 qualiacumque
2801 3946 2929 4011 sint,
2962 3936 3198 3999 dantium
3232 3945 3427 3997 imitari
3471 3957 3720 3997 naturam
3752 3960 3768 3996 :

2188 4040 2340 4093 nobis
2366 4048 2542 4093 autem
2568 4037 2748 4093 divino
2769 4053 2980 4106 semper
3008 4052 3141 4106 upus
3169 4050 3289 4090 esse
3314 4035 3529 4099 auxilio,
3554 4035 3599 4086 si
3634 4034 3771 4087 veli-

2188 4146 2305 4184 mus
2335 4144 2587 4184 ancoram
2627 4130 2679 4183 in
2710 4138 2822 4182 tuto
2865 4129 3100 4182 ﬁrmare.
3130 4128 3464 4196 Quapropter
3494 4125 3561 4179 ad
3594 4125 3778 4179 Deum

2188 4238 2401 4292 semper
2443 4221 2814 4291 confugiebat;
2856 4230 2910 4274 et
2956 4230 3171 4288 accepta
3210 4220 3403 4287 gratia,
3442 4216 3585 4287 quod
3628 4217 3783 4272 Deus

2189 4314 2305 4382 ejus
2339 4323 2523 4367 auctor
2564 4321 2725 4375 esset,
2770 4312 2938 4380 magis
2976 4310 3258 4380 gaudebat,
3289 4318 3344 4362 et
3371 4310 3565 4377 gratias
3602 4322 3784 4377 agens

2191 4403 2402 4458 dicebat
2431 4421 2444 4457 :
2475 4401 2596 4455 Non
2634 4412 2704 4456 est
2730 4411 2955 4467 sanctus,
2989 4410 3041 4453 ut
3082 4410 3152 4453 est
3178 4399 3441 4464 Dominus,
3489 4409 3535 4451 et
3568 4415 3669 4451 non
3702 4407 3781 4452 est

2184 4496 2355 4563 justus
2380 4494 2512 4548 sicut
2546 4492 2685 4547 Deus
2712 4503 2899 4559 noster,
2936 4502 2981 4545 et
3022 4508 3123 4545 non
3162 4501 3235 4544 est
3285 4501 3487 4544 sanctus
3517 4501 3704 4559 prartcr
3737 4502 3776 4544 ι.

2197 4573 2273 4653 (1.
2298 4584 2425 4654 Reg.
2456 4584 2510 4637 2.
2537 4583 2617 4654 2).
2644 4583 2854 4638 Etenim
2894 4582 3380 4653 irreprehensibile,
3414 4579 3606 4649 inquit,
3626 4580 3773 4648 judi~

2196 4678 2335 4731 cium
2367 4678 2503 4743 ejus,
2532 4684 2587 4729 et
2621 4675 2926 4744 incorrupta
2968 4673 3365 4742 infallibilisque
3391 4671 3684 4725 sententia.

2271 4768 2424 4822 Italia
2453 4768 2792 4836 beneﬁcentia:
2830 4783 2862 4819 a
2896 4765 3001 4820 Deo
3033 4783 3133 4819 non
3163 4764 3510 4836 reposcenda;
3551 4781 3757 4834 pauper

2201 4870 2277 4915 tas
2304 4871 2436 4913 artes
2463 4860 2670 4913 invenit.
2692 4888 2763 4899 —
2789 4858 2977 4913 Vidisti
3022 4870 3186 4928 gratae
3214 4858 3408 4911 animae
3450 4858 3749 4926 cogitatum
3776 4900 3783 4908 .

2200 4951 2315 5006 Non
2345 4951 2478 5005 dixit
2506 4952 2641 5005 intra
2668 4967 2727 5006 se
2751 4969 2764 5004 :
2796 4950 2931 5018 Quid
2962 4965 3231 5020 magnum,
3260 4958 3350 5004 aut
3378 4949 3500 5020 quid
3523 4965 3636 5020 pne
3661 4949 3773 5005 ali-

2201 5044 2426 5113 accepi?
2447 5042 2596 5110 Quod
2624 5043 2832 5098 acutulae
2871 5056 3004 5097 mea:
3039 5044 3149 5111 jam
3174 5036 3373 5096 dudum
3403 5042 3620 5110 copiose
3649 5054 3759 5093 con

2204 5138 2343 5207 tigit,
2375 5136 2426 5191 id
2454 5152 2555 5207 ego
2591 5137 2676 5190 vix
2709 5135 2923 5190 tandem
2952 5149 3145 5206 magno
3183 5144 3363 5188 conati
3388 5174 3403 5199 ,
3429 5142 3483 5188 et
3511 5134 3791 5202 lacrymis,

2204 5238 2261 5283 et
2288 5227 2556 5298 precibus,
2603 5239 2657 5283 et
2686 5227 3161 5297 supplicationibus
3189 5225 3486 5294 impetravi.
3516 5222 3620 5278 Sed
3646 5239 3795 5291 quo-

2204 5320 2348 5373 niam
2390 5318 2525 5373 bcne
2578 5319 2844 5374 sentiebat
2893 5317 2961 5372 de
3006 5317 3097 5372 Dei
3126 5316 3477 5386 providentia,
3522 5314 3797 5370 rationem

2204 5411 2569 5468 beneﬁcentiae
2612 5426 2717 5465 non
2756 5410 2988 5479 reposcit
3010 5424 3039 5463 a
3070 5409 3318 5475 Domino,
3350 5405 3489 5477 quod
3521 5407 3669 5461 multi
3706 5406 3794 5461 fa-

2206 5506 2374 5570 ciunt,
2419 5505 2655 5574 quotidie
2690 5505 2857 5558 Deum
2902 5504 2954 5557 in
2999 5502 3085 5571 jus
3133 5510 3406 5556 vocantes.
3452 5500 3509 5554 Si
3554 5499 3799 5553 viderint

2209 5599 2348 5653 hunc
2377 5598 2615 5664 divitem,
2641 5598 2801 5652 alium
2828 5597 3065 5665 inepem,
3096 5610 3198 5648 non
3225 5594 3477 5649 desinunt
3500 5591 3797 5644 adversum

2208 5693 2326 5758 ejus
2349 5690 2735 5760 providentiam
2771 5688 3007 5758 obloqui.
3035 5684 3171 5753 Quid
3214 5686 3361 5748 facis,
3410 5699 3442 5737 ο
3484 5681 3681 5736 homo?
3718 5682 3800 5737 De

2210 5798 2468 5841 conservo
2495 5794 2546 5839 te
2569 5781 2811 5852 judicare
2842 5796 2948 5836 non
2988 5780 3114 5836 sinit
3151 5778 3344 5835 Paulus
3370 5776 3580 5841 dicens,
3614 5775 3802 5831 Nolite
