4038 6360
396 389 514 510 ,675

400 490 552 559 ὀὕτω
582 502 754 572 λέγων
777 519 789 530 ·
815 502 994 558 Ὥστε
1019 499 1106 569 μὴ
1141 501 1253 568 πρὸ
1275 498 1482 566 καιροῦ
1510 514 1566 550 τι
1589 496 1843 564 κρίνετε,
1873 490 1982 555 ἕως

410 589 487 643 ἂν
503 589 650 654 ἔλθῃ
671 589 703 640 ό
719 587 930 655 Κύριος
947 601 960 614 ⁶
993 585 1086 638 καὶ
1112 583 1206 638 τὸν
1231 582 1506 651 Δεσπότην
1533 582 1613 642 είς
1639 578 1984 645 δικαστήριον

409 675 613 737 ἐλκεις,
636 672 742 725 καὶ·
755 670 910 738 λόγον
933 669 1183 731 ἀπαιτεῖς
1204 667 1312 720 τῶν
1337 663 1760 736 πεπραγμένων,
1797 661 1890 713 καί
1924 659 1982 712 ού

412 758 676 828 φρίττεις,
698 754 817 808 ούδέ
837 753 1077 815 δέδοικας
1098 771 1111 817 ;
1134 752 1243 804 Καὶ
1267 751 1425 813 ποίας
1453 748 1614 819 τεύξῃ
1635 744 1982 814 συγγνώμης,

412 842 568 904 ποίας
607 839 662 892 δὲ
685 838 1000 906 ἀπολογίας,
1023 838 1143 889 είπέ
1179 853 1290 905 μοι,
1316 833 1582 895 τοσαύτας
1603 833 1699 902 μὲν
1732 831 1827 899 τῆς
1854 846 1987 898 προ-

412 926 560 986 νοίας
577 922 741 976 αὑτοῦ
770 921 894 974 καθ’
916 920 1152 991 ἐκάστην
1180 918 1392 990 ἡμέραν
1415 919 1506 969 καὶ
1522 915 1668 986 ῶραν
1689 913 1986 976 ἀποδείξεις

411 1006 725 1076 λαμϐάνων,
751 1003 857 1057 ἀπὸ
887 1004 942 1056 66
964 1002 1062 1072 τῆς
1088 1003 1228 1054 κατά
1253 1001 1344 1054 τὸν
1375 1000 1601 1052 πλοῦτον
1631 998 1724 1050 καὶ
1750 996 1847 1067 τὴν
1887 1013 1986 1046 πε-

411 1088 527 1142 νίαν
543 1087 801 1154 δοκούσης
818 1085 1130 1155 ἀνωμαλίας
1141 1081 1278 1138 εἶναι
1295 1082 1802 1152 καταψηφιζόμενος
1818 1078 1913 1148 τῆς
1929 1079 1982 1130 ὲν

412 1175 614 1228 ἄπεισιν
631 1170 903 1235 εὐταξίας,
919 1168 1198 1222 καὶταῦτα
1219 1170 1418 1231 ἀδίκως
1437 1185 1450 1233 ;
1467 1167 1618 1240 [Ἰάλη
1638 1168 1697 1219 Εί
1717 1167 1823 1237 γὰρ
1848 1164 1983 1233 μετά

412 1259 510 1327 τῆς
533 1253 914 1324 προσηκούσης
940 1252 1186 1321 γνώμης,
1220 1253 1313 1304 καὶ
1341 1252 1722 1320 πεπονημένης
1751 1249 1985 1312 διανοίας

413 1341 506 1393 καὶ
527 1337 700 1391 ταῦτα
727 1334 998 1400 ἐξετάζειν
1026 1336 1236 1406 ἡθελες,
1262 1339 1308 1389 εί
1336 1337 1428 1390 καὶ
1451 1336 1614 1406 μηδὲν
1635 1336 1820 1405 ἕτερον
1836 1329 1902 1403 ἦν
1924 1333 1986 1384 τὸ

415 1419 680 1475 συνιστῶν
707 1419 805 1489 τὴν
855 1419 948 1470 τοῦ
993 1417 1128 1471 Θεοῦ
1159 1420 1446 1490 πρόνοιαν,
1477 1421 1504 1472 6
1537 1417 1763 1480 πλοῦτος
1810 1417 1904 1470 καὶ
1950 1417 1981 1484 ἡ

414 1504 576 1559 πενία
603 1502 807 1571 ταύτην
836 1501 901 1554 ἂν
939 1501 1174 1572 μάλιστα
1208 1502 1394 1570 σαφῶς
1422 1500 1720 1566 ἀπέδειξεν.
1749 1502 1846 1552 Ἂν
1875 1499 1984 1570 γάρ

415 1588 608 1660 ἀνέλῃς
641 1586 736 1656 τὴν
768 1584 977 1647 πενίαν,
1031 1584 1126 1637 τοῦ
1167 1585 1279 1655 βίου
1322 1584 1421 1656 τὴν
1479 1583 1736 1637 σύστασιν
1776 1582 1984 1644 ἀνεῖλες

417 1673 667 1731 ἃπασαν,
707 1670 799 1721 καὶ
833 1667 1145 1738 διέφθειρας
1181 1668 1336 1738 ἡμῶν
1373 1670 1470 1738 τὴν
1509 1667 1654 1738 ζωήν
1677 1684 1692 1699 ο
1733 1668 1827 1720 καὶ
1863 1665 1984 1718 οὔτε

416 1750 637 1822 νάύτης,
671 1750 792 1804 οὑτε
821 1750 1180 1822 κυϐερνήτης,
1198 1751 1259 1803 οὑ
1281 1751 1544 1822 γεωργὸς,
1563 1751 1663 1804 οὑκ
1684 1750 1981 1820 οἰκοδόμος,

414 1840 512 1908 οὑχ
546 1837 807 1905 ὑφάντης,
832 1835 928 1904 οὐχ
961 1834 1510 1905 ὑποδηματορράφος,
1545 1835 1605 1888 οὑ
1651 1835 1883 1896 τέκτων,
1925 1834 1985 1886 οὑ

415 1919 768 1992 χαλκοτύπος,
783 1918 842 1970 ού
869 1916 1288 1987 σκυτοτόμος,οὑ
1315 1919 1713 1981 σιτοποιὸς,οὑκ
1729 1917 1884 1980 ἄλλος
1904 1933 1988 1978 τις

412 2003 520 2055 τῶν
540 2000 883 2072 δημιουργῶν
915 1999 1066 2052 ἔσται
1097 1999 1301 2052 τούτων
1321 2017 1334 2030 ·
1363 2000 1566 2053 τούτων
1591 2001 1647 2053 δὲ
1669 2002 1769 2053 οὑκ
1794 2001 1984 2065 ὄντων,

413 2087 591 2140 πάντα
606 2088 736 2156 ἡμῖν
753 2085 1048 2154 οἰχήσεται.
1070 2083 1184 2136 Νῦν
1206 2084 1302 2154 μὲν
1318 2083 1448 2154 γὰρ,
1468 2084 1717 2155 καθάπερ
1737 2083 1988 2137 διδάσκα-

413 2169 501 2233 λός
526 2186 608 2231 τις
635 2168 854 2238 ἀρίστη,
869 2166 1082 2237 ἑκάστῳ
1096 2166 1300 2220 τούτων
1323 2165 1699 2238 ἐπικαθημένη
1725 2166 1872 2238 ἡτῆς
1893 2183 1989 2218 πε-

413 2253 532 2315 νίας
558 2252 792 2321 ἀνάγκη,
808 2250 944 2321 πρὸς
970 2249 1039 2301 τὰ
1057 2247 1193 2320 ἔργα
1215 2249 1309 2301 καὶ
1334 2249 1562 2312 ἄκοντας
1585 2246 1910 2302 συνωθεῖ-ἐἰ
1932 2249 1986 2301 δὲ

415 2335 651 2396 ἅπαντες
679 2332 900 2403 ἔμελλον
925 2331 1194 2394 πλουτεῖν,
1227 2333 1462 2394 ἅπαντες
1486 2331 1708 2401 ἔμελλον
1738 2333 1794 2384 ἐν
1821 2332 1988 2403 ἀργίᾳ

415 2418 514 2489 ζῇν
533 2435 546 2448 ο
576 2417 670 2470 καὶ
699 2415 837 2468 οὑτω
863 2415 1039 2468 πάντα
1063 2414 1127 2468 ἂν
1153 2413 1402 2467 ἀπώλετο
1430 2415 1524 2466 καὶ
1551 2414 1832 2486 διεφύάρη.
1867 2417 1988 2466 Χω-

418 2504 501 2573 ρὶς
527 2502 582 2554 δὲ
613 2501 718 2554 τῶν
749 2500 1052 2572 εἰρημένων
1079 2499 1172 2552 καὶ
1203 2499 1401 2569 ἑτέρως
1437 2499 1635 2572 αὑτοὺς
1665 2499 1758 2551 ἀπ’
1787 2498 1985 2562 αὐτῶν,

416 2581 490 2638 ὧν
516 2583 821 2652 ἐγκαλοῦσι,
856 2582 1017 2634 πάλιν
1050 2582 1397 2652 ἐπιστομίσαι
1435 2581 1631 2652 ῥᾴδιον.
1688 2582 1844 2646 Τίνος
1879 2582 1988 2652 γὰρ

415 2670 621 2730 ἕνεκεν,
664 2666 782 2718 εἰπέ
810 2683 918 2735 μοι,
955 2669 1279 2737 κατηγορεῖς
1305 2666 1405 2735 τῆς
1427 2665 1521 2718 τοῦ
1546 2665 1680 2718 Θεοῦ
1703 2667 1986 2737 προνοίας;

418 2752 604 2821 ἐπειδὴ
624 2754 650 2804 6
675 2752 771 2819 μὲν
811 2751 1000 2814 πλείω,
1027 2752 1055 2804 6
1077 2751 1134 2802 δὲ
1164 2751 1371 2804 ἐλάττω
1405 2749 1664 2820 κέκτηται
1695 2751 1948 2821 χρήματα
1973 2766 1988 2816 ;

415 2837 480 2890 Τί
501 2832 592 2890 οὖν
609 2855 622 2902 ;
642 2835 706 2888 ἂν
730 2837 784 2888 ἐν
809 2837 918 2898 τοῖς
943 2833 1410 2902 ἀναγκαιοτάτοις,
1429 2834 1523 2886 καὶ
1551 2834 1730 2905 πολλῴ
1757 2834 1987 2902 μείζοσι,

417 2921 508 2974 καὶ
542 2919 850 2988 συνέχουσιν
883 2917 1040 2987 ἡμῶν
1069 2917 1166 2988 τὴν
1195 2917 1358 2986 ζωὴν,
1383 2916 1646 2987 δείξωμεν
1691 2919 1991 2989 ίσομοιρίαν

415 3000 577 3056 οὖσαν
606 3005 770 3055 πᾶσιν
799 2999 1125 3071 ἀνθρώποις,
1149 3001 1324 3072 ψηφιῇ
1359 3003 1428 3071 τῇ
1458 3000 1553 3053 τοῦ
1579 3001 1712 3054 Θεοῦ
1731 3003 1989 3073 προνοίᾳ;

427 3086 662 3154 Ἀνάγκη
703 3087 869 3138 πᾶσα.
914 3083 976 3137 Εἰ
1003 3083 1111 3154 γὰρ
1153 3084 1213 3135 16
1240 3085 1314 3153 μὴ
1343 3085 1552 3147 πάντας
1581 3085 1772 3154 ἐπίσης
1793 3098 1816 3124 α
1859 3086 1992 3138 ἀπο-

414 3167 596 3221 λαύειν
635 3168 752 3230 ἐνὸς
803 3170 1143 3238 πράγματος.
1179 3167 1478 3236 χρημάτων
1522 3167 1684 3234 λέγω,
1719 3167 1991 3232 ἀπόδειξιν

415 3253 542 3320 ποιῇ
575 3251 668 3303 τοῦ
697 3251 968 3320 μηδεμίαν
990 3247 1127 3302 εἶναι
1153 3250 1430 3321 πρόνοιαν,
1452 3251 1516 3303 ἂν
1537 3250 1777 3318 φανῶσιν
1805 3250 1989 3320 ἐξίσης

419 3335 657 3396 ἅπαντες
716 3334 1102 3397 ἀπολαύοντες,
1172 3333 1269 3403 οὐχ
1309 3332 1425 3396 ἐνὸς
1469 3334 1825 3403 πράγματος,
1873 3334 1990 3386 ούδέ

419 3417 591 3480 οὑτως
629 3417 900 3480 εὐτελοῦς,
937 3417 1072 3470 ἀλλά
1098 3416 1358 3470 πλειόνων
1402 3418 1495 3471 καὶ
1524 3417 1658 3469 πολὺ
1707 3416 1988 3486 μειζόνων,

416 3499 635 3570 εὔδηλον
665 3500 746 3553 ὅτι
775 3500 866 3552 καὶ
892 3500 1039 3554 ἄκων
1065 3499 1276 3553 ἐκεῖθεν
1304 3499 1796 3572 συναναγκασθὴσῃ
1823 3499 1991 3570 ψηφί-

419 3583 616 3637 σασθαι
635 3585 700 3652 τῇ
735 3581 830 3636 τοῦ
855 3582 989 3636 Θεοῦ
1018 3583 1264 3654 προνοίᾳ.

469 3667 641 3738 Δεῦρο
658 3662 748 3720 οῦν
768 3667 860 3719 ἐπὶ
878 3667 947 3720 τὰ
967 3668 1260 3736 συνέχοντα
1278 3667 1376 3738 τὴν
1393 3665 1536 3737 ζωὴν
1553 3665 1710 3738 ἡμῶν
1730 3665 1898 3736 ἴωμεν
1914 3665 1992 3736 τῷ

413 3750 580 3820 λόγῳ,
605 3750 698 3803 καὶ
733 3748 1205 3820 διερευνησώμεθα
1235 3750 1374 3804 αὐτὰ
1406 3749 1542 3820 μετά
1565 3749 1872 3820 ἀκριϐείας,
1897 3751 1991 3802 καὶ

416 3832 613 3904 ἴδωμεν
629 3834 678 3886 εί
701 3833 1013 3886 πλεονεκτεῖ
1025 3833 1114 3886 τὸν
1131 3832 1338 3904 πένητα
1355 3835 1383 3886 6
1398 3833 1648 3896 πλούσιος
1665 3835 1722 3886 ἐν
1739 3833 1988 3896 ἐκείνοις.

413 3910 563 3981 Οἴον,
590 3919 618 3970 6
647 3915 900 3981 πλούσιος
937 3916 1050 3987 ἔχει
1109 3917 1330 3979 Θάσιον,
1369 3918 1462 3970 καὶ
1487 3917 1650 3988 ἐτερα
1681 3916 1850 3970 πολλά
1883 3935 1992 3970 τοι-

413 3998 553 4053 αῦτα
583 3999 800 4070 πόματα
824 4002 1350 4072 πεφαρμακευμένα,
1371 4001 1463 4054 καὶ
1485 4001 1622 4072 μετά
1642 4001 1842 4072 πολλῆς
1859 4019 1991 4054 κατ-

413 4084 789 4153 εσκευασμένα
834 4085 932 4154 τῆς
979 4085 1307 4153 καρυκείας·
1356 4084 1471 4138 ἀλλ’
1517 4087 1570 4138 αἱ
1618 4086 1726 4138 τῶν
1780 4085 1989 4138 ὑδάτων

412 4168 588 4236 πηγαὶ
641 4169 795 4237 κοινῇ
834 4169 968 4221 πᾶσι
1020 4169 1369 4238 πρόκεινται,
1405 4169 1496 4220 καὶ
1544 4169 1847 4230 πλουσίοιςί,
1897 4170 1989 4222 καί⁵

413 4250 630 4319 πένησι.
663 4249 816 4321 Τάχα
851 4250 1114 4318 ἐγέλασας
1144 4251 1356 4304 ἀκούων
1380 4251 1479 4321 τὴν
1510 4251 1729 4322 ίσότητα
1759 4251 1984 4320 ταύτην.

415 4333 624 4386 Οὑκοῦν
653 4333 812 4403 μάθε,
848 4333 998 4402 πόσῳ
1018 4333 1342 4406 τιμιώτερον
1376 4333 1518 4387 οἴνου
1546 4335 1766 4398 παντὸς,
1800 4336 1989 4401 ὕδατος

416 4417 599 4484 φύσις,
624 4418 716 4468 καὶ
743 4417 1163 4486 ἀναγκαιότερον
1180 4417 1272 4468 καὶ
1292 4417 1702 4488 χρησιμώτερον
1721 4435 1734 4446 ·
1757 4419 1850 4472 καὶ
1867 4419 1987 4472 τότε

416 4498 611 4550 σαυτοῦ
635 4499 981 4572 καταγνώσῃ,
1005 4501 1098 4551 καὶ
1125 4499 1214 4552 τὸν
1240 4500 1414 4570 ἀληθῆ
1442 4500 1550 4554 τῶν
1581 4503 1828 4573 πενήτων
1866 4504 1986 4574 εἴσῃ

414 4581 664 4634 πλοῦτον.
698 4583 852 4635 Οἶνου
887 4582 983 4652 μὲν
1016 4583 1123 4653 γάρ
1150 4583 1546 4653 ἀναιρεθέντος,
1585 4585 1644 4636 οὐ
1702 4585 1870 4656 πολλή
1902 4604 1987 4650 τις

413 4662 480 4715 ἂν
514 4664 723 4731 γένοιτο
754 4664 926 4734 βλάϐη
950 4664 1077 4729 τινὶ,
1108 4665 1243 4736 πλὴν
1266 4668 1378 4730 τοῖς
1409 4667 1657 4721 ἀσθενέσι
1689 4669 1897 4738 μόνοιςο
1919 4670 1985 4723 ἂν

410 4746 467 4797 δέ
490 4765 571 4809 τις
599 4747 766 4819 σϐέσῃ
789 4747 888 4809 τάς
915 4746 1006 4799 τοῦ
1040 4746 1229 4805 ὓδατος
1260 4748 1442 4819 πηγὰς
1487 4751 1581 4803 καὶ
1613 4751 1673 4803 τὸ
1723 4754 1984 4821 στοιχεῖον

411 4830 595 4900 ἀνέλῃ,
620 4830 710 4882 τὸν
743 4829 854 4898 βίον
882 4830 1039 4900 ἡμῶν
1081 4831 1372 4900 ἀνέτρεψεν
1405 4831 1638 4901 ἅπαντα,
1676 4836 1770 4887 καὶ
1805 4836 1986 4899 πάσας

409 4912 506 4973 τὰς
535 4914 728 4982 τέχνας
757 4914 985 4983 ἠφάνισε
1005 4929 1018 4942 ο
1048 4914 1141 4966 καὶ
1167 4913 1286 4966 οὔτε
1325 4915 1416 4967 δύο
1449 4915 1789 4987 δυνησόμεθα
1827 4919 1984 4986 μόνον

407 4995 695 5064 διαρκέσαι
725 4997 956 5067 ἡμέρας,
980 4997 1096 5049 ἀλλ’
1121 4996 1322 5060 εὐθέως
1345 4999 1767 5071 ἀποθανούμεθα
1786 5002 1986 5065 πάντες

409 5077 637 5131 θάνατον
669 5079 899 5133 ἐλεεινόν
921 5098 1039 5134 τινα
1066 5081 1160 5133 καὶ
1189 5080 1586 5150 χαλεπώτατον.

479 5161 538 5214 δ’.
551 5163 709 5214 ’Ὠστε
733 5167 790 5218 ἐν
807 5166 917 5226 τοῖς
934 5165 1381 5232 ἀναγκαιοτάτοις
1398 5166 1492 5218 καὶ
1507 5169 1815 5238 συνέχουσιν
1827 5171 1857 5240 ἡ
1869 5169 1981 5239 μῶν

406 5247 505 5315 τὴν
528 5245 670 5317 ζωὴν
695 5249 722 5300 6
746 5248 915 5317 πένης
933 5248 1084 5301 οὐδὲν
1109 5248 1532 5316 πλεονεκτεῖται,
1564 5252 1699 5314 ἀλλ’,
1736 5255 1785 5306 εί
1819 5254 1901 5305 δεῖ
1931 5271 1981 5306 τι

409 5330 500 5380 καὶ
519 5329 832 5399 θαυμαστὸν
849 5349 870 5384 ε
883 5334 1040 5394 ίπεῖν,
1060 5333 1153 5384 καὶ
1169 5334 1480 5388 πλεονεκτεῖ
1493 5333 1586 5387 τοῦ
1604 5335 1977 5398 πλουτοῦντος.

407 5412 695 5476 Πλουσίους
726 5415 822 5484 μέν
858 5417 967 5488 γὰρ
1001 5418 1226 5480 πολλοὺς
1261 5419 1406 5471 ἔστιν
1450 5419 1576 5472 ἰδεῖν
1602 5419 1705 5471 ὑπὸ
1752 5420 1853 5489 τῆς
1885 5419 1978 5471 τοῦ

409 5493 659 5565 σώματος
688 5500 997 5568 ἀρρωστίας
1027 5502 1122 5571 τῆς
1150 5501 1239 5554 διὰ
1258 5502 1356 5573 τὴν
1386 5501 1594 5573 τρυφὴν
1624 5503 1979 5572 ἐγγινομένης

405 5586 586 5648 αὐτοῖς
605 5588 671 5641 τά
705 5589 874 5642 πολλὰ
905 5591 1230 5662 ὑδροποσίας
1258 5594 1626 5664 ἀπεχομένους
1646 5597 1704 5647 ’ὁ
1727 5594 1783 5646 δὲ
1812 5596 1978 5666 πένης

469 5776 492 5802 ⁸
516 5775 647 5826 Cnlb.
675 5781 726 5824 el
751 5777 869 5840 Rvg.
893 5779 938 5833 ἐξ
956 5780 1077 5836 ἴσης.

1133 382 1190 436 S.
1229 376 1514 436 JOANNIS
1541 367 2035 432 CHRYSOSTOMI
2074 367 2393 425 ARCHIEP.
2434 369 2987 428 CONSTANTINOP.

3554 373 3665 426 οτι

2099 486 2185 539 διὰ
2217 487 2310 541 τοῦ
2348 488 2464 557 βίου
2487 489 2686 552 παντὸς
2724 488 2892 551 ἀδεῶς
2950 483 3212 540 ἀπολαύει
3247 484 3355 538 τῶν
3405 502 3667 556 ναματων

2089 569 2312 636 τούτων,
2327 573 2402 635 ὠς
2418 562 2510 625 ἐπὶ
2531 573 2713 642 πηγὰς
2729 571 2962 642 μέλιτος,
2977 569 3129 641 [745]
3147 569 3315 632 οὕτως
3334 569 3424 622 ἐπὶ
3445 569 3544 634 τὰς
3555 570 3670 623 τῶν

2092 652 2297 706 ὑδάτων
2351 656 2561 728 τρέχων
2598 656 2802 726 πηγὰς,
2855 656 2948 708 καὶ
2981 654 3246 724 εἰλικρινῆ
3278 653 3373 705 καὶ
3415 653 3668 723 καθαρὰν

2091 737 2300 790 ἐκεῖθεν
2318 739 2703 810 καρπούμενος
2734 739 2830 810 τὴν
2857 739 3068 810 ἡδονήν.
3110 738 3175 789 Τί
3208 737 3264 789 66
3297 739 3328 807 ἡ
3372 735 3465 789 τοῦ
3492 737 3671 806 πυρὸς

2091 821 2251 889 φύσις
2269 840 2282 887 ;
2303 825 2422 894 οὐχὶ
2443 824 2652 894 μυρίων
2669 822 3072 891 ἀναγκαιοτέρα
3089 821 3376 893 θησαυρῶν
3394 822 3486 874 καὶ
3509 819 3674 874 πλού-

2089 922 2182 956 του
2235 907 2435 970 παντὸς
2478 908 2848 978 ἀνθρωπίνου;
2889 907 2998 958 Καὶ
3046 898 3200 966 οὗτος
3246 904 3404 956 πάλιν
3443 903 3500 968 ἐξ
3539 903 3671 972 τσης

2091 989 2328 1060 πλουσίῳ
2353 991 2445 1042 καὶ
2471 991 2661 1061 πένητι
2692 990 2972 1058 πρόκειται
2996 987 3302 1058 τῆςχρείας
3322 989 3350 1039 6
3369 987 3669 1057 θησαυρός-

2101 1073 2234 1124 Ἠδέ
2266 1074 2414 1143 παρὰ
2448 1073 2539 1126 τοῦ
2581 1073 2740 1143 ἀέρος
2761 1072 3021 1141 γινομένη
3063 1074 3174 1133 τοῖς
3221 1070 3467 1141 σώμασιν
3503 1070 3672 1140 ἡμῶν

2089 1155 2344 1223 ὠφέλεια,
2380 1156 2471 1208 καὶ
2499 1155 2560 1208 16
2587 1155 2700 1224 φῶς
2723 1157 2820 1225 τῆς
2844 1156 3078 1218 ἀκτῖνος,
3099 1151 3208 1225 ἆρα
3235 1157 3346 1218 τοῖς
3377 1155 3475 1224 μὲν
3501 1155 3673 1209 εὐπό-

2094 1256 2203 1308 ροις
2243 1238 2423 1302 πλέον,
2451 1242 2561 1301 τοῖς
2587 1239 2645 1291 66
2669 1240 2893 1308 πένησιν
2917 1239 3136 1292 ἔλαττον
3160 1241 3539 1309 παραγίνεται,
3567 1242 3673 1292 κά-

2089 1325 2256 1374 κεῖνοι
2297 1323 2394 1392 μὲν
2443 1324 2720 1394 τέτρασιν,
2761 1319 2904 1377 οὗτοι
2933 1324 2988 1377 66
3018 1324 3109 1377 δύο
3161 1325 3320 1394 μόνον
3355 1324 3673 1396 καθορῶσιν

2090 1405 2221 1457 αὑτὸ
2250 1405 2573 1476 ὀφθαλμοῖςς
2607 1407 2743 1460 Ἀλλ’
2773 1408 2892 1459 οὐδὲ
2921 1407 3076 1460 τοῦτο
3106 1408 3171 1461 ἂν
3202 1408 3313 1478 ἔχοι
3340 1425 3423 1471 τις
3456 1412 3632 1462 εἰπεῖν
3650 1427 3667 1440 ·

2090 1490 2183 1543 καὶ
2217 1491 2325 1561 γάρ
2355 1493 2448 1544 καὶ
2479 1491 2752 1556 πλουσίοις
2783 1494 2877 1546 καὶ
2899 1493 3124 1564 πένησιν
3161 1494 3272 1547 ἴσον
3294 1494 3391 1564 τῆς
3424 1495 3673 1549 ἀπολαύ-

2093 1589 2228 1634 σεως
2266 1573 2492 1644 ὥρισται
2537 1575 2756 1645 μέτρον,
2795 1575 2994 1644 μᾶλλον
3027 1577 3082 1630 66
3122 1578 3216 1631 καὶ
3257 1578 3488 1632 ἐνταῦθα
3537 1580 3673 1642 τοὺς

2090 1657 2327 1727 πένητας
2353 1657 2461 1710 τῶν
2483 1658 2852 1713 πλουτούντων
2877 1660 3325 1723 πλεονεκτοῦντας
3357 1662 3451 1715 ἴδοι
3473 1680 3557 1726 τις
3575 1663 3667 1729 ἂν,

2089 1741 2197 1811 ὅσῳ
2227 1743 2322 1795 καὶ
2349 1745 2676 1814 τρανοτέρας
2713 1745 2809 1810 τάς
2853 1746 3155 1818 αἰσθήσεις,
3191 1749 3282 1802 καὶ
3319 1749 3572 1820 ὀξύτερον
3603 1751 3673 1803 τὸ

2089 1823 2262 1894 ὃμμα,
2296 1827 2390 1878 καὶ
2420 1828 2815 1899 ἀκριϐεστέρας
2841 1829 3024 1900 έχουσι
3058 1831 3157 1896 τὰς
3186 1833 3497 1904 ἀντιλήψεις
3522 1836 3672 1889 ἀπάπ

2095 1926 2211 1972 σας.
2233 1911 2322 1962 Διὸ
2351 1912 2446 1963 καὶ
2463 1914 2830 1982 γνησιωτέραν
2857 1915 3193 1985 καρποῦνται
3208 1919 3305 1986 τὴν
3336 1918 3547 1989 ἡδονὴν,
3571 1923 3670 1972 καὶ

2094 1993 2293 2062 μᾶλλον
2321 1996 2624 2066 ἐντρυφῶσι
2646 1999 2738 2050 καὶ
2758 1998 3084 2053 ἀπολαύουσι
3113 2004 3178 2072 τῇ
3207 2001 3406 2074 θεωρίᾳ
3427 2006 3525 2075 τῆς
3555 2005 3672 2056 κτί-

2093 2095 2247 2140 σεως.
2281 2080 2395 2132 υύκ
2428 2081 2520 2132 ἐπὶ
2554 2081 2661 2134 τῶν
2692 2083 2968 2152 στοιχείων
2992 2083 3050 2136 66
3083 2085 3240 2154 μόνον
3268 2086 3492 2150 τούτων,
3524 2088 3670 2142 ἀλλὰ

2091 2164 2184 2215 καὶ
2202 2164 2294 2216 ἐπὶ
2315 2163 2420 2216 τῶν
2459 2164 2633 2219 ἀλλων
2661 2166 2769 2219 τῶν
2796 2168 2945 2238 παρά
2962 2169 3059 2240 τῆς
3085 2169 3300 2238 φύσεως
3327 2173 3669 2242 εἰσενεχθέν-

2090 2264 2196 2299 των
2235 2249 2385 2317 ἡμῖν,
2424 2248 2624 2319 πολλὴν
2662 2249 2781 2319 ὄψει
2823 2251 2922 2320 τὴν
2967 2253 3208 2322 ἰσότητα,
3253 2255 3450 2325 μᾶλλον
3485 2257 3541 2309 66
3566 2258 3673 2327 τὴν

2091 2329 2402 2396 πλεονεξίαν
2432 2331 2584 2402 παρά
2611 2335 2720 2396 τοῖς
2749 2334 2974 2405 πένησιν
2999 2331 3183 2390 οὖσαν.
3209 2335 3310 2389 Καὶ
3341 2337 3447 2408 γάρ
3475 2338 3668 2403 ὕπνος,

2091 2415 2118 2465 6
2146 2415 2324 2484 πάσης
2352 2415 2563 2485 τρυφῆς
2588 2415 2750 2486 ἡδίων
2777 2417 2872 2470 καὶ
2892 2418 3330 2491 ἀναγκαιότερος,
3348 2422 3441 2474 καὶ
3463 2424 3672 2492 τροφῆς

2093 2498 2310 2567 ἀπάσης
2333 2499 2766 2572 χρησιμώτερος,
2802 2502 3164 2574 εὑκολώτερος
3194 2506 3308 2567 τοῖς
3344 2506 3592 2576 πένησιν,
3633 2508 3668 2576 ἦ

2091 2585 2202 2645 τοῖς
2234 2583 2510 2647 πλουσίοις
2539 2584 2706 2638 ἐστίν·
2734 2585 2834 2639 οὑκ
2861 2586 3222 2658 εὑκολώτερος
3242 2588 3296 2660 66
3324 2590 3503 2660 μόνον,
3530 2591 3671 2644 ἀλλὰ

2091 2667 2186 2719 καὶ
2212 2665 2682 2738 εἰλικρινέστερος.
2712 2669 2969 2734 Ἐκείνοις
2987 2671 3085 2741 μὲν
3101 2657 3208 2742 γάρ
3279 2657 3445 2744 πολλὴ
3462 2674 3670 2746 τρυφὴ,

2091 2748 2262 2801 καὶτὸ
2284 2749 2421 2818 μήτε
2445 2750 2742 2814 πεινῶντας
2767 2752 2984 2818 ἐσθίειν,
3017 2754 3149 2823 μήτε
3179 2754 3446 2824 διψῶντας
3468 2757 3670 2820 πίνειν,

2095 2832 2230 2901 μήτε
2271 2831 2551 2886 καθεύδειν
2596 2833 2972 2901 νυστάζοντας,
3007 2837 3107 2906 τὴν
3145 2838 3202 2890 ἐν
3240 2839 3442 2892 ἅπασιν
3474 2840 3674 2911 ἡδονὴν

2091 2913 2303 2968 ἐκλύειν
2329 2916 2518 2968 εἴωθεν
2536 2933 2550 2948 ·
2585 2917 2644 2970 οὐ
2665 2917 2772 2990 γὰρ
2806 2917 2976 2982 οὕτως
3003 2921 3036 2990 ἡ
3063 2920 3172 2974 τῶν
3201 2922 3540 2994 πραγμάτων
3571 2923 3677 2992 φύ-

2094 3014 2198 3062 σις,
2221 2997 2296 3060 ὡς
2315 2997 2375 3050 τὸ
2389 2998 2487 3069 τῆς
2507 2999 2694 3068 χρείας
2715 3002 3007 3070 ἀναγκαῖον
3034 3005 3260 3059 ἕκαστον
3299 3010 3430 3078 ἡμῖν
3460 3009 3673 3061 τούτων

2093 3080 2189 3150 ἡδὺ
2223 3081 2562 3152 καθίστησιν.
2599 3083 2708 3153 Οὐχ
2737 3083 2878 3138 οὑτω
2911 3087 3041 3154 γοῦν
3072 3089 3133 3140 16
3160 3090 3333 3143 πίνειν
3365 3087 3507 3146 οἶνον
3537 3094 3674 3163 ἡδὶν

2093 3171 2186 3220 καὶ
2204 3169 2523 3239 ἀνθοσμίαν,
2549 3172 2623 3235 ὡς
2640 3173 2700 3224 τὺ
2717 3173 2985 3242 διψῶντας
3003 3177 3174 3232 πίνειν
3191 3176 3335 3250 ὕδωρ
3357 3181 3672 3250 εὐφραίνειν

2093 3251 2306 3305 εἴωθεν·
2341 3255 2436 3323 οὐχ
2459 3255 2597 3308 οὕτω
2614 3256 2674 3308 16
2695 3256 3029 3324 πλακοῦντας
3051 3262 3079 3301 b
3107 3262 3323 3327 ἐσθίειν,
3356 3265 3431 3328 ὡς
3463 3265 3526 3318 16
3549 3284 3673 3320 πει-

2093 3335 2298 3399 νῶντας
2321 3337 2517 3390 ἐσθίειν
2537 3355 2549 3368 ·
2587 3340 2682 3409 οὐχ
2709 3339 2849 3395 οὕτω
2877 3343 2938 3396 16
2961 3345 3238 3399 καθεύδειν
3264 3349 3356 3400 ἐπὶ
3381 3351 3674 3421 στρωμνῆς

2095 3418 2328 3490 ἁπαλῆς,
2354 3421 2432 3483 ώς
2462 3421 2522 3473 τὸ
2548 3424 2907 3490 νυστάζοντας
2935 3427 3216 3482 καθεύδειν
3239 3447 3253 3462 ο
3279 3431 3421 3502 ἀπερ
3453 3418 3674 3487 ἅπαντα

2095 3503 2246 3573 παρά
2262 3506 2374 3567 τοῖς
2393 3504 2584 3575 πένησι
2605 3507 2802 3576 μᾶλλόν
2818 3511 2981 3577 ἐστιν,
3004 3513 3036 3584 ἢ
3060 3515 3208 3584 παρά
3219 3517 3330 3578 τοῖς
3356 3517 3668 3570 πλουτοῦσι.

2094 3585 2175 3638 Τά
2201 3586 2257 3638 δέ
2271 3586 2370 3656 τῆς
2394 3587 2602 3657 ὑγιείας
2629 3590 2722 3642 τοῦ
2742 3591 2995 3661 σώματος
3033 3596 3128 3648 καὶ
3155 3597 3254 3667 τῆς
3277 3597 3441 3668 ἀλλης
3454 3601 3672 3666 εὐεξίας

2092 3668 2310 3738 ἀπάσης
2337 3671 2396 3722 ού
2428 3672 2582 3726 κοινά
2598 3674 2690 3726 καὶ
2709 3674 2981 3740 πλουσίοις
3003 3680 3096 3732 καὶ
3119 3678 3315 3752 πένησι
3345 3683 3630 3754 πρόκειται
3650 3703 3668 3750 ;

2090 3753 2432 3842 Μὴῗδύναταί
2458 3775 2542 3822 τις
2565 3761 2738 3813 εἰπεῖν
2760 3761 2996 3831 ἡδεῖξαι,
3021 3765 3104 3818 ὅτι
3125 3768 3354 3839 πένητες
3371 3753 3471 3839 μὲν
3492 3772 3674 3842 ἀρῤω-

2094 3841 2276 3928 στοῦσι
2314 3843 2493 3928 μόνον,
2528 3846 2771 3901 πλούσιοι
2793 3849 2848 3901 66
2876 3849 2964 3904 διὰ
2997 3852 3196 3916 παντὸς
3223 3855 3281 3906 ἐν
3309 3841 3675 3928 καθαρᾷίδια-

2094 3923 2346 4011 μένουσιν
2369 3927 2580 4000 ὑγιείᾳ;
2606 3930 2922 3986 Τούναντίον
2943 3935 3040 4004 μὲν
3056 3931 3145 3991 οὖν
3162 3935 3305 3990 ἐστιν
3333 3923 3478 4004 ἰδεῖν,
3496 3923 3672 4011 πένησ-

2091 4025 2190 4071 τας
2221 4009 2319 4079 μέν
2353 4012 2412 4064 οὑ
2449 4012 2645 4097 ῥᾳδίως
2675 4013 3060 4086 ἁλισκομένους
3094 4022 3205 4083 τοῖς
3235 4021 3477 4087 ἀνιάτοις
3506 4009 3671 4097 νοση-

2094 4108 2246 4162 μασι,
2276 4095 2550 4167 πανταχοῦ
2586 4097 2643 4150 δὲ
2682 4098 2740 4151 ἐν
2771 4102 2884 4162 τοῖς
2915 4100 3022 4153 τῶν
3047 4101 3416 4159 πλουτούντων
3448 4095 3668 4178 σώμασι

2089 4176 2258 4228 ταῦτα
2289 4176 2669 4247 βλαστάνοντα.
2693 4181 2986 4250 Ποδαλγίαι
3011 4185 3160 4252 γοῦν,
3192 4188 3286 4239 καὶ
3307 4176 3668 4261 καρηϐαρίαι,

2089 4261 2183 4312 καὶ
2202 4277 2276 4314 πα
2285 4261 2405 4330 ρέσε
2415 4262 2580 4326 ις,καὶ
2592 4264 2796 4336 νεύρων
2807 4267 3093 4337 ἀνήκεστοι
3109 4269 3447 4340 διαστροφαὶ,
3462 4275 3558 4326 καὶ
3575 4293 3672 4328 πο-

2089 4343 2227 4413 νηρά
2257 4344 2352 4396 καὶ
2367 4344 2734 4417 διεφθαρμένα
2765 4349 3011 4419 ῥεύματα
3033 4353 3364 4420 παντοδαπὰ,
3389 4357 3669 4424 κάκείνοις

2092 4430 2327 4499 μάλιστα
2352 4431 2588 4502 ἐνοχλεῖν
2642 4433 2796 4488 εἴωθε
2849 4439 2960 4500 τοῖς
3013 4439 3277 4508 τρυφῶσι,
3309 4444 3418 4506 τοῖς
3476 4445 3668 4515 μύρων

2088 4516 2321 4580 ὄζουσιν,
2353 4519 2412 4570 οὑ
2444 4521 2556 4582 τοῖς
2599 4521 2819 4574 πονοῦσι
2852 4524 2946 4576 καὶ
2988 4525 3536 4598 ταλαιπωρουμένοις,
3569 4533 3667 4585 καὶ

2088 4603 2153 4656 ἐκ
2181 4604 2280 4673 τῆς
2305 4604 2427 4658 καθ’
2450 4607 2687 4678 ἑκάστην
2714 4609 2925 4680 ἡμέραν
2953 4611 3213 4683 ἐργασίας
3236 4613 3336 4685 τὴν
3358 4615 3666 4685 ἀναγκαίαν

2089 4688 2293 4756 τροφὴν
2316 4687 2618 4759 πορίζουσι.

2158 4775 2218 4822 ε’.
2253 4770 2352 4823 Διά
2373 4771 2529 4825 τοῦτο
2549 4773 2642 4826 καὶ
2673 4773 2780 4827 τῶν
2811 4779 3117 4847 προσαιτῶν
3135 4782 3182 4833 οί
3198 4784 3374 4853 τρυφῇ
3394 4782 3667 4849 συζῶντες

2087 4850 2405 4924 ἀθλιώτεροι
2433 4855 2629 4920 πάντες
2647 4874 2663 4890 ο
2693 4859 2786 4911 καὶ
2815 4860 2972 4914 τοῦτο
3011 4863 3119 4916 οὐδ’
3160 4850 3410 4920 ἂνήαὺτοὶ
3439 4869 3488 4919 οί
3527 4886 3663 4940 τρυ-

2088 4935 2294 5004 φῶντες
2315 4938 2636 4993 ἀντείποιεν.
2663 4940 2925 5005 Πολλάκις
2941 4945 3070 5010 γοῦν
3094 4947 3344 5012 πλούσιος
3369 4951 3461 5002 ἐπὶ
3485 4935 3664 5021 στρω-
3735 5010 3748 5025 _

2088 5019 2224 5088 μνῆς
2247 5021 2640 5090 κατακείμενος
2657 5025 2891 5095 ἁπαλῆς,
2909 5029 3132 5083 οἰκετῶν
3153 5032 3246 5084 καὶ
3266 5019 3664 5103 θεραπαινίδων

2084 5119 2160 5189 πα
2169 5103 2386 5189 ρόντων,
2399 5105 2611 5189 πολλῆς
2628 5107 2922 5179 θεραπείας
2939 5113 3224 5166 ἀπολαύων
3249 5117 3397 5189 παρὰ
3419 5120 3660 5185 πάντων,

2087 5187 2314 5256 πένητος
2333 5188 2421 5240 διὰ
2435 5188 2528 5241 τοῦ
2560 5193 2835 5246 στενωποῦ
2857 5195 3093 5259 ἀκούσας
3122 5187 3370 5267 βοῶντος,
3394 5202 3560 5272 ἄρτον
3577 5206 3663 5256 a1-

2083 5269 2317 5354 τοῧγτος,
2341 5271 2623 5354 ἐδάκρυσε,
2654 5274 2804 5348 [746]
2819 5279 2910 5333 καὶ
2931 5280 3201 5346 ἐστέναξε,
3228 5284 3322 5336 καὶ
3345 5269 3545 5354 ηὔξατο
3570 5304 3662 5354 γε-

2082 5353 2266 5406 νέσθαι
2285 5353 2522 5417 τοιοῦτος
2555 5359 2691 5427 μετά
2722 5359 2820 5428 τῆς
2840 5361 3063 5430 ὑγιείας,
3089 5363 3120 5432 ἢ
3153 5367 3289 5434 μετά
3316 5353 3409 5420 τοῦ
3429 5353 3658 5422 πλούτου

2083 5435 2516 5523 την-ἀρρωστίαν
2558 5441 2718 5511 ἔχειν.
2753 5445 2865 5497 Οὐκ
2891 5447 2983 5498 ἐπὶ
3014 5449 3111 5517 τῆς
3141 5449 3351 5516 ὑγιείας
3383 5452 3437 5504 δὲ
3476 5455 3655 5523 μόνον,

2081 5519 2214 5570 ἀλλὰ
2243 5521 2337 5571 καὶ
2369 5523 2460 5574 ἐπὶ
2489 5523 2587 5592 τῆς
2615 5527 2958 5592 παιδοποιίας
2986 5531 3147 5584 πάλιν
3170 5533 3321 5586 οὐδὲν
3357 5519 3545 5602 ὄψεταί
3575 5555 3658 5601 τις

2078 5603 2171 5653 τὸν
2194 5601 2442 5656 πλούσιον
2466 5607 2558 5659 τοῦ
2583 5611 2808 5680 πένητος
2839 5613 3259 5669 πλεονεκτοῦντα
3279 5633 3293 5648 ’
3323 5601 3437 5671 ἀλλ’
3457 5620 3657 5688 ὁμοίως

2083 5685 2174 5736 καὶ
2211 5687 2359 5756 παρὰ
2386 5689 2615 5755 τούτοις,
2646 5695 2736 5748 καὶ
2777 5700 2904 5766 παρ’
2933 5701 3163 5764 ἐκείνοις
3186 5704 3279 5755 καὶ
3310 5705 3656 5758 πολυπαιδίαι

2148 5787 2173 5824 b
2203 5787 2320 5848 110g.
2348 5791 2401 5835 π)
2413 5790 2657 5847 ακοῦνδας.
