4038 6360
336 435 440 489 673

337 561 454 605 ante
479 559 676 623 tempus
690 552 946 625 judicare,
978 571 1135 608 aonec
1159 558 1322 611 veniat
1362 557 1611 613 Dominus
1637 557 1914 627 (l.Cor.4.

336 645 396 710 5)
423 661 437 696 :
468 652 525 697 et
553 652 611 698 tu
656 644 941 699 Dominum
983 648 1032 700 in
1057 649 1319 716 judicium
1350 649 1540 713 trahis,
1571 659 1627 705 et
1652 650 1913 706 factorum

333 734 596 788 rationem
618 735 686 789 ab
711 751 777 790 eo
811 738 1004 807 exigis,
1034 756 1132 793 nec
1158 741 1419 795 exhorres
1453 751 1544 796 aut
1567 745 1916 810 expavescis?

334 823 400 875 Et
427 838 587 892 quam
628 827 972 895 consequeris
1010 830 1242 895 veniam,
1290 830 1538 897 obsecro,
1570 849 1729 902 quam
1755 849 1915 888 excu-

331 913 598 967 sationem
630 914 867 982 habebis,
888 932 1007 972 cum
1037 920 1256 990 singulis
1278 921 1485 987 diebus,
1515 923 1623 977 imo
1651 939 1778 978 vero
1806 926 1916 980 siu-

328 1005 467 1073 gulis
498 1005 646 1061 horis
666 1011 1089 1078 experimentum
1114 1014 1463 1082 providentiae
1482 1016 1601 1086 ejus
1619 1019 1825 1087 capias;
1859 1030 1913 1075 et

331 1106 511 1151 tamen
537 1098 609 1152 ob
635 1100 1070 1171 inaequalitatem,
1100 1121 1218 1174 quae
1247 1106 1387 1161 inter
1415 1107 1607 1165 divites
1633 1121 1687 1165 et
1714 1126 1915 1181 paupe-

329 1204 419 1242 res
474 1189 717 1256 videtur,
764 1194 1001 1248 omnium
1049 1212 1229 1250 rerum
1276 1198 1471 1253 bonam
1520 1201 1911 1258 ordinationem

326 1280 570 1347 damnes,
599 1283 756 1353 idque
784 1286 1015 1354 injuste?
1043 1286 1100 1342 Si
1131 1289 1272 1343 enim
1313 1290 1382 1343 ita
1412 1300 1472 1345 ut
1502 1291 1747 1357 decebat,
1785 1310 1906 1349 cum

328 1388 519 1442 magna
568 1379 758 1431 mentis
812 1381 1106 1435 attentione
1159 1383 1273 1438 luec
1320 1387 1545 1440 scrutari
1596 1388 1901 1456 voluisses,

327 1466 538 1520 etiamsi
576 1469 780 1523 nullum
825 1472 965 1527 aliud
996 1473 1187 1529 divina:
1232 1476 1577 1545 providentiae
1621 1495 1905 1550 argumen-

329 1563 441 1610 tum
492 1558 789 1625 habuisses,
822 1573 967 1618 certe
1005 1580 1072 1618 ex
1111 1565 1312 1621 divitiis
1352 1577 1405 1622 et
1446 1581 1758 1639 paupertate
1788 1586 1904 1627 eam

327 1646 736 1715 deprehendere
784 1654 1067 1720 potuisses.
1119 1656 1440 1724 Paupertate
1492 1661 1632 1715 enim
1678 1663 1903 1726 sublata,

326 1736 449 1790 vita:
493 1738 657 1793 totius
697 1742 1011 1797 constitutio
1052 1745 1345 1811 tolleretur,
1392 1758 1447 1804 et
1483 1750 1657 1805 omnis
1700 1754 1908 1809 vivendi

326 1831 464 1882 ratio
492 1830 895 1898 perturbaretur
928 1852 941 1887 :
969 1849 1139 1903 neque
1170 1845 1327 1892 nauta
1353 1840 1455 1891 erit
1496 1855 1668 1909 neque
1708 1843 1905 1911 guber-

325 1930 501 1985 nator,
536 1936 641 1975 non
670 1924 927 1993 agricola,
983 1941 1087 1980 non
1132 1931 1526 1995 czementarius,
1560 1947 1665 1985 non
1711 1943 1903 2002 textor,

324 2026 430 2064 non
473 2020 644 2078 sutor,
686 2030 788 2068 non
828 2015 997 2082 faber,
1040 2034 1145 2073 non
1182 2021 1422 2083 :erarius,
1470 2038 1577 2076 non
1621 2026 1902 2095 coriarius,

326 2101 582 2171 pistorve,
615 2119 716 2159 nec
756 2107 890 2162 alius
920 2109 1056 2164 ullus
1086 2110 1264 2180 opifex
1297 2129 1309 2165 :
1337 2113 1526 2182 quibus
1558 2130 1662 2171 non
1693 2129 1907 2174 exstan-

323 2191 487 2258 tibus,
526 2195 701 2248 omnia
732 2206 944 2266 pessur‘n
977 2200 1145 2255 ibunt.
1187 2202 1338 2259 Nunc
1366 2206 1527 2273 enim,
1556 2210 1708 2277 quasi
1738 2212 1906 2282 magi-

323 2291 430 2337 stra
471 2287 713 2353 quaedam
752 2290 968 2359 Optima,
1002 2296 1291 2349 necessitas
1321 2302 1641 2368 paupertatis
1669 2303 1904 2374 singulos

321 2373 388 2425 ad
415 2390 575 2444 opera
606 2378 690 2432 vel
722 2379 915 2437 invitos
943 2396 1090 2453 urget
1122 2402 1134 2437 :
1164 2387 1306 2456 quod
1330 2389 1375 2443 si
1398 2404 1583 2446 omnes
1608 2373 1791 2449 essent
1817 2398 1899 2451 di~

323 2468 477 2535 vites,
506 2485 692 2526 omnes
718 2475 877 2528 etiam
920 2476 973 2529 in
1011 2478 1121 2532 otio
1146 2480 1403 2548 viverent,
1434 2492 1594 2553 atque
1622 2486 1691 2540 ita
1722 2490 1898 2542 omnia

322 2574 536 2628 pessum
583 2562 739 2631 irent,
789 2575 843 2621 et
892 2568 1023 2622 nihil
1066 2584 1171 2624 non
1220 2573 1435 2641 periret.
1479 2575 1743 2632 Praeterea
1788 2581 1900 2635 suis

321 2651 556 2719 ipsorum
582 2655 752 2711 verbis
772 2659 1010 2715 convinci
1042 2672 1284 2730 possunt,
1316 2672 1369 2718 et
1386 2665 1453 2720 ad
1482 2668 1747 2723 silentium
1775 2671 1901 2726 red-

321 2740 411 2809 igi.
459 2741 566 2797 Cur
602 2747 777 2807 enim.
823 2764 1039 2817 quaeso,
1080 2752 1173 2807 Dei
1215 2756 1598 2823 providentiam
1645 2763 1901 2816 accusas?

321 2847 512 2900 nempe
550 2836 691 2905 quod
718 2838 853 2893 alius
876 2840 1014 2909 plus,
1046 2844 1179 2899 alius
1199 2846 1373 2901 minus
1403 2851 1739 2917 pecuniarum
1768 2868 1894 2923 pos-

318 2922 474 2977 sidet.
518 2924 653 2991 Quid
699 2930 846 2983 tum?
890 2932 934 2986 si
976 2933 1029 2987 in
1069 2936 1358 3005 majoribus
1396 2941 1575 3007 rebus,
1624 2951 1678 2997 et
1704 2922 1896 3014 quibus

317 3015 421 3068 vita
451 3027 629 3071 nostra
656 3030 882 3088 constat,
917 3039 1069 3092 pares
1093 3041 1212 3082 esse
1233 3044 1418 3085 omnes
1448 3031 1691 3088 homines
1718 3046 1897 3091 osten-

316 3107 462 3171 dam,
509 3125 729 3167 necesse
775 3115 877 3168 erit
916 3126 974 3170 ut
1004 3133 1098 3186 per
1135 3121 1309 3174 omnia
1354 3122 1583 3179 divinam
1619 3129 1896 3196 provnden-

316 3199 442 3253 tiam
476 3204 756 3271 approbes.
781 3205 913 3261 Nam
941 3210 984 3263 si
1014 3210 1137 3266 inde
1164 3213 1369 3283 colligis
1398 3217 1593 3271 nullam
1620 3234 1739 3273 esse
1772 3237 1896 3290 pro-

315 3290 621 3359 videntiam,
651 3297 787 3365 quod
817 3314 921 3352 una
946 3300 998 3354 in
1020 3317 1079 3356 re
1106 3304 1279 3373 potior
1302 3306 1371 3360 sit
1395 3307 1614 3363 divitum
1637 3312 1890 3377 conditio,

313 3382 557 3439 videlicet
585 3389 853 3455 pecuniis;
886 3391 929 3445 si
954 3403 1282 3462 compertum
1312 3396 1466 3452 fuerit
1492 3414 1678 3456 omnes
1710 3419 1891 3473 aequa-

312 3476 435 3532 liter
472 3481 651 3546 potiri,
678 3496 784 3536 non
811 3498 914 3537 una
942 3499 1023 3552 re,
1051 3500 1223 3556 neque
1254 3496 1359 3542 tam
1385 3490 1494 3555 vili,
1532 3492 1625 3546 sed
1653 3495 1891 3562 pluribus

311 3577 367 3622 et
391 3571 559 3624 multo
593 3573 904 3641 majoribus,
934 3579 1269 3647 perspicuum
1298 3592 1379 3635 est
1408 3591 1459 3637 te
1487 3583 1609 3639 inde
1639 3586 1723 3640 vel
1755 3588 1888 3641 invi-

313 3669 423 3713 tum
451 3664 567 3731 cogi
593 3664 683 3718 Dei
714 3668 1057 3734 providentia:
1086 3670 1416 3740 adstipulari.

382 3753 462 3806 Αη
490 3755 605 3823 plus
631 3773 850 3827 paupere
887 3759 1020 3814 dives
1045 3761 1259 3827 habeat;
1279 3781 1483 3819 somnus
1527 3769 1728 3821 suavior
1755 3786 1888 3837 pau-

310 3845 450 3913 peri;
491 3845 726 3901 ualetudo
756 3867 998 3921 prospera
1024 3869 1165 3922 (eque
1203 3856 1433 3911 divitibus
1475 3868 1520 3911 et
1548 3863 1889 3931 pauperibus;

314 3939 495 4006 funera
538 3939 747 3993 divitum
790 3951 835 3995 et
874 3961 1176 4014 pauperum.
1204 3977 1278 3987 —
1314 3949 1446 4018 Age,
1493 3951 1558 4005 ad
1594 3967 1654 4007 ea
1698 3955 1888 4024 quibus

309 4038 489 4084 nostra
524 4031 629 4084 vita
676 4042 904 4102 constat,
954 4051 1200 4094 sermone
1249 4041 1671 4111 progrediamur,
1717 4061 1887 4116 eaque

307 4121 589 4191 diligenter
629 4123 973 4193 inquiramus,
1018 4138 1071 4182 et
1117 4128 1389 4185 videamus
1435 4147 1501 4186 an
1543 4133 1595 4188 in
1640 4135 1741 4189 illis
1770 4137 1887 4206 plus

308 4228 542 4282 paupere
569 4216 717 4271 dives
743 4218 951 4273 habeat.
980 4220 1129 4287 Puta,
1157 4222 1306 4277 dives
1337 4225 1494 4280 habet
1514 4226 1765 4282 Thasium
1785 4230 1883 4301 (a),

307 4314 364 4358 ct
391 4307 526 4360 alios
559 4308 752 4363 multos
774 4318 886 4365 arte
908 4314 1179 4367 confectos
1206 4323 1360 4383 potus
1389 4325 1444 4371 et
1467 4317 1533 4371 ad
1560 4319 1883 4388 voluptatem

305 4398 551 4451 conditos
576 4417 589 4455 :
618 4410 673 4453 at
702 4399 873 4455 fontes
898 4417 1152 4471 aquarum
1172 4406 1417 4461 omnibus
1448 4419 1574 4463 sunt
1599 4412 1878 4480 propositi,

307 4497 412 4541 tam
442 4491 763 4559 pauperibus
789 4507 946 4561 quam
976 4493 1244 4550 divitibus.
1277 4496 1457 4552 Risisti
1492 4497 1635 4554 forte
1663 4501 1884 4556 audiens

305 4579 443 4634 hanc
467 4582 845 4651 aequalitatem.
873 4583 1008 4638 Audi
1040 4586 1201 4654 igitur
1228 4597 1423 4656 quanto
1452 4593 1791 4658 praestantior
1816 4594 1885 4647 sit

303 4672 495 4739 quovis
540 4672 666 4726 vino
713 4688 863 4740 aqua:
905 4685 1114 4744 natura,
1166 4678 1439 4750 magisque
1477 4682 1778 4737 necessaria
1830 4691 1884 4737 et

304 4765 487 4830 utilis;
518 4774 570 4819 et
602 4765 876 4819 revocabis
901 4775 1046 4820 tuam
1074 4770 1414 4837 sententiam,
1450 4786 1709 4841 verasque
1749 4788 1882 4843 pau-

303 4871 489 4925 perum
530 4856 739 4911 divitias
767 4857 1049 4925 intelliges.
1080 4858 1212 4912 Nam
1246 4861 1371 4914 vino
1398 4861 1611 4931 quidem
1650 4862 1877 4928 sublato,

305 4964 411 5002 non
439 4963 687 5018 magnum
710 4949 869 5003 fuerit
886 4949 1258 5005 detrimentum
1286 4962 1638 5023 praeterquam
1660 4954 1880 5009 infirmis

301 5040 431 5094 solis
456 5058 468 5092 :
490 5041 537 5094 si
564 5043 680 5111 quis
711 5050 888 5097 autem
916 5040 1083 5095 fontes
1108 5044 1382 5098 sustulerit
1408 5052 1463 5099 et
1488 5060 1744 5115 aquarum
1771 5046 1880 5100 ele-

303 5147 564 5203 mentum,
588 5137 746 5191 vitam
765 5153 976 5193 omnem
999 5146 1233 5192 nostram
1258 5137 1595 5203 subvenerit,
1619 5146 1674 5194 et
1693 5153 1879 5194 omnes

304 5228 595 5296 perdiderit
622 5238 800 5283 artes:
832 5246 895 5286 ac
925 5245 993 5285 ne
1018 5229 1233 5285 biduum
1263 5230 1475 5300 quidem
1506 5231 1698 5286 durare
1726 5240 1879 5302 pote-

301 5319 490 5384 rimus,
533 5320 628 5374 sed
675 5321 850 5374 statim
893 5336 1079 5377 omnes
1125 5322 1413 5377 moriemur
1446 5330 1619 5378 morte
1647 5321 1874 5393 quadam

305 5412 592 5467 miserabili
619 5423 777 5482 atque
807 5415 1134 5483 gravissima.

370 5507 425 5559 4.
465 5504 522 5558 1η
552 5505 867 5560 necessariis
894 5506 1069 5576 itaque
1102 5506 1263 5561 rebus
1289 5505 1479 5574 quibus
1509 5506 1616 5561 vita
1643 5516 1871 5573 constat,

295 5610 499 5667 panper
526 5611 631 5651 non
659 5606 742 5651 est
784 5595 1019 5662 inferior,
1049 5597 1177 5663 imo,
1222 5596 1267 5651 si
1297 5597 1490 5651 mirum
1515 5597 1763 5667 quiddam
1793 5600 1875 5654 di-

295 5689 524 5744 cendum
552 5695 658 5757 est,
698 5696 912 5758 superat
938 5689 1098 5743 etiam
1137 5688 1373 5744 divitem.
1407 5689 1598 5745 Multos
1627 5691 1768 5746 enim
1790 5691 1871 5747 di-

360 5822 431 5886 (a)
463 5824 847 5897 celeberrimum
871 5832 977 5874 erat
995 5824 1218 5897 Thasium
1253 5825 1434 5889 vinum,
1458 5831 1513 5877 ut
1550 5824 1719 5879 videas
1742 5826 1869 5890 apud

292 5885 683 5948 Aristophanem,
708 5887 941 5948 Plautum,
966 5892 1018 5938 et
1040 5886 1173 5937 alios.

1613 441 1699 496 DE
1738 440 1920 495 ANNA
1958 439 2191 499 SERMO
2229 443 2293 498 V.

3505 475 3610 535 674

2022 557 2161 614 vites
2214 561 2487 619 cernimus
2542 576 2759 638 propter
2814 570 3033 630 delicias
3072 580 3502 655 valetudinarios,
3549 596 3612 641 ut

2022 648 2308 718 plurimum
2353 670 2503 725 aqua:
2546 668 2669 726 potu
2709 662 2974 720 abstinere
3008 684 3021 719 :
3053 681 3251 736 pauper
3287 648 3498 735 autem'
3512 696 3614 752 per

2022 747 2186 795 totam
2232 744 2388 799 vitam
2434 746 2514 801 his
2555 750 2769 806 ﬂuentis
2796 755 2961 811 libere
3000 757 3209 825 fruitur,
3241 744 3613 835 tamquamad

2022 833 2197 886 mellis
2228 833 2422 902 fontes,
2452 840 2516 891 ad
2558 854 2814 909 aquarum
2839 861 3059 904 currens
3087 850 3306 910 rivulos.
3337 833 3606 916 sinceram

2023 922 2148 977 inde
2190 935 2242 978 et
2275 942 2458 994 puram
2494 945 2840 1000 percepturus
2872 938 3213 1007 voluptatem.
3245 945 3378 1012 Quid
3423 960 3600 1004 autem
3634 978 3635 987 ι

2020 1014 2156 1084 ignis
2183 1020 2415 1071 natura?
2444 1036 2619 1078 nonne
2651 1024 2911 1081 thesauris
2933 1031 3224 1089 innumeris
3265 1039 3462 1103 utilior,
3494 1040 3596 1095 hu-
3626 1084 3631 1090 .

2019 1106 2297 1176 manisque
2320 1108 2516 1164 divitiis
2550 1115 2829 1169 omnibus?
2859 1118 2926 1173 Et
2956 1120 3042 1175 hic
3079 1139 3290 1194 quoque
3318 1130 3596 1186 thesaurus

2017 1211 2084 1250 ex
2113 1213 2265 1268 {equo
2290 1200 2436 1255 diviti
2464 1204 2663 1272 pariter
2680 1222 2743 1262 ac
2774 1213 2989 1279 pauperi
3018 1219 3322 1285 propositus
3341 1232 3440 1276 est.
3467 1224 3597 1293 Quae

2015 1301 2143 1341 vero
2171 1291 2403 1345 nascitur
2432 1294 2498 1348 ab
2534 1310 2658 1350 aere
2703 1301 3014 1369 corporibus
3044 1308 3236 1361 nostris
3282 1291 3502 1379 utilitas,
3538 1323 3597 1371 et

2015 1378 2103 1433 lux
2133 1382 2342 1447 solaris,
2375 1387 2628 1455 numquid
2673 1389 2924 1447 divitibus
2966 1398 3134 1467 magis
3159 1415 3315 1469 quam
3346 1408 3592 1474 pauperi-

2014 1468 2113 1524 bus
2138 1472 2439 1539 exhibetur,
2471 1487 2525 1530 et
2553 1494 2668 1532 eam
2692 1481 2767 1535 illi
2796 1494 3039 1552 quatuor,
3072 1489 3123 1542 hi
3156 1468 3357 1548 duobus
3385 1468 3589 1552 tantum

2017 1562 2184 1614 oculis
2206 1564 2421 1618 vident?
2445 1565 2547 1621 Sed
2568 1584 2739 1638 neque
2761 1572 2860 1627 hoc
2884 1577 3160 1647 quisquam
3184 1581 3362 1639 dicere
3384 1596 3585 1654 potest:

2012 1655 2220 1723 utrique
2243 1657 2382 1710 enim
2416 1661 2525 1727 pari
2556 1677 2803 1717 mensura
2825 1680 2886 1720 ea
2910 1669 3250 1735 perfruuntur
3282 1692 3296 1727 :
3326 1678 3431 1730 imo
3458 1694 3587 1735 vero

2010 1755 2065 1798 et
2094 1744 2181 1799 hic
2207 1763 2493 1817 pauperum
2526 1742 2700 1820 partes
2736 1766 2855 1809 sunt
2882 1760 3134 1827 potiores,
3158 1775 3353 1833 quanto
3378 1777 3433 1823 et
3458 1786 3585 1825 sen-

2010 1851 2101 1892 sus
2127 1838 2323 1893 habent
2352 1844 2667 1911 vegetiores,
2718 1857 2773 1900 et
2800 1852 3091 1907 acutiorem
3120 1859 3351 1925 oculum,
3394 1870 3450 1915 et
3480 1866 3582 1918 vim

2010 1930 2333 1999 percipiendi
2379 1940 2820 2002 prmstantiorcm.
2864 1941 3197 2013 Quapropter
3236 1960 3288 2003 et
3324 1955 3581 2009 veriorem

2010 2017 2258 2075 hauriunt
2282 2024 2628 2093 voluptatem,
2672 2037 2724 2082 et
2751 2039 3112 2088 creaturarum
3142 2044 3585 2112 contemplatione

2008 2111 2176 2177 magis
2197 2112 2542 2169 delectantur.
2573 2117 2685 2172 Non
2715 2120 2766 2173 in
2797 2123 2923 2177 solis
2957 2137 3133 2182 autem
3161 2111 3458 2200 elementis,
3487 2140 3579 2193 sed

2008 2200 2061 2255 in
2100 2204 2346 2258 omnibus
2384 2206 2500 2261 aliis
2528 2217 2731 2264 natura:
2761 2214 3085 2280 muneribus,
3134 2220 3351 2276 multam
3378 2227 3583 2285 videbis

2007 2296 2390 2364 mqualitatem,
2442 2300 2550 2353 imo
2602 2305 3001 2373 prterogativam
3054 2310 3210 2364 etiam
3264 2328 3577 2384 pauperum.

2005 2384 2136 2438 Nam
2178 2402 2396 2443 somnus
2425 2390 2671 2445 omnibus
2700 2392 2907 2451 deliciis
2933 2398 3147 2454 suavior
3185 2406 3453 2475 magisque
3480 2426 3578 2465 ne-

2005 2480 2290 2544 cessarius,
2336 2482 2588 2551 omnique
2641 2484 2821 2539 utilior
2865 2489 3209 2554 nutrimento,
3260 2498 3578 2564 pauperibus

2003 2576 2085 2621 est
2111 2583 2267 2637 quam
2298 2569 2548 2625 divitibus
2592 2572 2796 2628 facilior
2828 2594 2840 2628 :
2870 2591 3044 2647 neque
3070 2595 3197 2635 vero
3230 2583 3433 2638 facilior
3460 2595 3579 2642 tan-
3636 2628 3639 2633 -

2006 2667 2137 2723 tum,
2170 2660 2262 2713 sed
2292 2662 2451 2715 etiam
2481 2661 2757 2718 sincerior.
2784 2665 2864 2720 Illi
2898 2669 3061 2734 enim,
3085 2680 3141 2725 ut
3166 2674 3252 2741 qui
3281 2674 3333 2728 in
3373 2676 3576 2734 deliciis

2003 2747 2220 2819 degunt,
2263 2750 2382 2805 cibo
2422 2750 2638 2821 famem,
2682 2763 2809 2823 potu
2850 2758 3013 2824 sitim,
3062 2775 3250 2817 somno
3277 2763 3572 2824 dormiendi

2002 2842 2369 2897 necessitatem
2407 2846 2755 2912 praeveniunt,
2787 2856 2944 2917 atque
2986 2850 3057 2904 ita
3086 2866 3297 2907 omnem
3326 2858 3571 2926 volupta-

2001 2942 2106 2988 tem
2156 2936 2256 2989 sibi
2292 2937 2668 3006 intercipiunt:
2703 2954 2810 2994 non
2854 2942 2995 2994 enim
3037 2944 3257 3012 perinde
3287 2945 3339 3000 in
3387 2957 3570 3005 natura

2001 3025 2245 3090 istorum,
2274 3037 2433 3096 atque
2461 3028 2511 3081 in
2552 3044 2651 3083 usu
2681 3032 3005 3098 necessario,
3038 3033 3279 3104 voluptas
3307 3040 3567 3095 consiSIit.

1996 3114 2113 3169 Non
2146 3116 2218 3170 ita
2243 3116 2473 3172 delectat
2500 3119 2677 3173 vinum
2708 3120 2984 3191 ipsumque
3008 3137 3168 3177 suave
3196 3127 3342 3181 olens
3363 3139 3568 3197 potare,

1997 3216 2056 3263 ut
2097 3210 2361 3265 sitientem
2402 3210 2583 3266 bibere
2610 3227 2835 3281 aquam;
2868 3229 2972 3269 non
3017 3216 3087 3271 ita
3115 3217 3382 3286 placentas
3411 3222 3570 3279 edere

1990 3302 2159 3370 juvat.
2193 3310 2250 3355 ut
2278 3302 2560 3356 esuriendo
2588 3304 2828 3373 quemvis
2856 3304 3030 3360 cibum
3071 3321 3314 3375 sumere;
3344 3327 3450 3366 non
3495 3315 3566 3369 ita

1996 3394 2140 3454 molli
2165 3393 2361 3448 cubare
2383 3402 2568 3458 strato,
2594 3404 2976 3465 utoppressum
3003 3412 3190 3457 somno
3208 3401 3389 3469 jacere
3414 3421 3427 3457 :
3449 3421 3567 3474 quae

1994 3483 2171 3536 omnia
2195 3484 2364 3554 magis
2387 3484 2524 3552 apud
2550 3499 2809 3554 pauperes
2834 3494 2977 3553 sunt,
3008 3503 3164 3557 quam
3190 3491 3326 3561 apud
3350 3492 3565 3550 divites.

1994 3574 2122 3641 Quae
2172 3589 2297 3629 vero
2349 3574 2616 3643 pertinent
2669 3575 2736 3629 ad
2790 3576 3030 3646 corporis
3082 3579 3453 3649 valetudinem,
3511 3594 3570 3640 et

1991 3678 2204 3719 omnem
2234 3664 2392 3719 aliam
2422 3665 2612 3719 bonam
2642 3663 3028 3735 habitudinem,
3054 3684 3230 3725 nonne
3263 3676 3560 3728 communia

1991 3766 2117 3813 sunt
2144 3757 2395 3813 divitibus
2413 3773 2564 3828 teque
2582 3766 2740 3828 atque
2767 3760 3123 3827 pauperibus?
3143 3763 3223 3815 An
3246 3778 3369 3817 vero
3390 3764 3565 3823 dicere

1992 3851 2249 3921 quispiam
2292 3859 2466 3920 potest
2491 3850 2618 3904 illud
2663 3858 2752 3903 aut
2794 3849 3096 3916 ostendere,
3138 3853 3277 3921 quod
3307 3870 3562 3923 pauperes

1990 3956 2203 4011 semper
2240 3950 2515 4009 mgrotent,
2558 3940 2750 3995 divites
2789 3955 3002 4010 semper
3047 3957 3295 4012 prOSpera
3348 3955 3562 4002 utantur

1991 4032 2337 4088 valetudine?
2383 4031 2718 4087 Contrarium
2746 4031 2959 4100 quidem
2985 4032 3164 4087 videre
3192 4034 3334 4100 licet,
3374 4052 3563 4107 paupe-

1989 4142 2077 4182 res
2105 4142 2208 4181 non
2236 4125 2392 4181 facile
2423 4124 2807 4180 insanabilibus
2832 4125 3033 4179 morbis
3061 4127 3197 4194 capi,
3220 4128 3313 4182 sed
3345 4131 3560 4187 morbos

1988 4219 2185 4288 passim
2201 4217 2254 4272 in
2272 4216 2494 4271 divitum
2515 4215 2826 4286 corporibus
2844 4218 3094 4287 grassari.
3118 4216 3271 4274 Certe
3293 4222 3559 4291 podagrae,

1987 4309 2321 4379 gravedines,
2348 4308 2724 4363 dissolutiones
2754 4322 3060 4373 nervorum,
3103 4318 3194 4362 aut
3230 4314 3556 4368 contractio-

1987 4418 2100 4465 nes,
2149 4402 2276 4455 varii
2321 4400 2495 4454 ﬂuxus
2530 4398 2702 4453 vitiosi
2744 4414 2808 4453 ac
2840 4401 3096 4469 corrupti;
3140 4400 3395 4458 delicatos
3436 4405 3559 4461 illos

1986 4493 2153 4560 magis
2180 4492 2448 4554 infestant,
2488 4505 2581 4545 eos
2601 4490 2690 4560 qui
2716 4498 2983 4559 unguenta
3017 4490 3182 4552 olent,
3214 4508 3318 4545 non
3346 4508 3439 4548 eos
3465 4499 3556 4565 qui

1986 4585 2228 4639 laborant
2255 4591 2310 4637 et
2349 4589 2682 4647 exercentur,
2725 4591 2781 4635 et
2808 4581 3114 4650 quotidiana
3146 4596 3305 4650 opera
3351 4585 3554 4641 victum

1985 4676 2087 4729 sibi
2116 4684 2320 4744 parant.

2054 4769 2107 4823 5.
2148 4767 2481 4835 Quapropter
2527 4763 2786 4818 mendicis
2841 4765 2999 4818 etiam
3051 4763 3351 4817 miseriores
3396 4769 3553 4827 sunt,

1983 4866 2244 4930 quotquot
2268 4858 2320 4912 in
2345 4857 2547 4912 deliciis
2574 4857 2792 4920 vivunt;
2818 4855 2871 4909 id
2901 4856 3039 4925 quod
3083 4870 3178 4907 nec
3206 4855 3300 4923 ipsi
3333 4853 3555 4908 inficiari

1982 4960 2220 5023 possunt.
2268 4950 2601 5021 Frequenter
2639 4950 2835 5019 quippe
2873 4949 3023 5001 dives
3062 4947 3202 5000 molli
3233 4948 3422 5001 lectulo
3464 4960 3555 4999 cu-

1981 5047 2135 5110 bans,
2159 5045 2298 5099 inter
2322 5040 2625 5096 omnimoda
2676 5054 2950 5094 servorum
2982 5052 3044 5091 ac
3067 5035 3375 5089 ancillarum
3406 5036 3555 5088 obse-

1980 5140 2124 5209 quia,
2153 5136 2332 5191 audito
2370 5134 2615 5203 mendico
2642 5147 2737 5202 per
2773 5132 2943 5185 vicum
2986 5129 3218 5183 clamore
3249 5141 3435 5195 panem
3465 5140 3555 5194 pe-

1982 5240 2125 5287 tente
2152 5228 2428 5299 ingemuit,
2455 5236 2653 5282 etcum
2680 5222 2928 5292 lacrymis
2951 5227 3195 5288 precatus
3223 5227 3322 5281 est,
3349 5226 3401 5270 ut
3436 5216 3553 5269 talis

1980 5324 2152 5391 ﬁeret,
2183 5318 2472 5376 dummodo
2511 5332 2693 5380 sanus,
2720 5314 2896 5384 potius
2938 5326 3093 5381 quam
3127 5312 3176 5363 in
3216 5307 3418 5363 deliciis
3453 5305 3551 5362 ad-

1980 5432 2137 5472 versa
2178 5415 2443 5469 laboraret
2487 5409 2808 5465 valetudine.
2853 5405 2962 5460 Nec
3009 5412 3208 5457 tantum
3244 5401 3546 5455 valetudine

1976 5510 2137 5575 bona,
2168 5506 2261 5562 sed
2287 5504 2452 5577 prolis
2476 5506 2634 5557 etiam
2665 5499 2934 5563 felicitate,
2968 5494 3155 5549 divites
3185 5492 3349 5546 nihilo
3379 5491 3540 5559 potio-

1975 5616 2063 5657 res
2087 5598 2289 5663 videas,
2322 5611 2480 5667 quam
2505 5606 2795 5664 pauperes;
2824 5588 2917 5643 sed
2943 5586 3223 5654 utrobique
3244 5581 3549 5636 indifferen-

1978 5704 2057 5749 ter
2084 5699 2175 5749 aut
2199 5691 2398 5747 uttllam
2426 5697 2517 5742 aut
2541 5697 2877 5740 numerosam
2911 5678 3146 5735 sobolem
3178 5695 3187 5726 :
3220 5676 3346 5746 quin
3369 5673 3547 5747 potius

1974 5796 2029 5841 et
2060 5785 2159 5839 hac
2190 5791 2340 5854 parte
2368 5780 2585 5835 divitem
2614 5775 2795 5829 videas
2822 5771 3145 5827 inferiorem.
3180 5767 3383 5835 Pauper
3398 5765 3545 5821 enim

1975 5878 2098 5935 licet
2131 5887 2279 5947 pater
2319 5888 2422 5928 non
2466 5868 2578 5937 fiat,
2626 5866 2766 5920 haud
2807 5863 3030 5918 multum
3069 5858 3229 5916 sentit
3254 5860 3497 5913 dolorem
