4038 6360
392 453 499 510 675

397 573 545 629 dives
575 574 753 626 aniem
782 574 982 638 quanto
1025 564 1195 633 magis
1237 570 1446 617 auctam
1475 573 1590 615 rem
1631 557 1799 623 videt,
1831 563 1983 612 tanto

396 662 567 733 magis
590 661 818 717 orbitate
852 657 1081 725 angitur,
1117 669 1227 725 prae
1251 652 1466 710 heredis
1486 650 1754 707 desiderio
1785 649 1985 733 nullam

394 754 632 808 sentiens
656 751 1002 818 voluptatem.
1050 746 1114 800 Et
1156 744 1405 815 pauperis
1432 741 1647 812 quidem
1694 739 1982 803 hereditas,

399 846 522 900 licet
547 841 661 896 sine
688 840 872 895 liberis
899 836 1146 899 decedat,
1168 852 1289 890 cum
1316 841 1534 904 propter
1561 832 1852 887 exilitatem
1879 846 1985 884 non

395 937 464 990 sit
484 934 827 989 contentione
857 932 1035 1000 digna,
1068 929 1133 983 ad
1164 928 1365 983 amicos
1389 925 1577 980 transit
1604 934 1761 993 atque
1791 939 1987 993 cogna-

398 1038 480 1082 tos
512 1044 525 1080 :
555 1025 737 1080 divitis
778 1035 978 1087 autem,
1021 1038 1087 1075 eo
1112 1019 1249 1089 quod
1284 1018 1567 1073 multorum
1595 1021 1660 1070 ad
1706 1030 1764 1071 se
1791 1015 1988 1069 alliciat

395 1118 600 1183 oculos,
642 1133 747 1173 non
776 1132 898 1171 raro
928 1116 991 1169 ad
1029 1113 1274 1168 inimicos
1298 1112 1533 1167 defuncti
1557 1110 1774 1165 devenit
1806 1127 1818 1163 :
1843 1107 1986 1179 quod

394 1227 517 1265 eum
544 1211 636 1267 ille
661 1210 845 1263 vivens
873 1208 924 1262 in
951 1207 1072 1261 aliis
1096 1205 1208 1260 ﬁeri
1233 1204 1431 1269 Videat,
1456 1203 1616 1257 vitam
1645 1202 1789 1272 degit
1813 1210 1987 1256 morte

400 1301 791 1365 molestiorem,
822 1300 875 1353 in
910 1314 970 1353 se
999 1312 1211 1368 quoque
1241 1303 1556 1364 exspectans
1602 1294 1743 1348 idem
1790 1292 1985 1347 factum

400 1393 485 1447 iri.
514 1392 669 1461 Quod
700 1401 874 1445 autem
905 1390 970 1445 ad
1001 1398 1231 1445 mortem
1260 1389 1472 1453 attinet,
1506 1401 1684 1441 nonne
1706 1396 1760 1441 et
1781 1384 1871 1439 hic
1898 1400 1989 1439 ea-

395 1485 515 1539 dem
547 1484 854 1554 :rqualitas?
881 1499 1060 1539 nonne
1106 1492 1212 1538 tam
1245 1482 1499 1538 divitibus
1540 1496 1703 1552 quam
1731 1481 1984 1550 pauperi-

310 1606 317 1609 -
395 1576 497 1630 bus
540 1576 839 1628 immaturae
881 1582 1082 1628 mortes
1121 1571 1408 1627 accidunt?
1451 1580 1610 1642 atque
1657 1572 1819 1625 etiam
1868 1579 1987 1640 post

397 1679 624 1721 mortem
670 1680 778 1720 non
834 1674 939 1719 tam
977 1665 1058 1718 his
1106 1680 1267 1735 quam
1304 1664 1408 1718 illis
1454 1662 1705 1718 omnibus
1741 1662 1987 1717 similiter

398 1772 590 1827 corpus
620 1755 950 1818 dissolvitur,
988 1754 1273 1825 favillaque
1302 1753 1360 1808 llt
1385 1763 1440 1808 et
1470 1754 1662 1823 pulvis,
1694 1762 1749 1808 et
1775 1767 1985 1807 vermes

397 1849 603 1920 gignit?
632 1849 700 1902 At
724 1846 978 1902 funeralia
1007 1861 1341 1917 nequaquam
1369 1846 1584 1900 similia.
1616 1844 1722 1900 Sed
1747 1860 1864 1915 quae
1886 1843 1987 1898 uli-

399 1941 699 1997 Iitas?Cnm
722 1942 865 1995 enim
883 1938 1135 1995 defuncto
1158 1939 1380 1993 multam
1407 1940 1762 1993 substraveris
1783 1945 1982 1991 vestem

400 2035 686 2102 pretiosam
717 2042 771 2087 et
808 2045 1069 2097 auratam,
1100 2032 1230 2086 nihil
1262 2030 1404 2086 aliud
1441 2031 1544 2086 nisi
1571 2031 1826 2100 majorem
1859 2030 1985 2084 invi-

389 2126 537 2180 diam
567 2134 622 2181 et
660 2123 1089 2179 criminationem
1122 2124 1383 2188 attuleris,
1432 2132 1487 2177 ct
1512 2122 1769 2177 adversus
1797 2120 1987 2176 defun-

394 2226 537 2269 ctum
559 2215 804 2269 omnium
830 2230 923 2269 ora
949 2214 1243 2284 aperueris,
1274 2221 1329 2268 et
1358 2213 1664 2268 innumeras
1688 2214 1733 2268 ei
1765 2228 1987 2283 parave-

395 2306 471 2360 ris
524 2305 943 2369 maledietiones,
999 2314 1053 2359 et
1095 2304 1333 2358 avaritiae
1375 2303 1797 2370 criminationes,
1855 2302 1981 2357 dum

395 2395 589 2464 singuli
632 2403 952 2464 rumpuntur
996 2393 1383 2464 indignatione,
1425 2402 1481 2448 et
1519 2402 1789 2448 mortuum
1830 2409 1984 2450 exse-

395 2493 628 2549 crantur,
655 2486 742 2555 qui
772 2501 839 2539 ne
857 2485 1197 2555 postobitum
1229 2484 1442 2553 quidem
1474 2484 1708 2539 insanire
1738 2485 1789 2538 in
1822 2501 1983 2555 pecu-

397 2575 514 2629 nias
542 2574 817 2630 desiverit.
850 2575 961 2629 Huc
991 2574 1190 2629 accedit
1222 2574 1363 2629 aliud
1391 2574 1610 2641 malum,
1639 2574 1780 2645 quod
1806 2575 1983 2631 furum

394 2664 538 2719 oculi
560 2664 857 2719 irritantur.
890 2665 1071 2735 Itaque
1097 2679 1203 2735 quo
1239 2665 1410 2734 major
1436 2672 1520 2719 est
1545 2665 1743 2732 cultus,
1774 2681 1841 2721 eo
1870 2683 1984 2721 ma-

393 2754 529 2824 joris
552 2756 628 2811 illi
661 2755 718 2810 ﬂt
747 2757 959 2811 occasio
989 2756 1347 2811 contumeliae.
1380 2756 1640 2827 Pauperis
1660 2759 1802 2812 enim
1824 2759 1985 2813 cada-

396 2861 493 2903 ver
517 2862 677 2904 nemo
700 2848 934 2918 spoliare
963 2856 1135 2913 curat,
1181 2848 1293 2917 ipsa
1322 2847 1751 2904 indumentorum
1779 2851 1983 2907 vilitate

401 2947 595 2993 tutum.
626 2939 723 2994 Hic
754 2948 930 2993 autem
962 2940 1145 2994 obices
1178 2949 1233 2993 et
1273 2954 1429 3006 serae,
1459 2940 1600 2993 iores
1624 2949 1787 3009 atque
1813 2951 1985 2995 custo-

396 3029 513 3095 des,
544 3030 721 3085 omnia
770 3030 1039 3085 incassum
1084 3029 1428 3095 adhibentur,
1474 3045 1597 3085 cum
1636 3032 1981 3101 pecuniarum

396 3122 651 3179 aviditate
675 3124 808 3178 nihil
840 3139 943 3179 non
985 3124 1237 3191 audeant,
1268 3125 1355 3195 qui
1397 3125 1591 3179 talibus
1620 3126 1899 3181 maleﬁciis
1923 3142 1981 3181 se

396 3215 814 3271 assuefecerunt.
843 3216 1023 3288 Itaque
1049 3218 1217 3286 major
1244 3217 1414 3271 honor
1441 3216 1691 3272 defuncto
1727 3219 1982 3287 majorem

399 3305 564 3362 infert
592 3307 875 3377 injuriam;
909 3318 964 3363 et
992 3309 1054 3374 is,
1082 3309 1167 3363 cui
1196 3307 1315 3362 vilia
1347 3308 1603 3363 finieralia
1643 3310 1979 3379 contingunt,

1177 446 1235 502 S.
1267 443 1544 502 JOANNIS
1581 440 1960 500 CHRYSOS'I'.
2004 435 2328 497 ARCHIEP.
2357 435 2895 499 CONSTANTINOP.
3581 450 3651 503 9:7

2090 555 2234 625 jacet
2260 554 2517 610 inviolato
2552 556 2783 625 sepulcri
2806 556 3011 611 honore
3039 576 3051 611 :
3083 558 3166 612 cui
3193 573 3321 614 vero
3344 562 3611 631 pretiosa,
3641 565 3688 619 is

2092 648 2352 717 Spoliatur
2379 657 2432 704 et
2458 648 2879 716 dehonestatur;
2912 660 3002 705 aut
3026 653 3070 705 si
3098 652 3200 708 hoc
3230 653 3516 710 ludibrium
3555 672 3687 711 eva-

2093 741 2205 808 dat,
2237 756 2307 796 ne
2335 741 2413 797 sic
2455 741 2671 811 quidem
2700 743 2877 812 potior
2904 744 3027 811 erit,
3072 745 3170 800 nisi
3203 747 3345 816 quod
3374 749 3542 817 major
3566 765 3692 804 cor-

2094 834 2271 903 ruptio
2297 834 2410 901 ﬁet,
2431 836 2735 905 largiusque
2761 836 2930 890 vermi
2959 837 3229 905 pabulum.
3265 841 3510 896 Harccine
3535 853 3686 911 sunt,

2090 941 2297 995 quaeso,
2328 927 2398 981 ob
2421 942 2540 996 qua:
2569 927 2753 981 beatos
2774 928 3169 996 prmdicemtts?
3197 930 3263 984 Et
3293 933 3413 1001 quis
3439 944 3523 988 est
3544 935 3688 989 adeo

2094 1019 2275 1084 miser,
2307 1027 2467 1088 atque
2496 1035 2851 1085 aerumnosos,
2884 1029 2942 1073 ut
2968 1021 3035 1075 ob
3061 1021 3174 1076 hzec
3202 1022 3471 1079 hominem
3493 1029 3687 1081 existi-

2095 1120 2202 1164 met
2233 1111 2430 1165 invidia
2478 1112 2735 1181 dignum?
2766 1112 2960 1167 Verum
3000 1129 3105 1167 non
3136 1114 3248 1168 lucc
3277 1117 3471 1178 solum,
3500 1120 3596 1173 sed
3631 1131 3690 1175 et

2092 1203 2191 1257 alia
2235 1202 2443 1272 singula
2487 1212 2887 1273 percurrentes,
2931 1204 3318 1275 diligenterque
3358 1218 3686 1274 scrutantes,

2094 1308 2354 1363 pauperes
2395 1293 2650 1348 divitibus
2683 1296 3072 1363 pr:eponeudos
3101 1299 3515 1367 comperiemus.
3550 1300 3683 1356 Ilaec

2092 1384 2250 1454 igitur
2294 1386 2573 1455 diligenter
2623 1388 3062 1453 considerantes,
3116 1397 3170 1442 et
3220 1389 3339 1442 aliis
3393 1403 3681 1447 narrantes

2090 1474 2310 1548 (dicitur
2340 1479 2506 1543 enim,
2538 1476 2621 1531 Da
2664 1480 2879 1546 sapienti
2910 1481 3243 1547 occasionem,
3275 1491 3322 1535 et
3346 1484 3440 1536 erit
3472 1488 3688 1557 sapien~

2092 1568 2189 1621 tior
2215 1567 2393 1640 [Prov.
2424 1569 2477 1624 9.
2511 1569 2624 1641 9]),
2658 1580 2712 1624 et
2735 1570 2861 1625 illud
2890 1573 3143 1627 cootinuc
3166 1574 3459 1645 retinentes
3480 1593 3691 1632 memo-

2090 1658 2191 1723 ria,
2217 1659 2559 1728 pecuniarum
2584 1662 2794 1730 copiam
2822 1662 2954 1715 nihil
2982 1664 3211 1731 amplius
3239 1664 3433 1721 all‘erre
3461 1683 3681 1736 posset-

2091 1750 2323 1815 soribus,
2349 1766 2507 1819 quam
2543 1767 2719 1816 curas,
2752 1752 3158 1819 sollicitudines,
3203 1758 3444 1823 timores,
3494 1768 3550 1813 et
3588 1775 3689 1829 pe-

2091 1840 2254 1894 ricula
2290 1859 2301 1894 :
2340 1842 2512 1895 nihilo
2567 1843 2887 1899 deteriorem
2943 1862 3098 1913 quam
3156 1848 3377 1902 divitum
3438 1863 3685 1906 nostram

2090 1932 2449 1988 conditionem
2495 1943 2762 2003 putemus.
2797 1936 2851 1990 Si
2880 1938 3020 1990 enim
3067 1939 3559 2007 advigilaverimus,
3592 1959 3688 2012 po-

2093 2022 2254 2077 tiorcs
2280 2024 2440 2077 etiam
2481 2036 2659 2095 partes
2690 2026 3020 2090 habebinms,
3070 2040 3176 2083 tum
3209 2033 3256 2084 in
3296 2031 3453 2099 hujus
3496 2038 3683 2090 muli

2092 2115 2269 2178 rebus,
2304 2132 2460 2184 quam
2492 2117 2540 2169 in
2573 2117 2786 2171 divinis.
2829 2117 2961 2171 Nam
3007 2130 3060 2174 et
3089 2123 3413 2190 voluptatem
3444 2135 3497 2178 et
3522 2140 3688 2180 secu-

2091 2207 2324 2269 ritatem,
2354 2208 2655 2278 bonamque
2685 2208 2878 2266 famam
2924 2227 2987 2265 ac
3026 2213 3406 2279 valetudinem,
3448 2226 3559 2271 tum
3601 2229 3687 2272 re-

2089 2307 2228 2351 ctam
2260 2298 2470 2353 vivendi
2514 2301 2800 2367 rationem,
2846 2316 2997 2371 spent
3048 2305 3259 2369 bonam,
3308 2309 3683 2379 minoremque

2091 2391 2345 2461 peccandi
2390 2394 2729 2448 occasionem
2776 2396 2915 2465 apud
2969 2412 3233 2466 pauperes
3278 2401 3464 2469 magis,
3515 2418 3678 2470 quam

2091 2485 2230 2552 apud
2261 2484 2452 2539 divites
2495 2484 2757 2539 invenias.
2800 2486 2876 2540 Ne
2908 2490 3067 2557 igitur
3094 2506 3243 2543 more
3285 2507 3562 2546 servorum
3592 2494 3681 2548 in-

2088 2584 2363 2645 gratorum
2407 2592 2824 2646 murmuremus,
2876 2588 2968 2633 aut
3011 2580 3317 2636 incusemus
3369 2584 3678 2653 Dominum,

2088 2666 2183 2721 sed
2212 2682 2310 2738 pro
2335 2667 2584 2723 omnibus
2608 2670 2807 2739 gratias
2832 2685 3071 2740 agamus,
3102 2672 3233 2726 nihil
3262 2675 3459 2729 malum
3485 2675 3685 2731 ducen-

2092 2769 2174 2818 tes
2199 2760 2303 2816 nisi
2344 2770 2644 2831 peccatum,
2675 2764 2808 2818 nihil
2836 2764 3031 2819 bonum
3073 2766 3173 2820 nisi
3199 2767 3480 2836 justitiam.
3509 2768 3567 2823 Si
3596 2772 3683 2826 sic

2089 2855 2442 2923 senserimus,
2476 2871 2581 2921 non
2610 2857 2894 2928 :egritudo,
2935 2874 3041 2913 non
3082 2860 3282 2929 inopia,
3310 2878 3417 2917 non
3455 2864 3683 2934 ignomi-

2089 2946 2198 3012 nia,
2232 2946 2362 3001 nihil
2391 2946 2624 3013 denique
2668 2948 2845 3003 simile
2888 2950 3171 3005 molestum
3222 2952 3374 3007 nobis
3404 2956 3508 3008 erit
3536 2972 3550 3007 :
3582 2956 3682 3009 sed

2090 3052 2278 3107 puram
2328 3054 2392 3092 ex
2431 3038 2684 3095 omnibus
2732 3040 2892 3095 rebus
2937 3044 3295 3111 percipientes
3326 3045 3679 3116 voluptatem,

2090 3126 2269 3181 futura
2297 3142 2692 3198 consequemur
2718 3130 2878 3196 bona,
2924 3132 3093 3201 gratia
3132 3144 3185 3188 et
3214 3134 3539 3206 benignitate
3568 3140 3679 3194 Do-

2092 3220 2220 3274 mini
2250 3221 2416 3275 nostri
2444 3220 2572 3277 Jesu
2600 3222 2815 3288 Christi,
2845 3239 2965 3277 cum
2999 3241 3105 3295 quo
3129 3227 3269 3280 Patri
3297 3228 3489 3298 gloria,
3520 3228 3682 3287 simul

2088 3321 2142 3365 et
2168 3320 2354 3367 sancto
2381 3312 2623 3383 Spiritui,
2658 3313 2711 3367 iu
2744 3315 2935 3369 saecula
2974 3317 3312 3372 seculorum.
3347 3323 3535 3374 Amen.

1865 4078 2219 4145 MONITUM

495 4300 694 4359 Eodem
728 4316 841 4375 quo
878 4301 1191 4373 superiores
1217 4298 1520 4356 Sermones
1548 4312 1694 4353 anno
1717 4297 1820 4353 587
1857 4260 2283 4369 Chrysostomus
2310 4299 2410 4355 has
2438 4299 2506 4355 de
2537 4297 2740 4355 Davide
2768 4308 2823 4356 et
2862 4300 3027 4356 Saule
3062 4299 3315 4355 homilias
3355 4299 3575 4367 habuit,
3615 4312 3682 4356 ut

428 4418 685 4489 colligere
713 4428 796 4474 est
823 4431 892 4474 ex
924 4416 1160 4474 Homilia
1192 4418 1367 4489 prima
1394 4416 1462 4471 de
1491 4413 1696 4469 Davide
1718 4423 1772 4468 et
1801 4411 1984 4480 Saule,
2012 4427 2243 4468 numero
2273 4414 2327 4477 I,
2352 4413 2444 4468 ubi
2475 4413 2553 4468 ait
2580 4428 2641 4469 se
2665 4428 2841 4483 nuper
2867 4428 3176 4469 sermonem
3208 4412 3400 4470 fecisse
3430 4415 3497 4468 de
3526 4416 3683 4469 dehi-

423 4544 541 4589 tore
573 4534 760 4590 decem
789 4534 1018 4590 millium
1045 4534 1373 4589 talentorum
1405 4538 1460 4587 et
1484 4530 1791 4586 ostendisse
1815 4538 2080 4600 quantum
2112 4530 2315 4585 malum
2348 4539 2493 4585 esset
2518 4529 2848 4600 injuriarum
2875 4529 3204 4585 recordatio.
3236 4528 3330 4584 Illa
3359 4540 3541 4584 autem
3567 4531 3682 4585 IIo-

422 4648 571 4704 milia
601 4648 668 4704 de
687 4648 953 4715 debitore,
983 4656 1115 4713 etc.,
1145 4663 1267 4719 quae
1299 4647 1473 4717 prima
1498 4654 1583 4702 est
1609 4647 1662 4700 in
1691 4644 1863 4700 Τοιυο
1898 4644 2076 4710 tertio,
2100 4644 2287 4700 eodem
2321 4660 2467 4700 anno
2498 4645 2699 4715 scripta
2720 4654 2825 4708 est,
2844 4659 2954 4715 quo
2992 4660 3089 4715 per
3111 4654 3277 4699 totam
3310 4644 3681 4715 Quadragesi-

422 4774 566 4816 mam
588 4759 655 4814 de
672 4757 895 4813 vitando
915 4756 1227 4828 iuramento
1243 4768 1446 4826 egerat.
1474 4755 1524 4812 ls
1552 4764 1638 4812 est
1668 4771 1847 4812 annus
1874 4755 1999 4820 387,
2020 4765 2080 4811 ut
2101 4756 2338 4812 diximus
2360 4757 2414 4812 in
2428 4755 2630 4813 Monito
2662 4757 2881 4813 ibidem.
2913 4757 3067 4824 Quod
3086 4760 3270 4829 itaque
3289 4771 3677 4830 argumentum

423 4868 479 4924 in
508 4866 740 4925 homilia
769 4867 838 4924 de
858 4867 1103 4925 debitore
1132 4875 1392 4939 coeperat,
1416 4883 1609 4939 nempe
1635 4869 1704 4925 de
1731 4868 2053 4941 injuriarum
2078 4870 2457 4926 recordatione
2479 4872 2815 4943 depellenda,
2844 4872 3020 4944 deque
3047 4876 3363 4931 earumdem
3391 4879 3677 4933 condona-

415 5008 2212 5043 __________________________________.______.___

1024 5146 1304 5203 HOMILIA
1341 5146 1381 5201 I.

404 5284 479 5340 De
506 5284 702 5339 Davide
730 5293 779 5337 et
801 5283 976 5348 Saftie,
1001 5283 1160 5353 deque
1188 5282 1455 5336 tolerantia
1473 5320 1487 5349 ,
1514 5294 1563 5335 et
1605 5282 1743 5353 quod
1765 5289 1992 5353 oporteat

489 5378 707 5433 inimicis
730 5391 953 5447 parcere,
986 5391 1075 5430 nec
1096 5375 1158 5427 de
1181 5373 1465 5428 absentibus
1487 5374 1618 5428 male
1641 5374 1775 5443 loqui
1800 5373 1897 5446 (α).

476 5513 528 5569 Ι.
556 5512 775 5581 Quoties
804 5511 1006 5565 diutina
1048 5509 1311 5579 quaepiam
1358 5523 1422 5563 ac
1460 5508 1588 5563 dura
1639 5507 1841 5564 inﬂatio
1866 5524 1990 5565 eor-

402 5604 623 5675 poribus
657 5603 869 5658 inhaesit
886 5643 902 5669 ,
929 5609 1042 5655 tum
1068 5608 1121 5654 et
1145 5602 1304 5670 longo
1327 5609 1588 5670 tempore,
1615 5600 1887 5669 multoque
1912 5600 1992 5655 la-

404 5697 535 5753 bore
559 5737 574 5762 ,
597 5705 651 5751 et
692 5696 857 5749 multa
886 5695 1145 5764 sapientia
1176 5694 1227 5747 in
1259 5693 1604 5747 admovendis
1625 5694 1877 5750 remediis
1907 5704 1990 5750 est

402 5805 543 5860 opus
565 5829 581 5854 ,
607 5797 668 5843 ut
705 5787 962 5844 collectus
1008 5795 1188 5842 tumor
1227 5788 1426 5855 absque
1455 5787 1575 5840 vitae
1612 5788 1855 5855 periculo
1884 5786 1993 5843 dis-

456 5918 529 5981 (a)
552 5920 748 5974 Collata
776 5934 886 5973 cum
901 5920 1012 5972 Cod.
1037 5920 1187 5983 Regio
1212 5915 1351 5977 1975,
1376 5922 1493 5969 item
1512 5932 1621 5969 cum
1648 5919 1785 5970 I963.

2096 5154 2347 5209 solvatur.
2404 5156 2545 5213 Idem
2590 5161 2768 5218 videre
2810 5175 2891 5218 est
2939 5166 2991 5219 in
3038 5168 3236 5220 anima.
3276 5167 3496 5235 Quoties
3540 5171 3683 5225 enim

2091 5254 2287 5324 aliquis
2310 5256 2555 5311 morbum
2574 5299 2588 5323 ,
2617 5260 2705 5329 qui
2728 5260 2839 5330 jam
2868 5262 3076 5316 radices
3096 5262 3205 5331 egit
3230 5263 3280 5314 in
3312 5263 3510 5323 anima,
3546 5261 3686 5315 mul-

2098 5357 2257 5417 toque
2278 5357 2515 5419 tempore
2543 5361 2825 5407 concretus
2854 5354 2941 5415 sit,
2972 5352 3224 5407 radicitus
3242 5352 3475 5407 evelfere
3501 5352 3687 5405 volne-

2096 5442 2204 5506 rit,
2231 5455 2336 5495 non
2382 5441 2513 5497 satis
2556 5452 2638 5497 est
2672 5443 2739 5497 ad
2778 5445 3163 5499 correctionem
3196 5444 3353 5496 unius
3388 5444 3684 5497 duorumve

2097 5535 2304 5591 dierum
2360 5536 2653 5592 admonitio
2701 5552 2715 5589 :
2760 5552 2941 5591 verum
2985 5545 3196 5606 Oportet
3253 5536 3561 5605 frequenter
3620 5551 3685 5588 ae

2097 5629 2286 5685 diebus
2323 5628 2684 5699 compluribus
2716 5628 2850 5682 hanc
2876 5640 2990 5682 rem
3022 5636 3287 5682 tractare:
3312 5627 3356 5681 si
3386 5628 3546 5681 modo
3577 5640 3689 5681 non

2098 5722 2165 5778 ad
2187 5722 2530 5778 ambitionem
2560 5736 2622 5775 ac
2646 5721 2993 5789 voluptatem,
3025 5720 3121 5776 sed
3153 5720 3218 5774 ad
3250 5720 3476 5775 functum
3506 5730 3561 5772 et
3582 5720 3683 5772 uti~

2099 5815 2301 5870 litatem
2332 5828 2526 5869 munus
2553 5812 2655 5868 hoc
2678 5812 3069 5868 concionatoris
3092 5811 3293 5882 gesturi
3328 5825 3527 5865 sumus.
3562 5809 3686 5864 Ideo

2100 5908 2237 5962 sicut
2284 5905 2349 5963 de
2393 5903 2708 5976 juramentis
2748 5903 3002 5971 fecimus,
3056 5902 3236 5959 multis
3276 5901 3464 5958 ordine
3490 5898 3689 5956 diebus
