4038 6360
450 493 550 549 677

446 609 657 678 ἡμέρας
681 606 802 676 περὶ
830 604 927 674 τῆς
954 603 1118 672 αὐτῆς
1144 602 1449 662 ὑποθέσεως
1471 596 1834 665 διαλεχθέντες
1861 595 2010 678 ὑμῖν,

444 677 601 743 τοῦτο
651 691 743 742 καὶ
782 689 873 741 ἐπὶ
907 687 1006 755 τῆς
1050 684 1219 759 ὀργῆς
1252 681 1641 753 ἐργασώμεοαν
1683 678 1773 733 καὶ
1818 677 2015 746 συνεκῆ

447 773 573 843 περὶ
623 771 792 840 αὐτῆς
843 768 1195 839 ποιησώμεθα
1237 765 1541 836 συμϐουλὴν
1594 762 1735 816 κατά
1788 761 2016 829 δύναμιν

446 858 544 927 τὴν
586 856 876 926 ἡμετέραν.
920 854 1030 905 Καὶ
1074 850 1183 921 γὰρ
1229 844 1383 912 οὗτος
1411 851 1629 917 ἀριστος
1672 845 2019 906 διδασκαλίας

448 936 583 993 εἷναί
615 956 705 1008 μοι
731 939 877 990 δοκεί
902 935 1121 1005 τρόπος,
1149 934 1209 986 τὸ
1257 932 1331 1003 μὴ
1374 931 1639 1001 πρότερον
1686 927 2015 997 ἀφίστασθαι

414 1006 419 1021 ’
447 1006 908 1092 συμϐουλεύοντας
937 1019 1077 1089 ὑπὲρ
1116 1016 1356 1079 ὁτουοῦν,
1386 1014 1490 1077 ἕως
1520 1013 1587 1066 ἂν
1617 1015 1697 1077 εἰς
1726 1011 1884 1083 ἔργον
1918 1010 2019 1080 τὴν

388 1168 391 1171 _
448 1105 753 1175 συμϐουλὴν
787 1100 1105 1169 ἐξελθοῦσαν
1144 1100 1365 1167 ἴδωμεν.
1404 1098 1462 1149 Ὀ
1500 1097 1608 1167 γὰρ
1638 1096 1872 1165 σήμερον
1920 1092 2019 1162 μὲν

448 1191 573 1258 περὶ
610 1187 996 1258 ἐλεημοσύνης,
1035 1182 1221 1253 αῦριον
1253 1182 1310 1233 δὲ
1349 1181 1478 1250 περὶ
1515 1180 1696 1248 εὐχῆς,
1733 1180 1848 1248 μετ’
1880 1176 2021 1229 ἐκεί-

448 1290 543 1343 νην
571 1272 625 1323 δὲ
655 1273 778 1341 περὶ
808 1266 1125 1329 ἐπιεικείας,
1168 1260 1287 1317 εἶτα
1321 1263 1481 1317 πάλιν
1510 1265 1637 1333 περὶ
1666 1276 2021 1330 ταπεινοφρο-

449 1356 612 1422 σύνης
636 1351 1030 1419 διαλεγόμενος,
1061 1346 1336 1416 οὐδέτερον
1369 1346 1568 1398 τούτων
1600 1347 1657 1396 ἐν
1684 1346 1792 1406 τοῖς
1820 1345 2021 1409 ἀκροα-

448 1442 565 1498 ταῖς
644 1433 985 1504 κατορθῶσαι
1053 1430 1375 1500 δυνήσεται,
1442 1428 1548 1481 ἀπὸ
1623 1427 1811 1479 τούτου
1884 1425 2020 1495 πρὸς

450 1523 643 1583 ἐκεῖ-ιο,
685 1519 778 1571 καὶ
817 1516 974 1570 πάλιν
1018 1515 1109 1569 ἀπ’
1148 1513 1356 1566 ἐκείνου
1390 1512 1524 1584 πρὸς
1556 1512 1742 1581 ἕτερον
1783 1510 2020 1578 συνεχῶς

454 1602 811 1673 μεταπηδῶνο
856 1598 993 1652 ἀλλὰ
1037 1597 1142 1667 χρὴ
1173 1596 1263 1649 τὸν
1312 1595 1571 1666 μέλλοντα
1622 1591 1919 1664 κατορθοῦν
1964 1594 2022 1645 ἐν

449 1691 559 1748 τοῖς
597 1684 855 1738 ἀκούουσι
882 1684 950 1735 τά
982 1682 1268 1750 λεγόμενα,
1300 1680 1374 1750 μὴ
1407 1679 1665 1751 πρότερον
1694 1675 2022 1745 ἀφίστασθαι

449 1770 579 1840 περὶ
622 1769 730 1820 τῶν
775 1766 953 1821 αὐτῶν
1002 1764 1370 1835 παραινοῦντα
1424 1762 1518 1815 καὶ
1570 1760 2019 1831 συμϐουλεύοντα,

454 1854 586 1923 μηδὲ
613 1854 695 1922 ἐφ’
729 1852 912 1922 ἕτερόν
944 1867 996 1901 τι
1038 1847 1372 1918 μεταπηδᾷν,
1402 1846 1507 1908 ’έως
1540 1844 1604 1899 ἂν
1639 1845 1722 1914 ἴδῃ
1755 1844 1855 1914 τὴν
1892 1859 2026 1913 προ-

448 1940 611 2008 τέραν
680 1936 1001 2005 παραίνεσιν
1060 1933 1242 1995 καλῶς
1309 1933 1366 1983 ἐν
1431 1931 1613 1992 αὐτοῖς
1684 1926 2020 1998 ριζωθεῖσαν.

451 2021 619 2072 Τοῦτο
663 2019 755 2071 καὶ
784 2021 831 2071 οἱ
870 2017 1176 2070 διδάσκαλοι
1224 2013 1502 2067 ποιοῦσινο
1533 2014 1594 2065 οὐ
1639 2011 1901 2081 πρότερον
1935 2008 2026 2061 ἐπὶ

447 2106 546 2169 τὰς
568 2102 836 2165 συλλαϐὰς
866 2103 989 2165 τοὺς
1016 2100 1209 2162 παῖδας
1240 2098 1482 2166 ἄγουσιν,
1510 2096 1614 2158 ἕως
1648 2095 1712 2148 ἂν
1745 2094 1851 2146 τῶν
1884 2110 2026 2144 στοι-

448 2190 609 2261 χείων
662 2189 761 2257 τὴν
810 2187 1011 2252 γνῶσιν
1054 2187 1110 2237 ἐν
1145 2185 1328 2246 αὐτοῖς
1371 2179 1807 2252 κατορθωθεῖσαν
1857 2179 2025 2231 ίδωσι.

450 2274 649 2345 Πρώην
686 2276 782 2340 μὲν
806 2269 899 2324 οὖν
922 2272 1050 2341 ὑμῖν
1081 2270 1182 2341 τὴν
1212 2266 1526 2337 παραϐολὴν
1556 2264 1880 2332 ἀναγνόντες
1922 2262 2029 2314 τῶν

453 2357 640 2412 ἑκατὸν
681 2355 966 2425 δηναρίων,
1011 2353 1103 2405 καὶ
1142 2350 1250 2404 τῶν
1287 2349 1495 2420 μυρίων
1548 2348 1843 2411 ταλάντων,
1893 2345 2027 2398 ἐδεί-

452 2456 657 2510 κνυμεν
685 2440 805 2490 ὅσον
848 2433 914 2506 ἦν
956 2434 1122 2488 κακὸν
1163 2433 1222 2486 τὸ
1254 2433 1627 2501 μνησικακεῖν.
1667 2432 1762 2482 Ὃν
1794 2429 1901 2499 γάρ
1929 2430 2029 2481 οὐκ

451 2522 701 2578 ἀπώλεσε
742 2521 807 2573 τά
847 2520 1013 2589 μυρῗα
1054 2516 1317 2578 τάλαντα,
1344 2514 1529 2566 τοῦτον
1572 2512 1762 2565 ἑκατὸν
1802 2513 2029 2582 δηνάρια

452 2606 804 2662 κατεπόντισε
827 2616 877 2669 θ,
908 2603 999 2654 καὶ
1028 2601 1122 2671 τὴν
1148 2598 1389 2651 δοθεῖσαν
1427 2597 1751 2666 συγγνώμην
1773 2596 2029 2649 ἀνεκαλέ-

457 2707 614 2754 σατο,
667 2689 759 2742 καὶ
798 2686 897 2757 τὴν
935 2684 1141 2753 δωρεὰν
1195 2678 1597 2750 ἀπεκρούσατο,
1651 2679 1745 2731 καὶ
1793 2678 2031 2731 ἀπαλλα-

453 2775 618 2841 γέντα
666 2771 772 2823 τῶν
808 2766 1044 2821 εὐθυνῶν
1083 2767 1160 2826 εἰς
1216 2763 1277 2814 τὸ
1322 2762 1673 2831 δικαστήριον
1725 2760 1887 2813 πάλιν
1922 2762 2031 2811 εἰσ-

454 2861 651 2926 ήγαγε,
702 2851 952 2906 κάκεῖθεν
997 2851 1074 2911 είς
1125 2847 1185 2898 τὸ
1234 2845 1603 2914 δεσμωτήριον
1657 2841 1896 2926 ἐνέϐαλε,
1942 2843 2033 2893 καὶ

454 2924 624 2999 οὓτως
660 2935 911 3003 ἀθανάτῳ
948 2931 1109 2985 αὐτὸν
1144 2927 1426 2996 παρέδωκε
1480 2924 1737 2995 τιμωρίᾳ.
1789 2925 2033 2994 Σήμερον

454 3021 511 3075 δέ
551 3020 632 3089 ἐφ’
680 3018 868 3088 ἑτέραν
908 3014 1162 3069 ὑπόθεσιν
1192 3011 1282 3063 τὸν
1332 3009 1485 3075 λόγον
1527 3008 2029 3077 χειραγωγήσομεν.

460 3105 606 3157 Ἔδει
650 3103 747 3173 μὲν
790 3100 916 3171 γὰρ,
959 3098 1114 3166 εῐπερ
1149 3094 1350 3147 δίκαιον
1397 3092 1624 3159 ἐγίνετο,
1669 3091 1758 3142 τὸν
1809 3090 2034 3157 λέγοντα

455 3190 585 3259 περὶ
621 3170 922 3245 ἐπιεικείας
953 3198 1012 3233 τε
1050 3179 1144 3232 καὶ
1176 3176 1499 3247 πραότητος,
1530 3174 1736 3226 οἴκοθεν
1781 3174 1873 3225 καὶ
1906 3170 2035 3243 παρ’

456 3256 649 3328 ἐαυτοῦ
675 3270 744 3322 τά
789 3264 1204 3336 παραδείγματα
1238 3260 1497 3330 παρέχειν
1542 3256 1693 3327 [749]
1725 3256 1824 3324 τῆς
1865 3257 2032 3318 καλῆς

454 3359 660 3427 ταύτης
704 3350 1054 3423 φιλοσοφίας,
1100 3346 1239 3398 ὥστε
1280 3345 1370 3396 καὶ
1394 3343 1481 3395 διὰ
1530 3343 1637 3393 τῶν
1677 3341 1849 3407 λόγων
1892 3340 2034 3392 διδά-

460 3421 630 3505 σκειν,
664 3421 757 3492 καὶ
787 3436 873 3489 διὰ
899 3434 1005 3486 τῶν
1034 3431 1208 3502 ἔργων
1234 3425 1528 3480 παιδεύειν.
1567 3423 1783 3492 Ἐπειδὴ
1812 3422 1868 3473 δὲ
1900 3421 2033 3474 πολὺ

457 3526 659 3595 ταύτης
707 3521 1004 3589 ἁποδέομεν
1034 3517 1131 3585 τῆς
1162 3512 1362 3583 ἀρετῆς
1413 3510 1591 3579 ἡμεῖς,
1634 3507 1733 3559 ἕνα
1766 3507 1883 3557 τινὰ
1927 3503 2034 3555 τῶν

457 3586 985 3680 ἀγίωπλέλικύσαντες
1013 3602 1091 3661 εἰς
1129 3598 1311 3680 μέσον,
1340 3594 1432 3645 καὶ
1456 3591 1567 3680 πρὸ
1597 3589 1704 3643 τῶν
1738 3586 2033 3680 όφθαλμῶν

462 3670 755 3763 στήσαντες
794 3688 900 3740 τῶν
937 3682 1236 3754 ὑμετέρων,
1283 3676 1486 3747 ἐναργῆ
1527 3692 1646 3726 τινα
1676 3673 1769 3725 καὶ
1808 3670 2034 3739 δυνατὴν

460 3756 587 3847 ὑμῖν
620 3769 955 3843 ποιησόμεθα
982 3767 1078 3837 τὴν
1113 3762 1476 3834 παράκλησιν,
1511 3758 1696 3828 ὥσπερ
1731 3756 2034 3825 ἀρχέτυπόν

458 3840 579 3916 τίνα
602 3840 803 3918 εἰκόνα,
822 3840 922 3924 τὴν
955 3849 1155 3922 ἀρετὴν
1186 3846 1277 3900 τοῦ
1312 3843 1517 3898 δικαίου
1551 3840 1831 3913 μιμεῖσθαι
1861 3857 2034 3910 παρα-

461 3944 799 4012 κελευόμενοι
830 3939 925 3990 καὶ
953 3937 1079 4005 ὑμῖν
1103 3932 1195 3984 καὶ
1220 3931 1349 4000 ἡμῖν
1376 3928 1576 4012 αὐτοῖς,

531 4004 663 4080 Τίνα
707 4019 800 4075 οὖν
832 4022 911 4082 είς
949 4004 1110 4088 μέσον
1141 4013 1366 4081 ἀγαγεῖν
1415 4010 1519 4079 χρὴ
1568 4007 1694 4076 περὶ
1739 4004 2033 4067 ἐπιεικείας

456 4111 864 4179 ειαλεγόμενον;
910 4104 1043 4156 Τίνα
1086 4101 1141 4153 δὲ
1180 4098 1355 4157 ἄλλον,
1386 4094 1507 4179 ἀλλ’
1536 4092 1689 4179 ἦτὸν
1727 4090 2031 4179 μαρτυρίαν

461 4173 992 4261 ἄνωθεν-δεξάμενον
1021 4185 1115 4238 καὶ
1164 4182 1256 4234 ἐπὶ
1307 4178 1479 4246 τούτῳ
1534 4173 2029 4261 μάλιστῌαᾼθαυμαμ-

465 4281 689 4339 σθέντα;
718 4256 915 4344 Εὗρον
947 4270 1074 4342 γὰρ,
1112 4265 1263 4336 φησὶ,
1292 4260 1470 4315 Δαυῒδ
1498 4259 1605 4312 τὸν
1638 4256 2032 4344 τοῦῌἸεοοο-αὶ,

462 4362 652 4429 ἄνδρα
700 4339 849 4411 κατά
888 4339 1304 4420 τὴνψκαρδίαν
1348 4362 1485 4429 μοι).
1520 4344 1686 4429 Ὅταν
1737 4339 1863 4429 δέηό
1906 4339 2035 4401 Θεὸς

466 4422 853 4511 ἀποφαίνηται,
876 4434 1101 4505 οὐδεμία
1124 4434 1236 4493 τοῖς
1263 4427 1629 4494 ἀντιλέγουσιν
1656 4422 2034 4475 ὑπολέλειπται

471 4506 761 4599 πρόφασις.
815 4521 1129 4579 Ἀδέκαστος
1177 4514 1368 4599 γάρ-ἠ
1418 4511 1612 4599 ψῆφος
1644 4507 1865 4599 ἐκείνη,
1912 4506 2036 4560 οὔτε

470 4592 605 4684 πρὸς
631 4609 810 4679 χάριν,
835 4603 955 4657 οὔτε
987 4600 1121 4671 πρὸς
1147 4596 1438 4667 ἀπέχθειαν
1462 4592 1718 4684 τοῦᾹΘεοῦ.
1741 4592 2033 4684 κρίνοντος,

472 4673 606 4747 ἀλλά
746 4690 844 4757 τῆς
888 4684 1064 4756 ψυχῆς
1108 4682 1275 4751 ἀρετῇ
1324 4679 1501 4747 γυμνῇ
1541 4673 1934 4762 ψηφιζομένου.
1962 4673 2036 4762 Οὐ

470 4779 556 4832 διὰ
584 4756 740 4829 τοῦτο
764 4756 820 4824 δέ
854 4770 1009 4841 μόνον
1040 4765 1199 4819 αὐτὸν
1229 4764 1307 4823 εἰς
1340 4763 1499 4830 μέσον
1532 4760 1755 4827 ἄγομεν,
1778 4759 1860 4841 ὃτι
1888 4756 2038 4826 παρὰ

467 4864 558 4916 τοῦ
584 4858 718 4912 Θεοῦ
756 4840 863 4925 τὴν
880 4852 1056 4922 ψῆφον
1089 4846 1324 4912 ἐδέξατο,
1367 4843 1583 4896 ἀλλ’ὅτι
1613 4843 1706 4893 και
1742 4840 1851 4892 τῶν
1882 4842 1939 4892 ἐν
1972 4842 2038 4910 τῇ

466 4944 677 5013 Παλαιᾷ
707 4937 1019 5010 τραφέντων
1044 4929 1180 4984 ἐστί.
1204 4929 1277 4981 Τὸ
1308 4929 1403 4998 μὲν
1446 4926 1666 5013 γὰρ
1696 4925 1793 5013 τῆς
1822 4925 2039 5013 χάργτος

471 5008 699 5097 φανῆναι
720 5008 842 5075 τινα
862 5015 1098 5088 καθαρὸν
1121 5014 1289 5097 ὀργῆς
1298 5053 1309 5072 .
1333 5013 1426 5097 καί
1445 5013 1553 5097 τοῖς
1577 5008 2039 5097 ἐχθροῖςῃάφιέντα

434 5152 445 5165 .
478 5092 532 5164 ﬁ
578 5092 970 5179 ἀμαρτήματα,
1015 5102 1109 5154 καὶ
1142 5097 1249 5150 τῶν
1282 5093 1659 5179 λελυπηκότων
1706 5092 2035 5161 φειδόμενον,

475 5198 565 5247 ίαυ
574 5174 774 5263 μαστὸν
787 5174 949 5239 οὐδὲν
976 5182 1113 5255 μετὰ
1134 5180 1225 5234 τὸν
1249 5178 1341 5231 τοῦ
1363 5176 1598 5263 Χριστοῦ
1622 5174 1871 5240 θάνατον,
1902 5174 2040 5243 μετά

471 5258 616 5348 ti;va
648 5271 915 5339 τοσαύτην
951 5267 1059 5320 τῶν
1088 5262 1503 5335 ἁμαρτημάτων
1549 5259 1762 5326 ἄφεσιν,
1800 5259 1937 5328 μετά
1972 5258 2041 5311 τὰ

468 5342 787 5430 φίλοσοφίας
820 5354 1058 5423 γέμοντα
1104 5347 1480 5430 ἐπιτάγματα·
1512 5342 1661 5430 τὸ-δέ
1686 5342 1900 5430 ἐπὶ-τῆς
1931 5342 2039 5393 Πα-

466 5423 645 5504 λαιᾶς,
675 5423 849 5510 *ἡνίκα
873 5437 901 5488 ὁ
930 5434 1089 5504 νόμος
1116 5429 1406 5499 συνεχώρει
1434 5424 1707 5495 ὀφθαλμὸν
1734 5423 2038 5493 ἐξορύττειν

468 5527 587 5579 ἀντὶ
632 5507 934 5589 ὀφθαλμοῦ,
982 5518 1076 5570 καὶ
1105 5515 1289 5566 ὀδόντα
1335 5512 1454 5563 ἀντὶ
1498 5509 1737 5570 ὀδόντος,
1786 5507 1880 5558 καὶ
1928 5510 2041 5569 τοῖς

471 5612 606 5670 ἴσοις
636 5602 934 5675 ἀμύνεσθαι
967 5601 1056 5652 τὸν
1084 5598 1435 5667 ἀδικήσαντα,
1465 5593 1694 5662 φανῆναί
1723 5608 1842 5643 τινα
1875 5592 2040 5662 ὑπερ-

536 5776 561 5802 ⁸
584 5774 706 5832 Reg.
725 5771 1023 5824 κατεδίκασε.
1054 5768 1224 5832 Μοῐλειίἶ
1251 5765 1577 5832 κατεπόντισε.

533 5834 562 5871 Ῑδ
586 5822 705 5893 Reg.
733 5832 848 5891 μετὰ
870 5832 956 5893 γὰρ
980 5822 1059 5878 τὸν
1081 5826 1165 5876 τοῦ
1190 5826 1397 5890 Χριστοῦ
1438 5828 1631 5875 θάνατον
1668 5832 1860 5885 φανῆναι
1900 5822 2039 5874 τοῦτο

474 5900 637 5946 ποιῶν·
678 5895 793 5953 μετὰ
812 5895 911 5950 τήν.

1134 485 1191 540 S.
1230 480 1514 538 JOAN'NIS
1551 473 2031 535 CHRYSOSTOMI
2070 472 2387 527 ARCHIEP.
2427 470 2967 528 CONSTANTINOP.

3597 470 3704 522 678

2122 592 2287 646 ϐάντα
2315 593 2384 645 τὰ
2430 594 2601 665 μέτρα
2637 593 2745 648 τῶν
2791 593 3246 665 προσταγμάτων,
3296 591 3391 643 καὶ
3427 590 3563 660 πρὸς
3606 589 3708 658 τὴν

2117 682 2475 754 ἀποστολικὴν
2521 680 2798 750 φθάσαντα
2842 680 3180 749 φιλοσοφίαν,
3209 679 3330 731 τίνα
3362 678 3459 747 μὲν
3508 678 3609 729 οὐκ
3638 676 3710 729 ἂν

2119 771 2405 841 ἐκπλήξειε
2449 770 2559 824 τῶν
2619 770 2963 835 ἀκουόντων;
2995 767 3113 821 τίνα
3139 768 3193 819 δὲ
3225 767 3323 819 οὐκ
3367 766 3430 819 ἂν
3470 766 3579 817 τῶν
3630 766 3709 833 μὴ

2119 859 2422 931 ζηλούντων
2466 860 2646 930 πάσης
2692 859 3086 929 ἀποστερήσειε
3130 854 3457 926 συγγνώμης
3502 872 3563 907 τε
3612 854 3711 906 καὶ

2119 947 2413 1016 ἀπολογίας
2434 966 2449 1012 ;
2476 948 2594 1001 Ἵνα
2616 946 2674 999 δὲ
2698 946 3085 1017 ἀκριϐέστερον
3110 943 3271 996 αὐτοῦ
3297 942 3711 1011 καταμάθωμεν

2119 1036 2216 1105 τὴν
2270 1036 2493 1106 ἀρετὴν,
2548 1034 2666 1087 δότε
2722 1052 2809 1103 μοι
2870 1032 3061 1104 μικρὸν
3113 1030 3366 1100 ἀνωτέρω
3407 1030 3499 1081 τὸν
3548 1030 3707 1096 λόγον

2120 1124 2365 1192 ἀγαγεῖν,
2394 1123 2487 1177 καὶ
2512 1122 2609 1187 τὰς
2639 1120 2958 1193 εὐεργεσίας
2989 1122 3184 1185 εἰπεῖν,
3210 1119 3273 1180 ἃς
3307 1120 3385 1179 εἰς
3410 1118 3501 1170 τὸν
3532 1115 3702 1168 Σαοὺλ

2120 1212 2377 1265 κατέθετο
2401 1213 2429 1264 ό
2463 1210 2733 1280 μακάριος
2760 1203 2914 1270 οὗτος
2951 1209 3113 1277 ἀνήρ.
3149 1206 3222 1258 Τὸ
3254 1207 3349 1275 μὲν
3384 1204 3489 1275 γὰρ
3520 1203 3709 1265 ἁπλῶς

2121 1299 2311 1370 ἐχθρὸν
2339 1298 2656 1367 λυπήσαντα
2688 1296 2761 1367 μὴ
2800 1295 3128 1366 ἀμύνασθαι,
3172 1292 3480 1361 θαυμαστὸν
3510 1291 3665 1342 οὐδέν
3692 1308 3705 1319 ·

2121 1389 2181 1441 τὸ
2210 1387 2267 1439 δὲ
2302 1385 2587 1456 ἄνθρωπον
2619 1383 3045 1453 εὐεργετηθέντα
3087 1381 3286 1443 πολλὰς
3322 1380 3413 1431 καὶ
3461 1378 3711 1447 μεγάλας

2122 1473 2461 1544 εὐεργεσίας,
2510 1467 2626 1524 εἶτα
2668 1471 2787 1524 ἀντὶ
2827 1470 2934 1523 τῶν
2977 1468 3302 1540 εὐεργεσιῶν
3346 1466 3571 1518 ἐκείνων
3614 1465 3711 1517 καὶ

2123 1565 2269 1629 ἅπαξ
2310 1564 2405 1617 καὶ
2447 1564 2528 1626 δὶς
2578 1563 2673 1615 καὶ
2717 1560 2974 1623 πολλάκις
3021 1559 3227 1613 ἀνελεῖν
3283 1558 3711 1625 ἐπιχειρήσαντα

2121 1661 2212 1714 τὸν
2239 1660 2551 1730 εὐεργέτην,
2579 1658 2806 1711 λαϐόντα
2837 1659 2916 1719 εἰς
2951 1658 3161 1725 χεῖρας,
3199 1653 3293 1706 καὶ
3329 1653 3517 1722 κύριον
3547 1650 3705 1719 γενό-

2128 1772 2285 1826 μενον
2331 1755 2559 1818 ἀνελεῖν,
2606 1754 2699 1807 καὶ
2742 1753 2901 1806 αὐτὸν
2941 1752 3188 1819 ἀφεῖναι,
3231 1747 3454 1817 καὶτῆς
3497 1747 3707 1817 ἐτέρων

2125 1842 2414 1912 ἐπιϐουλῆς
2461 1840 2786 1912 ἐξαρπάσαι,
2832 1838 3126 1892 καὶταῦτα
3180 1837 3340 1890 πάλιν
3372 1837 3484 1898 τοῖς
3522 1834 3712 1894 αὐτοῖς

2127 1928 2479 2001 ἐπιθήσεσθαι
2537 1928 2831 1997 μέλλοντα,
2876 1925 2996 1979 τίνα
3046 1924 3113 1979 ἂν
3164 1923 3452 1977 καταλίποι
3516 1919 3712 1973 λοιπὸν

2128 2018 2444 2087 φιλοσοφίας
2474 2014 2777 2087 ὑπερϐολήν
2811 2031 2826 2079 ;

2200 2140 2263 2209 β’.
2284 2139 2445 2202 Τίνας
2491 2132 2583 2191 οῦν
2617 2135 2982 2208 εὐηργέτησεν
3032 2135 3058 2187 ό
3087 2133 3249 2187 Δαυῒδ
3276 2132 3591 2205 εὐεργεσίας
3610 2131 3710 2185 τὸν

2130 2226 2319 2293 Σαοὺλ,
2361 2226 2456 2279 καὶ
2487 2225 2618 2277 πότε
2663 2224 2755 2277 καὶ
2801 2223 2945 2287 πῶς,
2992 2221 3291 2291 ἀνάσχεσθε
3323 2221 3411 2273 διὰ
3457 2220 3709 2289 βραχέων

2129 2314 2505 2384 διηγουμένου.
2539 2312 2787 2383 Πολέμου
2819 2311 2926 2382 γάρ
2961 2327 3089 2362 ποτε
3120 2311 3244 2371 τοὺς
3282 2308 3569 2369 Ἰουδαίους
3600 2324 3708 2359 κα-

2130 2404 2451 2465 ταλαϐόντος
2481 2400 2886 2471 χαλεπωτάτου,
2918 2401 3011 2452 καὶ
3036 2398 3251 2451 πάντων
3281 2395 3708 2464 κατεπτηχότων

2131 2493 2224 2544 καὶ
2275 2489 2609 2551 δεδοικότων,
2658 2488 2752 2540 καὶ
2804 2486 3014 2548 οὐδενὸς
3051 2484 3324 2553 προκύψαι
3370 2482 3703 2551 τολμῶντος,

2132 2578 2243 2630 ἀλλ’
2280 2578 2337 2629 ἐν
2365 2576 2610 2645 ἐσχάτοις
2641 2574 2741 2643 τῆς
2772 2573 2975 2634 πόλεως
3006 2572 3173 2642 οῦσης
3208 2570 3449 2638 ἀπάσης,
3489 2571 3582 2622 καὶ
3613 2569 3707 2621 τὸν

2134 2668 2359 2720 θάνατον
2397 2666 2503 2736 πρὸ
2535 2661 2826 2733 ὀφθαλμῶν
2855 2664 3083 2715 ἑκάστου
3117 2660 3423 2730 βλέποντος,
3461 2660 3556 2712 καὶ
3582 2659 3707 2713 καθ’

2134 2757 2368 2825 ἑκάστην
2427 2752 2811 2808 ἀποθανεῖσθαι
2862 2750 2960 2820 τὴν
3019 2750 3230 2820 ἡμέραν
3285 2746 3711 2819 προσδοκώντων

2136 2854 2406 2915 ἁπάντων,
2432 2852 2527 2904 καὶ
2553 2849 2659 2903 τῶν
2687 2848 2777 2901 ἐπὶ
2802 2849 2861 2900 τὸ
2897 2847 3165 2917 βάραθρον
3198 2846 3479 2916 ἀγομένων
3510 2844 3711 2897 ἀθλιώ-

2132 2958 2288 3009 τερον
2315 2938 2531 3003 ζώντων
2565 2939 2653 2992 τὸν
2686 2937 2817 3006 βίον,
2846 2935 3100 2989 εἰσελθὼν
3124 2930 3275 2998 οὗτος
3302 2934 3406 2987 άπὸ
3430 2934 3538 2986 τῶν
3574 2950 3711 3003 προ-

2136 3030 2312 3081 ϐάτων
2339 3027 2487 3099 [750]
2523 3028 2615 3079 ἐπὶ
2644 3027 2740 3097 τὴν
2767 3024 3091 3095 παράταξιν,
3121 3012 3340 3093 καὶτῆς
3371 3022 3586 3093 ἡλικίας
3613 3022 3713 3074 καὶ

2133 3113 2232 3184 τῆς
2263 3116 2455 3185 τέχνης
2489 3114 2734 3167 ἀτέλειαν
2770 3110 3113 3182 παρεχούσης
3156 3109 3305 3178 αὐτῷ
3347 3109 3454 3161 τῶν
3484 3108 3712 3178 πολεμι-

2135 3203 2246 3254 κῶν
2275 3202 2469 3264 πόνων,
2497 3201 2585 3253 τὸν
2632 3200 2885 3253 ἁπάντων
2928 3198 3090 3260 αὐτὸς
3132 3196 3417 3261 ἀνεδέξατο
3448 3197 3711 3264 πόλεμον,

2135 3291 2226 3341 καὶ
2274 3286 2635 3358 κατώρθωσεν
2670 3286 2878 3350 ἐλπίδος
2922 3285 3138 3353 ἀπάσης
3182 3283 3463 3354 κρείττονα
3509 3299 3711 3352 κατορο

2136 3376 2379 3445 θώματα.
2426 3376 2612 3427 Καίτοι
2645 3376 2692 3426 εἰ
2736 3374 2829 3426 καὶ
2866 3373 3029 3443 μηδὲν
3057 3368 3124 3441 ἦν
3158 3370 3570 3441 κατωρθωκὼς,
3610 3371 3715 3440 τῆς

2136 3463 2439 3533 προθυμίας
2476 3462 2635 3514 αὐτὸν
2694 3462 2788 3514 καὶ
2824 3462 2920 3531 τῆς
2961 3459 3264 3530 προθέσεως
3296 3458 3479 3510 ἐνεκεν
3513 3474 3715 3524 στεφα-

2134 3550 2254 3602 νοῦν
2286 3549 2389 3601 έδει
2445 3549 2623 3617 μόνον.
2672 3548 2743 3599 Τὸ
2780 3547 2877 3617 μὲν
2910 3548 3016 3617 γάρ
3068 3544 3402 3616 στρατιώτην
3434 3545 3556 3598 τινὰ
3601 3544 3715 3596 τῶν

2135 3639 2190 3689 ἐν
2221 3636 2405 3707 ἡλικίᾳ
2455 3636 2676 3705 ποιῆσαι
2721 3636 2896 3697 τοῦτο,
2950 3633 3261 3703 θαυμαστὸν
3310 3633 3491 3685 οὐδέν’
3524 3635 3553 3683 ὁ
3601 3632 3716 3703 γὰρ

2133 3724 2230 3793 τῆς
2264 3722 2545 3793 στρατείας
2590 3723 2750 3794 νόμος
2793 3722 2948 3775 τοῦτο
2995 3721 3208 3791 ἀπῄτει.
3243 3715 3409 3782 Οὗτος
3454 3720 3510 3771 δὲ
3557 3721 3716 3772 οὐδε-

2138 3808 2266 3876 μίαν
2304 3806 2443 3876 όρῶν
2482 3806 2725 3877 ἀνάγκην
2761 3805 3133 3876 ἐπικειμένην,
3178 3805 3311 3858 ἀλλὰ
3360 3805 3452 3857 καὶ
3483 3804 3717 3866 πολλοὺς

2134 3893 2259 3954 τοὺς
2293 3888 2596 3952 κωλύοντας
2632 3889 2770 3958 ἔχων
2812 3890 2927 3957 (καὶ
2960 3888 3068 3960 γάρ
3105 3889 3197 3942 καὶ
3226 3891 3253 3940 ὁ
3275 3886 3497 3955 ἀδελφὸς
3528 3886 3717 3938 ἐπετί-

2139 3992 2299 4045 μησε,
2348 3972 2442 4025 καὶ
2472 3974 2500 4025 ὁ
2540 3972 2791 4043 βασιλεὺς
2834 3972 2969 4042 πρὸς
3013 3972 3074 4024 τὸ
3122 3971 3219 4040 τῆς
3270 3970 3485 4041 ήλικίας
3530 3969 3717 4037 ἄωρον

2136 4064 2230 4116 καὶ
2261 4079 2321 4115 το
2349 4064 2457 4115 τῶν
2499 4060 2756 4113 κινδύνων
2789 4060 3058 4130 ἀφόρητον
3093 4058 3323 4123 βλέπων,
3366 4057 3581 4125 κατεῖχε
3618 4058 3717 4108 καὶ

2142 4150 2320 4219 μένειν
2353 4148 2566 4201 ἐκέλευε
2594 4147 2790 4214 λέγων·
2822 4149 2902 4198 Οὐ
2935 4143 3173 4211 δυεήσῃ
3214 4140 3592 4208 πορευθῆναι,
3620 4141 3715 4194 ὅτι

2138 4244 2218 4298 σὺ
2252 4243 2562 4311 παιδάριον
2611 4239 2683 4309 εἷ,
2726 4240 2908 4306 αὐτὸς
2941 4240 3007 4292 δὲ
3045 4238 3198 4306 ἀνὴρ
3236 4235 3605 4305 πολεμιστὴς
3640 4236 3715 4290 ἐκ

2139 4332 2418 4399 ’νεότητος
2433 4331 2662 4397 αὑτοῦ),
2694 4329 2806 4382 ἀλλ’
2825 4329 2972 4397 ὅμως
2991 4328 3105 4380 οὐδε
3115 4329 3240 4398 μιᾶς
3264 4327 3421 4378 αὐτὸν
3451 4324 3715 4389 ἑλκούσης

2140 4420 2483 4491 προφάσεως,
2530 4418 2738 4470 οἴκοθεν
2771 4418 2864 4469 καὶ
2910 4417 3038 4486 παρ’
3074 4415 3264 4468 ἑαυτοῦ
3297 4413 3715 4483 διαθερμανῡεὶς

2140 4510 2268 4580 θείῳ
2292 4509 2438 4579 ζήλῳ
2463 4509 2555 4562 καὶ
2590 4506 2668 4577 τῷ
2702 4507 2801 4575 τῆς
2836 4506 3092 4575 πατρίδος
3130 4506 3313 4576 ἔρωτι,
3352 4502 3542 4571 ὥσπερ
3573 4501 3712 4570 πρό-

2140 4607 2279 4660 ϐατα
2313 4606 2510 4676 μᾶλλον
2549 4606 2582 4676 ἢ
2618 4600 2933 4674 ἀνθρώπους
2964 4602 3124 4672 ὁρῶν,
3152 4602 3245 4654 καὶ
3274 4600 3348 4663 ὡς
3379 4600 3546 4660 κύνας
3579 4597 3717 4667 μᾶλ-

2139 4694 2227 4747 λον
2254 4693 2287 4766 ἦ
2320 4694 2676 4764 στρατόπεδον
2712 4693 3014 4765 ἀνθρώπων
3045 4689 3281 4743 τοιοῦτον
3317 4687 3523 4758 μέλλων
3555 4685 3716 4739 ἐλαύ.

2140 4805 2270 4848 νειν,
2309 4780 2450 4833 οὕτω
2484 4782 2619 4853 μετὰ
2653 4782 2835 4843 ἀδείας
2870 4781 2962 4831 ἐπὶ
2994 4778 3118 4840 τούς
3157 4775 3464 4846 βαρϐάρους
3491 4774 3711 4844 ἔτρεχε·

2142 4878 2235 4930 καὶ
2267 4874 2532 4943 τοσαύτην
2567 4872 2694 4941 περὶ
2733 4868 2821 4921 τὸν
2862 4866 3082 4937 βασιλέα
3131 4863 3453 4934 κηδεμονίαν
3500 4860 3715 4913 ἐπεδεί-

2142 4974 2266 5037 ξατο
2296 4972 2435 5035 τότε,
2478 4968 2550 5031 ὡς
2594 4966 2685 5019 καὶ
2729 4964 2834 5034 πρὸ
2866 4963 2957 5015 τοῦ
3002 4961 3239 5031 πολέμου
3286 4960 3380 5012 καὶ
3412 4960 3511 5029 τῆς
3554 4959 3715 5026 νίκης

2142 5065 2227 5114 ἐπ’
2251 5061 2370 5130 ὄψιν
2401 5058 2561 5114 αὐτὸν
2589 5056 2835 5125 κείμενον
2860 5054 3179 5122 ἀναστῆσαι.
3211 5052 3284 5104 Οὐ
3318 5050 3425 5122 γὰρ
3456 5050 3518 5119 δὴ
3551 5049 3716 5118 μόνον

2143 5151 2304 5203 αὐτὸν
2336 5149 2443 5210 τοῖς
2470 5145 2649 5216 ἔργοις
2692 5142 2830 5212 μετά
2860 5140 3030 5193 ταῦτα
3059 5140 3277 5208 ὠφέλει,
3303 5138 3439 5190 άλλά
3468 5137 3562 5189 καὶ
3608 5136 3717 5205 πρὸ

2140 5238 2330 5291 τούτου
2372 5237 2482 5296 τοῖς
2537 5235 2739 5302 ῥήμασι
2776 5228 3071 5299 παρεκάλει
3110 5229 3202 5280 καὶ
3241 5227 3460 5296 θαρρεῖν
3508 5224 3712 5287 ἔπειθε,

2143 5328 2237 5381 καὶ
2271 5322 2508 5395 χρηστὰς
2537 5321 2664 5391 περὶ
2697 5318 2789 5371 τοῦ
2827 5318 3107 5388 μέλλοντος
3130 5316 3351 5377 ἐλπίδας
3377 5314 3543 5383 ἔχειν,
3570 5312 3715 5365 οὕτω

2142 5416 2343 5483 λέγων·
2373 5415 2429 5463 Μ
2436 5410 2469 5477 ἡ
2517 5407 2870 5476 συμπεσέτω
2901 5408 2938 5473 ἡ
2972 5404 3181 5472 καρδία
3224 5402 3328 5457 τοῦ
3363 5420 3459 5468 7w;
3475 5403 3569 5454 (ου
3596 5418 3716 5470 μου

2140 5503 2230 5557 ἐπ’
2283 5498 2487 5560 αὐτὸν,
2520 5498 2606 5549 ὅτι
2656 5498 2688 5547 ὁ
2740 5493 2959 5557 δοῦλός
3015 5508 3131 5545 σου
3195 5491 3571 5558 πορεύσεται,
3616 5488 3715 5541 καὶ

2143 5588 2471 5660 πολεμήσει
2494 5586 2645 5657 μετὰ
2674 5583 2778 5637 τοῦ
2809 5583 3162 5650 ἀλλοφύλου
3194 5583 3424 5634 τούτου.
3444 5576 3591 5648 Ἆρα
3622 5596 3717 5647 μι-

2144 5680 2275 5751 κρὸν
2295 5678 2470 5743 τοῦτο,
2495 5676 2615 5729 εἰπέ
2644 5691 2751 5745 μοι,
2780 5673 2871 5725 τὸν
2899 5671 3163 5742 μηδεμίαν
3184 5682 3204 5709 (ι
3236 5671 3475 5739 ἀνάγκην
3501 5668 3715 5737 ἔχοντα,

2213 5892 2231 5916 ⁸
2258 5891 2395 5950 RPgii
2421 5889 2513 5935 (Iun
2536 5888 2585 5933 τὸ
2616 5888 2856 5947 μηδεμίαν,
2888 5898 2979 5932 non
3007 5884 3148 5931 male.
