4038 6360
418 382 512 436 377

411 493 556 548 vobis
600 490 666 547 de
708 490 898 545 endem
944 489 1266 543 disserentes
1309 496 1660 555 argumento:
1704 484 1883 538 itidem
1914 482 1981 535 de

409 586 483 636 ira
512 597 650 634 nunc
678 580 948 641 faciamus,
972 578 1272 633 continuam
1301 576 1366 630 de
1394 591 1454 629 ea
1478 590 1857 644 persequamur
1884 589 1979 627 cx-

410 672 761 725 hnrtationem
805 686 897 738 pro
924 678 1104 723 nostra
1132 667 1345 737 quidem
1385 667 1546 720 virili.
1572 665 1703 720 Nam
1734 666 1819 718 hic
1850 664 1978 718 mihi

408 762 616 815 videtur
643 760 875 830 optimus
920 774 1040 814 esse
1081 758 1307 814 docendi
1350 756 1571 823 modus,
1609 759 1652 811 si
1697 770 1801 809 non
1833 756 1979 824 prius

406 852 723 905 desistamus
748 847 1075 903 consulendo
1092 862 1420 919 quacumque
1444 847 1513 902 de
1537 863 1616 913 re,
1642 861 1799 916 quam
1826 846 1979 900 vide-

407 942 574 996 rimus
620 940 1033 995 admonitionem
1076 940 1143 994 ad
1201 939 1447 994 effectum
1493 939 1819 1008 pervenisse.
1884 939 1976 993 Et-

408 1032 547 1085 enim
578 1030 665 1099 qui
699 1030 853 1084 hodie
874 1029 943 1084 de
972 1030 1330 1099 eleemosyna,
1356 1044 1475 1083 cras
1501 1029 1567 1082 de
1594 1030 1853 1094 oratione,
1888 1044 1978 1098 pe-

410 1121 592 1175 rendie
632 1120 699 1175 de
727 1121 1081 1185 humanitate,
1111 1118 1305 1175 deinde
1336 1134 1519 1173 rursus
1556 1119 1624 1174 de
1662 1119 1824 1173 animi
1866 1134 1979 1173 mo-

409 1209 573 1263 dcstia
604 1208 838 1277 disserit,
866 1209 995 1264 nihil
1026 1208 1217 1264 horum
1247 1209 1298 1262 in
1319 1208 1616 1263 auditorum
1646 1209 1836 1263 animis
1858 1225 1980 1278 per-

410 1298 569 1353 ficere
596 1308 743 1353 recte
788 1300 1018 1369 poterit,
1060 1299 1129 1352 ab
1156 1298 1258 1353 hoc
1297 1297 1363 1352 ad
1392 1297 1518 1351 illud
1541 1340 1557 1364 ,
1590 1313 1772 1352 rursus
1792 1298 1859 1352 ab
1889 1298 1977 1351 illo

408 1405 618 1459 semper
644 1389 747 1444 alio
777 1390 1079 1445 transiliens
1106 1407 1121 1444 :
1148 1389 1241 1445 sed
1273 1404 1493 1444 necesse
1517 1400 1619 1454 est,
1646 1398 1706 1443 ut
1731 1391 1819 1459 qui
1849 1390 1977 1444 velit

409 1481 699 1534 orationem
742 1481 794 1534 in
824 1480 1121 1534 auditorum
1161 1480 1352 1534 animis
1396 1483 1621 1534 fructum
1659 1480 1975 1535 destinatum

408 1575 638 1643 assequi,
667 1589 771 1628 non
798 1584 921 1630 ante
953 1575 1175 1630 desistat
1199 1576 1381 1629 iisdem
1407 1575 1474 1630 de
1498 1577 1657 1631 rebus
1682 1576 1975 1631 admonens

407 1664 811 1734 consulensque,
838 1681 935 1720 nec
966 1666 1110 1734 prius
1130 1664 1195 1719 ad
1222 1666 1362 1720 aliud
1388 1665 1656 1736 quidpiam
1688 1668 1968 1733 transiliat,

409 1769 563 1823 quam
608 1760 944 1826 conspexerit
988 1757 1317 1826 superiorem
1360 1758 1772 1814 admonitionem
1819 1761 1872 1814 in
1900 1761 1978 1817 eis

408 1845 546 1899 bene
588 1843 741 1897 fixam
791 1860 853 1900 ac
878 1844 1188 1900 radicatam.
1210 1845 1353 1901 ldem
1375 1846 1476 1901 hoc
1500 1848 1673 1903 facere
1698 1848 1871 1904 solent
1898 1850 1977 1904 lu-

407 1934 699 2003 dimagistri
732 1953 745 1989 :
778 1949 881 1989 non
915 1935 1062 2005 prius
1089 1935 1153 1989 ad
1193 1936 1421 2007 syllabas
1449 1937 1716 1992 adducunt
1744 1953 1936 2008 pueros
1956 1981 1972 2005 ,

406 2041 563 2095 quam
585 2026 967 2079 elementorum
997 2026 1350 2095 cognitionem
1394 2027 1445 2079 in
1476 2028 1552 2081 eis
1582 2026 1809 2082 viderint
1833 2038 1976 2083 recte

406 2119 791 2172 confirmatam.
831 2117 1011 2186 Nuper
1056 2117 1213 2186 igitur
1240 2118 1546 2186 parabolam
1579 2118 1731 2173 vobis
1752 2118 1819 2174 de
1845 2134 1973 2173 cen-

407 2220 516 2264 tum
539 2210 768 2266 denariis
792 2252 805 2271 ,
834 2225 894 2263 ac
923 2210 1105 2263 decem
1134 2209 1365 2264 millibus
1393 2210 1704 2265 talentorum
1726 2227 1975 2266 enarratio.

407 2312 486 2356 tes
515 2303 616 2375 (a),
647 2302 971 2357 ostendimus
993 2310 1245 2372 quantum
1273 2312 1415 2358 esset
1440 2304 1639 2358 malum
1664 2304 1973 2374 injuriarutn

404 2396 728 2450 meminisse.
756 2395 922 2463 Quem
950 2396 1091 2449 enim
1112 2394 1298 2462 decem
1324 2395 1488 2450 millia
1522 2397 1839 2451 talentorum
1868 2412 1975 2452 non

407 2487 762 2556 perdiderant,
788 2486 926 2541 hunc
943 2495 1154 2542 centum
1172 2486 1374 2541 denarii
1400 2487 1562 2542 exitio
1585 2486 1972 2555 demerserunt,

405 2595 469 2633 ac
494 2579 700 2633 veniam
722 2591 818 2646 pro
842 2577 1033 2632 debitis
1059 2591 1366 2632 concessam
1423 2577 1477 2631 in
1506 2578 1711 2633 irritum
1759 2593 1975 2634 revoca-

405 2678 559 2735 runt,
607 2669 900 2739 debitaeque
944 2670 1180 2741 pecuniae
1239 2670 1606 2727 remissionem
1652 2672 1976 2742 dissiparant

405 2761 616 2829 (Matth.
638 2759 747 2831 l8),
765 2774 1009 2829 eumque,
1026 2760 1113 2829 qui
1134 2758 1304 2815 fuerat
1329 2776 1357 2815 a
1378 2762 1685 2816 criminibus
1701 2762 1971 2830 liberatus,

405 2850 455 2903 in
479 2850 729 2919 judicium
762 2859 1094 2905 retraxerunt
1120 2892 1135 2917 ,
1165 2850 1390 2921 indeque
1419 2852 1471 2905 in
1499 2867 1766 2908 carcerem
1793 2855 1974 2925 conje-

402 2950 585 2994 cerunt
605 2981 621 3005 ,
642 2939 866 3009 denique
892 2940 1172 2994 immortali
1201 2941 1455 3009 supplicio
1479 2942 1821 2997 tradiderunt.
1866 2944 1973 3000 Sed

404 3031 559 3086 hodie
587 3031 653 3085 de
678 3031 889 3085 diverso
909 3040 1219 3101 argumento
1244 3031 1423 3086 dicere
1448 3032 1783 3088 tentabimus.
1812 3035 1975 3105 Opor-

404 3122 546 3177 tebat
573 3122 734 3186 enim,
762 3122 807 3175 si
835 3121 983 3175 fieret
1002 3122 1141 3191 quod
1164 3138 1369 3192 aequum
1401 3132 1533 3189 erat,
1558 3125 1624 3179 de
1646 3124 1971 3182 humanitate

402 3226 465 3265 ac
493 3211 896 3266 mansuetudine
928 3213 1085 3266 verba
1115 3212 1389 3267 facientem
1415 3229 1479 3269 ex
1500 3230 1618 3269 sese
1652 3215 1801 3270 istius
1834 3234 1970 3287 prte-

401 3302 558 3356 clarzn
586 3302 930 3372 phil050phiae
968 3304 1208 3371 exempla
1237 3305 1472 3372 praebere
1497 3347 1510 3367 ,
1533 3314 1689 3375 atque
1719 3308 1787 3360 ita
1813 3309 1971 3361 simul

402 3403 456 3448 et
497 3394 671 3448 verbis
724 3409 840 3449 eam
888 3394 1079 3449 docete
1113 3403 1169 3449 et
1212 3396 1361 3450 factis
1407 3397 1471 3450 ad
1510 3413 1625 3451 eam
1674 3399 1967 3455 instituere.

402 3485 660 3551 Quoniam
702 3494 877 3538 autem
923 3499 1020 3539 nos
1060 3485 1127 3539 ab
1156 3486 1255 3540 hac
1283 3487 1475 3541 virtute
1522 3488 1678 3558 longo
1720 3490 1970 3549 absumus

404 3577 679 3631 intervallo
699 3619 713 3642 ,
742 3592 844 3630 uno
874 3579 1120 3647 quopiam
1141 3594 1171 3632 e
1198 3595 1417 3634 numero
1447 3590 1748 3637 sanctorum
1772 3584 1821 3637 in
1854 3601 1969 3639 me-

403 3667 547 3720 dium
596 3667 884 3736 producto,
919 3668 1190 3739 oculisque
1221 3671 1414 3725 vestris
1461 3673 1743 3741 subjecto,
1769 3677 1971 3745 perspi-

404 3773 555 3811 cuam
584 3758 866 3827 quamdam
901 3774 963 3813 ac
1008 3768 1274 3828 potentem
1320 3761 1686 3817 adhibebimus
1719 3765 1970 3819 exhorta-

406 3848 625 3910 tionem,
657 3856 713 3900 ut
739 3848 884 3916 quasi
933 3848 997 3901 ad
1042 3849 1316 3920 archetypi
1356 3851 1633 3920 cujusdam
1673 3855 1968 3909 aunulatio-

406 3954 526 3994 nem
555 3938 895 3993 adhortemur
923 3947 975 3993 et
1001 3954 1095 3993 vos
1114 3950 1167 3993 et
1189 3955 1286 3994 nos
1315 3941 1475 4010 ipsos.

477 4028 644 4082 David
673 4031 929 4098 exemplar
950 4030 1299 4085 humanitatis.
1327 4063 1396 4077 --
1420 4033 1548 4098 Quis
1592 4017 1748 4105 igitur
1774 4038 1826 4089 in
1854 4053 1967 4093 me-

405 4123 548 4176 dium
587 4121 932 4189 proferendus
978 4133 1061 4176 est
1102 4121 1167 4176 de
1206 4122 1530 4178 humanitate
1572 4125 1815 4180 dicturo?
1841 4129 1969 4194 Quis

404 4228 533 4267 vero
579 4213 741 4276 alius,
786 4230 940 4282 quam
987 4216 1029 4268 is
1064 4214 1151 4284 qui
1191 4216 1386 4270 etclesti
1429 4218 1731 4274 testimonio
1771 4221 1970 4277 laudari

407 4305 631 4370 meruit,
655 4306 722 4359 ob
749 4304 849 4359 hoc
880 4308 1047 4374 ipsum
1081 4307 1307 4371 maxime
1334 4309 1740 4378 suspiciendas?
1770 4311 1967 4380 Inveni,

407 4396 608 4465 inquit,
632 4395 800 4448 David
824 4398 985 4463 lium
1009 4397 1039 4450 J
1048 4414 1153 4452 esse
1169 4439 1183 4462 ,
1215 4400 1376 4451 virum
1400 4403 1672 4456 secundum
1699 4420 1785 4457 cor
1807 4421 1972 4460 meum

410 4487 484 4558 (1.
514 4486 641 4558 Reg.
667 4488 754 4541 15.
786 4488 851 4541 14
870 4502 885 4553 ;
907 4487 1015 4541 Act.
1046 4490 1129 4543 15.
1153 4489 1266 4559 22).
1291 4490 1457 4545 Porro
1477 4502 1815 4562 posteaquam
1834 4497 1972 4552 Deus

405 4577 794 4645 pronuntiavit,
818 4577 956 4629 nulla
982 4579 1375 4634 contradicendi
1399 4581 1597 4650 reliqua
1628 4593 1709 4637 est
1738 4586 1969 4641 occasio.

406 4667 540 4722 Nam
583 4668 724 4723 illius
762 4668 996 4725 calculus
1037 4670 1372 4739 incorruptus
1409 4682 1521 4740 est,
1554 4689 1618 4729 eo
1647 4677 1785 4745 quod
1831 4679 1971 4735 Deus

407 4774 508 4813 nec
527 4758 593 4813 ad
620 4760 863 4829 gratiam,
896 4775 995 4815 nec
1016 4777 1112 4831 per
1139 4763 1316 4818 odium
1338 4764 1559 4833 judicat,
1584 4768 1675 4822 sed
1706 4784 1801 4837 pro
1826 4786 1970 4827 mera

407 4849 569 4904 animi
600 4850 790 4904 virtute
832 4849 933 4905 fert
974 4850 1301 4921 suffragium.
1335 4857 1403 4908 At
1432 4871 1537 4909 non
1566 4857 1635 4910 ob
1681 4859 1733 4912 id
1771 4869 1969 4917 tantum

408 4938 549 4992 hunc
570 4939 624 4993 in
651 4938 881 4994 medium
908 4940 1270 5009 produximus,
1301 4945 1441 5013 quod
1463 4945 1553 5001 Dei
1582 4948 1829 5019 suffragio
1851 4951 1969 5007 fue-

410 5031 478 5083 rit
517 5030 791 5094 laudatus,
816 5045 997 5084 verum
1026 5032 1344 5101 etiamquod
1378 5036 1446 5089 sit
1471 5036 1621 5091 exiis
1640 5039 1729 5107 qui
1756 5040 1854 5095 sub
1882 5057 1974 5097 ve-

410 5121 511 5174 teri
540 5120 655 5189 lege
674 5130 798 5175 sunt
821 5121 1046 5177 educati.
1076 5122 1343 5191 Siquidem
1368 5126 1466 5179 sub
1481 5126 1595 5196 lege
1614 5131 1796 5198 gratim
1820 5132 1973 5186 exsti-

411 5210 539 5263 tisse
566 5211 866 5279 quempiam
893 5212 958 5264 ab
989 5212 1060 5263 ira
1092 5226 1301 5278 purum,
1330 5222 1384 5266 et
1407 5215 1631 5276 inimicis
1647 5218 1837 5275 delicta
1854 5236 1974 5275 eon-

409 5297 691 5352 donantem
714 5340 729 5365 ,
757 5313 819 5354 ac
846 5308 1145 5367 parcentem
1178 5301 1240 5354 iis
1263 5317 1291 5355 a
1337 5303 1527 5372 quibus
1550 5307 1708 5362 fuerit
1731 5310 1973 5365 molestia

411 5387 645 5451 affectus,
677 5388 808 5441 nihil
838 5404 964 5443 sane
989 5390 1205 5457 mirum,
1227 5391 1477 5448 videlicet
1490 5405 1609 5465 post
1628 5399 1820 5453 Christi
1839 5416 1973 5455 mor-

415 5486 539 5543 tem,
572 5485 847 5546 postquam
888 5480 976 5532 ille
1021 5490 1125 5534 tam
1154 5484 1442 5538 clementer
1466 5486 1616 5541 nobis
1643 5490 1817 5543 omnia
1845 5507 1972 5561 pec-

416 5574 529 5625 t-ata
570 5568 805 5634 remisit,
833 5579 955 5640 post
997 5579 1073 5627 tot
1112 5582 1374 5643 praecepta
1415 5576 1610 5631 referta
1654 5584 1972 5651 evangelicae

470 5742 764 5805 (a)ttomilia
788 5745 853 5796 de
873 5748 1098 5803 Debitore
1121 5750 1291 5802 decem
1321 5752 1519 5802 millium
1545 5758 1849 5807 talentorum.

1435 376 1519 430 DE
1561 375 1811 429 DAVIDE
1853 366 1941 428 ET
1979 370 2201 427 SAULE
2240 372 2516 427 HOMILIA
2560 372 2598 426 l.

3555 380 3667 435 678

2093 479 2438 551 philosophiae
2468 501 2480 535 :
2513 492 2760 537 caeterum
2782 485 2830 538 in
2855 483 3043 540 Vetere
3070 485 3407 540 Testamento
3424 502 3542 543 cum
3573 492 3658 545 lex

2086 575 2416 645 permitteret
2450 575 2657 630 oculum
2712 592 2807 645 pro
2847 578 3002 632 oculo
3045 577 3307 642 effodere,
3341 594 3402 633 ac
3444 580 3651 636 denterr

2086 679 2184 734 pro
2221 665 2378 719 dente
2403 668 2694 721 extundere
2722 667 2910 738 (Exod.
2933 669 3020 723 21.
3055 669 3171 740 9.4),
3203 684 3429 738 eumque
3454 670 3544 739 qui
3570 672 3656 724 lm-

2089 755 2246 807 sisset
2296 755 2504 809 talionis
2551 771 2702 823 paena
2746 757 2962 822 ulcisci,
3005 758 3231 827 aliquem
3261 760 3531 814 exstitisse
3569 763 3655 829 qui

2085 852 2468 913 prteceptorum
2519 846 2649 900 fines
2698 848 3039 915 transilierit,
3090 848 3263 917 adque
3309 850 3654 917 apostolicam

2082 935 2812 1006 perveneritphiIOSOphiam,
2844 953 3000 1007 quem
3032 939 3329 993 auditorum
3359 955 3463 993 non
3486 940 3652 994 addu-

2083 1032 2168 1077 cet
2196 1024 2247 1077 in
2283 1027 2591 1093 stuporem?
2612 1042 2769 1096 quem
2804 1027 2849 1081 si
2896 1043 2997 1081 non
3028 1029 3314 1092 imitemur,
3345 1045 3447 1083 non
3481 1031 3655 1098 privet

2084 1114 2229 1168 omni
2256 1116 2431 1181 venia,
2459 1117 2708 1185 omnique
2742 1120 3120 1173 excusatione?
3148 1120 3250 1173 Sed
3280 1130 3336 1173 ut
3354 1121 3650 1176 accuratius

2082 1205 2197 1272 ejus
2236 1205 2481 1260 virtutem
2524 1209 2890 1276 cognoeastis,
2937 1208 3213 1263 concedite
3269 1209 3396 1263 mihi
3442 1220 3498 1264 ut
3530 1225 3649 1265 ora-

2086 1296 2281 1350 tionem
2313 1298 2467 1365 paulo
2495 1298 2652 1352 altius
2677 1308 2936 1369 repetam,
2962 1315 3024 1356 ac
3049 1301 3303 1355 beneficia
3325 1316 3650 1357 commemo~

2082 1403 2192 1440 rem
2220 1403 2337 1457 quae
2365 1388 2550 1443 beatus
2582 1390 2667 1444 ille
2692 1391 2773 1445 vir
2801 1392 2851 1445 in
2882 1392 3093 1447 Sainlem
3123 1393 3363 1448 contulit.
3386 1394 3516 1447 Nam
3544 1411 3650 1449 non

2083 1478 2260 1532 ulcisci
2281 1479 2544 1533 inimicum
2564 1482 2652 1549 qui
2678 1482 2989 1552 simpliciter
3006 1484 3165 1551 laesit,
3186 1501 3291 1540 non
3314 1486 3504 1539 mirum
3533 1497 3645 1541 est:

2082 1571 2242 1639 atqui
2273 1571 2541 1625 hominem
2586 1588 2613 1626 a
2643 1589 2701 1627 se
2743 1576 2920 1630 multis
2963 1576 3206 1632 affectum
3238 1578 3529 1643 beneficiis,
3557 1581 3649 1634 sed

2081 1660 2167 1728 qui
2200 1676 2296 1729 pro
2340 1662 2629 1718 benefactis
2672 1665 2967 1720 beneficum
3006 1669 3167 1723 semel
3214 1677 3373 1738 atque
3420 1670 3646 1735 iterum,

2081 1749 2190 1804 imo
2209 1750 2512 1821 frequenter
2537 1754 2836 1811 interficere
2860 1766 3081 1812 conatus
3109 1758 3195 1824 sit,
3226 1770 3564 1831 posteaquam
3595 1762 3647 1815 in

2082 1858 2269 1897 manus
2296 1844 2595 1912 incidisset,
2622 1856 2680 1899 ut
2700 1847 2809 1915 jam
2835 1847 3018 1903 liceret
3043 1850 3309 1917 occidere,
3338 1867 3442 1906 non
3477 1853 3646 1921 ipsum

2081 1932 2283 1987 dimisit
2306 1943 2504 1989 tantum
2525 1977 2539 2001 ,
2572 1952 2756 1992 verum
2784 1939 2943 1993 etiam
2963 1954 3027 1995 ex
3053 1941 3276 1996 aliorum
3306 1943 3508 1999 insidiis
3536 1951 3647 2003 eri-

2080 2024 2224 2093 puit;
2255 2027 2551 2095 praesertim
2592 2041 2712 2082 cum
2741 2029 2902 2084 sciret
2936 2030 3079 2085 illum
3123 2041 3244 2101 post
3282 2034 3467 2092 eadem
3494 2043 3648 2096 moli-

2082 2121 2256 2168 turum
2286 2132 2299 2167 :
2330 2116 2452 2185 quid
2477 2117 2521 2171 is
2546 2117 2805 2187 reliquum
2826 2118 2972 2186 fecit,
3002 2121 3141 2192 quod
3158 2122 3226 2179 ad
3247 2138 3506 2182 summam
3529 2131 3646 2200 phi-

2080 2202 2373 2272 losophiam
2398 2206 2565 2274 possit
2589 2206 2842 2278 adjungi?

2147 2293 2201 2345 2.
2233 2291 2486 2362 Benecia
2524 2295 2734 2351 Davidis
2777 2298 2832 2352 in
2870 2299 3097 2355 Saiilem.
3222 2304 3423 2372 Quibus
3469 2320 3643 2367 autem

2080 2382 2352 2437 beneficiis
2400 2385 2563 2440 David
2614 2386 2850 2444 allecerit
2889 2389 3136 2456 Saulem,
3174 2396 3384 2463 quando
3435 2408 3490 2452 et
3541 2417 3646 2469 quo

2079 2482 2266 2542 pacto,
2299 2476 2482 2545 paucis
2524 2487 2860 2535 enarrantem
2914 2496 3002 2538 me
3048 2486 3323 2542 su5tinete.
3371 2489 3503 2544 Cum
3544 2495 3645 2547 ali-

2079 2564 2288 2631 quando
2335 2565 2502 2621 Judaei
2545 2567 2686 2623 bello
2731 2570 3047 2629 difficillimo
3093 2588 3483 2649 premerentur,
3511 2582 3647 2639 adeo

2078 2662 2137 2706 ut
2166 2668 2350 2709 omnes
2388 2670 2581 2725 pavore
2611 2671 2788 2715 essent
2833 2667 3191 2730 consternati,
3224 2684 3323 2723 nec
3368 2672 3644 2742 quisquam

2077 2745 2294 2801 auderet
2334 2748 2540 2818 erigere
2578 2760 2736 2820 caput
2757 2792 2772 2818 ,
2794 2754 2886 2807 sed
2916 2756 2967 2809 in
3008 2766 3243 2813 extrema
3265 2762 3643 2833 desperatione

2079 2846 2218 2893 esset
2245 2838 2450 2905 civitas,
2478 2840 2697 2910 singulis
2722 2852 2946 2899 mortem
2976 2862 3083 2915 pra:
3109 2852 3275 2905 oculis
3305 2851 3640 2919 habentibus,

2076 2929 2412 3000 quotidieque
2433 2932 2699 2987 interitum
2725 2939 3147 3005 exspectantibus
3169 2943 3392 3009 cunctis,
3411 2956 3466 2999 ut
3484 2948 3640 3002 vitam

2075 3029 2290 3090 agerent
2319 3024 2648 3078 miseriorem
2678 3025 2741 3079 iis
2777 3027 2864 3094 qui
2895 3026 3091 3097 degunt
3131 3030 3180 3082 in
3213 3035 3482 3088 Ieterrimo
3525 3052 3642 3090 car-

2075 3124 2197 3164 cere
2217 3152 2229 3175 ,
2260 3110 2348 3165 hic
2379 3112 2447 3167 ab
2484 3114 2669 3169 ovibus
2696 3116 2915 3171 veniens
2957 3119 3023 3172 ad
3048 3121 3335 3177 exercitum
3356 3164 3369 3187 ,
3401 3139 3519 3178 cum
3547 3142 3641 3195 per

2075 3209 2282 3255 :ctatem
2310 3216 2407 3257 nec
2432 3212 2597 3259 artem
2618 3206 2845 3262 bellandi
2870 3210 3063 3265 callere
3088 3222 3285 3281 posset,
3315 3228 3377 3269 ac
3402 3216 3640 3273 laborum

2075 3290 2378 3345 militarium
2426 3292 2573 3348 rudis
2615 3304 2789 3358 esset.
2814 3298 2927 3367 ipse
2952 3315 3051 3370 pro
3081 3302 3338 3359 universis
3364 3305 3557 3361 bellum
3588 3309 3639 3362 in

2074 3396 2131 3433 se
2159 3383 2393 3452 recepit,
2422 3399 2486 3439 ac
2512 3384 2737 3442 feliciter
2760 3403 2872 3443 rem
2919 3394 3102 3461 gessit,
3135 3408 3291 3465 supra
3312 3412 3468 3465 quam
3499 3402 3641 3468 quis-

2073 3473 2211 3540 piam
2241 3486 2525 3543 Sperasset.
2553 3478 2880 3549 Quamquam
2916 3482 3074 3537 etiam
3106 3483 3151 3537 si
3176 3484 3359 3541 virtuti
3391 3488 3644 3545 defuisset

2073 3574 2312 3630 eventus,
2338 3574 2511 3621 tamen
2533 3569 2601 3622 ob
2630 3569 2795 3623 solam
2817 3571 2978 3625 animi
3008 3576 3471 3644 promptitudinem
3493 3597 3643 3650 egre-
3683 3629 3693 3639 .

2072 3655 2319 3724 gimnque
2342 3659 2667 3727 propositum
2706 3661 3039 3717 coronandus
3076 3673 3207 3719 erat.
3250 3667 3365 3722 Jam
3395 3670 3437 3724 si
3466 3673 3582 3739 quis
3612 3688 3642 3726 e

2072 3761 2291 3799 numero
2319 3747 2545 3802 militum
2570 3758 2724 3804 :etate
2744 3750 2925 3820 vigens
2946 3750 3149 3809 facinus
3170 3756 3270 3810 hoc
3289 3757 3638 3828 designassel,

2074 3836 2200 3889 nihil
2243 3835 2427 3891 fuisset
2474 3838 2699 3905 mirum,
2723 3840 2967 3896 videlicet
3014 3843 3064 3896 id
3097 3847 3391 3912 postulante
3428 3850 3643 3905 militari

2072 3925 2205 3996 lege.
2255 3928 2325 3981 At
2376 3927 2461 3983 hic
2506 3930 2596 3999 qui
2640 3931 2839 3986 nullam
2878 3933 3087 3989 videbat
3132 3940 3498 3995 necessitatem
3538 3943 3642 3998 huc

2073 4019 2373 4086 adigentem
2397 4060 2411 4083 ,
2466 4035 2527 4074 ac
2552 4022 2744 4077 multos
2782 4024 2939 4078 etiam
2987 4024 3211 4081 habebat
3253 4029 3592 4094 dehortantes
3623 4052 3639 4089 :

2074 4125 2195 4162 nam
2225 4118 2279 4163 et
2317 4109 2478 4163 frater
2503 4111 2647 4165 illum
2683 4114 3009 4182 increpavit,
3032 4127 3084 4170 et
3107 4134 3202 4173 rex
3232 4121 3553 4189 perspiciens
3582 4124 3643 4178 il-

2075 4201 2182 4254 lum
2212 4202 2441 4255 nondum
2471 4210 2626 4256 aetate
2656 4214 2940 4269 maturum,
2961 4222 3021 4260 ac
3042 4210 3287 4276 periculis
3318 4212 3643 4280 perferendis

2074 4290 2359 4345 inhabilem
2402 4291 2675 4360 cohibuit,
2707 4308 2769 4347 ac
2796 4309 3010 4350 manere
3046 4298 3239 4366 jussit,
3268 4298 3447 4355 dicens
3476 4319 3490 4354 :
3522 4301 3644 4357 Non

2076 4381 2260 4449 poteris
2283 4381 2355 4433 ire
2376 4423 2390 4446 ,
2421 4382 2656 4449 quoniam
2697 4400 2820 4451 puer
2848 4400 2898 4437 es
2928 4400 2947 4438 :
2972 4385 3058 4439 ille
3082 4402 3196 4440 vero
3220 4389 3309 4458 vir
3336 4400 3407 4443 est
3437 4391 3645 4446 bellator

2075 4470 2135 4523 ab
2178 4470 2509 4524 adolescentia
2559 4488 2649 4524 sua
2678 4474 2754 4542 (l.
2788 4473 2911 4544 Reg.
2960 4477 3047 4529 17.
3094 4479 3182 4548 55)
3216 4497 3228 4533 :
3260 4489 3491 4536 attamen
3519 4498 3639 4539 cum

2075 4562 2219 4616 nulla
2262 4563 2410 4617 illum
2455 4574 2763 4632 provocaret
2786 4568 3016 4635 occasio,
3053 4581 3238 4639 suapte
3264 4583 3453 4643 sponte
3496 4585 3548 4631 et
3577 4592 3641 4631 ex

2076 4667 2194 4706 sese
2230 4652 2407 4706 divino
2448 4668 2704 4709 accensus
2750 4656 2865 4710 zelo
2888 4698 2902 4724 ,
2931 4659 3217 4729 patriaeque
3254 4664 3489 4730 caritate,
3521 4680 3643 4734 per-

2078 4749 2198 4803 inde
2247 4750 2396 4818 quasi
2452 4764 2579 4805 oves
2633 4761 2876 4806 cerneret
2929 4753 3103 4808 verius
3152 4771 3309 4824 quam
3357 4757 3639 4824 homines,

2076 4849 2130 4895 et
2170 4840 2319 4909 quasi
2363 4854 2521 4895 canes
2549 4841 2828 4899 invasurus
2853 4853 2993 4898 esset
3019 4845 3191 4913 potius
3227 4861 3382 4913 quam
3412 4855 3517 4901 tam
3541 4865 3641 4903 nu-

2078 4945 2343 4985 merosum
2398 4929 2668 4985 hominum
2715 4933 3042 4997 exercitum,
3099 4934 3232 4988 adeo
3273 4936 3531 5005 intrepide
3577 4940 3643 4994 ad

2077 5023 2329 5076 barbaros
2347 5023 2582 5077 cucurrit
2612 5039 2627 5077 :
2657 5023 2811 5093 idque
2856 5026 3105 5093 temporis
3150 5034 3345 5081 tantam
3384 5043 3508 5100 erga
3552 5048 3639 5086 re-

2077 5128 2195 5182 gem
2244 5113 2652 5168 sollieitudinem
2704 5113 3025 5177 declaravit,
3058 5125 3113 5169 ut
3151 5117 3295 5171 illum
3335 5119 3491 5174 etiam
3522 5131 3645 5175 ante

2080 5202 2315 5271 prmlium
2328 5216 2389 5256 ac
2404 5202 2674 5257 victoriam
2692 5204 2742 5256 in
2759 5205 2940 5257 faciem
2959 5214 3280 5274 prostratum
3299 5210 3644 5266 erexerit.Ne

2079 5311 2182 5363 que
2203 5296 2341 5351 enim
2360 5296 2507 5350 factis
2524 5296 2824 5364 modojuvit
2841 5297 3007 5362 illum,
3027 5297 3118 5351 sed
3132 5307 3254 5353 ante
3274 5298 3465 5354 factum
3484 5303 3643 5356 etiam

2079 5390 2253 5444 verbis
2276 5389 2515 5443 hortatus
2540 5400 2621 5443 est
2646 5389 2786 5443 bono
2804 5389 2981 5442 animo
3011 5399 3068 5442 ut
3096 5399 3259 5455 esset,
3278 5406 3339 5445 ac
3362 5394 3644 5460 persuasit,

2082 5488 2242 5548 utque
2271 5479 2335 5534 de
2374 5490 2567 5534 eventu
2612 5479 2805 5534 bonam
2835 5480 3139 5549 conciperet
3164 5497 3341 5551 spem,
3371 5483 3546 5537 effecit
3578 5484 3647 5538 ita

2082 5569 2301 5638 loquens
2334 5585 2346 5621 :
2377 5568 2460 5623 Ne
2482 5568 2711 5623 concidat
2737 5585 2822 5622 cor
2846 5569 3036 5624 domini
3061 5571 3156 5624 mei
3182 5571 3234 5623 in
3259 5572 3387 5639 ipso,
3414 5573 3650 5641 quoniam

2080 5674 2247 5711 servus
2275 5668 2386 5711 tuus
2410 5659 2532 5724 ibit,
2564 5658 2896 5729 pugnabitque
2920 5675 3032 5713 cum
3056 5660 3332 5730 alienigena
3362 5660 3454 5713 hoc
3487 5659 3539 5727 (
3545 5660 3647 5712 bid;

2083 5762 2128 5799 v.
2155 5746 2270 5817 '52).
2303 5747 2494 5814 Qtueso
2521 5789 2534 5813 ,
2564 5763 2690 5803 num
2721 5749 2820 5803 hoc
2868 5763 3084 5819 parvum
3123 5748 3346 5829 videtur,
3376 5748 3516 5804 nulla
3553 5764 3650 5803 ne-
