4038 6360
378 404 476 463 οῖς

363 524 617 578 ;,cssitate
657 512 986 581 compulsum
1012 550 1026 573 ,
1058 523 1206 563 suam
1233 508 1396 576 ipsius
1413 505 1579 558 vitam
1608 502 1833 573 prodere
1859 542 1873 565 ,
1906 510 1961 555 et

371 615 424 668 in
465 621 648 661 eorum
678 604 952 656 utilitatem
983 615 1013 653 a
1036 599 1226 669 quibus
1256 597 1657 665 nihilumquam
1680 601 1959 662 acceperat

370 700 380 735 ν
409 696 614 751 cnelicii
641 737 655 759 ,
689 695 739 747 in
766 692 969 748 medios
996 690 1177 744 hostes
1196 689 1440 744 irruere?
1464 688 1655 742 Annon
1686 702 1781 756 par
1808 692 1922 742 erat
1942 724 1957 747 ,

371 798 516 843 hunc
552 794 670 854 post
709 783 812 837 tale
838 780 1043 849 facinus
1070 790 1258 845 ornato
1289 777 1441 832 titulo
1462 776 1663 832 domini
1694 774 1957 830 columnis

381 878 657 946 inscripto,
685 885 740 931 et
770 874 1034 944 publicum
1057 873 1284 925 civitatis
1310 879 1637 929 servatorem
1664 867 1956 938 appellare,

376 973 464 1041 qui
504 980 556 1025 et
584 968 731 1038 regni
780 968 962 1031 decus,
993 975 1048 1019 et
1075 965 1344 1019 civitatum
1370 962 1733 1025 fundamenta,
1761 968 1816 1014 et
1838 975 1962 1013 om-

378 1062 521 1114 nium
552 1060 712 1113 vitam
741 1058 1030 1127 opitulante
1058 1055 1149 1109 Dei
1179 1055 1347 1124 gratia
1372 1052 1634 1107 servarit?
1662 1049 1814 1121 Quod
1843 1064 1961 1104 esse
2012 1086 2013 1089 η

379 1160 585 1220 poterat
611 1149 751 1202 aliud
802 1147 1117 1201 beneficium
1144 1145 1245 1198 hoc
1276 1142 1486 1213 majus?
1512 1141 1694 1211 Neque
1721 1141 1862 1195 enim
1906 1140 1959 1195 in

379 1241 600 1310 gloriam
630 1250 717 1292 aut
740 1238 1028 1308 potentiam
1050 1278 1067 1304 ,
1098 1235 1192 1291 scd
1220 1237 1268 1288 in
1298 1236 1463 1303 ipsam
1490 1234 1654 1303 ipsius
1682 1233 1843 1285 vitam
1872 1231 1960 1285 be«

382 1331 626 1393 nclicium
655 1328 756 1383 hoc
778 1327 1033 1391 contulit,
1070 1337 1123 1380 et
1142 1326 1209 1379 ab
1240 1325 1368 1394 ipsis
1400 1325 1586 1378 mortis
1615 1323 1780 1392 portis
1802 1338 1960 1376 revo-

379 1424 520 1484 cavit
550 1438 563 1474 :
598 1422 772 1489 itaque
798 1419 843 1473 si
868 1419 1153 1473 humanum
1176 1416 1387 1487 quidem
1410 1415 1701 1470 subsidium
1727 1423 1960 1484 spectes,

383 1514 521 1567 illius
556 1510 823 1580 beneficio,
839 1508 1032 1568 deinde
1061 1507 1188 1561 vixit
1209 1523 1299 1561 rex
1321 1548 1335 1569 ,
1363 1520 1425 1564 ac
1447 1505 1793 1575 principatum
1843 1520 1959 1559 ser-

384 1605 549 1658 vavit.
583 1603 649 1657 Et
677 1610 856 1671 pestca
881 1643 895 1667 ,
924 1616 1079 1670 quam
1112 1600 1186 1653 illi
1214 1599 1446 1668 reposuit
1471 1597 1729 1667 gratiam?
1765 1596 1895 1653 Nam
1919 1598 1961 1650 si

381 1694 500 1765 quis
546 1691 838 1762 perpendat
878 1691 1129 1760 pra‘clare
1169 1699 1439 1759 gestorum
1498 1688 1911 1757 magnitudinem
1943 1728 1959 1750 ,

383 1786 588 1842 etiamsi
615 1800 705 1842 rex
744 1800 774 1838 a
813 1800 909 1839 suo
939 1785 1111 1852 capite
1159 1784 1448 1837 detractant
1477 1796 1725 1837 coronam
1755 1781 1966 1834 Davidis

382 1876 540 1947 capiti
578 1874 955 1947 imposuisset,
990 1890 1274 1943 numquam
1327 1888 1504 1941 parem
1546 1873 1811 1927 retulisset
1846 1887 1966 1941 gra-

383 1951 532 2030 tiam,
561 1965 652 2020 sed
680 1965 990 2034 ampliorem
1012 1965 1300 2018 debuisset.
1330 1965 1426 2018 Hic
1464 1964 1604 2017 enim
1643 1972 1698 2018 et
1728 1964 1884 2017 vitam
1913 1972 1968 2017 et

382 2071 606 2127 regnum
645 2055 723 2123 illi
764 2055 1017 2122 donavit,
1052 2055 1137 2109 ille
1179 2070 1305 2109 vero
1349 2053 1472 2107 huic
1516 2069 1734 2123 regnum
1761 2061 1966 2107 tantum

382 2160 498 2207 erat
548 2162 814 2204 cessurus.
854 2146 1233 2202 Verumtamen
1286 2145 1684 2199 consideremus
1747 2145 1965 2198 relatam

386 2259 489 2313 pro,
551 2240 843 2297 benefactis
902 2238 1146 2308 gratiam.
1210 2238 1338 2305 Qum
1407 2236 1619 2299 tandem
1674 2246 1788 2291 erat
1841 2236 1969 2290 illa?

387 2335 465 2393 De
489 2342 681 2397 czelero
704 2340 767 2405 et.
786 2330 854 2399 ab
892 2330 981 2384 illo
1007 2329 1093 2383 die
1132 2336 1434 2397 suspectum
1474 2328 1656 2383 habuit
1692 2326 1853 2382 David
1873 2370 1887 2392 ,
1916 2336 1972 2386 et

388 2425 456 2481 ab
494 2424 584 2478 illo
630 2421 817 2485 metuit
866 2420 986 2474 sibi.
1022 2419 1130 2473 Cur
1158 2430 1211 2474 et
1247 2434 1402 2489 quam
1444 2417 1514 2472 ob
1560 2418 1809 2473 causam?
1838 2417 1969 2471 Nam

386 2525 444 2572 et
517 2514 833 2582 suspicionis
900 2527 1057 2566 causa
1119 2511 1580 2565 commemoranda
1637 2520 1737 2565 est.
1791 2509 1971 2579 Neque

384 2606 527 2675 enim
555 2602 807 2674 quidquid
837 2602 1023 2671 aliquis
1044 2600 1253 2665 dixerit,
1280 2600 1417 2654 idem
1445 2615 1561 2655 esse
1586 2601 1789 2670 justum
1817 2600 1969 2655 affir-

388 2696 571 2752 mabiL
603 2695 733 2749 Nam
759 2709 880 2764 erga
910 2707 1030 2748 eum
1049 2694 1137 2762 qui
1168 2691 1397 2749 animam
1426 2692 1709 2766 impendit,
1726 2703 1777 2746 et
1808 2694 1969 2745 vitam

385 2789 571 2854 dedit,
602 2803 718 2856 qua:
746 2794 949 2855 poterat
970 2798 1088 2838 esse
1110 2784 1250 2852 justa
1292 2782 1609 2853 suspicionis
1639 2784 1838 2837 causa?
1868 2783 1970 2837 Sed

388 2891 565 2939 tamen
603 2881 769 2948 ipsam
796 2876 1085 2930 inimicitia:
1111 2889 1329 2928 causam
1359 2874 1701 2942 inspiciamus
1724 2914 1737 2938 ,
1772 2884 1827 2927 ut
1872 2874 1973 2926 ali-

387 2970 515 3040 quid
566 2967 816 3038 discatis,
858 2965 998 3037 quod
1052 2978 1151 3021 nec
1194 2965 1304 3034 ipsa
1347 2963 1566 3021 vietoria
1606 2965 1672 3017 sit
1711 2963 1927 3018 inferius
1956 2979 1975 3017 :

388 3060 633 3131 quodque
665 3057 825 3123 David
865 3057 939 3111 sit
964 3056 1167 3110 honore
1192 3055 1383 3124 dignus
1410 3055 1477 3107 ob
1503 3070 1564 3108 ca
1594 3056 1726 3124 ipsa,
1756 3065 1972 3124 prOpter

389 3170 508 3223 qua:
533 3151 783 3219 deinceps
808 3150 952 3205 venit
976 3149 1027 3204 in
1053 3149 1410 3217 suspicionem
1437 3190 1451 3214 ,
1483 3147 1689 3201 insidiis
1714 3150 1977 3219 appetitus

390 3254 492 3299 est.
542 3242 671 3310 Qum
719 3242 877 3310 igitur
918 3248 1036 3294 erat
1082 3238 1399 3307 suspicionis
1450 3239 1649 3293 causa?
1694 3238 1976 3309 Postquam

397 3337 608 3389 barbari
640 3334 781 3388 illius
803 3340 961 3402 caput
998 3331 1238 3396 abstulit,
1261 3342 1315 3385 et
1342 3330 1511 3400 spolia
1536 3339 1747 3401 gestans
1776 3333 1931 3387 rediit
1960 3349 1975 3391 :

397 3425 646 3487 Exierunt
670 3464 685 3489 ,
718 3422 917 3493 inquit,
950 3422 1182 3476 mulieres
1207 3431 1437 3483 canentes
1461 3438 1520 3475 ac
1559 3422 1775 3485 dicentes
1803 3439 1821 3476 :
1855 3421 1979 3476 Per-

395 3518 548 3580 cussit
575 3516 704 3572 Sat'tl
726 3516 780 3569 in
806 3515 1024 3569 millibus
1073 3514 1206 3581 suis,
1231 3523 1277 3579 et
1296 3512 1462 3567 David
1495 3514 1547 3567 in
1575 3515 1741 3581 decem
1764 3516 1980 3569 millibus

350 3628 357 3633 λ
396 3609 521 3663 suis.
548 3606 613 3661 Et
632 3610 791 3660 iratus
813 3614 883 3659 est
911 3603 1062 3672 Saul,
1085 3614 1131 3657 et
1150 3613 1433 3674 suspectum
1458 3604 1633 3658 habuit
1654 3604 1821 3659 David
1843 3605 1904 3660 ab
1923 3622 1980 3660 eo

396 3699 479 3752 die
501 3715 561 3752 ac
586 3698 819 3767 deinceps
843 3698 922 3767 (1.
956 3695 1083 3768 Reg.
1109 3696 1193 3751 18.
1225 3696 1377 3767 6-9).
1410 3695 1571 3765 Cujus
1617 3697 1841 3753 obsecro
1861 3739 1875 3763 ,
1904 3697 1980 3752 rei

396 3789 590 3860 gratia?
617 3788 837 3843 Etiamsi
883 3788 997 3843 inec
1045 3797 1244 3858 praeter
1269 3789 1515 3842 meritum
1547 3788 1774 3844 fuisse:.t
1801 3790 1940 3845 dicta
1962 3833 1978 3858 ,

398 3897 466 3935 ne
494 3882 569 3936 sic
585 3880 796 3950 quidem
820 3880 1095 3948 oportebat
1124 3879 1373 3933 hostilem
1418 3880 1469 3932 in
1512 3880 1764 3934 Davidem
1793 3896 1982 3949 gerere

399 3975 639 4027 animum
666 3991 678 4028 :
706 3972 798 4027 sed
824 3981 1095 4041 postquam
1117 3985 1183 4026 ex
1221 3971 1378 4025 rebus
1415 3972 1578 4040 gestis
1607 3971 1742 4025 illius
1769 3988 1891 4041 erga
1923 3986 1982 4026 se

401 4064 821 4120 benevolentiam
847 4062 1078 4116 habebat
1102 4069 1430 4131 compertam
1452 4102 1467 4128 ,
1498 4063 1693 4132 quippe
1722 4064 1809 4132 qui
1835 4064 1981 4117 nullo

400 4167 623 4227 cogente
666 4165 756 4210 aut
790 4156 1177 4225 compellente,
1217 4163 1403 4223 suapte
1448 4155 1818 4213 benevolentia
1870 4165 1985 4209 tan-

404 4261 516 4316 tum
562 4251 793 4305 subisset
841 4248 1195 4313 discriminis,
1246 4263 1350 4301 non
1403 4247 1683 4316 oportebat
1732 4247 1985 4315 deinceps

405 4342 692 4413 quidquam
737 4340 803 4395 de
846 4340 937 4409 illo
983 4339 1238 4409 suspicari
1289 4338 1432 4391 mali.
1462 4337 1611 4390 Nunc
1659 4349 1831 4391 autem
1865 4337 1986 4406 jure

406 4434 592 4489 laudes
624 4431 1028 4502 proferebantur
1054 4447 1068 4494 ;
1098 4438 1153 4484 et
1179 4429 1233 4493 si.
1267 4428 1347 4482 fas
1376 4438 1456 4481 est
1479 4444 1600 4481 vera
1629 4427 1902 4496 proloqui,
1932 4427 1984 4481 in

408 4527 585 4582 Sat'tlis
612 4525 832 4596 gratiam
854 4524 939 4577 illa
958 4524 1095 4577 dicta
1123 4530 1246 4575 sunt
1272 4523 1465 4589 potius,
1488 4536 1643 4589 quam
1668 4520 1719 4572 in
1756 4519 1986 4585 Davidis;

410 4619 640 4688 debebat
685 4625 860 4670 autem
905 4616 1035 4669 satis
1082 4614 1316 4676 habere,
1369 4613 1507 4682 quod
1554 4612 1626 4666 illi
1682 4612 1990 4666 tribuissent

410 4709 579 4773 inille.
612 4706 718 4767 Cur
744 4707 904 4777 igitur
930 4706 1229 4774 indignatus
1253 4713 1365 4767 est,
1398 4704 1537 4773 quod
1577 4703 1759 4758 Davidi
1786 4704 1987 4758 tribue-

407 4804 517 4865 rint
544 4801 727 4857 decem
750 4798 1172 4859 millialEtenim
1194 4796 1241 4850 si
1268 4812 1359 4859 rex
1381 4795 1445 4857 ad
1474 4795 1683 4862 bellum,
1700 4794 1988 4851 finiendum

410 4895 493 4950 vel
520 4892 790 4964 paululum
814 4889 1009 4960 aliquid
1041 4888 1295 4943 momenti
1316 4888 1658 4953 contulisset,
1695 4898 1837 4943 recte
1879 4898 1986 4941 tum

409 4984 609 5039 dictum
634 4983 840 5049 fuisset,
870 4980 999 5037 Sail
1022 4981 1075 5033 in
1097 4979 1315 5033 millibus
1334 5021 1345 5041 ,
1370 4977 1538 5031 David
1570 4979 1623 5031 in
1644 4978 1814 5041 decem
1841 4979 1991 5032 milli-

409 5077 523 5131 bus.
555 5075 707 5143 Quod
759 5074 805 5129 si
846 5074 958 5143 ipse
994 5072 1208 5142 quidem
1243 5072 1461 5141 pavidus
1499 5087 1562 5127 ac
1591 5081 1825 5139 tremens
1848 5072 1992 5127 domi

413 5166 655 5233 desedit,
690 5165 742 5220 in
770 5164 1008 5235 singulos
1033 5162 1146 5219 dies
1168 5173 1390 5217 tnortem
1415 5174 1727 5231 exspectans
1745 5204 1758 5225 ,
1790 5163 1874 5223 hic
1894 5179 1991 5217 au-

410 5266 521 5321 tem
544 5267 711 5313 totum
754 5256 958 5321 facinus
999 5255 1244 5325 peregit:
1277 5270 1452 5314 annon
1497 5255 1783 5308 absurdum
1836 5263 1951 5309 erat
1978 5297 1990 5318 ,

409 5365 531 5405 eum
547 5349 634 5419 qui
663 5348 795 5403 nihil
820 5346 886 5401 ad
908 5345 1216 5416 depellenda
1241 5345 1473 5414 pericula
1495 5346 1793 5400 contulerat
1809 5388 1824 5413 ,
1849 5347 1917 5399 ob
1940 5347 1991 5399 id

412 5440 695 5512 indignari,
722 5438 863 5508 quod
890 5454 992 5493 non
1019 5438 1137 5506 plus
1163 5437 1334 5491 laudis
1365 5436 1612 5491 tulisset?
1634 5436 1763 5490 Nam
1794 5438 1838 5491 si
1865 5438 1993 5492 indi-

411 5529 679 5603 gnandum
700 5537 835 5594 crat,
864 5527 1114 5582 Davidem
1145 5529 1316 5596 potius
1336 5526 1991 5597 conveniebatindignari,

413 5622 555 5695 quod
602 5636 723 5676 cum
769 5620 915 5675 solus
967 5628 1134 5674 totum
1172 5619 1451 5689 gessisset,
1500 5619 1725 5681 alterum
1773 5618 1992 5673 haberet

415 5711 589 5769 laudis
609 5711 938 5780 participem.

486 5802 539 5855 3.
579 5800 682 5857 Sed
713 5802 901 5859 horum
928 5801 1059 5856 nihil
1083 5800 1447 5857 dico:verum
1470 5799 1601 5856 illud
1622 5798 1851 5859 dixerim
1888 5821 1898 5856 :
1936 5814 1992 5857 ut

1128 395 1185 449 S.
1216 392 1492 451 JOANNIS
1526 386 2003 446 CHRYSOSTOMI
2041 387 2357 443 ARCHIEP.
2386 389 2920 457 CONSTANTINOP.

3540 405 3645 458 630

2071 502 2331 556 donemus
2357 519 2461 557 non
2491 515 2633 565 recte
2655 506 2843 560 fet-isse
2864 507 3133 575 mulieres,
3155 524 3350 581 easque
3370 511 3531 569 fuisse
3549 519 3653 569 cri-

2070 592 2197 647 mini
2224 594 2502 656 obnoxias,
2548 605 2601 649 et
2630 598 2966 652 accusatione
2991 598 3198 667 dignas,
3245 601 3369 670 quid
3424 603 3536 658 haec
3587 605 3653 657 ad

2069 683 2357 736 Davidem?
2394 685 2574 754 Neque
2600 688 2740 740 enim
2774 688 2885 757 ipse
2915 700 3289 758 composuerat
3316 696 3614 748 cantionem
3636 731 3655 762 ,

2067 775 2362 843 nequcillis
2383 786 2643 843 snaserat,
2681 787 2736 830 ut
2768 779 3007 833 dicerent
3032 796 3148 849 qua:
3178 782 3446 849 dicebant,
3481 800 3656 854 nequa

2068 866 2347 919 adornarat
2382 867 2529 920 illum
2568 868 2885 922 laudationis
2917 870 3153 925 modum.
3182 871 3414 930 Proinde
3441 874 3652 940 etiarnsi

2069 956 2447 1025 indignandum
2476 966 2611 1025 erat,
2637 961 2943 1016 mulieribus
2969 965 3206 1031 oportuit
3236 965 3517 1035 indignari,
3548 983 3657 1033 nou

2069 1046 2138 1105 de
2166 1048 2325 1103 civile
2355 1050 2703 1114 benemerito,
2737 1061 2790 1105 et
2832 1053 3050 1107 infinitis
3098 1053 3260 1124 digno
3290 1058 3525 1110 coronis.
3584 1060 3651 1111 At

2066 1140 2192 1205 Sat'tl
2222 1144 2433 1197 omissis
2456 1144 2563 1197 illis
2593 1145 2644 1198 in
2674 1145 2835 1198 David
2865 1147 3210 1201 irascebatur.
3234 1147 3351 1203 Jam
3373 1150 3418 1203 si
3444 1164 3507 1204 ea
3536 1151 3655 1203 lau-

2066 1233 2134 1287 de
2163 1234 2405 1289 sublatus
2432 1237 2517 1289 ille
2538 1237 2723 1290 beatus
2750 1236 3025 1291 invidisset
3054 1253 3231 1292 rerum
3250 1241 3489 1308 potienti,
3520 1240 3653 1296 fuis-

2067 1336 2252 1395 setque
2295 1325 2394 1395 ipsi
2419 1328 2856 1390 contumeliosus,
2901 1336 2956 1382 et
2984 1338 3302 1397 aSpernatus
3328 1329 3517 1393 fuisset
3540 1330 3656 1401 ejus

2069 1415 2386 1484 imperium,
2436 1416 2658 1473 forsitan
2706 1417 2878 1486 aliqua
2908 1416 3095 1471 fuisset
3143 1419 3406 1473 invidendi
3447 1436 3606 1474 causa
3637 1432 3663 1490 ε,

2067 1513 2121 1559 at
2149 1507 2193 1561 si
2225 1506 2393 1560 factus
2416 1506 2511 1560 fuit
2540 1506 2821 1561 humanior
2846 1524 2908 1563 ac
2934 1509 3225 1563 modestior
3246 1549 3275 1581 ,ν
3296 1511 3341 1565 si
3372 1513 3424 1564 in
3471 1511 3655 1565 subdi-

2069 1607 2242 1651 torum
2271 1600 2458 1653 ordine
2505 1615 2565 1653 se
2592 1600 2891 1666 continuit,
2948 1617 3067 1669 qua:
3107 1601 3319 1657 tandem
3360 1614 3475 1657 erat
3511 1604 3651 1672 justa

2067 1688 2282 1743 dolendi
2312 1689 2516 1744 causa?
2544 1689 2814 1759 Siquidem
2838 1707 2955 1745 cum
2988 1693 3031 1745 is
3054 1694 3140 1761 qui
3172 1695 3374 1748 honore
3401 1696 3651 1759 afficitur,

2068 1782 2324 1835 attollitur
2340 1782 2594 1837 adversus
2611 1799 2731 1843 eum
2748 1799 2778 1837 a
2796 1800 2900 1855 quo
2924 1795 3202 1855 provectus
3221 1795 3324 1854 est,
3343 1803 3440 1843 nec
3460 1788 3653 1847 desinit

2067 1873 2120 1927 in
2139 1874 2274 1927 illius
2295 1883 2653 1944 contemptmn
2674 1875 3049 1935 honoreabuti.
3076 1877 3232 1933 habet
3250 1879 3403 1932 dolor
3427 1881 3655 1937 nonnul-

2067 1965 2169 2034 lam
2188 1966 2579 2021 excusationem
2602 1985 2613 2020 :
2636 1978 2885 2023 caeterum
2905 1968 2991 2022 ubi
3016 1970 3247 2036 persistit
3265 1970 3316 2023 in
3342 1971 3670 2032 honorando,

2069 2058 2213 2111 illum
2240 2097 2255 2123 ,
2288 2068 2379 2111 aut
2406 2059 2580 2126 potius
2608 2059 2775 2127 magis
2804 2058 3132 2127 obsequitur,
3160 2060 3405 2129 ceditque
3447 2061 3499 2113 in
3532 2076 3651 2114 ont-

2072 2151 2247 2213 nibus,
2273 2166 2427 2219 quem
2456 2161 2632 2218 postea
2659 2159 2831 2218 potest
2848 2149 3044 2205 habere
3071 2161 3389 2219 praetextum
3419 2151 3609 2205 invidia
3632 2152 3669 2204 i-

2142 2240 2263 2293 Non
2294 2239 2499 2306 e/fertur
2517 2239 2682 2293 David
2699 2242 2758 2292 ob
2784 2257 3075 2310 prosperum
3098 2241 3656 2308 successum—Itaque

2070 2331 2276 2385 etiamsi
2320 2330 2448 2383 nihil
2477 2330 2619 2384 aliud
2660 2332 2908 2399 praeclare
2933 2339 3139 2400 gestum
3170 2330 3388 2398 fuisset,
3438 2332 3508 2384 ob
3552 2332 3670 2385 hoc

2071 2420 2241 2490 ipsum
2276 2431 2450 2475 tamen
2479 2421 2644 2489 magis
2670 2429 2785 2477 erat
2804 2420 3118 2489 diligendus,
3150 2421 3289 2489 quod
3310 2437 3427 2475 cum
3456 2430 3653 2474 tantam

2071 2521 2259 2565 nactus
2286 2519 2429 2565 esset
2453 2512 2789 2564 occasionem
2821 2510 3114 2579 occupandi
3142 2512 3321 2581 regni,
3365 2510 3656 2579 perstiterit

2073 2603 2124 2657 in
2153 2618 2246 2657 sua
2277 2602 2557 2657 modestia.
2587 2602 2770 2671 Neque
2816 2603 2956 2656 enim
2988 2618 3105 2671 quin
3137 2603 3280 2670 prius
3329 2612 3479 2671 gesta
3527 2615 3653 2656 sunt

2073 2702 2299 2758 tantum,
2326 2709 2509 2748 verum
2540 2708 2637 2747 nec
2662 2709 2721 2747 ea
2751 2709 2868 2763 qua:
2896 2704 3217 2762 consequuta
3245 2703 3392 2757 sunt,
3419 2696 3675 2763 superio-.

2073 2785 2223 2847 ribus
2243 2784 2347 2838 illis
2372 2785 2538 2838 multo
2567 2785 2920 2853 praeelariora,
2946 2784 3277 2839 sustulerunt
3319 2784 3395 2839 illi
3425 2786 3655 2839 animos.

2074 2872 2202 2941 Qum
2232 2874 2443 2931 tandem
2476 2875 2601 2927 illa?
2627 2873 2775 2941 Erat,
2808 2875 2997 2944 inquit,
3026 2875 3191 2929 David
3212 2876 3431 2945 prudens
3457 2876 3512 2929 in
3548 2894 3659 2929 om-

2075 2963 2219 3017 nibus
2245 2964 2335 3018 viis
2356 2966 2481 3025 suis,
2502 2974 2546 3017 et
2577 2962 2824 3017 Dominus
2841 2966 3152 3034 omnipotens
3170 2975 3277 3018 erat
3303 2981 3417 3018 cum
3440 2982 3520 3031 eo,
3545 2968 3673 3023 unis

2077 3073 2346 3126 versusque
2375 3054 2544 3110 Israel
2566 3066 2611 3109 et
2648 3056 2680 3109 J
2688 3058 2787 3109 uda
2816 3057 3053 3127 diligebat
3077 3056 3537 3127 David,‘quoniam
3554 3060 3663 3127 ipse

2076 3148 2447 3219 ingrediebatur
2488 3158 2534 3201 et
2564 3148 2904 3217 egrediebatur
2946 3158 3061 3200 ante
3097 3159 3414 3216 conspectum
3455 3150 3657 3215 populi.

2078 3239 2148 3305 Et
2167 3240 2388 3294 Melchol
2406 3240 2513 3307 ﬁlia
2532 3239 2681 3305 Saul,
2700 3248 2754 3293 et
2770 3240 3045 3293 universus
3063 3238 3221 3292 lsrael
3239 3238 3476 3308 diligebat
3493 3239 3659 3291 illum.

2082 3331 2149 3399 Et
2169 3332 2391 3401 sapiebat
2407 3348 2563 3402 supra
2586 3347 2756 3385 omnes
2773 3347 2939 3385 servos
2963 3330 3116 3394 Sail;
3134 3339 3179 3383 et
3204 3328 3543 3383 honorabatur
3567 3348 3662 3382 no-

2081 3442 2192 3488 men
2214 3426 2351 3478 illius
2374 3424 2609 3495 valde(1.
2631 3424 2756 3493 Reg.
2779 3423 2864 3478 18.
2886 3422 3068 3478 1-1.16.
3086 3422 3177 3475 9.0.
3198 3422 3306 3492 50).
3332 3420 3673 3475 EtJonatltas

2081 3518 2217 3585 ﬁlius
2245 3517 2373 3570 Satil
2402 3516 2637 3586 diligebat
2668 3515 2830 3568 David
2850 3515 3160 3569 vehementer
3187 3514 3267 3583 (1.
3294 3514 3418 3584 Reg.
3453 3514 3540 3567 18.
3575 3513 3660 3581 Ξ).

2080 3607 2457 3663 Verumtamen
2486 3622 2620 3665 cum,
2639 3607 2944 3662 universum
2972 3605 3225 3676 populum
3252 3620 3315 3657 ac
3342 3604 3481 3673 regis
3507 3603 3663 3655 fami-

2082 3698 2206 3754 liam
2256 3698 2355 3753 sibi
2388 3700 2720 3753 conciliatam
2751 3697 2990 3764 haberet,
3022 3711 3143 3751 cum
3186 3695 3382 3765 ubique
3417 3700 3467 3747 in
3510 3694 3667 3747 bellis

2083 3794 2338 3856 vinceret,
2367 3807 2462 3845 nec
2488 3808 2735 3860 umquam
2765 3791 3109 3845 frustraretur
3134 3804 3403 3853 successu,
3436 3803 3668 3856 cumque

2086 3900 2182 3954 pro
2225 3885 2363 3939 bene
2386 3884 2549 3953 gestis
2575 3882 2735 3937 rebus
2777 3882 2882 3936 illis
2934 3881 3091 3936 talem
3123 3890 3349 3951 gratiam
3381 3878 3665 3946 reciperet,

2086 3994 2190 4033 non
2217 3977 2689 4043 erexitcervicem,
2719 3991 2817 4031 nec
2841 3991 3059 4045 regnum
3103 3974 3386 4038 affectavit,
3421 3987 3515 4026 nec
3569 3971 3679 4027 h0-,

2085 4080 2221 4123 stem
2245 4069 2389 4123 ultus
2418 4077 2520 4135 est,
2562 4068 2658 4124 sed
2684 4067 3053 4135 perseveravit
3078 4068 3130 4121 in
3161 4064 3562 4126 benefaciendi»,
3616 4075 3670 4117 ct

2088 4160 2145 4214 in
2174 4159 2326 4213 bellis
2354 4173 2452 4227 pro
2478 4174 2602 4228 rege
2642 4158 2865 4213 feliciter
2890 4159 3157 4229 gerendis.
3181 4158 3310 4224 Quis
3340 4167 3421 4211 est
3450 4167 3551 4209 tam
3586 4155 3669 4209 ef-

2088 4250 2286 4304 feratus
2315 4258 2369 4302 et
2395 4248 2648 4315 crudelis,
2679 4250 2764 4304 cui
2814 4250 2913 4303 ista
2955 4265 3059 4303 non
3091 4248 3286 4304 fuerint
3328 4263 3667 4316 persuasum,

2089 4351 2148 4394 ut
2175 4340 2505 4394 inimicitiam
2532 4340 2858 4410 deponeret,
2905 4350 2960 4395 et
3003 4339 3256 4394 invidiam
3287 4338 3571 4408 abjiceret?
3601 4340 3672 4391 At

2089 4431 2363 4490 Crudelem
2380 4431 2523 4486 illum
2551 4441 2606 4486 et
2632 4432 2977 4499 inhumanum
3006 4430 3132 4485 nihil
3160 4430 3346 4483 horum
3378 4429 3552 4492 flexit;
3577 4427 3672 4481 sed

2090 4525 2155 4577 ad
2182 4524 2296 4578 hzcc
2322 4525 2498 4579 omnia
2528 4539 2723 4590 caretis,
2746 4534 2800 4578 et
2830 4522 3039 4577 invidia:
3063 4522 3292 4587 deditus,
3333 4532 3555 4575 conatus
3592 4529 3685 4579 est.

2092 4616 2240 4680 illum
2279 4632 2310 4670 e
2347 4616 2525 4670 medio
2555 4615 2775 4675 tollere:
2809 4626 2862 4669 et
2909 4614 3035 4684 quid
3079 4614 3303 4669 obsecro
3350 4612 3676 4667 facientem?

2094 4705 2113 4778 (
2145 4721 2264 4760 nam
2314 4706 2363 4760 id
2396 4707 2565 4777 majus
2587 4717 2669 4763 est
2697 4722 2759 4761 ac
2785 4705 3160 4776 stnpendum,)
3184 4716 3461 4761 canentem
3512 4707 3676 4759 citha-

2094 4816 2173 4862 ra,
2204 4809 2257 4855 et
2283 4800 2448 4868 ipsius
2474 4802 2732 4855 insaniam
2759 4800 3055 4859 sedantem.
3089 4799 3278 4865 David,
3311 4800 3499 4867 inquit,
3528 4800 3673 4868 paul»

2095 4890 2225 4944 lebat
2252 4907 2403 4943 manu
2426 4908 2521 4944 sua
2536 4892 2754 4961 quotidie
2775 4908 2793 4945 :
2814 4900 2859 4945 et
2886 4892 3032 4945 hasta
3055 4892 3107 4944 in
3126 4908 3278 4945 manu
3296 4890 3427 4945 Satil
3448 4906 3464 4942 :
3482 4908 3539 4943 ac
3564 4910 3678 4942 sus-

2095 4982 2206 5033 tulit
2254 4980 2385 5036 Saul
2422 4981 2666 5047 lanceam,
2714 4982 2972 5053 dixitque,
3012 4980 3237 5053 Inﬁgam
3284 4983 3339 5036 in
3385 4980 3590 5045 David;
3635 4990 3683 5035 c:

2096 5071 2208 5137 ﬁxit
2254 5071 2307 5123 in
2351 5072 2589 5140 parietem
2635 5087 2653 5125 :
2690 5082 2735 5126 et
2783 5072 3046 5126 declinavit
3090 5072 3260 5126 David
3301 5090 3334 5125 a
3389 5073 3515 5141 faeie
3568 5074 3679 5142 ejus

2097 5163 2175 5214 bis
2227 5161 2384 5232 (Ibid.
2432 5179 2476 5223 υ.
2526 5165 2637 5231 1f).
2676 5164 2927 5231 Potestne
2968 5165 3088 5219 huic
3125 5166 3338 5219 malitiae
3389 5166 3679 5235 quidquam

2097 5252 2352 5322 adjungi?
2402 5252 2494 5306 ιιι..
2529 5252 2663 5307 forte
2711 5271 2829 5323 quae
2874 5266 2997 5325 post
3040 5256 3364 5325 subscquuta
3404 5270 3545 5309 sunt.
3578 5256 3679 5320 Qui

2100 5358 2268 5413 nuper
2299 5344 2479 5398 hostes
2506 5344 2776 5414 abcgerat,
2810 5360 2906 5413 per
2931 5362 3086 5415 quem
3128 5349 3315 5401 civitas
3356 5349 3457 5402 sibi
3506 5347 3682 5403 fuerat

2099 5434 2326 5496 reddita,
2360 5435 2563 5489 cunctis
2599 5450 2694 5503 pro
2725 5437 2939 5489 victoria
2966 5438 3211 5491 victimas
3240 5439 3641 5492 immolantibus
3668 5457 3681 5493 :

2097 5524 2218 5580 Saul
2253 5523 2547 5579 beneficum
2597 5533 2653 5579 et
2688 5536 3043 5590 servatorem,
3066 5540 3130 5581 ac
3170 5527 3429 5581 bonorum
3470 5528 3680 5587 illorum

2097 5630 2368 5671 auctorem
2413 5628 2633 5672 conatus
2675 5626 2758 5670 est
2800 5619 3099 5671 interficere
3130 5619 3440 5686 psallentem
3474 5636 3488 5671 :
3520 5636 3583 5675 ac
3615 5637 3683 5675 ne

2099 5706 2474 5761 beneficiorum
2498 5706 2707 5775 quidem
2748 5708 3004 5761 memoria
3035 5707 3298 5764 furentem
3326 5710 3471 5764 ilium
3496 5726 3559 5763 ac
3586 5711 3684 5763 dc-

2098 5800 2339 5859 lirautem
2369 5800 2620 5867 coercuit,
2653 5800 2744 5856 sed
2775 5800 2940 5856 semel
2970 5808 3024 5856 et
3044 5801 3125 5857 bis
3153 5805 3305 5859 torsit
3321 5804 3371 5859 in
3404 5805 3547 5859 illum
3574 5806 3679 5861 Lm-
