4038 6360
541 428 644 486 081

538 539 686 609 αὐτῷ
750 536 864 590 ἀντὶ
901 535 1008 588 τῶν
1051 534 1307 588 κινδύνων
1353 533 1452 597 τὰς
1500 534 1733 604 ἀμοιϐάς
1786 533 1974 586 ἐδίδου.
2018 531 2128 583 Καὶ

538 624 802 687 πολλάκις
822 623 979 676 τοῦτο
1005 623 1253 692 ἐποίησε,
1284 621 1378 674 καὶ
1401 622 1501 674 οὐκ
1529 622 1587 674 ἐν
1619 620 1802 690 ἡμέρᾳ
1839 620 1958 689 μιᾷ.
1989 621 2047 670 'U
2071 617 2126 669 δὲ

539 713 692 780 ἅγιος
723 712 928 774 ἐκεῖνος
949 710 1042 762 καὶ
1067 710 1207 780 μετὰ·
1224 707 1396 762 ταῦτα
1427 708 1604 761 πάντα
1632 708 1790 778 ἔμενε
1819 721 1886 760 τα
1917 706 2125 758 ἐκείνου

538 797 881 868 θεραπεύων,
925 797 1017 850 καὶ
1061 796 1203 870 ὑπὲρ
1250 795 1351 866 τῆς
1401 795 1674 864 σωτηρίας
1735 793 1900 848 αὑτοῦ
1947 792 2128 846 κινδυ-

539 884 732 950 νεύων,
764 885 857 938 καὶ
899 884 1379 956 παραταττόμενος
1417 885 1472 936 ἐν
1506 884 1617 946 τοῖς
1645 882 1901 952 πολέμοις
1931 880 2122 944 ἆπασι,

539 973 632 1024 καὶ
665 972 755 1025 τὸν
783 972 974 1025 ἐαυτοῦ
1004 970 1283 1035 διασώζων
1311 969 1522 1040 σφαγέα
1547 970 1660 1031 τοῖς
1685 967 1907 1029 οἰκείοις
1945 965 2126 1019 κινδύ-

540 1077 653 1123 νοις
675 1100 689 1122 ,
743 1063 836 1114 καὶ
865 1059 990 1113 οὔτε
1018 1062 1076 1112 ἐν
1113 1061 1374 1130 ῥήμασιν,
1403 1058 1525 1111 οὕτε
1555 1059 1612 1110 ἐν
1651 1059 1970 1128 πράγμασιν
2004 1055 2126 1108 ἐλύ-

541 1168 684 1220 πησε
736 1153 829 1204 τὸν
881 1151 1070 1221 ἄγριον
1117 1150 1258 1219 θῆρα
1307 1152 1532 1207 ἐκεῖνον,
1580 1147 1716 1201 ἀλλά
1762 1149 1897 1218 πρὸς
1947 1147 2124 1200 πάντα

543 1234 658 1290 εἷκε
697 1238 789 1290 καὶ
819 1238 1094 1308 ὑπήκουε,
1131 1238 1224 1289 καὶ
1269 1237 1329 1289 τὸ
1375 1236 1589 1307 ὁρισθὲν
1625 1235 1776 1305 αὐτῷ
1821 1236 1918 1304 τῆς
1966 1235 2122 1304 νίκης

542 1324 773 1378 ἔπαθλον
802 1327 863 1378 06
891 1324 1087 1389 λαϐὼν,
1121 1323 1235 1377 ἀλλ’
1258 1322 1652 1395 ἀποστερηθεὶς
1676 1322 1766 1374 τὸν
1791 1321 1980 1392 μισθὸν
2014 1320 2121 1374 τῶν

542 1411 800 1464 κινδύνων
839 1411 1082 1475 ἐκείνων,
1105 1410 1223 1462 οὑδέ
1249 1411 1390 1479 λόγῳ
1413 1411 1542 1462 ποτέ
1569 1409 1906 1474 ἐνεκάλεσεν,
1926 1409 1985 1460 06
2009 1411 2122 1471 τοῖς

542 1495 694 1569 [755]
722 1496 1099 1568 στρατιώταις,
1132 1498 1192 1551 o6
1222 1497 1298 1567 τῷ
1330 1497 1542 1566 βασιλεῖ
1560 1514 1571 1524 ·
1605 1498 1666 1550 06
1693 1497 1801 1568 γὰρ
1828 1497 1919 1549 ἐπὶ
1944 1496 2120 1567 μισθῷ

540 1583 714 1635 ταῦτα
763 1583 1028 1653 ἔπραττεν
1054 1583 1394 1654 ἀνθρωπίνῳ,
1427 1583 1563 1636 ἀλλά
1597 1585 1695 1654 τὴν
1726 1584 1931 1636 ἄνωθεν
1963 1584 2119 1637 ἐκδε-

541 1669 768 1738 χόμενος
796 1670 1047 1740 ἀμοιϐήν.
1083 1670 1190 1722 Καὶ
1215 1672 1275 1722 06
1311 1671 1466 1722 10610
1517 1669 1677 1741 μόνον
1726 1671 1843 1723 ἐστὶ
1882 1670 1942 1724 16
1984 1670 2114 1723 θαυ-

543 1756 768 1824 μαστὸν,
805 1758 886 1809 ὅτι
910 1758 1009 1810 οὐκ
1033 1757 1282 1827 ἀπῄτησε
1309 1756 1400 1809 τὸν
1433 1756 1642 1828 μισθὸν,
1665 1757 1779 1810 ἀλλ’
1802 1759 1883 1810 ὅτι
1914 1759 2008 1811 καὶ
2037 1757 2119 1810 δι-

538 1843 761 1912 δόμενον
822 1842 1174 1914 διεκρούσατο
1225 1843 1314 1896 διὰ
1367 1845 1566 1914 πολλὴν
1618 1845 2118 1916 ταπεινοφροσύνης

540 1928 866 2000 ὑπερϐολήν.
915 1929 1129 2001 Ἐπειδὴ
1159 1932 1265 2000 γὰρ
1310 1931 1338 1981 ὁ
1387 1932 1560 1984 Σαοὺλ
1594 1933 1767 1985 πάντα
1815 1933 1978 1987 κινῶν
2026 1934 2119 1986 καὶ

539 2019 1058 2088 πραγματευόμενος
1085 2019 1183 2071 οὐκ
1219 2020 1435 2089 ἴσχυσεν
1472 2019 1633 2072 αὑτὸν
1668 2021 1900 2086 ἀνελεῖν,
1922 2021 2116 2092 ράπτει

535 2107 629 2158 τὸν
669 2107 756 2158 διὰ
784 2105 876 2158 τοῦ
905 2107 1081 2178 γάμου
1116 2107 1301 2174 δόλον,
1354 2109 1447 2160 καὶ
1490 2108 1674 2160 καινόν
1719 2126 1841 2162 τινα
1894 2111 2117 2178 προικὸς

537 2195 632 2245 καὶ
677 2193 840 2246 ἕδνων
884 2195 1176 2246 ἐπινοεῖται
1220 2195 1418 2263 τρόπον
1437 2205 1484 2246 ³.
1532 2196 1613 2248 Οὐ
1655 2193 1764 2263 γὰρ
1792 2197 2114 2261 βούλεται,

537 2283 721 2350 φησὶν,
774 2283 807 2334 ὀ
853 2281 1152 2345 ,ϐασιλεὺς
1196 2281 1368 2344 ἕδνα,
1413 2283 1553 2335 ἀλλ’
1591 2283 1628 2350 ἢ
1679 2283 1897 2336 ἑκατόν
1942 2285 2117 2351 ἀκρο-

537 2369 790 2434 ϐυστίας
834 2367 1149 2436 ἐκδικῆσαι
1198 2370 1284 2434 εὶς
1323 2367 1464 2433 τοὺς
1500 2369 1754 2439 ἐχθροὺς
1796 2371 1902 2424 τοῦ
1935 2371 2116 2434 ,Βασι-

536 2455 706 2518 λέως.
739 2457 803 2508 Ὃ
832 2454 889 2507 δὲ
918 2455 1085 2522 λέγει,
1133 2455 1373 2510 τοιοῦτόν
1403 2458 1550 2510 ἐστιν
1571 2474 1584 2488 ’
1618 2458 1806 2510 Ἀνελέ
1853 2475 1964 2529 μοι,
2012 2477 2115 2531 φη-

539 2545 646 2606 σὶν,
695 2543 888 2598 ἑκατὸν
918 2543 1147 2613 ἄνδρας,
1185 2545 1278 2597 καὶ
1307 2545 1464 2598 τοῦτο
1491 2546 1610 2598 ἀντὶ
1640 2547 1746 2599 τῶν
1773 2547 1934 2600 ἕδνων
1962 2548 2111 2602 ἐσται

537 2648 647 2700 μοι.
687 2631 729 2682 Τ
734 2629 872 2683 αῦτα
903 2631 960 2684 δὲ
996 2632 1146 2700 ἔλεγε
1181 2632 1502 2703 βουλόμενος
1527 2633 1687 2687 αὐτὸν
1719 2636 1989 2704 προφάσει
2017 2635 2110 2688 τοῦ

533 2720 711 2787 γάμου
743 2721 1076 2790 παραϐαλεῖν
1097 2724 1210 2782 τοῖς
1235 2720 1469 2792 ἐχθροῖς.

602 2806 664 2859 6'.
694 2807 831 2859 Ἀλλ’
855 2809 1003 2878 ὅμως
1030 2809 1234 2862 όΔαυῖδ
1260 2809 1398 2862 κατά
1424 2810 1522 2878 τὴν
1545 2809 1710 2862 αὑτοῦ
1737 2809 2016 2880 πραότητα
2044 2810 2113 2863 τά

531 2897 833 2967 πράγματα
875 2899 1109 2968 κρίνων,
1149 2899 1500 2970 διεκρούσατο
1540 2899 1629 2953 τὸν
1672 2899 1868 2969 γάμον,
1921 2901 1980 2952 06
2024 2900 2112 2953 διά

529 2983 621 3036 τὸν
646 2985 906 3046 κίνδυνον,
931 2986 1050 3037 οὐδὲ
1081 2985 1168 3038 διὰ
1197 2986 1286 3039 τὸν
1318 2986 1482 3055 φόϐον
1512 2987 1620 3040 τῶν
1649 2987 1941 3058 πολεμίων,
1975 2987 2112 3041 ἀλλά

529 3069 618 3122 διά
647 3071 708 3124 τὸ
737 3072 975 3140 νομίζειν
1015 3072 1230 3137 ἀνάξιον
1268 3073 1456 3126 ἐαυτὸν
1486 3067 1625 3126 εἶναι
1664 3075 1764 3144 τῆς
1794 3075 1931 3145 πρὸς
1963 3077 2110 3128 ἐκεῖ-

529 3173 618 3209 νον
655 3159 972 3226 συγγενείας
993 3196 1007 3222 ,
1061 3161 1155 3211 καὶ
1184 3161 1342 3212 ταυτὶ
1375 3160 1509 3230 πρὸς
1538 3161 1664 3221 τοὺς
1696 3162 1911 3225 δούλους
1943 3161 2108 3216 αὑτοῦ

528 3241 676 3312 λέγει
712 3246 778 3297 τὰ
819 3247 1041 3315 ῥήματα
1062 3262 1074 3274 ·
1111 3249 1179 3299 Ei
1213 3247 1445 3315 κοῦφόν
1469 3248 1641 3301 ἐστιν
1685 3249 1756 3302 ἐν
1783 3251 2110 3319 ὀφθαλμοῖς

527 3330 696 3399 ὑμῶν
723 3332 1184 3401 ἐπιγαμϐρεῦσαί
1213 3352 1290 3403 με
1311 3333 1390 3399 τῷ
1404 3336 1688 3400 ﬂavum";
1719 3337 1832 3406 ἐγὼ
1857 3337 1924 3390 δὲ
1955 3338 2109 3408 ἀνὴρ

527 3421 827 3486 ταπεινός,
855 3421 952 3474 καὶ
1005 3424 1115 3475 οὐκ
1177 3425 1434 3493 ἔντιμος.
1493 3426 1600 3478 Καὶ
1656 3427 1761 3497 μὴν
1808 3427 1996 3499 όφειλὴ
2045 3428 2107 3481 τὸ

524 3513 759 3580 πρᾶγμα
783 3506 872 3581 ἦν,
908 3512 1002 3564 καὶ
1033 3513 1219 3582 μισθὸς
1252 3515 1344 3566 καὶ
1367 3515 1722 3578 ἀνταπόδοσις
1748 3517 1855 3570 τῶν
1892 3518 2068 3570 πόνων
2090 3534 2103 3548 ·

525 3600 642 3652 ἀλλ’
665 3600 834 3665 οὕτως
862 3597 928 3672 ἦν
961 3603 1426 3674 συντετριμμένην
1462 3603 1602 3674 ἔχων
1631 3606 1728 3676 τὴν
1761 3606 2008 3679 καρδίαν,
2031 3607 2108 3670 ὼς

530 3687 670 3758 μετά
705 3688 942 3742 τοσαῦτα
974 3689 1369 3760 κατορθώματα
1392 3735 1403 3755 ,
1438 3693 1533 3744 καὶ
1573 3691 1828 3764 λαμπρὰν
1865 3693 2006 3746 οὕτω
2032 3694 2108 3746 νί-

527 3793 649 3846 κην,
703 3777 795 3829 καί⁵
847 3778 1138 3848 ὑπόσχεσιν
1188 3778 1638 3850 ώμολογημένην,
1700 3781 1917 3847 ἀνάξιον
1969 3777 2107 3834 εἶναι

527 3861 766 3933 νομίζειν
798 3863 892 3916 τοῦ
936 3864 1119 3918 λαϐεῖν
1163 3865 1254 3918 τὸν
1287 3867 1636 3936 ὀφειλόμενον
1681 3869 1829 3936 αύτῴ
1882 3868 2103 3938 μισθόν·

527 3953 620 4004 καὶ
643 3952 814 4005 ταῦτα
835 3953 1069 4020 ἐνόμιζε,
1095 3953 1257 4007 πάλιν
1291 3955 1497 4024 μέλλων
1523 3956 1869 4009 κινδυνεύειν.
1890 3956 2104 4026 Ἐπειδὴ

523 4039 579 4091 δὲ
613 4040 719 4090 τῶν
761 4040 1032 4110 πολεμίων
1060 4043 1351 4112 ἐκράτησε,
1385 4043 1478 4095 καὶ
1507 4043 1604 4112 τὴν
1641 4040 1915 4114 θυγατέρα
1950 4045 2105 4096 ἔλαϐε

522 4127 614 4178 τοῦ
643 4125 924 4195 βασιλέως,
961 4129 1119 4182 πάλιν
1145 4131 1207 4180 Ἔ
1219 4133 1453 4196 φαλλεν
1478 4133 1508 4183 ό
1535 4130 1736 4193 Δαυῒδ,
1773 4132 1869 4183 καί
1917 4130 2104 4196 ἐζήτει

521 4213 722 4268 Σαοὺλ
747 4214 850 4266 τοῦ
884 4214 1141 4279 πατάξαι
1172 4216 1358 4269 αὑτὸν
1385 4216 1453 4268 ἐν
1482 4214 1560 4280 τῷ
1585 4216 1804 4282 δόρατι,
1835 4218 1930 4269 καὶ
1959 4219 2104 4271 ἐπάκ

522 4301 697 4362 ταξε’
751 4299 849 4353 καὶ
893 4301 1204 4365 ἐξέκλινεν
1251 4305 1282 4355 ὀ
1326 4302 1534 4354 Δαυΐδ·
1593 4302 1690 4354 καὶ
1734 4303 1993 4367 ἐπάταξε
2039 4305 2104 4356 τὸ

521 4386 669 4454 δόρυ
717 4387 786 4440 ἐν
830 4388 910 4454 τῷ
951 4390 1148 4458 τοίχῳ.
1192 4390 1325 4442 Τίνα
1373 4390 1472 4442 οὐκ
1507 4391 1572 4443 ἂν
1606 4392 1700 4442 καὶ
1739 4391 1846 4443 τῶν
1901 4392 2105 4466 σφόδρα

523 4477 829 4544 φιλοσοφεῖν
860 4477 1233 4548 ἐπισταμένων
1273 4480 1353 4541 είς
1382 4479 1550 4548 θυμὸν
1604 4479 1777 4531 ταῦτα
1819 4479 2100 4552 ἐξήνεγκε,

523 4563 618 4614 καὶ
661 4564 708 4614 εί
743 4562 907 4633 μηδὲν
938 4564 1157 4634 ἓτερον,
1197 4565 1296 4635 τῆς
1331 4566 1534 4629 οἰκείας
1573 4567 1901 4637 προνοοῦντα
1930 4569 2104 4637 ἀσφα-

521 4649 670 4712 λείας
723 4648 938 4704 ἓπεισεν
994 4651 1202 4705 ἀνελεῖν
1251 4653 1343 4705 τὸν
1395 4652 1596 4716 ἀδίκως
1653 4654 2098 4720 ἐπιϐουλεύοντα;

522 4737 656 4790 Οὐδὲ
690 4738 799 4809 γὰρ
828 4739 985 4808 φόνος
1009 4740 1070 4792 16
1098 4741 1329 4810 πρᾶγμα
1359 4741 1544 4792 λοιπὸν
1566 4737 1654 4811 ἦν,
1680 4741 1816 4794 ἀλλά
1845 4742 1939 4794 καὶ
1959 4742 2101 4795 οὕτω

517 4825 580 4877 τὸ
609 4825 808 4896 μέτρον
831 4824 924 4877 τοῦ
952 4825 1114 4896 νόμου
1140 4827 1260 4878 τότε
1288 4827 1634 4898 ὑπερϐαίνειν
1663 4827 1906 4898 ἔμελλεν.
1929 4829 2101 4882 Ἐκεῖ-

519 4929 610 4974 νος
637 4913 733 4982 μὲν
761 4912 870 4982 γὰρ
898 4911 1172 4982 ὀφθαλμὸν
1196 4913 1317 4966 ἀντὶ
1340 4913 1619 4984 ὀφθαλμοῦ
1653 4914 1957 4985 ἐξορύττειν
1985 4917 2103 4970 ἐκέ-

518 5001 707 5053 λευεν·
753 4996 904 5062 0610;
943 5002 1000 5054 δὲ
1044 5003 1092 5054 εί
1131 5004 1223 5055 καὶ
1274 5002 1525 5072 ἔσφαξεν,
1567 5005 1689 5057 ἀντὶ
1726 5005 1896 5075 τριῶν
1924 5006 2099 5074 φόνων

518 5091 616 5142 ἕνα
648 5087 960 5160 εἰργάζετο,
997 5089 1161 5161 τριῶν
1190 5090 1364 5158 φόνων
1399 5091 1654 5160 οὐδεμίαν
1693 5091 1914 5161 εὔλογον
1953 5093 2102 5164 ἐχόν-

517 5193 626 5228 των
658 5177 952 5246 πρόφασιν.
972 5177 1109 5230 Ἀλλ’
1131 5179 1278 5248 ὅμως
1306 5177 1458 5230 οὐδὲν
1479 5177 1684 5231 τούτων
1715 5181 2095 5252 ἐπεχείρησεν,

519 5264 634 5316 ἀλλ’
669 5266 854 5335 ᾑρεῖτο
885 5269 1073 5333 φυγεῖν
1107 5265 1328 5336 μᾶλλον,
1359 5269 1450 5319 καὶ
1497 5268 1595 5337 τῆς
1633 5267 1894 5338 πατρῴας
1923 5271 2098 5335 οίκίας

519 5351 803 5415 ἐκπεσεῖν,
834 5353 927 5404 καὶ
956 5352 1232 5423 πλανήτης
1267 5348 1436 5417 εἶναι,
1473 5356 1567 5407 καὶ
1596 5355 1970 5426 δραπετεύειν,
2003 5361 2099 5413 καὶ

519 5438 1032 5509 ταλαιπωρούμενος
1063 5441 1161 5510 τὴν
1187 5442 1495 5510 ἀναγκαίαν
1525 5443 1771 5513 πορίζειν
1806 5445 2030 5517 τροφὴν,

519 5525 596 5595 τῷ
648 5526 858 5595 βασιλεῖ
901 5527 1151 5594 γενέσθαι
1200 5529 1414 5598 σφαγῆς
1453 5531 1642 5592 αῖτιος.
1683 5531 1757 5584 06
1801 5532 1909 5603 γὰρ
1950 5535 2097 5599 ὅπως

519 5613 714 5665 ἑαυτὸν
761 5613 1116 5684 ἐκδικήσειεν,
1164 5615 1280 5668 ἀλλ’
1325 5616 1474 5679 ὅπως
1512 5619 1718 5672 ἐκεῖνον
1770 5621 2096 5688 ἀπαλλάξειε

520 5699 614 5750 τοῦ
644 5698 848 5761 πάθους
878 5700 1121 5755 ἐσκόπει.
1141 5702 1239 5754 Διά
1258 5701 1417 5756 τοῦτο
1445 5703 1553 5756 τῶν
1581 5704 1876 5776 ὀφθαλμῶν
1904 5711 2097 5766 ἑαυτὸν

521 5785 835 5855 ὑπεξήγαγε
873 5787 967 5840 106
1017 5789 1247 5861 ἐχθροῦ,
1277 5791 1418 5844 ὥστε
1463 5793 1732 5866 ὑποσῦραι
1779 5796 1869 5848 τὸν
1907 5799 2091 5866 ὄγκον,

522 5873 614 5924 καὶ
661 5876 1008 5929 καταστεῖλαι
1048 5877 1146 5948 τὴν
1179 5878 1516 5954 φλεγμονὴν,
1560 5883 1652 5937 καὶ
1687 5889 2088 5960 παραμυθήσα-

525 5963 644 6013 σθαι
689 5963 788 6030 τὴν
832 5963 1144 6032 βασκανίαν.
1179 5969 1390 6026 Βέλτιον
1424 5974 1543 6045 ἐμὲ,
1593 5976 1775 6048 φησὶν,
1822 5977 2089 6035 ταλαιπω-

589 6050 613 6077 ⁴
647 6048 780 6098 Unus
804 6051 946 6099 ἕδνων
965 6055 1166 6104 ποιεῖται
1187 6058 1372 6120 τρόπον.

1263 418 1318 474 S.
1358 417 1646 473 JOANNIS
1684 411 2183 472 CIIRYSOSTOMI
2224 412 2546 469 ARCHIEP.
2590 411 3142 468 CONSTANTINOP.

3697 408 3808 465 68?.

2245 529 2453 601 ρεῖσθαι
2490 531 2584 582 καὶ
2628 530 2796 599 μυρία
2830 531 3060 598 πάσχειν
3095 524 3273 589 δεινὰ,
3325 525 3358 594 ἢ
3409 523 3596 576 τοῦτον
3633 525 3823 576 ἀδίκου

2239 619 2454 687 σφαγῆς
2488 619 2638 688 παρᾶ
2675 617 2753 687 τῷ
2785 618 2905 688 Θεῷ
2943 615 3244 687 κρίνεσθαι.
3297 611 3484 664 Ταῦτα
3534 611 3607 681 μὴ
3659 612 3825 681 μόνον

2235 706 2544 776 ἀκούωμεν,
2575 705 2710 758 ἁλλά
2741 706 2835 759 καὶ
2867 705 3162 775 μιμώμεθα
3184 743 3198 765 ,
3249 701 3343 754 καὶ
3394 700 3570 752 πάντα
3613 699 3827 768 ὑπομέ-

2235 817 2414 869 νωμεν
2445 799 2537 851 καὶ
2564 799 2736 851 ποιεῖν
2771 797 2868 850 καὶ
2893 796 3146 865 πάσχειν,
3177 793 3316 846 ὥστε
3351 791 3658 855 ἀπαλλάξαι
3693 792 3826 854 106;

2235 887 2462 957 ἐχθροὺς
2513 887 2614 955 τῆς
2662 885 2798 954 πρὸς
2843 885 2988 954 ἡμᾶς
3032 880 3180 954 [754]
3231 879 3558 950 ἀπεχθείας·
3594 878 3694 935 καὶ
3743 878 3824 946 μὴ

2232 973 2390 1026 10610
2422 972 2693 1042 ζητῶμεν,
2729 973 2777 1024 εἰ
2802 971 3056 1032 δικαίως,
3088 969 3120 1038 ἦ
3150 965 3346 1029 ἀδίκως
3373 963 3510 1036 πρὸς
3539 966 3689 1034 ἡμᾶς
3713 965 3824 1016 ἀπ-

2233 1061 2569 1131 εχθάνονται,
2620 1058 2734 1112 ἀλλ’
2785 1059 2960 1110 ἐκεῖνο
3012 1057 3192 1127 μόνον,
3249 1055 3395 1116 ὅπως
3446 1052 3643 1123 μηκέτι
3694 1052 3823 1104 καθ’

2233 1148 2390 1218 ἡμῶν
2428 1146 2780 1220 ἐχθραίνοιεν.
2824 1146 2934 1198 Καὶ
2974 1144 3083 1213 γὰρ
3113 1145 3140 1196 ὁ
3177 1142 3358 1211 ἰατρὸς
3392 1140 3549 1193 τοῦτο
3583 1141 3818 1201 σκοπεῖ,

2232 1237 2380 1298 ὅπως
2410 1235 2735 1300 ἀπαλλάξειε
2790 1233 2883 1286 τοῦ
2920 1233 3226 1302 νοσήματος
3260 1229 3350 1282 16v
3382 1228 3677 1298 κάμνοντα,
3711 1227 3822 1279 οὐκ

2231 1326 2281 1377 εί
2319 1324 2563 1385 δικαίως,
2598 1323 2629 1392 ἢ
2664 1321 2861 1385 ἀδίκως
2894 1323 2992 1392 τὴν
3019 1318 3332 1390 ἀρρωστίαν
3360 1315 3535 1385 ἐαυτῷ
3565 1316 3817 1368 ἐπεσπά-

2233 1428 2380 1462 σατο.
2431 1412 2537 1462 Καὶ
2570 1410 2634 1460 σὺ
2666 1409 2843 1461 τοίνυν
2887 1407 3066 1476 ἰατρὸς
3110 1401 3161 1457 εἴ
3203 1404 3295 1457 τοῦ
3323 1403 3724 1474 λελυπηκὸτοςο
3757 1402 3820 1452 ἐν

2232 1499 2380 1568 ζήτει
2423 1498 2600 1568 μόνον,
2633 1498 2779 1558 ὅπως
2809 1495 2972 1548 αὑτοῦ
3003 1494 3098 1565 τὴν
3147 1493 3459 1564 ἀρρωστίαν
3498 1491 3710 1562 ἀνέλῃς.
3751 1492 3828 1543 ’Ὁ

2230 1589 2323 1640 καὶ
2349 1589 2376 1640 6
2406 1587 2673 1656 μακάριος
2700 1579 2852 1645 οὗτος
2876 1583 2903 1622 b
2927 1582 3170 1652 ἐποίησε,
3195 1581 3385 1632 πενίαν
3407 1579 3524 1632 ἀντὶ
3554 1577 3817 1640 πλούτου,

2230 1661 2479 1745 ἐρημίαιῖ
2507 1673 2626 1726 ἀντὶ
2665 1670 2943 1741 πατρίδος,
2993 1669 3188 1731 πόνους
3237 1667 3333 1720 καὶ
3366 1666 3642 1728 κινδύνους
3688 1667 3819 1716 ἀντὶ

2227 1762 2438 1833 τρυφῆς
2490 1761 2582 1813 καὶ
2611 1759 2827 1822 ἀδείας,
2881 1757 3056 1827 φυγὴν
3097 1754 3321 1826 διηνεκῆ
3356 1754 3473 1806 ἀντὶ
3522 1753 3621 1822 τῆς
3670 1752 3821 1804 οἴκοι

2231 1851 2398 1922 μονῆς
2447 1849 2699 1919 ἐλόμενος
2729 1887 2743 1910 ,
2799 1848 2885 1899 ἵνα
2933 1848 3139 1898 ἐκεῖνον
3199 1842 3481 1913 ἀπαλλάξῃ
3522 1843 3622 1911 τῆς
3671 1841 3819 1912 πρὸς

2228 1939 2418 1993 ἐαυτὸν
2449 1937 2745 2008 ἀπεχθείας
2771 1936 2862 1988 καὶ
2883 1935 3099 2005 ἔχθρας.
3139 1932 3276 1985 Ἀλλ’
3309 1933 3458 1984 οὐδὲν
3486 1931 3604 1983 οὐδὲ
3636 1928 3819 1992 οὕτως

2227 2027 2514 2097 ἐκέρδανεν
2539 2029 2566 2078 6
2591 2025 2783 2089 Σαοὺλ,
2809 2023 2921 2076 ἀλλ’
2953 2023 3144 2075 ἐδίωκε
3168 2023 3262 2074 καὶ
3290 2019 3560 2088 πανταχοῦ
3589 2018 3820 2088 περιῄει

2228 2113 2406 2185 ζητῶν
2441 2113 2532 2167 τὸν
2577 2112 2874 2183 ἠδικηκότα
2921 2111 3017 2181 μὲν
3061 2109 3232 2172 οὐδὲν,
3281 2106 3601 2177 ἀδικηθέντα
3640 2105 3698 2156 δὲ
3745 2104 3820 2156 τὰ

2226 2203 2458 2272 ἔσχατα,
2506 2201 2600 2254 καὶ
2651 2200 2821 2271 μυρία
2869 2197 3030 2252 αὑτὸν
3080 2198 3200 2252 ἀντὶ
3246 2195 3450 2248 τούτων
3508 2195 3817 2262 ποιήσαντα

2226 2288 2437 2353 ἀγαθά·
2469 2290 2562 2342 καὶ
2606 2289 2706 2340 οὐκ
2739 2286 2912 2348 εἰδὼς,
2963 2287 3041 2348 εἰς
3085 2283 3225 2337 αύτά
3269 2282 3459 2335 λοιπὸν
3504 2280 3596 2333 τοῦ
3643 2276 3822 2331 Δαυῒδ

2224 2377 2485 2446 ἐμπίπτει
2511 2375 2580 2428 τὰ
2608 2375 2818 2428 δίκτυα.
2851 2369 2964 2429 Ἦν
2988 2372 3098 2442 γάρ
3125 2371 3249 2424 ἐκεῖ
3296 2368 3618 2433 σπήλαιον,
3649 2367 3814 2435 φησὶ,

2223 2466 2319 2519 καί
2346 2464 2591 2532 εἰσῆλθε
2621 2463 2820 2517 Σαοὺλ
2854 2459 3454 2530 παρασκευάσασθαι.
3485 2458 3590 2510 Καὶ
3625 2456 3818 2508 Amata

2224 2554 2319 2607 καὶ
2367 2556 2417 2606 οἱ
2461 2552 2675 2620 ἄνδρες
2727 2551 2913 2604 αὑτοῦ
2959 2550 3029 2602 ἐν
3074 2547 3154 2613 τῷ
3199 2547 3480 2615 σπηλαίῳ
3524 2543 3602 2609 τῷ
3653 2545 3817 2597 ἐσω-

2221 2640 2369 2708 τέρῳ
2399 2639 2707 2706 ἐκάθηντο.
2753 2636 2866 2690 Καὶ
2903 2633 3077 2691 εἷπον
3108 2639 3161 2689 οί
3205 2633 3420 2702 ἄνδρες
3449 2632 3629 2686 Δαιιῒδ
3656 2633 3817 2699 πρὸς

2221 2728 2437 2781 αὐτόν·
2480 2727 2624 2780 Ἰδωὺ
2675 2728 2714 2794 ἠ
2757 2725 2969 2795 ἡμέρα,
3011 2724 3207 2788 καθὼς
3253 2719 3383 2776 εἷπε
3424 2723 3673 2789 Κιῖιριος·
3715 2723 3815 2772 Ai—

2220 2815 2364 2883 δωμι
2413 2813 2518 2867 τὸν
2555 2814 2768 2882 ἐχθρόν
2817 2829 2933 2866 σου
2981 2814 3070 2877 είς
3114 2813 3220 2877 τὰς
3267 2809 3469 2880 χεζοάς
3519 2824 3657 2870 σου,
3711 2807 3817 2859 καί

2220 2902 2496 2970 ποιήσεις
2544 2903 2703 2968 αὐτῷ
2754 2903 2819 2956 τὸ
2867 2901 3128 2971 ἀρεστὸν
3173 2901 3244 2954 ἐν
3289 2897 3620 2968 ὀφθαλμοῖς
3665 2914 3812 2950 σου.

2220 2993 2330 3046 Καὶ
2365 2992 2592 3059 ἀνέστη
2620 2990 2820 3056 Δαυῒδ,
2856 2990 2955 3044 καί
2983 2988 3192 3058 ἀφεῖλε
3235 2988 3302 3041 τὸ
3339 2987 3661 3054 πτερύγιον
3699 2985 3817 3051 τῆς

2219 3079 2525 3145 διπλοΐδος
2563 3078 2760 3132 Σαοὺλ
2786 3077 3101 3145 λαθραίως.
3134 3075 3242 3131 Καὶ
3269 3075 3419 3144 μετὰ
3444 3073 3634 3126 ταῦτα
3672 3072 3815 3125 ἐπά-

2219 3167 2361 3231 ταξε
2399 3167 2506 3219 τὸν
2545 3164 2726 3219 Δαυῒδ
2776 3165 2814 3231 ἢ
2860 3163 3074 3231 καρδία
3109 3161 3328 3223 αὑτοῦ,
3363 3161 3450 3213 ὅτι
3500 3158 3715 3227 ἀφεῖλε
3744 3158 3811 3210 τὸ

2219 3254 2536 3323 πτερύγιον
2576 3251 2687 3321 τῆς
2727 3250 3058 3315 διπλοΐδος,
3105 3249 3202 3304 καὶ
3252 3244 3383 3301 εἶπε
3427 3246 3610 3300 Δαυῒδ
3656 3247 3812 3313 πρὸς

2218 3343 2361 3408 τοὺς
2405 3340 2630 3407 ἄνδρας
2656 3341 2842 3392 αὑτοῦ
2864 3355 2878 3369 ·
2909 3336 3212 3406 Μηδαμῶς
3246 3353 3349 3405 μοι
3382 3337 3541 3401 παρὰ
3583 3335 3814 3400 Κυρίου

2218 3430 2468 3499 ποιῆσαι
2499 3429 2563 3481 τὸ
2589 3425 2753 3496 ῥῆμα
2786 3427 2961 3480 τοῦτο
2987 3425 3065 3490 τῷ
3099 3426 3283 3492 κυρίῳ
3309 3442 3449 3492 μου,
3471 3421 3551 3485 τῷ
3581 3422 3812 3490 χριστῲ

2218 3520 2438 3585 Κυρίου
2459 3559 2472 3581 ,
2495 3513 2841 3585 ἐπενεγκεῖν
2868 3513 2982 3581 τὴν
3009 3511 3176 3580 χεῖρά
3197 3528 3315 3580 μου
3343 3510 3434 3561 ἐπ’
3475 3509 3685 3566 αὑτὸν,
3723 3508 3818 3559 δτι

2216 3605 2462 3676 χριστὸς
2489 3605 2709 3672 Κυρίου
2741 3603 2934 3656 ἐστίν.
2993 3598 3144 3664 Εἶδες
3187 3599 3255 3652 τὰ
3287 3599 3478 3651 δίκτυα
3508 3597 3815 3666 τεταμένα,

2217 3694 2310 3746 καὶ
2351 3691 2411 3744 16
2454 3691 2679 3761 θήραμα
2720 3687 3214 3758 ἐναπειλημμένον,
3251 3685 3346 3737 καὶ
3377 3684 3468 3736 16v
3496 3682 3816 3752 κυνηγέτην

2217 3779 2444 3842 ἑστῶτα,
2481 3777 2572 3831 καὶ
2603 3777 2810 3839 πάντας
2834 3775 3290 3845 ἐγκελευομένους
3327 3772 3590 3843 βαπτίσαι
3623 3771 3691 3823 τὸ
3733 3771 3816 3834 ξί-

2217 3883 2316 3935 φος
2343 3868 2420 3927 είς
2453 3864 2514 3916 16
2557 3862 2652 3916 106
2685 3862 2944 3933 πολεμίου
2981 3861 3204 3932 στῆθοςς
3234 3861 3341 3913 Θέα
3373 3877 3460 3930 μοι
3487 3858 3678 3910 λοιπὸν
3710 3857 3816 3928 τὴν

2217 3951 2554 4022 φιλοσοφίαν,
2587 3949 2683 4003 θέα
2708 3951 2806 4020 τὴν
2839 3949 3036 4021 πάλην,
3074 3949 3171 4017 τὴν
3193 3948 3371 4018 νίκην,
3392 3948 3482 3998 16v
3511 3945 3810 4013 στέφανον.

2215 4039 2324 4091 Καὶ
2374 4039 2482 4110 γὰρ
2529 4037 2740 4091 στάδιον
2771 4033 2839 4107 ἦν
2881 4036 2943 4088 16
2988 4035 3250 4106 σπήλαιον
3293 4037 3488 4094 ἐκεῖνο,
3524 4034 3621 4084 καὶ
3658 4033 3812 4102 πάλη

2215 4128 2499 4198 θαυμαστή
2532 4145 2614 4190 τις
2662 4127 2868 4195 ἐγίνετο
2917 4126 3011 4178 καὶ
3047 4123 3363 4196 παράδοξος.
3408 4121 3668 4174 Ἐπάλαιε
3709 4121 3814 4190 μὲν

2214 4216 2323 4287 γὰρ
2370 4217 2398 4266 6
2443 4214 2625 4280 Δαυῖδ,
2673 4213 2938 4266 ἐπύκτευε
2971 4212 3027 4264 δέ
3071 4214 3099 4264 6
3135 4210 3303 4281 θυμὸς
3328 4251 3342 4275 ,
3377 4212 3470 4262 καὶ
3498 4207 3744 4260 ἔπαθλον
3782 4210 3816 4260 6

2215 4303 2386 4357 Σαοὺλ
2416 4303 2612 4366 ἔκειτο,
2647 4303 2740 4354 καὶ
2775 4301 3122 4369 ἀγωνοθέτης
3148 4295 3216 4370 ἦν
3245 4302 3272 4351 6
3299 4298 3428 4361 Θεός
3448 4313 3461 4327 ·
3495 4297 3704 4367 μᾶλλον
3751 4297 3811 4350 δὲ

2212 4393 2271 4445 06
2304 4391 2439 4463 πρὸς
2471 4391 2663 4443 ἐαυτὸν
2706 4389 2864 4460 μόνον
2893 4387 2986 4441 καὶ
3013 4388 3112 4458 τὴν
3142 4387 3438 4457 ἐπιθυμίαν
3474 4385 3572 4456 τὴν
3600 4387 3811 4440 ἑαυτοῦ

2211 4475 2278 4550 ἦν
2312 4476 2460 4548 αὑτῷ
2486 4479 2514 4530 6
2544 4477 2816 4548 πόλεμος,
2859 4476 2998 4530 άλλά
3043 4475 3138 4529 καὶ
3184 4476 3321 4546 πρὸς
3347 4476 3472 4538 τοὺς
3519 4474 3813 4546 παρόντας

2215 4567 2572 4638 στρατιώτας.
2607 4565 2667 4618 Et
2693 4565 2800 4635 γὰρ
2827 4565 2921 4618 καὶ
2962 4564 3270 4634 φιλοσοφεῖν
3295 4563 3450 4635 ἤθελε
3481 4565 3576 4616 καὶ¹
3621 4564 3815 4632 φείδεο

2215 4655 2337 4708 σθαι
2376 4654 2469 4706 τοῦ
2499 4653 2884 4722 λελυπηκότος,
2917 4652 3065 4714 είκὺς
3089 4648 3157 4722 ἦν
3192 4653 3286 4705 καὶ
3309 4651 3605 4705 δεδοικέναι
3635 4651 3808 4704 αὑτὸν

2213 4742 2474 4804 ἐκείνους,
2507 4741 2718 4811 μήποτε
2754 4739 2849 4792 καὶ
2893 4738 3242 4809 συγκόψωσιν
3269 4739 3427 4793 αὐτὸν
3452 4741 3510 4791 ἐν
3541 4737 3618 4808 τῷ
3653 4755 3807 4809 σπη-

2211 4829 2370 4900 λαίῳ,
2422 4829 2518 4882 ἆτε
2569 4827 2824 4896 λυμεῶνα
2867 4828 2962 4880 καὶ
3009 4828 3277 4899 προδότην
3323 4827 3482 4880 αὐτὸν
3521 4827 3654 4880 ὄντα
3704 4829 3808 4898 τῆς

2212 4917 2390 4970 αὐτῶν
2427 4916 2701 4985 σωτηρίας
2726 4956 2740 4981 ,
2792 4915 2885 4968 καὶ¹
2924 4916 3015 4967 τὸν
3039 4914 3217 4968 κοινὸν
3256 4915 3448 4985 ὲχθρὲν
3478 4915 3662 4968 αὐτῶν
3689 4915 3816 4967 δια-

2213 5004 2476 5068 σώζοντα.
2525 5003 2636 5054 Καὶ
2676 5001 2787 5072 γάρ
2835 5001 2980 5064 εἰκὸς
3029 4997 3098 5072 ἦν
3147 5000 3319 5054 ταῦτα
3368 5002 3510 5055 κατά
3558 5002 3811 5056 διάνοιαν

2212 5088 2440 5140 ἕκαστον
2477 5084 2661 5138 αὐτῶν
2703 5085 3124 5155 δυσχεραίνοντα
3147 5085 3328 5154 λέγειν
3349 5100 3361 5113 ·
3388 5085 3667 5154 Πλανῆται
3709 5088 3814 5138 καὶ

2213 5170 2447 5242 φυγάδες
2493 5168 2794 5239 ἐγενόμεθα
2824 5171 3018 5239 ἡμεῖς,
3067 5168 3160 5220 καὶ
3193 5169 3369 5232 οίκίας
3402 5170 3498 5223 καὶ
3542 5170 3813 5240 πατρίδος

2211 5257 2306 5309 καὶ
2335 5253 2441 5306 τῶν
2471 5253 2643 5306 ἄλλων
2677 5253 2932 5306 ἁπάντων
2956 5251 3311 5320 ἐξεπέσομεν,
3352 5255 3443 5307 καὶ
3471 5253 3579 5306 τῶν
3607 5254 3814 5324 δυσχες

2215 5337 2323 5408 ρῶν
2357 5354 2438 5389 σοι
2471 5337 2689 5390 πάντων
2721 5337 3159 5406 ἐκοινωνήσαμεν
3181 5350 3194 5362 ·
3235 5337 3329 5389 καὶ
3357 5337 3420 5389 σὺ
3461 5337 3570 5391 τῶν
3610 5339 3815 5390 κακῶν

2210 5421 2414 5474 τούτων
2449 5420 2541 5473 τὸν
2568 5421 2738 5473 αῐτιον
2773 5421 2852 5482 εἰς
2883 5423 3071 5489 χεῖρας
3111 5418 3312 5482 λαϐὼν,
3343 5421 3564 5488 ἀφεῖναι
3590 5422 3811 5493 διανοῇ,

2211 5507 2298 5559 ἵνα
2341 5503 2608 5574 μηδέποτε
2636 5503 2743 5556 τῶν
2781 5503 2968 5556 κακῶν
3006 5501 3212 5555 τούτων
3256 5505 3418 5573 ἡμεῖς
3447 5505 3818 5557 ἀναπνεύσω-

2214 5607 2312 5661 μεν
2336 5599 2384 5654 ε,
2413 5587 2508 5640 καὶ
2535 5587 2850 5650 σπουδάζων
2878 5585 2969 5637 τὸν
2997 5585 3190 5656 ἐχθρὸν
3219 5585 3503 5650 διασῶσαι,
3529 5588 3818 5656 προδίδως

2208 5673 2334 5735 τοὺς
2364 5671 2582 5742 φίλους;
2613 5670 2724 5722 Καὶ
2747 5667 2848 5721 ποῦ
2872 5668 3046 5723 ταῦτα
3072 5670 3289 5737 δίκαια;
3325 5671 3386 5722 Εἰ
3412 5671 3520 5742 γὰρ
3537 5673 3636 5742 τῆς
3669 5673 3816 5724 ἐαυ-

2208 5756 2302 5809 τοῦ
2326 5756 2686 5824 καταφρονεῖς
2712 5754 3008 5824 σωτηρίας,
3036 5753 3172 5808 ἀλλά
3194 5755 3291 5823 τῆς
3308 5755 3588 5826 ἡμετέρας
3612 5759 3814 5823 φεῖσαι

2210 5842 2358 5916 [755]
2405 5842 2601 5912 ψυχῆς.
2643 5840 2717 5893 Οὐ
2760 5839 2922 5893 λυπεῖ
2957 5857 3018 5892 σε
3047 5841 3116 5894 τά
3145 5841 3508 5910 παρελθόντας
3543 5844 3666 5897 οὐδὲ
3696 5845 3812 5913 μὲ-

2209 5943 2410 5997 μνησαι
2447 5924 2557 5977 τῶν
2602 5922 2788 5976 κακῶν
2827 5916 2905 5976 ὧν
2948 5922 3148 5986 ἔπαθες
3193 5926 3322 5994 παρ’
3361 5925 3564 5990 c.6106;
3595 5927 3695 5978 Διὰ
3724 5933 3812 5984 τὰ

2265 6016 2289 6054 b
2315 6013 2441 6078 βεδε.
2465 6025 2590 6078 unus
2609 6014 2634 6078 ᾧ
2655 6012 2884 6073 μακάριος
2906 6011 3057 6068 οὗτος.
3083 6012 3222 6068 Alius
3243 6016 3268 6063 6
3290 6015 3519 6078 μακάριος
3562 6020 3724 6074 οὑτως.

2266 6080 2285 6105 θ
2312 6073 2429 6138 Reg.
2459 6073 2809 6137 ἀναλεύσωμεν,
