4038 6360
273 448 369 502 681

275 575 444 626 ceam,
476 559 693 630 cupiens
722 560 983 615 occidere.
1020 560 1085 613 Et
1105 559 1403 629 hujusmodi
1439 559 1739 615 mercedem
1771 558 1850 612 illi

276 668 375 723 pro
404 653 663 723 susceptis
694 654 935 721 periculis
959 654 1211 721 reposuit.
1266 652 1425 722 quue
1463 652 1588 706 fecit
1612 665 1720 705 non
1750 665 1854 705 uno

277 745 383 810 die,
418 744 509 798 sed
538 746 747 813 saepius.
780 746 848 798 At
890 754 1104 798 sanctus
1150 745 1235 798 ille
1261 753 1377 813 post
1401 744 1513 797 haec
1534 746 1709 798 omnia
1734 758 1853 812 per-

278 834 543 889 severavit
580 848 767 887 curare
814 834 953 903 regis
995 835 1223 903 negotia,
1258 848 1454 903 proque
1496 834 1664 889 salute
1713 834 1854 888 illius

276 924 551 993 suscipere
576 924 832 992 pericula,
860 934 913 978 et
943 925 995 978 in
1027 925 1138 979 acie
1159 932 1300 980 stare
1344 925 1395 977 in
1440 925 1637 993 praeliis
1680 927 1852 979 omni-

278 1014 417 1079 bus,
465 1027 669 1084 suoque
698 1015 933 1083 periculo
979 1029 1193 1069 servare
1241 1015 1614 1069 trucidatorem
1661 1030 1851 1070 suum:

276 1103 509 1174 denique
550 1120 648 1159 nec
672 1105 846 1167 dictis,
889 1120 988 1159 nec
1023 1104 1174 1160 lactis
1218 1106 1549 1161 contristavit
1598 1107 1853 1161 immitem

279 1196 425 1251 illam
476 1195 662 1260 feram,
694 1197 787 1251 sed
838 1198 1099 1251 concessit
1133 1198 1185 1252 in
1216 1198 1459 1251 omnibus
1489 1199 1733 1268 dictoque
1756 1215 1853 1254 au-

280 1287 432 1341 diens
480 1288 575 1341 fuit
604 1306 615 1340 :
650 1303 875 1357 cumque
927 1291 1164 1342 victoria:
1187 1290 1459 1357 pratmium
1490 1306 1591 1343 non
1620 1291 1856 1359 accepis-

282 1385 387 1441 set,
418 1378 510 1431 sed
538 1378 772 1432 omnium
818 1379 1025 1432 illorum
1056 1380 1408 1447 periculorum
1444 1381 1689 1436 mercede
1711 1381 1853 1436 frau-

281 1467 437 1521 datus
464 1476 622 1532 esset,
655 1483 721 1520 ne
765 1469 925 1522 verbo
951 1469 1160 1537 quidem
1201 1470 1548 1539 expostulavit
1584 1487 1851 1540 umquam,

281 1573 389 1611 non
416 1573 534 1612 cum
557 1558 824 1620 militibus,
859 1575 961 1612 non
986 1574 1102 1613 cum
1134 1576 1276 1629 rege,
1300 1561 1438 1630 quod
1462 1563 1575 1617 haec
1598 1579 1702 1616 non
1732 1579 1855 1632 ges-

281 1649 442 1703 sisset
482 1663 578 1716 spe
621 1650 879 1703 mercedis
903 1690 917 1715 ,
962 1665 1244 1719 supernam
1290 1660 1600 1722 exspectans
1629 1653 1857 1708 retribu-

284 1740 499 1793 tionem.
531 1738 637 1793 Nec
667 1739 717 1792 id
766 1741 934 1793 solum
963 1749 1044 1794 est
1066 1742 1412 1797 admiratione
1437 1743 1686 1813 dignum,
1713 1744 1854 1812 quod

284 1844 389 1880 non
417 1829 655 1897 poposcit
676 1829 971 1897 prmmium,
1001 1829 1095 1884 sed
1124 1830 1261 1899 quod
1287 1832 1445 1885 etiam
1469 1847 1587 1887 cum
1614 1835 1849 1897 daretur,

281 1918 353 1971 ob
398 1919 643 1972 eximiam
697 1919 856 1972 animi
899 1919 1209 1975 modestiam
1256 1923 1537 1976 recusavit.
1585 1923 1854 1992 Siquidem

284 2017 628 2078 posteaquam
654 2008 801 2075 Saul,
823 2011 999 2063 omnia
1012 2013 1251 2076 molitus,
1268 2020 1323 2067 et
1338 2011 1583 2065 omnibus
1608 2013 1819 2067 tentatis
1835 2055 1851 2081 ,

282 2114 388 2152 non
416 2101 583 2168 potuit
628 2099 773 2153 illum
801 2099 1117 2164 interﬁcere,
1160 2103 1369 2157 consuit
1417 2103 1490 2157 illi
1534 2103 1713 2159 dolum
1763 2121 1857 2174 per

284 2191 516 2259 nuptias,
547 2204 610 2244 ac
651 2205 839 2244 novam
883 2192 1161 2260 quamdam
1190 2192 1330 2248 dotis
1374 2208 1435 2248 ac
1464 2194 1716 2249 dotalium
1747 2194 1854 2250 for-

281 2296 422 2334 mam
453 2289 781 2335 commentus
805 2291 907 2336 est.
937 2281 1058 2335 Non
1085 2284 1227 2337 enim
1253 2285 1408 2354 cupit,
1441 2285 1628 2354 inquit,
1657 2302 1746 2339 rex
1765 2286 1858 2339 do-

282 2382 401 2435 tem,
426 2372 514 2425 sed
539 2382 595 2426 ut
618 2383 814 2426 centum
837 2377 1088 2445 pneputia
1126 2377 1344 2429 exsolvat
1387 2376 1447 2430 ab
1478 2377 1698 2432 hostibus
1727 2379 1856 2449 regis

281 2467 364 2534 (1.
392 2464 517 2535 Reg.
539 2465 625 2520 18.
648 2464 763 2535 25).
791 2465 843 2519 Id
875 2474 957 2520 est
985 2484 997 2523 :
1026 2466 1219 2521 Occide
1245 2468 1392 2534 mihi,
1425 2469 1611 2539 inquit,
1643 2480 1854 2524 centum

280 2557 445 2620 viros,
475 2566 632 2626 atque
653 2557 753 2612 hoc
773 2559 873 2611 erit
891 2558 1019 2612 mihi
1043 2557 1179 2612 dotis
1201 2560 1336 2614 vice.
1369 2559 1492 2615 Haec
1516 2570 1690 2615 autem
1712 2561 1858 2616 dice-

280 2646 393 2713 bat,
422 2648 641 2717 cupiens
658 2649 805 2702 illum
838 2648 1055 2703 obtentu
1080 2649 1308 2719 conjugii
1336 2648 1575 2704 hostibus
1601 2650 1852 2719 objicere.

353 2740 407 2793 4.
447 2738 624 2793 Nihilo
652 2739 825 2794 secius
851 2740 1015 2794 David
1046 2754 1140 2809 pro
1162 2755 1254 2794 sua
1286 2742 1541 2796 modestia
1590 2757 1678 2797 res
1708 2744 1853 2797 testi-

280 2846 455 2897 maus,
486 2832 749 2887 recusavit
797 2832 1117 2902 coniugium,
1146 2847 1251 2887 non
1279 2832 1560 2888 deterritus
1587 2835 1849 2903 periculis,

279 2933 373 2977 aut
415 2923 646 2977 hostium
674 2930 841 2989 metu,
880 2923 975 2978 sed
1019 2923 1158 2994 quod
1189 2924 1516 2979 existimaret
1545 2940 1663 2980 sese
1714 2925 1853 2979 indi-

278 3030 441 3084 gnum
464 3014 715 3069 afﬁnitate
742 3016 919 3085 regia;
948 3024 1108 3085 atque
1146 3014 1228 3071 his
1255 3016 1434 3071 verbis
1475 3017 1745 3086 respondit
1787 3016 1854 3071 ad

278 3120 464 3160 servos
488 3105 630 3160 illius
656 3121 670 3159 :
692 3107 770 3159 An
799 3106 901 3160 leve
925 3116 997 3160 est
1016 3108 1070 3160 in
1085 3108 1244 3162 oculis
1270 3108 1443 3162 vestris
1466 3124 1544 3162 me
1572 3112 1737 3178 facere
1763 3125 1852 3179 ge-

279 3211 457 3248 nerum
484 3196 635 3266 regis,
663 3211 776 3249 cum
799 3212 890 3265 ego
916 3198 1013 3250 sim
1036 3197 1113 3251 vir
1135 3198 1339 3251 humilis
1380 3215 1438 3252 ac
1483 3200 1670 3252 nullius
1707 3200 1855 3268 pretii

279 3287 348 3358 (1
384 3287 510 3358 Reg.
542 3289 628 3344 18.
658 3288 794 3360 25)?
830 3289 989 3359 Atqui
1024 3290 1313 3346 debebatur
1354 3290 1454 3346 hoc
1502 3292 1735 3357 honoris,
1790 3308 1853 3346 ac

279 3392 489 3433 merces
518 3386 571 3432 et
616 3380 853 3447 pensatio
883 3380 1122 3434 laborum
1152 3398 1164 3434 :
1197 3396 1380 3436 verum
1411 3397 1577 3452 usque
1603 3384 1733 3437 adeo
1760 3398 1853 3438 cor

279 3467 509 3523 habebat
531 3471 837 3536 contritum,
867 3478 926 3524 ut
954 3481 1072 3540 post
1099 3480 1177 3527 tot
1205 3488 1292 3528 res
1321 3489 1438 3528 cum
1462 3475 1616 3528 laude
1642 3485 1814 3545 gestas
1832 3518 1845 3537 ,

279 3568 401 3627 post
429 3558 563 3613 adeo
592 3560 917 3629 Splendidam
938 3562 1236 3628 victoriam,
1264 3573 1384 3633 post
1403 3580 1706 3633 expressam
1730 3581 1852 3634 pro-

278 3649 611 3713 missionem,
644 3650 914 3721 indignum
944 3666 1002 3708 se
1025 3654 1305 3723 judicaret,
1334 3657 1421 3725 qui
1447 3656 1676 3711 debitam
1713 3659 1850 3712 reci-

278 3749 434 3809 peret
459 3742 779 3808 mercedem,
811 3742 965 3815 idque
1000 3761 1122 3800 cum
1148 3746 1321 3801 denuo
1350 3756 1491 3803 esset
1516 3765 1573 3803 se
1603 3751 1851 3819 periculis

278 3830 600 3899 objecturus.
632 3833 983 3905 Posteaquam
1019 3847 1192 3891 autem
1235 3839 1415 3894 hostes
1443 3840 1706 3896 devicerat
1729 3884 1742 3907 ,
1790 3858 1852 3898 ac

277 3921 442 3975 ﬁliam
472 3923 611 3993 regis
637 3934 932 3995 acceperat,
957 3942 1140 3982 rursus
1162 3927 1417 3984 Psallebat
1438 3930 1621 3999 David,
1641 3943 1686 3986 et
1712 3950 1852 4001 quie—

280 4015 417 4069 rebat
443 4015 576 4071 Sail
603 4034 719 4071 eum
761 4019 936 4074 lancea
969 4031 1251 4089 percutere,
1297 4032 1343 4076 et
1378 4026 1659 4094 percussit:
1689 4024 1852 4080 David

281 4116 448 4160 autem
476 4107 775 4175 declinavit;
801 4118 845 4163 et
873 4111 1020 4165 hasta
1059 4112 1280 4182 impacta
1316 4123 1386 4167 est
1424 4117 1605 4184 parieti
1633 4117 1650 4185 (
1674 4118 1697 4170 1
1726 4117 1851 4185 Reg.

280 4198 371 4253 19.
403 4199 456 4255 9.
487 4200 599 4271 10).
622 4201 791 4268 Quem
819 4217 924 4257 non
956 4204 1053 4258 ista
1086 4204 1171 4258 vel
1201 4206 1440 4274 apprime
1485 4208 1852 4277 philosophum

278 4287 351 4342 ad
382 4290 708 4346 iracundiam
751 4293 1111 4349 excitassent?
1138 4296 1276 4364 quis,
1322 4297 1419 4351 etsi
1446 4298 1587 4351 nulla
1636 4299 1734 4353 alia
1765 4300 1858 4353 ad-

278 4378 473 4433 fuisset
502 4394 683 4446 causa,
711 4383 895 4437 saltem
926 4391 981 4437 ut
1004 4385 1341 4439 securitatem
1373 4386 1473 4441 sibi
1502 4397 1730 4456 pararet,
1772 4390 1855 4443 in-

274 4469 421 4540 juste
447 4470 783 4527 insidiantem
815 4488 920 4528 non
944 4475 1268 4531 occidisset?
1295 4476 1476 4547 Neque
1501 4479 1641 4533 enim
1672 4479 1724 4534 id
1756 4481 1855 4534 ho-

280 4561 554 4618 micidium
605 4562 807 4629 fuisset,
864 4566 956 4621 sed
999 4568 1215 4623 modum
1259 4583 1289 4622 a
1329 4569 1445 4638 lege
1490 4573 1853 4640 praescriptum

279 4653 688 4709 mansuetudine
710 4666 1033 4724 superasset.
1064 4657 1195 4712 Nam
1226 4658 1315 4712 illa
1343 4658 1553 4713 oculum
1584 4675 1676 4728 pro
1701 4661 1856 4715 oculo

274 4742 438 4813 jussit
462 4743 695 4800 eli‘odere
720 4744 911 4816 (Exod.
941 4747 1029 4800 21.
1061 4748 1150 4818 24)
1184 4766 1197 4802 :
1229 4748 1316 4804 hic
1343 4760 1520 4804 autem
1564 4751 1687 4805 licet
1714 4753 1856 4806 occi-

279 4834 471 4901 disset,
495 4850 591 4905 pro
612 4836 780 4892 tribus
806 4838 1102 4892 homicidiis
1131 4856 1293 4893 unum
1322 4850 1604 4897 exacturus
1631 4841 1818 4896 fuisset
1837 4883 1853 4907 ,

281 4938 383 4992 pro
412 4925 602 4990 tribus,
646 4926 881 4997 inquam,
915 4927 1233 4996 homicidiis,
1280 4932 1422 4986 nulla
1476 4932 1733 5002 probabili
1787 4934 1856 4988 de

278 5029 447 5069 causa
469 5016 703 5071 tentatis.
735 5018 875 5072 Nihil
901 5028 1075 5074 tamen
1099 5020 1289 5075 borum
1308 5025 1529 5078 tentavit
1550 5025 1733 5086 David.
1762 5026 1855 5081 sed

280 5105 464 5174 potius
509 5107 691 5162 habuit
730 5108 935 5179 fugere,
972 5119 1025 5164 et
1069 5126 1096 5162 a
1138 5113 1324 5180 patriis
1361 5114 1561 5169 aedibus
1588 5117 1852 5180 exsulare,

277 5202 445 5263 atque
472 5210 718 5251 erronem
747 5198 1134 5269 profugumque
1160 5217 1346 5271 agere,
1392 5214 1446 5258 et
1474 5205 1528 5259 in
1556 5206 1856 5261 caiamitate

276 5287 385 5341 sibi
416 5289 775 5344 necessarium
814 5306 1005 5360 parare
1024 5293 1244 5356 victum,
1274 5310 1429 5363 quam
1458 5298 1566 5366 regi
1586 5300 1742 5352 taedis
1768 5314 1859 5353 oc'

278 5380 552 5433 casionem
574 5379 719 5435 dare.
744 5380 853 5436 Nec
874 5383 1015 5437 enim
1042 5399 1107 5439 eo
1126 5384 1416 5454 spectabat,
1448 5395 1503 5440 ut
1521 5389 1751 5459 seipsum
1779 5392 1858 5445 ul-

282 5467 595 5533 cisceretur,
620 5469 717 5524 sed
743 5480 801 5525 ut
846 5471 991 5526 illum
1015 5475 1082 5528 ab
1108 5490 1172 5529 eo
1199 5476 1388 5529 morbo
1412 5476 1676 5535 liberaret.
1710 5480 1857 5536 Hanc

286 5560 355 5615 ob
397 5574 612 5614 causam
643 5561 712 5615 ab
736 5562 902 5617 oculis
950 5566 1147 5619 inimici
1177 5567 1426 5622 subduxit
1446 5584 1584 5633 sese,
1616 5581 1673 5624 ut
1698 5572 1854 5626 seda-

284 5660 371 5707 ret
394 5661 678 5717 tumorem,
719 5655 1161 5727 contraheretque
1189 5659 1432 5713 ardorem
1462 5662 1654 5716 ulceris
1681 5672 1733 5717 et
1775 5665 1856 5718 in-

282 5742 483 5797 vidiam
504 5745 785 5816 mitigaret.
818 5746 994 5802 Satius
1018 5757 1120 5816 est,
1149 5750 1334 5821 inquit,
1364 5767 1450 5806 me
1487 5754 1738 5810 miserum
1769 5772 1856 5812 es-

282 5854 366 5905 se,
399 5837 777 5912 innumeraque
801 5842 908 5911 pati
930 5843 1135 5913 acerba,
1176 5857 1330 5915 quam
1361 5845 1501 5903 hunc
1524 5848 1661 5918 apud
1691 5849 1852 5905 Deum

1332 445 1419 500 DE
1459 443 1709 499 DAVle
1747 444 1834 498 ET
1862 444 2084 502 SAULE
2123 447 2397 504 HOMILH
2440 451 2478 505 i.

3428 468 3531 524 65⁷2

1961 558 2027 613 de
2053 561 2346 618 innocentis
2371 567 2518 622 cmde
2543 570 2904 628 condemnari.
2937 576 3058 632 llaec
3101 594 3209 634 non
3250 582 3528 637 audiamus

1962 659 2184 716 tantum,
2217 670 2403 709 verum
2432 661 2591 713 etiam
2615 664 2911 730 imitemur,
2948 668 3077 723 nihil
3120 685 3222 723 non
3275 672 3530 727 faciamus

1960 748 2015 794 et
2038 744 2316 810 patiamur,
2342 754 2399 800 ut
2421 748 2616 803 inimici
2639 751 2958 809 simultatem
2982 773 3102 828 erga
3124 777 3217 814 nos
3239 761 3528 829 deponant,

1962 845 2059 884 nec
2112 833 2240 886 illud
2291 836 2636 906 inquiramus,
2685 852 2862 897 utrum
2908 848 3097 901 merito
3140 864 3209 902 an
3263 851 3530 904 immerito

1961 923 2274 978 malevolum
2301 928 2532 982 animum
2563 946 2685 1001 erga
2714 949 2809 988 nos
2839 948 3056 1003 gerant,
3089 939 3185 993 sed
3228 940 3327 994 hoc
3358 943 3527 995 solum

1959 1022 2291 1080 spectemus,
2320 1024 2376 1068 ut
2397 1018 2548 1073 nobis
2578 1021 2774 1077 inimici
2801 1040 2918 1079 esse
2962 1028 3223 1082 desinant.
3256 1029 3528 1099 Siquidem

1961 1103 2061 1158 hoc
2085 1114 2288 1173 spectat
2313 1109 2565 1173 medicus,
2597 1123 2653 1166 ut
2681 1116 2866 1169 morbo
2888 1116 3075 1171 liberet
3112 1132 3386 1187 aegrotum,
3423 1136 3526 1174 non

1959 1205 2131 1249 utrum
2160 1198 2369 1262 merito,
2404 1215 2468 1253 an
2498 1202 2758 1257 immerito
2785 1206 2883 1258 sibi
2914 1208 3153 1261 morbum
3185 1213 3524 1264 contraxerit.

1960 1288 2036 1342 Tu
2064 1304 2270 1359 quoque
2297 1293 2454 1360 igitur
2482 1295 2717 1349 medicus
2744 1311 2800 1349 es
2823 1297 2935 1366 ejus
2974 1301 3060 1367 qui
3085 1309 3133 1353 te
3158 1301 3290 1354 laesit
3319 1319 3329 1353 :
3366 1319 3523 1355 unum

1959 1377 2061 1432 hoc
2096 1395 2295 1448 qurere,
2328 1397 2433 1450 quo
2456 1394 2607 1451 pacto
2636 1386 2709 1438 illi
2744 1387 2983 1440 morbum
3014 1390 3237 1442 adimas.
3277 1391 3329 1444 Id
3385 1392 3524 1459 quod

1958 1468 2077 1523 fecit
2098 1472 2180 1523 hic
2192 1471 2393 1536 beatus,
2413 1485 2696 1543 egestatem
2716 1494 2821 1546 prre
2837 1479 3051 1545 divitiis,
3071 1482 3402 1536 solitudinem
3422 1501 3527 1551 prae

1961 1561 2150 1627 patria,
2175 1562 2383 1617 labores
2412 1566 2747 1634 periculaque
2774 1585 2877 1637 prae
2899 1569 3104 1624 deliciis
3124 1587 3186 1624 ac
3219 1575 3524 1636 securitate,

1960 1663 2269 1721 perpetuum
2297 1656 2537 1710 exsilium
2586 1674 2693 1727 prie
2719 1661 2922 1715 sedibus
2944 1663 3133 1732 elegit,
3183 1674 3238 1718 ut
3265 1666 3412 1719 illum
3460 1670 3527 1720 ab

1958 1742 2079 1795 odio
2129 1743 2179 1797 in
2208 1744 2378 1814 ipsum
2418 1748 2890 1820 malevolentiaque
2921 1754 3185 1808 liberaret.
3233 1760 3301 1809 At
3327 1773 3423 1811 nec
3450 1761 3527 1812 sic

1958 1834 2171 1902 quidem
2218 1837 2405 1890 melior
2434 1838 2601 1893 factus
2647 1851 2727 1895 est
2773 1842 2918 1906 Saul,
2952 1844 3044 1898 sed
3073 1849 3483 1916 persequebatur
3510 1890 3526 1914 ,

1959 1924 2050 1977 sed
2080 1924 2277 1995 ubique
2303 1930 2611 1984 circumibat
2636 1948 2876 1999 qumrcns
2905 1950 3023 1987 eum
3047 1975 3060 1998 ,
3093 1937 3180 2005 qui
3212 1952 3316 1991 non
3352 1940 3523 1992 solum

1958 2013 2088 2067 nihil
2119 2015 2346 2081 lzeserat,
2374 2018 2464 2071 sed
2509 2033 2625 2073 cum
2653 2030 2795 2075 esset
2825 2022 3001 2090 laesus,
3034 2026 3258 2078 maxima
3286 2038 3337 2080 et
3372 2028 3526 2080 inmi—

1956 2105 2225 2161 merabilia
2244 2122 2339 2177 pro
2356 2109 2557 2177 injuriis
2569 2111 2701 2165 bona
2720 2113 3054 2181 rependerat.
3086 2117 3151 2169 At
3169 2117 3293 2171 Saitl
3323 2117 3523 2185 impru—

1956 2195 2088 2250 dens
2116 2206 2234 2266 post
2260 2199 2441 2253 incidit
2468 2201 2519 2255 in
2548 2203 2681 2256 retia
2703 2203 2933 2258 Davidis.
2968 2204 3094 2258 Erat
3120 2207 3257 2260 enim
3281 2249 3294 2271 ,
3323 2208 3522 2276 inquit,

1956 2286 2023 2338 ibi
2042 2290 2300 2358 spelunca,
2326 2301 2372 2344 et
2395 2292 2643 2362 ingressus
2678 2304 2749 2349 est
2774 2295 2903 2349 Saftl
2926 2306 2979 2349 ut
3007 2308 3297 2351 exoneraret
3333 2300 3519 2352 alvum.

1957 2375 2126 2432 David
2153 2390 2320 2434 autem
2346 2399 2458 2435 cum
2499 2385 2757 2438 comitibus
2782 2387 2885 2440 suis
2913 2387 2966 2440 in
3006 2388 3241 2441 interiore
3272 2390 3525 2457 spelunca:

1957 2480 2098 2538 parte
2121 2470 2338 2524 sedebat.
2364 2472 2705 2545 Dixeruntque
2732 2476 2825 2531 viri
2857 2476 3023 2530 David
3049 2479 3116 2531 ad
3157 2480 3302 2533 illum
3336 2496 3355 2534 :
3392 2480 3525 2533 Ecce

1958 2560 2064 2613 dies
2092 2561 2154 2614 de
2177 2579 2273 2631 quo
2290 2563 2418 2617 dixit
2450 2564 2692 2620 Dominus
2717 2582 2736 2621 :
2767 2567 2987 2622 Tradam
3014 2569 3272 2623 inimicum
3298 2580 3434 2623 tuum
3472 2572 3524 2622 in

1956 2667 2135 2705 manus
2170 2663 2301 2717 tuas,
2325 2656 2576 2725 faciesque
2600 2658 2678 2710 illi
2700 2658 2834 2726 quod
2860 2659 3102 2729 placitum
3143 2662 3234 2714 erit
3268 2663 3321 2714 in
3367 2663 3525 2715 oculis

1958 2742 2072 2794 tuis.
2108 2740 2171 2793 Et
2197 2745 2412 2797 surrexit
2438 2743 2623 2809 David,
2652 2747 2953 2815 sustulitque
2976 2749 3213 2802 laciniam
3241 2750 3525 2819 chlamydis

1958 2832 2131 2885 Saulis
2171 2832 2475 2886 clanculum.
2514 2833 2578 2886 Et
2621 2836 2838 2903 post/uec
2879 2842 3117 2904 percussit
3166 2838 3409 2892 Davidem
3439 2856 3525 2891 cor

1955 2921 2135 2989 ipsius,
2180 2925 2313 2993 quod
2355 2924 2635 2978 abstulisset
2666 2926 2901 2979 laciniam
2951 2927 3252 2997 chlamydis,
3302 2929 3524 2997 dixitque

1956 3011 2121 3066 David
2143 3014 2210 3066 ad
2234 3014 2364 3067 viros
2402 3031 2519 3069 suos
2547 3031 2565 3069 :
2593 3016 2793 3069 Avertat
2812 3032 2844 3068 a
2867 3032 2945 3069 me
2968 3017 3233 3082 Dominus,
3261 3034 3321 3069 ne
3341 3017 3524 3085 faciam

1953 3106 2154 3159 verbum
2192 3108 2285 3159 hoc
2314 3107 2515 3161 domino
2555 3123 2684 3173 meo,
2726 3108 2910 3161 christo
2950 3107 3186 3174 Domini,
3234 3111 3524 3180 mittamque

1953 3213 2157 3249 manum
2192 3214 2353 3250 meam
2390 3199 2443 3251 in
2470 3197 2645 3263 illum,
2686 3199 2922 3268 quoniam
2959 3200 3173 3253 Christus
3201 3198 3407 3252 Domini
3450 3208 3523 3253 est

1957 3286 2031 3355 (1.
2055 3286 2181 3358 Reg.
2205 3287 2293 3342 24.
2323 3289 2486 3359 4-7).
2511 3289 2696 3343 Vidisti
2730 3298 2877 3343 tensa
2910 3290 3062 3355 retia,
3091 3289 3263 3344 vidisti
3291 3291 3525 3360 prmdam

1954 3389 2183 3448 captam,
2226 3378 2403 3433 vidisti
2448 3391 2753 3435 venatorem
2797 3389 3057 3445 erectum,
3107 3381 3283 3435 vidisti
3337 3396 3524 3435 omnes

1953 3470 2319 3533 adhortantes,
2372 3478 2429 3524 ut
2453 3485 2634 3525 ensem
2659 3472 2709 3524 in
2739 3470 2906 3524 hostis
2942 3480 3123 3539 pectus
3152 3470 3525 3539 immergeret?

1952 3559 2101 3615 Nunc
2119 3559 2246 3613 mihi
2268 3569 2444 3628 specta
2463 3560 2879 3629 phiIOSOphicam
2902 3562 3062 3615 animi
3083 3561 3525 3626 moderationem,

1953 3660 2133 3720 specta
2184 3654 2398 3717 luetam,
2446 3652 2742 3716 victoriam,
2789 3666 3061 3706 coronam.
3109 3652 3237 3706 Nam
3273 3653 3521 3721 spelunca

1955 3744 2042 3797 illa
2068 3758 2287 3813 campus
2314 3752 2448 3807 erat,
2482 3752 2637 3812 atque
2676 3742 2819 3797 lucta
2863 3744 3101 3811 quaedam
3131 3744 3385 3797 mirabilis
3438 3743 3521 3797 di-

1955 3847 2145 3907 ctuque
2172 3835 2497 3890 incredibilis
2542 3836 2674 3890 facta
2703 3843 2802 3889 est.
2835 3835 3084 3889 Luctatus
3111 3843 3193 3889 est
3213 3834 3396 3900 David,
3426 3850 3518 3903 pu-

1954 3928 2110 3997 gilem
2157 3928 2263 3998 egit
2306 3926 2595 3989 iracundia,
2648 3924 2775 3980 Sainl
2815 3924 3019 3994 positus
3065 3932 3180 3978 erat
3217 3925 3523 3977 certaminis

1956 4019 2209 4082 materia,
2242 4015 2589 4085 agonothetes
2636 4023 2750 4069 erat
2781 4014 2919 4068 Deus
2946 4030 2958 4065 :
2990 4014 3116 4082 quin
3161 4014 3332 4083 potius
3354 4053 3367 4077 ,
3415 4026 3522 4065 non

1958 4108 2057 4177 ipsi
2092 4107 2250 4161 modo
2277 4106 2531 4160 adversus
2559 4106 2820 4174 seipsum,
2849 4105 3221 4172 propriamque
3262 4102 3521 4170 cupidita-

1961 4210 2064 4254 tem
2092 4209 2206 4254 erat
2244 4200 2518 4268 praelium,
2551 4196 2645 4251 sed
2688 4205 2743 4250 et
2775 4196 3028 4250 adversus
3070 4194 3262 4249 milites
3303 4195 3390 4264 qui
3430 4195 3519 4248 θα.

1957 4300 2128 4346 erant.
2147 4289 2354 4345 Etenim
2382 4288 2426 4343 si
2449 4288 2697 4343 voluisset
2720 4288 2897 4340 animo
2924 4286 3209 4349 moderari,
3228 4302 3289 4341 ac
3303 4301 3519 4356 parcere

1959 4384 2007 4438 ei
2031 4384 2118 4452 qui
2147 4383 2802 4447 laeserat,consentaneum
2824 4388 2937 4432 erat
2966 4388 3021 4432 ut
3039 4387 3089 4433 et
3108 4378 3223 4433 illos
3242 4388 3521 4441 metueret,

1960 4489 2025 4527 ne
2056 4474 2188 4526 forte
2214 4473 2385 4540 ipsum
2419 4470 2738 4524 trucidarent
2762 4471 2812 4523 in
2843 4470 3109 4538 spelunca,
3140 4480 3403 4539 tamquam
3432 4471 3524 4540 qui

1960 4566 2167 4620 illorum
2203 4563 2425 4616 salutem
2458 4561 2811 4629 prodidisset,
2865 4576 2926 4614 ac
2974 4561 3238 4629 publicum
3290 4564 3525 4631 ipsorum

1961 4656 2167 4709 hostem
2187 4660 2472 4706 servasset.
2502 4651 2783 4706 Probabile
2810 4650 2948 4705 enim
2976 4659 3058 4705 est
3088 4652 3299 4706 illorum
3331 4669 3524 4707 unum-

1961 4760 2220 4816 quemque
2249 4743 2432 4797 dolore
2473 4743 2728 4811 percitum
2760 4742 2873 4796 haac
2901 4743 3034 4797 intra
3065 4758 3122 4798 se
3147 4744 3380 4799 dicturos
3399 4746 3525 4799 fuis-

1962 4854 2049 4896 se:
2070 4839 2297 4891 Erroues
2319 4834 2635 4905 exsulesque
2658 4848 2858 4898 sumus,
2883 4833 3063 4899 domo,
3083 4834 3269 4902 patria,
3288 4834 3530 4887 caeteris-

1960 4945 2064 5000 que
2105 4927 2349 4983 omnibus
2376 4924 2606 4990 excussi,
2651 4924 2992 4992 omniumque
3014 4922 3377 4976 difﬁcultatum
3410 4932 3521 4974 tua-

1962 5036 2077 5074 rum
2117 5026 2391 5072 consortes
2429 5027 2647 5069 sumus:
2676 5021 2730 5067 et
2759 5021 2813 5066 tu
2839 5029 2979 5077 eum,
3008 5014 3096 5081 qui
3140 5011 3327 5064 borum
3357 5011 3525 5065 malo-

1963 5128 2081 5169 rum
2130 5118 2214 5166 est
2252 5119 2474 5174 auctor,
2528 5107 2583 5160 in
2622 5120 2810 5160 manus
2848 5114 2964 5159 tuas
3007 5103 3251 5158 traditum
3274 5143 3289 5167 ,
3328 5103 3529 5173 cogitas

1962 5204 2248 5268 dimittere,
2281 5218 2349 5257 ne
2385 5202 2538 5255 nobis
2561 5214 2810 5270 umquam
2839 5199 2991 5252 liceat
3015 5195 3081 5250 ab
3105 5195 3188 5250 his
3216 5195 3526 5248 calamitati-

1960 5295 2061 5349 bus
2081 5296 2363 5363 respirare,
2391 5308 2456 5347 ac
2500 5291 2723 5361 proditis
2750 5288 2932 5343 amicis
2960 5288 3163 5342 hostem
3181 5302 3393 5340 servare
3415 5296 3525 5339 stu.

1963 5386 2093 5441 des?
2130 5387 2211 5439 An
2237 5386 2349 5439 haec
2374 5385 2515 5453 justa
2543 5383 2696 5436 sunt?
2729 5379 2860 5434 Nam
2886 5378 2929 5432 si
2952 5386 3091 5433 tuam
3114 5378 3277 5447 ipsius
3306 5377 3527 5430 salutem

1966 5477 2201 5546 negligis,
2231 5483 2427 5529 nostra:
2473 5480 2619 5527 certe
2662 5472 2784 5525 vita:
2830 5483 3033 5538 parcas.
3066 5468 3181 5522 Non
3229 5468 3318 5520 tibi
3349 5467 3529 5520 dolent

1964 5574 2226 5631 anteacta,
2256 5580 2428 5633 neque
2452 5576 2658 5617 memor
2684 5574 2744 5615 es
2768 5559 3027 5612 malorum
3053 5572 3172 5626 quae
3197 5556 3264 5609 ab
3290 5556 3377 5609 illo
3408 5570 3527 5621 pcr-

1965 5672 2151 5727 pessus
2191 5670 2250 5710 es
2272 5657 2295 5707 ’ἐ
2331 5656 2486 5710 Certe
2529 5654 2596 5706 ab
2622 5666 2683 5705 ea
2713 5665 2833 5719 qua:
2882 5650 3053 5702 futura
3102 5655 3243 5703 sunt.
3277 5644 3400 5697 tolle
3431 5643 3529 5696 Ιιο-
3594 5656 3597 5659 λ

1965 5758 2121 5815 stem,
2151 5766 2218 5802 ne
2238 5749 2436 5817 majora
2466 5756 2519 5801 et
2546 5744 2818 5799 acerbiora
2843 5740 3199 5810 perpetiamur
3225 5736 3380 5790 tnala.
3406 5735 3531 5790 Hau:

1967 5852 2023 5898 ut
2069 5843 2245 5898 verbis
2293 5859 2397 5897 non
2443 5842 2547 5894 sint
2578 5835 2895 5907 proloquuti,
2925 5841 3097 5887 tamen
3145 5830 3321 5884 animo
3348 5843 3529 5884 secum
