4038 6360
545 406 653 460 683

547 527 830 581 volvebant
873 541 996 581 cum
1036 526 1153 582 ista.
1205 534 1320 581 tum
1347 524 1462 578 istis
1507 525 1667 578 etiam
1703 523 1802 576 alia
1832 524 2052 587 majora.

718 617 905 670 Verum
936 617 1060 668 nihil
1110 617 1304 670 horum
1322 615 1496 683 justus
1525 614 1611 667 ille
1641 612 1778 681 apud
1814 629 1872 667 se
1903 626 2131 682 perpen-

543 710 906 766 doltat,nnntn
959 707 1080 760 illud
1134 717 1402 775 spectans,
1453 706 1720 774 (prornodo
1773 713 1952 774 posset
2000 703 2132 758 redi-

545 801 662 852 miri
713 800 1006 852 tolerantia:
1048 814 1262 859 corona,
1295 814 1356 852 ac
1397 814 1584 850 novam
1639 795 1922 865 quamdam
1957 795 2129 849 admi-

543 892 870 961 rabiletnqne
933 891 1321 960 philosophiam
1399 905 1677 954 exercere.
1736 889 1919 956 Neque
1985 888 2128 942 enim

542 983 762 1051 perinde
803 985 993 1036 mirum
1036 993 1182 1046 crat,
1215 984 1256 1035 si
1299 999 1419 1035 cum
1467 989 1608 1034 esset
1649 981 1791 1034 solus
1839 990 1892 1035 et
1928 979 2130 1050 absque

535 1074 822 1133 comitibus
846 1116 860 1136 ,
895 1075 1217 1143 pepercisset
1254 1074 1322 1126 illi
1371 1089 1401 1126 a
1433 1089 1538 1140 quo
1567 1073 1737 1135 fuerat
1763 1073 1943 1140 hesus,
1969 1082 2128 1143 atque

538 1183 680 1224 nunc
703 1177 805 1231 est,
828 1167 973 1235 quod
992 1167 1092 1220 hoc
1120 1168 1256 1219 idctn
1289 1166 1405 1218 aliis
1431 1166 1780 1234 pra-sentibus
1811 1165 1932 1219 fecit
1963 1183 1975 1218 :
2006 1180 2126 1218 nam

540 1259 764 1316 militum
800 1258 1008 1311 illorum
1041 1257 1318 1325 praesentia
1347 1257 1616 1324 geminum
1644 1267 1755 1310 erat
1778 1255 2136 1325 philosophiae.

537 1352 891 1408 ultstaculunt.
917 1351 1078 1404 Nobis
1103 1350 1228 1418 ipsis
1251 1350 1556 1416 frequenter
1574 1349 1772 1415 evenit,
1793 1361 1843 1402 ttt
1872 1365 1990 1405 cum
2019 1360 2128 1402 sla-

539 1445 800 1508 tuerimus
829 1441 1113 1499 vindictam
1164 1440 1466 1500 remittere,
1499 1448 1552 1493 et
1597 1440 1879 1493 Commissa
1922 1439 2125 1493 condo-

539 1551 699 1600 nare;
751 1545 868 1604 post
909 1534 993 1592 ubi
1045 1533 1335 1587 viderimus
1377 1531 1582 1600 aliquos
1628 1547 1723 1584 nos
1767 1531 2034 1586 irritantcs
2072 1542 2126 1586 et

536 1629 883 1688 concitantes,
906 1635 1169 1678 mutemus
1186 1623 1526 1687 sententiam,
1542 1632 1595 1675 et
1617 1623 1824 1675 illorum
1852 1621 2007 1680 dictis
2029 1622 2126 1676 ob-

536 1730 911 1787 temperemns.
943 1716 1136 1770 Verum
1172 1717 1270 1768 hoc
1302 1729 1405 1767 non
1437 1714 1627 1767 accidit
1656 1713 1777 1767 huic
1804 1713 1957 1767 beato
1981 1756 1994 1777 ,
2027 1713 2125 1769 sed

533 1814 693 1870 etiam
737 1818 856 1879 post
891 1809 1100 1862 illorum
1132 1807 1409 1860 consilium
1445 1815 1499 1859 et
1536 1805 1962 1860 exhortationem
2005 1821 2124 1874 per-

531 1902 794 1956 scveravit
819 1902 870 1955 in
907 1901 1070 1954 animi
1115 1899 1405 1968 proposito.
1441 1901 1510 1952 At
1538 1913 1607 1952 ne
1635 1897 1734 1952 hoc
1759 1898 1972 1968 quidem
2001 1905 2120 1951 tan-

531 2009 641 2049 tum
691 2005 773 2049 est
809 1993 1162 2048 admiratione
1191 1990 1439 2061 dignum,
1466 1989 1607 2060 quod
1639 2006 1737 2044 nec
1770 1990 1994 2044 aliorum
2022 1991 2120 2043 ad-

530 2087 732 2140 IuOttilu
754 2084 993 2142 dimotus
1012 2092 1094 2138 est
1119 2099 1146 2136 a
1172 2083 1463 2151 proposito,
1489 2082 1737 2150 quodque
1768 2097 1870 2135 non
1893 2093 1975 2135 est
2002 2082 2122 2137 illos

527 2179 728 2237 veritus
753 2219 766 2240 ,
796 2175 888 2230 sed
919 2174 1058 2245 quod
1101 2174 1318 2243 perfecit
1338 2215 1352 2234 ,
1377 2181 1435 2236 ut
1483 2182 1537 2227 et
1571 2173 1643 2226 illi
1689 2172 1930 2228 eamdem
1955 2173 2122 2230 animi

529 2268 950 2330 moderationem
995 2275 1285 2320 sumerent.
1335 2264 1574 2334 Magnum
1617 2263 1868 2333 quidem,
1915 2264 1960 2318 si
2001 2264 2120 2334 quis

527 2360 638 2420 suis
681 2357 1058 2427 cupiditatibus
1094 2357 1319 2423 imperet
1351 2371 1363 2406 :
1405 2354 1498 2408 sed
1537 2355 1704 2408 multo
1740 2352 1912 2422 majus
1949 2363 2030 2408 est
2065 2363 2119 2408 et

526 2452 645 2515 atiis
689 2449 1007 2518 persuadere
1055 2461 1244 2516 posse,
1280 2457 1334 2498 ιιι
1364 2455 1417 2498 et
1460 2446 1556 2512 ipsi
1603 2454 1833 2498 mentem
1876 2445 2118 2499 eamdem

529 2541 758 2594 habeant
791 2556 806 2592 :
840 2539 977 2601 aliis,
1007 2538 1241 2606 inquam,
1273 2536 1360 2604 qni
1388 2551 1487 2598 nec
1519 2536 1742 2590 modesti
1783 2545 1908 2590 sunt
1937 2536 2115 2599 homi-

527 2646 642 2694 ncs,
669 2647 838 2700 neque
870 2637 1246 2698 temperantes,
1277 2629 1368 2681 sed
1398 2629 1612 2690 milites,
1645 2630 1730 2698 qui
1766 2630 1948 2686 multis
1976 2629 2117 2687 diffi-

525 2701 934 2790 cultatihus'jam
963 2723 1012 2775 in
1041 2720 1466 2789 desperationem
1495 2733 1646 2774 erant
1670 2721 1903 2784 adducti,
1937 2739 1968 2775 a
1991 2723 2124 2792 qui-..

524 2815 622 2878 bus
659 2812 929 2884 paululum
980 2812 1244 2880 respirare
1280 2812 1580 2880 cupiebant,
1614 2812 1751 2867 haud
1798 2813 1963 2884 ignari
2009 2830 2124 2876 non

524 2908 689 2969 modo.
715 2917 875 2965 lotam
907 2905 1166 2978 malorum
1198 2904 1518 2968 solutionem
1542 2904 1593 2959 in
1615 2904 1783 2959 hostis
1801 2921 1930 2961 nece
1956 2906 2112 2961 sitam

521 3018 671 3067 esse;
718 3016 814 3053 nec
848 2998 1007 3052 modo
1042 2999 1298 3051 malorum
1331 2997 1646 3052 solutionem
1668 3039 1682 3064 ,
1728 3013 1910 3052 verum
1953 2999 2123 3064 etiam

522 3094 870 3166 plurimorum
918 3091 1178 3144 bonorum
1229 3090 1664 3158 acquisitionem,
1714 3092 1928 3160 quando
1981 3093 2118 3150 nihil

521 3183 801 3247 obstabat,
844 3182 1130 3252 quominus
1181 3183 1270 3248 illo
1303 3182 1563 3236 trucidato
1603 3184 1846 3252 protinus
1893 3201 2112 3256 regnum

521 3276 771 3340 transiret
815 3274 878 3328 ad
925 3273 1194 3327 Davidetn.
1233 3274 1473 3328 Attamen
1514 3289 1632 3328 cum
1677 3283 1754 3328 tot
1792 3288 1972 3331 essent
2026 3295 2111 3333 res

519 3383 637 3436 qum
661 3365 856 3432 milites
885 3365 1400 3432 irritabant,_tantum
1422 3365 1586 3419 valuit
1610 3367 1695 3421 ille
1715 3382 2030 3436 generosus,
2058 3381 2120 3428 ut.

521 3461 604 3514 his
633 3459 876 3513 onmibus
899 3457 1056 3513 fuerit
1081 3460 1344 3538 superior,
1371 3459 1721 3530 snaderctque
1746 3471 1800 3516 ιιι
1822 3461 1958 3524 hosti
1986 3479 2111 3534 par-

517 3569 636 3615 cere
645 3567 696 3621 at
707 3595 721 3609 .

587 3651 810 3704 Consilia
838 3650 1050 3704 militum
1074 3649 1352 3710 admtcdcm
1378 3649 1743 3715 impellentia»:
1775 3651 1979 3721 negligit
2008 3649 2112 3704 Da-

517 3741 635 3809 rid;
662 3759 753 3795 cur
790 3740 930 3794 Dcus
971 3741 1135 3793 hostes
1179 3739 1319 3792 nobis
1355 3740 1545 3792 trudat.
1571 3770 1642 3778 —
1663 3742 1851 3808 Opera:
1883 3741 2122 3809 pretium

519 3850 646 3892 vero
676 3844 785 3896 cst,
818 3834 976 3887 etiam
1020 3833 1254 3902 ipsorum
1297 3831 1522 3886 militum
1563 3832 1746 3886 audire
1785 3833 2063 3888 consilium
2092 3877 2116 3899 ,_

515 3928 636 3993 quia
680 3924 885 3978 consilii
923 3924 1182 3988 calliditas
1226 3924 1435 3976 lirnnnn
1484 3934 1536 3977 et
1566 3923 1794 3988 Solidum
1821 3925 1950 3994 justi
1995 3928 2108 3980 ani-

518 4032 662 4069 tuutn
692 4013 941 4068 ostendit;
974 4014 1087 4066 Non
1119 4015 1257 4070 enim
1295 4014 1364 4066 ita
1411 4014 1612 4082 loqunti
1658 4023 1780 4075 sunt
1811 4033 1821 4066 :
1856 4016 1994 4070 Ecce
2021 4017 2107 4085 qui

519 4108 681 4166 multa
711 4107 760 4159 in
793 4115 842 4158 te
883 4106 1103 4158 molitus
1125 4115 1208 4160 est
1253 4105 1385 4156 tnala
1412 4145 1426 4168 ,
1460 4106 1548 4173 qui
1585 4121 1767 4160 necem
1803 4116 1942 4160 tuam
1975 4123 2115 4163 con-.

516 4198 740 4267 cupivit,
777 4198 862 4266 qui
911 4213 1008 4251 nos
1057 4195 1531 4250 ittttnetlic.tbil;btts
1578 4197 1789 4252 vallavit
1826 4197 2118 4259 difficulta-.

519 4290 660 4342 tibus
695 4306 707 4340 :
747 4287 840 4342 sed
887 4288 973 4342 ubi
1026 4297 1408 4356 perspexerant
1452 4287 1563 4339 hinc
1611 4286 1787 4340 Omnia
1842 4288 2109 4358 negligere

521 4380 806 4444 Davitlent,
838 4396 936 4434 nec
974 4394 1216 4448 magnam
1262 4379 1458 4432 habere
1489 4379 1747 4433 rationem
1782 4380 1831 4432 in
1867 4397 1926 4435 se
1963 4397 2112 4435 com-

518 4475 824 4537 missorum,
843 4473 1071 4542 allegant
1096 4472 1168 4525 illi
1186 4472 1418 4524 divinmn
1446 4481 1738 4537 auctorem,
1759 4471 1914 4534 Deus,
1939 4474 2108 4539 aiunt,

516 4567 662 4620 illum
709 4565 954 4627 tradidit,
993 4580 1101 4634 quo
1135 4564 1382 4618 videlicet
1419 4563 1677 4633 judicium
1717 4581 1744 4618 a
1780 4566 1886 4619 Deo
1930 4568 2108 4636 profc-

517 4669 659 4713 ctum
693 4657 968 4722 reveritus,
997 4657 1289 4725 promptius
1316 4658 1415 4711 iret
1441 4658 1505 4711 ad
1536 4657 1897 4713 homicidium.
1943 4661 2108 4714 Nunt-

517 4754 677 4821 quid,
715 4751 997 4821 inquiunt,
1039 4759 1182 4804 tuam
1228 4751 1393 4820 ipsius
1443 4753 1608 4806 vicem
1654 4751 1965 4808 ulcisceris?
1997 4755 2110 4810 Deo

518 4845 687 4898 Servis
735 4859 796 4897 ac
843 4842 1154 4906 ministras,
1205 4841 1346 4897 illius
1397 4843 1716 4897 sententiam
1766 4847 2104 4914 eomprohas.

515 4937 618 4990 Sed
651 4951 756 5005 quo
788 4933 954 5002 magis
985 4933 1097 4987 hcce
1126 4933 1372 4988 dicebant
1397 4975 1409 4998 ,
1437 4943 1582 4989 tanto
1610 4939 1778 5006 magis
1804 4938 1886 4992 hic
1916 4955 2106 5008 peper-

513 5032 587 5084 cit
637 5029 799 5083 hosti.
846 5026 1175 5096 lntelligebat
1225 5028 1407 5094 enim,
1444 5028 1607 5082 Deum
1659 5029 1777 5083 ideo
1825 5031 2104 5087 tradidisse

514 5138 635 5175 eum
663 5163 677 5186 ,
715 5129 771 5175 ut
819 5120 916 5173 sibi
959 5119 1190 5188 majores
1227 5119 1535 5174 occ:tsiones
1579 5122 1862 5190 probanda:
1894 5125 2104 5178 virtutis

513 5211 893 5281 suppeditaret.
930 5209 1159 5264 Proinde
1200 5219 1252 5264 tu
1298 5227 1548 5280 quoque,
1591 5213 1633 5264 si
1678 5215 1888 5282 quando
1936 5217 2103 5273 hostis

512 5312 634 5356 tuus
665 5301 908 5357 inciderit
933 5301 984 5354 in
1028 5315 1215 5354 manus
1245 5309 1360 5355 tuas
1384 5341 1399 5367 ,
1429 5317 1556 5355 cave
1582 5313 1733 5371 putes
1771 5321 1890 5358 esse
1924 5306 2101 5361 datam

515 5394 841 5456 ulciscendi,
881 5391 974 5446 sed
1013 5391 1260 5448 servandi
1315 5392 1482 5446 hostis
1535 5394 1887 5448 occasionem.
1921 5397 2105 5467 quue

515 5495 626 5541 tum
673 5487 903 5540 maxime
933 5485 1254 5554 parcendum
1287 5496 1369 5539 est
1396 5483 1655 5550 inimicis,
1689 5504 1806 5541 cum
1851 5490 1923 5542 illi
1969 5490 2104 5546 forte

513 5588 774 5632 venerunt
796 5580 848 5630 in
880 5585 1194 5644 potestatem
1228 5588 1482 5630 nostram.
1504 5579 1570 5630 At
1594 5577 1678 5632 hic
1701 5577 1924 5635 fortasse
1953 5582 2104 5637 dixe-

509 5668 580 5721 rit
607 5665 795 5736 aliquis
823 5683 836 5718 :
869 5666 936 5720 Et
955 5666 1080 5736 quid
1101 5681 1373 5736 maguum,
1400 5676 1491 5720 aut
1520 5669 1642 5737 quid
1672 5670 1862 5726 mirum
1885 5688 2101 5741 parcrtre

514 5757 562 5810 ei
597 5772 754 5826 quem
799 5756 964 5814 habes
995 5758 1051 5812 in
1075 5766 1163 5811 tua
1191 5759 1489 5827 potestate?
1517 5759 1831 5830 Complures
1879 5767 2019 5820 enim
2049 5779 2104 5823 et

515 5846 603 5900 alii
631 5860 786 5915 reges
821 5846 888 5904 ad
929 5848 1278 5918 principatum
1310 5849 1478 5906 evecti
1501 5892 1515 5917 ,
1544 5867 1662 5906 sese
1699 5851 1968 5926 indignum
2010 5858 2097 5926 ja-

1343 403 1400 460 S.
1440 403 1718 460 JOANNIS
1754 400 2237 458 CIIRYSOSTOMI
2275 401 2589 457 ARClllEP.
2619 400 3156 463 ΕΟΝΞΤΑΝΤΙΝΟΡ..

3725 407 3830 460 684

2244 518 2484 572 dicarunt
2515 533 2566 570 tn
2606 529 2754 571 tanto
2781 525 2928 587 regni
2961 521 3262 585 fastigioab
3289 521 3352 572 iis
3383 535 3565 589 pinnas
3591 523 3828 589 exigi-rc,

2236 626 2265 663 a
2295 611 2486 678 quibus
2515 609 2640 662 olim
2670 610 2875 663 fuerant
2897 609 3084 664 offensi
3113 627 3127 663 :
3162 611 3272 677 ipsa
3307 613 3552 678 potentia:
3579 613 3824 670 sublimi-

2239 711 2318 753 tas
2348 717 2563 756 causam
2591 702 2767 754 attulit
2795 703 3264 763 reconciliationis.
3288 704 3483 758 Verum
3511 706 3562 759 in
3598 705 3699 761 hoc
3725 723 3831 761 ne-

2234 794 2377 860 gotio
2420 793 2524 846 tale
2565 793 2696 846 nihil
2734 793 2904 862 possis
2941 795 3140 850 dicere.
3171 795 3353 864 Neque
3391 797 3534 851 enim
3563 798 3740 856 David
3758 799 3832 852 ad

2237 886 2584 954 principatum
2613 897 2850 951 evectus,
2881 903 3052 956 neque
3077 904 3302 960 regnum
3330 889 3570 960 adeptus,
3602 907 3667 946 ac
3691 893 3834 945 Saﬁ-

2234 976 2337 1032 lem
2368 979 2418 1030 in
2447 978 2689 1034 manibus
2719 978 2922 1039 habens
2942 1021 2957 1047 ,
2987 980 3056 1034 ita
3088 981 3301 1036 demum
3345 984 3416 1038 illi
3446 985 3720 1054 pepercit,
3759 1004 3833 1040 ne

2232 1071 2350 1138 quis
2378 1071 2585 1124 causari
2609 1074 2772 1140 possit
2802 1074 2949 1142 regni
2982 1075 3341 1144 magnitudine
3365 1077 3627 1131 sublatam
3662 1079 3833 1132 fuisse

2232 1161 2364 1216 iram
2397 1179 2420 1215 :~
2445 1163 2539 1219 sed
2564 1178 2683 1216 cum
2715 1165 2874 1218 sciret
2903 1164 3039 1227 fore,
3064 1176 3120 1220 ut
3149 1167 3238 1221 ille
3273 1177 3512 1223 servatus
3541 1186 3724 1225 rursus
3757 1175 3828 1231 ait

2230 1255 2416 1309 eadem
2450 1256 2681 1321 rediret,
2713 1267 2768 1312 et
2797 1257 2912 1326 ipse
2949 1258 3001 1312 in
3047 1262 3287 1328 graviora
3322 1263 3555 1330 pericula
3583 1265 3829 1332 conjicen

2231 1358 2411 1412 retur,
2447 1365 2513 1403 ne
2543 1349 2661 1404 ideo
2685 1351 2898 1419 quidem
2938 1352 3150 1406 occidit.
3197 1353 3272 1407 Ne
3311 1355 3489 1423 utique
3529 1355 3669 1410 hunc
3697 1373 3827 1410 cum

2230 1437 2333 1490 illis
2377 1440 2733 1497 conferamus.
2768 1441 3038 1511 Siquidem
3082 1443 3153 1496 illi
3181 1446 3428 1511 quoniam
3468 1447 3663 1500 habent
3699 1464 3851 1519 cerg

2230 1536 2339 1581 tum
2394 1539 2670 1599 totumque
2715 1532 2903 1600 pignus
2953 1532 3143 1587 futurze
3193 1534 3445 1604 deinceps
3491 1540 3824 1601 securitatis,

2227 1618 2420 1672 merito
2463 1631 2722 1690 parcunt;
2771 1623 2857 1676 hie
2897 1639 3025 1679 vero
3056 1641 3176 1679 cum
3217 1626 3377 1680 sciret
3412 1643 3470 1681 se
3508 1628 3712 1682 hostem
3771 1631 3838 1688 ira

2227 1726 2378 1764 suam
2427 1713 2591 1781 ipsius
2642 1717 2930 1782 perniciem
2980 1717 3278 1782 dimittere,
3311 1735 3374 1774 ac
3412 1721 3635 1776 salutem
3686 1724 3828 1778 dare

2228 1801 2464 1867 inimico,
2500 1803 2636 1863 hand
2670 1815 2845 1860 tamen
2879 1807 3022 1861 illum
3052 1810 3265 1874 occidit,
3307 1810 3462 1880 idque
3487 1828 3606 1866 cum
3647 1814 3825 1868 hahe-

2226 1899 2310 1946 ret
2348 1893 2512 1947 multa
2563 1896 2627 1948 ad
2659 1912 2776 1950 eam
2813 1898 3012 1951 caedem
3051 1900 3396 1968 impellentia.
3440 1903 3644 1957 Etenim
3684 1906 3826 1959 soli-

2227 1982 2356 2037 tudo
2382 1985 2534 2054 regis
2551 1987 2748 2040 auxilio
2790 1989 2992 2055 nudati,
3022 1992 3324 2044 exhortatio
3351 1993 3593 2058 militum,
3621 2009 3823 2064 praue-

2225 2075 2448 2128 ritorum
2481 2079 2758 2143 lllBlthl‘ia,
2787 2080 3082 2135 futurorum
3124 2092 3336 2148 metus;
3361 2084 3426 2138 ad
3454 2085 3565 2139 haec
3589 2088 3732 2154 quod
3774 2089 3823 2142 si

2224 2164 2580 2222 interfecisset
2627 2168 2934 2234 inimicam,
2985 2189 3088 2226 non
3131 2185 3311 2242 posset
3346 2175 3582 2232 damnari
3611 2181 3780 2234 cmdis
3804 2223 3820 2244 ,

2223 2258 2470 2328 quodque
2496 2271 2617 2329 post
2637 2263 2835 2317 etedem
2870 2274 3136 2332 peractam
3166 2267 3333 2336 legem
3366 2269 3441 2340 (α)
3465 2271 3632 2336 ipsam
3664 2288 3824 2326 man-

2227 2351 2511 2404 suetudine
2531 2368 2784 2422 superare
2807 2355 3095 2421 videretur,
3129 2357 3243 2418 lucc
3271 2369 3322 2413 et
3346 2360 3447 2413 alia
3478 2361 3625 2429 plura
3659 2378 3825 2433 urgeo

2226 2438 2356 2492 bant
2405 2444 2905 2516 compellebantque
2957 2449 3131 2517 gladio
3186 2451 3334 2504 illum
3385 2454 3690 2508 confodere.
3749 2459 3824 2511 At

2223 2527 2412 2584 horum
2456 2532 2584 2586 nulli
2615 2536 2778 2589 Ct‘SSil.
2798 2578 2810 2598 ,
2841 2538 2934 2591 sed
2965 2541 3260 2600 adamantis
3304 2541 3489 2598 invicti
3521 2561 3666 2598 more
3696 2562 3824 2614 per-

2221 2622 2372 2684 stitit,
2405 2623 2776 2680 intemeratam
2810 2628 3160 2698 philosophiae
3205 2632 3376 2702 legem
3426 2649 3663 2689 servans.
3694 2638 3821 2690 Ca:-

2224 2720 2395 2768 terum
2423 2730 2490 2769 ne
2514 2715 2662 2771 dicas
2694 2718 2840 2772 illum
2883 2721 3011 2775 nihil
3035 2737 3218 2776 eorum
3249 2725 3482 2780 sensisse
3507 2727 3819 2791 affectuum,

2219 2818 2355 2872 quos
2382 2808 2740 2879 sensissepar
2761 2821 2897 2871 erat.
2927 2813 3021 2868 sed
3050 2814 3099 2868 id
3126 2816 3267 2887 Quod
3295 2819 3485 2872 accidit
3517 2835 3622 2876 non
3653 2822 3842 2878 fuisse-

2224 2897 2613 2969 philosophiam
2637 2943 2663 2969 ,η
2681 2903 2774 2958 sed
2811 2912 3085 2974 stuporem
3115 2925 3128 2960 :
3161 2909 3438 2964 considera
3467 2929 3625 2980 quam
3655 2916 3822 2970 vehe-

2220 2999 2430 3046 menter
2467 3005 2814 3064 eanperatns
2858 2998 2958 3053 sibi
2998 3002 3326 3068 temperarit.
3375 3002 3650 3074 Siquidem
3705 3009 3817 3062 ira-

2218 3083 2427 3138 cundiae
2457 3083 2726 3141 lluetusin
2749 3087 2928 3142 animo
2953 3089 3091 3144 illius
3122 3093 3456 3160 intumuisse,
3484 3098 3815 3169 multamque

2218 3176 2596 3246 cogitationum
2631 3181 2916 3250 procellam
2959 3187 3278 3243 concitatam
3311 3188 3475 3243 fuisse
3499 3230 3515 3254 ,
3555 3192 3652 3245 sed
3691 3208 3813 3246 eam

2220 3277 2591 3340 tempestatem
2638 3272 2936 3330 refrenasse
2977 3276 3165 3332 timore
3213 3279 3334 3344 Dei,
3375 3281 3690 3352 animosque
3728 3301 3822 3339 rec.

2218 3363 2497 3432 pressisse,
2527 3380 2602 3426 ex
2622 3365 2684 3422 iis
2710 3382 2828 3435 quae
2859 3367 2992 3420 facta
3024 3378 3146 3422 sunt
3173 3373 3474 3440 perspicere
3501 3373 3646 3428 licet.
3683 3375 3816 3429 Sur-

2216 3457 2365 3520 rexit,
2388 3457 2577 3526 inquit,
2607 3468 2652 3516 et
2676 3459 2789 3512 tulit
2812 3475 2952 3512 oram
2978 3461 3262 3533 chlamydis
3288 3460 3469 3517 Saiilis
3491 3465 3834 3526 clanculum._

2220 3549 2379 3604 Vides
2425 3561 2619 3621 quanta
2665 3554 2757 3606 ira:
2785 3561 3075 3622 tempestas
3120 3565 3302 3610 coorta
3344 3558 3536 3612 fuerit?
3593 3563 3660 3614 At
3709 3580 3811 3614 nun

2218 3643 2477 3709 processit
2507 3643 2726 3698 ulterius
2745 3687 2760 3710 ,
2787 3661 2960 3714 neque
2982 3645 3123 3702 'fecit
3161 3648 3494 3718 naufragium
3519 3693 3533 3714 ,
3569 3667 3636 3704 ea
3671 3656 3813 3710 ιιιιυιΙ

2215 3732 2556 3802 gubernatrix
2579 3735 2720 3789 illico
2745 3738 2983 3791 sentiens
3009 3738 3321 3807 periculum,
3351 3740 3595 3795 videlicet
3631 3744 3712 3809 pia
3739 3761 3815 3797 ra-

2218 3825 2290 3878 tio
2314 3866 2328 3889 ,
2363 3833 2730 3894 tempestatem
2771 3829 2928 3882 vertit
2975 3829 3026 3882 in
3062 3830 3512 3900 tranquillitatem.
3545 3830 3813 3888 Percussit

2215 3914 2389 3979 enim,
2423 3915 2628 3984 inquit,
2657 3915 2904 3972 Doridem
2951 3921 3369 3990 cor-ipsius,.ae
3416 3923 3563 3977 velut
3613 3942 3810 3994 equum

2215 4006 2582 4062 subsilientem
2617 4023 2679 4062 ac
2710 4009 3074 4074 ferocientem,
3105 4015 3372 4068 revocavit
3403 4015 3556 4068 iram.

2286 4097 2340 4150 6.
2382 4096 2693 4168 Hujusmodi
2727 4109 2850 4154 sunt
2889 4114 3197 4156 sanctorum
3236 4105 3428 4158 anima:
3454 4122 3468 4157 :
3499 4108 3809 4176 priusquam

2214 4190 2514 4255 concidant,
2547 4205 2851 4262 resurgunt,
2883 4196 3186 4266 priusquam
3213 4197 3279 4251 ad
3312 4207 3587 4266 peccatum
3616 4215 3816 4269 ρει-γει

2216 4283 2382 4344 niant,
2413 4283 2768 4352 refrenantur,
2802 4303 2868 4342 eo
2892 4289 3033 4358 quod
3075 4289 3269 4344 sobriae
3316 4291 3421 4346 sint
3445 4333 3460 4355 ,
3490 4307 3812 4364 semperque

2216 4373 2450 4440 vigilent.
2505 4375 2568 4428 Et
2610 4383 2787 4430 tamen
2835 4391 3092 4447 quantum
3129 4389 3246 4434 erat
3291 4381 3628 4437 intervallum
3674 4385 3812 4440 inter

2213 4479 2406 4532 corpus
2428 4475 2482 4519 et
2510 4476 2710 4522 vestem
2735 4467 2758 4520 ?
2787 4470 3038 4525 Attamen
3067 4472 3152 4533 ille
3187 4475 3418 4542 seipsum
3448 4477 3716 4540 cohibuit,
3745 4494 3811 4533 ne

2214 4555 2623 4625 progrederetur
2667 4557 2888 4619 ulterius
2943 4579 2955 4613 :
2998 4562 3318 4634 insuperque
3359 4565 3428 4620 ob
3477 4565 3582 4622 hoc
3635 4570 3808 4638 ipsunt

2213 4647 2445 4715 graviter
2486 4649 2719 4717 seipsum
2765 4653 3160 4708 condemnavit.
3196 4654 3455 4711 Percussit
3497 4662 3676 4720 enim.
3732 4665 3804 4716 in-

2213 4741 2346 4808 quit,
2377 4741 2523 4794 illum
2560 4759 2648 4796 cor
2671 4743 2850 4814 ipsius,
2880 4746 3016 4814 quod
3043 4748 3327 4802 abstulisset
3354 4761 3640 4805 extremum
3671 4756 3812 4808 chla-

2213 4832 2378 4901 mydis
2403 4871 2417 4898 ,
2447 4833 2673 4903 dixitque
2699 4835 2767 4888 ad
2807 4838 2937 4890 viros
2964 4855 2982 4891 :
3020 4838 3350 4911 Nequaquam
3391 4843 3486 4896 hoc
3515 4845 3646 4897 mihi
3687 4849 3751 4900 sit
3780 4866 3810 4900 tt

2213 4921 2432 4977 Domino
2459 4924 2531 4998 (b)
2562 4925 2636 4999 (l.
2667 4925 2792 4997 Reg.
2813 4927 2903 4982 24.
2929 4930 3004 4998 6).
3027 4931 3162 4997 Quid
3185 4942 3264 4988 est
3288 4933 3436 5000 illud,
3467 4933 3809 5007 Nequaquam

2212 5017 2306 5069 hoc
2333 5019 2397 5071 sit
2424 5019 2550 5072 mihi
2581 5037 2613 5073 a
2636 5020 2857 5076 Domino
2883 5023 2908 5076 ?
2935 5023 3220 5094 Propitius,
3252 5026 3443 5097 inquit,
3477 5028 3549 5082 sit
3587 5032 3742 5095 mihi,
3765 5031 3809 5084 si

2213 5107 2312 5164 hoc
2338 5110 2624 5166 voluissem
2659 5130 2672 5165 :
2705 5129 2770 5168 nc
2810 5115 3068 5170 concedat
3093 5133 3342 5186 umquam
3385 5129 3441 5174 ut
3482 5120 3586 5176 hoc
3617 5123 3806 5176 faciam

2212 5199 2375 5267 Deus,
2399 5218 2571 5273 neque
2594 5206 2864 5274 permittat
2891 5225 2975 5262 me
2997 5209 3063 5263 ad
3091 5218 3291 5264 tantum
3322 5211 3577 5269 devenire
3607 5219 3800 5271 scelus.

2210 5294 2470 5363 Quoniam
2505 5297 2718 5353 videbat
2767 5300 2904 5355 hanc
2939 5302 3330 5373 philosophiam
3370 5322 3626 5376 superare
3673 5327 3809 5379 pene

2274 5494 2351 5565 tu)
2379 5501 2721 5565 Legemtpsam
2747 5501 3121 5565 mansuetudine
3139 5513 3426 5565 superasset
3441 5507 3807 5563 David,etiam3t

2209 5557 2400 5630 Saiilem
2424 5557 2698 5630 occidisset,
2717 5560 2930 5630 quialex
2960 5557 3272 5626 prarcipiehat
3294 5568 3497 5630 dentem
3522 5557 3612 5630 pro
3637 5557 3807 5624 dente,

2186 5617 2401 5690 .oculum
2422 5633 2510 5691 pro
2525 5617 2780 5691 cett-loci,
2795 5629 2848 5671 ut.
2869 5617 3181 5691 consequens
3202 5635 3328 5691 erat,
3342 5629 3487 5677 vitam
3508 5617 3596 5691 pro
3614 5617 3806 5680 vitatis:

2211 5683 2280 5740 ri;
2309 5682 2743 5754 ita‘ut‘si‘saiilem
2768 5682 3119 5754 interfecisset,
3164 5682 3520 5754 m_ittus_etiant'
3539 5707 3689 5754 quam
3727 5694 3805 5742 lex

2212 5744 2530 5818 permittebat
2552 5744 2750 5817 fecisset
2774 5747 2915 5818 David
2937 5744 3382 5818 semel'occidendo
3407 5764 3541 5811 eum,
3558 5744 3652 5816 'qui
3676 5767 3803 5818 srrpe

2213 5807 2358 5854 vitam
2383 5805 2471 5867 ipsi
2493 5808 2689 5866 eripere
2711 5815 2914 5859 conatus
2934 5809 3113 5861 fuerat.

2277 5868 2350 5931 (b)
2385 5871 2456 5918 sic
2479 5875 2594 5931 lteg.
2619 5869 2702 5918 Hic
2725 5870 2944 5932 quzcdam
2968 5874 3142 5922 omissa
3164 5871 3359 5924 fuerant
3379 5876 3427 5924 in
3451 5875 3616 5927 litorei.
