4038 6360
259 429 363 481 £35

255 544 516 613 μέλλοντα
563 541 739 604 ἄνελε,
785 541 867 593 ἵνα
928 540 1001 612 μὴ
1057 542 1275 611 μείζονα
1331 544 1423 595 καὶ
1472 542 1823 613 χαλεπώτερα

252 634 574 704 ὑποστῶμεν
605 634 766 686 κακά.
797 632 978 686 Ταῦτα
1001 633 1110 704 γὰρ
1135 636 1184 685 εἰ
1214 634 1307 686 καὶ
1340 636 1413 703 μὴ
1442 636 1553 695 τοῖς
1587 636 1826 704 ῥήμασιν

248 732 471 797 ἔλεγον,
531 729 645 782 ἀλλ’
699 730 845 798 ὅμως
896 737 1035 780 κατι
1095 728 1329 780 διάνοιαν
1381 728 1683 794 ἐλογίζοντο
1734 728 1829 781 καὶ

249 818 442 878 ταῦτα,
476 816 797 869 καὶτούτων
840 817 1057 868 πλείονα
1091 817 1273 885 ἕτερα.

322 912 383 956 ε’.
404 903 544 956 Ἀλλ’
572 904 721 955 οὐδὲν
742 903 943 954 τούτων
964 906 991 955 6
1017 903 1217 965 δίκαιος
1240 905 1441 965 ἐκεῖνος
1460 900 1822 969 ὑπελογίζετο,

250 1004 367 1056 ἀλλ’
408 1006 487 1066 εἰς
520 1004 576 1056 ἓν
607 1003 801 1054 ἕϐλεπε
841 1002 1019 1071 μόνον,
1062 1003 1209 1065 ὅπως
1237 1002 1326 1055 τὸν
1358 1004 1455 1071 τῆς
1482 1002 1827 1066 ἀνεξικακίας

251 1103 621 1175 ἀναδήσασθαι
653 1102 852 1173 δυνηθῇ
895 1103 1176 1172 στέφανον,
1210 1105 1305 1155 καὶ
1338 1102 1692 1173 φιλοσοφῆσαι
1736 1119 1827 1169 φι-

253 1205 508 1274 λοσοφίαν
543 1204 666 1257 τινά
702 1206 1016 1272 καινοτέραν
1060 1204 1153 1254 καὶ
1191 1200 1507 1272 παράδοξον.
1549 1200 1687 1257 Οὐδὲ
1720 1202 1829 1271 γάρ

252 1302 321 1374 ἦν
360 1304 503 1357 οὕτω
540 1304 868 1374 θαυμαστὸν,
911 1306 957 1355 εί
1008 1304 1165 1372 μόνος
1212 1302 1287 1355 ὣν
1338 1302 1429 1355 καὶ
1468 1302 1589 1354 καθ’
1638 1301 1829 1354 ἐαυτὸν

254 1407 510 1475 ἐφείσατο
539 1406 631 1458 τοῦ
663 1404 1059 1474 λελυπηκότος,
1100 1405 1174 1466 ὼς
1199 1402 1293 1455 νῦν
1324 1402 1624 1474 παράδοξόν
1659 1403 1825 1465 ἐστιν,

253 1509 334 1559 ὅτι
379 1507 656 1578 παρόντων
701 1506 903 1576 ἐτέρων
932 1504 1080 1575 αὐτῷ
1111 1504 1267 1557 τοῦτο
1310 1504 1581 1573 ἐποίησεν.
1618 1503 1681 1555 Ἦ
1725 1502 1859 1568 γὰρΔ

255 1610 363 1662 τῶν
392 1608 737 1677 στρατιωτῶν
783 1608 1007 1659 ἐκείνων
1047 1606 1318 1677 παρουσία
1360 1604 1578 1658 διπλοῦν
1624 1603 1832 1671 ἐγίνετο

255 1713 321 1779 τῇ
359 1710 643 1780 φιλοσοφίᾳ
672 1708 732 1761 τὸ
766 1708 1011 1779 κώλυμα.
1061 1707 1325 1769 Πολλάκις
1353 1706 1482 1773 γοῦν
1521 1706 1673 1756 αὐτοὶ
1708 1705 1829 1775 κρί-

258 1828 448 1872 ναντες
481 1811 647 1881 ὀργὴν
676 1809 921 1877 ἀφεῖναι,
968 1808 1061 1861 καὶ
1102 1810 1451 1877 συγχωρῆσαι
1485 1808 1551 1857 τά
1586 1804 1835 1872 πεπλημ-

262 1914 540 1983 μελημένα
578 1912 705 1973 τινὶ,
743 1910 962 1963 ἐπειδὰν
999 1909 1194 1978 ἴδωμέν
1239 1927 1392 1970 τινας
1437 1907 1833 1977 παροξύνοντας

259 2015 353 2066 καὶ
381 2014 743 2083 διεγείροντας
764 2052 778 2077 ,
828 2012 923 2082 τὴν
953 2012 1224 2082 ἡμετέραν
1255 2009 1595 2077 καταλύομεν
1630 2007 1831 2076 κρίσιν,

256 2119 369 2177 τοῖς
396 2116 617 2167 ἐκείνων
639 2114 1103 2184 παραπειθόμενοι
1124 2114 1320 2180 λόγοις.
1343 2110 1480 2164 Ἀλλ’
1510 2113 1537 2163 6
1566 2110 1834 2180 μακάριος

258 2217 463 2277 ἐκεῖνος
486 2213 641 2266 τοῦτο
673 2215 768 2266 οὐκ
799 2215 1019 2281 ἔπαθεν,
1050 2214 1184 2267 ἀλλά
1217 2215 1309 2267 καὶ
1335 2212 1473 2282 μετά
1508 2214 1603 2283 τὴν
1633 2212 1835 2281 παραί-

258 2332 403 2365 νεσιν
436 2313 528 2366 καὶ
548 2315 647 2385 τὴν
673 2314 981 2385 συμϐουλὴν
1011 2315 1170 2384 ἔμενε
1198 2314 1294 2385 τὴν
1328 2312 1534 2365 οἰκείαν
1564 2312 1836 2381 διατηρῶν

257 2418 455 2484 ψῆφον.
504 2417 610 2469 Καὶ
653 2417 714 2469 οὐ
745 2416 902 2468 τοῦτο
938 2416 1097 2485 μόνον
1136 2416 1252 2467 ἐστὶ
1293 2414 1351 2465 τὸ
1388 2413 1716 2482 θαυμαστὸν,
1756 2413 1838 2464 ὅτι

257 2519 382 2571 οὔτε
415 2523 532 2583 ταῖς
561 2521 689 2590 παρ’
723 2519 927 2588 ἐτέρων
971 2517 1298 2587 παρετράπη
1343 2515 1691 2585 συμϐουλαῖς,
1729 2514 1837 2566 οὐδ’

258 2625 342 2675 ὅτι
366 2620 563 2683 αὐτοὺς
591 2620 691 2671 οὐκ
720 2618 942 2683 ἔδεισεν,
965 2619 1078 2672 ἀλλ’
1108 2620 1189 2672 ὅτι
1217 2620 1312 2671 καὶ
1337 2617 1578 2679 ἐκείνους
1606 2615 1675 2667 τὰ
1701 2614 1845 2666 αὐτὼ

259 2723 410 2795 αὐτῷ
440 2724 750 2794 φιλοσοφεῖν
779 2721 1179 2793 παρεσκεύασε.
1215 2720 1373 2788 Μέγα
1405 2720 1502 2790 μὲν
1531 2718 1639 2789 γὰρ
1661 2720 1721 2769 τὸ
1747 2716 1842 2769 καὶ

260 2826 426 2879 αὐτόν
455 2842 574 2879 τινα
612 2826 722 2878 τῶν
761 2826 978 2878 οἰκείων
1026 2822 1408 2893 περιγενέσθαι
1445 2820 1665 2874 παθῶν·
1704 2819 1837 2872 πολὺ

259 2932 319 2984 δέ
336 2930 523 2999 μεῖζον
544 2930 601 2981 τὸ
631 2930 722 2982 καί
748 2929 967 2999 ἐτέρους
997 2926 1289 2997 δυνηθῆναι
1317 2927 1521 2987 πεῖσαι,
1551 2925 1647 2992 τὴν
1669 2922 1838 2992 αὐτὴν

262 3033 412 3103 αὑτῷ
443 3030 749 3101 κτήσασθαι
774 3030 1027 3099 γνώμην·
1059 3030 1152 3080 καὶ
1181 3028 1416 3097 ἐτέρους,
1450 3026 1548 3076 οὐκ
1579 3025 1839 3087 ἐπιεικεῖς

262 3132 583 3203 ἀνθρώπους
612 3133 706 3185 καὶ
738 3131 1012 3203 μετρίους,
1039 3129 1173 3182 ἀλλὰ
1202 3127 1533 3199 στρατιώτας
1564 3127 1657 3178 καὶ
1688 3123 1842 3176 πολε-

267 3241 387 3307 μεῖν
439 3236 859 3308 μεμαθηκότας,
908 3234 1001 3287 καὶ
1044 3235 1155 3295 τοῖς
1206 3231 1418 3294 πολλοῖς
1455 3229 1841 3297 ἀπεγνωκότας

265 3340 469 3403 πόνοις,
499 3338 590 3390 καὶ
620 3336 814 3407 μικρὸν
843 3333 1178 3388 ἀναπνεῦσαι
1200 3332 1619 3402 ἐπιθυμοῦντας.
1644 3331 1738 3382 καὶ
1764 3331 1841 3381 £1-

309 3444 422 3504 5m;
455 3441 669 3493 ὅτιτῶν
699 3438 885 3493 κακῶν
918 3440 950 3508 ή
984 3438 1135 3500 λύσις
1162 3438 1309 3489 πᾶσα
1355 3437 1411 3487 ἐν
1444 3438 1508 3505 τῇ
1556 3434 1648 3487 τοῦ
1684 3433 1842 3486 πολε·

269 3548 395 3617 μίου
437 3546 619 3615 σφαγῇ
661 3546 782 3596 τότε
816 3542 1023 3594 ἔκειτο·
1073 3541 1132 3592 οὐ
1172 3540 1329 3607 μόνον
1367 3539 1422 3591 δέ
1453 3536 1603 3600 λύσις
1633 3536 1841 3606 κακῶν,

267 3648 403 3701 ἀλλὰ
427 3646 521 3699 καὶ
544 3645 751 3715 μυρίων
783 3645 972 3713 κτῆσις
994 3642 1215 3709 ἀγαθῶν
1236 3656 1247 3668 ·
1274 3642 1424 3693 οὐδὲν
1446 3640 1553 3708 γὰρ
1584 3638 1842 3703 ἐκώλυεν,

265 3749 479 3802 ἐκείνου
515 3748 833 3814 σφαγέντος,
883 3747 973 3798 ἐπι
1006 3745 1192 3796 τοῦτον
1225 3742 1427 3804 εὐθέως
1460 3741 1707 3811 διαϐῆναι
1747 3739 1845 3808 τὴν

271 3850 567 3922 βασιλείαν.
608 3848 744 3902 Ἀλλ’
775 3849 924 3917 ὅμως
968 3846 1237 3899 τοσούτων
1266 3844 1434 3896 ὄντων
1466 3844 1574 3894 τῶν
1606 3840 1845 3908 παροξυ-

270 3954 471 4006 νόντων
499 3953 623 4015 τοὺς
659 3948 1015 4021 στρατιώτας,
1049 3949 1265 4017 ἴσχυσεν
1312 3948 1340 3997 6
1367 3947 1612 4011 γενναῖος
1640 3944 1847 4005 ἐκεῖνος

271 4058 489 4111 πάντων
521 4051 901 4122 περιγενέσθαι
936 4050 1162 4113 τούτων,
1204 4048 1297 4101 καὶ
1329 4049 1510 4099 πεῖσαι
1558 4043 1846 4112 φείσασθαι

270 4145 365 4197 τοῦ
406 4145 531 4196 πολε
541 4142 684 4213 μίου.

349 4251 533 4315 ’Ἄξιον
556 4249 612 4302 δέ
643 4248 738 4301 καὶ
763 4247 932 4318 αὐτῆς
969 4244 1197 4299 ἀκοῦσαι
1225 4244 1333 4296 τῶν
1375 4239 1718 4311 στρατιωτῶν
1751 4238 1849 4306 τῆς

276 4338 618 4408 συμϐουλῆς·
663 4338 696 4407 ὴ
750 4336 857 4406 γὰρ
896 4332 1200 4404 κακουργία
1240 4333 1339 4401 τῆς
1382 4329 1754 4399 παραινέσεως
1791 4326 1850 4378 τὸ

275 4427 505 4498 στερρὸν
537 4426 631 4479 καὶ
669 4424 1066 4495 ἀπερίτρεπτον
1098 4421 1198 4489 τῆς
1231 4418 1324 4470 τοῦ
1369 4417 1578 4470 δικαίου
1614 4415 1851 4468 δείκνυσι

273 4514 521 4584 γνώμης.
569 4513 702 4565 Οὑδέ
747 4511 853 4579 γὰρ
898 4506 1084 4562 εἶπον·
1123 4506 1251 4559 Ἰδοὺ
1286 4508 1313 4558 6
1359 4504 1527 4575 μυρία
1560 4519 1618 4555 σε
1649 4502 1851 4563 διαθεὶς

273 4599 423 4653 κακὰ
444 4641 458 4662 ,
493 4601 521 4650 ὁ
547 4598 646 4667 τῆς
680 4598 893 4666 σφαγῆς
927 4594 1272 4664 ἐπιθυμήσας
1299 4593 1397 4662 τῆς
1425 4591 1544 4661 σῆς,
1572 4590 1600 4641 ὁ
1624 4589 1851 4660 περιϐα-

273 4687 383 4741 λὼν
413 4687 558 4755 ἡμᾶς
602 4687 713 4747 τοῖς
744 4683 1060 4752 ἀνηκέστοις
1096 4681 1284 4742 δεινοῖς
1307 4697 1321 4711 ·
1365 4678 1477 4731 ἀλλ’
1510 4677 1694 4746 ἐπειδὴ
1725 4693 1852 4727 συν-

274 4775 416 4827 εἶδον
450 4776 531 4827 ὅτι
562 4773 776 4827 πάντων
801 4771 1003 4823 τούτων
1032 4766 1318 4839 ὑπερεώρα
1341 4807 1354 4827 ,
1398 4767 1491 4819 καὶ
1521 4765 1627 4817 τῶν
1651 4766 1730 4826 εἰς
1756 4765 1854 4815 αὑ·-

273 4862 368 4916 τὸν
412 4859 819 4932 ἡμαρτημένων
842 4858 903 4910 οὐ
937 4856 1102 4910 πολὺν
1131 4858 1361 4908 ἐποιεῖτο
1386 4853 1476 4907 τὸν
1507 4853 1681 4920 λόγον,
1711 4852 1853 4904 ἄνω-

275 4950 369 5003 θεν
398 4948 545 5019 αὑτῴ
577 4950 675 5019 τὴν
698 4948 876 5017 ψῆφον
910 4946 1183 5016 φέρουσιν,
1229 4944 1279 4994 '0
1312 4941 1454 5006 Θεὸς
1486 4939 1673 4992 αὑτὸν
1708 4956 1855 5007 παρ-

274 5038 491 5100 έδωκε,
537 5037 783 5105 λέγοντες
808 5075 823 5099 ,
860 5035 947 5087 ἵνα
979 5034 1076 5104 τὴν
1110 5032 1317 5084 ἐκεῖθεν
1365 5029 1629 5092 αἰδεσθεὶς
1672 5029 1853 5097 κρίσιν

278 5127 622 5197 ἑτοιμότερον
655 5127 746 5178 ἐπὶ
782 5126 879 5195 τὴν
914 5122 1125 5193 σφαγὴν
1171 5120 1317 5192 ἔλθῃ.
1365 5118 1458 5190 Μὴ
1502 5118 1611 5189 γὰρ
1660 5117 1853 5169 σαυτὸν

278 5218 541 5282 ἐκδικεῖς;
571 5216 722 5287 φησί.
759 5215 850 5285 Τῷ
882 5213 1000 5284 Θεῴ
1027 5213 1243 5280 διακονῇ
1286 5210 1378 5263 καὶ
1406 5210 1693 5279 ὑπηρετεῖς
1712 5246 1727 5270 ,
1762 5206 1855 5258 καὶ

276 5308 379 5377 τὴν
410 5308 622 5360 ἐκείνου
668 5306 845 5377 ψῆφον
875 5306 1081 5376 κυροῖς.
1125 5301 1263 5354 Ἀλλ’
1297 5301 1405 5370 ὅσῳ
1432 5300 1604 5351 ταῦτα
1650 5298 1850 5365 ἔλεγον,

278 5399 521 5467 τοσούτῳ
563 5395 759 5466 μᾶλλον
811 5393 1070 5461 ἐφείδετο.
1103 5390 1256 5462 ’ᾘδει
1311 5387 1418 5457 γὰρ
1467 5386 1653 5449 τοῦτο,
1703 5386 1783 5438 ὅτι
1828 5388 1857 5438 6

282 5483 436 5556 [756]
466 5483 596 5547 Θεὸς
628 5482 790 5536 αὑτὸν
819 5480 967 5551 αὐτῷ
995 5478 1328 5549 παρέδωκεν,
1364 5475 1449 5527 ἵνα
1494 5473 1737 5535 πλείονος
1767 5474 1855 5524 εὑ-

281 5573 624 5644 δοκιμήσεως
649 5569 797 5638 αὑτῷ
825 5570 1080 5640 παράσχῃ
1104 5565 1395 5637 πρόφασιν.
1414 5561 1525 5616 Καὶ
1560 5562 1623 5613 σὺ
1654 5561 1851 5623 τοίνυν,

281 5660 413 5711 ὅταν
446 5659 562 5729 ἴδῃς
599 5657 691 5710 τὸν
737 5654 930 5725 ἐχθρὸν
966 5656 1045 5716 εἰς
1074 5656 1172 5715 τὰς
1204 5653 1391 5722 χεῖρας
1416 5648 1719 5719 ἐμπεσόντα
1758 5647 1856 5710 τὰς

287 5748 407 5812 σὰς,
433 5752 506 5820 μὴ
525 5747 711 5817 νόμιζε
732 5744 1018 5814 τιμωρίας,
1034 5740 1168 5795 ἀλλὰ
1197 5738 1469 5809 σωτηρίας
1498 5731 1636 5789 εἶναι
1667 5736 1856 5805 καιρὸν

286 5841 513 5894 ἐκεῖνον.
546 5838 646 5891 Διά
686 5834 841 5890 τοῦτο
878 5836 997 5888 τότε
1048 5832 1280 5903 μάλιστα
1313 5828 1586 5900 φείδεσθαι
1619 5827 1699 5879 δεῖ
1746 5825 1853 5878 τῶν

1279 429 1366 483 DE
1416 422 1669 484 DAVIDE
1705 428 1807 484 ΕΤ
1833 429 2059 487 SAULE
2099 433 2383 490 HOMILIA
2414 438 2456 491 1.

3402 438 3513 497 θὶς-ι

1935 545 2166 616 ἐχθρῶν,
2214 548 2342 599 ὅταν
2388 550 2565 602 αὐτῶν
2613 550 2899 619 γενώμεθα
2955 540 3151 622 κύριοι.
3204 553 3341 606 Ἀλλ’
3378 555 3512 621 ἴσως

1928 647 2070 698 εἴποι
2104 663 2187 707 τις
2216 647 2308 699 ἄν·
2342 650 2451 701 Καὶ
2479 650 2531 701 τί
2568 652 2707 719 μέγα
2751 653 2845 705 καὶ
2876 652 3186 722 θαυμαστὸν
3214 658 3506 724 γενόμενον

1929 744 2113 816 κύριον
2158 747 2479 818 φείσασθαι;
2532 748 2722 801 Πολλοὶ
2770 748 2877 819 γάρ
2920 751 3013 803 καὶ
3075 750 3218 804 ἄλλοι
3268 751 3509 818 βασιλεῖς

1932 843 2194 907 πολλάκις
2233 844 2324 897 ἐπὶ
2357 843 2456 912 τὴν
2487 844 2662 913 ἀρχὴν
2693 843 2956 910 ἐλθόντες,
2995 848 3119 910 τοὺς
3154 848 3320 899 πάλαι
3351 850 3506 901 λελυ-

1932 940 2174 1007 πηκότας
2200 940 2476 1004 λαϐόντες,
2509 940 2725 1003 ἀνάξιον
2755 940 2930 993 αὐτῶν
2976 938 3113 993 εἷναι
3155 943 3409 1013 ἐνόμισαν
3448 949 3509 999 ἐν

1930 1036 2104 1104 ἀρχῆς
2141 1036 2288 1106 ὄγκῳ
2316 1035 2552 1105 τοσούτῳ
2595 1036 2748 1105 δίκην
2780 1036 3081 1105 ἀπαιτῆσαι
3114 1037 3219 1088 τῶν
3255 1038 3509 1108 πεπλημ-

1933 1133 2274 1202 μελημένων,
2308 1133 2399 1185 καὶ
2432 1134 2464 1202 ἡ
2497 1124 2594 1201 τῆς
2635 1131 2880 1195 ἐξουσίας
2917 1135 3207 1203 περιουσία
3234 1135 3503 1187 καταλλα-

1928 1227 2031 1295 γῆς
2064 1228 2318 1290 ὑπόθεσις
2360 1227 2600 1295 γέγονεν.
2641 1228 2779 1279 Ἀλλ’
2823 1229 3055 1281 ἐνταῦθα
3087 1229 3237 1281 οὐδὲν
3269 1232 3508 1283 τοιοῦτον

1930 1323 2076 1375 ἔστιν
2100 1324 2292 1376 εἰπεῖν.
2320 1325 2391 1375 Οὐ
2424 1324 2529 1394 γὰρ
2554 1324 2646 1375 ἐπὶ
2673 1324 2768 1393 τὴν
2796 1324 2967 1393 ἀρχὴν
3000 1324 3236 1379 ἀνελθὼν
3266 1329 3293 1378 ὁ
3318 1327 3502 1389 Δαυῗδ,

1930 1422 2049 1473 οὐδε
2094 1424 2193 1491 τὴν
2240 1420 2514 1490 βασιλείαν
2558 1422 2867 1484 ἀπολαϐὼν,
2916 1424 3009 1475 καὶ
3058 1423 3146 1476 τὸν
3190 1424 3359 1477 Σαοὺλ
3404 1426 3511 1475 ὑπὸ

1930 1522 2117 1589 χεῖρας
2148 1518 2303 1586 ἔχων,
2330 1517 2501 1580 οὕτως
2535 1518 2807 1586 ἐφείσατο,
2836 1520 2921 1571 ἵνα
2950 1521 3022 1589 μή
3051 1538 3131 1583 τις
3162 1522 3312 1591 εἴπῃ,
3340 1523 3419 1573 ὅτι
3446 1521 3507 1573 τό

1930 1616 2029 1683 τῆς
2077 1617 2249 1683 ἀρχῆς
2283 1614 2510 1684 μέγεθος
2538 1615 2627 1667 τὸν
2660 1615 2827 1685 θυμὸν
2871 1616 3149 1680 ἐξέλυσεν·
3192 1618 3304 1670 ἀλλ’
3354 1618 3507 1680 εἰδὼς

1931 1713 2012 1764 ὅτι
2044 1711 2327 1773 διασωθεὶς
2361 1715 2470 1774 τοῖς
2499 1713 2681 1774 αὐτοῖς
2731 1713 3048 1781 ἐπιθήσεται
3094 1715 3273 1777 πάλιν,
3309 1718 3400 1768 καὶ
3430 1707 3510 1778 ei;

1937 1808 2185 1878 μείζονας
2232 1808 2457 1875 ἐμϐαλεῖ
2491 1811 2615 1871 τοὺς
2680 1810 2976 1875 κινδύνους,
3025 1813 3145 1864 οὐδέ
3176 1812 3347 1875 οὕτως
3405 1815 3513 1865 ἀξε-

1931 1905 2159 1957 έκτεινε.
2196 1905 2282 1973 Μὴ
2300 1905 2360 1973 δὴ
2389 1905 2573 1955 τοῦτον
2592 1906 2817 1967 ἐκείνοις
2833 1907 3254 1978 παραϐάλωμεν.
3287 1909 3512 1961 Ἐκεῖνοι

1937 2001 2035 2071 μὲν
2096 2003 2201 2068 γὰρ
2257 2002 2496 2068 ἀσφαλὲς
2543 2003 2602 2053 τὸ
2654 2004 2909 2074 ἐνέχυρον
2956 2004 3171 2075 ἔχοντες
3219 2006 3315 2073 τῆς
3376 2006 3511 2072 μετά

1933 2096 2103 2148 ταῦτα
2136 2096 2348 2157 ἀδείας,
2394 2097 2619 2159 εἰκότως
2655 2098 2953 2164 φείδονται·
3006 2094 3158 2162 οὗτος
3203 2101 3257 2152 δέ
3307 2088 3512 2168 μέλλων

1934 2192 2025 2243 τὸν
2055 2191 2246 2261 ἐχθρὶν
2282 2192 2400 2245 καθ’
2433 2192 2623 2244 ἐαυτοῦ
2649 2194 2888 2262 ἀφιέναι,
2925 2195 3018 2248 καὶ
3048 2196 3303 2265 πολέμιον
3339 2188 3514 2264 ἐαυτῷ

1937 2288 2149 2353 σώζειν,
2179 2289 2297 2341 οὑδέ
2322 2288 2494 2352 οὕτως
2534 2290 2695 2344 αὑτὸν
2729 2292 2982 2359 ἠφάνισε,
3013 2293 3108 2345 καὶ
3141 2292 3312 2344 ταῦτα
3343 2292 3513 2344 πολλὰ

1937 2387 2073 2456 ἔχων
2130 2388 2193 2437 τά
2241 2388 2376 2456 πρὸς
2409 2387 2505 2457 τὴν
2539 2386 2749 2457 σφαγὴν
2790 2389 2950 2441 αὐτὸν
2998 2388 3199 2459 ταύτην
3248 2388 3513 2442 ὠθοῦντα.

1937 2486 2047 2536 Καὶ
2089 2484 2194 2553 γὰρ
2228 2485 2259 2553 ἡ
2289 2485 2491 2553 ἐρημία
2526 2483 2630 2536 τῶν
2662 2484 2997 2553 βοηθούντων
3029 2484 3104 2554 τῷ
3134 2485 3322 2548 Σαοὺλ,
3358 2486 3451 2537 καὶ
3480 2487 3516 2553 ἡ

1941 2579 2260 2648 παραίνεσις
2294 2580 2401 2631 τῶν
2436 2581 2807 2651 στρατιωτῶν,
2842 2582 2936 2634 καὶ
2965 2584 2998 2651 ἡ
3028 2584 3214 2651 μνήμη
3244 2581 3348 2633 τῶν
3373 2597 3517 2652 παρ-

1937 2675 2219 2740 ἐλθόντων,
2268 2675 2363 2728 καὶ
2397 2679 2425 2729 6
2452 2677 2616 2745 φόϐος
2648 2678 2756 2731 τῶν
2803 2679 3125 2749 μελλόντων,
3167 2678 3348 2731 καὶτὸ
3384 2679 3517 2747 μηδέ

1940 2775 2152 2843 σφαγῆς
2195 2774 2479 2845 κρίνεσθαι
2512 2776 2697 2830 λοιπὸν
2729 2777 3125 2831 ἀποκτείναντα
3168 2778 3260 2831 τὸν
3302 2777 3517 2847 ἐχθρὸν,

1939 2876 2124 2929 καὶτὸ
2169 2874 2306 2944 μετά
2350 2876 2440 2928 τὸν
2494 2877 2652 2945 φόνον
2696 2876 2883 2931 τοῦτον
2924 2877 3179 2930 δύνασθαι
3229 2877 3320 2929 τὸν
3354 2877 3518 2945 νόμον

1939 2965 2308 3042 ὑπερϐαίνειν,
2345 2973 2441 3025 καὶ
2480 2973 2649 3026 πολλά
2683 2974 2844 3043 ἐτερα
2879 2974 3100 3027 πλείονα
3131 2973 3336 3027 τούτων
3369 2971 3519 3027 ἐϐιά·

1943 3066 2065 3131 ζετο
2088 3067 2180 3119 καὶ
2204 3069 2514 3137 ἠνάγκαζεν
2541 3068 2753 3136 ώθῆσαι
2780 3070 2838 3121 τὸ
2865 3068 3013 3137 ξίφος
3036 3070 3113 3131 εἰς
3136 3071 3358 3121 ἐκεῖνον.
3378 3069 3519 3121 Ἀλλ’

1937 3164 2112 3218 οὐδενὶ
2140 3165 2344 3217 τούτων
2377 3162 2538 3230 εἶξεν,
2591 3166 2704 3218 ἀλλ’
2734 3166 2923 3235 ἔμενεν
2955 3165 3143 3236 ὥσπερ
3171 3183 3254 3229 τις
3285 3167 3517 3236 ἀδάμας,

1940 3263 2194 3325 ἀκίνητον
2223 3263 2313 3315 τὸν
2343 3262 2443 3332 τῆς
2483 3263 2800 3331 φιλοσοφίας
2849 3263 3121 3332 διατηρῶν
3169 3264 3349 3333 νόμον.
3392 3259 3522 3315 [ita

1940 3360 2026 3413 ἵνα
2058 3364 2131 3430 μὴ
2156 3362 2320 3432 λέγῃς
2349 3365 2429 3415 δτι
2461 3361 2580 3414 οὑδέ
2626 3360 2794 3414 ἔπαθέ
2839 3380 2891 3413 τι
2938 3359 3196 3420 τοιοῦτον,
3233 3357 3343 3414 οἷον
3376 3360 3522 3423 εἰκὸς

1938 3453 2029 3528 ἦν,
2056 3457 2167 3509 ἀλλ’
2196 3458 2519 3527 ἀναισθησία
2550 3458 2609 3510 τὸ
2636 3458 2921 3527 γινόμενον
2944 3454 3031 3527 ἦν,
3060 3458 3179 3528 οὐχὶ
3213 3457 3521 3527 φιλοσοφία,

1940 3556 2041 3624 ὅρα
2065 3555 2182 3617 πῶς
2215 3554 2508 3624 ἀγριωθε“ις
2550 3555 2936 3624 ἐκαρτέρησεν.
2977 3556 3095 3606 Ὅτι
3137 3555 3243 3623 γὰρ
3273 3554 3420 3622 αὐτῷ
3447 3554 3523 3604 δι-

1942 3650 2139 3719 ανέστη
2164 3649 2231 3701 τὰ
2256 3650 2475 3719 κύματα
2490 3649 2588 3718 τῆς
2609 3651 2797 3719 ὀργῆς,
2827 3652 2919 3701 καὶ
2943 3649 3104 3719 πολλὴ
3121 3651 3227 3702 τῶν
3249 3649 3524 3717 λογισμῶν

1942 3745 2166 3814 ἐκινήθη
2201 3747 2233 3813 ἡ
2276 3745 2431 3813 ςάλη,
2469 3746 2562 3797 καὶ
2600 3745 2688 3798 τὸν
2719 3745 2958 3815 χειμῶνα
2987 3745 3228 3814 ἐχαλίνου
3267 3743 3344 3814 τῷ
3375 3744 3523 3813 φόϐῳ

1942 3841 2037 3894 τοῦ
2074 3841 2230 3905 Θεοῦ,
2260 3842 2354 3895 καὶ
2381 3846 2479 3911 τὴν
2513 3841 2749 3894 διάνοιαν
2780 3840 3045 3904 ἐπιέζετο,
3074 3843 3135 3894 ἐκ
3160 3842 3267 3893 τῶν
3298 3841 3524 3910 γενομέ-

1944 3955 2051 3990 νων
2084 3938 2230 3990 έστιν
2262 3937 2406 3991 ἰδεῖν.
2444 3937 2693 4005 Ἀνέστη
2734 3938 2860 4009 γὰρ,
2899 3938 3050 4008 φησὶ,
3102 3939 3197 3991 καὶ
3220 3938 3428 4006 ἀφεῖλε
3458 3938 3524 3987 τὸ

1946 4036 2262 4103 πτερύγιον
2276 4034 2382 4101 τῆς
2395 4036 2702 4101 διπλοΐδος
2722 4036 2919 4089 Σαοὺλ
2935 4036 3246 4102 λαθραίως.
3267 4031 3418 4098 Εἶδες
3436 4034 3525 4086 πό-

1949 4149 2039 4195 σος
2056 4132 2263 4202 ἠγέρθη
2280 4132 2376 4202 τῆς
2393 4133 2559 4203 ὀργῆς
2580 4134 2606 4185 6
2629 4132 2833 4202 χειμών
2854 4151 2867 4195 ;
2894 4132 3031 4184 Ἀλλ’
3061 4133 3119 4185 οὐ
3146 4131 3384 4203 προῆλθε
3424 4149 3523 4183 πε-

1951 4229 2216 4299 ραιτέρω,
2246 4228 2364 4280 οὐδὲ
2395 4228 2690 4298 εἰργάσατο
2717 4229 2778 4283 τὸ
2806 4228 3095 4297 ναυάγιον·
3128 4230 3156 4280 6
3198 4229 3302 4298 γὰρ
3330 4227 3526 4295 κυϐερο

1949 4314 2116 4384 νήτης
2152 4314 2367 4384 ταχέως
2395 4316 2733 4386 αἰσθόμενος,
2787 4318 2816 4369 6
2860 4316 3086 4385 εὐσεϐὴς
3114 4316 3392 4385 λογισμὸς,
3426 4332 3525 4380 γα-

1950 4402 2116 4473 λήνην
2161 4403 2279 4455 ἀντὶ
2323 4403 2588 4472 χειμῶνος
2628 4404 2901 4472 ἐποίησεν.
2951 4404 3241 4468 Ἐπάτιῑξε
3277 4404 3385 4473 γὰρ
3411 4407 3525 4455 αὺ-

1952 4494 2077 4552 τὸν,
2105 4492 2290 4559 φησὶν.
2311 4492 2347 4555 ἡ
2372 4490 2583 4558 καρδία
2606 4492 2812 4555 αὐτοῦ,
2829 4491 2921 4543 καὶ
2940 4491 3188 4561 καθάπερ
3221 4490 3523 4562 σκιρτῶντα

1953 4576 2049 4629 καὶ
2085 4578 2405 4647 μαινόμενον
2439 4578 2621 4637 ἵππον.
2662 4579 2754 4633 τὸν
2788 4579 2955 4649 θυμὸν
2986 4579 3312 4648 ἀνεχαίτισε.

2018 4692 2081 4745 ς’.
2108 4685 2365 4739 Τοιαῦται
2392 4689 2500 4740 τῶν
2551 4689 2717 4757 ἁγίων
2762 4691 2816 4741 αἱ
2853 4688 3048 4758 ψυχαί·
3099 4689 3285 4759 πρὶνῆ
3320 4690 3525 4751 πεσεῖν,

1953 4772 2288 4838 ἀνίστανται,
2313 4774 2441 4844 πρὶν
2464 4775 2495 4844 ἢ
2522 4776 2656 4845 πρὸς
2681 4776 2778 4844 τὴν
2804 4776 3076 4846 ἁμαρτίαν
3101 4775 3292 4836 ἐλθεῖν,
3308 4776 3528 4844 ἀναχαι-

1953 4860 2192 4923 τίςονται
2220 4901 2232 4920 .
2270 4861 2455 4931 ἐπειδὴ
2484 4864 2713 4930 νήφουσι
2742 4864 2837 4916 καὶ
2865 4864 3153 4924 διαπαντός
3201 4865 3334 4914 εἰσιν
3364 4864 3526 4932 ἐγρη-

1954 4951 2190 5018 γορυῐαι.
2235 4950 2427 5002 Καίτοι
2461 4952 2625 5002 πόσον
2650 4949 2744 5001 τοῦ
2779 4950 3028 5019 σώματος
3062 4946 3129 5019 ἦν
3164 4949 3256 5001 καὶ
3282 4949 3373 5001 τοῦ
3404 4952 3529 5018 ἱμα-

1954 5036 2070 5087 τίου
2103 5034 2253 5106 [737]
2286 5036 2345 5088 τὸ
2378 5036 2539 5105 μέσον
2560 5055 2573 5101 ;
2594 5035 2729 5088 Ἀλλ’
2756 5038 2902 5105 ὅμως
2933 5039 3119 5106 ἴσχυσε
3145 5037 3217 5106 μὴ
3245 5036 3529 5106 προελθεῖν

1957 5123 2282 5193 περαιτέρω,
2329 5125 2421 5175 καὶ
2454 5125 2538 5175 ἐπ’
2580 5124 2726 5193 αὐτῴ
2769 5124 2825 5176 δέ
2863 5124 3036 5192 τούτῳ
3082 5124 3285 5193 σφόδρα
3335 5124 3528 5175 ἐαυτὸν

1957 5208 2327 5262 κατεδίκασεν.
2362 5209 2649 5274 Ἐπάταξε
2671 5209 2779 5281 γὰρ
2807 5211 2993 5263 αὐτὸν
3016 5210 3054 5277 ἡ
3085 5211 3297 5279 καρδιά
3319 5211 3526 5273 αὑτοῦ,

1957 5295 2157 5365 φησὶν,
2198 5296 2286 5349 ὅτι
2317 5296 2532 5364 ἀφεῖλε
2563 5298 2628 5349 τὸ
2676 5298 2991 5367 πτερύγιον
3032 5296 3145 5365 τῆς
3186 5296 3527 5360 διπλοΐδος,

1957 5382 2056 5434 καὶ
2078 5379 2207 5436 εἷπε
2234 5384 2384 5450 πρὸς
2412 5384 2554 5450 ⁸τοὺς
2584 5384 2804 5452 ἄνδρας
2823 5401 2836 5414 ·
2868 5384 3163 5452 Μηδαμῶς
3199 5384 3328 5452 ἐμοὶ
3371 5384 3532 5449 παρὰ

1956 5470 2199 5537 Κυρίου.
2257 5471 2320 5523 Τί
2369 5474 2505 5535 ἐστι,
2549 5470 2843 5539 Μηδαμῶς
2894 5471 3023 5541 ἐμοὶ
3065 5471 3225 5540 παρὰ
3275 5471 3528 5537 Κυρίου;

1970 5559 2113 5611 ’Δντὶ
2156 5557 2285 5625 τοῦ,
2312 5560 2496 5624 Ἵλεώς
2546 5578 2634 5631 μοι
2677 5561 2913 5633 Κύριος,
2959 5563 3125 5631 φησι,
3160 5562 3253 5614 καὶ
3292 5562 3452 5623 αὐτὸς
3479 5563 3529 5612 εί

1961 5644 2299 5716 βουληθείην,
2348 5648 2423 5717 μὴ
2460 5650 2810 5720 συγχωρήσαι
2857 5650 2945 5719 μοί
2992 5666 3119 5702 ποτε
3167 5649 3325 5701 τοῦτο
3363 5649 3529 5719 ἐργά-

1961 5731 2155 5785 σασθαι
2195 5734 2223 5785 6
2254 5733 2419 5798 Θεὸς,
2460 5735 2594 5805 μηδέ
2631 5736 2973 5805 ἐπιτρέψειεν
3002 5738 3079 5798 είς
3116 5736 3315 5806 ταύτην
3356 5734 3531 5788 ἐλθεῖν

1958 5817 2057 5889 τὴν
2086 5819 2377 5892 ἁμαρτίαν.
2424 5821 2638 5893 Ἐπειδὴ
2682 5823 2787 5892 γὰρ
2821 5820 2927 5875 οἶδε
2966 5822 3062 5893 τὴν
3093 5823 3344 5891 τοιαύτην
3376 5821 3530 5891 φιλο⁴
