4038 6360
240 393 342 448 685

239 511 479 558 naturam
511 497 818 563 humanam,
859 493 1162 563 caelestique
1207 507 1342 562 opus
1372 492 1570 547 habere
1602 491 1819 555 auxilio,

239 609 403 663 seque
432 606 567 661 pene
610 590 677 645 ad
719 589 920 644 caedem
950 588 1292 658 processisse,
1326 596 1594 655 precatur,
1627 593 1686 639 ut
1714 586 1824 640 Do-

240 686 416 738 minus
456 682 556 737 sibi
585 689 867 736 conservet
896 693 1113 733 manum
1157 677 1509 746 impollutam.
1539 675 1676 744 Quid
1722 674 1825 730 hoc

238 776 418 830 animo
457 773 623 843 possit
660 785 777 827 csse
818 770 1039 824 mitius?
1081 770 1165 823 An
1212 767 1353 823 hunc
1378 768 1618 823 dicemus
1646 767 1824 821 homi-

240 882 381 931 nem,
416 865 507 933 qui
534 866 586 917 in
616 870 802 917 natura
832 861 1064 915 humana
1097 860 1258 914 vitam
1286 859 1596 928 praestiterit
1621 857 1825 928 angeli-

239 973 357 1011 cam
383 956 406 1009 ?
434 955 629 1009 Verum
660 953 711 1007 id
740 967 843 1006 non
872 966 1104 1021 passurze
1130 958 1252 1004 sunt
1279 950 1473 1004 divinae
1500 949 1665 1019 leges.
1696 949 1826 1014 Quis

239 1046 659 1115 cnim,obsecro,
685 1044 836 1098 facile
865 1058 895 1096 a
925 1044 1034 1097 Deo
1055 1040 1315 1111 ejusmodi
1338 1056 1449 1096 rem
1477 1040 1663 1111 petat?
1689 1040 1827 1108 Quid

241 1137 387 1202 dixi,
418 1132 760 1204 hujusmodi?
800 1133 927 1199 Quis
973 1134 1297 1197 sustineret,
1327 1146 1433 1184 non
1477 1130 1686 1200 precari
1732 1129 1829 1184 ad-

246 1245 433 1283 versus
462 1242 582 1281 eum
602 1226 691 1295 qui
718 1225 975 1280 molestus
999 1222 1225 1277 fuisset?
1254 1221 1384 1276 Nam
1414 1221 1656 1290 plerique
1679 1235 1825 1274 mor-

242 1320 375 1373 tales
401 1333 464 1373 co
490 1317 709 1371 feritatis
736 1315 940 1385 abrepti
961 1322 1104 1377 sunt,
1136 1320 1194 1367 ut
1218 1327 1338 1367 cum
1369 1312 1476 1366 sint
1501 1310 1632 1366 adeo
1662 1309 1829 1364 imbe-

241 1410 389 1463 cilles
413 1450 429 1474 ,
461 1417 519 1461 ut
557 1422 661 1461 non
702 1414 897 1476 queant
924 1419 1045 1459 eum
1075 1419 1106 1457 a
1133 1418 1239 1473 quo
1279 1401 1509 1456 lacessiti
1552 1408 1675 1455 sunt
1718 1400 1828 1453 ullo

242 1501 384 1556 malo
410 1499 642 1563 afficere,
676 1500 837 1553 Deum
860 1496 930 1551 ad
955 1496 1206 1550 ultionem
1235 1495 1500 1559 invocent,
1530 1502 1590 1548 ut
1615 1492 1713 1547 sibi
1739 1493 1829 1547 det

242 1594 545 1649 facultatem
573 1591 797 1647 nocendi
821 1591 906 1657 iis,
927 1592 1014 1661 qui
1036 1590 1137 1645 sibi
1161 1591 1297 1645 mala
1314 1590 1561 1644 intulere.
1584 1586 1681 1641 Hic
1700 1601 1829 1642 vero

246 1688 347 1740 illis
375 1686 621 1739 omnibus
650 1684 793 1738 velut
821 1698 887 1737 ex
921 1682 1181 1738 diametro
1221 1682 1487 1736 contraria
1524 1680 1786 1751 precando
1809 1723 1825 1748 ,

246 1785 396 1846 rogat
421 1792 487 1831 nc
516 1775 784 1845 permittat
804 1783 863 1827 ut
892 1787 1083 1827 manus
1110 1772 1327 1841 injiciat,
1357 1772 1580 1841 loquens
1610 1769 1750 1825 hunc
1775 1772 1829 1825 in

245 1867 462 1922 modum
496 1883 510 1920 :
544 1865 624 1919 Ne
660 1865 785 1918 mihi
823 1864 916 1917 hoc
944 1863 1141 1916 accidat
1174 1879 1205 1915 a
1228 1862 1449 1917 Domino
1473 1904 1488 1927 ,
1524 1872 1578 1914 ut
1603 1862 1830 1931 injiciam

246 1975 452 2012 maimm
478 1973 639 2011 meam
662 1957 715 2010 in
750 1956 894 2009 illum
927 1953 1001 2025 (1.
1032 1952 1159 2024 Reg.
1188 1954 1275 2008 24.
1314 1953 1368 2023 6)
1396 1972 1408 2007 :
1433 1952 1652 2023 perinde
1680 1953 1827 2023 quasi

245 2050 315 2104 de
347 2049 453 2103 filio
480 2055 535 2102 et
558 2047 625 2102 de
653 2047 822 2116 prole,
854 2046 924 2099 ita
949 2045 1014 2099 de
1039 2044 1192 2099 hoste
1220 2044 1471 2114 loquitur.

318 2141 480 2211 Reges
508 2138 721 2192 revereri
748 2145 959 2208 Oportet.
996 2135 1203 2189 Hostem
1238 2133 1404 2187 David
1436 2133 1712 2202 honoriﬁce
1735 2150 1831 2203 ap-

246 2232 421 2301 pellat.
470 2260 540 2270 —
567 2229 748 2298 Neque
779 2227 1015 2298 pepercit
1044 2234 1245 2281 tantum
1272 2265 1286 2289 ,
1320 2240 1501 2280 verum
1532 2236 1585 2279 et
1613 2238 1834 2279 excusa-

248 2324 447 2377 tionem
502 2336 599 2390 pro
646 2334 713 2375 eo
759 2329 928 2388 parat.
975 2317 1110 2373 Vide
1160 2332 1287 2372 vero
1333 2332 1491 2387 quam
1545 2316 1833 2386 prudenter

247 2428 513 2484 quamque
539 2412 825 2482 sapienter.
858 2411 1130 2480 Siquidem
1160 2425 1280 2465 cum
1309 2410 1470 2463 vitam
1508 2408 1682 2464 Saulis
1708 2424 1830 2478 per-

248 2515 513 2567 scrutans,
543 2504 674 2558 nihil
704 2505 993 2558 invenisset
1022 2502 1168 2568 boni,
1206 2510 1262 2555 ut
1286 2500 1464 2555 dicere
1490 2508 1688 2570 posset,
1715 2499 1832 2554 Non

246 2612 366 2651 sum
394 2596 460 2651 ab
483 2596 572 2650 illo
600 2596 777 2659 laasus,
812 2609 908 2649 nec
938 2594 1046 2648 ullo
1074 2592 1291 2648 affectus
1319 2592 1655 2647 incommodo
1683 2593 1833 2663 (pro-

250 2689 395 2742 tinus
446 2688 589 2743 enim
650 2686 732 2740 his
777 2685 1113 2741 reclamaturi
1160 2692 1311 2739 erant
1358 2684 1550 2739 milites
1593 2685 1682 2754 qui
1736 2682 1833 2736 ad-

248 2779 680 2849 crant,regisque
722 2777 977 2832 malitiam
1018 2776 1381 2845 experimento
1425 2776 1828 2847 cognoverant):

247 2871 353 2923 alia
378 2885 444 2924 ex
469 2879 618 2939 parte
643 2868 978 2931 circumibat,
1003 2866 1222 2921 studens
1246 2866 1569 2937 probabilem
1596 2866 1833 2920 invenire

250 2963 669 3016 excusationem.
700 2959 753 3013 Id
780 2974 899 3014 cum
937 2973 1042 3012 non
1073 2967 1272 3028 posset,
1306 2972 1404 3012 nec
1428 2959 1494 3012 ab
1532 2958 1677 3012 illius
1706 2959 1830 3024 vita,

251 3068 354 3107 nec
394 3069 422 3106 a
460 3052 634 3119 factis,
679 3052 744 3106 ad
791 3051 1099 3121 dignitatem
1146 3050 1287 3104 illius
1334 3050 1569 3120 confugit
1609 3050 1830 3105 dicens:

252 3143 502 3210 Quoniam
554 3143 768 3200 christus
801 3141 1005 3196 Domini
1051 3150 1142 3195 est.
1202 3141 1339 3208 Quid
1383 3142 1497 3207 ais,
1554 3142 1834 3211 inquiunt?

251 3237 393 3306 quod
444 3236 735 3303 scelestus,
785 3235 926 3306 quod
973 3234 1264 3290 sceleribus
1314 3244 1550 3304 opertus,
1580 3249 1643 3289 ac
1694 3234 1834 3288 vitiis

250 3330 724 3385 innumerabilibus
766 3328 993 3385 refertus
1018 3370 1033 3393 ,
1073 3336 1128 3383 et
1179 3328 1231 3382 in
1262 3342 1360 3382 nos
1402 3338 1638 3383 extrema
1687 3327 1832 3397 cogi-

249 3426 409 3479 tans?
444 3423 549 3479 Sed
593 3440 686 3478 rex
707 3430 809 3489 est,
841 3422 933 3478 sed
963 3422 1226 3492 princeps,
1254 3421 1348 3476 sed
1381 3421 1733 3490 principatum
1780 3419 1833 3474 in

252 3530 352 3570 nos
386 3516 638 3583 suscepit.
669 3514 846 3584 Neque
869 3522 1042 3568 tamen
1072 3512 1224 3579 dixit,
1263 3513 1375 3566 Rex
1400 3520 1500 3578 est,
1528 3510 1643 3575 sed,
1684 3510 1833 3566 Chri-

250 3618 359 3661 stus
404 3606 603 3660 Domini
630 3616 721 3671 est,
768 3622 871 3660 non
900 3605 968 3659 ab
1010 3604 1241 3659 humano
1281 3603 1502 3669 honore,
1535 3602 1627 3659 sed
1668 3618 1697 3656 a
1727 3618 1834 3657 ca:-

251 3699 372 3755 lesti
411 3699 610 3768 judicio
657 3707 866 3767 sumpto
914 3696 1205 3752 honorifico
1248 3694 1569 3751 testimonio.
1626 3693 1837 3749 Conte—

251 3794 393 3846 mnis
412 3835 426 3857 ,
466 3793 662 3862 inquit,
687 3806 1002 3846 conservum
1040 3789 1226 3845 tuum?
1250 3788 1516 3843 Reverere
1535 3787 1829 3843 dominum.

254 3884 570 3952 Aspernaris
595 3882 863 3937 electum?
894 3882 1064 3937 Metue
1106 3896 1227 3936 eum
1275 3881 1364 3950 qui
1407 3880 1582 3949 elegit.
1623 3879 1833 3934 Etenim

252 3976 295 4028 si
329 3975 567 4044 vulgares
594 3976 723 4029 istos
761 3972 1039 4044 praefectos
1076 3973 1144 4027 ab
1172 3971 1494 4040 lmperatore
1532 3971 1834 4040 designatos

252 4070 459 4124 etiamsi
487 4070 592 4123 sint
621 4069 866 4138 improbi,
899 4069 943 4121 si
970 4066 1132 4130 fures,
1154 4066 1197 4119 si
1228 4065 1526 4134 praedones,
1555 4065 1598 4118 si
1631 4064 1831 4134 injusti,

253 4160 297 4214 si
330 4158 696 4229 quodcumque
730 4158 872 4212 aliud
915 4156 1141 4221 fuerint,
1168 4156 1414 4210 timemus
1443 4164 1497 4209 et
1520 4155 1832 4219 horremus,

254 4268 361 4305 non
404 4261 619 4321 propter
646 4251 900 4305 malitiam
943 4249 1294 4318 despicientes
1332 4264 1457 4311 eos,
1499 4246 1592 4301 sed
1620 4256 1836 4317 prapter

252 4343 564 4413 dignitatem
594 4342 731 4396 illius
762 4357 791 4395 a
825 4356 929 4411 quo
956 4339 1111 4395 electi
1138 4347 1263 4393 sunt
1292 4348 1596 4393 reverentes
1625 4356 1636 4391 :
1670 4338 1836 4391 multo

253 4434 484 4502 amplius
513 4433 563 4487 id
590 4432 764 4487 facere
785 4433 1030 4487 convenit
1058 4447 1180 4502 erga
1209 4447 1302 4486 eos
1326 4446 1458 4500 quos
1487 4432 1643 4500 elegit
1678 4433 1833 4485 Deus.

251 4525 540 4591 Nondum,
568 4525 770 4595 inquit,
821 4526 960 4580 Deus
1000 4506 1265 4578 abdicavit
1306 4523 1455 4577 illum
1504 4523 1833 4592 principatu,

248 4617 491 4672 nondum
513 4617 635 4671 fecit
658 4632 779 4671 eum
814 4632 876 4671 ex
909 4631 1032 4685 rege
1054 4616 1335 4684 privatum.
1361 4614 1540 4683 Itaque
1561 4630 1627 4667 nc
1656 4614 1837 4669 inver-

254 4717 434 4762 tamus
459 4707 718 4772 ordinem,
752 4722 923 4776 neque
951 4721 1243 4775 pugnemus
1273 4722 1392 4760 cum
1422 4706 1549 4767 Deo,
1583 4706 1836 4774 apostoli-

246 4816 383 4854 cum
404 4798 528 4853 illud
558 4798 753 4852 dictum
778 4798 928 4852 factis
956 4808 1267 4868 praestantes
1295 4817 1307 4853 :
1336 4799 1587 4865 Quoniam
1620 4800 1839 4867 quisquis

259 4893 441 4943 resistit
466 4892 716 4960 potestati,
742 4889 838 4943 Dei
859 4890 1163 4943 ordinationi
1182 4891 1400 4953 resistit;
1425 4891 1723 4960 quicumque
1747 4906 1841 4942 au-

257 4995 357 5036 tem
386 4985 655 5048 resistunt,
684 4981 904 5051 sibiipsis
942 4982 1185 5051 accipient
1224 4982 1595 5035 damnationem
1647 4982 1835 5051 (Rom.

258 5073 457 5143 15:2).
481 5073 594 5127 Non
624 5074 792 5127 solum
814 5072 1098 5143 appellavit
1126 5072 1271 5125 illum
1301 5072 1580 5135 christum,
1612 5071 1713 5127 hoc
1738 5081 1837 5137 est,

256 5175 476 5222 unctum
504 5176 556 5220 et
583 5182 797 5236 regem;
840 5181 1023 5221 verum
1055 5164 1213 5218 etiam
1248 5179 1401 5218 suum
1443 5165 1716 5219 dominum
1743 5179 1838 5219 vo-

257 5260 421 5312 cavit.
440 5257 554 5312 Non
586 5266 669 5311 est
698 5256 980 5311 mediocris
1008 5255 1375 5326 philosophiae,
1394 5255 1598 5310 hostem
1622 5255 1838 5310 honoris

259 5359 315 5402 et
341 5347 581 5417 obsequii
609 5347 878 5400 vocabulis
905 5346 1193 5416 appellare.
1215 5347 1385 5415 Atque
1408 5344 1457 5398 id
1481 5362 1663 5400 rursus
1685 5361 1840 5414 quam

259 5442 331 5495 sit
356 5456 623 5510 magnum,
651 5454 715 5492 ex
743 5440 825 5492 his
849 5454 965 5507 quae
996 5438 1203 5492 czeteris
1219 5437 1462 5491 accidunt
1480 5448 1635 5507 queat
1653 5439 1842 5508 aliquis

259 5532 585 5600 perspicere.
610 5530 856 5599 Plerique
884 5530 1142 5597 siquidem
1184 5530 1427 5584 inimicos
1452 5544 1577 5583 suos
1603 5545 1669 5583 ne
1693 5530 1844 5585 nudis

257 5623 475 5693 quidem
506 5637 568 5676 ac
588 5621 914 5690 simplicibus
940 5620 1243 5675 nominibus
1263 5618 1530 5689 appellare
1559 5621 1842 5689 sustinent,

259 5718 357 5773 Sed
397 5718 513 5771 aliis
552 5715 822 5771 vocabulis
859 5713 1056 5768 odiosis
1097 5728 1194 5768 eos
1235 5714 1553 5767 nominant:
1588 5712 1843 5783 impium,

264 5810 532 5873 insanum,
567 5816 741 5864 mente
773 5814 1013 5877 captum,
1044 5804 1292 5873 delirum,
1318 5805 1652 5876 pestilentem
1680 5824 1693 5860 :
1722 5807 1846 5861 alia-

1299 378 1386 438 DE
1426 380 1680 438 DAVlDE
1719 379 1808 435 ΕΤ
1846 378 2071 436 SAULE
2111 380 2385 439 HOMILIA
2426 383 2466 437 Ι.

3414 389 3516 445 68b

1930 507 2034 562 que
2056 494 2219 547 multa
2242 501 2565 561 contexunt,
2588 494 2777 567 hisque
2812 496 2952 553 notis
2974 496 3253 570 designant
3282 500 3513 557 hostem.

1929 582 1988 637 ld
2024 598 2144 638 esse
2186 600 2370 639 verum
2393 627 2408 652 ,
2440 588 2693 658 exemplo
2740 604 2847 643 non
2884 589 3092 646 eminus
3123 593 3322 663 petito,
3364 594 3457 649 scd
3487 612 3517 650 e

1929 674 2173 744 proximo
2201 685 2412 746 sumpto
2434 677 2658 747 docebo,
2685 680 2935 735 nimirum
2965 683 3032 737 ab
3053 682 3156 738 hoc
3184 684 3299 754 ipso
3327 684 3510 750 Saﬁle,

1932 768 2017 837 qui
2043 766 2243 836 justum
2272 769 2410 825 hunc
2449 771 2519 826 ob
2556 772 2846 829 vehemens
2895 775 3072 830 odium
3117 791 3223 831 non
3266 779 3518 833 sustinuit

1931 861 2147 927 proprio
2183 876 2375 915 vocare
2421 864 2663 930 nomine,
2693 864 2787 919 sed
2836 880 2957 920 cum
2996 866 3279 938 aliquando
3321 870 3515 925 festum

1931 952 2195 1021 quoddam
2224 954 2605 1019 celebraretur,
2636 957 2918 1026 requirens
2949 974 3100 1025 cum,
3143 960 3381 1029 dicebat,
3417 961 3516 1018 Ubi

1930 1050 2003 1096 est
2028 1043 2166 1111 ﬁlius
2189 1043 2333 1099 Jesse
2356 1044 2376 1116 (
2398 1046 2450 1100 1.
2476 1045 2604 1117 Reg.
2636 1048 2726 1103 20.
2748 1050 2880 1120 27)?
2904 1049 2993 1107 Sic
3029 1060 3203 1107 autem
3232 1056 3517 1124 appellavit

1931 1149 2051 1189 eum
2083 1136 2274 1203 partim
2314 1137 2437 1192 odio
2477 1141 2673 1209 proprii
2716 1142 2978 1209 nominis,
3022 1146 3213 1213 partim
3255 1150 3511 1216 genitoris

1930 1226 2185 1282 vilitatem
2215 1239 2425 1296 notans,
2457 1244 2677 1299 sperans
2700 1232 2809 1287 fore
2838 1242 2896 1288 ut
2920 1233 3022 1289 hoc
3046 1244 3199 1306 pacto
3222 1236 3348 1306 justi
3378 1239 3513 1293 fama

1932 1318 2420 1373 contaminaretur:
2454 1319 2593 1375 haud
2634 1323 2937 1392 intelligens
2974 1324 3242 1380 hominem
3285 1329 3517 1382 nobilem

1933 1408 2303 1479 illustremque
2343 1411 2491 1467 reddi
2539 1414 2744 1479 solere,
2778 1430 2883 1469 non
2928 1418 3324 1487 progenitorum
3360 1420 3520 1475 clari-

1935 1507 2075 1563 tate,
2108 1501 2199 1555 scd
2247 1502 2409 1557 animi
2440 1505 2652 1559 virtute.
2690 1506 2759 1560 At
2800 1523 2905 1562 non
2952 1509 3133 1564 itidem
3174 1511 3296 1566 fecit
3334 1512 3521 1568 beatus

1937 1591 2122 1645 David.
2153 1591 2335 1662 Neque
2362 1595 2505 1648 enim
2537 1595 2704 1665 patris
2733 1607 3087 1667 cognomento
3111 1602 3317 1657 vocavit
3346 1603 3516 1669 illum,

1933 1698 2250 1752 quamquam
2283 1685 2327 1737 is
2353 1700 2562 1754 quoque
2606 1687 2702 1741 fuit
2728 1688 3011 1744 admodum
3057 1690 3271 1747 humilis
3309 1701 3362 1747 et
3388 1709 3518 1748 con-

1937 1783 2165 1843 temptas
2193 1791 2207 1828 :
2236 1791 2409 1845 neque
2439 1778 2581 1831 nudo
2602 1778 2934 1850 simplicique
2960 1783 3174 1838 nomine
3202 1784 3521 1853 designavit,

1934 1867 2026 1921 sed
2050 1867 2316 1936 dignitatis
2346 1877 2399 1922 et
2428 1869 2752 1939 principatus
2775 1873 2943 1927 titulo.
2967 1872 3148 1943 Usque
3169 1876 3302 1930 adeo
3331 1894 3518 1945 purum

1934 1957 2002 2011 ab
2045 1959 2191 2012 omni
2241 1959 2608 2014 malevolentia
2647 1961 2865 2029 gerebat
2906 1963 3161 2018 animum.
3196 1965 3421 2020 Proinde
3466 1978 3519 2020 tu

1935 2064 2166 2119 quoque,
2196 2050 2468 2105 carissime
2487 2093 2502 2117 ,
2537 2050 2675 2106 hunc
2705 2053 2917 2108 imitans
2941 2095 2956 2120 ,
2984 2056 3113 2110 illud
3145 2058 3194 2109 in
3235 2059 3419 2126 primis
3441 2058 3522 2113 di-

1935 2140 2089 2205 scito,
2125 2155 2192 2196 ne
2231 2156 2480 2210 umquam
2526 2143 2794 2197 inimicum
2836 2145 3035 2201 odiosis
3074 2149 3396 2216 nominibus,
3426 2150 3520 2204 sed

1939 2231 2252 2286 honorificis
2282 2235 2457 2301 potius
2502 2234 2757 2304 appelles.
2794 2235 3003 2290 Etenim
3047 2238 3091 2290 si
3132 2253 3193 2292 os
3231 2241 3526 2296 assueverit

1937 2338 2057 2378 cum
2088 2324 2175 2393 qui
2208 2323 2344 2379 laesit
2377 2325 2593 2380 honoris
2619 2326 2964 2399 obsequiique
3007 2331 3310 2384 nominibus
3336 2334 3522 2399 appel—

1937 2415 2070 2481 lare,
2092 2416 2300 2468 animus
2329 2415 2442 2470 haec
2467 2416 2685 2471 audiens
2706 2432 2734 2470 a
2762 2418 2937 2487 lingua
2963 2418 3148 2473 doctus
3176 2435 3279 2473 non
3302 2422 3524 2489 rcl‘ngiet

1936 2522 2055 2561 cum
2088 2508 2179 2561 illo
2208 2507 2381 2563 redire
2404 2509 2453 2561 in
2481 2512 2725 2579 gratiam.
2754 2510 2886 2565 Nam
2908 2512 3020 2581 ipsa
3042 2512 3199 2567 verba
3230 2513 3521 2567 remedium

1938 2609 2094 2655 erunt
2123 2600 2377 2669 optimum
2401 2601 2592 2655 ulceris
2624 2606 2673 2656 in
2702 2605 2865 2659 corde
2896 2606 3259 2660 tumescentis.

2011 2692 2063 2744 7.
2103 2690 2271 2746 David
2300 2708 2330 2743 a
2358 2691 2499 2745 nobis
2528 2694 2821 2749 imitandus.
2861 2726 2932 2735 —
2957 2697 3078 2751 Haec
3104 2712 3244 2751 nunc
3274 2697 3523 2766 loquutus

1938 2801 2074 2853 sum,
2108 2803 2216 2840 non
2246 2795 2445 2840 tantum
2478 2793 2536 2840 ut
2559 2786 2836 2841 laudemus
2866 2789 3138 2852 Davidem,
3163 2789 3256 2843 sed
3283 2798 3338 2843 ut
3358 2805 3523 2843 aemu-

1940 2877 2111 2932 lemur
2138 2892 2366 2947 quoque.
2404 2877 2550 2932 llanc
2588 2878 2745 2946 igitur
2782 2878 3056 2933 historiam
3084 2879 3135 2932 in
3176 2896 3271 2933 suo
3300 2880 3525 2949 quisque

1939 2968 2101 3022 corde
2127 2968 2224 3023 sibi
2256 2968 2538 3038 depingat,
2576 2969 3024 3039 contemplatione
3051 2971 3209 3024 veluti
3241 2986 3398 3024 manu
3438 2987 3525 3023 as-

1939 3059 2089 3115 sidue
2128 3060 2180 3113 in
2213 3068 2387 3113 mente
2414 3059 2688 3114 delineans
2718 3061 3023 3129 speluncam
3054 3061 3193 3114 illam
3233 3061 3517 3130 duplicem,

1940 3154 2112 3223 ipsum
2154 3152 2365 3207 Saiilem
2397 3151 2537 3205 intus
2562 3151 2915 3207 dormientem
2936 3194 2950 3217 ,
2976 3168 3269 3222 somnoque
3303 3154 3525 3223 perinde

1941 3254 1996 3298 ut
2036 3253 2222 3299 catena
2271 3243 2541 3309 vinctum,
2586 3243 2702 3311 ejus
2747 3259 2903 3312 quem
2955 3244 3267 3312 gravissime
3316 3245 3526 3299 la-serat

1940 3338 2142 3392 dextrze
2186 3336 2523 3404 subjectum;
2575 3334 2739 3389 David
2786 3336 3147 3390 imminentem
3200 3336 3522 3400 dormienti,

1940 3436 2230 3497 praesentes
2261 3426 2475 3491 milites,
2505 3433 2559 3479 et
2585 3424 2652 3479 ad
2680 3425 2877 3479 caedem
2904 3426 3282 3489 adhortantes;
3312 3430 3523 3480 beatum

1942 3522 2086 3575 illum
2129 3518 2590 3589 philosophantem
2617 3559 2630 3583 ,
2662 3516 2765 3571 hoc
2807 3526 2914 3582 est,
2949 3525 3001 3571 et
3039 3532 3188 3571 suam
3228 3528 3282 3573 et
3311 3520 3522 3572 illorum

1941 3613 2072 3666 iram
2095 3610 2455 3669 cohibentem,
2488 3622 2716 3676 eumque
2740 3608 2828 3677 qui
2861 3617 2965 3661 tam
2995 3609 3156 3662 multa
3186 3619 3520 3676 peccaverat,

1941 3710 2302 3758 excusantem.
2332 3698 2457 3753 Haec
2483 3740 2496 3761 ,
2529 3698 2762 3767 inquam,
2793 3713 2898 3751 non
2930 3699 3099 3751 solum
3142 3699 3193 3752 in
3222 3700 3397 3752 animo
3425 3699 3522 3752 de-

1944 3796 2241 3865 pingamus,
2270 3806 2455 3845 verum
2482 3789 2640 3844 etiam
2676 3789 2727 3842 in
2758 3788 3097 3843 consessibus
3124 3788 3262 3842 inter
3293 3802 3390 3841 nos
3433 3802 3523 3840 as-

1941 3886 2091 3940 sidue
2118 3886 2397 3953 loquamur
2423 3898 2437 3935 :
2471 3880 2567 3934 has
2600 3879 2737 3949 apud
2766 3895 3004 3945 uxorem,
3038 3878 3133 3932 has
3159 3878 3296 3947 apud
3328 3879 3525 3933 liberos

1942 3979 2247 4048 frequenter
2299 3988 2616 4030 renovcmus
2667 3972 3013 4027 narrationes.
3044 3971 3254 4026 Etenim
3298 3970 3411 4025 sive
3457 3971 3524 4025 de

1942 4084 2064 4137 rege
2093 4068 2234 4137 loqui
2264 4066 2434 4131 voles,
2454 4079 2578 4119 ecce
2608 4079 2698 4118 rex
2727 4078 2744 4117 :
2771 4064 2881 4118 sive
2907 4064 2973 4117 de
3004 4063 3274 4128 militibus,
3305 4065 3415 4117 sive
3456 4064 3524 4119 de

1943 4176 2001 4214 re
2046 4157 2328 4223 familiari,
2354 4156 2465 4210 sive
2505 4155 2571 4209 de
2618 4153 2841 4224 publicis
2871 4154 3217 4224 civilibusque
3263 4154 3521 4224 negotiis,

1945 4249 2150 4306 videbis
2170 4250 2222 4303 in
2247 4249 2534 4317 Scripturis
2555 4246 2744 4302 horum
2767 4247 3001 4301 omnium
3028 4262 3269 4316 magnam
3291 4248 3522 4316 c0piam.

1943 4340 2256 4412 Hujusmodi
2284 4339 2817 4395 commemorationes
2849 4338 3130 4392 maximam
3158 4337 3388 4392 afferunt
3422 4339 3526 4392 uti-

1944 4436 2167 4490 litatem.
2205 4433 2535 4503 lmpossibile
2559 4441 2639 4487 est
2674 4431 2813 4486 enim
2840 4473 2855 4498 ,
2885 4430 3240 4499 impossibile,
3272 4432 3523 4502 inquam,

1944 4541 2043 4595 est,
2073 4530 2304 4583 animum
2346 4528 2396 4580 in
2430 4525 2730 4594 hujusmodi
2756 4524 2993 4579 historiis
3018 4533 3339 4589 versantem,
3369 4540 3399 4579 a
3426 4526 3525 4579 cu-

1943 4622 2251 4694 piditatibus
2281 4620 2542 4689 superari.
2570 4617 2711 4689 Ergo
2732 4633 2799 4672 ne
2826 4625 3032 4687 tempus
3055 4617 3310 4671 inutiliter
3334 4633 3528 4671 consu-

1945 4728 2172 4776 mantus,
2198 4726 2331 4765 neve
2357 4710 2518 4761 vitam
2552 4719 2785 4762 nostram
2818 4705 3010 4760 frustra
3039 4715 3271 4761 teramus
3292 4705 3343 4760 in
3370 4708 3529 4777 nugis

1947 4804 2140 4871 ineptis
2169 4817 2231 4854 ac
2265 4798 2703 4868 supervacaneis,
2733 4798 2944 4850 fortium
2985 4797 3219 4850 virorum
3261 4796 3526 4848 discamus

1946 4910 2033 4950 res
2075 4904 2271 4964 gestas,
2306 4907 2368 4945 ac
2408 4891 2474 4945 de
2515 4891 2595 4944 his
2641 4889 2853 4944 assidue
2892 4890 3234 4943 disseramus.
3286 4887 3434 4953 Quod
3484 4887 3527 4939 si

1947 4987 2064 5057 quis
2096 4986 2146 5039 in
2175 4997 2429 5037 consessu
2469 4981 2696 5035 voluerit
2727 4990 2815 5033 aut
2851 4980 2918 5033 de
2963 4978 3310 5047 Spectaculis,
3338 4989 3428 5031 aut
3462 4977 3529 5031 de

1948 5092 2102 5131 cursu
2132 5088 2413 5144 equorum,
2436 5081 2526 5125 aut
2546 5073 2613 5126 de
2637 5071 2797 5126 rebus
2824 5070 2954 5124 nihil
2977 5069 3040 5122 ad
3069 5078 3119 5123 te
3144 5067 3531 5138 pertinentibus

1947 5166 2106 5220 verba
2135 5164 2332 5230 facere,
2365 5163 2431 5216 ab
2478 5162 2564 5215 illa
2605 5162 2825 5216 materia
2871 5160 2950 5214 fac
2976 5175 3098 5214 eum
3124 5173 3365 5223 revoces,
3395 5168 3450 5213 et
3479 5160 3529 5212 in

1948 5258 2207 5327 ejusmodi
2235 5256 2592 5311 narrationem
2633 5255 2869 5317 inducas,
2896 5269 3004 5323 quo
3028 5252 3187 5307 simul
3218 5262 3271 5307 et
3296 5255 3533 5322 purgatis

1949 5350 2167 5412 animis,
2198 5358 2253 5402 et
2286 5348 2577 5415 voluptate,
2614 5363 2731 5415 qua:
2763 5345 2997 5415 periculo
3023 5354 3234 5409 careat,
3259 5345 3530 5409 delectati,

1950 5441 2179 5509 denique
2220 5438 2320 5507 ipsi
2358 5439 2514 5491 mites
2544 5452 2606 5491 ac
2634 5436 2920 5505 placabiles
2958 5451 3082 5505 erga
3127 5446 3349 5490 cunctos
3395 5437 3535 5489 male

1951 5533 2018 5587 de
2049 5531 2199 5585 nobis
2227 5529 2448 5583 meritos
2478 5528 2620 5594 facti,
2646 5544 2712 5582 ex
2754 5527 2852 5580 hac
2888 5528 2991 5580 vita
3031 5526 3339 5596 migrcmus,
3367 5527 3417 5579 in
3450 5526 3533 5579 fn-

1953 5635 2071 5679 turo
2098 5623 2291 5678 saeculo
2325 5623 2527 5675 nullum
2572 5621 2826 5675 habentes
2867 5620 3168 5685 inimicum,
3207 5619 3342 5672 bona
3371 5619 3533 5673 etiam

1953 5727 2150 5769 :eterna
2192 5728 2602 5783 consequamur,
2642 5712 2808 5781 gratia
2837 5719 2891 5765 et
2928 5710 3165 5764 bonitate
3204 5709 3407 5763 Domni
3440 5725 3535 5765 no-

1956 5807 2050 5861 stri
2078 5804 2203 5861 Jesu
2233 5804 2450 5872 Christi,
2479 5804 2561 5858 cui
2588 5802 2755 5874 gloria
2786 5801 2837 5856 in
2866 5800 3077 5858 smcula.
3104 5803 3297 5857 Amen.
