4038 6360
559 381 671 449 ss‘t

1153 488 1441 560 tioium
1483 505 1546 560 tt.

564 618 716 684 {)itod
733 630 968 690 maguum
985 620 1054 672 sit
1071 610 1288 683 'bonum,
1314 627 1412 673 non
1441 630 1633 673 tantum
1656 638 1883 676 exercere
1894 628 2153 689 "virtutem,

633 713 954 765 verumeliam
993 712 1203 766 laudare
1230 728 1249 766 :
1272 714 1502 783 quodque
1550 716 1714 767 David
1749 718 2154 786 ma‘gui/iceutius

627 805 880 863 tropaeum
921 799 1134 850 erexerit
1175 799 1427 867 parcendo
1475 799 1624 851 Suiili
1648 841 1660 859 ,
1709 817 1860 868 quam
1903 811 2156 872 prostrato

628 885 834 939 Golith
855 889 1114 957 :qttodque
1129 889 1234 942 hate
1250 891 1439 960 faciens
1461 890 1618 959 magis
1636 891 1878 958 profuerit
1893 893 1986 944 sibi
2006 910 2155 963 quam

631 979 781 1033 δαεῖιί
806 997 825 1034 :
852 981 1011 1050 deque
1031 983 1352 1035 excusatione
1377 984 1534 1051 ipsius
1560 986 1698 1054 apud
1724 984 1950 1040 Sdt’tlem.

633 1099 682 1151 1.
715 1096 950 1150 Laudare
976 1097 1153 1149 virtute
1191 1097 1430 1166 prwditos
1461 1099 1680 1167 prodest.
1706 1130 1779 1139 —
1799 1099 1906 1155 Vos
1937 1101 2150 1170 quidem

561 1204 736 1256 nuper
774 1187 1418 1243 laudastis'Davidetn‘ob
1461 1190 1720 1243 malorum
1773 1192 2149 1259 tolerantiam;

554 1289 656 1346 ego
680 1281 911 1333 vicissim
941 1281 1241 1335 admirabar
1275 1281 1512 1336 Vestram
1549 1298 1671 1350 erga
1707 1283 1957 1338 Davidem
1991 1287 2149 1338 benc-

556 1374 841 1425 voleutiam
883 1387 945 1426 ac
989 1373 1225 1426 Caritatis
1269 1373 1538 1428 allectum.
1589 1374 1702 1428 Non
1754 1377 1896 1430 enim
1940 1388 2151 1445 Oportet

555 1463 705 1516 adire
755 1464 914 1517 modo
943 1473 996 1518 et
1036 1464 1274 1518 a-mulari
1318 1466 1604 1528 virtutem,
1657 1469 2005 1522 \‘erumetiam
2055 1485 2149 1525 eos

552 1556 640 1622 qui
671 1557 918 1609 virtutem
951 1557 1347 1624 amplectuntur
1367 1601 1380 1620 ,
1410 1558 1652 1613 laudibus
1677 1563 1915 1616 evehere
1935 1604 1949 1627 ,
1979 1572 2031 1616 et
2055 1564 2147 1618 διί-

555 1646 826 1699 mirandus
856 1648 1145 1715 pra'dicarc
1168 1689 1182 1708 .
1216 1649 1371 1701 nobis
1402 1649 1630 1702 fructum
1661 1651 1886 1719 aliquem
1916 1667 2146 1723 euntque

553 1737 692 1791 haud
743 1739 1014 1809 Vulgarcm
1072 1739 1264 1794 aﬂ'et‘t:
1307 1741 1757 1810 quemadmodum
1797 1757 1867 1796 ex
1913 1743 2145 1799 adverso

551 1832 868 1898 pravitatem
904 1850 1005 1885 non
1041 1834 1274 1886 a-tnula'ri
1319 1843 1542 1897 tautttm,
1588 1836 1935 1890 verntnetiam
1981 1837 2031 1889 in
2079 1854 2140 1892 ea

551 1924 787 1976 viventes
832 1925 1084 1986 laudare,
1133 1925 1446 1992 Stqqtlieium
1493 1925 1631 1979 haud
1681 1927 1949 1980 mediocre
1993 1928 2143 1983 nobis

551 2027 696 2082 parat
718 2034 728 2068 :
750 2027 803 2069 et
830 2018 870 2069 si
892 2016 968 2070 fas
997 2027 1078 2069 est
1102 2007 1350 2081 quiddam
1379 2034 1572 2071 novmn
1595 2028 1649 2072 et
1675 2018 2042 2072 admirandum
2064 2021 2144 2074 di-

539 2119 668 2161 cere
688 2148 702 2168 ,
733 2109 943 2174 gravius
972 2109 1291 2178 supplicium
1323 2118 1501 2162 manet
1530 2110 1667 2175 illos,
1702 2126 1858 2180 quam
1887 2112 2028 2180 ipsos
2052 2113 2139 2181 qui

549 2198 686 2250 male
713 2201 910 2250 vivunt.
940 2195 994 2251 Id
1018 2198 1298 2252 declarans
1322 2199 1537 2264 Paulus,
1563 2209 1902 2268 posteaquam
1925 2218 2138 2258 omnem

555 2287 767 2342 malitia:
809 2290 1044 2358 speciem
1075 2303 1444 2345 emnnerasset
1467 2334 1481 2354 ,
1517 2305 1924 2362 aceusassetque
1952 2310 2139 2349 omnes

548 2381 635 2448 qui
662 2382 810 2449 ‘leges
841 2383 929 2435 Dei
959 2383 1296 2448 conculcant,
1328 2382 1398 2437 de
1428 2384 1534 2438 illis
1564 2385 1690 2452 ipsis
1748 2387 1961 2454 subjicit
1986 2405 1998 2439 :
2034 2387 2137 2452 Qui

550 2487 665 2522 cum
695 2470 790 2525 Dei
803 2471 1069 2540 justitiam
1087 2484 1308 2540 nossent,
1331 2475 1467 2544 quod
1495 2477 1578 2543 qui
1605 2477 1728 2528 (alia
1750 2481 1962 2547 faciant,
1997 2481 2138 2550 (ligni

546 2572 665 2616 sunt
695 2575 882 2622 morte,
932 2581 1032 2618 non
1078 2561 1240 2619 solum
1271 2583 1328 2618 ea
1367 2569 1582 2637 faciunt.
1614 2569 1700 2620 sed
1728 2580 1773 2621 et
1811 2573 2138 2640 comprobant

549 2656 640 2707 illa
667 2657 906 2726 facientes
943 2671 961 2709 :
1001 2657 1113 2709 ideo
1142 2657 1496 2712 inexcusabilis
1527 2677 1598 2720 cs,
1628 2678 1656 2714 ο
1688 2660 1874 2732 homo
1898 2654 2047 2716 Rom.
2082 2665 2132 2718 1.

551 2748 640 2802 52.
670 2757 782 2800 etc.
809 2747 862 2800 2.
899 2766 943 2801 ιο.
977 2750 1051 2814 1).
1086 2749 1242 2802 Vides
1271 2765 1391 2804 eum
1419 2751 1486 2804 ita
1518 2752 1656 2821 loqui
1681 2761 1736 2806 ut
1761 2753 2008 2808 ostendat
2035 2754 2135 2810 hoc

543 2854 666 2892 esse
693 2840 905 2908 gravius
933 2833 1042 2893 illo.
1078 2839 1207 2894 Nam
1240 2841 1454 2895 laudare
1481 2841 1872 2913 delinquentes,
1901 2846 2042 2916 quod
2069 2845 2134 2902 ad

545 2931 859 3000 supplicium
890 2933 1137 3000 pertinet,
1165 2932 1318 3002 longe
1346 2934 1463 3002 plus
1489 2946 1571 2988 est
1600 2951 1760 3004 quam
1783 2936 2092 3006 delinquere
2117 2951 2132 2996 ξ

544 3023 706 3092 idque
733 3023 853 3093 jure
885 3025 1104 3088 merito,
1134 3027 1254 3095 quia
1294 3026 1396 3080 hoc
1436 3026 1742 3097 snil'ragium
1787 3031 2136 3097 pr‘olit-lseitur

544 3116 613 3168 ab
641 3116 820 3171 animo
853 3118 1004 3185 plane
1029 3129 1283 3186 Corrupto
1303 3160 1316 3180 ,
1350 3129 1404 3174 et
1445 3120 1722 3174 insanabili
1767 3124 1953 3176 nterbo
1983 3123 2133 3178 labo-

544 3217 718 3262 rante.
744 3207 1015 3276 Siquidem
1042 3210 1085 3261 is
1110 3211 1196 3276 qui
1219 3210 1342 3263 dum
1367 3218 1570 3278 peccat,
1599 3211 1918 3267 condemnat
1942 3230 2130 3282 pet-ca-

549 3310 660 3354 tum
691 3317 844 3354 suum
871 3343 886 3367 ,
918 3302 1113 3370 poterit
1143 3302 1431 3370 aliquando
1469 3305 1726 3372 temporis
1758 3321 2038 3374 progressu
2065 3307 2131 3362 ad

542 3408 603 3446 se
627 3391 832 3456 redire;
862 3393 948 3462 qui
989 3408 1116 3447 vero
1144 3391 1325 3447 laudat
1356 3395 1610 3448 malitiam
1633 3437 1646 3458 ,
1681 3395 1724 3449 is
1751 3397 1984 3465 seipsum
2022 3401 2130 3467 pri-

544 3484 684 3538 vavit
706 3485 1001 3550 curatione,
1029 3499 1185 3555 quam
1213 3486 1366 3540 affet't
1396 3488 1725 3556 pmnitentia.
1754 3489 1982 3546 Proinde
2013 3508 2131 3546 mc-

540 3577 646 3630 rito
671 3576 864 3630 Paulus
902 3579 1262 3645 pronuntiavit
1289 3579 1389 3633 hoc
1417 3580 1510 3633 illo
1537 3595 1655 3634 esse
1684 3582 1915 3651 gravius.
1950 3584 2130 3654 Itaque

538 3669 681 3724 sicut
708 3685 811 3724 non
865 3680 1072 3725 tantum
1121 3672 1153 3725 ii
1179 3673 1266 3740 qui
1307 3686 1469 3741 prava
1498 3674 1730 3740 faciunt,
1780 3678 2125 3731 verumctiam

539 3763 629 3832 qui
674 3765 804 3818 tales
842 3765 1061 3819 laudant
1086 3781 1147 3818 ac
1176 3766 1467 3834 pra-dicant
1491 3807 1504 3832 ,
1533 3767 1812 3829 eamdem,
1845 3778 1936 3822 aut
1967 3769 2126 3824 etiam

536 3854 833 3923 graviorem
864 3871 1071 3924 pinnam
1103 3857 1397 3910 sortiuntur
1429 3873 1442 3910 :
1475 3858 1542 3909 ita
1570 3858 1656 3926 qui
1686 3857 1854 3912 honos
1884 3859 2127 3913 laudibus

538 3945 738 3999 vehunt
779 3962 840 3999 ae
885 3947 1174 4004 praedicant
1212 3988 1227 4011 ,
1269 3962 1586 4000 coronarum
1631 3947 1733 4002 illis
1772 3949 2124 4016 repositorum

537 4037 672 4089 liunt
696 4038 1001 4105 participes.
1030 4038 1178 4104 Quod
1209 4039 1380 4102 ipsum
1407 4038 1478 4090 ita
1507 4053 1625 4091 esse
1652 4055 1680 4092 e
1703 4039 1974 4110 Scriptura
2001 4040 2127 4094 licet

535 4130 856 4197 perspicere.
899 4130 1034 4183 Deus
1061 4131 1200 4183 enim
1233 4131 1302 4184 ita
1342 4129 1574 4198 loquitur
1602 4129 1829 4183 Abraha:
1862 4150 1876 4182 :
1912 4130 2126 4185 Benedi-

533 4220 757 4272 cenlibus
780 4220 864 4272 (ibi
891 4221 1196 4286 benedicam,
1222 4231 1266 4274 et
1288 4221 1698 4274 maledicentibus
1719 4222 1807 4274 tibi
1828 4221 2125 4276 maledicam

533 4309 703 4378 (Gen.
741 4311 823 4365 η.
856 4313 946 4380 5).
980 4311 1123 4366 Ιιιι-ιιι
1166 4314 1215 4366 in
1246 4312 1536 4384 Olympieis
1575 4313 1956 4367 certaminibus
1985 4314 2126 4368 acci-

530 4403 657 4456 dere
688 4403 881 4456 videbit
917 4405 1106 4472 quivis.
1142 4405 1321 4473 Neque
1342 4404 1481 4456 etaim
1511 4403 1706 4458 athleta
1737 4414 1935 4458 tantum
1959 4421 2117 4460 coro-

530 4510 652 4546 nam
679 4504 912 4563 gestaus,
938 4511 1108 4564 neque
1131 4497 1217 4564 qui
1253 4496 1490 4548 laborem
1514 4510 1576 4548 ac
1606 4494 1855 4549 sudorem
1903 4497 2123 4563 pertulit

531 4585 709 4646 modo,
743 4600 924 4638 verum
949 4596 1003 4639 et
1031 4586 1072 4639 is
1097 4587 1182 4654 qui
1211 4586 1389 4639 laudat
1413 4585 1688 4646 victorem.
1723 4603 1826 4640 non
1851 4587 2120 4642 minimam

527 4677 698 4731 laudis
739 4677 881 4731 illius
909 4678 1234 4747 voluptatem
1277 4678 1534 4748 decerpit.
1567 4679 1905 4750 Quapropter
1934 4690 1987 4735 et
2021 4697 2120 4750 ego

526 4784 631 4822 non
659 4769 831 4822 solum
860 4783 1176 4837 generosum
1201 4770 1347 4823 illum
1369 4785 1430 4824 ac
1447 4771 1844 4839 magnanimum
1865 4772 1935 4826 ob
1954 4773 2118 4826 animi

526 4860 913 4932 philosophiam
955 4861 1167 4914 beatum
1197 4861 1430 4931 praedico
1453 4903 1468 4924 .
1501 4877 1685 4916 verum
1718 4871 1773 4916 et
1803 4877 1897 4916 vos
1923 4863 1993 4916 ob
2020 4863 2117 4918 be-

523 4952 772 5006 nevolum
803 4967 925 5021 erga
957 4952 1106 5005 illum
1134 4953 1390 5006 animum.
1423 4951 1516 5007 llle
1544 4969 1774 5022 namque
1800 4955 2025 5008 certavit
2053 4969 2118 5009 ac

521 5043 650 5096 vicit
675 5085 691 5108 ,
722 5057 1083 5114 coronamque
1133 5044 1293 5097 tulit:
1334 5058 1428 5096 vos
1457 5053 1632 5098 autem
1676 5044 1796 5114 quia
1842 5045 2116 5099 victoriam

519 5134 792 5200 laudastis,
811 5150 916 5189 non
941 5135 1260 5190 mediocrem
1281 5150 1492 5190 coron:t-.
1516 5144 1719 5205 partem
1738 5137 1886 5191 vobis
1904 5139 2115 5193 tulistis.

521 5226 590 5281 Ut
628 5227 786 5296 igitur
829 5227 1050 5281 uberior
1075 5228 1146 5282 sit
1189 5227 1343 5282 vobis
1387 5228 1486 5282 ista
1516 5228 1759 5297 voluptas
1785 5270 1798 5290 .
1826 5246 1888 5284 ac
1915 5229 2118 5286 fructus

517 5317 871 5372 abundantior
896 5361 910 5384 ,
941 5320 1164 5390 agedum
1198 5321 1433 5389 reliquas
1457 5336 1668 5390 quoque
1699 5321 1853 5390 hujus
1881 5321 2116 5378 historia!

517 5419 696 5477 partes
717 5411 866 5464 vobis
888 5411 1274 5478 persolvamus.
1300 5413 1431 5465 Cum
1459 5410 1696 5465 historia:
1724 5415 1950 5480 scriptor
1972 5429 2117 5467 com-

498 5513 878 5576 ,mcmorasset
903 5503 1066 5557 verba
1088 5544 1103 5568 ,
1131 5504 1325 5573 quibus
1354 5503 1517 5558 David
1548 5504 1746 5558 ctedem
1779 5504 2078 5574 reprobavit
2098 5548 2111 5568 ,

502 5580 742 5661 subjecit
768 5613 782 5649 :
813 5594 934 5649 Non
963 5597 1190 5662 permisit
1213 5597 1338 5662 illis,
1382 5608 1437 5652 ut
1462 5609 1727 5666 surgerent
1752 5608 1800 5651 et
1826 5599 2113 5653 occiderent

519 5683 651 5739 Sail
681 5687 768 5753 (1.
803 5685 927 5757 Reg.
962 5687 1052 5741 94.
1085 5688 1204 5758 8):
1238 5689 1394 5743 simul
1437 5699 1493 5745 et
1539 5690 1750 5742 illorum
1795 5688 2000 5743 animos
2046 5691 2111 5743 ad

479 5770 496 5792 ’
517 5777 719 5831 eadem
750 5791 1042 5848 promptos,
1073 5791 1125 5834 et
1153 5780 1309 5851 hujus
1353 5781 1713 5836 fortitudinem
1741 5782 2112 5838 demonstrare

519 5867 719 5921 volens.
772 5872 839 5923 At
885 5871 1031 5926 multi
1095 5888 1222 5928 sane
1271 5875 1360 5941 qui
1407 5874 1654 5930 videntur
1698 5875 2057 5945 philosottbari
2089 5920 2104 5944 ,

1352 395 1408 449 s.
1451 380 1728 453 Jo‘;\.\"-Nts
1765 394 2241 456 cnnrsosrout
2285 401 2602 459 ARCIHEP.
2645 392 3184 466 consumma».

3751 417 3856 477 688

2265 513 2473 570 etiamsi
2498 516 2604 586 ipsi
2637 518 2690 572 itt
2717 533 2776 573 se
2807 535 2911 573 non
2939 523 3204 592 recipiunt
3240 514 3631 598 homicidium,
3668 535 3860 590 nolunt

2266 617 2442 661 tamen
2464 609 2606 664 alios
2645 611 2734 678 qui
2764 612 2964 667 etedem
3011 626 3200 685 parant
3238 620 3514 677 cohibere.
3541 625 3610 678 At
3638 641 3744 681 non
3786 629 3859 682 ita

2265 697 2448 765 David,
2478 701 2570 754 sed
2597 702 2816 769 perinde
2838 719 2899 758 ac
2921 705 2964 758 si
2986 705 3286 776 depositum
3307 711 3519 781 aliquod
3533 718 3858 785 accepisset,

2264 808 2358 860 pro
2399 810 2504 864 quo
2535 797 2795 851 rationem
2839 799 3144 856 redditurus
3172 814 3357 868 esset,
3404 807 3474 860 ita
3505 823 3610 862 non
3649 821 3857 865 tantum

2261 888 2374 954 ipse
2403 903 2507 942 non
2535 890 2710 959 attigit
2737 892 3030 958 Inimicum,
3058 910 3242 951 verum
3256 900 3424 954 etiam
3453 901 3585 956 alios
3611 905 3856 962 occidere

2258 979 2499 1034 Volentes
2524 985 2782 1050 coercuit,
2812 986 3027 1042 satelles
3061 991 3294 1058 optimus
3320 1003 3374 1046 et
3409 999 3649 1064 corporis
3673 1011 3855 1055 custos

2259 1079 2353 1141 p’ro
2373 1071 2524 1129 hoste
2544 1074 2732 1131 l‘actus.
2757 1077 2938 1148 Itaque
2960 1097 3063 1135 non
3086 1083 3343 1138 aberrarit
3361 1102 3388 1138 a
3411 1101 3558 1154 vero,
3581 1092 3670 1161 qui
3694 1093 3856 1158 dicat,

2260 1163 2511 1219 Davidem
2543 1166 2594 1220 id
2637 1171 2893 1240 temporis
2924 1173 2974 1225 in
3004 1175 3220 1242 gravies
3253 1177 3500 1234 incidisse
3529 1182 3818 1239 discrimen
3839 1228 3855 1250 ,

2255 1269 2413 1326 quam
2447 1259 2616 1329 ipsum
2657 1262 2901 1318 Saitlenr.
2929 1255 3114 1332 Neque
3144 1269 3287 1322 enim
3321 1270 3436 1326 leve
3464 1285 3733 1330 certamen
3763 1294 3859 1347 pe-

2254 1349 2585 1421 riculumque
2606 1355 2920 1418 sustinebat,
2945 1357 3071 1410 dum
3098 1361 3343 1416 omnibus
3369 1363 3538 1418 modis
3562 1369 3856 1424 conabatur

2254 1441 2396 1496 illum
2438 1445 2507 1497 ab
2551 1445 2755 1501 insidiis
2782 1449 3026 1517 eripere,
3061 1467 3193 1520 quas
3221 1454 3269 1508 ei
3313 1455 3569 1522 parabant
3606 1461 3806 1516 milites
3838 1482 3852 1516 :

2251 1547 2422 1602 neque
2447 1536 2670 1605 perinde
2698 1543 2968 1595 metuebat
2985 1558 3050 1597 ne
3074 1545 3185 1613 ipse
3201 1547 3547 1614 occideretur,
3570 1568 3630 1607 ac
3665 1556 3855 1607 formi-

2250 1625 2408 1680 dabat
2438 1642 2505 1682 ne
2534 1629 2653 1698 quis
2684 1631 2908 1685 militum
2941 1634 3034 1687 irae
3059 1635 3362 1703 obsequens
3394 1641 3719 1698 interficeret
3749 1647 3852 1700 ho-

2250 1717 2446 1771 minem
2479 1737 2491 1772 :
2525 1733 2750 1790 eamque
2780 1723 2850 1776 ob
2879 1739 3092 1780 causam
3117 1728 3380 1794 ejusmodi
3403 1747 3738 1790 commentus
3757 1749 3851 1794 est

2247 1811 2668 1866 excusationem.
2708 1815 2879 1882 Atque
2907 1815 2980 1870 illi
3008 1818 3223 1886 quidem
3260 1823 3598 1888 accusabant,
3627 1844 3854 1884 accusa-

2246 1900 2402 1989 batur
2429 1913 2604 1958 autem
2647 1905 2771 1962 Said
2805 1907 3082 1964 dormiens
3110 1951 3124 1973 .
3157 1912 3253 1968 sed
3280 1914 3515 1971 defendit
3560 1919 3851 1989 inimicus,

2247 1981 2390 2048 Deus
2427 2011 2555 2049 vero
2575 1996 2735 2066 judex
2770 2009 2880 2052 erat
2906 2041 2920 2065 ,
2950 2007 3014 2055 ‘ac
3042 2001 3256 2057 Davidis
3283 2009 3603 2063 sententiam
3643 2013 3853 2068 confir-

2246 2089 2427 2140 mavit.
2452 2087 2632 2158 Neque
2655 2090 2793 2144 enim
2821 2093 3023 2162 absque
3049 2093 3143 2149 Dei
3170 2097 3420 2164 prtesidio
3443 2101 3694 2159 valuisset
3722 2106 3854 2162 illos

2245 2181 2481 2236 l'urcntes
2504 2183 2716 2239 vincere
2742 2203 2754 2238 :
2783 2185 2878 2240 sed
2904 2188 3018 2242 lucc
3041 2198 3155 2243 erat
3178 2190 3270 2245 Dei
3293 2193 3458 2262 gratia
3491 2196 3540 2250 in
3568 2197 3848 2267 propheta:

2245 2273 2396 2327 labiis
2424 2273 2667 2329 residens
2686 2316 2700 2338 ,
2727 2293 2846 2346 qua:
2872 2279 3032 2333 Veluti
3059 2281 3330 2338 suadelam
3368 2287 3650 2356 quamdam
3680 2290 3848 2347 adde-

2244 2363 2332 2418 Ι).ιι
2380 2366 2522 2420 illius
2567 2369 2762 2424 verbis.
2806 2369 3039 2427 Tametsi
3078 2389 3182 2428 non
3242 2376 3359 2432 leve
3411 2392 3741 2438 momentum
3790 2395 3844 2440 et

2246 2460 2406 2514 David
2429 2460 2532 2516 huc
2556 2463 2752 2522 attulit.
2778 2465 2866 2532 qui
2889 2467 3139 2534 quoniam
3165 2459 3284 2524 illos
3305 2472 3580 2541 superiore
3601 2483 3845 2546 tempore

2241 2551 2318 2605 sic
2345 2551 2677 2617 instituerat,
2707 2554 2905 2609 idcirco
2931 2559 2983 2610 in
3023 2559 3248 2614 articulo
3277 2565 3588 2619 certaminis
3628 2581 3844 2635 paratos

2241 2643 2358 2695 illos
2385 2657 2448 2696 ac
2492 2644 2785 2714 morigeros
2815 2648 3038 2715 reperit.
3079 2649 3373 2705 Prmfuerat
3414 2655 3556 2708 enim
3596 2657 3699 2711 illis
3731 2674 3842 2714 non

2240 2741 2297 2787 ut
2323 2733 2444 2787 belli
2471 2733 2575 2788 dux
2610 2735 2863 2790 militibus
2885 2780 2898 2801 ,
2929 2738 3022 2794 sed
3059 2749 3118 2796 ut
3158 2743 3410 2798 sacerdos
3436 2787 3449 2808 ,
3476 2745 3694 2818 jamque
3721 2764 3845 2820 spe-

2240 2825 2394 2879 lunca
2427 2826 2511 2881 illa
2542 2838 2658 2882 erat
2685 2830 2936 2885 ecclesia.
3351 2843 3354 2846 '

2312 2919 2634 2988 Sacri/icium
2681 2921 2830 2989 offert
2868 2922 2976 2978 Deo
3028 2923 3193 2979 David
3216 2969 3233 2995 ,
3280 2928 3552 2984 immolans
3591 2933 3744 2986 iram.
3776 2966 3848 2978 ——

2238 3011 2328 3065 Sic
2352 3013 2800 3080 quemadmodum
2835 3015 3026 3086 aliquis
3061 3019 3297 3089 epiSCOpi
3341 3023 3560 3076 sortitus
3600 3039 3798 3080 munus
3823 3070 3840 3094 ,

2237 3105 2302 3159 ad
2337 3106 2454 3160 illos
2479 3107 2789 3163 concionem
2827 3109 3054 3164 habebat
3079 3152 3095 3176 ,
3126 3127 3188 3166 ac
3220 3124 3432 3182 peracta
3465 3118 3731 3174 concione
3758 3136 3846 3175 sa-

2236 3197 2492 3252 rrilicium
2519 3199 2731 3266 obtulit,
2766 3199 2922 3270 idque
2943 3201 3256 3258 admirabile
3287 3206 3554 3273 quoddam
3587 3209 3843 3281 dictuque

2238 3291 2566 3358 incredibile,
2601 3309 2706 3348 non
2737 3305 2966 3348 mactato
2994 3297 3156 3352 vitulo
3177 3337 3191 3363 ,
3222 3308 3313 3351 aut
3343 3301 3521 3353 occiso
3548 3317 3715 3371 agno,
3746 3305 3840 3358 sed

2235 3385 2375 3453 quod
2411 3384 2492 3438 Itis
2525 3393 2639 3438 erat
2682 3387 2847 3439 multo
2875 3387 3336 3454 honoriﬁcentius,
3367 3395 3839 3448 mansuetudinem

2235 3486 2289 3529 ct
2339 3476 2718 3530 humanitatem
2781 3478 3015 3533 ol'fet'ens
3067 3481 3180 3536 Deo
3213 3521 3228 3543 ,
3279 3491 3439 3552 atque
3479 3485 3840 3541 irrationabili

2233 3569 2395 3622 animi
2433 3578 2576 3622 nmtu
2609 3577 2858 3637 mactato,
2883 3573 3165 3641 occisaque
3211 3573 3504 3638 iracundia,
3536 3587 3593 3630 et
3617 3581 3843 3633 mortiﬁ-

2233 3661 2365 3712 catis
2398 3661 2672 3725 membris,
2700 3677 2817 3730 qua:
2856 3673 2978 3715 sunt
3003 3679 3162 3731 super
3193 3673 3411 3718 terram.
3452 3666 3522 3720 Et
3549 3667 3725 3722 lactus
3763 3682 3842 3725 est

2233 3753 2371 3810 idem
2402 3765 2511 3808 tum
2539 3756 2785 3820 victima,
2819 3765 2928 3809 tum
2959 3758 3283 3812 sacrilicatus
3305 3801 3320 3823 ,
3350 3768 3457 3812 tum
3483 3757 3654 3816 altare
3686 3758 3838 3831 (σοι.

2233 3848 2284 3902 5.
2318 3843 2352 3902 Β
2374 3851 2410 3915 ).
2432 3847 2702 3916 Siquidem
2731 3857 2784 3902 et
2809 3849 2942 3902 ratio
2959 3865 3075 3918 qua:
3093 3849 3351 3905 oll'erebat
3370 3854 3835 3909 mansuetudinem

2231 3949 2392 4010 atque
2419 3939 2820 4002 humanitatem,
2843 3953 2890 3993 et
2914 3941 3022 4009 ipsa
3043 3943 3342 3996 humanitas
3364 3959 3424 3996 ac
3445 3947 3826 4010 mansuetudo,

2231 4033 2460 4100 (lenique
2499 4047 2592 4085 eor
2631 4034 2682 4086 in
2721 4048 2826 4102 quo
2858 4032 2971 4087 luce
3013 4032 3410 4099 olferebantur,
3456 4039 3637 4090 omnia
3684 4052 3836 4093 eram

2230 4123 2469 4191 ejusdem
2504 4123 2752 4176 hominis.

2300 4214 2356 4267 2.
2400 4214 2755 4284 Posteaquam
2799 4215 2958 4285 igitur
2995 4215 3132 4272 hanc
3161 4217 3489 4273 immolasset
3518 4221 3833 4288 praeturam

2230 4307 2498 4360 victimam
2524 4349 2539 4372 ,
2575 4319 2700 4361 tunc
2747 4307 3024 4362 victoriam
3067 4311 3283 4374 retulit,
3331 4327 3502 4379 neque
3536 4313 3833 4384 quidquam

2230 4399 2570 4468 praetermisit
2593 4399 2735 4468 quod
2757 4400 2820 4452 ad
2853 4410 3108 4469 tropmum
3140 4411 3422 4470 spectaret,
3452 4407 3690 4459 surrexit
3712 4416 3833 4458 tan-

2228 4491 2350 4546 dem
2380 4491 2568 4545 horum
2592 4493 2942 4546 certaminum
2975 4494 3193 4547 materia
3220 4493 3367 4556 Saﬁl,
3391 4502 3445 4548 et
3467 4510 3725 4562 egressus
3751 4507 3836 4550 est

2227 4599 2258 4638 e
2280 4584 2550 4652 spelunca,
2576 4586 2788 4653 ignarus
2811 4585 3048 4638 omnium
3072 4602 3190 4655 qua:
3210 4599 3356 4655 gesm
3381 4585 3609 4641 fuerant.
3641 4587 3836 4659 Egres-

2229 4694 2313 4730 sus
2354 4686 2424 4729 est
2465 4687 2634 4727 autent
2676 4685 2789 4743 post
2817 4675 2963 4728 illum
3005 4685 3049 4728 et
3091 4675 3258 4730 David
3283 4676 3376 4747 (1.
3420 4675 3550 4748 Reg.
3590 4679 3682 4732 24.
3714 4680 3829 4749 9),

2228 4769 2409 4823 liberis
2446 4768 2700 4837 deinceps
2728 4767 2900 4821 oculis
2942 4769 3129 4822 czelum
3161 4769 3371 4823 intuens
3395 4810 3410 4833 ,
3441 4784 3504 4822 ac
3549 4779 3660 4824 tum
3692 4781 3830 4826 tem-

2227 4861 2370 4932 poris
2397 4862 2562 4930 magis
2590 4859 2845 4931 gaudens,
2865 4877 3021 4931 quam
3049 4876 3168 4914 cum
3189 4849 3399 4914 Goliath
3421 4865 3829 4932 prostravissct,

2224 4970 2288 5010 ae
2327 4954 2538 5009 barbari
2565 4963 2725 5024 caput
2753 4964 3099 5024 amputasset.
3132 4953 3403 5022 Siquidem
3436 4954 3550 5008 huic
3591 4955 3679 5009 illa
3711 4973 3831 5009 ma-

2223 5047 2558 5116 gnilicentior
2587 5055 2701 5098 erat
2731 5046 2972 5102 victoria.
3005 5045 3117 5098 hac
3147 5045 3600 5114 magnificentiam
3631 5051 3824 5124 spolia,

2225 5141 2340 5195 hac
2367 5140 2544 5210 prazda
2587 5139 2873 5206 illustrior,
2907 5139 3008 5192 hoc
3039 5140 3320 5209 gloriosius
3360 5148 3645 5208 tropamm.
3693 5141 3829 5195 Nam

2225 5234 2329 5289 illic
2356 5241 2410 5288 et
2441 5231 2598 5286 funda
2643 5241 2697 5285 et
2723 5231 2985 5300 lapidibus
3023 5240 3078 5284 et
3117 5231 3230 5284 acie
3259 5230 3490 5286 habebat
3527 5249 3668 5301 opus
3697 5252 3712 5286 :
3740 5234 3832 5288 hic

2223 5342 2352 5382 vero
2371 5335 2560 5378 cuncta
2588 5323 2864 5392 prudentia
2889 5323 3199 5391 rationeque
3224 5332 3432 5391 peracta
3455 5333 3596 5388 sunt,
3625 5341 3689 5378 ac
3709 5327 3832 5381 sine

2222 5417 2384 5470 armis
2423 5415 2644 5483 contigit
2688 5416 2907 5468 victoria
2934 5455 2946 5477 ,
2981 5421 3137 5483 atque
3189 5415 3524 5468 incruentum
3560 5425 3830 5483 tr0pzrum

2223 5516 2458 5564 erectum
2503 5518 2604 5562 est.
2641 5507 2825 5576 Itaque
2871 5506 3027 5560 rediit
3073 5523 3177 5559 non
3226 5507 3438 5559 barbari
3481 5508 3622 5562 illius
3663 5519 3831 5576 caput

2220 5609 2434 5670 gestans
2460 5640 2474 5662 ,
2503 5598 2594 5652 sed
2617 5598 2777 5650 animi
2803 5597 3213 5650 commotionem
3256 5596 3490 5649 sedatam
3517 5635 3534 5663 ,
3562 5599 3658 5652 sed
3688 5599 3827 5653 iram

2221 5701 2525 5745 enervatam
2559 5707 2573 5743 :
2601 5705 2770 5759 neque
2802 5688 2915 5743 lucc
2952 5689 3120 5756 spolia
3165 5691 3401 5758 reposuit
3423 5688 3784 5761 Jerosolyma:
3807 5733 3824 5755 ,

2219 5785 2311 5839 sed
2343 5787 2391 5836 in
2433 5785 2601 5845 cmlo,
2633 5783 2790 5852 inque
2833 5797 3061 5852 superna
3108 5781 3191 5835 iiia
3237 5782 3468 5836 civitate.
3514 5782 3670 5837 Nunc
3709 5799 3824 5837 non

2219 5877 2442 5932 choreas
2470 5885 2687 5945 agentes
2708 5874 2922 5930 obviam
2948 5875 3230 5931 veniebant
3249 5873 3460 5930 femina:
3486 5876 3823 5947 excipientes
