4038 6360
286 354 388 414 687

899 472 1142 528 ()MIAIA
1178 475 1249 530 B’.

291 567 406 619 Ὅτι
430 561 584 630 μέγα
614 558 841 630 αγαθὸν
865 561 936 612 οὐ
976 559 1043 630 τρ
1088 556 1351 630 μετιέναι
1391 559 1586 630 μόνον
1619 556 1858 630 ἀρετήν,

355 626 526 688 ἁλζὶει
555 626 672 682 καί
698 630 764 682 τὸ
803 627 1074 681 ἐπαινεῖν
1109 628 1332 693 ἀρετήν
1351 644 1364 656 ·
1395 626 1501 680 καὶ
1539 627 1629 679 ὅτι
1665 626 1866 694 μεῖζον

357 704 584 765 ἔστησε
637 700 922 766 τρόπαιον
977 697 1339 766 φεισάμενος
1399 697 1506 750 τοῦ
1565 697 1797 766 Σαοὺλῄ
1832 697 1864 748 ὁ

360 764 560 832 Auum,
592 771 628 838 ἢ
663 764 763 822 ὅτε
792 769 900 821 τὸν
942 764 1166 838 Γολιάί)
1205 767 1532 838 κατήνεγκε
1556 781 1569 794 ·
1630 767 1728 818 καὶ
1770 764 1867 838 δτι

281 849 284 854 “
361 844 576 896 ἑαυτὸν
602 834 842 909 μᾶλλον
890 836 1074 909 ἣῄτὸν
1121 839 1320 890 Σαοὺλ
1361 834 1642 909 ὠφέλησε
1691 834 1866 909 τοῦτο

337 924 340 928 ’
360 904 622 977 ποιήσας
637 929 651 942 ·
674 911 773 962 καὶ
794 909 881 973 είς
896 904 1011 976 τὴν
1031 909 1364 976 ἀπολογίαν
1383 905 1570 959 αὑτοῦ
1586 904 1701 972 τὴν
1719 906 1870 971 πρὸς

360 984 466 1036 τὸν
494 981 712 1035 Σαούλ.

347 1076 414 1122 α’.
431 1067 620 1136 Ὑμεῖς
645 1064 741 1135 μὲν
761 1061 950 1133 πρώην
965 1060 1268 1132 ἐπῃνέσατε
1285 1058 1375 1112 τὸν
1395 1056 1556 1111 Δαυῖδ
1573 1059 1671 1128 τῆς
1689 1057 1872 1121 ἀνεξιο

297 1151 490 1214 κακίας
510 1166 522 1179 '
559 1146 668 1216 ἐγὼ
690 1146 748 1200 δέ
781 1145 924 1214 ὑμᾶς
945 1143 1236 1214 ἐθαύμασα
1261 1142 1357 1212 τῆς
1389 1142 1517 1212 περὶ
1545 1141 1636 1194 τὸν
1661 1138 1824 1192 Δαυῖδ
1842 1150 1869 1176 ει

295 1234 504 1296 εὐνοίας
525 1249 582 1284 τε
609 1231 702 1284 καὶ
725 1227 1127 1298 φιλοστοργίας.
1151 1225 1224 1278 Οὐ
1248 1224 1356 1296 γὰρ
1385 1225 1448 1295 δὴ
1479 1223 1639 1295 μόνον
1662 1223 1722 1276 τὸ
1743 1239 1871 1292 μετ-

282 1301 434 1372 ιέναι
473 1316 569 1368 καὶ
619 1311 812 1383 ζηλοῦν
846 1309 1066 1381 ἀρετὴν,
1085 1308 1219 1362 ἀλλά
1245 1309 1339 1360 καὶ
1357 1307 1418 1359 τὸ
1438 1308 1565 1369 τοὺς
1587 1305 1871 1376 μετιόντας

296 1401 538 1454 ἐπαινεῖν
567 1400 659 1451 καὶ
692 1394 1015 1465 θαυμάζειν,
1055 1392 1206 1462 φέρει
1261 1389 1383 1444 τινὰ
1415 1390 1604 1461 μισθὸν
1632 1391 1768 1460 ήμῖν
1807 1389 1868 1439 οὐ

299 1483 521 1557 μικρόν·
553 1479 740 1548 ὥσπερ
773 1474 866 1530 οὖν
894 1477 955 1529 ού
999 1476 1158 1546 μόνον
1189 1476 1249 1528 τὸ
1274 1474 1472 1545 ζηλοῦν
1499 1473 1719 1544 κακίαν,
1739 1471 1874 1526 ἀλλά

297 1571 392 1624 καὶ
421 1568 489 1620 τὸ
520 1568 645 1628 τοὺς
670 1567 727 1618 ἐν
761 1564 897 1632 αὐτῇ
929 1559 1138 1624 ζῶντας
1159 1561 1425 1624 ἐπαινεῖν,
1467 1559 1622 1629 φέρει
1654 1557 1873 1610 κόλασιν

297 1656 355 1707 οὐ
377 1651 473 1722 τὴν
501 1649 771 1719 τυχοῦσαν
805 1649 963 1717 ἡμῖν,
999 1646 1094 1698 καὶ
1120 1647 1168 1697 εί
1208 1645 1313 1714 χρή
1343 1661 1396 1696 τι
1432 1643 1527 1695 καὶ
1562 1641 1873 1710 θαυμαστὸν

297 1738 491 1796 εἰπεῖν,
515 1731 694 1786 αὐτῶν
717 1729 825 1783 τῶν
855 1730 913 1782 ἐν
938 1727 1176 1798 πονηρίᾳ
1208 1726 1424 1790 ζώντων
1466 1723 1876 1794 χαλεπωτέραν.

299 1819 410 1875 Καὶ
435 1820 517 1870 ὅτι
547 1813 707 1868 τοῦτό
727 1816 874 1866 ἐστιν
893 1809 1111 1880 ἀληθὲς,
1134 1809 1402 1862 δείκνυσιν
1431 1810 1460 1861 6
1485 1806 1691 1870 Παῦλος
1720 1807 1778 1858 ἐν
1797 1799 1878 1868 οἷς

301 1920 465 1976 φησιν
485 1916 499 1930 '
531 1898 717 1967 ἐπειδὴ
747 1897 854 1967 γὰρ
888 1893 1256 1957 κακίας’ἆπαν
1285 1888 1423 1955 εἶδος
1453 1889 1749 1961 ἠρίθμησε,
1785 1891 1880 1976 καὶ

297 1973 408 2044 τῶν
451 1983 912 2041 καταπατούντων
949 1981 1076 2043 τοὺς
1117 1977 1212 2032 τοῦ
1247 1976 1382 2029 Θεοῦ
1423 1976 1619 2044 νόμους
1647 1973 1880 2043 κατηγό-

302 2089 465 2146 ρησεν
495 2069 769 2131 ἁπάντων,
802 2067 1047 2136 ἐπήγαγε
1077 2062 1249 2130 λέγων
1277 2059 1404 2131 περὶ
1434 2058 1612 2112 αὐτῶν
1634 2058 1878 2111 ἐκείνων·

297 2141 524 2220 ὸίτινες
543 2154 610 2208 τὸ
639 2151 928 2219 δικαίωμα
965 2147 1071 2202 τοῦ
1111 2146 1259 2200 Θεοῦ
1291 2145 1561 2214 γνόντες,
1603 2142 1692 2194 ὅτι
1724 2144 1778 2195 οἱ
1810 2141 1882 2195 τὰ

301 2239 544 2294 τοιαῦτα
564 2236 944 2304 πράσσοντες
963 2232 1118 2295 ἄξιοι
1138 2227 1397 2282 θανάτου
1412 2225 1588 2290 εἰσὶν,
1603 2225 1768 2293 οὺμό
1772 2241 1883 2276 νον

303 2323 456 2377 αὐτὰ
473 2321 776 2382 ποιοῦσιν,
790 2317 951 2372 ἀλλὰ
970 2314 1065 2368 καὶ
1089 2309 1536 2366 συνευδοκοῦσι
1557 2308 1682 2374 τοῖς
1697 2307 1883 2376 πράσ-

304 2421 519 2462 (γουσι⁸
577 2402 668 2457 διὸ
701 2400 1158 2467 ἀναπολόγητος
1193 2391 1268 2460 εἷ,
1303 2389 1350 2449 ὦ
1387 2394 1678 2461 ἄνθρωπε.
1721 2393 1884 2462 Ὁρᾷς

303 2491 384 2545 ῧτι
403 2490 491 2544 διὰ
516 2485 667 2561 [Ἰϐθ]
691 2486 850 2539 τοῦτο
875 2482 1049 2544 οὕτως
1075 2475 1248 2542 εἶπεν,
1276 2478 1362 2530 ἵνα
1381 2475 1530 2548 δείξῃ
1557 2474 1882 2561 τοῦτο-ἐκείέ

305 2591 396 2628 νου
439 2559 820 2644 χαλεπώτερον
867 2567 948 2620 δν.
988 2563 1096 2617 Τοῦ
1145 2562 1256 2633 γὰρ
1298 2562 1654 2644 ἁμαρτάνειν,
1691 2559 1754 2611 τὺ
1784 2559 1882 2644 καὶ

307 2641 549 2711 ἐπαινεῖν
581 2655 706 2714 τοὺς
754 2648 1189 2721 ἁμαρτάνοντας,
1220 2644 1354 2697 πολὺ
1397 2642 1582 2714 μεῖζον
1613 2643 1692 2706 είς
1718 2641 1882 2695 κολά-

309 2757 450 2803 σεως
496 2739 684 2807 λόγον’
736 2734 832 2788 καὶ
865 2732 1008 2804 μάλα
1038 2731 1289 2792 εἰκότως·
1337 2726 1739 2799 διεφθαρμένης
1777 2727 1886 2793 γάρ

308 2827 424 2879 ἐστι
451 2821 675 2892 γνώμης
705 2819 800 2873 καὶ
838 2817 1034 2871 ἀνίατα
1072 2813 1333 2883 νοσούσης
1356 2810 1547 2882 αῦτηή
1579 2811 1775 2880 ψῆφος.
1827 2811 1886 2860 '0

313 2909 411 2980 μὲν
460 2905 569 2976 γὰρ
617 2901 756 2974 μετά
806 2898 900 2952 τοῦ
949 2897 1292 2980 πλημμελεῖν
1326 2892 1888 2980 καταγινώσκων-τῆς

311 2976 604 3063 ἀμαρτίας,
644 2985 820 3057 χρόνῳ
851 2982 982 3036 ποτὲ
1011 2981 1203 3035 ἐαυτὸν
1249 2976 1536 3063 δυνήσεται
1580 2977 1889 3063 ἀνακτήσα-

312 3060 467 3128 σθαι-⁸
495 3073 523 3126 6
548 3071 604 3123 δὲ
624 3066 860 3122 ἐπαινῶν
889 3063 1174 3136 πονηρίαν,
1205 3063 1304 3133 τῆς
1333 3063 1398 3113 ἐκ
1431 3060 1525 3112 τοῦ
1559 3060 1888 3130 μετανοῆσαι

312 3154 607 3225 θεραπείας
652 3150 842 3205 ἐαυτὸν
867 3149 1259 3217 ἀπεστέρησεν.
1285 3144 1447 3225 Ὥστε
1487 3143 1710 3205 εἰκότως
1733 3142 1890 3195 τοῦτο

313 3224 521 3294 ἐκείνου
576 3232 954 3307 χαλεπώτερον
1005 3232 1034 3284 6
1090 3228 1302 3291 Παῦλος
1354 3224 1493 3281 εἶναι
1526 3225 1808 3292 ἀπέδειξεν
1837 3225 1886 3277 b.

315 3324 526 3393 Ὥσπερ
557 3317 649 3374 οὖν
681 3320 777 3390 οὐχ
805 3320 853 3370 οἱ
887 3317 956 3370 τὰ
982 3313 1160 3384 φαῦλα
1193 3313 1528 3383 πράσσοντες
1547 3309 1726 3379 μόνον,
1755 3309 1892 3362 ἀλλά

283 3410 408 3462 ’καὶ
444 3408 494 3460 οἱ
543 3404 762 3466 τούτους
821 3397 1278 3470 ἐγκωμιάζοντες,
1331 3397 1430 3465 τῆς
1481 3395 1673 3465 αὐτῆς,
1721 3395 1755 3464 ἦ
1799 3394 1893 3446 καὶ

315 3489 725 3564 χαλεπωτέρας,
757 3484 984 3546 ἐκείνοις
1017 3479 1334 3534 κοινωνοῦσι
1368 3480 1640 3541 κολάσεως
1661 3495 1676 3511 ·
1719 3477 1894 3538 οὕτως

315 3561 364 3630 οἱ
393 3575 520 3638 τοὺς
552 3569 788 3641 ἀγαθοὺς
820 3565 1166 3627 ἐπαινοῦντες
1191 3562 1286 3617 καὶ
1316 3561 1708 3632 θαυμάζοντες,
1753 3579 1891 3632 συμ-

320 3658 575 3731 μεριστα“ι
610 3655 718 3708 τῶν
751 3651 980 3714 ἐκείνοις
1035 3647 1416 3717 ἀποκειμένων
1461 3645 1739 3712 στεφάνων
1765 3645 1890 3698 είσί.

321 3728 431 3796 καὶ
473 3740 627 3794 τοῦτο
663 3739 793 3791 αὐτὸ
823 3734 984 3789 πάλιν
1013 3732 1120 3786 ἀπὸ
1151 3731 1249 3800 τῆς
1297 3729 1519 3800 Γραφῆς
1562 3728 1708 3782 ἐστιν
1745 3729 1892 3784 ἰδεῖν.

320 3827 466 3898 Πρὸς
498 3825 604 3894 γὰρ
629 3822 719 3875 τὸν
776 3817 1028 3890 Ἀϐραὰμ
1054 3814 1430 3884 διαλεγόμενός
1472 3829 1634 3898 φησιν
1664 3815 1693 3865 6
1730 3811 1860 3875 Θεός
1879 3830 1894 3844 ο

319 3894 648 3978 Ε’ύλογήσω
673 3903 812 3970 τοὺς
845 3899 1244 3969 εὐλογοῦντας
1283 3913 1376 3956 σε,
1408 3895 1506 3949 καὶ
1539 3894 1683 3960 τοὺς
1752 3912 1896 3948 κατ-

321 3991 662 4062 αρωμένους
697 4002 772 4041 σε
828 3982 1252 4051 καταράσομαι,
1283 3979 1453 4062 Τοῦτο
1512 3979 1602 4062 καί
1655 3979 1747 4030 ἐπὶ
1789 3978 1899 4032 τῶν

335 4059 717 4146 Ὀλυμπιακῶν
749 4069 974 4139 ἀγώνιον
1006 4064 1299 4135 συμϐαῖνον
1323 4061 1432 4146 ἴδοι
1458 4079 1540 4123 τις
1570 4059 1660 4146 ἀν.
1689 4062 1764 4114 Οὐ
1789 4062 1898 4146 γάρ

322 4163 352 4213 ὁ
383 4144 477 4212 τὸν
507 4156 764 4225 στέφανον
813 4151 1194 4222 περικείμενος
1247 4145 1503 4216 ἀθλητὴς,
1553 4144 1676 4197 οὐδὲ
1708 4147 1737 4197 6
1773 4145 1901 4209 τοὺς

324 4248 521 4305 πόνους
553 4237 840 4310 ὑπομένων
867 4235 960 4288 καὶ
994 4233 1120 4294 τοὺς
1150 4228 1377 4300 ἱδρῶτας
1429 4229 1609 4298 μόνον,
1646 4229 1782 4283 ἀλλά
1805 4233 1900 4282 καὶ

323 4331 354 4382 6
401 4325 719 4396 θαυμαστὴς
766 4321 859 4375 τοῦ
913 4321 1258 4391 νενικηκότος
1309 4319 1408 4371 οὐκ
1454 4315 1641 4384 ὀλίγην
1692 4317 1756 4367 ἐκ
1802 4313 1900 4382 τῆς

324 4411 600 4481 εὐφημίας
658 4409 874 4476 ἐκείνης
919 4404 1223 4475 καρποῦται
1259 4403 1359 4473 τὴν
1413 4400 1626 4472 ἡδονήν.
1680 4399 1780 4450 Διά
1819 4414 1900 4450 τοι

325 4494 484 4548 τοῦτο
510 4491 632 4562 οὐχὶ
668 4489 759 4543 τὸν
787 4492 1030 4558 γενναῖον
1071 4489 1275 4542 ἐκεῖνον
1297 4485 1398 4554 τῆς
1449 4483 1764 4554 φιλοσοφίας
1801 4500 1902 4551 μα-

326 4579 538 4648 καρίζω
559 4577 740 4646 μόνον,
763 4573 898 4626 ἀλλά
923 4573 1015 4626 καὶ
1042 4573 1184 4643 ὑμᾶς
1213 4572 1310 4642 τῆς
1329 4569 1456 4640 περὶ
1477 4568 1639 4621 αὐτὸν
1666 4566 1898 4628 εὐνοίας.

338 4661 632 4714 Ἐπάλαισε
673 4658 770 4728 μὲν
807 4656 912 4727 γὰρ
958 4656 1180 4718 ἐκεῖνος,
1219 4656 1312 4708 καὶ
1340 4654 1580 4722 ἐνίκησε,
1610 4650 1700 4704 καὶ
1749 4651 1900 4702 ἐστε-

327 4744 552 4814 φανώθη
576 4759 591 4775 ο
624 4740 1006 4801 ἐπαινέσαντες
1028 4739 1084 4792 δὲ
1109 4740 1206 4809 τὴν
1235 4739 1391 4808 νίκην
1415 4739 1590 4807 ὑμεῖς,
1615 4735 1676 4787 οὐ
1709 4732 1902 4814 μικρδν

326 4813 421 4882 τοῦ
478 4826 742 4896 στεφάνου
801 4822 966 4894 μέρος
1015 4821 1269 4885 λαϐόντες
1316 4819 1605 4891 ἀπήλθετε.
1663 4818 1759 4870 ”1ν’
1810 4813 1903 4871 οὖν

331 4911 535 4984 μείζων
573 4911 607 4980 ή
638 4906 800 4980 ήδονὴ
839 4907 1061 4976 γένηται
1091 4905 1184 4957 καλ¹
1223 4903 1384 4956 πλέον
1430 4904 1492 4956 τὸ
1523 4900 1756 4984 κέρδοςζ
1767 4899 1903 4984 φέρε

329 4982 425 5050 καὶ
445 4993 513 5047 τά
541 4991 836 5061 λειπόμενα
865 4988 966 5058 τῆς
987 4987 1228 5058 ἱστορίας
1245 4985 1532 5056 ἀποδῶμεν
1553 4985 1700 5055 ὑμῖν.
1721 4982 1904 5037 Εἰπὼν

327 5080 438 5152 γὰρ
472 5081 501 5132 6
526 5077 874 5150 συγγραφεὺς
920 5074 990 5128 τά
1030 5077 1283 5146 ῥήματα,
1320 5071 1403 5158 Δδι’
1437 5065 1512 5158 ὼν
1555 5068 1907 5158 παρῃτήσατο

327 5151 429 5234 τὴν
478 5160 710 5232 σφαγὴν,
771 5160 1069 5230 ἐπήγαγεν,
1123 5158 1204 5209 δτι
1259 5155 1380 5208 Οὐκ
1430 5153 1651 5206 ἔδωκεν
1704 5151 1908 5234 αύτοῐς

326 5232 671 5316 ἀναστῆναι
712 5243 808 5298 καί
858 5239 1205 5298 ἀποκτεῖναι
1242 5237 1349 5292 τὸν
1392 5235 1611 5301 Σαοὺλ,
1642 5232 1780 5304 ὁμοῦ
1814 5232 1908 5284 καὶ

326 5329 430 5400 τὴν
463 5330 687 5384 ἐκείνων
730 5328 1028 5399 ἐπιθυμίαν
1069 5325 1168 5397 τὴν
1221 5323 1352 5396 περὶ
1396 5323 1495 5393 τὴν
1543 5319 1779 5392 σφαγὴν,
1813 5319 1905 5371 καὶ

326 5413 429 5485 τὴν
464 5414 717 5483 ἀνδρείαν
748 5410 847 5483 τὴν
881 5411 1073 5464 τούτου
1119 5406 1290 5472 δεῖξαι
1335 5403 1679 5476 βουλόμενος.
1712 5402 1906 5457 Καίτοι

329 5513 396 5564 γε
430 5496 615 5550 πολλοὶ
645 5495 755 5551 τῶν
784 5495 1015 5566 ἐχθρῶν,
1047 5494 1141 5546 καὶ
1166 5493 1216 5544 οί
1247 5489 1528 5553 δοκοῦντες
1569 5489 1906 5559 φιλοσοφεῖν,

399 5703 427 5766 ξ’
455 5703 550 5766 Alii
571 5703 686 5766 πρὸς
704 5701 958 5766 τὸνΔαυΐδ.

396 5762 431 5808 δ
456 5765 577 5826 Reg.
604 5762 721 5813 εἶναι
748 5764 1094 5822 ἐνομοθέτησεν.

646 5843 919 5903 ΡΔτιιοι..
952 5842 1070 5904 Gn.
1108 5841 1265 5902 LIV.

1301 345 1386 412 DE
1418 349 1669 412 D.\VIDE
1696 343 1797 411 ἘΤ
1843 344 2071 409 SAULE
2115 354 2397 409 ΙΙΟΜΙΙΛΑ
2437 355 2503 410 Il.

3443 363 3550 420 688

1975 471 2078 523 κᾶν
2135 473 2289 524 αὐτοὶ
2333 473 2408 542 μὴ
2449 473 2846 540 καταδέξωνται
2903 479 3150 547 ἀνελεῖν,
3203 481 3293 550 ὑφ’
3348 481 3552 553 ἐτέρων

1967 555 2303 624 ἀναιρεῖσθαι
2337 556 2627 626 μέλλοντας
2658 559 2756 610 οὐκ
2781 558 2846 613 ἂν
2877 561 3081 616 ἕλοιντο
3109 563 3366 618 κωλῦσαι.
3402 566 3461 620 Ὀ
3493 569 3552 622 δὲ

1967 636 2128 721 ιὶαυίδ
2154 638 2253 708 οὐχ
2280 638 2478 702 οὕτως,
2525 641 2638 693 ἀλλ’
2680 640 2869 713 ῶσπερ
2914 645 3036 698 τινὰ
3076 648 3552 721 παρακαταθήκην

1967 718 2167 784 λαϐὼν,
2191 722 2284 774 καὶ
2309 721 2515 792 μέλλων
2555 724 2724 794 αὐτῆς
2764 727 2995 792 εὐθύνας
3029 727 3251 794 διδόναι,
3282 732 3344 785 οὐ
3388 718 3551 803 μόνον

1967 803 2130 888 αὐτδς
2180 805 2278 888 οὐχ
2322 804 2503 874 ἥψατο
2538 806 2632 859 τοῦ
2683 809 2968 879 πολεμίου,
3018 813 3154 866 ἀλλά
3203 816 3300 867 καὶ
3332 816 3554 888 ἐτέρους

1971 885 2326 956 βουλομένους
2375 889 2584 942 ἀνελεῖν
2635 891 2875 945 ἐκώλυσε
2903 935 2918 958 ,
2982 897 3380 966 σωματοφύλαξ
3427 885 3554 952 ’ἀντὶ

1970 968 2231 1037 πολεμίου
2250 971 2540 1040 γενόμενος
2574 975 2665 1025 καὶ
2687 974 2980 1046 δορυφόρος
2999 979 3239 1049 ἄριστος.
3269 982 3431 1034 Ὥστε
3452 983 3553 1036 οὐκ

1969 1051 2034 1104 άν
2058 1069 2143 1115 τις
2177 1052 2411 1122 ἁμάρτοι
2437 1053 2530 1107 τὸν
2552 1055 2716 1108 Δαυῒδ
2745 1059 2944 1127 μᾶλλον
2969 1061 3196 1132 κινδύνῳ
3237 1063 3358 1116 τότε
3399 1083 3554 1136 περι-

1971 1136 2317 1189 πεπτωκέναι
2347 1136 2536 1204 είπὼν,
2564 1138 2597 1209 ἦ
2627 1141 2717 1192 τὸν
2749 1142 2937 1196 Σαούλ.
2970 1145 3042 1196 υὺ
3074 1145 3181 1216 γὰρ
3202 1145 3294 1198 τὸν
3322 1148 3554 1218 τυχόντα

1971 1217 2158 1285 ἀγῶνα
2191 1219 2473 1289 ὑπέμεινε,
2511 1223 2673 1275 παντί
2701 1227 2886 1296 τρόπῳ
2915 1229 3232 1294 σπουδάζων
3253 1217 3420 1284 αὑτὸν
3466 1232 3554 1297 ἐξα

1978 1299 2193 1353 ελέσθαι
2216 1302 2316 1373 τῆς
2357 1303 2648 1376 ἐπιϐουλῆς
2678 1309 2777 1378 τῆς
2799 1312 2926 1380 παρ’
2952 1312 3174 1366 ἐκείνων
3193 1327 3204 1338 ·
3230 1311 3352 1367 ούδέ
3383 1314 3556 1379 οὕτως

1974 1384 2228 1437 ἐδεδοίκει
2257 1387 2464 1454 μέλλων
2491 1390 2656 1454 αὐτὸς
2701 1392 3168 1462 ἀποσφάττεσθαι,
3197 1397 3272 1460 ὡς
3299 1398 3556 1452 ἐδεδοίκει

1979 1467 2186 1538 μήποτε
2202 1469 2308 1522 τῶν
2325 1475 2668 1540 στρατιωτῶν
2693 1492 2776 1538 τις
2799 1478 2979 1542 ἐνδοὺς
2996 1477 3073 1549 τῷ
3095 1479 3250 1550 θυμῷ
3271 1481 3556 1553 διαφθείρῃ

1973 1551 2066 1603 τὸν
2087 1551 2401 1623 ἄνθρωπον·
2441 1555 2532 1608 διὰ
2582 1558 2742 1611 τοῦτο
2773 1561 2868 1612 καὶ
2900 1561 3266 1631 δικαιολογίαν
3299 1551 3559 1634 τοιαύτην

1978 1635 2260 1705 συνέθηκε.
2288 1638 2396 1690 Καὶ
2425 1640 2532 1710 γὰρ
2553 1643 2892 1714 κατηγόρουν
2931 1645 3030 1714 μέν
3059 1647 3257 1700 ἐκεῖνοι
3277 1687 3293 1712 ,
3323 1664 3559 1719 κατηγο-

1978 1722 2123 1787 ρεῖτο
2136 1719 2193 1771 δὲ
2212 1723 2240 1772 6
2261 1721 2560 1786 καθεύδων,
2579 1725 2896 1793 ἀπελογεῖτο
2912 1727 2968 1779 δέ
2985 1730 3012 1782 6
3030 1729 3307 1800 πολέμιος,
3339 1731 3558 1796 ἐδίκαζε

1981 1802 2128 1875 [761]
2160 1807 2216 1859 δέ
2244 1808 2272 1858 6
2291 1806 2445 1873 Θεὸς,
2483 1809 2576 1862 καὶ
2600 1810 2698 1881 τὴν
2729 1811 2822 1864 τοῦ
2856 1811 3016 1865 Δαυῖδ
3043 1813 3222 1884 ψῆφον
3259 1813 3556 1884 ἐκύρωσεν.

1978 1889 2053 1939 Οὐ
2084 1888 2191 1958 γάρ
2233 1889 2360 1942 ἀνευ
2395 1891 2493 1961 τῆς
2542 1892 2636 1944 τοῦ
2680 1893 2816 1947 Θεοῦ
2863 1895 3040 1965 ῥοπῆς
3085 1895 3304 1967 ἴσχυσεν
3337 1897 3404 1950 ἀν
3452 1896 3560 1949 τῶν

1981 1971 2322 2051 μαινομένων
2356 1975 2581 2027 ἐκείνων
2629 1979 3043 2048 περιγενέσθαι·
3081 1979 3198 2034 ἀλλ’
3243 1982 3277 2051 ή
3304 1979 3398 2033 τοῦ
3424 1976 3562 2032 Θεοῦ

1979 2052 2140 2122 χάρις
2160 2048 2230 2125 ἦν
2261 2056 2430 2124 ήτοῖς
2471 2058 2706 2126 χείλεσιν
2745 2060 3095 2132 ἐγκαθημένη
3126 2061 3220 2115 τοῦ
3255 2048 3559 2132 προφήτου,

1981 2137 2074 2188 καὶ
2096 2137 2269 2190 πειθώ
2297 2156 2418 2192 τινα
2448 2140 2614 2193 δοῦσα
2647 2145 2761 2205 τοῖς
2796 2145 3034 2214 ῥήμασιν
3076 2146 3326 2209 ἐκείνοις.
3360 2147 3436 2199 Οὐ
3472 2163 3562 2216 μιο
3597 2207 3604 2214 _

1981 2219 2112 2289 κρὸν
2134 2220 2189 2273 δέ
2221 2222 2316 2274 καὶ
2357 2225 2386 2276 6
2425 2223 2588 2276 Δαυῒδ
2619 2225 2967 2280 συνεϐάλετο’
3013 2228 3200 2299 ἐπειδὴ
3222 2229 3330 2300 γὰρ
3363 2230 3563 2292 αὐτοὺς

1980 2303 2072 2354 τὸν
2104 2301 2411 2376 ἔμπροσθεν
2435 2308 2625 2375 χρόνον
2663 2307 2836 2373 οὓτως
2866 2309 3139 2374 ἐπαίδευε,
3175 2311 3262 2365 διὰ
3302 2311 3460 2364 τοῦτο
3503 2313 3562 2364 ἐν

1981 2384 2056 2454 τῷ
2089 2386 2268 2458 καιρῷ
2313 2387 2422 2442 τῶν
2451 2389 2677 2457 ἀγώνων
2705 2395 3257 2464 παρεσκευασμένους
3300 2387 3427 2464 εὗρε
3468 2395 3564 2448 καὶ⁹

1982 2470 2248 2532 εἴκοντας.
2283 2471 2358 2524 Οὐ
2382 2473 2491 2543 γάρ
2512 2473 2590 2537 ώς
2621 2477 2924 2548 στρατηγὸς
2955 2479 3322 2549 στρατιωτῶν,
3358 2479 3566 2542 ἀλλ’ὡς

1986 2551 2184 2622 ἱερεὺς,
2215 2552 2387 2616 οὕτως
2433 2557 2614 2610 αὐτῶν
2645 2561 3021 2631 προειστήκει,
3057 2565 3152 2615 καὶ
3177 2557 3246 2632 ἦν
3298 2561 3567 2632 ἐκκλησία

1983 2635 2044 2687 τὸ
2069 2635 2331 2706 σπήλαιον
2362 2640 2536 2692 ἐκεῖνο
2570 2639 2774 2696 λοιπόν.

2054 2725 2163 2777 Καὶ
2197 2725 2306 2796 γὰρ
2341 2726 2528 2800 ὥσπερ
2561 2747 2645 2794 τις
2679 2733 2981 2804 ἐπισκοπὴν
3021 2733 3220 2803 λαχὼν,
3259 2733 3401 2786 οὕτω
3430 2733 3567 2804 πρὸς

1986 2812 2184 2876 αὐτοὺς
2230 2815 2523 2886 ἐποιήσατο
2569 2817 2821 2888 ὁμιλίανο
2872 2820 2966 2871 καὶ
3023 2820 3163 2891 μετὰ
3205 2820 3304 2891 τὴν
3351 2821 3563 2892 ὁμιλίαν

1986 2899 2189 2970 ταύτην
2246 2902 2438 2955 θυσίαν
2490 2905 2759 2975 ἀνήνεγκε
2813 2905 3136 2978 θαυμαστήν
3176 2924 3300 2961 τινα
3338 2909 3433 2961 καὶ
3457 2924 3567 2960 πα-

1988 2987 2229 3056 ράδοξον,
2285 2989 2346 3042 οὐ
2383 2990 2580 3062 μόσχον
2629 2991 2961 3061 καταθύσας,
3006 2994 3107 3047 οὐκ
3161 2994 3346 3064 ἀρνίον
3395 3011 3568 3048 κατα-

1990 3076 2236 3144 σφάξας,
2300 3077 2452 3144 ὰλλ’,
2503 3078 2532 3131 ὃ
2587 3079 2765 3151 πολλῷ
2821 3081 3027 3135 τούτων
3085 3081 3410 3153 τιμιώτερον
3455 3078 3523 3154 ἦν
3548 3122 3566 3149 ,

1989 3166 2273 3236 πραότητα
2304 3168 2399 3221 καὶ
2432 3167 2731 3222 ἐπιείκειαν
2771 3169 2995 3234 ἀναθεὶς
3024 3170 3104 3241 τῷ
3158 3169 3296 3241 Θεῷ,
3332 3172 3429 3224 καὶ
3477 3170 3568 3225 τὸν

1990 3252 2180 3321 ἄλογον
2214 3253 2526 3318 καταθύσας
2552 3255 2742 3327 θυμὸν,
2775 3258 2868 3310 καὶ
2897 3257 2997 3328 τὴν
3029 3257 3200 3330 ὀργὴν
3221 3259 3566 3325 ἀποκτείνας,

1991 3341 2084 3393 καὶ
2121 3340 2401 3412 νεκρώσας
2433 3343 2502 3396 τά
2539 3342 2674 3414 μέλη
2711 3344 2778 3397 τὰ
2803 3345 2896 3398 ἐπὶ
2928 3347 3030 3416 τῆς
3058 3346 3182 3416 γῆς.
3210 3347 3321 3399 Καὶ
3354 3346 3572 3416 ἐγένετο

1990 3429 2150 3494 αὐτὸς
2175 3431 2268 3483 καὶ
2302 3431 2345 3482 ίε
2356 3433 2516 3500 ρεῖον,
2542 3433 2634 3485 καὶ
2661 3433 2862 3504 ἱερεὺς,
2885 3435 2981 3488 καὶ
3011 3434 3491 3508 θυσιαστήριον.”0
3511 3453 3574 3490 τε

1992 3517 2100 3587 γάρ
2126 3518 2504 3589 προσενεγκὼν
2530 3520 2629 3589 τὴν
2657 3521 2941 3592 πραότητα
2981 3524 3077 3577 καὶ
3123 3524 3223 3594 τὴν
3272 3523 3574 3578 ἐπιείκειαν

1991 3604 2284 3674 λογισμὸς,
2332 3607 2367 3676 ἥ
2415 3623 2474 3658 τε
2525 3606 2794 3662 ἐπιείκεια
2850 3612 2944 3664 καὶ
2995 3613 3030 3682 ἡ
3091 3611 3336 3682 πραότης
3387 3611 3483 3666 καὶ
3537 3612 3572 3681 ή

1993 3690 2193 3760 καρδία
2214 3732 2229 3755 ,
2279 3692 2338 3744 ἐν
2431 3691 2604 3747 ταῦτα
2635 3697 3006 3769 προσεφέρετο
3027 3737 3044 3762 ,
3089 3700 3306 3754 ἅπαντα
3345 3694 3413 3772 ἦν
3443 3696 3574 3769 παρ’

1995 3778 2144 3848 αὐτῷ
2172 3789 2219 3831 ο.

2069 3865 2128 3935 β’.
2171 3866 2320 3919 Ἐπεὶ
2344 3861 2437 3922 οὖν
2465 3871 2805 3942 προσήνεγκε
2826 3869 2925 3942 τὴν
2955 3873 3122 3944 καλὴν
3135 3871 3338 3944 ταύτην
3357 3871 3572 3936 θυσίαν,

1998 3954 2093 4007 καὶ
2115 3953 2213 4025 τὴν
2259 3955 2413 4027 νίκην
2439 3957 2730 4029 ἀπήρτισε,
2767 3961 2860 4012 καὶ
2895 3960 3046 4015 οὐδὲν
3105 3960 3184 4031 τῷ
3213 3960 3458 4035 τροπαίῳ
3490 3961 3576 4013 ἐν-

2001 4041 2202 4107 έλιπεν,
2226 4042 2424 4113 ἀνέστη
2475 4043 2660 4098 λοιπὸν
2712 4047 2746 4116 ή
2800 4045 2908 4098 τῶν
2956 4046 3182 4116 ἀγώνων
3232 4045 3488 4108 ὑπόθεσις
3546 4047 3578 4098 ὁ

2002 4128 2194 4193 Σαοὺλ,
2235 4129 2330 4183 καὶ
2364 4129 2588 4200 ἐξῆλθεν
2620 4131 2729 4184 ἀπὸ
2764 4131 2860 4185 τοῦ
2896 4134 3182 4205 σπηλαίου,
3213 4133 3320 4187 τῶν
3349 4149 3578 4202 γεγενη-

2005 4215 2179 4284 μένων
2209 4217 2360 4271 οὐδὲν
2383 4217 2559 4282 εἰδώς.
2590 4219 2782 4290 Ἐξῄει
2811 4220 2877 4274 δὲ
2901 4222 2999 4275 καὶ
3032 4225 3065 4276 d
3096 4221 3277 4276 Δαυῒδ
3300 4221 3573 4284 ὄπισθεν,

2001 4305 2304 4376 ἐλευθέροις
2328 4305 2513 4360 λοιπὸν
2543 4308 2840 4380 ὀφθαλμοῖς
2877 4311 3013 4382 πρὸς
3059 4311 3149 4364 τὸν
3178 4311 3405 4382 οὐρανὸν
3455 4310 3576 4381 βλέ·

2003 4411 2139 4458 πων,
2173 4395 2267 4446 καὶ
2292 4395 2490 4464 μᾶλλον
2515 4398 2637 4450 τότε
2663 4397 3016 4469 γαννύμενος,
3050 4400 3083 4471 ἢ
3126 4400 3215 4453 ὅτε
3261 4399 3352 4452 τὸν
3383 4397 3576 4452 Γολιάθ

2002 4484 2325 4552 κατήνεγκε,
2361 4485 2454 4536 καὶ
2472 4484 2572 4552 τὴν
2604 4485 2699 4537 τοῦ
2735 4485 3009 4557 βαρϐάρου
3043 4486 3283 4558 κεφαλὴν
3313 4485 3574 4555 ἀπέτεμε.

2003 4571 2111 4625 Καὶ
2159 4571 2269 4642 γάρ
2292 4571 2430 4643 αὕτη
2464 4573 2818 4646 λαμπροτέρα
2863 4577 3078 4647 ἐκείνης
3117 4577 3150 4647 ἡ
3194 4576 3342 4648 νίκη,
3383 4575 3478 4629 καὶ
3509 4575 3580 4628 τά

2003 4657 2218 4732 λάφυρα
2243 4661 2564 4732 σεμνότερα,
2593 4662 2688 4716 καί⁸
2710 4663 2779 4715 τά
2803 4663 2977 4717 σκῦλα
3006 4664 3462 4735 περιφανέστερα,
3484 4663 3578 4716 καὶ

2003 4749 2064 4798 τὸ
2084 4749 2344 4819 τρόπαιον
2373 4748 2728 4819 ἐνδοξότερον.
2782 4750 2925 4804 Ἐκεῖ
2955 4752 3052 4820 μὲν
3077 4753 3185 4823 γὰρ
3226 4751 3320 4805 καὶ
3363 4750 3578 4820 σφενδό-

2005 4853 2102 4906 νης
2137 4835 2324 4908 ἐδεήθη
2371 4840 2464 4891 καὶ
2512 4837 2674 4892 λίθων
2707 4840 2801 4891 καὶ
2833 4837 3221 4910 παρατάξεωςο
3262 4838 3493 4891 ἐνταῦθα
3521 4837 3580 4888 δέ

2007 4924 2181 4977 πάντα
2209 4925 2237 4976 6
2264 4925 2519 4996 λογισμὸς
2549 4927 2778 4994 ἐγίνετο,
2810 4928 2905 4980 καὶ
2963 4931 3131 4999 χωρὶς
3179 4927 3360 4981 ὃπλων
3393 4927 3426 4997 ὴ
3453 4925 3577 4994 νίκη

2009 5013 2354 5086 κατωρθοῦτο
2381 5013 2430 5079 ἀ,
2479 5017 2571 5069 καί¹
2609 5017 2879 5086 ἀναιμωτὶ
2930 5015 2992 5068 τὸ
3042 5017 3301 5086 τρόπαιον
3365 5016 3575 5069 ἵστατο.

2022 5102 2275 5173 Ἐπανῄει
2312 5104 2490 5157 τοίνυν
2517 5105 2639 5175 ούχὶ
2670 5104 2909 5175 κεφαλὴν
2941 5101 3225 5174 βαστάζων
3261 5101 3540 5174 βαρϐάρου
3563 5141 3578 5164 ,

2009 5189 2146 5242 ἀλλά
2172 5189 2340 5260 θυμὸν
2355 5192 2756 5262 νενεκρωμένον
2773 5194 2864 5246 καὶ⁸
2883 5192 3054 5262 ὀργὴν
3072 5191 3576 5263 ἐκνενευρισμένην·

2012 5279 2105 5330 καὶ
2139 5277 2312 5330 ταῦτα
2343 5279 2442 5331 οὐκ
2477 5281 2557 5342 είς
2583 5279 2680 5350 τὴν
2720 5278 3072 5349 Ἰερουσαλὴμ
3125 5277 3358 5332 ἀνετίθει
3397 5276 3467 5330 τὰ
3493 5277 3578 5331 λά·

2011 5381 2178 5435 φυρα,
2198 5365 2323 5437 ’ἀλλ’
2352 5368 2432 5430 είς
2459 5365 2550 5419 τὸν
2583 5366 2813 5438 οὐρανὸν
2848 5365 2942 5419 καὶ
2979 5365 3078 5437 τὴν
3115 5367 3228 5420 ἄνω
3260 5364 3436 5418 πόλιν.
3466 5363 3579 5416 Νῦν

2011 5451 2132 5522 οὐχὶ
2155 5453 2412 5520 γυναῖκες
2440 5451 2761 5522 χορεύουσαι
2793 5451 3073 5522 ἀπήντων,
3119 5452 3241 5512 ταῖς
3282 5447 3579 5520 εὐφημίαις

2079 5637 2100 5664 ε
2129 5626 2273 5688 Regii
2294 5627 2392 5675 duo
2430 5628 2541 5690 παρ’
2583 5625 2750 5676 αὐτοῦ.
2788 5626 2898 5678 Mox
2924 5627 3072 5677 iidem
3101 5625 3235 5674 οὐδὲν
3263 5625 3332 5689 τῷ
3350 5621 3580 5687 τροπαίῳ,

2015 5693 2143 5747 Edili
2177 5689 2272 5752 τῶν
2301 5688 2555 5752 τροπαίων.

2082 5757 2108 5795 d
2132 5750 2274 5814 Regii
2295 5750 2444 5801 iidem
2454 5751 2753 5814 κατώρθωτό.
