4038 6360
390 258 493 313 889

386 467 759 536 applaudehat,
785 469 1053 524 admirans
1081 470 1196 539 ejus
1226 470 1615 539 philosophiam
1646 480 1700 524 et
1725 470 1969 524 humani-

387 566 571 611 tatem.
598 559 852 612 Ascendit
872 558 1012 613 enim
1036 559 1189 615 hoste
1214 560 1519 615 vulneribus
1542 562 1833 616 innumeris
1853 576 1976 615 sau-

382 649 522 701 ciato
546 689 561 712 ,
590 658 650 702 ut
678 650 767 717 qui
808 651 1014 705 tametsi
1042 660 1311 706 servasset
1335 651 1589 716 Saulem,
1618 662 1794 706 tamen
1822 652 1970 706 illum

380 753 571 793 revera
599 739 804 794 hosmm
832 740 1100 795 diabolum
1134 742 1312 797 multis
1339 741 1507 811 plagis
1547 741 1789 796 confixit.
1821 741 1972 797 Sicut

381 831 525 884 enim
568 831 720 885 nobis
768 847 862 900 per
907 833 1232 889 iracundiam
1280 835 1415 890 inter
1444 849 1541 889 nos
1578 835 1967 904 pugnantibus,

380 935 433 978 et
458 935 641 979 mutuo
666 926 914 981 conflictu
943 928 1169 991 collisis,
1211 930 1299 984 ille
1330 939 1437 984 tum
1478 931 1708 999 gaudet,
1742 941 1851 987 tum
1880 934 1971 987 lae-

372 1021 564 1068 tatur:
595 1016 666 1069 ita
711 1016 864 1071 nobis
906 1030 1089 1087 pacem
1130 1027 1187 1073 et
1229 1020 1566 1075 concordiam
1610 1020 1964 1091 habentibus,

378 1106 617 1175 iramque
644 1108 1045 1164 moderantibus
1066 1151 1080 1175 ,
1114 1125 1299 1164 rursus
1328 1112 1658 1167 contrahitur
1682 1128 1745 1167 ac
1779 1113 1965 1183 dejici-

379 1207 479 1263 tur,
508 1200 757 1254 nimirum
789 1200 963 1256 hostis
990 1202 1137 1272 pacis
1164 1213 1217 1258 et
1240 1204 1491 1259 inimicus
1526 1206 1829 1261 concordia:
1855 1247 1871 1271 ,
1913 1221 1967 1266 et

374 1292 586 1346 invidia:
627 1302 796 1362 pater.
844 1294 1104 1364 Egressus
1150 1305 1233 1350 est
1277 1297 1436 1366 igitur
1480 1298 1681 1365 David,
1724 1298 1962 1354 dextram

374 1384 515 1437 illam
546 1386 703 1439 totius
731 1386 873 1440 orbis
896 1388 1065 1455 pretio
1088 1404 1267 1457 parem
1291 1391 1443 1443 simul
1469 1405 1588 1444 eum
1615 1392 1787 1460 capite
1806 1407 1961 1446 coro-

368 1486 549 1530 natam
576 1487 808 1546 gestans.
842 1478 990 1532 Sicut
1017 1482 1157 1534 enim
1199 1496 1341 1550 saepe
1372 1482 1719 1551 Imperatores
1744 1498 1926 1537 eorum
1944 1527 1958 1550 ,

376 1570 466 1637 qui
497 1570 708 1639 egregie
744 1585 804 1624 se
835 1572 885 1624 in
916 1572 1148 1640 pugilum
1179 1576 1471 1629 certamine
1501 1586 1807 1646 gesserunt,
1835 1592 1960 1633 ante

368 1671 527 1729 caput
567 1673 825 1717 coronant
869 1665 1109 1719 dextram
1156 1676 1248 1721 aut
1292 1668 1483 1737 pugilis
1531 1677 1623 1722 aut
1666 1672 1961 1738 pancratia-

367 1762 465 1806 st:e
492 1750 571 1824 (α)
607 1756 717 1809 :ita
763 1766 815 1810 et
857 1757 995 1811 Deus
1039 1774 1253 1824 manum
1298 1760 1440 1813 illam
1486 1762 1801 1827 coronavit,
1838 1778 1956 1831 qua:

360 1846 596 1914 gladium
628 1863 816 1916 purum
845 1850 1076 1917 potuerit
1098 1851 1346 1919 educere,
1371 1867 1657 1922 ensemque
1683 1856 1789 1909 Deo
1817 1857 1958 1910 nullo

368 1935 624 2004 sanguine
663 1939 1079 1993 contaminatum
1102 1941 1385 1996 ostendere
1408 1984 1422 2005 ,
1451 1942 1679 2013 denique
1704 1945 1957 2001 adversus

367 2036 566 2079 tantam
597 2027 884 2083 iracundia:
931 2033 1217 2098 procellam
1254 2034 1527 2089 resistere.
1555 2035 1669 2089 Non
1711 2052 1957 2106 egressus

360 2127 445 2171 est
466 2125 685 2187 gestans
709 2120 883 2174 Saulis
912 2121 1153 2176 diadema
1177 2165 1192 2189 ,
1224 2124 1317 2177 sed
1344 2140 1591 2194 egressus
1621 2134 1703 2179 est
1741 2140 1954 2195 gestans

362 2230 612 2269 coronam
633 2216 884 2285 justitiae;
912 2227 1018 2272 nan
1047 2233 1292 2288 egressus
1317 2229 1399 2275 est
1426 2229 1639 2289 gestans
1664 2223 1807 2292 regis
1830 2238 1953 2291 pur-

359 2324 579 2377 purcam
616 2322 837 2376 vestem,
870 2311 964 2366 sed
997 2326 1243 2381 egressus
1276 2322 1359 2367 est
1381 2313 1604 2368 amictus
1628 2312 1954 2369 humanitate

362 2409 602 2454 naturam
627 2400 911 2455 humanam
933 2410 1241 2473 superante,
1265 2401 1404 2472 quod
1429 2403 1643 2473 pallium
1666 2410 1747 2459 est
1769 2405 1953 2473 quavis

361 2490 496 2544 stola
526 2492 968 2562 magnificentius.

432 2586 636 2653 Confert
662 2586 903 2641 Devidem
931 2604 1042 2640 cum
1067 2587 1222 2641 tribus
1245 2590 1426 2655 pueris.
1451 2587 1601 2641 Nihil
1624 2589 1776 2642 tutius
1801 2605 1952 2658 quam

362 2697 566 2748 parcere
585 2680 809 2733 inimico.
827 2680 1176 2750 —Egressus
1202 2690 1283 2733 cst
1308 2697 1336 2734 e
1361 2681 1631 2750 spelunca,
1662 2689 1802 2734 tanta
1828 2696 1948 2735 cum

359 2773 525 2839 gloria
546 2813 559 2833 ,
598 2786 719 2826 cmn
757 2779 953 2841 quanta
982 2781 1088 2826 tres
1114 2773 1261 2840 pueri
1289 2773 1486 2841 egressi
1518 2780 1642 2825 sunt
1683 2787 1714 2826 e
1742 2771 1950 2825 camino

359 2864 600 2917 ardente.
647 2862 777 2917 Nam
810 2873 868 2917 ut
897 2863 1017 2917 illos
1050 2878 1155 2917 non
1201 2863 1402 2917 exussit
1433 2863 1567 2933 ignis
1589 2902 1604 2926 ,
1634 2863 1705 2917 ita
1738 2863 1822 2917 hic
1844 2878 1947 2917 non

362 2953 713 3023 conflagravit
740 2954 833 3006 ira:
866 2953 1131 3008 incendio.
1176 2953 1244 3007 Et
1284 2955 1384 3009 illis
1411 2954 1624 3022 quidem
1652 2954 1782 3008 foris
1816 2953 1947 3009 niliil

360 3046 527 3114 ignis,
556 3045 605 3097 in
633 3060 738 3113 quo
762 3045 1141 3110 versabantur,
1175 3050 1353 3099 nocuit
1374 3042 1548 3115 (Dan.
1571 3046 1643 3117 '5)
1674 3066 1687 3101 :
1711 3047 1795 3101 hic
1818 3062 1946 3101 vero

360 3152 481 3191 cum
511 3138 652 3192 intus
679 3136 902 3191 haberet
940 3137 1198 3191 carbones
1226 3152 1483 3192 accensos
1507 3180 1522 3203 ,
1555 3154 1673 3191 cum
1705 3138 1833 3192 foris
1864 3141 1942 3192 vi-

360 3230 508 3284 deret
527 3230 793 3284 diabolum
814 3230 1078 3283 caminum
1102 3229 1492 3294 incendentem,
1518 3230 1583 3282 ab
1605 3230 1800 3283 inimici
1822 3245 1949 3284 con-

358 3333 564 3393 SpCClu,
586 3323 653 3377 ab
671 3324 1040 3378 exhortatione
1060 3323 1306 3387 militum,
1330 3339 1357 3377 a
1378 3322 1624 3379 facilitate
1640 3323 1944 3392 perficiendi

366 3417 589 3481 «aedem,
611 3432 641 3470 a
667 3415 951 3471 solitudine
970 3431 1152 3469 eorum
1175 3415 1263 3484 qui
1280 3417 1421 3469 Sauli
1444 3426 1662 3484 possent
1682 3415 1943 3477 auxiliari,

359 3522 386 3558 a
421 3507 809 3575 prmteritorum
842 3506 1094 3559 memoria
1121 3547 1135 3570 ,
1180 3520 1209 3557 a
1252 3504 1549 3558 futurorum
1593 3506 1942 3574 periculorum

356 3601 501 3646 metu
533 3591 825 3661 (siquidem
859 3595 972 3645 ha-c
1016 3600 1069 3643 et
1093 3590 1403 3649 sarmentis,
1434 3590 1579 3658 pice,
1617 3590 1855 3657 stipulis,
1885 3607 1946 3645 ac

356 3683 564 3737 caneris
594 3682 868 3744 omnibus,
901 3682 1093 3751 quibus
1123 3683 1360 3736 caminus
1391 3681 1479 3736 ille
1510 3681 1828 3751 Babylonius
1867 3682 1944 3734 in-

360 3774 706 3839 eendebatur,
735 3773 1047 3827 lucidiorem
1071 3772 1372 3827 excitabant
1398 3772 1663 3826 flammam
1683 3772 1702 3843 )
1723 3815 1737 3839 ,
1766 3782 1941 3827 tamen

359 3884 465 3922 non
502 3868 700 3923 exarsit
731 3867 915 3933 David,
944 3882 1118 3936 neque
1144 3866 1250 3920 ullo
1288 3876 1442 3935 pacto
1469 3867 1545 3920 sic
1575 3866 1672 3920 fuit
1700 3865 1937 3931 allectus,

359 3971 415 4015 ut
438 3968 852 4016 consentaneum
880 3967 995 4013 erat
1019 3973 1139 4013 eum
1164 3957 1303 4013 effici
1329 3977 1340 4012 :
1366 3958 1459 4013 sed
1484 3959 1646 4012 exivit
1677 3973 1859 4027 purus,
1890 3967 1945 4012 ct

358 4054 578 4109 intuitus
604 4052 803 4107 inimici
826 4052 1036 4118 faciem,
1062 4052 1186 4108 hinc
1205 4053 1435 4108 maxime
1458 4054 1683 4121 sumpsit
1707 4054 1941 4108 animum

360 4148 547 4202 fortem
595 4162 657 4201 ac
700 4145 1146 4216 pliiloSOphicum.
1194 4143 1326 4199 Cum
1374 4146 1516 4199 enim
1552 4145 1756 4199 videret
1793 4145 1943 4199 illum

358 4238 633 4301 dormire,
677 4254 739 4292 ac
767 4253 984 4291 manere
1030 4238 1357 4292 immobilem
1385 4278 1399 4300 ,
1442 4251 1614 4305 neque
1657 4236 1940 4306 quidquam

359 4343 516 4394 posse
544 4326 739 4392 facere,
770 4343 869 4382 suo
897 4343 1017 4382 cum
1048 4328 1225 4380 animo
1254 4327 1503 4391 loquutus
1525 4335 1606 4381 est
1634 4343 1649 4377 :
1682 4327 1767 4380 ubi
1801 4342 1942 4381 nunc

357 4420 446 4473 ille
470 4420 653 4473 furor?
676 4419 763 4474 ubi
786 4420 869 4473 illa
902 4419 1133 4472 malitia?
1155 4418 1239 4473 ubi
1265 4426 1339 4472 tot
1358 4420 1586 4485 technaa,
1612 4426 1688 4472 tot
1710 4418 1940 4473 insidiae?

359 4511 616 4565 Abierunt
635 4512 809 4565 omnia
836 4511 946 4575 illa,
974 4512 1348 4581 perieruntque
1368 4509 1541 4579 exigui
1564 4511 1735 4564 somni
1765 4510 1940 4564 incur-

357 4620 419 4658 su
446 4622 456 4656 :
483 4603 623 4672 jacet
648 4604 894 4673 alligatus
921 4619 1045 4669 rex,
1078 4619 1198 4657 cum
1240 4602 1370 4656 nihil
1404 4601 1592 4656 horum
1625 4616 1724 4656 nos
1767 4618 1937 4671 neque

355 4696 782 4766 cogitaverimus,
807 4710 976 4763 neque
994 4694 1391 4763 perfecerimus.
1406 4691 1778 4762 Conspiciebat
1794 4693 1937 4747 illum

354 4790 795 4853 dorm.entem,ac
810 4788 874 4841 de
891 4796 1058 4840 morte
1072 4786 1315 4840 omnibus
1330 4786 1593 4839 communi
1609 4783 1944 4853 philosopha-

354 4880 529 4935 batur.
571 4878 801 4935 Somnus
833 4878 973 4931 enim
996 4876 1123 4930 nihil
1151 4877 1291 4930 aliud
1313 4888 1415 4939 est,
1440 4892 1597 4945 quam
1626 4892 1769 4930 mors
1806 4886 1941 4931 tem-

362 4972 572 5041 poraria
597 5012 612 5038 ,
644 4980 698 5025 et
720 4967 1057 5039 quotidianus
1098 4968 1362 5022 interitus.
1394 4968 1543 5021 llaud
1568 4969 1940 5037 intempestive

354 5064 475 5133 quis
513 5062 597 5117 hic
639 5060 940 5116 meminerit
981 5061 1139 5113 etiam
1182 5059 1432 5115 Daniclis.
1482 5060 1935 5125 Quemadmodum

355 5157 499 5210 enim
521 5154 608 5209 ille
627 5154 865 5208 ascendit
884 5168 914 5206 a
936 5152 1052 5206 lacu
1079 5152 1339 5221 superatis
1362 5151 1487 5207 feris
1514 5151 1752 5206 leonibus
1775 5151 1934 5219 (Dan.

357 5251 469 5318 M)
502 5291 517 5316 ,
551 5250 621 5303 ita
652 5258 707 5303 et
746 5249 832 5303 hic
871 5264 901 5304 c
936 5263 1102 5317 specu
1145 5248 1378 5316 prodiit,
1405 5246 1521 5300 aliis
1559 5247 1741 5300 bestiis
1786 5246 1940 5314 longe

356 5341 670 5395 srevioribus
709 5340 954 5394 devictis.
984 5339 1113 5393 Nam
1154 5337 1293 5392 sicut
1327 5328 1470 5406 justo
1497 5337 1573 5391 illi
1609 5338 1790 5392 leones
1818 5337 1939 5389 hinc

359 5443 519 5505 atque
545 5433 671 5488 hinc
695 5432 1016 5499 assidebam,
1049 5432 1120 5486 ita
1149 5429 1290 5485 hunc
1316 5429 1560 5483 omnibus
1586 5428 1829 5483 leonibus
1856 5426 1936 5481 ef-

414 5612 493 5723 ἇα)
530 5612 860 5683 ιῖδῃοτθῑῐθειω
884 5616 1024 5659 erant
1043 5607 1144 5679 qui.
1166 5608 1213 5655 in
1238 5602 1489 5675 pentathlo
1527 5615 1616 5673 seu
1641 5604 1689 5651 in
1793 5602 1939 5673 inque

360 5677 411 5723 lu
446 5678 489 5725 is
512 5680 722 5722 victores
743 5672 954 5731 fuerant,
978 5671 1042 5734 de
1067 5670 1243 5734 quibus
1270 5666 1405 5734 ludis
1436 5664 1656 5734 pluribus
1679 5614 1941 5734 eainsula

362 5734 487 5785 libro
504 5736 567 5788 de
583 5733 887 5799 Antiquitate
910 5727 1251 5795 explanatione
1268 5738 1320 5779 et
1342 5727 1667 5779 schematibus
1686 5727 1937 5776 illustrata.

1412 256 1509 316 DE
1550 260 1803 317 DAVIDE
1844 257 1932 315 ET
1964 259 2197 319 ’SAULE
2237 265 2509 327 HOMILIA
2557 273 2620 329 ll.

387 372 535 429 illum
564 389 685 429 ettm
713 376 977 443 laudibus,
1004 377 1097 431 sed
1125 377 1431 447 angelorum
1464 378 1686 447 populus
1706 393 1736 433 e
1761 377 1973 434 sublimi
1998 368 1999 371 “

2082 378 2361 439 feratiores
2386 401 2449 441 ac
2471 389 2754 445 validiores
2780 394 2939 449 animi
2966 405 3141 453 motus
3167 397 3474 457 invaserunt
3502 422 3515 457 :
3539 405 3666 461 hinc

2082 470 2374 543 indignatio
2404 478 2471 533 de
2501 484 2804 551 praeteritis,
2837 486 2983 542 illinc
3002 488 3296 546 futurorum
3326 506 3538 551 metus:
3570 514 3665 553 vc-

2076 582 2198 621 rum
2230 570 2418 625 horum
2446 583 2725 647 utrumque
2754 578 2840 634 hic
2863 584 3119 649 coercuit,
3151 600 3241 639 ora
3272 587 3455 642 bestiis
3481 588 3663 646 occlu-

2079 657 2230 725 dens,
2261 661 2391 729 ipsis
2422 663 2568 720 factis
2592 666 2791 724 docens
2810 711 2825 732 ,
2848 671 2980 726 nihil
3008 688 3128 730 esse
3156 678 3317 732 tutius
3346 695 3506 749 quam
3534 696 3659 750 par-

2071 766 2203 838 cere
2226 756 2461 820 inimico,
2493 768 2677 814 contra
2708 762 2835 816 nihil
2866 765 3233 833 periculosius,
3257 784 3414 838 quam
3443 786 3501 826 se
3521 773 3659 827 velle

2076 837 2255 891 ulcisci
2277 854 2339 893 ac
2366 841 2647 897 vindictam
2670 859 2900 902 sumere.
2930 848 3079 904 Alter
3105 851 3262 919 igitur
3278 837 3373 923 qui
3402 864 3660 911 statuerat

2077 927 2325 985 invadere
2350 974 2363 997 ,
2396 933 2568 987 nudus
2611 945 2663 990 et
2705 936 2921 993 inermis
2946 980 2960 1003 ,
2990 941 3340 1013 omnibusque
3368 945 3656 1003 destitutus

2074 1020 2283 1075 auxiliis
2304 1038 2407 1076 non
2430 1024 2584 1079 aliter
2603 1041 2759 1095 quam
2783 1031 3020 1097 captivus
3043 1032 3093 1085 in
3118 1049 3303 1088 manus
3326 1036 3523 1090 inimici
3546 1047 3655 1091 tra-

2072 1110 2213 1165 ditus
2249 1112 2459 1180 jacebat
2490 1132 2503 1166 :
2536 1116 2620 1170 hic
2660 1134 2786 1172 vero
2829 1119 2953 1173 dum
3000 1123 3186 1189 cedit,
3235 1134 3288 1179 et
3328 1126 3522 1195 ubique
3564 1128 3656 1181 dat

2071 1200 2266 1269 locum,
2294 1204 2521 1276 dumque
2549 1224 2614 1262 ne
2637 1208 2779 1277 juste
2804 1212 3016 1279 quidem
3053 1215 3164 1269 vult
3185 1231 3371 1270 manus
3398 1218 3652 1287 injicere,

2069 1296 2185 1350 sine
2210 1297 2489 1363 machinis,
2522 1301 2637 1354 sine
2663 1305 2827 1357 armis
2846 1346 2859 1369 ,
2895 1306 3008 1360 sine
3034 1308 3269 1376 equitatu
3287 1351 3301 1372 ,
3330 1310 3449 1365 sine
3474 1312 3655 1365 militi-

2068 1387 2184 1450 bus,
2218 1390 2422 1443 hostem
2453 1392 2501 1443 iu
2536 1402 2852 1460 potestatem
2884 1411 3033 1450 suam
3054 1400 3297 1467 accepit;
3328 1408 3381 1454 et
3405 1400 3543 1469 quod
3570 1410 3653 1455 est

2062 1479 2301 1532 omnium
2335 1482 2655 1546 maximum,
2691 1484 2855 1539 Deum
2894 1501 3017 1556 erga
3059 1503 3118 1543 se
3158 1488 3651 1546 benevolentiorem

2067 1570 2317 1625 reddidit.

2135 1663 2187 1716 ⁸5.
2224 1666 2425 1731 Quanta
2461 1669 2761 1738 lucrifecerit
2799 1671 2991 1739 David,
3034 1683 3227 1728 servato
3259 1675 3433 1730 Saftle.
3484 1678 3648 1732 Multo

2063 1758 2228 1825 majus
2258 1775 2462 1826 parcere
2485 1778 2636 1829 quam
2672 1765 2895 1829 perdere.
2926 1796 2998 1804 —
3024 1766 3135 1819 Non
3165 1768 3304 1821 enim
3332 1783 3398 1821 eo
3427 1769 3639 1825 beatum

2062 1850 2293 1917 praedico
2318 1863 2557 1907 sanctum
2588 1854 2767 1922 illum,
2795 1858 2933 1927 quod
2969 1858 3173 1913 hostem
3210 1860 3400 1915 viderit
3425 1862 3523 1915 sub
3550 1877 3646 1931 pe-

2062 1940 2217 1995 dibus
2248 1944 2357 1997 suis
2378 1944 2667 2014 jacentem,
2699 1949 2793 2003 sed
2823 1950 2965 2019 quod
2994 1951 3065 2004 illi
3096 1951 3147 2004 in
3178 1968 3364 2006 manus
3393 1953 3517 2007 dato
3548 1971 3643 2023 pe-

2060 2035 2308 2101 percerit.
2333 2037 2566 2101 Quorum
2596 2039 2818 2093 alterum
2848 2039 2948 2093 fuit
2973 2056 3107 2110 opus
3132 2042 3323 2095 divinae
3357 2046 3603 2111 potentiae
3626 2087 3640 2108 ,

2059 2127 2280 2181 alterum
2322 2130 2433 2197 ejus
2470 2129 2835 2200 philosophite.
2872 2132 3151 2197 Quomodo
3172 2134 3369 2188 milites
3390 2134 3643 2204 deinceps

2060 2217 2207 2270 illum
2236 2218 2550 2272 observasse
2578 2230 2992 2275 consentaneum
3025 2220 3156 2285 fuit,
3189 2233 3383 2291 quanta
3408 2238 3530 2293 erga
3570 2225 3641 2277 il-

2059 2309 2165 2361 lum
2197 2309 2562 2363 benevolentia
2603 2310 2765 2365 fuisse
2806 2311 3063 2366 affectos?
3108 2312 3238 2367 Nam
3280 2313 3325 2367 si
3360 2315 3503 2368 mille
3545 2314 3641 2367 ha-

2054 2398 2297 2454 buissent
2327 2402 2490 2466 vitas,
2518 2416 2697 2454 annon
2720 2412 2965 2470 prompte
3007 2403 3388 2471 impendissent
3418 2420 3515 2473 pro
3540 2420 3640 2459 suo

2056 2490 2219 2554 duce,
2250 2492 2357 2559 jam
2389 2508 2452 2546 ex
2482 2494 2776 2547 reverentia
2808 2509 2964 2561 quam
2993 2494 3127 2548 hosti
3154 2498 3399 2564 prtestitit
3418 2539 3433 2564 ,
3463 2499 3639 2567 reipsa

2058 2595 2391 2653 perspectum
2422 2587 2706 2652 habentes,
2751 2602 2908 2656 quam
2932 2587 3246 2642 benevolum
3276 2590 3510 2644 animum
3539 2604 3639 2659 ge-

2055 2688 2199 2731 reret
2226 2694 2349 2747 erga
2374 2678 2544 2732 suos?
2570 2679 2699 2733 Nam
2733 2680 2776 2733 is
2801 2680 2889 2748 qui
2927 2680 3072 2734 mitis
3098 2695 3162 2735 ac
3191 2692 3501 2736 mansuetus
3525 2692 3641 2737 erat

2056 2771 2105 2822 in
2136 2783 2227 2823 eos
2249 2811 2261 2833 ,
2309 2784 2338 2822 a
2369 2769 2560 2838 quibus
2590 2770 2830 2824 molestia
2862 2769 3083 2824 affectus
3102 2778 3218 2836 est,
3261 2771 3429 2825 multo
3468 2770 3669 2840 magis.

2054 2861 2154 2914 erit
2183 2877 2303 2928 erga
2333 2861 2619 2915 benevolos
2650 2876 2771 2915 eum
2802 2861 3050 2915 allectum
3071 2870 3318 2930 gesturus
3343 2879 3356 2914 :
3384 2877 3502 2931 qua:
3523 2877 3639 2931 pro-

2054 2955 2190 3009 fecto
2219 2972 2306 3009 res
2334 2955 2431 3009 fuit
2451 2955 2529 3009 illi
2551 2955 2841 3009 maximum
2865 2955 3169 3009 securitatis
3196 2955 3409 3023 pignus.
3436 2956 3504 3008 At
3525 2970 3633 3009 non

2052 3048 2103 3100 in
2150 3047 2318 3115 ipsum
2344 3046 2502 3101 modo
2546 3046 3009 3102 benevolentiores
3054 3053 3246 3109 erant,
3282 3046 3634 3100 verumetiam

2052 3140 2307 3193 adversus
2341 3138 2521 3193 hostes
2546 3139 2902 3208 promptiores
2934 3155 2948 3191 :
2976 3137 3117 3208 quod
3142 3137 3342 3192 scirent
3378 3152 3437 3193 se
3468 3137 3633 3191 Deum

2052 3233 2251 3288 habere
2278 3241 2740 3303 propugnatorem,
2765 3231 2855 3302 qui
2885 3246 3098 3301 semper
3117 3230 3328 3286 adesset
3347 3231 3489 3295 duci,
3519 3245 3636 3284 om-

2052 3326 2206 3380 nibus
2237 3326 2379 3379 illius
2406 3325 2571 3395 gestis
2597 3324 2947 3394 prospiciens.
2979 3322 3182 3377 Idcirco
3210 3331 3394 3391 postea
3425 3320 3631 3386 Davidi,

2055 3433 2155 3470 non
2188 3416 2297 3486 jam
2338 3425 2396 3469 ut
2439 3414 2637 3469 homini
2664 3457 2679 3480 ,
2730 3414 2823 3468 sed
2851 3422 2909 3467 ut
2932 3412 3119 3483 angelo
3146 3412 3422 3481 parebant.
3454 3412 3635 3480 Itaque

2055 3508 2215 3560 David
2240 3517 2293 3561 et
2322 3508 2626 3575 priusquam
2660 3506 2800 3560 Deus
2828 3506 2927 3573 ipsi
2958 3503 3259 3558 mercedem
3290 3502 3631 3572 rependeret,

2050 3598 2208 3651 eziam
2238 3598 2288 3650 in
2316 3598 2413 3650 hac
2431 3598 2534 3650 vita
2562 3596 2731 3665 majus
2757 3597 2961 3665 accepit
2978 3594 3278 3664 prmmium,
3298 3609 3362 3648 ac
3381 3594 3632 3648 illustrio-

2050 3706 2162 3743 rem
2196 3689 2313 3742 tulit
2363 3689 2633 3742 victoriam
2665 3698 2875 3742 servato
2901 3687 3081 3753 Saﬁle,
3104 3701 3261 3757 quam
3290 3686 3333 3740 si
3364 3700 3485 3740 eum
3510 3699 3626 3739 ma-

2048 3789 2262 3835 ctasset.
2290 3779 2439 3846 Quod
2468 3779 2606 3832 enim
2639 3787 2838 3831 tantum
2858 3775 3212 3833 lucrifecisset
3237 3777 3419 3831 occiso
3443 3776 3624 3839 hoste,

2049 3882 2301 3944 quantum
2340 3886 2481 3925 nunc
2510 3869 2629 3923 tulit
2676 3868 2750 3921 illi
2788 3866 3099 3937 parcendo?
3132 3866 3253 3919 Hauc
3299 3864 3457 3934 igitur
3490 3873 3545 3920 et
3574 3875 3629 3919 tu

2051 3976 2224 4021 tecum
2250 3962 2514 4033 expende,
2548 3961 2633 4015 ubi
2665 3962 2869 4029 ceperis
2896 3974 3015 4012 eum
3046 3958 3132 4028 qui
3158 3966 3209 4011 te
3248 3957 3420 4022 laesit,
3462 3957 3630 4011 multo

2048 4074 2167 4114 esse
2192 4058 2363 4126 majus
2390 4070 2452 4110 ac
2480 4053 2739 4108 lucrosius
2767 4066 2986 4121 parcere
3009 4091 3025 4117 ,
3062 4064 3218 4119 quam
3247 4046 3492 4117 perdere.
3538 4046 3629 4101 Si-

2048 4151 2262 4222 quidem
2306 4151 2350 4204 is
2372 4149 2461 4218 qui
2493 4147 2687 4201 occidit
2726 4145 2997 4198 inimicum
3022 4183 3035 4203 ,
3080 4141 3385 4210 frequenter
3418 4148 3474 4195 et
3511 4138 3628 4208 ipse

2047 4258 2165 4298 sese
2190 4240 2586 4304 condemnabit,
2611 4252 2826 4306 pravam
2852 4248 3043 4305 gerens
3063 4231 3463 4296 conscientiam,
3494 4228 3625 4284 dum

2048 4338 2098 4390 in
2125 4335 2360 4404 singulos
2385 4331 2497 4385 dies
2522 4341 2575 4384 et
2604 4328 2837 4397 singulas
2862 4326 3021 4380 horas
3066 4339 3095 4377 a
3137 4330 3356 4392 peccato
3396 4320 3488 4374 illo
3531 4335 3627 4373 ur-

2046 4437 2202 4499 gente
2233 4424 2495 4494 afﬂigetur
2525 4438 2538 4475 :
2568 4429 2625 4475 at
2649 4420 2737 4489 qui
2768 4417 2999 4487 pepercit
3024 4457 3039 4480 ,
3084 4414 3339 4483 brevique
3384 4422 3628 4481 tempore

2047 4519 2173 4573 vicit
2197 4515 2417 4570 allectus
2446 4527 2592 4574 suos,
2622 4518 2741 4580 post
2766 4507 2995 4564 exsultat
3022 4520 3083 4560 ac
3107 4504 3401 4560 delectatur
3425 4502 3625 4571 Optima

2048 4623 2143 4678 spe
2168 4606 2330 4661 fultus
2351 4646 2366 4670 ,
2413 4619 2477 4659 ac
2515 4601 2808 4658 tolerantia:
2837 4598 3055 4669 prtemia
3076 4605 3391 4665 exspectans
3418 4608 3450 4647 a
3492 4592 3624 4646 Deo.

2046 4699 2198 4767 Quod
2227 4698 2271 4753 si
2298 4696 2511 4766 quando
2550 4695 2600 4748 in
2634 4693 2845 4762 aliquod
2886 4691 3082 4744 malum
3121 4687 3405 4749 inciderit,
3462 4684 3626 4740 multa

2046 4806 2165 4845 cum
2197 4788 2386 4843 fiducia
2417 4784 2716 4840 mercedem
2762 4798 2791 4836 a
2829 4782 2937 4837 Deo
2963 4788 3208 4850 reposcet
3235 4796 3249 4831 :
3276 4774 3627 4846 quemadmo-

2046 4882 2171 4936 dum
2200 4891 2254 4935 et
2278 4880 2363 4933 hic
2390 4893 2577 4948 magna
2610 4880 2848 4945 miraque
2877 4876 2931 4927 in
2956 4873 3163 4927 hostem
3192 4868 3441 4923 exhibita!
3464 4880 3626 4921 reve-

2047 4972 2231 5028 rentiae
2257 4971 2469 5038 prtcmia
2515 4968 2766 5036 deinceps
2806 4964 3056 5019 divinitus
3097 4959 3315 5028 recepit.
3362 4957 3467 5013 Sed
3507 4972 3626 5027 quae

2047 5070 2339 5130 sequuntur
2381 5057 2676 5113 videamus.
2740 5054 2911 5108 Exivi:
2954 5050 3121 5104 David
3167 5066 3194 5101 e
3234 5049 3475 5117 spelunca
3516 5054 3625 5115 post

2050 5158 2287 5219 Satilem,
2337 5153 2669 5221 clamavitque
2702 5158 2813 5218 post
2848 5147 2992 5199 illum
3018 5186 3032 5207 ,
3075 5144 3147 5196 ita
3179 5141 3346 5195 dicens
3367 5155 3386 5193 :
3413 5138 3627 5192 Domine

2048 5249 2114 5300 mi
2140 5263 2249 5300 rex.
2282 5244 2345 5297 Et
2368 5244 2586 5314 respexit
2614 5240 2743 5294 Sutil
2767 5246 2877 5305 post
2900 5246 3091 5305 tergum
3111 5249 3279 5296 suum,
3301 5241 3349 5284 et
3374 5230 3629 5283 inclinans

2047 5359 2099 5393 se
2126 5339 2295 5393 David
2336 5339 2387 5389 in
2440 5337 2567 5406 facie
2611 5340 2890 5402 prostratus
2914 5328 2969 5380 in
3011 5336 3196 5379 terram
3234 5322 3463 5377 adoravit
3514 5336 3629 5374 eum

2048 5435 2064 5499 (
2090 5434 2138 5485 l.
2164 5431 2290 5499 Reg.
2318 5427 2406 5483 24.
2434 5428 2524 5494 9).
2550 5424 2673 5479 Haec
2702 5437 2806 5475 non
2837 5420 3012 5472 minus
3052 5415 3297 5470 adferunt
3325 5414 3626 5467 ornamenti

2051 5523 2263 5589 Davidi,
2296 5536 2453 5592 quam
2496 5527 2736 5575 servatus
2782 5513 2966 5567 hostis.
3010 5510 3191 5579 Neque
3224 5507 3365 5561 enim
3392 5504 3626 5574 vulgaris

2050 5625 2165 5674 erat
2206 5616 2365 5670 animi
2391 5655 2406 5681 ,
2456 5627 2561 5667 non
2590 5608 2761 5663 inﬂari
2807 5605 3079 5662 beneﬁciis
3108 5604 3159 5657 in
3190 5602 3488 5672 proximum
3516 5598 3624 5651 col-

2049 5712 2199 5780 latis,
2248 5721 2418 5778 neque
2466 5706 2542 5761 sic
2586 5700 2721 5759 allici
2773 5710 2832 5754 ut
2872 5697 3046 5755 solent
3091 5693 3330 5767 plerique
3365 5706 3397 5746 e
3426 5689 3626 5759 vulgo,

3562 288 3747 345 690‘
