4038 6360
464 369 562 428 691

463 487 552 555 qui
592 482 813 552 perinde
839 489 895 535 ut
924 478 1185 548 mancipia
1228 476 1525 545 superciliis
1567 472 1806 527 adductis
1849 469 2027 538 despi-

464 576 612 629 ciunt
635 589 765 643 quos
798 570 1053 626 beneﬁcio
1087 568 1317 637 juverint
1342 568 1410 634 (a
1430 565 1470 635 ).
1517 567 1588 618 At
1612 578 1717 616 non
1748 562 1817 614 ita
1846 561 2032 613 beatus

469 664 628 719 David
648 705 663 728 ,
694 663 819 732 quin
847 662 1024 731 potius
1049 668 1165 727 post
1193 659 1427 725 impensa
1469 653 1720 708 beneficia
1746 650 2033 705 modestior

466 756 723 826 apparuit.
753 754 812 807 In
854 766 1011 806 causa
1044 750 1176 815 fuit,
1217 747 1356 818 quod
1385 746 1513 800 nihil
1542 760 1724 799 eorum
1753 758 1873 813 qua:
1898 756 2032 811 prae-

464 847 606 901 clare
634 854 779 916 gesta
811 844 1052 909 fuerant,
1098 857 1208 895 sua:
1235 841 1397 909 ipsius
1424 838 1691 892 industria:
1717 834 1918 889 ferebat
1942 847 2032 885 ae-

465 946 671 1005 ceptum
696 978 710 1000 ,
743 935 838 990 sed
864 943 1031 989 totum
1061 934 1240 988 divino
1270 931 1473 986 muneri
1502 928 1852 983 adseribebat.
1879 925 2032 979 Ideo-

464 1042 568 1096 que
590 1027 679 1096 qui
705 1034 963 1091 servarat,
988 1024 1127 1079 idem
1143 1021 1395 1076 adorabat
1412 1028 1700 1083 servatum,
1719 1029 2034 1083 rursumque

466 1130 642 1185 regem
672 1115 993 1179 nominabat,
1024 1122 1079 1168 et
1102 1126 1161 1168 se
1186 1126 1420 1173 servum,
1455 1109 1525 1163 oh
1551 1108 1690 1161 illius
1723 1106 2033 1175 dignitatem

464 1206 625 1259 animi
658 1217 916 1259 tumorem
946 1204 1242 1273 reprimens
1265 1241 1281 1266 ,
1315 1202 1550 1268 iramque
1576 1199 1840 1265 mitigans,
1872 1204 1925 1249 et
1954 1195 2034 1247 in-

467 1296 659 1350 vidiam
688 1295 1028 1349 submovens.
1061 1292 1351 1346 Audiamus
1374 1304 1532 1359 porro
1562 1297 1616 1342 et
1640 1286 2031 1340 excusationem

467 1386 658 1454 ipsam.
689 1383 790 1440 Cur
814 1385 959 1439 audis
982 1384 1128 1437 verba
1154 1382 1346 1452 papuli,
1376 1381 1680 1442 dicentium,
1720 1376 1851 1429 Ecce
1872 1374 2036 1428 Dauid

464 1477 641 1546 quaerit
665 1478 886 1530 animam
911 1487 1045 1529 tuam
1072 1476 1144 1547 (1.
1168 1473 1293 1543 Reg.
1318 1472 1410 1527 24.
1444 1470 1594 1538 10)?
1634 1469 1702 1523 Et
1741 1480 1914 1522 tamen
1945 1468 2034 1537 qui

470 1566 607 1622 hanc
635 1567 949 1635 conscripsit
974 1565 1245 1619 historiam
1267 1604 1282 1628 ,
1330 1565 1476 1632 prius
1501 1562 1634 1615 dixit
1663 1568 1830 1613 totum
1863 1573 2033 1626 pepu-

468 1659 575 1711 lum
615 1658 776 1711 fuisse
808 1672 927 1711 cum
976 1656 1133 1710 David
1162 1698 1175 1719 ,
1215 1671 1441 1723 eumque
1477 1653 1763 1723 gratiosum
1792 1650 1956 1705 fuisse
1979 1651 2032 1704 in

473 1748 641 1801 oculis
668 1763 938 1801 servorum
969 1748 1127 1816 regis,
1160 1755 1213 1800 et
1234 1746 1486 1815 principis
1515 1744 1674 1798 lilium
1701 1743 2032 1798 universum-

467 1853 569 1906 que
598 1838 887 1891 exercitum
927 1838 1103 1891 animo
1139 1837 1351 1891 stetisse
1376 1853 1403 1887 a
1434 1834 1631 1888 Davide
1660 1832 1754 1905 (2.
1787 1834 1916 1903 Reg.
1946 1832 2032 1886 18.

469 1927 555 1981 16.
580 1926 669 1980 22.
701 1927 790 1981 28.
816 1937 861 1980 et
888 1944 935 1981 c.
966 1928 1051 1982 19.
1080 1928 1158 1996 1).
1184 1926 1298 1994 Quo
1324 1934 1477 1995 pacto
1499 1924 1758 1995 igiturhic
1782 1924 1855 1977 ait
1878 1924 2037 1979 fuisse

470 2016 557 2084 qui
587 2017 718 2070 falso
744 2016 1012 2072 deferrent
1049 2018 1251 2086 ipsum,
1288 2032 1353 2071 ac
1378 2016 1591 2071 Saiilem
1618 2016 1671 2070 in
1698 2030 1819 2069 eum
1846 2030 2036 2085 provo—

466 2108 688 2161 carent?
713 2094 861 2174 Quod
883 2108 1022 2163 enim
1047 2122 1150 2161 non
1172 2108 1393 2161 aliorum
1425 2106 1693 2171 instinctu,
1719 2105 1811 2160 sed
1840 2106 1951 2175 ipse
1970 2120 2034 2159 ex

470 2198 684 2265 proprio
707 2198 883 2251 animo
912 2197 1165 2251 malitiam
1207 2196 1343 2251 hanc
1386 2196 1713 2265 peperisset,
1744 2206 1803 2250 ut
1842 2196 2036 2251 bellum

468 2294 679 2359 gereret
693 2301 814 2340 cum
836 2287 998 2353 justo,
1023 2285 1309 2339 declaravit
1326 2285 1413 2354 qui
1440 2284 1682 2339 volumen
1701 2284 2034 2353 conscripsit,

468 2395 588 2434 cum
617 2380 691 2433 ait
716 2394 747 2433 e
774 2379 1020 2433 laudibus
1049 2378 1261 2431 Davidis
1292 2386 1466 2432 natam
1494 2392 1611 2433 esse
1646 2377 1892 2431 invidiam
1917 2418 1932 2442 ,
1975 2392 2037 2431 ac

468 2471 659 2525 deinde
687 2472 919 2525 crevisse
956 2470 1008 2523 in
1042 2470 1157 2524 dies
1181 2470 1397 2540 (LReg.
1417 2471 1504 2525 18.
1531 2470 1583 2526 9.
1606 2470 1719 2541 29).
1748 2471 1915 2535 Quam
1944 2472 2039 2538 igi-

471 2568 556 2612 tur
578 2559 649 2613 ob
675 2573 886 2614 causam
912 2560 1113 2614 crimen
1143 2561 1405 2613 transtulit
1424 2561 1475 2614 in
1501 2560 1663 2625 alios,
1690 2560 1873 2615 dicens
1898 2579 1912 2615 :
1937 2562 2039 2615 Cur

471 2651 621 2704 audis
640 2652 784 2703 verba
807 2651 978 2719 populi
1000 2651 1091 2713 tui,
1110 2650 1399 2717 dicentium,
1420 2651 1546 2704 Ecce
1557 2650 1724 2705 David
1738 2652 1912 2721 quierit
1929 2653 2040 2706 ani-

469 2762 603 2799 mam
624 2757 760 2799 tuam
777 2744 1075 2801 ?Nimirum
1100 2754 1157 2800 ut
1182 2745 1255 2800 illi
1282 2746 1544 2814 prreberet
1569 2748 1901 2801 occasionem
1933 2760 2033 2801 ex-

467 2836 700 2891 cutiendi
729 2837 1002 2892 malitiam.
1033 2837 1145 2892 Hoc
1170 2838 1415 2892 nimirum
1440 2847 1495 2892 et
1515 2846 1758 2907 parentes
1782 2854 1923 2909 saepe
1950 2839 2031 2893 fa-

469 2927 615 2981 ciunt
659 2942 783 2997 erga
832 2927 1007 2993 filios,
1053 2928 1177 2982 dum
1223 2927 1482 2997 quispiam
1534 2928 1823 2998 corripiens
1873 2929 2035 2982 tilimn

470 3029 621 3070 suum
643 3026 970 3085 corruptum,
1000 3018 1265 3086 multaque
1293 3027 1566 3087 operatum
1602 3019 1764 3083 mala,
1798 3019 2036 3087 quamvis

468 3107 570 3160 sibi
600 3121 911 3176 persuasum
942 3108 1133 3162 habeat
1156 3149 1172 3172 ,
1217 3108 1363 3162 illum
1394 3124 1461 3162 ex
1490 3110 1700 3179 propria
1746 3112 1941 3164 malitia
1970 3111 2035 3165 ad

468 3198 704 3267 perditos
728 3213 905 3253 mores
936 3199 1201 3268 appulisse
1226 3240 1241 3264 ,
1284 3199 1591 3267 frequenter
1621 3209 1794 3255 tamen
1825 3201 1876 3255 in
1904 3201 2036 3256 alios

468 3287 676 3356 culpam
705 3287 910 3357 reiicit,
958 3288 1029 3341 ita
1075 3288 1297 3357 loquens
1327 3289 1495 3343 :Novi
1539 3306 1642 3343 non
1684 3290 1846 3345 fuisse
1886 3302 2034 3346 tuum

468 3374 719 3431 delictum
740 3418 756 3442 ,
783 3376 877 3430 sed
905 3376 993 3429 alii
1022 3387 1073 3431 te
1100 3386 1451 3447 corruperunt
1487 3393 1549 3432 ac
1574 3379 1899 3434 seduxerunt
1930 3398 1942 3433 :
1976 3382 2038 3434 il-

468 3466 639 3519 lorum
664 3474 746 3520 est
770 3474 936 3521 totum
983 3466 1083 3521 hoc
1122 3478 1415 3536 peccatum.
1437 3467 1567 3522 Nam
1596 3468 1708 3523 haec
1732 3468 1949 3524 audiens
1978 3470 2038 3522 li-

467 3554 603 3622 lius,
632 3556 825 3625 poterit
850 3557 1098 3626 paulatim
1124 3572 1153 3611 a
1178 3558 1375 3612 malitia
1407 3559 1722 3629 resipiscens
1743 3560 1946 3615 facilius
1969 3561 2034 3616 ad

467 3647 658 3703 bonam
684 3647 888 3718 frugem
910 3651 1123 3717 reverti,
1150 3649 1273 3703 dum
1296 3650 1516 3720 pudellt,
1543 3653 1910 3723 erubescitque
1940 3653 2037 3707 hac

466 3739 621 3795 laude
645 3740 811 3795 videri
842 3741 1105 3811 indignus.
1131 3741 1271 3795 Idem
1301 3742 1425 3797 fecit
1451 3742 1643 3798 Paulus
1673 3744 1909 3799 scribens
1933 3744 2036 3800 Ga-

466 3832 606 3886 latis.
641 3832 765 3886 Post
794 3834 989 3886 multos
1019 3834 1137 3888 illos
1164 3848 1227 3888 ac
1254 3834 1439 3903 longos
1476 3849 1749 3890 sermones
1768 3876 1782 3898 ,
1810 3843 2036 3906 postque

466 3935 573 3973 non
597 3921 1086 3976 commemorandas
1114 3924 1497 3985 accusationes,
1525 3926 1716 3993 quibus
1738 3925 1856 3980 illos
1881 3942 2035 3982 accu-

467 4021 630 4076 sarat,
653 4011 753 4066 sub
772 4011 1009 4080 epistolae
1038 4011 1197 4073 linem
1228 4013 1409 4069 volens
1438 4013 1504 4068 ab
1530 4014 1631 4070 illis
1658 4030 1903 4070 amovere
1924 4016 2035 4071 cul-

466 4117 609 4171 pam,
636 4110 693 4156 ut
717 4102 1099 4172 aliquantulum
1130 4116 1160 4156 a
1186 4104 1494 4158 criminibus
1522 4105 1745 4158 recreati
1773 4105 1838 4159 ad
1869 4120 2033 4160 excu-

464 4193 723 4247 sationem
750 4194 931 4249 venire
960 4202 1192 4263 queant,
1239 4195 1379 4248 hunc
1406 4195 1459 4248 in
1500 4195 1712 4249 modum
1753 4196 1985 4266 loquitur
2016 4215 2030 4251 :

465 4283 575 4353 Ego
602 4284 803 4353 conﬁdo
831 4285 893 4338 de
917 4286 1073 4351 vobis,
1104 4285 1238 4356 quod
1261 4286 1386 4339 nihil
1424 4286 1566 4338 aliud
1602 4287 1818 4339 sentietis
1841 4303 1858 4339 :
1885 4297 2034 4341 ciete-

462 4392 575 4428 rum
592 4377 677 4443 qui
696 4392 781 4429 vos
806 4376 1081 4446 perturbat,
1106 4381 1226 4446 feret
1246 4377 1497 4444 judicium
1521 4378 1744 4447 quisquis
1768 4379 1853 4431 ille
1881 4381 2034 4449 fuerit

464 4463 616 4535 (Gal.
645 4464 698 4519 5.
732 4465 857 4533 10).
890 4464 1073 4519 Itidem
1109 4464 1234 4520 fecit
1273 4477 1325 4520 et
1366 4467 1525 4520 David
1557 4467 1641 4521 hic
1672 4486 1685 4522 :
1722 4483 1843 4521 cum
1888 4469 2031 4523 enim

467 4556 559 4617 ait,
582 4553 685 4609 Cur
704 4556 851 4609 audis
871 4556 1019 4610 verba
1040 4558 1213 4627 populi
1240 4558 1447 4612 dicentis
1471 4575 1489 4612 :
1513 4559 1644 4612 Ecce
1668 4558 1831 4614 David
1854 4562 2032 4630 qua’rit

461 4645 684 4698 animam
728 4647 906 4700 tuam?
946 4646 1143 4702 indicat
1180 4649 1310 4702 alios
1353 4664 1472 4705 esse
1518 4652 1605 4719 qui
1643 4662 2027 4719 provocarent,

464 4735 597 4788 alios
616 4737 958 4803 quianimum
986 4738 1126 4793 illius
1148 4739 1442 4806 inlicerent,
1472 4741 1639 4795 modis
1654 4743 1898 4797 omnibus
1921 4753 2031 4797 stu-

458 4823 590 4879 dens
611 4825 687 4879 illi
705 4828 975 4895 porrigere
994 4830 1347 4885 excusationis
1367 4833 1718 4887 occasionem.
1736 4833 1854 4887 Mox
1877 4849 2025 4888 suam

456 4913 622 4981 ipsius
652 4930 865 4970 causam
889 4933 1050 4987 agens
1074 4918 1148 4972 ait
1174 4935 1187 4971 :
1218 4918 1282 4972 Et
1302 4936 1411 4974 ecce
1434 4923 1656 4976 viderunt
1684 4926 1816 4978 oculi
1843 4927 1913 4978 tui
1938 4927 2029 4981 ho-

458 5003 540 5056 die
562 5044 579 5068 ,
609 5006 743 5073 quod
771 5008 1033 5061 tradiderit
1060 5020 1105 5062 te
1129 5007 1376 5065 Dominus
1402 5012 1456 5065 in
1481 5029 1659 5067 manus
1686 5031 1819 5069 meas
1838 5017 1891 5070 in
1916 5035 2029 5088 spe-

459 5095 609 5148 lunca
629 5137 644 5163 ,
688 5098 918 5167 quodque
969 5100 1209 5153 noluerim
1239 5102 1460 5155 occidere
1488 5113 1554 5168 te,
1604 5105 1691 5158 sed
1722 5110 2026 5176 pepercerim

461 5188 568 5255 tibi,
601 5191 950 5259 dixerimque:
978 5192 1099 5246 Non
1119 5194 1343 5264 injiciam
1370 5212 1571 5249 manum
1598 5214 1757 5251 meam
1787 5200 1837 5252 in
1863 5200 2027 5255 domi-

457 5296 579 5333 num
606 5298 788 5348 meum,
819 5285 1053 5353 quoniam
1080 5286 1295 5339 Christus
1324 5286 1528 5341 Domini
1554 5298 1625 5341 est
1656 5289 1743 5359 (1.
1775 5291 1900 5361 Reg.
1931 5291 2020 5349 24.

457 5370 582 5443 11).
612 5374 692 5428 illi
718 5375 949 5444 quidem,
985 5377 1173 5445 inquit,
1197 5378 1372 5432 verbis
1394 5379 1800 5446 calumniantur,
1832 5392 1887 5435 at
1915 5398 2014 5451 ego

460 5464 631 5532 reipsa
656 5479 746 5519 me
776 5480 962 5535 purgo,
994 5466 1223 5536 ipsisque
1251 5468 1400 5521 factis
1421 5468 1628 5537 depello
1651 5470 1875 5526 crimen.
1899 5472 2022 5528 Mihi

451 5555 587 5610 nihil
614 5572 747 5627 opus
767 5552 851 5613 est
873 5559 1050 5613 verbis
1072 5600 1087 5625 ,
1135 5574 1255 5613 eum
1286 5561 1397 5630 ipse
1425 5576 1598 5615 rerum
1629 5563 1801 5617 exitus
1838 5566 2021 5634 quavis

516 5730 591 5791 ta)
624 5739 737 5796 Reg.
760 5747 886 5786 unus
902 5734 1166 5790 mutllatam
1190 5739 1391 5791 exhibet
1418 5741 1538 5793 hanc
1560 5745 1872 5795 sententiam.

1200 362 1259 418 S.
1296 356 1571 417 JOANNIS
1605 351 2070 410 CIIRYSOSTOMI
2112 353 2424 411 ARCHIEP.
2465 353 2986 413 CONSTANTINOP.

3594 357 3705 413 69?.

2137 470 2377 523 oratione
2405 470 2597 523 clarius
2622 472 2786 539 possit
2812 481 2861 524 te
2890 470 3102 535 docere,
3130 471 3339 539 quinam
3366 471 3472 525 sint
3500 472 3575 526 illi
3593 514 3607 537 ,
3647 483 3703 527 et

2135 560 2224 627 qui
2249 574 2348 628 ego
2371 600 2385 624 ,
2423 574 2487 613 ac
2506 561 2770 627 quomodo
2806 563 2937 613 facta
2968 560 3036 614 sit
3067 561 3341 615 adversum
3366 578 3452 616 me
3477 566 3705 620 mendax

2133 650 2325 704 delatio
2347 691 2363 716 ,
2391 658 2446 704 et
2479 651 2758 705 calumnia.
2794 651 2986 705 [larunt
3015 668 3192 706 rerum
3229 668 3333 705 non
3364 653 3524 707 alium
3546 696 3563 719 ,
3608 656 3703 709 sed

2137 743 2470 811 temetipsum
2497 750 2682 795 testem
2712 743 2914 805 invoco,
2937 743 3181 811 teipsum,
3213 743 3447 813 inquam,
3471 746 3558 816 qui
3583 761 3707 800 meo

2137 829 2393 884 beneflcio
2421 841 2661 886 servatus
2687 846 2767 885 es.

2204 922 2257 973 4.
2301 918 2409 974 Sed
2448 920 2713 989 quomodo
2748 922 2915 991 potuit
2961 921 3084 975 sam
3138 925 3320 975 harum
3362 938 3539 979 rerum
3585 940 3707 979 esse

2137 1013 2305 1077 testis,
2327 1013 2554 1082 quicum
2582 1012 2695 1066 haec
2725 1013 2930 1077 fierent,
2965 1013 3280 1078 dormiebat,
3308 1028 3370 1068 ac
3392 1030 3561 1083 neque
3587 1032 3706 1070 ver-

2136 1105 2199 1159 ba
2226 1105 2445 1172 audivit,
2474 1121 2646 1174 neque
2676 1107 2923 1161 Davidem
2951 1106 3083 1160 vidit
3108 1118 3214 1160 tum
3236 1117 3575 1176 pnesentem,
3606 1124 3701 1162 ne-

2135 1211 2238 1264 que
2275 1211 2395 1249 cum
2438 1196 2689 1251 militibus
2741 1196 3181 1265 colloquentem?
3223 1197 3497 1261 Quomodo
3546 1198 3709 1267 igitur

2134 1300 2494 1349 occurremus,
2515 1298 2571 1340 ut
2595 1285 2812 1341 evidens
2832 1287 3119 1341 declaratio
3139 1287 3266 1341 fiat?
3288 1287 3343 1341 Si
3367 1291 3507 1343 enim
3539 1298 3703 1344 testes

2135 1385 2385 1441 citasset,
2424 1378 2549 1431 Satil
2591 1387 2895 1446 suspectum
2925 1378 3191 1433 habuisset
3237 1395 3422 1434 eorum
3462 1384 3704 1436 testimo-

2136 1469 2279 1520 nium
2301 1508 2316 1531 ,
2348 1482 2545 1536 eosque
2570 1468 2713 1535 justo
2740 1467 2978 1522 faventes
3006 1484 3067 1523 ea
3100 1470 3241 1539 loqui
3269 1481 3522 1540 putasset.
3554 1472 3705 1540 Quod

2138 1556 2182 1609 si
2211 1556 2698 1611 ratiocinationibus
2739 1573 2802 1612 ac
2842 1559 3206 1627 probabilibus
3233 1564 3556 1631 argumentis
3586 1574 3706 1618 ten-

2135 1656 2299 1701 tasset
2322 1662 2575 1702 excusare
2596 1663 2735 1713 sese,
2769 1649 2996 1703 futurum
3023 1658 3155 1715 erat,
3189 1658 3245 1704 ut
3264 1653 3437 1706 minus
3464 1652 3558 1722 ipsi
3584 1669 3707 1708 crc-

2134 1737 2369 1803 deretur,
2390 1739 2580 1808 quippe
2600 1740 2705 1807 jam
2724 1748 2976 1809 corrupto
2993 1740 3185 1809 judicis
3208 1742 3405 1797 animo.
3429 1743 3710 1809 Quomodo

2135 1829 2275 1880 enim
2305 1829 2350 1882 is
2369 1829 2455 1898 qui
2486 1836 2561 1882 tot
2583 1829 2852 1884 beneﬁciis
2896 1829 3115 1885 allectus
3143 1831 3308 1887 nihilo
3351 1834 3523 1889 secius
3567 1834 3710 1889 bello

2136 1920 2545 1988 persequebatur
2564 1920 2691 1976 nihil
2712 1922 3099 1988 commeritum,
3132 1924 3387 1992 suspicari
3414 1928 3703 1994 potuisset,

2136 2009 2277 2078 quod
2306 2011 2497 2080 aliquis
2513 2010 2699 2081 injuria
2725 2011 2963 2080 allectus,
2985 2030 3104 2068 eum
3126 2016 3215 2083 qui
3237 2016 3431 2071 fecerat
3456 2018 3707 2087 injuriam

2138 2110 2321 2157 nactus
2348 2103 2401 2157 in
2427 2118 2615 2158 manus
2636 2144 2651 2169 ,
2690 2105 2787 2175 ipsi
2817 2106 3177 2175 pepercisset?
3215 2107 3529 2178 Plerumque
3563 2112 3709 2163 enim

2138 2191 2323 2261 vulgus
2350 2192 2623 2248 hominum
2646 2209 2709 2248 ex
2732 2210 2830 2249 suo
2851 2197 3028 2249 animo
3045 2196 3109 2250 de
3131 2198 3247 2251 aliis
3267 2197 3470 2267 judicat
3498 2218 3511 2253 :
3541 2203 3709 2262 velut,

2137 2283 2225 2350 qui
2252 2282 2462 2337 assidue
2485 2283 2795 2351 inebriatur,
2821 2285 2959 2340 haud
2982 2285 3135 2341 facile
3155 2287 3379 2343 credere
3406 2290 3571 2359 possit
3591 2306 3714 2347 esse

2138 2375 2437 2442 quempiam
2462 2374 2727 2430 hominem
2757 2377 2933 2431 sobrie
2953 2380 3252 2443 viventem;
3285 2382 3372 2450 qui
3399 2385 3590 2437 scortis
3621 2401 3714 2437 va-

2138 2473 2241 2527 cat,
2275 2466 2432 2518 etiam
2460 2466 2648 2534 pudice
2670 2469 2903 2522 viventes
2926 2469 3086 2524 habet
3109 2486 3203 2539 pro
3224 2472 3671 2528 incontinentibus
3694 2492 3710 2536 ;

2140 2569 2323 2610 rursus
2346 2557 2433 2626 qui
2460 2572 2545 2611 res
2566 2559 2704 2626 rapit
2725 2559 2942 2625 alienas,
2974 2577 3077 2615 non
3104 2561 3258 2617 facile
3283 2565 3710 2632 persuadebitur,

2138 2659 2256 2699 esse
2290 2645 2532 2701 homines
2558 2647 2647 2716 qui
2677 2662 2771 2702 sua
2806 2664 3015 2719 quoque
3060 2650 3395 2719 profundant.
3442 2655 3704 2710 Similiter

2138 2745 2191 2790 et
2220 2735 2304 2791 hic
2331 2739 2495 2793 semel
2521 2750 2807 2809 occupatus
2829 2742 2900 2795 ira
2924 2759 3027 2795 non
3058 2742 3210 2798 facile
3239 2745 3550 2802 credidisset
3579 2762 3702 2803 esse

2138 2824 2406 2881 hominem
2451 2843 2616 2899 usque
2656 2831 2789 2886 adeo
2814 2835 2922 2886 suis
2941 2833 3215 2889 alfectibus
3243 2838 3607 2905 superiorem,
3654 2850 3713 2895 ut

2140 2931 2245 2971 non
2285 2917 2445 2972 modo
2486 2919 2613 2974 nihil
2654 2921 2890 2988 laederet,
2936 2940 3117 2979 verum
3146 2936 3198 2979 et
3224 2943 3342 2981 eum
3374 2930 3461 2997 qui
3505 2929 3717 2986 Ιίῐιερτδι

2139 3019 2400 3067 servaret.
2432 3012 2690 3079 Quoniam
2732 3015 2890 3083 igitur
2911 3025 2963 3070 et
2990 3018 3198 3071 animus
3235 3019 3424 3087 judicia
3452 3030 3566 3075 erat
3587 3036 3715 3075 cor-

2138 3110 2326 3169 ruptus
2350 3143 2365 3167 ,
2401 3113 2454 3157 et
2474 3112 2634 3158 testes
2661 3106 2705 3159 si
2734 3107 2973 3175 producti
3009 3106 3265 3173 fuissent,
3312 3111 3365 3164 in
3408 3113 3721 3181 suspicione

2137 3201 2289 3246 erant
2316 3192 2511 3261 futuri,
2561 3196 2782 3250 consilio
2822 3198 3062 3265 prudenti
3099 3201 3295 3269 reperit
3340 3202 3712 3270 probationem

2137 3282 2439 3351 quamdam,
2464 3300 2580 3355 qua:
2602 3297 2776 3355 posset
2799 3298 2853 3343 et
2873 3289 3027 3343 valde
3047 3292 3435 3360 impudentibus
3455 3310 3516 3349 os
3539 3295 3703 3349 obtu-

2138 3387 2276 3427 rare.
2327 3374 2580 3441 Quianam
2626 3386 2709 3432 est
2739 3378 2897 3433 lucc?
2944 3379 3156 3435 Lacinia
3183 3383 3507 3457 chlamydis,
3551 3402 3714 3455 quam

2138 3466 2459 3532 protendens
2503 3466 2715 3523 dicebat
2758 3487 2771 3523 :
2804 3468 2933 3523 Ecce
2982 3471 3166 3526 lacinia
3207 3474 3487 3545 chlamydis
3518 3486 3619 3530 tua:
3657 3480 3715 3531 in

2138 3568 2291 3606 manu
2316 3571 2446 3622 mea,
2470 3572 2619 3625 quam
2643 3558 2846 3623 abstuli,
2871 3576 2959 3613 nec
2979 3562 3137 3615 occidi
3157 3573 3202 3616 te
3222 3564 3295 3634 (1.
3319 3564 3446 3635 Reg.
3473 3566 3563 3619 9.1.
3594 3568 3708 3635 12).

2137 3644 2312 3701 Mutus
2337 3648 2546 3715 quidem
2579 3650 2749 3713 testis,
2776 3651 2868 3706 sed
2897 3653 3142 3708 omnibus
3171 3670 3354 3709 vocem
3396 3657 3714 3713 habentibus

2138 3736 2447 3792 evidentior.
2474 3738 2656 3809 Neque
2675 3742 2814 3794 enim
2838 3743 2881 3795 si
2910 3758 3011 3796 non
3044 3743 3282 3812 fuissem,
3308 3747 3493 3815 inquit,
3527 3752 3711 3816 proxi-

2138 3842 2256 3881 mus
2277 3868 2291 3891 ,
2321 3842 2383 3882 ac
2399 3829 2608 3899 corpori
2637 3839 2726 3885 tuo
2751 3831 2952 3887 vicinus
2972 3833 3256 3901 stetissem,
3283 3836 3570 3904 potuissem
3616 3855 3714 3893 ve-

2137 3918 2234 3971 8tis
2260 3928 2540 3986 amputare.
2561 3930 2784 3989 partem.
2822 3923 2976 3979 Vides
3001 3934 3253 3994 quantum
3284 3927 3354 3981 sit
3382 3938 3550 3982 ortum
3580 3929 3712 3984 boni

2138 4023 2200 4061 ex
2226 4022 2311 4074 eo,
2339 4009 2478 4078 quod
2509 4010 2659 4065 initio
2683 4022 2979 4069 commotus
3007 4014 3179 4069 fuerat
3199 4016 3531 4073 DavidiNisi
3562 4022 3712 4074 enim

2138 4097 2202 4151 ad
2232 4098 2362 4152 iram
2388 4109 2686 4155 commotus
2727 4102 2947 4171 fuisset,
2989 4121 3161 4174 neque
3189 4107 3573 4177 phil050phiam
3607 4111 3711 4163 ho-

2137 4188 2297 4242 minis
2318 4190 2748 4259 cognovissemus
2777 4194 2796 4263 (
2818 4210 2937 4247 nam
2963 4195 3227 4266 plerisque
3255 4213 3359 4252 non
3383 4214 3447 4253 ex
3473 4200 3714 4268 philoso-

2137 4277 2284 4346 phia,
2314 4279 2407 4333 sed
2434 4294 2499 4334 ex
2524 4290 2739 4351 stupore
2774 4286 3071 4354 pepercisse
3096 4288 3238 4343 visus
3268 4288 3506 4359 fuisset),
3534 4306 3711 4360 neque

2135 4368 2430 4439 chlamydis
2477 4382 2678 4441 partem
2717 4378 3252 4447 amputasset:un
3283 4379 3328 4433 si
3368 4396 3472 4434 non
3518 4395 3709 4450 ampu-

2139 4466 2323 4525 tasset,
2355 4474 2458 4514 non
2490 4471 2694 4531 poterat
2722 4465 2838 4519 aliis
2864 4470 3185 4537 argumentis
3210 4470 3422 4526 inimico
3447 4472 3602 4527 fidem
3628 4473 3710 4527 la-

2136 4564 2279 4604 cere.
2309 4549 2457 4605 Nunc
2482 4567 2609 4607 vero
2633 4555 2880 4623 quoniam
2919 4565 2974 4611 et
3000 4569 3292 4614 commotus
3318 4562 3410 4615 fuit
3435 4572 3490 4617 et
3513 4579 3708 4634 ampu-

2139 4644 2294 4708 tavit,
2340 4657 2451 4697 suze
2493 4647 2838 4714 providentiae
2885 4650 3234 4705 certissimum
3279 4653 3505 4722 przebuit
3549 4671 3710 4725 argu-

2137 4743 2393 4789 mentum.
2428 4734 2686 4801 Quoniam
2733 4737 2891 4806 igitur
2920 4748 3024 4793 tam
3052 4755 3232 4795 verum
3262 4751 3319 4798 et
3345 4743 3701 4800 indubitatum

2136 4825 2492 4881 testimonium
2531 4829 2787 4894 exhibuit,
2828 4830 2998 4899 ipsum
3044 4848 3165 4887 mox
3197 4833 3468 4890 inimicum
3488 4845 3543 4892 et
3562 4838 3707 4907 judi-

2133 4930 2249 4971 cem
2274 4926 2328 4971 et
2356 4925 2543 4972 testem
2588 4918 2714 4973 facit
2754 4935 2866 4974 sate
2905 4936 3030 4990 erga
3070 4923 3221 4976 illum
3248 4929 3595 4993 reverentiae,
3624 4928 3706 4982 lo-

2134 5023 2302 5077 quens
2344 5008 2483 5064 hunc
2526 5011 2579 5064 in
2633 5011 2845 5066 modum
2875 5029 2889 5063 :
2917 5013 3170 5084 Cognosce
3193 5028 3239 5069 ct
3259 5017 3370 5071 uide
3394 5018 3545 5073 hodie
3570 5023 3707 5089 quod

2134 5114 2232 5152 non
2260 5110 2334 5153 est
2359 5101 2411 5153 in
2437 5117 2587 5154 manu
2609 5117 2718 5154 mea
2742 5103 2997 5171 iniquitas,
3022 5121 3179 5174 neque
3199 5117 3511 5178 contentptus
3535 5113 3626 5173 tui,
3656 5121 3705 5165 et

2131 5192 2314 5261 alligas
2337 5193 2560 5246 animam
2587 5209 2747 5247 meam
2770 5234 2784 5258 ,
2823 5204 2876 5247 ut
2900 5197 3072 5263 capias
3101 5213 3212 5251 eam
3237 5197 3527 5272 (Ibidem).
3569 5201 3704 5257 llinc

2133 5283 2217 5337 vel
2241 5283 2466 5338 maxime
2490 5284 2606 5353 quis
2630 5285 2878 5340 admirari
2907 5285 3098 5342 debeat
3120 5288 3262 5343 illius
3290 5294 3699 5360 magnanimita-

2134 5382 2263 5439 tem,
2290 5373 2431 5443 quod
2456 5390 2561 5429 non
2590 5376 2749 5429 sumit
2769 5376 3159 5431 excusationem
3181 5377 3280 5432 nisi
3307 5378 3376 5431 ab
3401 5376 3468 5431 iis
3491 5396 3609 5447 quae
3630 5395 3698 5434 eo

2134 5464 2217 5519 die
2244 5465 2560 5519 acciderant.
2597 5466 2725 5519 Nam
2763 5466 2863 5520 hoc
2895 5467 3092 5534 innuit,
3142 5481 3261 5521 cum
3300 5468 3374 5521 ait
3402 5485 3416 5522 :
3446 5468 3701 5539 Cognosce

2131 5563 2178 5608 et
2215 5554 2324 5608 uide
2366 5554 2531 5607 hodie.
2558 5554 2700 5609 Nihil
2740 5556 2879 5609 enim
2907 5556 3092 5626 loquor
3128 5555 3197 5612 de
3238 5557 3535 5612 anteactis:
3566 5559 3696 5614 mihi

2130 5644 2196 5698 ad
2240 5644 2599 5713 probationem
2629 5645 2759 5700 satis
2783 5655 2864 5701 est
2904 5646 2987 5700 hic
3031 5645 3167 5702 dies.
3214 5645 3447 5703 Tametsi
3487 5658 3696 5717 poterat

2131 5736 2294 5791 multa
2319 5750 2614 5807 magnaque
2641 5751 2961 5795 enumerare
2994 5737 3283 5808 beneﬁcia,
3312 5754 3431 5809 qua:
3455 5740 3600 5810 prius
3637 5741 3692 5796 in
