4038 6360
439 455 546 524 69⁸5

432 579 676 651 νημένας
703 576 847 649 εἶχεν
866 576 1140 650 ἀριθμεῖν,
1163 579 1319 652 εἴπερ
1341 579 1598 649 ἠϐούλετο
1619 598 1631 611 ’
1658 583 1748 635 καὶ
1778 586 1885 651 γὰρ
1908 582 2005 651 τῆς

441 663 580 732 πρὸς
599 662 688 716 τὸν
708 661 978 733 βάρϐαρον
1008 664 1341 733 μονομαχίας
1367 664 1530 716 αὑτὸν
1559 665 1867 734 ἀναμνῆσαι
1896 665 2009 716 ἐδύ-

432 764 582 812 νατο,
605 747 697 800 καὶ
724 749 918 809 εἰπεῖν,
941 747 1025 798 ὅτι
1047 747 1154 799 Τοῦ
1180 747 1513 818 βαρϐαρικοῦ
1541 747 1802 818 πολέμου,
1833 748 2004 801 καθά-

433 848 540 900 περ
575 828 956 900 κατακλυσμοῦ
982 846 1147 893 τινος,
1188 830 1404 883 ἃπασαν
1439 830 1723 900 μέλλοντος
1756 831 2006 903 παρασύ-

436 929 550 983 ρειν
577 911 673 982 τὴν
701 912 876 970 πόλιν,
911 913 1328 982 κατεπτηχότων
1362 912 1517 983 ὑμῶν
1553 915 1646 967 καὶ
1671 914 2004 977 δεδοικότων,

433 996 528 1049 καὶ
543 996 664 1048 καθ’
683 995 920 1067 ἑκάστην
936 996 1150 1067 ἡμέραν
1163 995 1548 1050 ἀποθανεῖσθαι
1562 997 2004 1069 προσδοκώντων,

433 1077 546 1147 ἐγὼ
581 1079 888 1150 παρελθὼν,
919 1080 1133 1144 ούδενδς
1171 1080 1599 1148 ἀναγκάσαντος,
1635 1081 1771 1134 ἀλλὰ
1795 1085 1887 1136 καὶ
1914 1083 2007 1135 σοῦ

434 1163 735 1226 κωλύοντος
771 1164 866 1216 καῖ
897 1163 1216 1233 κατέχοντος
1244 1164 1337 1216 καὶ
1366 1163 1634 1232 λέγοντος,
1657 1167 1740 1219 Οὐ
1765 1165 2008 1232 δυνήσῃ

434 1246 819 1314 πορευθῆναι,
847 1246 936 1300 ὅτι
971 1247 1286 1316 παιδάριον
1315 1243 1389 1310 εἷ,
1416 1248 1598 1313 αὐτὸς
1630 1249 1698 1300 δὲ
1726 1247 1880 1318 ἀνὴρ
1906 1265 2010 1300 πο-

436 1331 728 1398 λεμιστὴς
751 1331 819 1383 ἐκ
848 1331 1129 1396 νεότητος
1154 1331 1342 1383 αὑτοῦ
1362 1347 1375 1360 ·
1394 1333 1493 1383 οὐκ
1516 1333 1847 1402 ἠνεσχόμην,
1877 1332 2011 1384 ἀλλά

437 1415 543 1484 πρὸ
572 1414 678 1466 τῶν
719 1413 894 1466 ἄλλων
921 1415 1174 1468 ἁπάντων
1207 1412 1474 1483 ἐπήδησα,
1508 1416 1717 1467 καὶτὸν
1749 1416 2020 1484 πολέμιον·

438 1495 723 1566 ἐδεξάμην,
751 1495 843 1548 καὶ
862 1497 962 1565 τὴν
985 1495 1225 1566 κεφαλὴν
1253 1497 1546 1566 ἀπέτεμον,
1564 1497 1657 1550 καὶ
1678 1496 1867 1568 ὥσπερ
1892 1501 2011 1551 τινὰ

438 1581 749 1652 χειμάρρου
783 1581 963 1652 ῥύμην
1006 1580 1291 1634 ἀνέστειλα
1324 1581 1419 1650 τὴν
1451 1581 1634 1649 ἔφοδον
1663 1581 1770 1633 τῶν
1805 1581 2010 1652 βαρϐἀ·

439 1680 549 1734 ρων
583 1663 822 1724 ἐκείνων,
860 1665 954 1715 καὶ
980 1664 1078 1733 τὴν
1124 1663 1278 1715 πόλιν
1313 1665 1598 1733 σειομένην
1632 1663 1837 1732 ἕστησα
1863 1681 1876 1693 ·
1918 1666 2012 1716 καὶ

438 1747 506 1800 δι’
549 1747 648 1816 ἐμὲ
686 1748 748 1800 σὺ
800 1747 900 1816 μὲν
953 1747 1050 1816 τὴν
1077 1746 1354 1816 βασιλείαν
1398 1749 1491 1800 καὶ
1523 1749 1622 1816 τὴν
1648 1747 1844 1821 ψυχὴν,
1876 1751 1922 1801 οί
1956 1749 2012 1802 δὲ

439 1830 616 1883 λοιποὶ
647 1830 848 1891 πάντες
886 1830 1030 1899 μετὰ
1054 1829 1154 1898 τῆς
1182 1829 1359 1899 ψυχῆς
1381 1831 1481 1900 τὴν
1511 1831 1666 1883 πόλιν
1693 1835 1785 1884 καὶ
1815 1833 1912 1895 τὰς
1936 1835 2015 1885 0!-

438 1915 582 1977 κίας,
620 1915 712 1966 καί⁸
740 1912 808 1966 τὰ
830 1911 1020 1965 παιδία
1052 1913 1145 1964 καὶ
1176 1912 1248 1964 τὰ
1280 1913 1478 1980 γύναια
1503 1913 1706 1983 έχουσι.
1747 1917 1857 1969 Καὶ
1898 1918 2014 1985 μετ’

438 1998 614 2049 ἐκεῖνο
643 1996 699 2047 δὲ
727 1994 886 2048 πάλιν
911 1995 972 2046 τὸ
1001 1993 1281 2064 τρόπαιον,
1319 1996 1539 2066 ἐτέρους
1559 1996 1652 2060 οὓς
1685 1998 2014 2068 κατώρθωσε

438 2080 708 2147 πολέμους
742 2080 914 2130 εἰπεῖν
941 2073 1088 2145 εἶχεν
1121 2079 1221 2130 οῦκ
1256 2079 1507 2142 ἐλάττους
1537 2081 1766 2133 ἐκείνου.
1803 2084 1910 2135 Καὶ
1934 2084 2016 2134 ὅτι

439 2165 532 2216 καλ⁸
565 2161 708 2225 ἅπαξ
741 2163 835 2213 καὶ
865 2163 946 2225 δὶς
994 2163 1086 2216 καὶ
1124 2163 1384 2226 πολλάκις
1431 2166 1882 2236 ἐπιχειρήσαντος
1919 2169 2013 2220 ἀν-

441 2247 600 2308 ελεῖν,
627 2247 722 2298 καὶ
749 2245 810 2297 τὸ
832 2245 960 2315 δόρυ
994 2246 1136 2300 κατά
1169 2247 1267 2317 τῆς
1301 2246 1462 2299 αὐτοῦ
1504 2249 1741 2319 κεφαλῆς
1765 2251 2016 2318 ἀφέντος,

438 2331 539 2381 οὐκ
567 2329 997 2398 ἐμνησικάκησε,
1031 2331 1124 2383 καὶ
1149 2330 1230 2381 ὅτι
1263 2330 1399 2398 μετὰ
1428 2330 1599 2385 ταῦτα
1636 2333 1842 2402 μέλλων
1878 2334 2012 2386 ἀπο-

438 2413 636 2465 διδόναι
666 2412 759 2464 τὸν
788 2412 975 2482 μισθὸν
1005 2413 1102 2480 τῆς
1134 2413 1404 2483 προτέρας
1429 2415 1627 2483 μάχης,
1657 2416 1780 2468 ’ἐδνα
1804 2419 2014 2487 ἀπῄτηο

443 2512 553 2556 σεν,
591 2495 652 2546 οὑ
686 2495 906 2563 χρυσίον
927 2495 1020 2548 καὶ
1041 2495 1322 2565 ἀργύριον,
1348 2496 1480 2547 am
1508 2499 1721 2568 σφαγὴν
1753 2500 1847 2550 καὶ
1875 2517 2014 2551 παν-

439 2577 734 2646 ωλεθρίαν·
773 2579 865 2629 καὶ
909 2577 1028 2629 οὐδὲ
1073 2578 1305 2632 ἐνταῦθα
1368 2580 1640 2632 ἀνένευσε.
1679 2581 1862 2632 Ταῦτα
1908 2584 2018 2653 γὰρ

441 2661 638 2722 πάντα,
670 2659 764 2710 καὶ
794 2658 974 2728 πολλῴ
1011 2660 1228 2712 πλείονα
1262 2661 1463 2713 τούτων
1499 2664 1592 2714 καὶ
1628 2664 1850 2732 μείζονα
1873 2663 2017 2734 εἶχεν

442 2737 617 2793 εἰπεῖν
640 2756 656 2769 ’
704 2741 818 2794 ἀλλ’
855 2741 1009 2794 οὐδὲν
1050 2743 1256 2796 τούτων
1301 2739 1476 2797 εἶπεν.
1511 2746 1585 2797 UO
1627 2745 1736 2815 γὰρ
1767 2748 2016 2800 ὀνειδίσαι

440 2822 592 2893 αὐτῷ
623 2823 722 2886 τὰς
759 2824 1076 2894 εὐεργεσίας
1109 2826 1380 2891 ἐϐούλετο,
1431 2827 1566 2880 ἀλλά
1609 2833 1792 2882 πεῖσαι
1837 2831 2016 2900 μόνον,

441 2907 524 2959 ὅτι
562 2905 670 2958 τῶν
701 2907 994 2973 φιλούντων
1027 2909 1189 2961 αὐτὸν
1237 2911 1331 2961 καὶ
1365 2909 1676 2980 κηδομένων
1707 2913 1874 2977 ἐστὶν,
1901 2913 2022 2982 οίιχλ⁷

441 2990 550 3042 τῶν
578 2990 1035 3042 ἐπιϐουλευόντων
1062 2992 1155 3042 καὶ
1188 2991 1589 3060 πολεμούντων.

513 3073 611 3124 Διά
631 3071 788 3124 τοῦτο
814 3074 990 3126 πάντα
1015 3075 1196 3127 ἐκεῖνα
1217 3075 1397 3142 ἀφεὶς,
1421 3076 1478 3127 τὸ
1503 3079 1559 3126 ἐν
1586 3077 1720 3147 αὐτῇ
1750 3081 1812 3146 τῇ
1842 3079 2022 3149 ἡμέρᾳ

446 3153 660 3223 συμϐὰν
685 3153 843 3224 μόνον
871 3155 950 3218 εἰς
967 3155 1123 3223 λόγον
1144 3156 1441 3224 ἀπολογίας
1467 3160 1809 3228 παρήγαγεν.
1837 3161 2021 3224 Οὕτως

445 3231 513 3306 ἦν
537 3237 739 3305 ἄτυφος
770 3238 863 3290 καὶ
901 3238 1202 3302 κενοδοξίας
1235 3241 1471 3310 καθαρὸς
1495 3243 1728 3312 ἀπάσης,
1761 3245 1854 3295 καὶ
1889 3244 2023 3312 πρὸς

445 3321 710 3374 ἓνέϐλεπε
735 3321 910 3390 μόνον,
939 3321 1037 3392 τὴν
1053 3323 1146 3375 τοῦ
1167 3323 1300 3376 Θεοῦ
1317 3324 1504 3393 ψῆφον.
1549 3321 1682 3378 Εἶτά
1707 3343 1858 3395 φησι·
1882 3329 2022 3393 Κρί-

445 3423 544 3459 ναι
581 3406 792 3472 Κύριος
821 3405 936 3458 ἀνὰ
971 3405 1165 3473 μέσον
1196 3407 1342 3476 ἐμοῦ
1390 3409 1488 3462 καί
1527 3409 1664 3463 σοῦ.
1702 3411 1870 3463 Τοῦτο
1902 3408 2021 3463 εἷπε

443 3488 508 3541 τὸ
531 3488 708 3559 ῥῆμα,
733 3486 853 3556 οὐχὶ
874 3487 1203 3557 κολασθῆναι
1236 3490 1554 3560 βουλόμενος
1576 3492 1667 3545 τὸν
1693 3492 1880 3563 ἄνδρα,
1903 3494 2023 3547 οὐδὲ

443 3570 716 3642 τιμωρίαν
741 3573 871 3641 παρ’
891 3571 1053 3624 αὐτοῦ
1077 3571 1286 3638 λαϐεῖν,
1313 3573 1448 3627 ἀλλὰ
1479 3576 1712 3646 φοϐῆσαι
1733 3579 1799 3646 τῇ
1834 3580 2021 3649 μνήμη

444 3656 544 3724 τῆς
575 3653 872 3725 μελλούσης
901 3654 1166 3724 κρίσεως·
1202 3658 1296 3710 καὶ
1323 3659 1384 3709 ού
1407 3659 1643 3726 φοϐῆσαι
1679 3660 1856 3731 μόνον,
1889 3662 2024 3716 ἀλλά

447 3741 543 3794 καὶ
582 3738 722 3808 ὑπὲρ
756 3739 862 3790 τῶν
891 3738 1010 3790 καθ’
1040 3739 1230 3792 ἑαυτὸν
1269 3742 1732 3815 ἀπολογήσασθαι.
1770 3748 2024 3801 Μάλιστα

449 3824 551 3893 μὲν
566 3821 854 3893 γάρ.[767.]
871 3821 1164 3893 φησ“ιν,ἕχω
1178 3824 1269 3877 καὶ
1287 3825 1394 3878 ἀπὸ
1409 3828 1515 3879 τῶν
1533 3830 1870 3898 πραγμάτων
1888 3832 1996 3882 ἀπο
2011 3863 2024 3871 -

447 3906 668 3974 δείξεις·
691 3905 811 3959 εἰδὲ
830 3907 1096 3970 ἀπιστεῖς,
1124 3909 1284 3961 αὐτὸν
1313 3910 1462 3962 καλῶ
1478 3913 1565 3963 τὸν
1582 3913 1713 3964 Θεὸν
1741 3915 2015 3984 μάρτυρα,

446 3992 542 4043 τὸν
565 3991 635 4044 τὰ
658 3990 945 4061 ἀπόρρητα
970 3990 1068 4060 τῆς
1097 3991 1327 4046 ἑκάστου
1353 3992 1588 4058 διανοίας
1616 3996 1812 4059 εἰδότα,
1851 3999 2024 4052 καὶτὸ

451 4074 690 4136 συνειδὸς
719 4073 1008 4144 ἐρευνῆσαι
1033 4075 1353 4143 δυνάμενον.

520 4165 580 4211 ε’.
607 4157 792 4210 Ταῦτα
821 4157 876 4209 δὲ
909 4157 1081 4224 ἔλεγε,
1101 4157 1312 4221 δεικνὺς
1343 4159 1532 4212 ὅτιούκ
1555 4159 1616 4212 ἂν
1642 4161 1905 4233 ἐτόλμησε
1928 4180 2026 4216 κα-

449 4241 604 4296 λέσαι
625 4241 714 4292 τὸν
736 4240 1172 4311 ἀπαραλόγιστον
1202 4241 1481 4311 δικαστὴν,
1511 4244 1603 4294 καὶ
1625 4244 1710 4295 ἐπ’
1737 4245 1900 4298 αὐτοῦ
1926 4247 2025 4316 τὴν

449 4325 606 4394 δίκην
636 4325 970 4390 εἰσαγαγεῖν,
997 4325 1044 4374 εί
1076 4323 1151 4394 μὴ
1184 4324 1386 4394 σφόδρα
1411 4321 1478 4396 ἦν
1507 4327 1781 4390 πεπεικὼς
1814 4330 2023 4392 ἑαυτὸν,

452 4408 536 4464 ὅτι
565 4406 743 4474 πάσης
775 4405 1066 4474 ἐπιϐουλῆς
1099 4402 1166 4474 ῆν
1201 4406 1458 4477 καθαρός.
1493 4409 1602 4461 Καὶ
1628 4409 1708 4461 ὅτι
1745 4411 1806 4462 ού
1831 4427 2023 4481 στοχα-

455 4488 590 4559 σμὸς
618 4487 685 4540 τὰ
717 4488 997 4556 είρημένα,
1041 4488 1175 4540 ἀλλά
1216 4491 1308 4542 καὶ
1343 4490 1479 4562 ὑπὲρ
1517 4492 1624 4544 τῶν
1668 4492 1790 4546 καθ’
1837 4495 2027 4548 ἑαυτὸν

453 4572 899 4642 ἀπολογήσασθαι
934 4571 1234 4643 βουληθεὶς,
1278 4574 1528 4626 κάκεῖνον
1577 4577 1909 4646 σωφρονίσαι
1940 4579 2025 4632 θέ-

451 4658 581 4719 λων,
612 4655 713 4724 τῆς
747 4654 902 4724 δίκης
927 4655 1140 4724 ἐκείνης
1161 4655 1481 4726 ἀνέμνησεν,
1521 4657 1678 4711 ίκανά
1711 4660 1809 4728 μὲν
1842 4661 1935 4712 καὶ
1961 4662 2027 4714 τά

453 4741 552 4811 ἤδη
575 4737 914 4806 γεγενημένα
940 4735 1208 4805 δηλῶσαι·
1239 4740 1338 4791 οὐκ
1369 4738 1586 4792 ἔλαττον
1605 4741 1660 4793 δὲ
1687 4741 1909 4795 ἐκείνων
1933 4745 2026 4796 καὶ

451 4824 521 4876 τὰ
549 4821 685 4893 μετά
705 4820 879 4874 ταῦτα
902 4820 1183 4890 συμϐάντα
1209 4821 1365 4873 τοῦτο
1387 4821 1757 4877 πιστώσασθαι
1786 4824 2023 4879 δύναται.

452 4907 560 4964 Καὶ
587 4905 696 4976 γὰρ
728 4904 891 4958 πάλιν
923 4905 1083 4957 αὐτὸν
1104 4907 1183 4966 είς
1211 4907 1396 4976 χεῖρας
1422 4905 1620 4971 λαϐὼν,
1650 4909 1786 4977 μετά
1806 4908 1901 4977 τὴν
1921 4925 2024 4962 σω-

452 4991 648 5062 τηρίαν
677 4987 882 5059 ταύτην
909 4988 1228 5059 ἐπιθέμενον
1253 4988 1399 5058 αὐτῷ
1429 4991 1521 5041 καὶ
1545 4990 1752 5042 ἀνελεῖν
1774 4991 2028 5060 βουλόμε-

453 5092 564 5140 νον,
599 5074 696 5126 καὶ
727 5072 1022 5142 δυνάμενος
1053 5071 1213 5125 αὐτὸν
1249 5075 1384 5142 μετά
1409 5071 1502 5124 τοῦ
1534 5075 1892 5141 στρατοπέδου
1931 5093 2028 5128 κα-

453 5157 689 5226 τακόψαι
717 5155 938 5220 παντὸς,
970 5155 1202 5226 ἀφῆκεν,
1237 5155 1409 5216 οὐδὲν,
1438 5149 1511 5207 ὧν
1549 5156 1691 5218 είκδς
1719 5151 1787 5225 ῆν
1816 5157 2026 5222 παθεῖν,

455 5238 784 5293 πεπονθότα.
806 5237 896 5290 Διὸ
924 5239 1016 5290 καὶ
1042 5236 1266 5289 συνιδὼν
1293 5249 1316 5276 α
1351 5237 1424 5298 ὡς
1456 5238 1727 5307 ἀνήκεστα
1748 5241 1910 5303 νοσεῖ,
1937 5243 2030 5294 καὶ

455 5324 556 5392 τῆς
577 5321 712 5392 πρὸς
735 5320 895 5372 αὑτὸν
923 5319 1122 5391 ἔχθρας
1147 5319 1383 5390 οὐδαμοῦ
1404 5319 1554 5390 λήξει
1584 5321 1732 5372 ποτὲ.
1765 5323 2030 5392 ἐξήγαγεν

455 5407 647 5459 ἐαυτὸν
693 5406 804 5457 τῶν
848 5403 1141 5474 ὀφθαλμῶν
1182 5404 1292 5456 τῶν
1339 5404 1570 5464 ἐκείνου,
1605 5406 1698 5456 καὶ
1738 5405 1886 5476 παρά
1920 5411 2031 5470 τοῖς

459 5490 753 5562 βαρϐάροις
775 5488 892 5558 ἐζη,
920 5487 1206 5552 δουλεύων,
1231 5487 1598 5557 ἠτιμωμένος,
1621 5490 2028 5558 αἰσχυνόμενος,

458 5578 522 5627 ἐκ
544 5577 708 5626 πόνου
733 5573 827 5626 καὶ
859 5571 1231 5641 ταλαιπωρίας
1260 5570 1358 5641 τὴν
1392 5571 1695 5637 ἀναγκαίαν
1725 5573 1902 5641 ἐαυτῴ
1934 5590 2030 5624 πο-

465 5658 630 5728 ρίζων
654 5657 884 5726 τροφήν.
915 5655 1105 5709 Κοιὶού
1126 5653 1283 5708 τοῦτο
1301 5656 1458 5725 μόνον
1481 5656 1595 5708 ἐστὶ
1617 5655 1676 5708 τὸ
1698 5655 2030 5728 θαυμαστὸν,

529 5871 555 5900 ⁸
579 5870 721 5932 Regii
746 5874 922 5936 ἀφῆκέν
946 5890 994 5922 τε
1019 5875 1123 5936 ὑγιῆ
1146 5874 1224 5921 καὶ
1249 5876 1393 5936 σῶον,
1418 5874 1494 5924 καὶ
1520 5875 1716 5921 συνιδών

1136 465 1193 520 S.
1227 461 1512 521 JOANNIS
1548 463 2037 522 CHRYSOSTOMI
2078 468 2396 526 ARCHIEP.
2439 469 2981 530 CONSTANTINOP‘.

3578 469 3686 524 694

2111 585 2227 637 ἀλλ’
2257 587 2338 639 ὅτι
2364 587 2458 640 καὶ
2505 589 2736 642 πεσόντα
2765 589 3006 652 ἀκούσας
3035 587 3130 642 ἐπὶ
3154 587 3254 658 τῆς
3301 584 3685 655 παρατάξεως,

2109 681 2361 752 διέρρηξέ
2388 700 2446 736 τε
2482 685 2571 737 τὸν
2597 685 2938 754 χιτωνίσκον,
2965 685 3058 738 καὶ
3091 684 3285 737 σποδὸν
3313 685 3667 736 κατεπάσατο

2110 781 2203 832 καὶ
2242 780 2441 852 θρῆνον
2480 781 2800 852 ἐθρήνησεν,
2846 781 2905 834 ὃν
2943 783 3008 836 ἀν
3051 799 3133 845 τις
3167 782 3479 852 θρηνήσειε,
3515 780 3688 833 ’παῖδα

2113 877 2374 947 μονογενῆ
2412 878 2507 930 καὶ
2537 881 2760 950 γνήσιον
2801 878 3112 942 ἀποϐαλὼν,
3145 878 3384 948 συνεχῶς
3416 877 3578 930 αὑτοῦ
3626 876 3691 929 τὺ

2108 970 2280 1041 ὄνομα
2308 973 2594 1027 ἀνακαλῶν
2624 975 2762 1044 μετὰ
2789 975 2882 1028 τοῦ
2905 975 3138 1037 παιδίου,
3165 974 3258 1027 καὶ
3288 973 3538 1043 ἐγκώμια
3562 989 3692 1025 συν-

2111 1071 2303 1136 τιθεὶς,
2321 1072 2416 1124 καὶ
2443 1072 2648 1143 πικρὰν
2678 1073 2862 1142 ἀφιείς
2884 1071 3087 1142 φωνὴν,
3117 1072 3210 1126 καὶ
3233 1072 3424 1142 μέχρις
3448 1071 3692 1140 ἑσπέρας

2111 1169 2295 1230 ἄσιτος
2332 1169 2530 1238 μένων,
2565 1171 2659 1222 καὶ
2696 1169 2836 1224 αὺτά
2875 1169 2944 1222 τὰ
2975 1169 3150 1240 χωρία
3182 1168 3569 1238 καταρώμενος
3620 1167 3693 1218 τά

2111 1265 2379 1335 δεξάμενα
2408 1266 2468 1319 τὸ
2495 1259 2633 1337 αἷμα
2659 1266 2754 1318 τοῦ
2797 1265 3003 1318 Σαούλ·
3042 1266 3192 1332 Ὀρη
3225 1264 3352 1334 γὰρ,
3399 1265 3584 1335 φησὶν,
3616 1263 3694 1315 τὰ

2113 1358 2398 1423 Γελϐουὲ,
2439 1360 2526 1428 μὴ
2556 1359 2730 1413 πέσοι
2762 1359 2854 1428 ἐφ’
2881 1356 3054 1427 ὑμᾶς,
3085 1357 3236 1425 μήτε
3272 1356 3510 1424 δρόσος,
3536 1354 3692 1424 μήτε

2112 1455 2314 1519 ὐετός·
2359 1455 2465 1522 ὅρη
2505 1455 2782 1518 θανάτου,
2819 1453 2904 1506 ὅτι
2942 1453 3069 1506 ἐκεῖ
3093 1452 3313 1520 ἐξήρθη
3356 1450 3552 1516 σκέπη
3582 1451 3691 1503 δυ-

2113 1547 2328 1604 νατῶν.
2374 1549 2548 1623 Ὅπερ
2596 1551 2830 1620 πατέρες
2872 1549 3083 1602 ποιοῦσι
3133 1549 3414 1611 πολλάκις,
3462 1550 3555 1601 καὶ
3587 1549 3691 1618 τὴν

2113 1645 2290 1698 οίκίαν
2308 1647 2763 1717 ἀποστρέφονται,
2794 1649 2991 1702 καὶτὸν
3009 1645 3278 1700 στενωπὸν
3301 1645 3478 1715 ἀηδῶς
3496 1644 3688 1713 δρῶσι,

2115 1740 2176 1795 δι’
2206 1736 2266 1795 οὗ
2292 1742 2382 1795 τὸν
2401 1745 2512 1795 υἱὸν
2543 1743 2922 1815 προέπεμψαν,
2951 1743 3109 1797 τοῦτο
3134 1744 3226 1798 καὶ
3253 1738 3406 1805 οὗτος
3437 1742 3688 1808 ἐποίησε,

2118 1838 2211 1889 καὶ
2235 1841 2512 1909 κατηρᾶτο
2546 1842 2657 1902 τοῖς
2678 1839 2829 1908 ὄρεσι
2852 1844 2963 1903 τοῖς
2990 1840 3084 1910 τὴν
3114 1840 3327 1908 σφαγὴν
3355 1837 3692 1906 δεξαμένοις.

2117 1935 2278 1989 Μισῶ
2310 1938 2403 1989 καὶ
2439 1936 2531 1989 τὸν
2574 1938 2742 1990 τόπον
2777 1938 2944 1990 αὐτὸν
2977 1937 3064 1990 διὰ
3109 1938 3237 2000 τοὺς
3280 1938 3394 1988 ἐκεῖ
3431 1935 3702 1994 πεσόντας

2118 2037 2365 2105 νεκροὺς,
2396 2037 2548 2104 φησί.
2574 2037 2783 2105 Μηκέτι
2817 2037 2996 2088 τοίνυν
3027 2035 3262 2106 βραχῆτε
3289 2034 3318 2072 δ
3344 2034 3454 2094 τοῖς
3490 2031 3702 2085 ἄνωθεν

2121 2133 2294 2195 ὑετοῖς
2311 2149 2323 2162 '
2357 2133 2624 2202 ἐϐράχητε
2655 2134 2764 2203 γὰρ
2788 2132 2934 2196 ἅπαξ
2963 2131 3146 2193 κακῶς
3171 2130 3248 2199 τῷ
3270 2129 3378 2182 τῶν
3400 2129 3565 2196 φῦων
3592 2144 3702 2196 μου

2119 2229 2311 2297 αἵματι
2333 2247 2345 2258 ·
2384 2229 2478 2280 καὶ
2511 2229 2751 2298 συνεχῶς
2785 2229 2844 2280 δὲ
2881 2229 3061 2281 αὐτῶν
3099 2226 3452 2297 περιστρέφει
3486 2224 3555 2277 τὰ
3576 2223 3701 2275 ὀνό-

2123 2342 2289 2394 ματα,
2316 2325 2517 2377 οὑτωσὶ
2545 2326 2720 2393 λέγων
2738 2343 2751 2356 ο
2778 2325 2975 2378 Σαοὺλ
3005 2324 3100 2376 καί
3145 2322 3439 2382 Ἰωνάθαν,
3467 2323 3520 2372 οἱ
3550 2319 3703 2384 ἠγα-

2120 2421 2371 2490 πημένοι
2403 2425 2498 2474 καὶ
2549 2423 2764 2489 ὡραῖοι,
2802 2425 2873 2476 οὐ
2904 2421 3329 2492 κεχωρισμένοι
3353 2421 3425 2473 ὲν
3462 2415 3536 2484 τῇ
3585 2414 3716 2482 ζωῇ.

2119 2519 2337 2580 αὐτῶν,
2370 2521 2464 2573 καί
2501 2520 2571 2571 ἐν
2609 2519 2690 2584 τῷ
2717 2519 2949 2584 θανάτῳ
2986 2518 3185 2571 αὐτῶν·
3213 2519 3285 2570 οὐ
3309 2516 3704 2583 διεχωρίσθη-

2122 2630 2261 2668 σαν.
2303 2616 2520 2685 Ἐπειδὴ
2545 2615 2651 2686 γάρ
2689 2614 2758 2667 τὰ
2792 2615 3018 2684 σώματα
3053 2615 3126 2683 μὴ
3160 2614 3405 2684 παρόντα
3430 2611 3707 2682 περιπτύ-

2124 2709 2315 2774 ξασθαι
2348 2711 2446 2762 ούκ
2476 2706 2611 2780 εἶχε,
2638 2710 3028 2781 περιπλέκεται
3064 2708 3243 2762 αὐτῶν
3276 2711 3396 2771 ταῖς
3425 2723 3709 2776 προσηγο-

2122 2807 2287 2878 ρίαις,
2328 2805 2425 2876 τὴν
2479 2807 2684 2860 οίκείαν
2719 2805 2932 2876 ὀδύνην,
2978 2805 3054 2868 ὡς
3087 2800 3197 2858 οἷόν
3231 2822 3310 2871 τε,
3358 2804 3569 2866 τούτοις
3605 2820 3710 2854 κα-

2120 2906 2472 2976 ταπραΰνων,
2523 2903 2616 2958 καὶ
2659 2903 2720 2956 τὸ
2753 2904 2850 2974 τῆς
2887 2904 3171 2973 συμφορᾶς
3203 2901 3712 2974 παραμυθούμενος

2125 3001 2370 3071 μέγεθος.
2411 3000 2629 3071 Ἐπειδὴ
2659 2999 2768 3070 γάρ
2796 3000 3008 3062 πολλοῖς
3037 2998 3209 3051 ἐδόκει
3231 2998 3291 3050 τὸ
3319 2999 3505 3050 πεσεῖν
3531 2997 3712 3067 ἀμφο·

2119 3098 2310 3169 τέρους
2337 3099 2392 3149 ἐν
2418 3099 2602 3167 ήμέρᾳ
2632 3099 2727 3167 μιᾷ.
2756 3097 3054 3166 ἀνήκεστον
3081 3091 3219 3148 εἶναι
3251 3094 3441 3156 κακὸν,
3477 3093 3612 3145 αὐτὸ
3639 3092 3718 3161 δὴ

2121 3193 2279 3245 τοῦτο
2302 3195 2380 3254 είς
2404 3191 2657 3244 ὑπόθεσιν
2678 3190 3029 3261 παραμυθίας
3053 3190 3233 3243 ἔλαϐε.
3265 3189 3336 3240 Τὸ
3370 3188 3479 3257 γὰρ
3505 3189 3707 3248 εἰπεῖν,

2135 3291 2239 3342 Ἐν·
2271 3287 2344 3355 τῇ
2375 3284 2488 3354 ζωῇ
2520 3286 2718 3340 αὐτῶν
2747 3288 2819 3340 οὐ
2853 3287 3294 3355 κεχωρισμένοι,
3319 3285 3416 3338 καί
3459 3284 3611 3357 [ἷ68]
3637 3285 3713 3337 ἐν

2123 3382 2204 3449 τῷ
2233 3383 2463 3446 θανάτῳ
2485 3381 2683 3437 αὐτῶν
2707 3385 2817 3438 οὐκ
2848 3383 3291 3452 ἐχωρίσθησαν,
3317 3383 3470 3434 οὐδὲν
3496 3383 3713 3449 ἕτερον,

2123 3483 2156 3553 ἢ
2201 3482 2358 3536 τοῦτο
2392 3481 2893 3544 κατασκευάζοντος
2931 3477 3018 3549 ῆν.
3058 3482 3134 3534 Οὐ
3176 3479 3286 3550 γὰρ
3329 3482 3470 3542 ἐστι,
3515 3481 3709 3548 φησιν,

2123 3581 2317 3645 εἰπεῖν,
2346 3581 2428 3633 ὅτι
2450 3578 2714 3650 ὀρφανίαν
2739 3581 2766 3632 ὁ
2791 3581 2921 3640 παῖς
2953 3578 3272 3648 ἐθρήνησεν,
3297 3576 3417 3629 οὐδὲ
3445 3575 3723 3628 ἀπαιδία-ι

2123 3671 2150 3723 ὁ
2176 3669 2358 3740 πατὴρ
2387 3668 2654 3738 ὠδύρατο,
2686 3666 2801 3718 ἀλλ’
2828 3666 2854 3717 ὃ
2883 3666 3072 3735 μηδενὶ
3101 3664 3321 3732 συνέϐη,
3353 3662 3575 3731 συνέϐη,
3603 3680 3711 3731 φηο

2127 3759 2232 3820 σιν,
2273 3758 2502 3820 ἐκείνοις
2523 3774 2536 3788 ·
2585 3755 2722 3826 ὁμοῦ
2761 3755 2871 3824 γὰρ
2902 3754 2994 3806 καὶ
3022 3753 3166 3806 κατά
3199 3754 3327 3823 μίαν
3355 3753 3571 3821 ήμέραν
3607 3755 3712 3819 τῆς

2125 3845 2272 3914 ζωῆς
2297 3845 2712 3914 ἀπερράγησαν,
2735 3843 2828 3895 καὶ
2857 3842 2918 3894 οὐ
2949 3840 3332 3909 καταλειφθεὶς
3355 3839 3601 3908 θάτερος.
3626 3833 3716 3889 Ἶι

2125 3934 2234 4004 γὰρ
2260 3934 2327 3986 ἂν
2353 3933 2584 3984 ἀϐίωτον
2620 3932 2800 3998 ἐαυτῷ
2831 3925 2970 3982 εἶναι
2999 3929 3088 3980 τὸν
3113 3927 3223 3998 βίον
3255 3927 3474 3996 ἐνόμισε
3501 3929 3565 3994 τῇ
3599 3923 3714 3978 δια·

2129 4024 2314 4077 στάσει
2337 4022 2587 4092 θατέρου.
2614 4019 3045 4090 Διεθερμάνθητε
3069 4017 3184 4082 νῦν,
3207 4017 3560 4086 ἐδακρύσατε,
3589 4032 3713 4066 συν-

2129 4109 2356 4179 εχύθητε
2386 4108 2476 4160 τὸν
2506 4107 2782 4175 λογισμὸν,
2813 4107 2905 4159 καὶ
2935 4105 3070 4176 πρὸς
3100 4104 3292 4172 ἄφεσιν
3333 4103 3582 4173 δακρύων
3617 4102 3712 4154 εύ-

2127 4198 2350 4266 τρεπεῖς
2383 4194 2536 4263 ὑμῶν
2564 4194 2611 4244 οἱ
2639 4192 2904 4262 ὀφθαλμοὶ
2935 4192 3256 4261 γεγένηνται
3282 4209 3296 4255 ;
3328 4190 3442 4242 Νῦν
3476 4191 3709 4251 ἕκαστος

2127 4279 2632 4351 ἀναμιμνησκέσθω
2657 4297 2744 4349 μοι
2766 4278 2859 4330 τοῦ
2882 4279 3074 4348 ἐχθροῦ
3097 4275 3296 4330 καὶτοῦ
3314 4276 3707 4344 λελυπηκότος,

2129 4370 2208 4421 ἐτι
2240 4366 2468 4436 ζεούσης
2494 4366 2572 4437 τῷ
2603 4365 2788 4419 πένθει
2828 4367 2925 4435 τῆς
2955 4365 3214 4428 διανοίας,
3260 4365 3354 4416 καὶ
3379 4365 3567 4416 τοῦτον
3611 4363 3710 4414 καὶ

2129 4456 2305 4521 ζῶντα
2339 4454 2674 4524 φυλαττέτω,
2696 4455 2789 4506 καὶ
2821 4453 3123 4505 ἀπελθόντα
3157 4451 3444 4512 πενθείτω,
3471 4451 3546 4520 μὴ
3571 4453 3710 4520 προς

2131 4543 2409 4606 ἐπίδειξιν,
2445 4541 2559 4593 ἀλλ’
2587 4541 2694 4594 ἀπὸ
2723 4540 2959 4602 διανοίας
2997 4541 3088 4592 καὶ
3117 4539 3296 4608 ψυχῆς
3327 4539 3554 4607 γνησίας
3573 4554 3583 4563 '
3605 4537 3713 4590 κᾶν

2130 4631 2221 4700 δέη
2252 4648 2302 4682 τι
2332 4630 2544 4693 παθεῖν,
2570 4626 2706 4680 ὥστε
2739 4627 2812 4697 μὴ
2841 4627 3080 4697 λυπῆσαι
3102 4627 3190 4678 τὸν
3222 4627 3542 4696 ἠδικηκότα,
3579 4627 3710 4677 πάν-

2128 4731 2199 4766 τα
2247 4713 2468 4765 ποιείτω
2507 4712 2602 4764 καὶ
2644 4712 2921 4780 πασχέτω,
2960 4712 3113 4782 παρὰ
3150 4710 3242 4763 τοῦ
3291 4710 3426 4762 Θεοῦ
3466 4711 3711 4779 μεγάλας

2130 4807 2412 4877 ἀναμένων
2442 4805 2539 4869 τὰς
2569 4805 2825 4876 ἀμοιϐάς.
2869 4805 2998 4858 Ἰδοὺ
3021 4806 3152 4874 γοῦν
3182 4801 3334 4867 οὗτος
3360 4807 3454 4856 καὶ
3485 4804 3585 4872 τὴν
3614 4804 3711 4872 βα-

2131 4891 2335 4943 σιλείαν
2363 4889 2540 4950 ἔλαϐε,
2577 4891 2668 4942 καὶ
2702 4891 2799 4959 τὴν
2825 4891 2982 4960 χεῖρα
3008 4891 3105 4941 οὐκ
3139 4889 3419 4956 ἐμόλυνεν,
3454 4887 3588 4940 ἀλλὰ
3611 4904 3712 4937 κα-

2131 4974 2300 5045 θαρὰν
2323 4975 2460 5043 ἔχων
2483 4973 2584 5041 τὴν
2601 4971 2800 5036 δεξιάν,
2829 4973 2972 5026 οὕτω
2988 4974 3076 5024 τὸν
3096 4973 3358 5040 στέφανον
3385 4972 3706 5040 ἀνεδήσατο.

2132 5059 2226 5110 καὶ
2263 5057 2353 5110 ἐπί⁵
2390 5056 2482 5108 τὸν
2517 5055 2704 5126 θρόνον
2749 5055 2937 5125 ἀνέϐη,
2973 5057 3070 5126 τῆς
3115 5056 3429 5125 ἀλουργίδος
3472 5056 3567 5106 καὶ
3616 5053 3708 5106 τοῦ

2129 5143 2456 5209 διαδήματος
2505 5139 2892 5211 λαμπροτέραν
2927 5140 3064 5209 έχων
3106 5141 3383 5208 εὐφημίας
3427 5139 3705 5198 ὑπόθεσιν,

2130 5235 2191 5286 τὸ
2207 5231 2492 5302 φείσασθαι
2521 5232 2615 5284 τοῦ
2643 5232 2923 5301 πολεμίου,
2951 5235 3011 5284 τὸ
3040 5233 3308 5303 θρηνῆσαι
3333 5232 3585 5284 πεσόντα.
3611 5229 3710 5281 Διά

2131 5317 2288 5369 τοῦτο
2329 5315 2446 5384 οὐχὶ
2478 5314 2588 5378 ζῶν
2623 5315 2802 5384 μόνον,
2835 5315 2969 5368 ἀλλά
2997 5317 3088 5368 καὶ
3129 5315 3462 5385 τελευτήσας
3496 5330 3708 5384 μνημο·

2133 5401 2370 5454 νεύεται.
2401 5400 2562 5452 Ὥστε
2595 5401 2642 5450 εἰ
2675 5397 2852 5466 βούλει
2883 5400 2975 5451 καὶ
3021 5399 3083 5450 σὺ
3127 5399 3222 5450 καὶ
3259 5397 3496 5450 ἐνταῦθα
3533 5396 3711 5465 διηνε-

2135 5482 2261 5546 κοῦς
2303 5483 2460 5552 δόξης
2503 5484 2706 5551 τυχεῖν,
2752 5481 3024 5552 ἄνθρωπε,
3079 5483 3239 5534 κάκεῖ
3278 5481 3387 5533 τῶν
3435 5481 3726 5548 ἀκινήτων.

2135 5565 2438 5619 ἀπολαῦσαι
2473 5565 2674 5625 καλῶν,
2709 5564 2944 5634 μίμησαι
2982 5566 3080 5634 τήν
3111 5563 3309 5634 ἀρετὴν
3332 5562 3426 5616 τοῦ
3470 5563 3707 5625 δικαίου,

2136 5650 2374 5721 ζῆλωσον
2395 5649 2491 5720 τὴν
2513 5648 2853 5718 φιλοσοφίαν,
2883 5648 3144 5714 ἐπίδειξαι
3168 5649 3256 5702 διὰ
3276 5647 3384 5701 τῶν
3411 5647 3586 5716 ἔργων
3611 5645 3724 5719 τὴν.

2206 5871 2230 5910 1‘
2252 5870 2395 5935 Regii
2421 5872 2682 5936 βραχείητε.
