4038 6360
343 381 447 437 693

341 497 490 551 illum
523 494 840 561 contulerat,
870 495 915 550 si
940 493 1195 549 voluisset
1228 511 1239 546 :
1271 501 1478 562 poterat
1499 506 1920 547 commemorare

342 589 611 659 singulare
634 598 904 644 certamen
931 630 944 652 ,
988 587 1129 657 quod
1160 602 1279 641 cum
1310 587 1537 641 barbaro
1579 594 1918 653 susceperat,

338 694 401 735 ac
443 680 662 735 dicere:
693 678 827 735 Cum
875 679 1071 735 bellum
1120 678 1452 732 barbaricum
1477 718 1492 742 ,
1541 692 1637 731 ceu
1664 675 1919 729 diluvium

338 770 605 839 quoddam
630 811 645 836 ,
694 771 995 825 universam
1022 770 1288 825 civitatem
1317 778 1459 824 esset
1501 769 1874 838 dissipaturum
1900 810 1914 835 ,

340 862 696 916 consternatis
722 861 872 916 vobis
895 876 955 916 ac
982 870 1124 915 metu
1149 860 1387 929 trepidis,
1418 858 1756 928 quotidieque
1776 874 1922 912 mor-

336 962 443 1005 tem
493 952 922 1021 exspectantibus
946 994 962 1018 ,
1006 966 1107 1021 ego
1148 951 1410 1007 accedens
1444 951 1655 1006 nemine
1677 950 1916 1019 compel-

336 1042 516 1108 lente,
547 1043 655 1096 imo
703 1052 752 1097 te
797 1042 1111 1112 prohibente
1155 1057 1218 1097 ac
1262 1043 1525 1097 retinente
1551 1042 1864 1111 dicenteque
1899 1060 1910 1095 :

335 1134 460 1189 Non
485 1136 671 1206 poteris
698 1136 790 1202 ire,
821 1136 1055 1205 quoniam
1086 1150 1209 1205 puer
1234 1151 1284 1187 es
1303 1175 1318 1200 ,
1363 1134 1449 1187 ille
1477 1142 1641 1186 autent
1660 1133 1736 1185 vir
1759 1133 1915 1186 bella-

336 1237 413 1280 tor
436 1244 469 1281 a
487 1229 750 1297 juventute
780 1243 870 1280 sua
891 1226 965 1299 (l.
990 1226 1117 1296 Reg.
1141 1228 1227 1281 17.
1252 1226 1345 1294 55)
1371 1246 1383 1279 :
1415 1241 1520 1279 non
1547 1240 1631 1279 me
1652 1226 1908 1289 continui,

333 1317 429 1371 sed
455 1331 590 1370 unus
614 1332 714 1386 pro
742 1318 985 1371 omnibus
1015 1316 1171 1371 insilii
1197 1357 1211 1379 ,
1262 1316 1470 1371 hostem
1501 1317 1685 1385 excepi
1709 1356 1722 1382 ,
1752 1324 1911 1384 caput

334 1408 622 1476 amputavi,
646 1422 708 1461 ac
728 1408 887 1462 veluti
913 1408 1159 1461 torrentis
1180 1409 1430 1477 impetum
1455 1409 1757 1477 quemdam,
1789 1409 1909 1460 bar—

333 1500 580 1554 barorum
603 1499 814 1554 illorum
842 1501 1070 1556 insultus
1088 1500 1266 1570 depuli
1285 1542 1301 1567 ,
1344 1501 1724 1570 rempublicam
1752 1503 1911 1555 vacil-

333 1592 528 1645 lantem
554 1592 885 1647 constabilivi
911 1609 923 1644 :
947 1607 1009 1646 ac
1037 1607 1128 1661 per
1156 1608 1242 1648 me
1270 1601 1325 1647 tu
1351 1593 1566 1663 quidem
1595 1609 1814 1662 regnum
1850 1609 1910 1648 ac

331 1682 513 1748 vitam,
545 1682 728 1737 exteri
754 1697 882 1737 vero
910 1697 1095 1737 omnes
1121 1692 1313 1751 praeter
1336 1685 1519 1747 vitam,
1548 1683 1815 1738 civitatem
1844 1699 1907 1739 ac

330 1770 540 1838 domos,
568 1771 767 1828 liberos
790 1782 843 1827 et
866 1787 1060 1828 uxores
1088 1782 1285 1827 tenent.
1328 1775 1405 1828 Ac
1433 1776 1693 1844 postillud
1724 1790 1909 1829 rursus

332 1875 612 1935 tropzeum,
643 1875 697 1922 et
722 1867 823 1921 alia
845 1866 982 1922 bella
1010 1884 1127 1938 quae
1157 1869 1363 1924 fortiter
1388 1884 1451 1924 ac
1480 1870 1700 1925 feliciter
1727 1884 1907 1939 gesse-

331 1964 432 2018 rat,
461 1954 563 2010 hoc
592 1972 696 2011 non
726 1958 994 2025 inferiora,
1024 1960 1192 2026 potuit
1214 1974 1657 2015 commemorare.
1688 1962 1765 2016 Ad
1790 1961 1907 2015 haec

328 2046 468 2112 quod
506 2062 626 2101 eum
655 2050 822 2104 semel
852 2058 1010 2119 atque
1040 2052 1227 2105 iterum
1255 2091 1269 2116 ,
1299 2052 1406 2106 imo
1432 2052 1627 2122 saepius
1652 2060 1909 2107 tentasset

328 2139 499 2203 ipsum
527 2151 559 2189 e
601 2136 777 2192 medio
824 2139 1038 2200 tollere,
1088 2140 1431 2209 lanceamque
1476 2141 1526 2194 in
1569 2148 1727 2210 caput
1768 2141 1906 2195 illius

327 2226 570 2280 torsisset
601 2244 614 2281 :
642 2242 748 2281 non
779 2237 955 2283 tamen
997 2231 1239 2285 meminit
1281 2232 1577 2298 malorum;
1608 2233 1732 2287 item
1763 2236 1903 2303 quod

335 2327 455 2385 post
483 2318 570 2372 illa
597 2328 765 2389 gesta,
803 2336 923 2376 cum
950 2321 1079 2378 Saﬁl
1107 2323 1325 2379 deberet
1352 2325 1542 2394 prioris
1570 2340 1757 2396 pugnae
1787 2326 1905 2381 red-

323 2405 455 2463 dere
482 2410 721 2477 praemia,
750 2414 1052 2481 poposcerit
1071 2416 1272 2479 dotem,
1303 2430 1406 2469 non
1436 2431 1639 2482 aurum,
1680 2434 1782 2472 non
1813 2433 1901 2471 ar-

322 2508 562 2567 gentum,
602 2501 698 2557 sed
724 2503 924 2558 eaedem
956 2514 1008 2558 et
1036 2505 1451 2560 internecionem
1482 2524 1493 2559 :
1524 2522 1586 2561 ac
1612 2522 1679 2562 ne
1707 2508 1758 2561 id
1783 2509 1898 2578 qui-

322 2588 443 2644 dem
470 2590 712 2647 abnuerit
751 2592 937 2647 David.
981 2593 1090 2649 Nee
1115 2595 1214 2650 ista
1238 2603 1463 2661 tantum,
1508 2597 1600 2651 sed
1640 2596 1721 2653 his
1742 2600 1898 2652 etiam

322 2685 489 2737 multo
540 2693 648 2739 tum
692 2686 840 2755 plura
885 2696 995 2741 tum
1040 2688 1240 2757 majora
1275 2689 1452 2745 dicere
1476 2693 1647 2761 potuit
1676 2711 1688 2746 :
1716 2708 1899 2747 verum

321 2776 454 2830 nihil
478 2776 667 2832 horum
693 2778 863 2845 dixit,
905 2793 1079 2849 neque
1117 2780 1168 2836 ei
1201 2789 1316 2835 erat
1344 2781 1552 2836 animus
1597 2782 1668 2836 illi
1706 2800 1898 2853 expro-

322 2867 477 2921 brare
506 2867 779 2935 beneficia,
808 2869 901 2925 sed
929 2878 1131 2925 tantum
1162 2872 1484 2941 persuadere
1513 2888 1570 2929 se
1598 2889 1716 2930 esse
1737 2893 1898 2931 unum

322 2974 388 3013 ex
418 2972 603 3013 eorum
629 2975 875 3028 numero,
904 2962 992 3032 qui
1023 2962 1192 3031 ipsum
1217 2972 1270 3018 et
1288 2974 1529 3019 amarent
1554 2981 1616 3021 ac
1641 2966 1894 3033 colerent,

323 3065 431 3103 non
457 3050 546 3120 qui
572 3051 913 3106 rebellionem
937 3060 1029 3106 aut
1056 3051 1274 3110 insidias
1300 3055 1634 3111 molirentur.

335 3173 338 3177 ι
394 3138 558 3195 Unius
596 3140 695 3195 Dei
736 3142 1041 3197 voluntatem
1064 3155 1251 3213 spectat
1290 3145 1488 3213 Dauid;
1515 3158 1723 3203 mortem
1763 3148 1898 3205 Sail-

319 3233 382 3285 lis
407 3232 575 3301 deﬂet.
599 3231 873 3302 Lacrymas
898 3235 1213 3290 audientibus
1235 3248 1393 3292 movet
1418 3236 1896 3309 Chrysostomus.——

317 3322 445 3377 Ideo
472 3324 843 3393 pra:termissis
871 3324 973 3379 illis
1001 3326 1275 3393 omnibus,
1320 3336 1523 3383 tantum
1547 3330 1685 3399 quod
1715 3346 1781 3386 eo
1807 3346 1896 3386 ac-

314 3416 516 3471 ciderat
537 3415 643 3481 die,
676 3417 731 3471 in
759 3416 1122 3473 defensionem
1149 3419 1390 3475 adduxit.
1423 3421 1600 3491 Usque
1634 3422 1768 3477 adeo
1794 3438 1893 3493 pu-

313 3522 407 3562 rus
444 3516 586 3572 erat,
617 3516 670 3562 et
694 3507 763 3562 ab
797 3509 941 3563 omni
970 3510 1113 3563 inani
1151 3510 1319 3580 gloria
1358 3512 1635 3578 immunis,
1667 3529 1765 3568 nec
1788 3515 1894 3568 alio

312 3600 573 3667 respexit,
596 3614 753 3669 quam
782 3600 849 3655 ad
876 3601 1031 3657 unius
1062 3602 1155 3656 Dei
1184 3602 1530 3657 voluntatem.
1557 3604 1754 3659 Deinde
1778 3606 1889 3659 ait:

312 3688 516 3744 Judicet
559 3689 808 3745 Dominus
850 3692 979 3746 inter
1023 3708 1102 3746 me
1134 3701 1180 3746 et
1224 3702 1271 3746 te
1315 3692 1486 3767 (Ibid.
1514 3710 1563 3747 υ.
1597 3696 1725 3762 1⁸5).
1779 3696 1893 3751 Hoc

314 3785 535 3839 verbum
559 3782 693 3839 dixit
716 3800 821 3840 non
849 3786 987 3855 quod
1015 3796 1234 3855 cuperet
1253 3788 1426 3858 puniri
1446 3789 1679 3857 Saﬁlem,
1710 3798 1800 3845 aut
1824 3791 1891 3846 de

314 3876 409 3932 illo
433 3892 619 3947 pcenas
646 3878 813 3944 sumi,
859 3879 954 3935 sed
996 3888 1053 3934 ut
1088 3880 1162 3935 illi
1192 3879 1531 3937 formidinem
1557 3882 1801 3954 injiceret
1825 3899 1891 3941 ex

315 3966 476 4022 futuri
514 3967 700 4038 judieii
738 3970 1240 4026 commemoratione
1277 3989 1289 4024 :
1330 3987 1505 4043 neque
1546 3982 1602 4029 ut
1644 3974 1892 4030 timorem

314 4056 578 4113 incuteret
603 4068 829 4127 tantum,
852 4075 1037 4114 verum
1061 4070 1117 4115 ut
1141 4062 1374 4131 seipsum
1399 4078 1429 4118 a
1454 4064 1690 4119 criminis
1718 4066 1891 4135 suspi-

313 4150 467 4207 cione
495 4160 757 4222 purgaret.
784 4152 1111 4221 Praecipuam
1136 4152 1370 4223 quidem,
1404 4155 1595 4225 inquit,
1623 4158 1892 4225 probatio-

315 4258 438 4299 nem
465 4258 532 4298 ex
558 4244 685 4313 ipsis
714 4243 884 4300 habeo
912 4242 1061 4299 factis
1086 4261 1099 4297 :
1128 4244 1267 4314 quod
1295 4245 1337 4299 si
1360 4260 1465 4299 non
1493 4247 1688 4312 credis,
1717 4249 1887 4317 ipsum

315 4333 485 4389 Deum
508 4334 698 4391 invoco
728 4343 938 4403 testem,
965 4336 1057 4406 qui
1082 4336 1337 4406 cujusque
1360 4338 1553 4392 mentis
1576 4353 1767 4393 arcana
1793 4353 1889 4393 no-

313 4425 409 4490 vit,
432 4433 487 4480 et
509 4426 731 4481 scrutari
756 4435 932 4496 potest
955 4427 1328 4483 conscientias.

385 4519 438 4573 5.
462 4518 586 4573 Haec
622 4530 798 4574 autem
840 4519 1089 4590 loquutus
1133 4529 1234 4588 est,
1281 4520 1559 4576 declarans
1587 4538 1645 4579 se
1685 4539 1886 4594 nequa-

313 4624 474 4679 quam
511 4623 761 4663 ausurum
806 4609 970 4665 fuisse
1006 4612 1274 4680 appeliare
1316 4612 1555 4668 Judicem
1595 4614 1759 4681 illum,
1804 4617 1887 4670 cui

314 4716 421 4756 non
449 4709 626 4771 potest
650 4701 869 4770 imponi,
891 4710 945 4755 et
964 4702 1016 4755 in
1043 4717 1160 4758 sese
1188 4703 1683 4760 condemnationem
1709 4721 1886 4762 accer-

312 4808 453 4858 sere,
484 4792 586 4847 nisi
621 4793 975 4847 certissimum
1016 4793 1253 4859 haberet,
1283 4811 1342 4850 se
1383 4797 1450 4851 ab
1487 4799 1629 4851 omni
1671 4799 1887 4854 insidia-

313 4900 429 4938 rum
470 4883 693 4938 crimine
731 4898 921 4953 purum
961 4897 1099 4939 esse.
1145 4885 1212 4939 Et
1239 4886 1381 4956 quod
1413 4902 1475 4942 ea
1504 4904 1622 4957 qua:
1666 4889 1889 4946 dicimus

312 4990 421 5030 non
449 4975 791 5044 conjecturae,
821 4975 916 5030 sed
943 4976 1084 5045 quod
1117 4977 1275 5032 simul
1309 4988 1364 5034 et
1387 4995 1506 5036 sese
1543 4997 1769 5053 purgare
1797 4999 1890 5038 cu-

311 5067 489 5136 piens,
519 5074 574 5121 et
599 5065 747 5119 illum
776 5064 844 5119 ad
879 5066 1219 5122 sobrietatem
1245 5084 1514 5137 revocare,
1545 5073 1685 5127 illius
1707 5073 1889 5141 judieii

310 5157 439 5212 fecit
460 5157 808 5225 mentionem,
832 5156 921 5212 illa
947 5172 1065 5227 qua:
1079 5160 1187 5227 jam
1213 5169 1358 5229 gesta
1389 5161 1601 5219 fuerunt
1628 5165 1891 5221 sufﬁcien-

312 5255 395 5302 ter
416 5247 738 5303 ostendunt:
768 5262 871 5302 non
899 5248 1073 5303 minus
1095 5257 1273 5304 autem
1321 5250 1405 5307 his
1434 5262 1489 5310 et
1514 5255 1623 5320 illa,
1647 5271 1767 5325 qum
1795 5273 1887 5326 po-

310 5347 427 5395 stea
457 5338 793 5405 acciderunt,
822 5339 977 5410 hujus
1003 5341 1081 5395 rei
1111 5340 1268 5396 fidem
1292 5344 1465 5400 facere
1487 5357 1726 5415 possunt.
1755 5348 1887 5403 Nam

311 5443 435 5484 cum
462 5443 650 5483 rursus
675 5428 798 5484 Saﬁl
824 5430 1096 5486 incidisset
1120 5431 1173 5485 in
1200 5447 1390 5487 manus
1418 5434 1579 5502 ipsius
1597 5477 1612 5503 ,
1644 5447 1764 5506 post
1790 5438 1887 5492 da-

312 5529 422 5575 tam
464 5521 692 5575 salutem
739 5521 1023 5591 insequens
1060 5522 1244 5589 illum,
1290 5532 1345 5578 et
1388 5525 1632 5583 occidere
1668 5530 1884 5596 volens,

310 5625 540 5682 cumque
585 5619 764 5681 posset
795 5610 1002 5668 hostem
1031 5628 1151 5668 cum
1176 5615 1422 5670 universo
1451 5621 1685 5673 exercitu
1711 5622 1889 5677 conci-

312 5697 464 5770 dere,
500 5702 702 5758 dimisit
740 5702 1175 5774 illumjntegrum
1199 5715 1253 5761 ct
1281 5708 1616 5764 incolumem.
1661 5711 1890 5783 Ideoque

314 5805 440 5851 cum
465 5793 623 5850 sciret
645 5793 891 5851 morbum
915 5797 1052 5865 regis
1080 5797 1519 5857 immedicabilcm
1546 5817 1685 5872 esse,
1719 5820 1889 5876 neque

1317 379 1406 434 DE
1447 374 1700 433 DAVlDE
1741 373 1827 429 ET
1865 369 2089 430 SAULE
2131 377 2405 434 HOMILIA
2449 380 2511 436 ll.

3495 396 3600 453 69$

2027 486 2174 544 illum
2224 507 2472 563 umquam
2511 495 2756 552 hostilem
2793 497 2845 552 in
2884 512 2942 555 se
2990 499 3224 556 animum
3264 504 3598 572 positurum,

2026 581 2293 637 submovit
2316 599 2434 639 sese
2454 586 2522 639 ab
2537 587 2699 643 oculis
2727 588 2886 653 illius,
2920 600 2973 645 et
2997 592 3135 661 apud
3163 594 3415 650 barbaros
3438 597 3598 652 vitam

2024 674 2244 741 agebat,
2285 678 2541 744 serviens,
2574 678 2775 735 honore
2803 681 3057 749 privatus,
3100 685 3302 754 pudore
3343 688 3596 754 suffusus,

2025 763 2205 820 labore
2233 782 2295 821 ac
2323 770 2533 825 miseria
2560 772 2659 825 sibi
2691 773 2788 841 ipsi
2818 787 3007 842 parans
3034 776 3097 830 ad
3131 778 3323 832 victum
3355 794 3599 834 necessa-

2023 857 2119 910 ria.
2150 860 2307 928 Atqui
2335 875 2441 915 non
2472 862 2573 917 hoc
2600 872 2801 919 tantum
2824 874 2906 920 est
2933 868 3073 936 quod
3099 871 3373 935 miremur,
3404 872 3498 926 sed
3529 874 3598 927 il-
3652 858 3655 861 5

2020 946 2109 1001 lud
2139 963 2368 1018 quoque,
2395 951 2534 1020 quod
2563 963 2905 1023 posteaquam
2932 958 3170 1013 audierat
3195 975 3372 1030 regem
3400 962 3452 1015 in
3481 963 3597 1019 acie

2019 1038 2295 1104 cecidisse,
2325 1040 2536 1096 discidit
2562 1052 2781 1111 vestem,
2812 1054 2866 1099 et
2904 1047 3082 1103 cinere
3110 1062 3168 1102 se
3193 1051 3511 1117 conspersit,
3540 1059 3595 1103 et

2019 1144 2084 1184 eo
2110 1130 2253 1185 luctu
2281 1132 2435 1197 luxit,
2467 1149 2572 1203 quo
2610 1136 2729 1204 quis
2759 1137 2963 1207 lugeret
3006 1139 3201 1193 amisso
3241 1141 3596 1210 primogenito

2016 1235 2373 1291 germanoque
2423 1224 2563 1290 filio;
2613 1227 2836 1283 subinde
2882 1244 3077 1284 nomen
3116 1231 3254 1285 illius
3304 1232 3595 1289 inclamans

2019 1327 2119 1366 una
2150 1329 2268 1367 cum
2296 1314 2389 1369 filii
2432 1318 2669 1383 nomine,
2701 1321 3008 1388 compositis
3037 1321 3197 1376 etiam
3223 1324 3498 1388 encomiis,
3531 1340 3595 1380 ac

2017 1417 2174 1458 voces
2196 1405 2375 1460 acerbi
2400 1406 2600 1461 doloris
2631 1418 2791 1465 testes
2819 1412 3085 1477 eminens,
3120 1413 3417 1481 impransus
3440 1429 3593 1467 man-

2014 1493 2084 1546 sit
2123 1510 2288 1564 usque
2314 1497 2381 1550 ad
2423 1512 2734 1567 vesperam,
2767 1516 3050 1556 exsecrans
3088 1511 3143 1557 et
3170 1504 3284 1572 ipsa
3328 1504 3443 1559 loca
3474 1522 3592 1575 qua:

2015 1580 2190 1638 Saulis
2218 1585 2525 1655 sanguinem
2552 1599 2887 1656 exceperant.
2916 1590 3132 1654 Montes,
3162 1592 3351 1661 inquit,
3382 1592 3591 1661 Gelboé’,

2012 1686 2077 1726 ne
2108 1673 2254 1726 cadat
2291 1691 2443 1744 super
2478 1690 2564 1730 vos
2592 1694 2748 1747 neque
2789 1694 2890 1741 ros,
2943 1695 3097 1749 neque
3135 1680 3306 1749 pluvia
3344 1697 3364 1735 :
3396 1693 3585 1737 montes

2011 1763 2213 1823 mortis,
2256 1767 2491 1832 quoniam
2521 1768 2628 1819 illic
2669 1768 2865 1821 sublata
2907 1779 3021 1822 sunt
3063 1771 3386 1826 tabernacula
3416 1784 3591 1842 poten-

2013 1858 2138 1910 tium
2188 1859 2262 1927 (2.
2297 1858 2423 1930 Reg.
2466 1866 2515 1916 1.
2544 1862 2651 1933 9.1).
2697 1862 2847 1930 Quod
2893 1878 3035 1933 saepe
3067 1875 3247 1933 patres
3276 1865 3501 1932 faciunt,
3535 1878 3592 1923 ut

2010 1949 2224 2003 domum
2255 1952 2415 2005 etiam
2437 1964 2766 2021 aversentur,
2790 1966 2842 2010 et
2865 1956 3028 2011 limen
3052 1957 3290 2013 dolenter
3310 1960 3586 2028 aspiciant,

2012 2056 2107 2111 per
2135 2041 2274 2111 quod
2301 2043 2537 2097 extulere
2568 2044 2753 2108 ﬁlium,
2778 2044 2880 2099 hoc
2902 2056 2953 2100 et
2984 2045 3070 2099 hic
3092 2045 3234 2112 fecit,
3261 2062 3355 2102 eos
3380 2061 3589 2103 montes

2010 2132 2301 2199 devoveas,
2332 2134 2423 2203 qui
2450 2135 2652 2189 caedem
2682 2137 2822 2189 illam
2853 2147 3198 2207 exceperant.
3226 2138 3347 2206 Odi,
3380 2140 3551 2210 inquit
3571 2184 3583 2205 ,

2011 2224 2180 2291 ipsum
2228 2225 2385 2278 etiam
2416 2225 2587 2279 locum
2612 2236 2827 2296 prOpter
2856 2238 3091 2282 mortuos
3121 2229 3231 2284 illic
3260 2240 3575 2299 prostratos.

2008 2314 2084 2369 Ne
2114 2316 2273 2385 igitur
2310 2316 2600 2385 irrigemini
2644 2316 2864 2385 posthac
2892 2318 3188 2373 czelestibus
3214 2320 3419 2389 pluviis,
3462 2321 3583 2389 quia

2008 2408 2145 2462 male
2169 2408 2335 2463 semel
2362 2408 2561 2479 irrigati
2582 2409 2711 2463 estis
2730 2410 3019 2464 amicorum
3040 2426 3281 2465 meorum
3309 2413 3581 2482 sanguine,

2008 2515 2176 2570 eaque
2220 2500 2439 2555 nomina
2475 2500 2698 2556 subinde
2726 2502 3019 2572 repetebat,
3067 2503 3135 2556 ita
3160 2502 3419 2573 loquens:
3455 2504 3583 2559 Saiit

2006 2603 2050 2647 et
2077 2592 2358 2662 Jonathas,
2393 2594 2633 2648 amabiles
2658 2612 2716 2648 ac
2741 2596 2973 2666 speciosi,
3004 2597 3056 2650 in
3081 2596 3179 2650 vita
3207 2613 3300 2650 sua
3333 2613 3433 2650 non
3470 2597 3584 2665 {uc-

2004 2696 2121 2740 rant
2151 2687 2412 2753 disiuncti,
2433 2704 2519 2741 nec
2542 2697 2701 2742 morte
2728 2705 2821 2743 sua
2844 2690 3064 2760 separati
3086 2699 3203 2744 sunt
3230 2689 3577 2759 (Ibid-v.25).

2004 2777 2263 2845 Quoniam
2304 2779 2447 2833 enim
2487 2778 2727 2834 absentia
2774 2779 2983 2834 illorum
3026 2796 3248 2850 corpora
3288 2795 3395 2835 non
3437 2781 3584 2835 licuit

2001 2868 2269 2937 amplecti,
2302 2870 2515 2924 nomina
2545 2868 2752 2923 illorum
2781 2870 3089 2938 complexus
3114 2879 3216 2937 est,
3244 2886 3397 2925 suum
3428 2870 3581 2926 dolo-

2004 2976 2116 3015 rem
2139 2960 2285 3018 hisee
2310 2962 2480 3019 modis
2507 2970 2769 3031 quatenus
2798 2961 2944 3016 licuit
2962 2961 3166 3017 leniens
3190 2970 3241 3016 et
3263 2961 3577 3017 calamitatis

2001 3055 2415 3126 magnitudinem
2458 3055 2727 3124 mitigans.
2770 3051 2901 3120 Quia
2930 3054 3071 3108 enim
3098 3068 3127 3106 a
3158 3052 3338 3106 multis
3380 3052 3577 3106 malum

2001 3146 2281 3216 putabatur
2305 3144 2618 3215 insanabile,
2642 3144 2826 3200 ambos
2845 3143 3032 3199 eodem
3060 3144 3317 3199 cecidisse
3336 3141 3445 3208 die,
3476 3142 3577 3196 hoc

2000 3239 2172 3308 ipsum
2217 3238 2441 3308 arripuit
2484 3239 2536 3292 in
2599 3236 2974 3293 consolationis
3018 3243 3405 3304 argumentum.
3444 3232 3577 3287 Nam

1998 3330 2139 3400 quod
2185 3331 2279 3395 ait,
2315 3330 2380 3384 In
2426 3332 2525 3385 vita
2568 3348 2661 3385 sua
2698 3346 2799 3383 non
2844 3333 3040 3399 fuerant
3081 3328 3353 3399 disjuncti,
3401 3343 3488 3381 nec
3524 3327 3578 3379 in

1998 3431 2156 3477 morte
2192 3433 2308 3476 sunt
2341 3424 2581 3488 separati,
2612 3421 2775 3476 verba
2815 3429 2965 3476 erant
2989 3420 3118 3475 nihil
3160 3420 3299 3475 aliud
3335 3418 3572 3489 agentis,

1996 3530 2155 3583 quam
2186 3522 2243 3568 ut
2270 3514 2371 3568 hoc
2390 3514 2543 3568 cedat
2571 3514 2623 3567 in
2645 3512 2893 3567 solatium
2916 3511 3136 3566 doloris.
3163 3512 3279 3568 Jam
3307 3512 3469 3575 enim,
3496 3510 3578 3563 in-

1996 3607 2129 3676 quit,
2152 3620 2257 3659 non
2283 3614 2458 3673 potest
2483 3605 2607 3670 dici,
2636 3603 2776 3673 quod
2800 3603 2937 3657 filius
2956 3602 3252 3673 orphanum
3274 3615 3393 3657 esse
3416 3615 3475 3657 se
3504 3602 3575 3655 lu-

1993 3705 2134 3766 geat,
2185 3710 2356 3766 neque
2393 3694 2534 3762 quod
2582 3702 2733 3765 pater
2770 3692 3050 3748 orbitatem
3089 3707 3237 3747 suam
3283 3691 3521 3760 deploret
3558 3710 3571 3744 :

1993 3802 2178 3842 verum
2208 3785 2350 3855 quod
2391 3785 2568 3849 nullis,
2605 3785 2793 3853 inquit,
2832 3784 3040 3853 obtigit,
3072 3782 3179 3837 illis
3205 3783 3461 3852 contigit:
3489 3782 3571 3835 vi-

1994 3876 2189 3932 delicet
2213 3889 2318 3930 uno
2343 3874 2636 3943 eodemque
2660 3874 2749 3927 die
2785 3889 2815 3929 c
2843 3873 2974 3927 vivis
3006 3872 3175 3941 erepti
3203 3880 3357 3937 sunt,
3384 3881 3573 3926 neutro

1993 3967 2145 4023 alteri
2186 3966 2484 4036 superstite.
2519 3964 2867 4019 Existimabat
2904 3965 3043 4017 enim
3086 3964 3246 4017 vitam
3289 3963 3388 4019 sibi
3425 3963 3569 4033 inju-

1994 4060 2221 4113 cundam
2250 4059 2381 4123 fore,
2410 4057 2453 4111 si
2482 4057 2616 4111 alter
2640 4055 2706 4109 ab
2730 4054 2899 4109 altero
2925 4053 3108 4109 fuisset
3132 4054 3388 4108 divulsus.
3409 4053 3571 4108 Com-

1996 4150 2283 4206 movcmini
2314 4163 2475 4215 nunc,
2497 4146 2858 4218 lacrymamini
2888 4161 3045 4209 nunc,
3070 4155 3123 4200 et
3150 4147 3328 4200 animo
3358 4155 3567 4215 pertur—

1994 4242 2227 4307 bamini;
2257 4255 2424 4310 usque
2444 4239 2509 4294 ad
2532 4240 2884 4310 lacrymarum
2905 4237 3211 4292 effusionem
3242 4239 3424 4292 mutati
3446 4246 3572 4293 sunt

1994 4335 2133 4391 oculi
2167 4333 2365 4389 vestri?
2404 4331 2554 4386 Nunc
2596 4331 2724 4385 mihi
2756 4330 2980 4400 quisque
3018 4327 3326 4384 recordetur
3368 4328 3571 4383 inimici

1993 4426 2083 4495 qui
2112 4424 2264 4489 laesit,
2299 4422 2483 4477 dolore
2510 4421 2797 4477 etiamnum
2826 4420 2876 4472 in
2905 4419 3082 4473 animo
3108 4426 3384 4481 aestuante,
3414 4424 3569 4487 atque

1994 4517 2136 4572 hunc
2162 4526 2217 4572 et
2259 4516 2434 4570 vivum
2476 4520 2678 4579 servet,
2714 4521 2768 4567 et
2808 4513 2915 4564 vita
2962 4509 3264 4565 defunctum
3304 4508 3567 4579 deploret,

1994 4608 2135 4664 haud
2162 4607 2373 4678 quidem
2403 4605 2470 4660 ad
2498 4606 2928 4668 ostentationem,
2960 4601 3053 4655 sed
3084 4616 3149 4656 ex
3177 4601 3380 4667 animo,
3412 4614 3569 4654 vero-

1993 4716 2096 4771 que
2124 4699 2321 4755 corde:
2349 4698 2553 4753 etiamsi
2576 4695 2703 4765 quid
2729 4693 3100 4765 perferendum
3128 4692 3197 4747 sit
3225 4682 3564 4755 incommodi,

1997 4808 2062 4848 ne
2101 4790 2228 4862 quid
2269 4790 2503 4845 offendat
2528 4805 2649 4843 eum
2687 4788 2776 4857 qui
2821 4787 2976 4850 lazsit,
3020 4786 3198 4841 omnia
3228 4794 3337 4839 tum
3379 4780 3565 4849 fmﬁat,

1994 4894 2105 4938 tum
2140 4882 2388 4953 patiatur,
2428 4894 2616 4950 magna
2650 4893 2680 4932 a
2717 4878 2827 4933 Deo
2867 4885 3180 4946 exspectans
3219 4874 3458 4944 praemia.
3486 4874 3568 4928 En

1997 4975 2082 5030 hic
2108 4975 2268 5030 etiam
2296 4988 2515 5042 regnum
2551 4971 2773 5041 adeptus
2797 4978 2898 5036 est,
2930 4982 3028 5023 nec
3065 4976 3238 5021 tamen
3278 4966 3569 5036 inquinavit

1995 5068 2141 5124 caade
2169 5081 2357 5121 manus
2376 5106 2390 5131 ,
2420 5063 2512 5119 sed
2550 5063 2786 5117 dextram
2816 5060 3012 5115 habens
3036 5073 3242 5129 puram,
3274 5057 3349 5112 sic
3368 5071 3569 5112 corona

1996 5160 2271 5217 redimitus
2298 5169 2395 5223 est,
2427 5159 2503 5212 sic
2521 5157 2585 5211 ad
2611 5155 2800 5210 solium
2823 5152 3079 5217 ascendit,
3109 5163 3340 5220 purpura
3368 5162 3433 5204 ac
3455 5148 3569 5204 dia-

1995 5251 2203 5306 demate
2245 5248 2665 5319 magnificentius
2693 5244 2990 5299 encomium
3034 5252 3279 5312 gestans,
3326 5241 3577 5296 videlicet

1995 5344 2134 5415 quod
2183 5343 2320 5398 hosti
2364 5343 2721 5412 pepercisset,
2774 5336 2915 5405 quod
2960 5336 3202 5390 eumdem
3252 5335 3568 5388 exstinctum

1996 5438 2235 5491 luxisset.
2267 5434 2468 5490 Idcirco
2494 5446 2600 5486 non
2629 5430 2782 5483 vivus
2807 5427 2985 5493 modo,
3008 5426 3100 5481 sed
3126 5437 3178 5481 et
3204 5434 3439 5479 mortuus
3470 5425 3567 5477 ho-

1996 5533 2196 5586 minum
2236 5529 2489 5585 memoria
2534 5527 2852 5583 celebratur.
2896 5524 3225 5592 Quapropter
3248 5524 3294 5580 si
3331 5522 3478 5592 cupis
3514 5531 3569 5576 et

1998 5624 2083 5678 hic
2108 5632 2413 5693 perpetuam
2448 5619 2702 5689 consequi
2741 5617 2991 5688 gloriam,
3020 5626 3073 5669 et
3098 5614 3206 5668 illic
3240 5613 3420 5668 solidis
3448 5628 3567 5681 per-
3592 5650 3597 5655 ο

1995 5716 2095 5770 frui
2122 5716 2293 5778 bonis,
2327 5713 2482 5782 hujus
2514 5711 2642 5780 justi
2678 5710 2924 5764 virtutem
2966 5707 3191 5771 imitare,
3222 5705 3380 5774 hujus
3401 5720 3567 5759 temu-

1998 5809 2107 5864 larc
2146 5805 2550 5877 philosqihiam,
2581 5801 2801 5859 ostende
2841 5800 2989 5855 factis
3018 5800 3144 5870 ipsis
3185 5793 3569 5866 banerinjutia-
