4038 6360
436 395 541 450 695

434 525 554 565 rum
594 504 947 570 tolerantiam,
992 508 1049 556 ut
1093 498 1309 557 eosdem
1351 496 1559 555 labores
1586 494 1875 555 sustinens,
1921 502 2011 541 ea-

434 603 558 658 dem
588 600 727 655 bona
752 592 1097 664 consequaris
1122 609 1133 644 :
1165 606 1283 660 qua:
1314 590 1514 643 utinam
1559 584 1830 650 contingat
1863 578 2016 633 nobis

435 694 682 749 omnibus
706 689 947 758 adipisci,
978 685 1152 756 gratia
1187 692 1241 737 et
1265 680 1587 750 benignitate
1613 674 1819 730 Domini
1847 670 2017 726 nostri

435 787 560 842 Jesu
593 780 821 843 Christi,
854 777 941 833 cui
983 791 1105 831 cum
1137 774 1292 829 Patre
1319 786 1421 826 una
1452 784 1570 823 cum
1597 774 1781 821 sancto
1815 762 2017 832 Spiritu

435 874 625 945 gloria,
665 869 969 939 imperium,
1011 866 1202 931 honor,
1234 877 1375 917 nunc
1404 870 1458 916 et
1486 871 1717 927 semper,
1748 862 1804 909 et
1838 854 1889 906 in
1918 866 2017 917 sae-

438 965 557 1021 cula
584 962 923 1029 steculorum.
956 958 1146 1012 Amen.

1035 1043 1315 1102 HOMILIA
1341 1040 1427 1095 lll.

442 1143 591 1212 Quod
606 1140 941 1211 periculosum
965 1137 1027 1191 sit
1043 1136 1184 1189 adire
1204 1130 1511 1203 spectacula,
1528 1136 1576 1181 et
1592 1142 1650 1179 ea
1663 1140 1741 1178 res
1764 1122 2019 1176 adulteros

512 1235 758 1305 perfectos
803 1232 977 1301 faciat,
1010 1237 1054 1281 et
1092 1228 1209 1280 hinc
1237 1224 1436 1278 tristitia
1465 1219 1809 1285 contentioque
1838 1229 2018 1266 nasca-

513 1342 595 1384 tur
616 1345 635 1383 :
676 1338 781 1380 tum
808 1324 941 1395 quod
969 1338 1114 1376 omne
1150 1318 1426 1374 tolerantia:
1466 1330 1623 1385 genus
1661 1310 1826 1364 David
1854 1308 1906 1361 in
1936 1308 2017 1370 iis,

514 1438 631 1493 qua:
653 1422 768 1493 fecit
799 1435 919 1488 erga
945 1416 1172 1479 Saftlem,
1203 1410 1449 1481 superarit
1472 1424 1490 1461 :
1520 1414 1768 1476 postremo
1788 1401 1923 1471 quod
1946 1418 2023 1453 ru-

512 1516 687 1585 piuam
715 1527 856 1581 (equo
885 1509 1053 1562 animo
1083 1509 1235 1576 ferre,
1263 1518 1364 1556 non
1390 1500 1553 1553 minor
1580 1499 1733 1551 virtus
1762 1496 1843 1558 sit,
1870 1508 2022 1563 quam

515 1604 692 1675 largiri
720 1603 1105 1669 eleetnosynam.

517 1700 574 1753 l.
606 1694 865 1765 Equidem
900 1691 1130 1745 arbitror
1158 1686 1353 1742 multos
1382 1700 1445 1739 ex
1490 1683 1575 1746 iis,
1609 1680 1698 1749 qui
1730 1694 1899 1748 nnpcr
1926 1692 2023 1731 nus

445 1790 808 1850 deseruerant,
835 1792 891 1839 et
912 1780 978 1837 ad
1004 1778 1293 1851 iniquitatis
1315 1773 1613 1843 spectacula
1639 1771 2022 1831 discesserant,

445 1880 607 1937 hodie
646 1884 936 1949 praesentes
970 1887 1109 1928 esse.
1152 1868 1389 1939 Optarim
1430 1875 1609 1920 autem
1641 1864 1768 1918 istos
1803 1860 1891 1929 qui
1921 1860 2027 1913 sint

447 1973 622 2042 palam
653 1983 831 2031 nosse,
871 1975 928 2021 ut
952 1980 1046 2021 eos
1073 1979 1104 2017 a
1146 1963 1313 2016 sacris
1341 1958 1615 2013 vestibulis
1656 1970 1889 2020 arceam,
1921 1967 2025 2006 non

446 2040 508 2119 ut
527 2070 780 2133 perpetuo
806 2057 934 2113 foris
959 2060 1221 2116 maneant,
1246 2050 1341 2107 sed
1360 2059 1414 2105 ut
1447 2047 1674 2104 correcti
1700 2044 1877 2099 denuo
1906 2040 2028 2096 red-

446 2164 611 2211 eant:
646 2148 1069 2223 quandoquidem
1098 2155 1150 2201 et
1168 2153 1345 2214 patres
1371 2142 1508 2195 filios
1532 2139 1901 2206 delinquentes
1926 2134 2029 2188 fre-

445 2255 674 2317 quenter
700 2259 765 2299 ex
795 2240 1000 2296 aedibus
1015 2238 1249 2309 exigunt,
1267 2230 1901 2290 etamensasubmovcnt,
1921 2239 2025 2278 non

446 2316 507 2391 ut
521 2350 731 2405 semper
746 2334 889 2388 illinc
903 2330 1164 2393 exsulent,
1179 2326 1274 2382 sed
1299 2333 1357 2379 ut
1376 2323 1475 2377 hac
1493 2319 1822 2390 correptione
1838 2316 2027 2372 redditi

447 2427 719 2489 meliores,
734 2438 853 2478 cum
871 2421 1048 2477 debita
1067 2417 1221 2472 laude
1239 2424 1294 2471 et
1314 2414 1517 2469 honore
1538 2412 1589 2466 in
1615 2418 1888 2481 paternam
1910 2407 2046 2462 red-r

446 2524 573 2573 eant
597 2524 815 2570 sortem.
845 2511 988 2565 Idem
1010 2524 1138 2565 sane
1167 2508 1362 2562 faciunt
1390 2512 1443 2559 et
1466 2512 1720 2573 pastores,
1752 2499 1878 2554 dum
1902 2512 2030 2552 oves

446 2608 629 2663 scabie
638 2605 878 2675 Oppletas
896 2618 926 2657 a
942 2601 1085 2657 sanis
1100 2608 1397 2670 segregant,
1417 2606 1468 2651 ut
1489 2595 1684 2649 misero
1701 2591 1885 2648 morbo
1897 2589 2032 2645 leva-

448 2708 541 2766 ιω,
562 2697 737 2753 denuo
754 2704 866 2750 tuto
885 2693 951 2748 ad
967 2707 1123 2748 sanas
1145 2697 1493 2751 revertantur,
1508 2700 1575 2741 ne
1590 2693 1800 2755 aegrotas
1815 2696 2028 2752 gregem

449 2792 755 2847 universum
778 2803 876 2845 suo
906 2787 997 2842 illo
1025 2786 1212 2840 morbo
1239 2782 1513 2852 impleant.
1538 2779 1659 2834 Ideo
1687 2776 2030 2847 cupiebamus

450 2881 585 2938 istos
601 2893 756 2934 nosse
775 2893 789 2943 ;
812 2877 906 2933 sed
929 2876 1167 2947 quamvis
1178 2887 1271 2929 eos
1285 2871 1524 2940 corporis
1539 2868 1705 2923 oculis
1721 2867 2031 2936 dignoscere

450 2987 559 3027 non
584 2970 879 3034 valeamus,
918 2966 1141 3022 verbum
1170 2973 1347 3018 tamen
1378 2974 1469 3016 eos
1502 2972 1717 3030 prorsus
1746 2965 2025 3026 agnoscet,

449 3072 800 3132 correptaque
823 3060 1032 3120 illorum
1051 3055 1391 3116 conscientia,
1414 3051 1565 3106 facile
1596 3049 1949 3119 persuadebit,
1976 3057 2029 3100 ut

457 3168 559 3209 sua
596 3160 783 3222 sponte
814 3150 1159 3217 volentesque
1188 3153 1402 3208 exeant,
1442 3143 1640 3196 docens
1678 3140 1824 3194 illum
1859 3139 2030 3192 solum

451 3258 572 3301 esse
600 3243 761 3307 intus,
792 3241 882 3310 qui
908 3246 1135 3293 mentem
1160 3234 1260 3291 hac
1287 3232 1666 3289 exercitatione
1688 3230 1901 3299 dignam
1932 3228 2028 3280 ha-

454 3334 581 3391 beat
606 3352 619 3387 :
646 3333 808 3388 veluti
832 3339 1039 3394 contra,
1078 3327 1169 3397 qui
1197 3332 1445 3393 corrupte
1472 3322 1657 3376 vivens
1683 3335 1848 3377 sacrae
1879 3318 2031 3387 hujus

457 3424 878 3497 congregationis
906 3422 1169 3492 particeps
1199 3428 1302 3486 est,
1332 3417 1537 3472 etiamsi
1576 3430 1802 3484 corpore
1828 3413 1912 3467 hic
1939 3413 2033 3467 ad-

455 3516 673 3581 stiterit,
700 3514 931 3584 rejeetus
954 3520 1055 3575 est,
1081 3508 1367 3578 veriusque
1386 3504 1681 3570 submotus,
1703 3518 1858 3574 quam
1885 3503 1921 3557 ii
1944 3503 2029 3572 qui

456 3609 602 3665 foras
636 3607 835 3662 exclusi
882 3612 1005 3660 sunt
1058 3599 1155 3674 (a),
1201 3599 1394 3669 quibus
1435 3597 1666 3652 nondum
1702 3596 1824 3651 licet
1868 3609 2032 3648 sacrae

459 3714 662 3763 mensae
709 3695 990 3767 participes
1036 3706 1176 3747 esse.
1215 3689 1488 3758 Siquidem
1521 3688 1591 3741 illi
1635 3686 1922 3741 secundum
1953 3684 2032 3739 di-

456 3795 609 3848 vinas
650 3792 794 3861 leges
822 3787 1025 3857 expulsi
1064 3785 1301 3854 forisque
1342 3789 1637 3843 manentes,
1686 3779 1940 3833 hactenus
1980 3783 2033 3833 in

459 3898 559 3954 spe
585 3883 721 3937 bona
749 3889 875 3935 sunt
910 3896 924 3933 :
955 3892 1075 3931 nam
1103 3876 1149 3931 si
1174 3874 1334 3929 modo
1364 3872 1527 3927 velint
1547 3871 1815 3940 corrigere
1842 3869 2034 3924 delicta

457 3991 578 4043 sua,
606 3974 678 4031 ob
704 3988 822 4043 qua:
848 3988 943 4041 per
968 3969 1261 4026 Ecclesiam
1291 3973 1416 4019 sunt
1450 3964 1628 4033 ejecti,
1662 3969 1912 4031 poterunt
1943 3961 2037 4015 dc-

459 4083 568 4123 nuo
592 4080 713 4121 cum
740 4077 869 4134 pura
894 4059 1217 4117 conscientia
1243 4055 1456 4111 reverti.
1482 4053 1658 4122 Atqui
1686 4053 1890 4120 seipsos
1910 4065 2036 4105 con-

461 4157 852 4217 taminaverunt
870 4194 885 4219 ,
917 4159 971 4207 et
994 4148 1249 4205 admoniti
1275 4162 1344 4201 ne
1365 4144 1512 4213 prius
1539 4145 1839 4207 introeant,
1868 4140 2039 4195 donec

460 4245 723 4307 maculam
751 4258 783 4299 e
809 4240 1097 4297 sceleribus
1121 4245 1447 4293 contractam
1473 4229 2038 4303 repurgarint,deinde

464 4336 801 4407 itnpudemer
827 4347 886 4388 se
909 4338 1117 4405 gerunt,
1145 4328 1335 4382 vulnus
1364 4333 1419 4380 et
1445 4322 1596 4385 ulcus
1621 4317 1781 4373 animi
1812 4319 2040 4373 reddunt

464 4427 709 4483 acerbius
732 4440 795 4481 ac
832 4424 1019 4493 majus.
1058 4421 1238 4491 Neque
1264 4419 1404 4473 enim
1431 4424 1535 4470 tam
1575 4427 1737 4484 grave
1766 4420 1847 4467 est
1872 4412 2040 4466 delin-

466 4531 655 4588 quere,
680 4530 838 4586 quam
867 4523 984 4583 post
1006 4513 1254 4569 delictum
1278 4509 1608 4579 impudenter
1630 4520 1687 4560 sc
1706 4519 1914 4574 gerere,
1942 4517 2042 4557 nec

465 4624 657 4680 parere
696 4605 1060 4662 sacerdotibus
1088 4604 1212 4658 talia
1235 4600 1564 4671 jnbcntibus.
1592 4599 1661 4653 Et
1693 4595 1818 4666 quid
1851 4595 1923 4662 hi,
1963 4596 2044 4649 in-

469 4705 677 4774 quiunt,
707 4699 851 4755 adeo.
868 4697 1042 4766 magni
1080 4695 1299 4750 sceleris
1323 4692 1725 4755 commiserunt,
1758 4695 1813 4742 ut
1836 4689 1903 4743 ab
1930 4687 2044 4741 istis

470 4795 641 4850 sacris
669 4791 921 4853 cancellis
949 4788 1161 4845 arcendi
1191 4786 1333 4841 sint?
1357 4786 1466 4840 lmo
1494 4783 1635 4853 quod
1662 4782 1914 4836 delictum
1945 4779 2046 4833 hoc

468 4886 684 4957 gravius
709 4882 904 4954 quaeris
933 4882 1176 4944 istorum,
1204 4878 1295 4948 qui
1321 4891 1445 4931 cum
1480 4876 1682 4944 seipsos
1715 4873 1867 4943 plane
1895 4870 2046 4924 adul-

469 4980 605 5035 terio
642 4975 1071 5037 contaminarint,
1101 4970 1436 5041 impudenter
1460 4983 1522 5023 ac
1564 4966 1868 5022 rabidorum
1898 4978 2047 5019 more

466 5085 681 5131 canum,
710 5067 775 5122 ad
796 5081 1000 5121 sacram
1023 5064 1157 5118 hanc
1178 5076 1411 5116 mensam
1442 5058 1685 5114 irruunt?
1709 5056 1856 5125 Quod
1887 5056 1927 5109 si
1958 5070 2053 5108 ve.

470 5164 536 5218 lis
578 5160 823 5217 adulterii
867 5158 1079 5212 modum
1109 5168 1450 5225 cognoscere,
1492 5168 1595 5205 non
1624 5165 1737 5203 mea
1768 5149 1923 5201 vrrba
1955 5147 2047 5199 tibi

470 5254 718 5315 referam,
749 5250 842 5306 sed
874 5250 1014 5305 illius
1041 5248 1129 5318 qui
1159 5248 1224 5301 de
1252 5255 1362 5300 tota
1392 5244 1621 5309 hominis
1648 5242 1749 5294 vita
1777 5240 2045 5307 judicatu-

472 5360 565 5399 rus
591 5354 672 5399 est
696 5358 709 5394 :
744 5342 843 5408 Qui
870 5341 1009 5396 enim
1039 5339 1235 5405 viderit,
1268 5337 1456 5405 inquit,
1490 5334 1747 5387 mulierem
1774 5331 1840 5384 ad
1865 5347 2049 5383 concu-

474 5434 763 5501 piscendam
801 5433 964 5497 illam,
995 5432 1109 5501 jam
1135 5429 1407 5489 mmo/tatus
1443 5435 1514 5479 est
1543 5442 1653 5478 eam
1682 5425 1733 5476 in
1771 5422 1919 5476 corde
1959 5439 2050 5476 suo

477 5525 688 5597 (Matth.
722 5524 774 5580 5.
801 5522 914 5591 28).
942 5523 1091 5588 Quod
1113 5520 1158 5577 si
1184 5521 1373 5575 mulier
1395 5517 1531 5571 forte
1561 5517 1612 5569 in
1644 5513 1760 5568 foro
1787 5514 1964 5580 obvia,
1992 5523 2046 5568 et

478 5617 771 5686 neglectius
811 5617 949 5670 culta
977 5630 1119 5684 saepe
1146 5611 1405 5668 curiosius
1428 5608 1723 5662 intuentem
1759 5608 1898 5675 cepit
1937 5606 2053 5674 ipso

480 5708 654 5762 vultus
681 5716 932 5776 aspectu;
973 5706 1060 5761 isti
1091 5704 1180 5775 qui
1218 5718 1323 5759 non
1362 5700 1689 5770 simpliciter,
1739 5714 1909 5768 neque
1948 5698 2054 5753 for-

546 5818 619 5880 (a)
651 5822 962 5870 vomitantes.

1192 385 1248 441 ὃ.
1290 379 1564 441 JOANNIS
1602 369 2075 436 CHRYSOSTOMI
2118 368 2436 424 AllClllEP.
2475 367 3009 425 CONSTANTINOP.

3596 365 3695 429 (ἰθὺ

2126 482 2276 547 tuito,
2315 482 2407 538 sed
2437 484 2631 551 studio,
2665 493 2718 538 ct
2744 494 2887 539 tanto
2927 483 3130 549 studio,
3172 494 3228 537 ut
3254 483 3543 539 Ecclesiatn
3568 499 3701 553 quo-

2122 591 2226 644 que
2251 586 2617 641 oomemnant,
2644 586 2700 631 et
2719 575 2819 631 hac
2837 590 2994 632 causa
3021 586 3246 645 pergunt
3271 576 3413 639 illuc,
3441 590 3504 630 ac
3530 585 3699 630 totum

2122 667 2193 721 ibi
2219 666 2523 722 desidentes
2556 668 2695 723 diem
2740 668 2791 723 in
2830 667 2991 722 facies
3030 667 3355 736 abjectarum
3388 668 3701 723 feminarum

2124 758 2328 813 illarum
2375 759 2576 817 defixos
2615 760 2809 815 habent
2846 759 3050 825 oculos,
3096 774 3199 829 qua
3246 759 3419 813 fronte
3457 768 3706 827 poterunt

2123 849 2322 917 dicere,
2349 865 2407 906 se
2450 866 2541 905 eas
2571 867 2677 906 non
2715 852 2911 906 vidisse
2951 851 3016 906 ad
3054 850 3570 919 concupiscendum?
3610 850 3706 906 ubi

2127 940 2289 995 verba
2318 956 2527 1011 quoque
2554 942 2817 997 accedunt
2846 942 3009 997 fracta
3036 942 3355 1012 lascivaque,
3387 942 3474 995 ubi
3500 942 3704 995 cantio.

2126 1047 2222 1086 nes
2255 1036 2593 1102 meretriciae,
2636 1036 2723 1089 ubi
2764 1050 2865 1090 vox
2894 1035 3238 1091 vehementer
3265 1034 3329 1088 ad
3375 1034 3704 1104 voluptatem

2126 1127 2447 1195 composita,
2476 1127 2565 1181 ubi
2592 1129 2751 1182 stibio
2774 1127 2898 1197 picti
2924 1128 3079 1192 oculi,
3114 1127 3199 1182 ubi
3229 1126 3497 1185 coloribus
3525 1126 3705 1181 t’utcttc

2124 1232 2295 1287 genm,
2326 1219 2411 1272 ubi
2440 1221 2603 1273 vestis
2627 1220 2890 1275 curiosius
2914 1220 3253 1281 concinnata,
3276 1219 3362 1272 ubi
3395 1219 3553 1273 totius
3580 1233 3704 1272 cor-

2128 1311 2270 1378 poris
2299 1310 2508 1368 habitus
2533 1313 2652 1368 fuco
2678 1314 2866 1381 plenus
2892 1320 2992 1375 est,
3022 1312 3229 1380 aliaque
3253 1312 3415 1366 multa
3441 1312 3703 1367 lenocinia

2126 1402 2192 1461 ad
2236 1402 2491 1458 fallendos
2527 1404 2948 1473 inescandosque
2976 1405 3241 1457 intuentes
3283 1404 3565 1467 instructa;
3614 1402 3704 1456 ubi

2128 1496 2371 1551 socordia
2414 1495 2786 1563 spectantium,
2835 1495 3100 1565 multaque
3127 1494 3389 1559 confusio,
3426 1495 3551 1549 hinc
3592 1494 3706 1565 ipse

2129 1588 2278 1642 locus
2311 1589 2377 1641 ad
2406 1587 2675 1642 lasciviam
2703 1588 2953 1653 invitatis,
2991 1598 3100 1641 tum
3130 1588 3197 1641 ab
3228 1587 3290 1642 iis
3318 1587 3706 1641 acroamatihus

2125 1694 2245 1749 qua:
2275 1687 2679 1747 prmcesserunt,
2711 1687 2821 1734 tum
2859 1681 2926 1734 ab
2951 1679 3014 1733 iis
3042 1696 3159 1749 qum
3183 1689 3505 1749 consequuta
3543 1680 3708 1734 sunt?

2128 1767 2405 1822 Accedunt
2444 1768 2767 1823 irritamenta
2815 1784 2911 1839 per
2951 1769 3155 1827 fistulas
3191 1784 3254 1824 ac
3283 1770 3456 1837 tibias,
3498 1770 3706 1839 aliaque

2130 1858 2244 1927 ejus
2272 1860 2483 1927 generis
2507 1860 2814 1924 modulatio,
2849 1860 2900 1913 in
2940 1859 3179 1914 fraudem
3209 1860 3447 1924 illiciens,
3480 1862 3705 1915 mentis-

2130 1964 2233 2017 que
2263 1949 2423 2003 robur
2448 1950 2725 2005 emolliens
2748 1990 2763 2015 ,
2802 1966 2865 2006 ac
2886 1951 3220 2005 meretricum
3252 1951 3455 2007 insidiis
3481 1961 3537 2006 et
3558 1951 3708 2007 dele-

2131 2046 2361 2099 ctatione
2392 2058 2697 2113 prmparans
2728 2044 2835 2099 illic
2875 2044 3228 2105 desidentium
3270 2044 3506 2104 animos.
3537 2043 3709 2098 efliei—

2131 2152 2330 2205 ensqne
2356 2144 2413 2190 ut
2441 2135 2644 2191 facilius
2660 2136 2987 2205 capiantur‘.
3008 2135 3216 2192 Eteuim
3247 2135 3295 2190 si
3323 2135 3428 2203 hic,
3447 2136 3531 2189 ubi
3565 2137 3709 2204 psal-

2134 2227 2225 2290 mi,
2250 2225 2338 2279 ubi
2368 2241 2577 2296 preces,
2609 2227 2697 2282 ubi
2717 2226 3017 2281 divinorum
3040 2226 3372 2296 eloquiorum
3415 2228 3703 2293 enarratio,

2134 2320 2219 2372 ubi
2250 2319 2343 2373 Dei
2374 2326 2563 2381 metus,
2591 2320 2860 2388 multaque
2884 2318 3069 2388 pietas,
3098 2318 3419 2387 frequenter,
3447 2334 3545 2375 ceu
3569 2321 3715 2375 latro

2133 2408 2392 2478 quispiam
2413 2417 2680 2475 versutus,
2704 2409 2839 2463 clam
2862 2408 3071 2476 obrepit
3088 2408 3513 2479 concupiscentia
3538 2426 3550 2462 :
3574 2423 3711 2476 quo-

2134 2498 2293 2553 modo
2336 2500 2424 2569 qui
2449 2498 2694 2554 desident
2721 2499 2773 2552 in
2805 2499 3034 2564 theatro,
3064 2498 3150 2567 qui
3179 2498 3308 2554 nihil
3334 2498 3448 2552 sani
3488 2497 3711 2552 audiunt

2134 2589 2438 2659 videntque,
2469 2589 2561 2643 sed
2588 2589 2751 2643 multa
2781 2588 3029 2643 diffluunt
3054 2588 3396 2657 turpitudine,
3431 2587 3596 2643 nmlta
3622 2603 3709 2642 nc-

2133 2679 2317 2748 quitia,
2346 2679 2435 2749 qui
2461 2678 2692 2748 undique
2720 2679 3051 2733 obsidionem
3080 2679 3367 2748 patiuntur,
3404 2693 3499 2746 per
3526 2693 3715 2741 aures,

2136 2784 2229 2838 per
2246 2770 2450 2835 oculos,
2477 2768 2683 2840 possint
2705 2768 2898 2823 malam
2919 2782 3168 2840 superare
3190 2756 3669 2836 conCupiscentiam
3685 2768 3721 2821 ιι

2137 2862 2363 2915 Rursum
2396 2862 2439 2914 si
2480 2876 2583 2914 non
2612 2871 2850 2929 possunt,
2884 2859 3148 2929 quomodo
3179 2868 3429 2929 poterunt
3456 2875 3709 2929 umquam

2134 2952 2202 3005 ab
2230 2952 2471 3007 adulterii
2496 2952 2716 3006 crimine
2736 2952 3119 3007 absolvi?Tum
3148 2953 3234 3021 qui
3268 2968 3373 3007 non
3403 2953 3553 3007 liberi
3582 2963 3716 3008 sunt

2134 3044 2202 3097 ab
2221 3043 2464 3099 adulterii
2490 3044 2730 3108 crimine,
2754 3040 3021 3112 quomodo
3048 3051 3296 3111 poterunt
3318 3043 3517 3111 absque
3543 3046 3716 3111 poem-

2136 3138 2296 3192 tentia
2323 3136 2389 3189 ad
2410 3135 2525 3191 haec
2544 3150 2694 3191 sacra
2719 3134 2973 3190 vestibula
2994 3133 3267 3201 accedere,
3290 3133 3552 3205 hujnsque
3579 3152 3716 3205 prato

2134 3228 2264 3285 clari
2294 3236 2583 3283 conventus
2611 3240 2729 3282 esse
2758 3226 3084 3297 participes?

2205 3343 2259 3397 2.
2283 3342 2447 3409 Quam
2468 3342 2688 3396 alienum
2706 3342 2769 3395 sit
2789 3359 2821 3394 a
2840 3340 3061 3395 moribus
3087 3340 3391 3403 christianis,
3415 3344 3721 3407 spectaculis

2138 3432 2462 3487 theatralibus
2496 3433 2746 3486 interesse.
2773 3462 2845 3472 —
2872 3432 3205 3502 Quapropter
3242 3432 3487 3501 equidem
3534 3434 3721 3486 hortor

2136 3538 2406 3593 rogoque,
2436 3532 2495 3577 ut
2521 3524 2667 3592 prius
2695 3523 3028 3579 confessione
3052 3538 3116 3577 ac
3146 3524 3449 3592 ptenitentia
3494 3524 3721 3593 aliisque

2136 3613 2387 3669 remediis
2412 3613 2660 3669 omnibus
2687 3628 2804 3668 sese
2829 3630 2857 3666 a
2883 3621 3100 3683 peccato
3123 3629 3186 3667 ex
3216 3614 3486 3668 tltealricis
3513 3624 3725 3683 specta-

2137 3707 2272 3761 culis
2297 3714 2571 3761 contracto
2596 3714 2919 3775 perpurgent
2942 3746 2956 3769 ,
2981 3714 3140 3774 atque
3166 3705 3236 3758 ita
3262 3705 3472 3759 divinos
3498 3705 3725 3762 audiant

2139 3811 2434 3854 sermones.
2465 3797 2647 3866 Neque
2673 3798 2816 3853 enim
2843 3797 3181 3853 mediocriter
3206 3813 3236 3850 a
3267 3798 3419 3852 nobis
3447 3798 3725 3869 delinqui-

2142 3900 2258 3953 tur;
2286 3889 2337 3943 id
2371 3888 2512 3959 quod
2544 3888 2613 3943 ab
2640 3889 2895 3960 exemplis
2926 3889 3096 3942 cuivis
3128 3891 3402 3956 persliicne
3427 3890 3608 3945 videre
3648 3889 3725 3943 li-

2140 3990 2243 4035 cet.
2268 3979 2399 4034 Nam
2419 3980 2461 4034 si
2487 3979 2712 4036 famulus
2732 3979 2784 4033 in
2810 3978 3063 4045 arculam,
3086 3979 3174 4034 ubi
3197 3979 3377 4034 hcrilia
3400 3978 3731 4034 vestimenta

2143 4071 2374 4139 pretiosa
2413 4085 2681 4140 aureaque
2723 4069 2994 4137 recondita
3023 4078 3146 4124 sunt
3167 4110 3182 4133 ,
3212 4069 3457 4124 servilem
3488 4075 3727 4124 tunicam

2142 4162 2388 4217 sordibus
2426 4177 2488 4216 ac
2524 4161 2705 4217 multis
2731 4159 2992 4231 pediculis
3029 4159 3281 4215 refertam
3308 4159 3582 4229 imponat,
3622 4174 3733 4230 age

2143 4255 2230 4310 dic
2254 4255 2384 4311 mihi
2423 4270 2549 4309 num
2579 4270 2697 4310 eam
2732 4253 3108 4310 contumeliam
3144 4266 3301 4321 aequo
3329 4254 3506 4306 animo
3541 4250 3679 4307 feras
3702 4253 3737 4306 Ξ

2145 4348 2278 4415 Quid
2300 4358 2477 4402 autem
2502 4348 2547 4403 si
2571 4348 2689 4417 quis
2715 4348 2767 4403 in
2798 4346 3071 4401 vasculum
3098 4361 3342 4413 aureum,
3369 4345 3421 4399 in
3448 4361 3554 4415 quo
3579 4361 3729 4400 sem-

2146 4458 2240 4511 per
2260 4450 2521 4511 unguenta
2545 4439 2742 4494 servari
2772 4439 3164 4503 consueverint,
3192 4448 3395 4493 stercus
3418 4452 3481 4492 ac
3506 4452 3735 4491 crrnum

2147 4532 2388 4586 infundat
2412 4572 2425 4593 ,
2467 4547 2645 4586 annon
2674 4532 2720 4585 ei
2752 4532 2931 4600 plagas
2966 4530 3233 4599 inlligcres
3275 4533 3363 4599 qui
3404 4531 3579 4584 scelus
3622 4530 3730 4583 hoc

2147 4622 2540 4678 commisisset?
2564 4623 2768 4691 Ergone
2795 4621 3109 4675 scriniorum
3129 4636 3192 4675 ac
3216 4635 3477 4682 vasorum,
3498 4622 3730 4675 vestium

2148 4724 2203 4769 ct
2250 4723 2637 4784 unguentorum
2676 4724 2817 4766 tanta
2855 4728 2981 4766 cura
3022 4712 3452 4778 sollicitabimur,
3490 4713 3733 4767 animum

2151 4819 2277 4859 vero
2306 4813 2541 4859 nostram
2568 4803 2810 4857 omnibus
2839 4802 2953 4855 istis
2979 4802 3221 4856 viliorem
3250 4816 3369 4856 esse
3390 4801 3692 4870 putabimus
3715 4806 3740 4853 ζ’

2150 4905 2309 4963 atque
2335 4896 2419 4950 ubi
2448 4896 2674 4965 Spiritus
2706 4894 2935 4947 infusum
2961 4902 3045 4947 est
3072 4903 3417 4962 unguentum,
3447 4908 3517 4947 eo
3544 4892 3737 4946 diabm

2152 4988 2281 5042 licas
2303 5003 2519 5057 pompas
2541 4985 2917 5041 immitlemus?
2942 5000 3007 5040 eo
3034 4985 3238 5039 fabulas
3264 4994 3485 5050 satanze,
3512 5000 3579 5039 eo
3605 5000 3738 5038 can-

2155 5082 2343 5135 tilenas
2370 5078 2680 5134 meretriciae
2711 5075 3048 5145 turpitudinis
3077 5076 3304 5145 plenas?
3328 5075 3424 5131 Dic
3449 5075 3602 5140 mihi,
3626 5091 3746 5143 quo

2154 5173 2332 5226 animo
2362 5172 2460 5224 ista
2486 5168 2621 5223 feret
2649 5167 2827 5222 Deus?
2853 5167 3012 5236 Atqui
3052 5182 3156 5221 non
3189 5175 3390 5221 tantum
3417 5175 3501 5221 est
3538 5166 3737 5220 discri-

2156 5279 2278 5318 men
2301 5263 2438 5315 inter
2451 5270 2775 5329 unguentum
2789 5266 2842 5314 ct
2857 5273 3088 5325 cmnum,
3114 5258 3253 5312 inter
3272 5268 3447 5311 vestes
3464 5257 3661 5311 heriles
3682 5268 3740 5311 et

2156 5354 2379 5409 serviles
2403 5394 2418 5418 ,
2451 5362 2706 5421 quantum
2729 5361 2809 5405 est
2836 5352 2975 5404 inter
2999 5349 3227 5418 Spiritus
3251 5350 3473 5417 gratiam
3501 5358 3553 5400 et
3578 5348 3738 5403 istam

2160 5460 2467 5515 perversam
2492 5444 2776 5497 actionem.
2803 5441 2918 5496 Non
2949 5440 3166 5505 metuis,
3195 5454 3227 5493 ο
3254 5441 3433 5505 homo,
3462 5441 3589 5494 dum
3614 5442 3738 5509 qui-

2160 5539 2259 5593 bus
2293 5537 2460 5592 oculis
2494 5536 2607 5591 illic
2643 5535 2839 5589 lectum
2862 5534 2951 5605 qui
2980 5542 3064 5588 est
3101 5533 3154 5587 in
3182 5531 3455 5586 orchestra
3483 5541 3695 5597 spectas
3720 5572 3748 5601 λ

2161 5631 2251 5686 ubi
2289 5629 2613 5685 detestandae
2654 5626 2899 5682 adulterii
2936 5623 3127 5679 fabula:
3168 5633 3507 5694 peraguntur,
3549 5623 3741 5678 iisdem

2227 5785 2243 5816 ι
2279 5792 2395 5847 Reg.
2418 5783 2531 5844 duo,
2555 5781 2825 5847 faciemque
2848 5790 2933 5843 per
2956 5789 3013 5828 ea
3034 5780 3085 5827 ut
3107 5790 3138 5827 α
3159 5772 3347 5829 Christo
3366 5771 3611 5837 deﬁciant.
