4038 6360
266 401 367 457 695

265 515 611 584 ἀνεξικακίαν
633 515 861 586 ταύτην,
892 515 981 568 ἵνα
1001 516 1122 578 τοὺς
1150 515 1345 578 αὐτοὺς
1371 517 1670 588 ὑπομείνας
1693 516 1842 587 αὐτῷ

265 602 478 664 πόνους,
498 601 594 654 καὶ
620 599 730 652 τῶν
755 599 934 652 αὐτῶν
966 599 1204 670 ἀξιωθῇς
1234 600 1452 667 ἀγαθῶν
1480 617 1492 630 ·
1528 595 1603 654 ὧν
1634 602 1841 670 γένοιτο

267 685 472 746 πάντας
507 685 654 754 ἡμᾶς
686 684 983 752 ἐπιτυχεῖν,
1011 675 1193 753 χάριτι
1221 685 1314 736 καὶ
1338 681 1719 754 φιλανθρωπίᾳ
1745 685 1838 737 τοῦ

267 770 480 838 Κυρίου
502 767 659 839 ήμῶν
702 767 873 836 Ἰησοῦ
905 766 1165 837 Χριστοῦ,
1193 765 1310 836 μεθ’
1338 762 1398 822 οὗ
1429 768 1604 839 Πατρλ.
1632 767 1730 820 σὺν
1762 767 1841 837 τῷ

267 851 403 921 ἁγίῳ
431 850 707 925 Ιίνεύματι
737 848 884 914 δόξα,
914 849 1135 920 κράτος,
1172 849 1328 920 τιμὴ,
1359 849 1454 904 νῦν
1485 851 1579 904 καὶ
1607 850 1716 916 ἀεὶ,
1751 850 1842 904 καὶ

266 938 341 999 εἰς
369 937 497 997 τοὺς
529 933 732 996 αἰῶνας
766 932 875 985 τῶν
903 932 1135 986 αἰώνων.
1171 933 1364 1005 Ἀμήν.

878 1075 1126 1132 ΟΜΙΛΙΛ
1161 1077 1236 1131 Γ’.

267 1186 391 1254 Ὀτι
420 1187 753 1260 ἐπισφαλὲς
773 1188 840 1241 τὸ
871 1190 958 1260 είς
985 1187 1198 1254 θέατρα
1225 1187 1589 1260 ἀγαϐιιξνειν,
1607 1187 1719 1260 ᾐκαὶ
1753 1188 1842 1241 ὅτι

329 1259 582 1326 μοιχοὺς
609 1257 1092 1326 ἀπηρτισμένους
1123 1257 1294 1316 ποιεῖ,
1339 1257 1433 1310 καὶ
1467 1258 1554 1310 ὅτι
1587 1258 1843 1326 ἀθυμίας

332 1329 526 1382 αἴτιον
548 1327 648 1396 καί
671 1328 936 1396 πολέμου
969 1327 1160 1380 τοῦτο·
1184 1326 1282 1380 καὶ
1306 1327 1395 1379 ὅτι
1420 1327 1544 1380 πᾶν
1565 1329 1842 1392 ἀνεξικα-

333 1399 468 1462 κίας
513 1393 669 1462 εἶδος
703 1393 1099 1464 ὑπερεϐάλετο
1130 1399 1163 1449 ό
1185 1396 1365 1450 Aut-1'6
1421 1398 1491 1450 ὲν
1520 1397 1641 1462 τοῖς
1694 1397 1842 1452 κατὰ

335 1469 441 1532 τὸν
492 1469 709 1537 Σαούλ”
753 1467 848 1519 καὶ
879 1465 1054 1518 ὅτιτὸ
1100 1465 1302 1534 φέρειν
1339 1467 1614 1537 ἁρπαγὴν
1643 1468 1843 1536 πράως

335 1537 442 1591 τοῦ
468 1535 678 1590 δοῦναι
707 1537 1128 1604 ἐλεημοσύνην
1151 1539 1308 1590 ἴσον.

336 1647 405 1706 α’.
437 1648 670 1708 Πολλοὺς
693 1645 845 1717 οἶμαι
872 1648 979 1700 τῶν
1015 1648 1205 1719 πρώην
1226 1647 1632 1701 καταλιπόντων
1672 1650 1840 1719 ἡμᾶς,

269 1736 358 1792 καὶ
391 1735 527 1806 πρὸς
551 1735 618 1788 τά
641 1735 839 1806 θέατρα
874 1734 973 1804 τῆς
998 1735 1340 1806 παρανομίας
1360 1735 1841 1808 αὐτομολησάντων

266 1829 518 1894 παρεῖναι
538 1815 794 1894 τήμερον.
829 1823 1254 1896 Καὶέϐουλόμην
1284 1822 1478 1876 εἰδέναι
1505 1823 1725 1887 τούτους
1748 1841 1844 1877 σα-

267 1911 401 1981 φῶς,
441 1908 581 1962 ὥστε
612 1901 810 1974 αύτούς
866 1910 973 1963 τῶν
1031 1910 1190 1981 ἱερῶν
1236 1910 1487 1964 ἐκϐαλεῖν
1532 1911 1842 1983 προθύρων,

265 2000 364 2069 οὐχ
391 1988 753 2068 ἵνα’μένωσιν’
771 1995 875 2062 ἔξω
902 1997 1187 2070 διηνεκῶς,
1211 1999 1326 2052 ἀλλ’
1361 2000 1446 2052 ἵνα
1462 1999 1844 2073 διορθωθέντες

266 2084 600 2144 ἐπανέλθωσι
640 2083 819 2136 πάλιν·
841 2085 964 2136 ἐπεὶ
989 2085 1082 2136 καὶ
1112 2085 1346 2156 πατέρες
1388 2085 1580 2147 παῖδας
1615 2085 1844 2153 σφαλλο-

269 2173 461 2245 μένους
486 2172 584 2240 τῆς
617 2171 793 2233 οἰκίας
829 2170 1149 2226 ἐκϐάλλουσι
1177 2172 1454 2236 πολλάκις,
1478 2173 1572 2226 καὶ
1598 2174 1697 2242 τῆς
1712 2191 1844 2244 τρα-

267 2253 438 2325 πέζης
482 2254 838 2324 ἀπείργουσιν
860 2295 874 2319 ,
911 2255 1008 2324 οὐχ
1047 2255 1132 2307 ἵνα
1164 2253 1252 2307 διὰ
1286 2256 1485 2319 παντὸς
1527 2257 1731 2310 τούτων
1754 2261 1845 2310 ἐκ-

266 2338 529 2398 πέσωσιν,
565 2336 678 2389 ἀλλ’
713 2337 800 2390 ἵνα
829 2336 1074 2406 βελτίους
1114 2341 1179 2409 τῇ
1211 2339 1460 2411 νουθεσίᾳ
1490 2342 1660 2413 ταύτῃ
1691 2343 1844 2410 γενό-

269 2438 440 2494 μενοι,
481 2421 618 2492 μετὰ
643 2422 742 2492 τῆς
783 2423 1166 2493 προσηκούσης
1192 2423 1348 2498 δόξης
1371 2426 1451 2488 είς
1480 2426 1572 2478 τὸν
1594 2427 1846 2497 πατρῷον

268 2505 418 2580 [769]
469 2507 809 2560 ἐπανέλθωσι
855 2506 1073 2576 κλῆρον.
1111 2505 1284 2560 Τοῦτο
1329 2508 1393 2580 δὴ
1444 2509 1539 2563 καὶ
1591 2511 1844 2581 ποιμένες

269 2591 500 2655 ποιοῦσι,
562 2592 633 2646 τά
685 2592 876 2662 ψώρας
935 2591 1368 2662 ἐμπεπλησμένα
1433 2595 1678 2666 πρόϐατα
1734 2597 1845 2650 τῶν

267 2678 618 2746 ὑγιαινόντων
673 2677 1052 2746 ἀπείργουσιν,
1095 2677 1182 2730 ἵνα
1232 2678 1332 2748 τὴν
1373 2679 1652 2750 μοχθηρὰν
1709 2681 1844 2734 ἀπο-

266 2764 470 2834 θέμενα
497 2761 642 2834 [τὴν]
677 2763 1014 2833 ἀρρωστίαν,
1085 2763 1200 2832 μετ’
1253 2763 1550 2832 ἀσφαλείας
1595 2764 1727 2836 πρὸς
1775 2765 1844 2819 τὰ

265 2847 578 2915 ὑγιαίνοντα
635 2844 905 2916 ἐπανέλθῃ
940 2844 1122 2908 πάλιν,
1178 2845 1274 2899 καὶ
1331 2847 1406 2916 μὴ
1437 2847 1694 2900 νοσοῦντα
1746 2847 1842 2919 τὴν

263 2931 469 3002 ἀγέλην
495 2932 714 2985 ἃπασαν
748 2930 1004 3001 ἐμπλήσῃ
1038 2931 1136 3001 τῆς
1165 2932 1472 3002 ἀρρωστίας
1495 2933 1844 3004 ἐκείνης.Διά

263 3035 348 3072 τοι
377 3018 534 3070 τοῦτο
562 3019 655 3069 καὶ
683 3018 846 3087 ἡμεῖς
877 3015 1209 3086 ἐϐουλόμεθα
1237 3016 1456 3080 τούτους
1487 3019 1702 3071 εἰδέναι·
1725 3019 1838 3072 ἀλλ’

264 3107 314 3157 εἰ
348 3105 443 3157 καὶ
476 3104 550 3174 μὴ
573 3105 684 3165 τοῖς
707 3102 986 3172 αἰσθητοῖς
1020 3101 1317 3172 ὀφθαλμοῖς
1349 3101 1544 3167 αὐτοὺς
1572 3105 1844 3177 διακρῖναι

265 3189 558 3260 δυνάμεθα.
586 3191 613 3240 δ
633 3188 790 3256 λόγος
817 3188 1015 3251 αὐτοὺς
1046 3187 1407 3257 ἐπιγνώσεται
1463 3191 1697 3256 πάντως,
1751 3194 1844 3246 καὶ

265 3273 360 3326 τοῦ
418 3273 715 3336 συνειδότος
759 3271 940 3325 αὐτῶν
997 3273 1387 3343 ἐπιλαϐόμενος
1437 3275 1612 3329 πείσει
1647 3277 1845 3347 ῥᾳδίως

265 3359 491 3421 ἑκόντας
511 3359 706 3420 αὐτοὺς
734 3355 988 3421 ἐξελθεῖν,
1022 3357 1288 3411 διδάσκων
1335 3359 1417 3412 ὃτι
1471 3360 1675 3422 ἐκεῖνος
1699 3360 1844 3413 ἔνδον

265 3445 384 3496 ἐστὶ
409 3442 588 3513 μόνος,
625 3442 653 3492 ὁ
679 3441 776 3511 τῆς
799 3439 1033 3493 ἐνταῦθα
1057 3441 1335 3512 διατριϐῆς
1364 3442 1520 3508 ἀξίαν
1542 3443 1679 3513 έχων
1695 3457 1720 3485 ει
1745 3445 1845 3515 τὴν

264 3525 510 3598 γνώμην·
537 3525 612 3588 ὼς
632 3526 660 3590 ό
683 3523 817 3594 μετά
861 3523 1133 3588 πολιτείας
1161 3524 1561 3596 διεφθαρμένης
1579 3525 1671 3578 τοῦ
1701 3527 1844 3598 ἱεροῦ

268 3608 458 3660 τούτου
478 3609 718 3677 μετέχων
745 3606 1023 3674 συλλόγου,
1059 3608 1159 3660 κᾶν
1190 3608 1251 3660 τὺ
1277 3608 1436 3677 σῶμα
1470 3609 1701 3663 ἐνταῦθα
1727 3611 1844 3663 είσ-

266 3694 399 3764 ᾴγῃ,
458 3691 806 3760 ἐκϐέϐληται,
841 3691 1066 3744 καὶτῶν
1095 3691 1600 3761 ἀποκεκλεισμένων
1625 3693 1728 3758 ἔξω
1753 3696 1846 3748 καὶ

271 3777 494 3849 μηδέπω
539 3776 850 3846 δυναμένων
901 3776 1002 3844 τῆς
1050 3776 1202 3846 ἱερᾶς
1235 3780 1520 3847 μετασχεῖν
1567 3778 1846 3848 τραπέζης

271 3860 471 3934 μᾶλλον
526 3859 885 3930 ἀπελήλαται.
927 3860 1154 3912 Ἐκεῖνοι
1196 3860 1419 3932 μὲνγὰρ
1443 3863 1492 3914 οἱ
1531 3861 1670 3915 κατά
1721 3864 1846 3926 τοὺς

265 3942 362 3994 τοῦ
392 3942 525 3996 Θεοῦ
555 3942 754 4012 νόμους
780 3940 1154 4012 ἐκϐληθέντες,
1174 3943 1268 3995 καί
1301 3945 1549 4013 μένοντες
1581 3945 1846 4011 ἐξω,τέως

269 4025 514 4096 χρηστὰς
551 4025 735 4094 ἐχουσι
767 4024 863 4087 τάς
896 4025 1134 4088 ἐλπίδας·
1180 4027 1284 4079 κᾶν
1316 4027 1424 4098 γὰρ
1452 4027 1674 4080 ἐθέλωσι
1701 4029 1845 4099 διορ-

268 4106 549 4160 θώσασθαι
573 4108 640 4160 τά
695 4107 1120 4178 παραπτώματα
1151 4108 1198 4173 b,
1231 4109 1297 4161 δι’
1323 4109 1360 4163 ἀ
1384 4109 1484 4179 τῆς
1525 4111 1846 4181 Ἐκκλησίας

269 4191 546 4257 ἐξέπεσον,
578 4192 893 4261 δυνήσονται
930 4191 1067 4260 μετά
1091 4191 1330 4262 καθαροῦ
1361 4194 1658 4258 συνειδότος
1685 4195 1846 4248 πάλιν

267 4275 600 4328 ἐπανελθεῖν.
627 4276 690 4326 Οἱ
716 4275 771 4327 δέ
804 4275 1128 4344 μολύναντες
1153 4277 1399 4340 ἐαυτοὺς,
1427 4276 1521 4329 καὶ
1541 4277 1850 4331 κελευσθέν-

268 4375 361 4421 τες
399 4359 478 4428 μὴ
508 4359 770 4428 πρότερον
803 4359 1081 4427 ἐπιϐῆναι,
1137 4360 1243 4422 ἓως
1293 4359 1359 4412 ἂν
1391 4361 1847 4432 ἀποκαθάρωνται

267 4443 370 4512 τὴν
398 4441 593 4511 κηλῖδα
631 4441 727 4511 τήν
777 4442 842 4494 ἐκ
870 4442 978 4494 τῶν
1037 4444 1472 4514 ἁμαρτημάτων,
1523 4439 1640 4496 εἶτα
1692 4447 1848 4498 ἀναι-

271 4524 645 4595 σχυντοῦντες,
669 4525 1046 4597 χαλεπώτερον
1070 4527 1129 4579 τὸ
1149 4526 1369 4598 τραῦμα
1387 4527 1728 4598 ἐργάζονται,
1753 4528 1849 4582 καὶ

272 4607 460 4678 μεῖζον
497 4609 558 4660 τὸ
589 4608 765 4670 ἐλκος.
808 4610 880 4660 Ού
903 4610 1008 4679 γὰρ
1037 4609 1179 4663 οὕτω
1234 4610 1295 4662 τὸ
1349 4613 1682 4683 ἁμαρτάνειν
1732 4615 1850 4666 ἐστὶ

269 4692 530 4762 χαλεπὸν,
558 4691 633 4754 ὼς
663 4693 696 4762 ἡ
734 4692 872 4761 μετά
905 4693 1001 4762 τὴν
1037 4695 1310 4764 ἁμαρτίαν
1359 4696 1728 4766 ἀναισχυντία,
1758 4701 1852 4752 καὶ

270 4777 335 4828 τὸ
368 4776 442 4847 μὴ
478 4777 760 4830 πείθεσθαι
787 4779 900 4838 τοῖς
941 4777 1143 4847 ἱερεῦσι
1174 4779 1239 4832 τά
1269 4779 1495 4833 τοιαῦτα
1547 4780 1847 4836 κελεύουσι.

273 4860 387 4912 Καὶ
420 4859 471 4911 τί
490 4858 738 4911 τοσοῦτον
770 4860 1083 4930 ἡμάρτηται
1111 4861 1337 4925 τούτοις,
1365 4865 1547 4932 φησὶν.
1579 4864 1718 4918 ὥστε
1753 4867 1850 4919 αύ-

268 4942 402 5004 τςὺς
451 4941 699 4995 ἐκϐαλεῖν
748 4943 855 4995 τῶν
914 4944 1074 5013 ἱερῶν
1106 4943 1310 4997 τούτων
1352 4948 1694 5018 περιϐόλων;
1743 4951 1853 5003 Καὶ

271 5025 435 5078 ποίαν
455 5026 648 5096 ἐτέραν
693 5025 896 5094 ταύτης
927 5026 1107 5096 ζητεῖς
1156 5026 1376 5096 μείζονα
1407 5032 1700 5104 ἁμαρτίαν,
1724 5034 1853 5086 ὅταν

275 5111 500 5178 μοιχοὺς
525 5111 748 5174 ἑαυτοὺς
772 5113 1209 5182 ἀπηρτισμένους
1232 5115 1577 5184 ποιήσαντες,
1598 5117 1850 5180 ἀναιδῶς,

272 5191 530 5262 καθάπερ
552 5193 712 5256 κύνες
739 5194 1067 5258 λυττῶντες,
1099 5196 1402 5265 ἐπιπηδῶσι
1433 5201 1500 5268 τῇ
1528 5201 1647 5269 ἱερᾷ
1683 5199 1851 5272 ταύτῃ

269 5281 694 5353 τραπέζῃῌίαὶ
715 5285 762 5334 εί
796 5283 973 5352 βούλει
1015 5284 1204 5353 μαθεῖν
1253 5285 1346 5337 καὶ
1390 5287 1482 5340 τὸν
1501 5291 1700 5358 τρόπον
1755 5291 1853 5359 τῆς

274 5368 666 5437 μοιχείας,οὑκ
692 5370 822 5438 ἐμὸν
845 5371 954 5442 ἐρῶ
980 5387 1063 5422 σοι
1081 5371 1385 5442 λόγον,ἀλλ’
1419 5375 1698 5429 αὐτοῦτοῦ
1727 5377 1854 5446 μέλ-

271 5453 461 5517 λοντος
489 5454 648 5526 ήμῶν
668 5455 906 5518 δικάζειν
939 5456 1038 5527 τὴν
1076 5457 1218 5527 ζωήν
1249 5459 1486 5512 ἃπασαν·
1539 5462 1591 5513 '0
1617 5464 1725 5532 γάρ
1749 5464 1851 5531 ἑμ-

273 5538 530 5608 6λέψας,
562 5539 716 5609 φησὶ,
738 5540 988 5607 γυναῖκα
1005 5543 1153 5610 πρὸς
1176 5543 1239 5595 τὸ
1261 5542 1623 5614 ἐπιθυμῆσαι
1642 5547 1851 5614 αὐτῆς,

273 5777 326 5826 ὃ.
337 5713 564 5824 grite].
586 5715 819 5778 παρέχων.
843 5713 970 5763 Infra
1008 5715 1151 5780 Regii
1171 5718 1268 5768 duo
1291 5717 1486 5768 ἐνταῦθα
1513 5721 1735 5781 εἱστήκει,
1774 5723 1848 5770 ἐκ·

307 5803 333 5826 ι.
349 5805 365 5823 ι
386 5817 390 5821 .
414 5807 444 5826 ..
505 5814 518 5826 .

307 5803 333 5829 ⁵
349 5803 534 5899 λἰἱεέίὶ
552 5839 650 5889 duo
673 5839 730 5888 τὰ
754 5829 1090 5902 ἁμαρτήματαῷ

1245 397 1333 479 Ι)ξῖ
1381 395 1630 474 DAV1DE
1668 391 1756 448 ΕΤ
1791 391 2019 449 S.\ULE
2061 395 2352 452 HOMILIA
2392 394 2480 452 Ill.

3421 393 3527 450 696

1951 516 2067 588 ἤδη
2105 516 2463 586 ἐμοίχευσεν
2485 513 2680 582 αὐτὴν
2705 513 2775 567 ἐν
2807 513 2878 580 τῇ
2902 512 3114 579 καρδίᾳ
3145 511 3356 569 αὐτοῦ.
3386 515 3449 566 Εἰ
3472 515 3529 568 δὲ

1945 605 1979 674 ἡ
2011 604 2118 656 ἀπὸ
2138 602 2482 672 ταύτομάτου
2524 600 2665 655 κατὰ
2693 604 2794 672 τὴν
2818 600 3025 670 ἀγορὰν
3060 597 3357 669 ἐντυχοῦσα
3391 601 3528 673 γυνὴ

1947 691 2042 744 καὶ
2083 690 2158 754 ὡς
2188 690 2376 760 ἔτυχεν
2416 687 2722 758 ἐσταλμένη
2751 687 2844 739 τὸν
2874 687 3180 758 περιέργως
3217 685 3392 739 ἰδόντα
3418 682 3529 739 εἷλε

1943 774 2201 838 πολλάκις
2246 777 2312 844 τῇ
2343 774 2441 844 τῆς
2475 773 2651 842 ὅψεως
2709 767 2932 842 θεωρίᾳ·
2988 771 3036 823 οί
3077 769 3152 840 μὴ
3178 769 3362 831 ἁπλῶς
3395 771 3529 840 μηδέ

1945 859 2052 912 ἀπὸ
2081 857 2441 927 ταύτομάτου,
2465 857 2578 910 ἀλλ’
2612 856 2722 909 ἀπὸ
2757 855 2994 924 σπουδῆς
3026 853 3314 922 τοσαύτης,
3345 853 3417 914 ὡς
3437 855 3531 906 καὶ

1943 943 2042 1012 τῆς
2084 940 2409 1011 Ἐκκλησίας
2451 939 2747 1011 ὑπεριδεῖν,
2785 938 2878 991 καὶ¹
2923 938 3013 991 διὰ
3049 938 3209 990 τοῦτο
3235 937 3531 1000 ἀναϐάντες

1947 1029 2084 1090 ἐκεῖ,
2118 1026 2213 1078 καὶ
2239 1024 2720 1096 διημερεύσαντες,
2772 1022 2867 1075 καὶ
2918 1027 3037 1085 ταῖς
3067 1022 3223 1091 ὄψεσι
3261 1021 3370 1074 τῶν
3412 1021 3530 1089 ήτι-

1949 1108 2216 1179 μωμένων
2246 1107 2521 1177 γυναικῶν
2541 1106 2764 1159 ἐκείνων
2791 1103 3348 1177 προσηλωμένοι,πῶς
3374 1103 3516 1173 δυνή-

1949 1196 2344 1264 σονταιλέγειν,
2370 1197 2450 1249 ὃτι
2476 1196 2536 1249 ού
2561 1195 2696 1266 πρὸς
2721 1193 3013 1264 ἐπιθυμίαν
3044 1189 3181 1246 εἶδον
3203 1211 3216 1258 ;
3275 1194 3410 1246 ὅπου
3435 1192 3528 1244 καὶ

1949 1281 2172 1350 ῥήματα
2211 1277 2674 1348 διακεκλασμένα,
2737 1277 2832 1329 καὶ
2887 1276 3107 1348 ᾅσματα
3141 1275 3394 1347 πορνικά,
3437 1273 3528 1327 καὶ

1947 1362 2100 1433 φωνὴ
2128 1361 2328 1432 πολλὴν
2357 1359 2550 1432 ἡδονὴν
2579 1361 2810 1432 ἔχουσα,
2830 1359 2926 1413 καὶ
2960 1358 3253 1429 ὀφθαλμῶν
3285 1359 3529 1426 ὑπογρα-

1947 1446 2064 1515 φαὶ,
2096 1445 2189 1498 καὶ
2215 1445 2593 1515 ἐπιτρίμματα
2617 1445 2870 1514 παρειάς,
2921 1443 3016 1494 καὶ
3046 1441 3206 1511 στολὴ
3240 1439 3530 1510 περιεργό-

1944 1544 2100 1597 τερον
2132 1525 2484 1596 συγκειμένη,
2501 1525 2595 1577 καὶ
2620 1525 2806 1595 σχῆμα
2826 1524 3080 1594 γοητείας
3106 1523 3276 1592 γέμον
3304 1521 3526 1590 πολλῆς,

1946 1612 2041 1663 καὶ
2064 1610 2249 1680 ἐτεραι
2282 1607 2474 1662 πολλαὶ
2511 1611 2839 1678 μαγγανεῖαι
2880 1607 3016 1678 πρὸς
3064 1606 3282 1676 ἀπάτην
3315 1606 3410 1657 καὶ
3442 1604 3529 1657 δέ·

1945 1691 2078 1761 λεαρ
2106 1691 2214 1743 τῶν
2259 1691 2509 1762 ὁρώντων
2561 1690 3085 1760 κατεσκευασμέναι,
3142 1689 3236 1742 καὶ
3291 1686 3531 1759 ῥᾳθυμία

1944 1775 2123 1845 ψυχῆς
2179 1773 2290 1828 τῶν
2320 1774 2626 1844 θεωμένων,
2668 1774 2764 1826 καὶ
2797 1772 2965 1842 πολλὴ
2999 1773 3033 1842 ὴ
3073 1772 3341 1840 διάχυσις,
3368 1771 3462 1822 καὶ
3493 1772 3528 1839 ή

1945 1855 2098 1928 παρά
2118 1856 2213 1910 τοῦ
2251 1857 2417 1909 τόπου
2452 1857 2590 1928 πρὸς
2641 1855 2792 1928 [770]
2821 1855 3110 1924 ἀσέλγειαν
3161 1854 3526 1924 παράκλησις,

1946 1941 2042 1994 καὶ
2065 1943 2098 2011 ή
2131 1940 2238 1994 τῶν
2267 1940 2608 2010 φθασάντων,
2639 1941 2734 1994 καὶ
2773 1941 2807 2010 ή
2837 1939 2944 1992 τῶν
2983 1937 3122 2007 μετά
3165 1936 3340 1990 ταῦτα
3365 1937 3528 1988 ἀκου-

1949 2023 2192 2092 σμάτων·
2221 2023 2258 2096 ἡ
2295 2021 2382 2074 διὰ
2413 2023 2522 2075 τῶν
2552 2021 2848 2092 συρίγγων,
2877 2022 2910 2092 ή
2943 2020 3030 2073 διὰ
3069 2020 3176 2073 τῶν
3209 2019 3386 2072 αὐλῶν
3435 2021 3531 2071 καὶ

1946 2107 2055 2160 τῶν
2091 2105 2266 2159 ἄλλων
2288 2104 2396 2159 τῶν
2421 2104 2678 2159 τοιούτων
2737 2103 2974 2176 μελῳδία
3026 2103 3528 2174 καταγοητεύουσα,

1947 2189 2043 2242 καὶ
2068 2188 2128 2241 τὸ
2163 2188 2388 2260 στερρὸν
2437 2189 2536 2260 τῆς
2587 2179 2822 2252 διανοίας
2868 2186 3389 2258 καταμαλάττουσα,
3436 2187 3531 2239 καὶ

1946 2275 2068 2336 ταῖς
2107 2272 2215 2325 τῶν
2275 2271 2488 2344 πορνῶν
2521 2271 2835 2334 ἐπιϐουλαῖς
2881 2269 3389 2342 προευτρεπίζουσα
3431 2269 3530 2332 τὰς

1945 2355 2056 2408 τῶν
2085 2354 2407 2425 καθημένων
2435 2353 2632 2424 ψυχὰς,
2674 2354 2769 2405 καὶ
2827 2352 3128 2416 εὐαλώτους
3184 2351 3436 2404 ποιοῦσα.
3465 2352 3529 2403 Εἰ

1947 2437 2056 2509 γάρ
2086 2437 2338 2501 ἐνταῦθα,
2365 2437 2499 2489 ὅπου
2534 2447 2557 2475 ο
2576 2435 2802 2506 ψαλμοὶ,
2823 2436 2918 2488 καὶ
2939 2435 3113 2505 εὐχαὶ,
3137 2436 3227 2488 καὶ
3258 2434 3416 2488 θείων
3440 2433 3530 2486 λο-

1946 2521 2082 2590 γίων
2098 2521 2381 2591 ἀκρόασις,
2411 2519 2506 2572 καὶ
2543 2519 2679 2572 Θεοῦ
2715 2518 2899 2587 φόϐος,
2931 2521 3025 2571 καὶ
3053 2515 3308 2571 εὐλάϐεια
3338 2516 3529 2585 πολλὴ,

1948 2603 2227 2666 πολλάκις,
2276 2602 2464 2672 ὥσπερ
2515 2619 2599 2664 τις
2646 2601 2852 2674 λῃστής
2908 2597 3236 2673 κακοῦργος,
3294 2599 3531 2652 λαθοῦσα

1948 2687 2268 2758 ἐπεισῆλθεν
2296 2689 2329 2757 ή
2357 2685 2640 2756 ἐπιθυμίαο
2668 2686 2784 2748 πῶς
2817 2687 2866 2737 οἱ
2888 2685 2946 2736 ἐν
2975 2685 3185 2755 θεάτρῳ
3209 2683 3530 2755 καθήμενοι.

1947 2772 2042 2823 καὶ
2077 2771 2243 2841 μηδὲν
2273 2771 2412 2841 μήτε
2437 2769 2695 2839 ὁρῶντες,
2729 2767 2855 2839 μήτ’
2883 2766 3173 2829 ἀκούοντες
3196 2767 3366 2835 ὑγιὲς,
3396 2767 3534 2820 ἀλλὰ.

1947 2853 2148 2924 πολλῆς
2168 2853 2428 2922 γέμοντες
2451 2851 2829 2921 αίσχρότητος,
2863 2849 3064 2920 πολλῆς
3087 2848 3188 2916 τῆς
3249 2850 3475 2919 βλακεία
3489 2870 3528 2910 ί,

1947 2939 2042 2992 καὶ
2061 2938 2150 2990 διὰ
2170 2938 2385 2991 πάντων
2408 2934 2874 3006 πολιορκούμενοι,
2914 2936 3007 2988 καὶ
3037 2935 3104 2987 δι’
3129 2933 3304 2999 ὢτων,
3346 2934 3439 2986 καὶ
3465 2934 3514 2984 δι

1945 3019 2260 3090 ὀφθαλμῶν,
2295 3019 2524 3072 δύναιντ’
2557 3019 2624 3072 ἂν
2657 3017 2919 3088 ἀνώτεροι
2957 3018 3208 3085 γενέσθαι
3231 3016 3330 3084 τῆς
3364 3034 3533 3086 πονη-

1950 3107 2050 3177 ρᾶς
2080 3103 2296 3174 ἐκείνης
2320 3102 2656 3173 ἐπιθυμίας;
2685 3101 2772 3172 Μή
2801 3101 3088 3172 δυνάμενοι
3118 3100 3196 3164 δέ,
3225 3099 3340 3162 πῶς
3368 3097 3523 3168 δυνή-

1961 3207 2144 3244 σονται
2189 3188 2296 3241 τῶν
2341 3188 2440 3258 τῆς
2500 3187 2742 3259 μοιχείας
2779 3187 3155 3257 ἐγκλημάτων
3190 3184 3533 3256 ἀπηλλάχθαι

1947 3272 2079 3325 ποτέ
2105 3290 2119 3337 ;
2145 3273 2207 3324 Οἱ
2233 3270 2290 3323 δέ
2311 3271 2418 3323 τῶν
2449 3270 2546 3340 τῆς
2573 3270 2814 3341 μοιχείας
2842 3269 3202 3342 ἐγκλημάτων
3227 3269 3328 3320 οὐκ
3361 3267 3536 3335 ἀπηλ-

1948 3355 2231 3426 λαγμένοι,
2251 3353 2368 3417 πῶς
2391 3354 2706 3424 δυνήσονται
2723 3354 2891 3424 χωρὶς
2926 3349 3210 3424 μετανοίας
3235 3351 3343 3405 τῶν
3363 3351 3533 3418 ἁγίων

1947 3439 2151 3492 τούτων
2177 3437 2431 3507 ἐπιϐῆναι
2468 3429 2878 3508 προθύρων,καὶ
2900 3437 2993 3490 τοῦ
3022 3437 3187 3492 καλοῦ
3219 3436 3410 3490 τούτου
3437 3451 3533 3504 με-

1949 3538 2017 3574 τα
2026 3525 2173 3591 σχεῖν
2204 3522 2460 3591 συλλόγου
2483 3540 2498 3589 ;
3514 3525 3516 3528 ’

2021 3623 2086 3693 β’.
2111 3623 2202 3676 Διὸ
2225 3623 2288 3696 δὴ
2312 3623 2557 3697 παραινῶ
2581 3623 2675 3677 καὶ
2695 3623 2905 3694 δέομαι,
2924 3624 3188 3694 πρότερον
3209 3622 3533 3692 ἐξομολογή-

1951 3725 2034 3760 σει
2058 3708 2154 3760 καὶ
2188 3708 2447 3778 μετανοίᾳ
2469 3706 2566 3759 καλ¹
2603 3707 2716 3769 τοῖς
2763 3707 2942 3769 ἀλλοις
2975 3707 3175 3758 ἀπασιν
3209 3703 3534 3776 ἀποσμηξα-

1953 3791 2145 3862 μένους
2170 3791 2270 3860 τὴν
2301 3792 2364 3842 ἐκ
2392 3789 2490 3860 τῆς
2522 3791 2640 3843 ἐκεῖ
2657 3788 2889 3860 θεωρίας
2922 3789 3213 3860 ἁμαρτίαν,
3255 3787 3398 3839 οὕτω
3424 3788 3538 3840 τῶν

1951 3876 2110 3930 θείων
2127 3875 2430 3946 ἀκροᾶσθαι
2456 3874 2672 3944 λογίων.
2725 3874 2801 3927 Οὐ
2828 3873 2937 3945 γὰρ
2973 3874 3036 3925 τὸ
3084 3873 3246 3943 τυχὸν
3271 3873 3403 3942 ἡμῖν
3435 3889 3533 3923 πε-

1951 3960 2361 4032 πλημμέληταιο
2413 3961 2509 4013 καὶ
2537 3959 2697 4012 τοῦτο
2732 3959 2825 4013 καὶ
2851 3960 2914 4011 ἐκ
2943 3958 3399 4028 παραδειγμάτων
3435 3957 3538 4013 ἴδοι

1949 4064 2035 4108 τις
2068 4047 2135 4099 ἂν
2161 4043 2369 4114 σαφῶς.
2415 4045 2476 4098 Εἰ
2499 4043 2608 4114 γάρ
2644 4060 2726 4107 τις
2757 4043 2976 4111 οἰκέτης
2996 4044 3075 4106 εἰς
3103 4042 3373 4102 κιϐώτιον,
3403 4040 3534 4095 ἔνθα

1949 4129 2020 4182 τὰ
2047 4127 2338 4182 δεσποτικά
2389 4128 2576 4196 ἱμάτια
2623 4128 2943 4179 ἐναπέκειτο
2994 4125 3260 4194 πολυτελῆ
3292 4126 3386 4177 καὶ
3418 4125 3532 4176 διά-

1953 4229 2151 4284 χρυσα,
2204 4212 2416 4282 ἱμάτιον
2447 4210 2694 4265 δουλικὸν
2735 4209 2910 4281 ῥύπου
2949 4209 3119 4280 γέμον
3173 4209 3267 4261 καὶ
3320 4208 3542 4261 πολλῶν,

1951 4297 2060 4351 τῶν
2091 4295 2328 4367 φθειρῶν
2353 4294 2664 4360 ἐναπέθετο,
2694 4290 2803 4366 ἆρα
2839 4294 2904 4348 ἂν
2943 4293 3132 4364 πράως
3165 4293 3405 4362 ἤνεγκας
3431 4294 3530 4363 τήν

1955 4380 2132 4451 ὓϐριν,
2165 4381 2285 4433 είπέ
2317 4396 2442 4451 μοι;
2483 4379 2548 4432 Τί
2588 4379 2664 4440 δὲ,
2699 4380 2860 4442 εἴτις
2909 4379 2988 4440 εἰς
3027 4379 3248 4446 ἀγγεῖον
3297 4376 3540 4448 χρυσοῦν.

1958 4464 2108 4536 μύρα
2154 4463 2418 4535 διηνεκῶς
2446 4463 2591 4532 ἔχειν
2647 4463 2856 4526 εἰωθὸς,
2918 4463 3119 4533 κόπρον
3149 4463 3239 4515 καὶ
3273 4461 3531 4531 βόρϐορον

1954 4547 2190 4618 ἐνέχεεν,
2215 4547 2315 4600 οὐκ
2346 4547 2410 4601 ἂν
2441 4550 2534 4600 καὶ
2562 4546 2775 4616 πληγὰς
2808 4545 3081 4617 ἐπέθηκας
3102 4545 3178 4616 τῷ
3209 4545 3532 4616 πλημμελή-

1957 4648 2112 4684 σαντι
2147 4630 2306 4684 τοῦτο
2329 4649 2342 4694 ;
2373 4626 2508 4684 Εἶτα
2535 4631 2804 4683 κιϐωτίων
2829 4632 2928 4700 μὲν
2957 4629 3051 4682 καὶ
3073 4629 3281 4681 σκευῶν
3299 4631 3392 4681 καὶ
3416 4630 3533 4698 ίμα-

1955 4715 2086 4766 τίων
2109 4715 2200 4767 καὶ
2225 4714 2413 4791 μύρων
2441 4714 2709 4783 τοσαύτην
2764 4713 3099 4784 ποιησόμεθα
3127 4713 3222 4783 τὴν
3253 4713 3536 4784 πρόνοιαν,

1955 4797 2054 4869 τὴν
2084 4798 2141 4851 δὲ
2187 4799 2364 4868 ψυχὴν
2391 4799 2488 4868 τὴν
2537 4799 2809 4870 ἡμετέραν
2837 4801 3053 4851 πάντων
3085 4797 3285 4849 τούτων
3320 4797 3532 4848 εύτελεο

1960 4883 2159 4954 στέραν
2189 4878 2328 4937 εἶναι
2367 4882 2658 4954 νομιοῦμεν
2680 4900 2694 4944 ;
2724 4884 2818 4935 καὶ
2841 4882 2969 4936 ἔνθα
2993 4883 3053 4936 τὸ
3088 4881 3257 4952 μύρον
3279 4881 3339 4933 τὸ
3365 4898 3531 4932 πνευ-

1961 4965 2190 5036 ματικὸν
2219 4965 2473 5035 είσεχύθη
2497 4964 2549 5026 ά,
2603 4966 2913 5030 διαϐολικάς
2939 4965 3160 5035 πομπὰς
3195 4966 3290 5016 ἐπε
3301 4964 3533 5033 μϐαλοῦ-

1961 5066 2082 5120 μεν,
2112 5051 2207 5102 καὶ
2235 5050 2556 5120 ἀκούσματα
2591 5050 2870 5114 σατανικά,
2914 5049 3008 5101 καὶ
3037 5049 3255 5119 ᾄσματα
3278 5047 3534 5117 πορνείας

1958 5135 2234 5202 γέμοντα;
2283 5134 2393 5186 Καὶ
2439 5134 2556 5197 πῶς
2604 5133 2777 5186 ταῦτα
2806 5135 2834 5186 ὁ
2876 5132 3008 5194 Θεὸς
3036 5132 3192 5194 οἴσει,
3239 5131 3360 5184 εἰπέ
3404 5145 3534 5198 μοι;

1960 5217 2152 5269 Καίτοι
2179 5217 2238 5268 ού
2265 5216 2518 5270 τοσοῦτον
2536 5216 2597 5269 τὸ
2631 5217 2793 5286 μέσον
2827 5213 2998 5285 μύρου
3022 5215 3112 5267 καὶ
3137 5213 3420 5284 βορϐόρου,
3441 5215 3534 5265 καὶ

1960 5300 2192 5369 ἱματίων
2213 5299 2546 5353 δεσποτικῶν
2577 5301 2670 5352 καὶ
2701 5299 2978 5359 δουλικῶν,
3006 5299 3127 5350 ὅσον
3156 5296 3214 5349 τὸ
3238 5297 3400 5367 μέσον
3433 5297 3534 5364 τῆς

1959 5384 2336 5453 πνευματικῆς
2368 5384 2586 5454 χάριτος
2611 5384 2702 5435 καὶ
2730 5382 2931 5452 ταύτης
2952 5383 3048 5451 τῆς
3103 5383 3341 5450 πονηρᾶς
3385 5383 3536 5450 ἐνερ-

1958 5469 2132 5538 γείας.
2161 5470 2235 5522 Ού
2261 5470 2504 5532 δέδοικας
2523 5510 2537 5534 ,
2580 5471 2852 5540 ἄνθρωπε,
2876 5473 2986 5533 τοῖς
3028 5471 3208 5532 αὐτοῖς
3236 5467 3533 5537 ὀφθαλμοῖς

1960 5553 2054 5607 καὶ
2092 5553 2192 5624 τὴν
2222 5552 2408 5624 κλίνην
2430 5552 2528 5624 τὴν
2557 5553 2649 5605 ἐπὶ
2671 5554 2769 5623 τῆς
2802 5553 3109 5624 ὀρχήστρας
3144 5553 3374 5623 βλέπων,
3407 5550 3536 5602 ἔνθα

1973 5785 1982 5796 '
2021 5725 2042 5752 ε
2073 5723 2219 5796 “qu
2243 5721 2532 5796 πριοῦσαβΰ
2555 5725 2711 5773 αὐτῶν
2734 5726 2987 5786 διαστῆσαι
3009 5725 3092 5774 τοῦ
3116 5724 3342 5788 Χριστοῦ,
3368 5725 3425 5773 El
3447 5724 3546 5792 γὰρ,

1958 5785 2088 5832 ὅπου.
2120 5784 2254 5834 Unus
2277 5785 2423 5832 habet
2439 5786 2766 5846 διαναστῆσαι.

2019 5848 2045 5886 ά
2070 5847 2211 5915 “esu
2237 5846 2387 5902 iidem
2419 5848 2625 5910 ἐξεχύθη.
