4038 6360
496 414 602 469 697

497 531 568 584 τά
594 527 810 600 μυσαρὰ
837 527 1068 580 τελεῖται
1103 526 1203 596 τῆς
1241 528 1484 598 μοιχείας
1519 527 1787 598 δράματα,
1821 526 1915 578 καὶ
1969 522 2068 594 τὴν

498 615 775 688 τράπεζαν
803 615 1006 685 ταύτην
1031 614 1128 684 τὴν
1165 615 1335 684 ἰεράν,
1360 614 1488 667 ἔνθα
1514 614 1584 666 τὰ
1612 613 1813 683 φρικτὰ
1844 611 2071 664 τελεῖται

504 704 806 772 μυστήρια;
832 702 948 761 ταῖς
970 700 1158 761 αὑταῖς
1185 699 1372 762 ἀκοαῖς
1401 699 1606 769 πόρνης
1629 697 1837 750 ἀκούων
1855 699 1980 764 αἰσχ
1989 712 2074 764 ρο-

500 783 784 853 λογούσης,
819 784 910 834 κα¹ι
941 784 1219 853 προφήτου
1244 785 1337 835 καὶ
1365 783 1664 836 ἀποστόλου
1690 799 1746 833 σε
1788 796 2074 850 μυσταγω-

501 871 758 935 ¹γυῦντος;
823 871 890 939 τῇ
924 869 1061 940 αύτῇ
1103 869 1300 939 καρδίᾳ
1330 870 1398 922 τὰ
1449 870 1748 940 δηλητήρια
1789 866 2074 935 δεχόμενος

501 958 789 1027 φάρμακα,
825 957 918 1009 καλ⁸
959 957 1057 1026 τὴν
1096 957 1287 1008 θυσίαν
1331 954 1428 1028 τήν
1456 956 1689 1026 φρικτὴν
1730 955 1824 1006 καὶ
1871 953 2072 1020 ἀγίαν;

500 1041 614 1092 Οὑκ
643 1039 892 1092 ἐντεῦθεν
924 1040 1227 1110 ἀνατροπαὶ
1253 1041 1402 1109 βίων,
1429 1041 1524 1092 καὶ
1553 1039 1839 1109 διαφθοραί
1858 1039 2071 1108 γάμων,

501 1127 594 1180 καὶ
629 1126 854 1196 πόλεμοι
884 1128 979 1179 κα⁸ι
1011 1127 1178 1197 μάχαι
1207 1129 1264 1178 ἐν
1306 1129 1427 1188 ταῖς
1471 1125 1703 1187 οἰκίαις;
1751 1126 1918 1176 Ὅταν
1967 1123 2075 1191 γὰρ

502 1209 652 1281 [771]
695 1209 798 1262 ὑπὸ
831 1209 932 1278 τῆς
960 1211 1076 1261 ἐκεῖ
1106 1209 1339 1279 θεωρίας
1388 1208 1666 1278 διαχυθῇς,
1697 1207 1789 1260 καὶ
1819 1206 2072 1275 χαυνότε-

503 1310 596 1363 ρος
627 1292 914 1362 γενόμενος
944 1293 1036 1344 καὶ
1052 1291 1340 1359 ἀσελγέστε
1350 1308 1436 1361 ρος
1461 1293 1550 1343 καὶ
1574 1289 1923 1359 σωφροσύνης
1941 1289 2077 1341 ἁπά-

502 1392 602 1444 σης
625 1372 838 1443 ἐχθρὸς,
871 1373 1180 1426 ἐπανελθὼν
1225 1373 1338 1445 ἴδῃς
1365 1375 1461 1442 τὴν
1512 1375 1744 1440 γυναῖκα
1773 1371 1868 1441 τὴν
1919 1372 2072 1434 ἰδίαν,

501 1455 828 1525 ἀηδέστερον
855 1455 974 1524 ὄψει
1004 1455 1242 1518 πάντως,
1275 1455 1364 1509 οἶα
1401 1454 1466 1508 ἂν
1590 1455 1723 1506 Ὑπὸ
1748 1455 1857 1524 γὰρ
1891 1454 1986 1522 τῆς
2018 1455 2075 1504 ἐν

498 1543 614 1602 τοῖς
636 1539 885 1608 θεάτροις
943 1539 1281 1610 ἐμπρησθεὶς
1345 1537 1659 1607 ἐπιθυμίας,
1717 1539 1809 1590 καὶ
1843 1537 1945 1590 ὑπὸ
1978 1537 2075 1603 τῆς

499 1619 657 1689 ξένης
680 1617 896 1689 ἐκείνης
921 1618 1150 1689 θεωρίας
1175 1617 1337 1680 ἁλοὺς
1366 1618 1464 1686 τῆς
1492 1617 1950 1687 γεγοητευμένης,
1978 1618 2074 1684 τὴν

502 1699 753 1773 σώφρονα
773 1702 865 1755 καὶ
897 1699 1130 1768 κοσμίαν
1184 1700 1276 1751 καὶ
1307 1697 1401 1749 τοῦ
1431 1699 1544 1768 βίου
1575 1699 1772 1760 παντὸς
1816 1700 2075 1750 κοινωνόν

499 1783 806 1852 ἀτιμάζεις,
853 1781 1112 1851 ὑϐρίζεις,
1168 1781 1382 1851 μυρίοις
1417 1781 1763 1850 περιϐάλλεις
1795 1781 2072 1841 ὀνείδεσιν,

498 1865 648 1919 οὐδὲν
674 1865 812 1935 ἔχων
861 1865 996 1926 ὅλως
1065 1864 1379 1932 ἐγκαλέσαι,
1416 1864 1532 1916 ἀλλ’
1591 1865 1974 1934 αἰσχυνόμενος
2017 1865 2076 1916 τὸ

498 1947 668 2011 πάθος
693 1950 890 2013 εἰπεῖν,
920 1948 1013 2000 καὶ
1037 1947 1098 1999 τὸ
1121 1947 1343 2017 τραῦμα
1370 1948 1558 2013 δεῖξαι,
1591 1949 1726 2018 ὅπερ
1750 1948 1956 2000 ἐκεῖθεν
1978 1949 2074 2000 λα-

497 2030 607 2083 ϐὼν
633 2029 953 2099 ἐπανῆλθες,
987 2030 1174 2099 ἐτέρας
1201 2030 1423 2092 πλέκεις
1449 2030 1749 2101 προφάσεις
1773 2070 1786 2092 ,
1823 2032 2074 2100 ἀφορμὰς

496 2113 674 2183 ζητῶν
701 2115 1000 2182 ἀπεχθείας
1048 2114 1295 2182 ἀλόγους,
1347 2114 1442 2166 καὶ
1494 2114 1602 2166 τῶν
1636 2114 1734 2183 μὲν
1771 2117 1908 2166 οἴκοι
1941 2115 2073 2166 πάνυ

495 2213 602 2249 των
632 2195 936 2266 ὑπερορῶν,
974 2196 1109 2265 πρὸς
1157 2197 1213 2248 δὲ
1260 2196 1359 2264 τὴν
1401 2196 1605 2266 μιαρὰν
1649 2197 1740 2247 καὶ
1767 2195 2072 2265 ἀκάθαρτον

495 2277 739 2346 κεχηνὼς
760 2279 974 2347 ἐκείνην
1005 2278 1323 2348 ἐπιθυμίαν,
1379 2280 1506 2347 παρ’
1534 2273 1601 2347 ἧς
1628 2278 1686 2329 τὸ
1710 2278 1924 2347 τραῦμα
1955 2278 2070 2329 ἐδέ-

496 2357 593 2424 ξω·
619 2362 712 2412 καὶ
759 2359 856 2430 τὴν
888 2359 1026 2430 ἠχὴν
1060 2361 1157 2429 τῆς
1191 2361 1372 2428 φωνῆς
1413 2359 1550 2429 ἔχων
1581 2360 1961 2429 ἑγκαθημένην
2006 2363 2069 2430 τῇ

493 2442 639 2512 ψυχῇ
674 2441 916 2509 ἔναυλον,
953 2444 1046 2493 καὶ
1075 2443 1135 2494 τὸ
1172 2443 1353 2512 σχῆμα
1385 2443 1477 2493 καί⁸
1526 2442 1584 2495 τὺ
1612 2441 1829 2511 βλέμμα
1861 2442 1952 2492 καί
2004 2443 2072 2493 τά

495 2527 791 2594 κινήματα,
821 2526 914 2578 καί
949 2525 1124 2577 πάντα
1152 2525 1249 2593 τῆς
1307 2524 1560 2593 πορνείας
1586 2525 1650 2576 τὰ
1679 2524 1889 2588 εἴδωλα,
1921 2525 2072 2576 οὐδὲν

499 2607 618 2675 μεθ’
664 2607 855 2678 ἡδονῆς
905 2609 1036 2677 ὁρᾷς
1065 2606 1171 2659 τῶν
1226 2607 1316 2658 ἐπὶ
1353 2607 1450 2675 τῆς
1477 2607 1670 2670 οίκίας.
1711 2607 1820 2659 Καὶ
1851 2605 1901 2658 τί
1928 2605 2071 2672 λέγω

493 2687 592 2758 τὴν
621 2691 855 2756 γυναῖκα
886 2689 980 2741 καὶ
1017 2687 1115 2758 τὴν
1135 2688 1311 2741 οἰκίαν
1336 2705 1350 2752 ;
1388 2689 1493 2739 Καὶ
1522 2689 1620 2757 τὴν
1647 2689 1940 2757 ἐκκλησίαν
1962 2689 2070 2757 γὰρ

493 2769 662 2840 αὐτὴν
685 2770 908 2841 ἀηδέστε
919 2787 1008 2840 ρον
1023 2771 1162 2840 ὄψει,
1178 2772 1270 2823 καὶ
1283 2773 1348 2839 ρη
1359 2771 1541 2839 μάτων
1563 2771 1813 2839 ἀπεχθῶς
1827 2774 1850 2800 ⁸³
1864 2771 2068 2840 ἀκούσῃ

492 2854 600 2907 τῶν
615 2853 741 2922 περὶ
778 2852 1160 2924 σωφροσύνης,
1194 2852 1301 2904 τῶν
1330 2853 1456 2920 περὶ
1480 2853 1822 2922 σεμνότητος.
1875 2853 2068 2904 Οὐκέτι

492 2936 601 3006 γὰρ
626 2935 775 2990 ἔσται
803 2952 884 2988 σοι
912 2935 1256 2998 διδασκαλία,
1309 2935 1444 2987 ἀλλά
1485 2936 1789 3005 κατηγορία
1811 2934 1879 2986 τὰ
1918 2934 2070 3002 λεγόο

497 3035 654 3090 μενα,
678 3022 772 3072 καὶ
798 3021 874 3081 εἰς
903 3021 1212 3087 ἀπόγνωσιν
1249 3019 1389 3072 κατά
1419 3020 1610 3089 μικρὸν
1642 3017 1953 3088 ὑποσυρεὶς,
1983 3018 2070 3069 τέ-

492 3103 612 3155 λεον
640 3102 830 3155 ἐαυτὸν
861 3101 1195 3171 ἀπορρήξεις
1221 3102 1319 3170 τῆς
1371 3100 1730 3168 κοινωφελοῦς
1761 3100 1962 3170 ταύτης
1995 3099 2070 3152 δι-

490 3185 807 3246 δασκαλίας.
829 3169 927 3236 Δίά
957 3169 1112 3236 τοῦτο
1132 3169 1434 3253 παρακαλῶ
1452 3184 1657 3246 πάντας
1682 3183 1844 3252 ὑμᾶς,
1875 3169 2070 3246 αὑτούς

491 3287 551 3323 τε
584 3269 808 3339 φεύγειν
836 3268 933 3332 τὰς
963 3266 1204 3336 πονηρὰς
1238 3268 1295 3320 ἐν
1331 3269 1444 3329 τοῖς
1475 3266 1720 3338 θεάτροις
1766 3266 2064 3336 διατριϐὰς,

495 3353 590 3406 καὶ
620 3353 746 3415 τοὺς
766 3350 1130 3421 ἐσχολακότας
1199 3348 1410 3411 τούτοις
1450 3348 1658 3402 ἐκεῖθεν
1691 3348 1964 3418 ἀφέλκειν.
1995 3351 2066 3401 Οὐ

492 3436 602 3506 γάρ
636 3436 752 3486 ἐστι
777 3433 1122 3503 ψυχαγωγία,
1159 3430 1273 3484 ἀλλ’
1299 3431 1537 3500 ὖλεθρος,
1572 3432 1667 3484 καὶ
1703 3431 2069 3501 τιμωρία,καί

493 3519 712 3580 κόλασις
741 3519 809 3569 τὰ
835 3519 950 3568 ἐκεῖ
980 3517 1239 3586 γινόμενα
1275 3515 1508 3568 ἅπαντα.
1536 3515 1599 3567 Τί
1627 3514 1736 3586 γάρ
1760 3515 1948 3583 ὄφελος
1968 3516 2067 3584 τῆς

493 3601 827 3671 προσκαίρου
850 3598 1051 3669 ταύτης
1077 3599 1291 3669 ἡδονῆς,
1321 3599 1448 3649 ὅταν
1475 3597 1730 3668 διηνεκὴς
1761 3598 2008 3651 ἐντεύθεν
2034 3601 2066 3668 ἡ

491 3686 652 3756 ὀδύνη
682 3685 954 3753 τίκτηται,
988 3684 1081 3734 καὶ
1110 3684 1166 3734 ἐν
1215 3681 1398 3751 ἡμέρᾳ
1425 3682 1518 3732 καί¹
1546 3683 1603 3733 ἐν
1635 3679 1790 3741 νυκτί⁵
1844 3682 2065 3734 κεντού-

495 3789 658 3842 μενος
700 3770 927 3840 ὑπὸτῆς
962 3768 1279 3838 ἐπιθυμίας,
1329 3769 1492 3820 πᾶσιν
1548 3764 1611 3837 ᾖς
1655 3767 1920 3839 δυσχερὴς
1975 3767 2067 3821 καὶ

491 3859 850 3930 δυσάρεστος;
900 3856 1182 3920 Ἐξέτασον
1235 3855 1366 3924 γοῦν
1426 3855 1641 3920 σαυτὸν,
1674 3855 1759 3918 τίς
1805 3856 1902 3925 μὲν
1941 3857 2065 3926 γίνῃ

492 3949 600 4000 ἀπὸ
622 3947 918 4017 ἐκκλησίας
955 3943 1254 4014 ἀναχωρῶν
1273 3986 1289 4009 ,
1337 3943 1419 4006 τίς
1447 3943 1505 3996 δέ
1539 3943 1647 3996 ἀπὸ
1683 3943 1948 4014 θεάτρων,
1973 3945 2066 3996 καὶ

493 4036 757 4105 ἑκατέρας
802 4033 1084 4104 παράϐαλε
1128 4032 1226 4094 τὰς
1263 4032 1494 4101 ἡμέρας,
1547 4032 1640 4084 καὶ
1693 4031 1845 4084 οὐδὲν
1898 4032 2066 4104 δεήσῃ

491 4123 600 4178 τῶν
616 4121 898 4192 ἡμετέρων
919 4120 1112 4186 λόγων.
1144 4120 1392 4190 Ἀρκέσει
1423 4119 1531 4188 γὰρ
1566 4119 1831 4188 ἑκατέρας
1878 4120 1911 4188 ἡ
1945 4118 2067 4188 σύγ-

494 4227 670 4281 κρισις
713 4211 810 4279 τῆς
853 4209 1066 4279 ἡμέρας
1115 4207 1282 4271 δεῖξαι
1327 4207 1386 4259 τὸ
1439 4208 1664 4277 μέγεθος
1710 4207 1925 4276 καὶτῆς
1978 4209 2065 4260 ἐν-

492 4298 682 4351 τεῦθεν
735 4296 1021 4365 ὡφελείας,
1085 4296 1180 4347 καὶ
1237 4295 1336 4364 τῆς
1365 4295 1574 4346 ἐκεῖθεν
1627 4293 1848 4364 βλάϐης.
1882 4294 2065 4348 Ταῦτα

495 4386 587 4441 καὶ
609 4386 708 4455 ἤδη
736 4384 869 4454 πρὸς
895 4382 990 4453 τῆν
1038 4381 1306 4451 ὑμετέραν
1361 4381 1578 4450 ἀγάπην
1624 4377 1794 4447 εἷπον,
1827 4381 1922 4433 καὶ
1977 4382 2064 4434 οὑ-

492 4471 684 4524 δέποτε
729 4468 1004 4538 παύσομαι
1033 4467 1225 4534 λέγων.
1279 4464 1416 4528 Τούς
1443 4481 1503 4516 τε
1532 4465 1637 4535 γὰρ
1683 4465 1967 4529 νοσοῦντας
1995 4465 2064 4518 τά

491 4552 716 4606 τοιαῦτα
748 4553 1027 4620 νοσήματα
1056 4547 1586 4619 παραμυθησόμεθα,
1622 4548 1747 4612 τούς
1780 4565 1835 4601 τε
1881 4551 2062 4618 ὑγιαί-

493 4652 683 4698 νοντας
731 4633 1170 4703 ἀσφαλεστέρους
1223 4632 1540 4700 ποιήσομεν⁸
1569 4631 1847 4700 ἑκατέροις
1875 4632 1982 4701 γὰρ
2035 4633 2064 4683 ὁ

494 4725 623 4793 περί⁵
651 4720 854 4774 τούτων
886 4723 1152 4790 χρήσιμος
1176 4718 1354 4784 λόγος·
1384 4719 1492 4778 τοῖς
1518 4716 1735 4786 μὲν,ίνα
1764 4717 2061 4782 ἀποστῶσι,

494 4810 604 4868 τοῖς
636 4805 714 4869 δὲ,
741 4805 826 4856 ἵνα
859 4803 933 4874 μὴ
961 4801 1293 4871 ἐμπέσωσιν.
1313 4799 1448 4852 Ἀλλ’
1467 4799 1653 4870 ἐπειδὴ
1684 4799 1787 4869 χρὴ
1819 4800 1912 4852 καὶ
1939 4801 2062 4862 τοὺς

497 4892 864 4962 ἐπιτιμῶντας
887 4890 1045 4942 τοῦτο
1074 4888 1399 4957 συμμέτρως
1439 4889 1627 4944 ποιεῖν,
1692 4887 1851 4956 μέχρι
1875 4886 2062 4938 τούτου

491 4981 696 5051 ταύτην
726 4981 1018 5048 στήσαντες
1072 4978 1171 5046 τὴν
1209 4974 1547 5054 παραίνεσιν,
1577 4975 1643 5028 τὰ
1675 4972 2065 5042 ὑπολειφθέντα

494 5070 561 5122 ὲκ
588 5069 685 5137 τῆς
714 5065 983 5135 προτέρας
1039 5063 1344 5124 ὑποθέσεως
1399 5062 1525 5130 ὑμῖν
1555 5059 1924 5130 ἀποδώσομεν,
1972 5062 2065 5114 ἐπὶ

495 5154 586 5205 τὸν
615 5150 774 5204 Δαυῒδ
801 5148 1182 5210 ἐπανελθόντες
1217 5148 1242 5186 ι)
1279 5146 1459 5201 πάλιν.
1515 5147 1623 5198 Καὶ
1652 5146 1759 5216 γὰρ
1809 5147 1923 5209 τοῖς
1961 5146 2064 5210 ζω-

495 5237 728 5309 γράφοις
756 5235 896 5300 ἔθος,
933 5233 1152 5286 ἐπειδάν
1190 5231 1455 5303 μέλλωσιν
1499 5231 1711 5302 ἐμφερῆ
1748 5249 1867 5283 τινα
1901 5231 2065 5301 ἐργά-

497 5321 528 5384 ζ
532 5320 685 5373 εσθαι
731 5319 934 5383 εἰκόνα,
966 5318 1060 5370 καί
1092 5317 1219 5388 μίαν
1265 5317 1359 5370 καὶ
1401 5315 1491 5368 δύο
1542 5317 1633 5368 καὶ
1675 5320 1822 5385 τρεῖς
1855 5317 2066 5388 ἡμέρας

497 5405 619 5466 τοὺς
648 5401 954 5473 γράφεσθαι
1018 5400 1307 5471 μέλλοντας
1362 5398 1823 5468 παρακαθίζουσιν
1862 5400 2062 5462 αὐτοῖς,

499 5488 586 5541 ἵνα
605 5489 672 5556 τῇ
702 5486 951 5556 συνεχείᾳ
978 5486 1075 5554 τῆς
1098 5485 1328 5556 θεωρίας
1357 5484 1691 5537 ἀδιάπτωτον
1721 5483 1819 5552 τῆς
1852 5483 2066 5555 μορφῆς

561 5679 589 5705 ⁸
608 5678 729 5740 Reg.
759 5693 885 5728 unus
904 5679 1133 5740 ἐπαχθῶς.

512 5743 597 5815 nl:
618 5739 899 5815 Rgg.‘unus‘
913 5747 967 5815 εἰ.
996 5739 1144 5789 Colb.
1169 5741 1494 5802 ἀποδώσωμεν
1524 5741 1597 5790 ἐπὶ
1624 5740 1702 5789 τὸν
1735 5743 1910 5805 πατέρα
1932 5747 2066 5810 ἡμῶν

527 5801 726 5864 Δΰραὰμ
744 5802 1082 5857 ἐπανελθόντες.

1199 414 1256 469 S.
1294 413 1578 470 JOANNIS
1611 407 2096 469 CIIRYSOSTOMI
2135 409 2453 470 ARCHIEP.
2493 416 3040 479 CONSTANTINOP.

3633 427 3744 483 698

2172 523 2319 597 [772]
2347 529 2652 584 διασώσωσι
2688 533 2783 604 τὴν
2816 534 3120 606 ἀκρίϐειαν.
3163 534 3314 590 Ἐπεὶ
3336 529 3426 590 οὖν
3480 536 3574 590 καὶ
3606 541 3742 608 ἡμῖν

2170 616 2524 691 ζωγραφῆσαι
2576 624 2857 695 πρόκειται
2883 627 2995 692 νῦν,
3032 629 3154 698 οὐχὶ
3190 628 3358 682 τύπον
3384 630 3600 699 μορφῆς
3632 647 3741 683 σω·

2173 715 2427 783 ματικῆς,
2459 715 2592 769 άλλά
2625 717 2802 787 ψυχῆς
2851 719 3040 782 κάλλος
3066 722 3160 773 καὶ
3186 721 3380 792 νοητὴν
3409 721 3739 792 εὐμορφίαν,

2170 799 2264 851 καὶ
2282 801 2345 870 σή
2357 819 2420 870 με
2430 819 2518 870 ρον
2546 803 2670 873 ὑμῖν
2692 805 3109 875 παρακαθῆσθαι
3128 806 3426 876 βουλόμεθα
3447 807 3536 860 τὸν
3552 806 3738 872 Δαυῖδ,

2172 887 2255 939 ἵνα
2283 888 2416 955 πρὸς
2437 889 2594 943 αὑτὸν
2624 891 2824 955 πάντες
2848 893 3100 963 ὁρῶντες,
3133 894 3213 957 εἰς
3244 895 3340 958 τὰς
3371 893 3574 958 οἰκείας
3615 895 3743 947 ἐκα-

2173 993 2294 1039 στος
2321 977 2497 1046 ψυχάς
2525 979 2879 1050 ἀπομάξησθε
2928 981 3027 1051 τὴν
3060 981 3361 1052 εὐμορφίαν
3388 982 3480 1035 τοῦ
3505 981 3739 1045 δικαίου,

2170 1064 2264 1115 καὶ
2291 1063 2350 1116 τὸ
2387 1067 2559 1134 πρᾶον
2580 1067 2673 1119 καὶ
2694 1069 2920 1138 ἥμερον,
2948 1069 3042 1122 καὶ
3071 1070 3132 1122 τὸ
3187 1069 3582 1140 μεγαλόψυχον,
3646 1071 3744 1122 καὶ

2169 1151 2266 1221 τήν
2316 1151 2480 1224 ἄλλην
2530 1153 2746 1207 ἃπασαν
2782 1155 2945 1208 αὑτοῦ
2994 1157 3213 1228 ἀρετήν.
3255 1157 3318 1209 Εἰ
3345 1158 3455 1228 γάρ
3488 1156 3743 1227 σώματος

2171 1239 2377 1302 εἰκόνες
2421 1241 2642 1310 φέρουσί
2672 1259 2790 1295 τινα
2816 1243 3166 1313 παραμυθίαν
3188 1247 3298 1306 τοῖς
3338 1244 3527 1314 ὁρῶσι,
3559 1244 3744 1314 πολλῷ

2173 1327 2370 1396 μᾶλλον
2395 1329 2449 1380 αἰ
2487 1328 2586 1396 τῆς
2615 1328 2793 1399 ψυχῆς
2815 1331 3036 1393 εἰκόνες.
3063 1330 3331 1393 Κάκείνας
3375 1332 3471 1401 μὲν
3496 1331 3556 1384 οὑ
3581 1332 3745 1383 δυνα-

2168 1416 2259 1469 τὸν
2290 1417 2562 1486 πανταχοῦ
2589 1419 2740 1488 όρᾷν,
2787 1417 2901 1472 ἀλλ’
2950 1419 3161 1490 ἀνάγκη
3215 1419 3474 1491 διηνεκῶς
3508 1421 3593 1489 ἐφ’
3621 1420 3744 1483 ἐνὸς

2171 1503 2416 1575 ἵδρυσθαι
2446 1505 2633 1557 τόπου’
2676 1505 2876 1577 ταύτην
2906 1505 2962 1558 δὲ
2993 1507 3234 1576 ὅπουπερ
3270 1507 3335 1559 ἂν
3375 1507 3532 1580 θέλῃς
3579 1524 3738 1578 περι-

2170 1595 2413 1660 αγαγεῖν,
2453 1592 2603 1645 οὐδὲν
2631 1592 2692 1645 τὸ
2721 1593 2946 1646 κωλύον.
2987 1593 3406 1663 Ἐναποθέμενος
3439 1594 3545 1663 γάρ
3568 1593 3742 1662 αὐτὴν

2170 1682 2280 1740 τοῖς
2302 1679 2400 1749 τῆς
2429 1679 2668 1744 διανοίας
2711 1681 3000 1750 ταμιείοις,
3029 1682 3270 1751 ὅπουπερ
3297 1681 3362 1734 ἂν
3390 1678 3474 1752 ᾗς,
3502 1682 3742 1749 συνεχῶς

2170 1767 2249 1829 εἰς
2275 1766 2441 1837 αὑτὴν
2455 1769 2584 1838 όρᾷν
2618 1779 2640 1805 ε
2672 1769 2895 1839 δυνήσῃ,
2926 1771 3019 1822 καὶ⁴
3041 1768 3236 1839 πολλὴν
3268 1771 3396 1838 παρ’
3416 1768 3584 1838 αὐτῆς
3612 1785 3742 1838 καρ-

2171 1853 2400 1907 ποῦσθαι
2423 1855 2523 1925 τὴν
2555 1855 2848 1925 ὠφέλειαν.
2880 1857 2989 1909 Καὶ
3017 1857 3266 1927 καθάπερ
3311 1858 3361 1908 οἰ
3391 1857 3514 1919 τοὺς
3546 1855 3745 1923 ὀφθαλ-

2174 1942 2306 2010 μοὺς
2339 1941 2637 2008 νοσοῦντες,
2685 1944 2949 2012 σπογγιάς
2983 1944 3076 1997 καὶ
3108 1943 3335 2013 ἱματίων
3371 1945 3510 2013 ῥάκη
3561 1960 3746 1995 κυανι-

2169 2029 2367 2093 ζόντων
2397 2031 2733 2101 κατέχοντες,
2764 2032 2854 2085 καὶ
2884 2031 3119 2101 συνεχῶς
3151 2033 3228 2094 εἰς
3261 2030 3400 2083 αύτά
3428 2029 3739 2099 βλέποντες,

2169 2117 2502 2188 καρποῦνταί
2535 2136 2653 2171 τινα
2669 2119 2759 2171 τοῦ
2793 2121 3095 2190 νοσήματος
3121 2116 3460 2190 παραμυθίαν
3505 2117 3612 2170 ἀπὸ
3641 2116 3743 2168 τοῦ

2168 2202 2456 2272 χρώματος
2500 2204 2728 2258 ἐκείνου·
2761 2205 2902 2258 οὕτω
2940 2206 3033 2259 καὶ
3065 2209 3151 2271 σὺ,
3179 2206 3245 2259 ἂν
3290 2207 3387 2277 τὴν
3416 2207 3597 2258 εἰκόνα
3640 2205 3744 2257 τοῦ

2168 2291 2326 2344 Δαυῒδ
2363 2292 2466 2363 πρὸ
2497 2294 2788 2365 ὀφθαλμῶν
2815 2295 2942 2365 έχῃς
2967 2295 3071 2348 τῶν
3117 2294 3306 2348 ἐαυτοῦ
3327 2335 3340 2358 ,
3383 2296 3476 2347 καὶ
3501 2293 3746 2363 συνεχῶς

2167 2382 2245 2442 εἰς
2270 2379 2436 2449 αὐτὴν
2464 2381 2735 2453 ἀτενίζῃς,
2765 2383 2870 2436 κᾶν
2911 2383 3164 2453 μυριάκις
3189 2383 3357 2452 θυμὸς
3405 2382 3594 2452 ἐνοχλῇ
3642 2383 3748 2433 καὶ

2167 2476 2370 2548 συγχέῃ
2396 2477 2486 2530 τὸν
2524 2478 2801 2548 ὀφθαλμὸν
2831 2479 2930 2550 τῆς
2961 2479 3215 2542 διανοίας,
3249 2478 3388 2548 ὁρῶν
3422 2481 3502 2542 εἰς
3533 2480 3747 2531 ἐκεῖνον

2163 2572 2254 2624 τὸν
2273 2575 2594 2644 χαρακτῆρα
2617 2576 2715 2644 τῆς
2764 2576 2984 2646 ἀρετῆς,
3009 2576 3301 2647 ὁλόκληρον
3332 2576 3457 2646 δέξῃ
3482 2575 3579 2645 τὴν
3616 2575 3747 2642 ὑγί-

2165 2688 2304 2735 ειαν,
2333 2675 2424 2726 καὶ
2454 2674 2700 2744 καθαράν
2725 2675 2824 2743 τὴν
2853 2675 3193 2744 φιλοσοφίαν.

2233 2793 2406 2863 γ’.Μὴ
2429 2794 2538 2865 γάρ
2571 2811 2660 2865 μοι
2688 2795 2894 2864 λεγέτω
2917 2813 3021 2859 τις,
3050 2796 3354 2866 δτιΜιαρὸν
3387 2795 3581 2866 ἐχθρὸν
3607 2795 3752 2865 ἔχω.

2167 2890 2423 2959 πονηρὴν,
2467 2890 2882 2962 διεφθαρμένον,
2915 2891 3258 2964 ἀδιόρθωτον.
3293 2886 3416 2946 Οἷον
3447 2892 3513 2944 ἂν
3554 2893 3749 2961 εἴπῃς,

2165 2987 2263 3039 οὑκ
2289 2987 2404 3040 ἐστι
2435 2987 2531 3040 τοῦ
2570 2988 2740 3041 Σαοὺλ
2766 2988 2984 3058 χείρων,
3011 2988 3070 3052 ὃς
3098 2989 3192 3042 καί¹
3225 2988 3373 3052 ἅπαξ
3401 2988 3494 3040 καὶ
3520 2988 3621 3051 δὶς,
3644 2990 3751 3040 καὶ

2165 3083 2424 3146 πολλάκις
2447 3083 2735 3147 διασωθεὶς
2757 3085 2863 3138 ὑπὸ
2893 3083 2986 3138 τοῦ
3020 3084 3180 3138 Δαυῒδ
3202 3125 3216 3149 ,
3239 3085 3398 3147 αὑτὸς
3425 3083 3594 3154 μυρία
3615 3085 3751 3134 ἐπι-

2165 3181 2478 3247 ϐουλεύσας,
2536 3177 2654 3234 εἶτα
2713 3182 2833 3235 ἀντὶ
2864 3181 3068 3234 τούτων
3118 3179 3517 3250 εὑεργετηθεὶς,
3580 3181 3749 3248 ἔμενε

2161 3272 2258 3344 τὴν
2294 3272 2489 3326 ἐαυτοῦ
2518 3273 2782 3344 πονηρίαν
2809 3272 3101 3344 διατηρῶν.
3136 3272 3200 3326 Τί
3219 3272 3327 3341 γάρ
3355 3272 3500 3342 ἔχεις
3533 3273 3746 3336 εἰπεῖν,

2164 3369 2286 3423 Ὀτι
2323 3370 2428 3440 γῆν
2461 3371 2786 3441 ἀπετέμετο,
2820 3372 2912 3424 καὶ
2942 3373 3001 3424 ἐν
3037 3371 3224 3442 ἀγροῖς
3255 3369 3505 3441 ἠδίκησε,
3535 3370 3630 3421 καὶ
3656 3372 3747 3421 οἰ-

2163 3465 2283 3530 κίας
2305 3467 2429 3538 ὅρια
2448 3468 2710 3539 ὑπερέϐη,
2727 3469 2818 3521 καὶ
2835 3468 3140 3540 ἀνδράποδα
3154 3469 3391 3537 ἥρπασε,
3409 3466 3504 3519 καὶ
3526 3462 3748 3534 ὕϐρισε,

2162 3557 2255 3610 καὶ
2283 3557 2695 3628 ἐπλεονέκτησε,
2721 3560 2814 3613 καί
2837 3562 2918 3622 εἰς
2944 3560 3130 3613 πενίαν
3150 3561 3386 3631 ῆγαγεν;
3423 3559 3566 3612 Ἀλλ’
3587 3558 3751 3612 οὔπω

2161 3649 2260 3719 τήν
2286 3647 2460 3719 ψυχὴν
2489 3649 2754 3718 ἀφείλετο,
2777 3651 2912 3722 ὅπερ
2942 3647 3096 3714 οὗτος
3117 3651 3463 3714 ἐσπούδαζεν·
3489 3650 3616 3704 εἰδὲ
3644 3654 3750 3704 καὶ

2160 3739 2256 3809 τήν
2289 3739 2465 3812 ψυχὴν
2512 3740 2838 3794 ἐσπούδασεν
2893 3741 3207 3810 ἀφελέσθαι,
3240 3743 3352 3797 ἀλλ’
3389 3743 3537 3809 ἀπαξ
3593 3743 3750 3796 τοῦτ’

2162 3831 2457 3907 ἐτόλμησεν
2490 3834 2639 3898 ῐσως,
2690 3833 2810 3902 οὐχὶ
2869 3834 2950 3896 δὶς
2984 3835 3076 3887 καί¹
3131 3836 3272 3906 τρὶς,
3328 3837 3422 3888 καὶ
3477 3835 3749 3899 πολλάκις

2161 3923 2410 3995 καθάπερ
2443 3919 2614 3988 οὗτοςο
2642 3926 2688 3978 εἰ
2715 3925 2770 3977 δὲ
2802 3926 2894 3979 καὶ
2925 3925 3072 3991 ἅπαξ
3097 3928 3189 3980 καὶ
3227 3927 3308 3990 δὶς
3341 3929 3433 3981 καὶ
3477 3929 3600 3998 τρὶς
3643 3931 3750 3982 καὶ

2163 4017 2439 4080 πολλάκις,
2499 4016 2612 4070 ἀλλ’
2647 4018 2709 4070 οὑ
2743 4017 2976 4070 τοσαῦτα
3025 4017 3417 4089 εὑεργετηθείς,
3466 4019 3581 4072 ἀλλ’
3636 4022 3749 4074 οὐκ

2162 4109 2331 4163 ἐλθὼν
2354 4111 2431 4172 εἰς
2457 4111 2555 4172 τὰς
2585 4113 2770 4181 χεῖρας
2795 4111 2888 4165 καὶ
2913 4111 3058 4177 ἅπαξ
3090 4114 3184 4164 καὶ
3206 4111 3476 4182 δεύτερον,
3507 4114 3602 4166 καὶ
3621 4115 3747 4168 δια-

2163 4201 2376 4265 σωθείς
2403 4204 2450 4254 εἰ
2479 4202 2534 4254 δὲ
2568 4202 2661 4255 καί
2689 4203 2865 4266 τοῦτο,
2907 4204 3000 4256 καὶ
3025 4202 3168 4257 οὕτω
3199 4204 3514 4257 πλεονεκτεῖ
3567 4207 3749 4260 πάλιν

2160 4294 2393 4348 όΔαυῖδ.
2443 4295 2516 4347 Οὑ
2547 4294 2655 4364 γάρ
2712 4298 2858 4348 ἐστιν
2899 4295 3010 4349 ἴσον
3061 4296 3154 4348 ἐπὶ
3184 4296 3284 4366 τῆς
3338 4297 3746 4362 Παλαιᾶς’όντα

2160 4386 2382 4440 τοιαῦτα
2404 4387 2729 4455 φιλοσοφεῖν,
2761 4388 2854 4440 καὶ
2885 4386 2980 4440 νῦν
3003 4387 3142 4456 μετὰ
3178 4388 3275 4458 τὴν
3303 4389 3460 4459 χάριν
3477 4391 3747 4457 τοιαύτας

2162 4478 2477 4548 χαρίζεσθαι
2503 4477 2726 4548 δωρεάς.
2762 4478 2874 4530 Οὐκ
2898 4473 2963 4547 ἦν
2992 4479 3020 4530 ὁ
3048 4478 3208 4531 Δαυῒδ
3233 4480 3472 4543 ἀκούσας
3506 4482 3607 4551 τὴν
3632 4500 3747 4535 πα-

2166 4568 2394 4640 ραϐολὴν
2412 4567 2518 4620 τῶν
2578 4569 2785 4639 μυρίων
2841 4567 3115 4621 ταλάντων
3149 4569 3375 4623 καὶτῶν
3417 4570 3616 4624 ἐκατὸν
3643 4573 3747 4643 δη-

2160 4662 2378 4732 ναρίων“
2409 4663 2508 4714 οὑκ
2527 4657 2594 4732 ῆν
2623 4659 2825 4715 ὁΔαυῒδ
2849 4661 3088 4724 ἀκούσας
3113 4663 3208 4730 τῆς
3235 4661 3396 4730 εὐχῆς
3419 4661 3514 4731 τῆς
3545 4663 3748 4730 λεγού-

2164 4770 2283 4822 σης,
2315 4755 2381 4807 ’Ἀ
2389 4770 2527 4822 saeta
2549 4752 2670 4816 τοῖς
2703 4751 3033 4819 ἀνθρώποις
3058 4752 3130 4804 τὰ
3169 4750 3484 4820 ὀφλήματα
3508 4753 3743 4817 αὐτῶν,

2162 4839 2356 4904 καθὼς
2396 4837 2495 4891 καὶ
2520 4841 2552 4890 ὀ
2571 4836 2772 4905 Πατὴρ
2799 4835 2966 4906 ὑμῶν
2989 4839 3022 4889 ό
3047 4835 3342 4902 οὐράνιος·
3377 4837 3477 4888 οὐκ
3512 4832 3583 4906 ῆν
3611 4836 3748 4889 ἰδὼν

2161 4930 2250 4981 τόν
2285 4929 2512 4999 Χριστὸν
2535 4927 2934 4999 σταυρωθέντα,
2965 4926 3063 4996 οὑχ
3086 4921 3225 4998 αἷμα
3266 4928 3326 4980 τὸ
3365 4929 3544 4999 τίμιον
3569 4931 3748 4998 ἐκχυ-

2164 5019 2275 5084 θὲν,
2322 5019 2442 5072 οὐδὲ
2469 5021 2592 5081 τοὺς
2624 5019 2850 5089 μυρίους
2886 5019 3013 5089 περὶ
3044 5019 3360 5087 φιλοσοφίας
3383 5019 3623 5084 ἀκούσας
3643 5021 3750 5074 λό-

2163 5127 2312 5178 γους·
2349 5111 2446 5162 οὺκ
2479 5109 2752 5163 ἀπέλαυσε
2787 5109 2978 5172 θυσίας
3008 5109 3292 5178 τοσαύτης,
3339 5110 3448 5162 οὐδ’
3498 5111 3749 5180 αἵματος

2166 5197 2319 5270 [775]
2347 5197 2569 5267 μετέσχε
2607 5197 2953 5260 Δεσποτικοῦ,
3014 5197 3129 5250 ἀλλ’
3155 5197 3525 5268 ἀτελεστέροις
3550 5199 3749 5268 ἐντρε-

2165 5287 2396 5356 φόμενος
2415 5284 2599 5354 νόμοις
2654 5284 2748 5336 καὶ
2779 5284 2930 5336 οὐδὲν
2962 5285 3249 5337 ἀπαιτοῦσι
3294 5285 3557 5346 τοιοῦτον,
3599 5287 3752 5355 πρὸς

2165 5375 2335 5445 αὐτὴν
2369 5373 2466 5442 τὴν
2498 5372 2742 5443 κορυφὴν
2763 5372 2860 5439 τῆς
2891 5372 2947 5422 ἐν
2969 5373 3034 5441 τῇ
3063 5371 3246 5441 χάριτι
3270 5371 3468 5438 ἔφθασε
3519 5371 3754 5440 φιλοσοο

2167 5462 2310 5530 φίας.
2344 5461 2455 5513 Καὶ
2481 5461 2544 5512 σὺ
2580 5459 2677 5529 μὲν
2726 5457 2983 5521 πολλάκις
3034 5458 3175 5527 ὑπὲρ
3211 5458 3320 5510 τῶν
3355 5457 3754 5526 παρελθόντων

2165 5551 2513 5620 ὀργιζόμενος
2541 5551 2915 5618 μνησικακείςο
2941 5540 3093 5610 οὗτος
3115 5546 3172 5599 δέ
3199 5547 3296 5600 καὶ
3320 5546 3459 5617 ὑπὲρ
3480 5547 3589 5599 τῶν
3606 5548 3757 5614 μελ-

2165 5640 2361 5695 λόντων
2381 5638 2652 5706 δεδοικὼς,
2707 5638 2802 5692 καί.
2853 5637 3005 5702 εἰδὼς
3057 5635 3317 5707 ἀκριϐῶς,
3355 5637 3436 5690 δτι
3478 5635 3762 5705 ἀοίκητος,

2234 5803 2254 5832 ε
2282 5799 2426 5862 Regii
2449 5798 2543 5848 duo
2566 5799 2755 5862 ἀφορᾷ-ι.
