  <div class='ocr_page' id='page_1' title='image "/cluster/home/n/w/nwhite01/storage/ocr_20150623/54/nnc1.0046978518/324.png"; bbox 0 0 4038 6360; ppageno 0'>
   <div class='ocr_carea' id='block_1_1' title="bbox 261 469 369 527">
    <p class='ocr_par' dir='ltr' id='par_1_1' title="bbox 261 469 369 527">
     <span class='ocr_line' id='line_1_1' title="bbox 261 469 369 527; baseline 0.019 -2"><span class='ocrx_word' id='word_1_1' title='bbox 261 469 369 527; x_wconf 74' lang='lat'><strong>697</strong></span> 
     </span>
    </p>
   </div>
   <div class='ocr_carea' id='block_1_2' title="bbox 260 576 1845 646">
    <p class='ocr_par' dir='ltr' id='par_1_2' title="bbox 260 576 1845 646">
     <span class='ocr_line' id='line_1_2' title="bbox 260 576 1845 646; baseline -0.004 -9"><span class='ocrx_word' id='word_1_2' title='bbox 260 585 399 637; x_wconf 83' lang='lat' dir='ltr'><strong>hanc</strong></span> <span class='ocrx_word' id='word_1_3' title='bbox 441 596 645 637; x_wconf 82' lang='lat' dir='ltr'><strong>sacram</strong></span> <span class='ocrx_word' id='word_1_4' title='bbox 698 595 939 637; x_wconf 81' lang='lat' dir='ltr'><strong>mensam</strong></span> <span class='ocrx_word' id='word_1_5' title='bbox 985 578 1245 644; x_wconf 89' lang='lat' dir='ltr'><strong>intueris,</strong></span> <span class='ocrx_word' id='word_1_6' title='bbox 1288 578 1377 632; x_wconf 82' lang='lat' dir='ltr'><strong>tibi</strong></span> <span class='ocrx_word' id='word_1_7' title='bbox 1408 576 1682 632; x_wconf 89' lang='lat' dir='ltr'><strong>tremenda</strong></span> <span class='ocrx_word' id='word_1_8' title='bbox 1720 592 1845 646; x_wconf 82' lang='lat' dir='ltr'><strong>per-</strong></span> 
     </span>
    </p>
   </div>
   <div class='ocr_carea' id='block_1_3' title="bbox 258 671 1846 746">
    <p class='ocr_par' dir='ltr' id='par_1_3' title="bbox 258 671 1846 746">
     <span class='ocr_line' id='line_1_3' title="bbox 258 671 1846 746; baseline -0.004 -16"><span class='ocrx_word' id='word_1_9' title='bbox 258 688 487 746; x_wconf 86' lang='lat' dir='ltr'><strong>aguntur</strong></span> <span class='ocrx_word' id='word_1_10' title='bbox 498 674 917 746; x_wconf 81' lang='lat' dir='ltr'><strong>mystcria?dum</strong></span> <span class='ocrx_word' id='word_1_11' title='bbox 938 672 1124 726; x_wconf 84' lang='lat' dir='ltr'><strong>iisdem</strong></span> <span class='ocrx_word' id='word_1_12' title='bbox 1144 672 1359 727; x_wconf 88' lang='lat' dir='ltr'><strong>auribus</strong></span> <span class='ocrx_word' id='word_1_13' title='bbox 1376 671 1527 725; x_wconf 86' lang='lat' dir='ltr'><strong>audis</strong></span> <span class='ocrx_word' id='word_1_14' title='bbox 1542 682 1595 725; x_wconf 94' lang='lat' dir='ltr'><strong>et</strong></span> <span class='ocrx_word' id='word_1_15' title='bbox 1612 682 1846 725; x_wconf 91' lang='lat' dir='ltr'><strong>scortum</strong></span> 
     </span>
    </p>
   </div>
   <div class='ocr_carea' id='block_1_4' title="bbox 258 763 1846 837">
    <p class='ocr_par' dir='ltr' id='par_1_4' title="bbox 258 763 1846 837">
     <span class='ocr_line' id='line_1_4' title="bbox 258 763 1846 837; baseline -0.003 -16"><span class='ocrx_word' id='word_1_16' title='bbox 258 771 512 823; x_wconf 74' lang='lat' dir='ltr'><strong>obscmue</strong></span> <span class='ocrx_word' id='word_1_17' title='bbox 543 769 766 837; x_wconf 89' lang='lat' dir='ltr'><strong>loquens</strong></span> <span class='ocrx_word' id='word_1_18' title='bbox 790 807 805 834; x_wconf 79' lang='lat'><strong>,</strong></span> <span class='ocrx_word' id='word_1_19' title='bbox 835 775 888 821; x_wconf 91' lang='lat' dir='ltr'><strong>et</strong></span> <span class='ocrx_word' id='word_1_20' title='bbox 916 766 1230 834; x_wconf 77' lang='lat' dir='ltr'><strong>prophetam</strong></span> <span class='ocrx_word' id='word_1_21' title='bbox 1271 763 1677 834; x_wconf 88' lang='lat' dir='ltr'><strong>apostolumque</strong></span> <span class='ocrx_word' id='word_1_22' title='bbox 1706 771 1759 817; x_wconf 88' lang='lat' dir='ltr'><strong>te</strong></span> <span class='ocrx_word' id='word_1_23' title='bbox 1780 763 1846 816; x_wconf 93' lang='lat' dir='ltr'><strong>ad</strong></span> 
     </span>
    </p>
   </div>
   <div class='ocr_carea' id='block_1_5' title="bbox 255 852 1847 927">
    <p class='ocr_par' dir='ltr' id='par_1_5' title="bbox 255 852 1847 927">
     <span class='ocr_line' id='line_1_5' title="bbox 255 852 1847 927; baseline -0.003 -14"><span class='ocrx_word' id='word_1_24' title='bbox 255 875 453 913; x_wconf 88' lang='lat' dir='ltr'><strong>arcana</strong></span> <span class='ocrx_word' id='word_1_25' title='bbox 490 859 778 927; x_wconf 66' lang='lat' dir='ltr'><strong>Scripturce</strong></span> <span class='ocrx_word' id='word_1_26' title='bbox 818 854 1288 911; x_wconf 90' lang='lat' dir='ltr'><strong>introduccutem?</strong></span> <span class='ocrx_word' id='word_1_27' title='bbox 1314 853 1440 908; x_wconf 91' lang='lat' dir='ltr'><strong>dum</strong></span> <span class='ocrx_word' id='word_1_28' title='bbox 1468 854 1658 909; x_wconf 90' lang='lat' dir='ltr'><strong>eodem</strong></span> <span class='ocrx_word' id='word_1_29' title='bbox 1684 852 1847 909; x_wconf 89' lang='lat' dir='ltr'><strong>corde</strong></span> 
     </span>
    </p>
   </div>
   <div class='ocr_carea' id='block_1_6' title="bbox 259 946 1847 1015">
    <p class='ocr_par' dir='ltr' id='par_1_6' title="bbox 259 946 1847 1015">
     <span class='ocr_line' id='line_1_6' title="bbox 259 946 1847 1015; baseline -0.004 -9"><span class='ocrx_word' id='word_1_30' title='bbox 259 953 440 1007; x_wconf 80' lang='lat' dir='ltr'><strong>letalia</strong></span> <span class='ocrx_word' id='word_1_31' title='bbox 475 950 643 1006; x_wconf 86' lang='lat' dir='ltr'><strong>sumis</strong></span> <span class='ocrx_word' id='word_1_32' title='bbox 682 964 891 1004; x_wconf 88' lang='lat' dir='ltr'><strong>venena</strong></span> <span class='ocrx_word' id='word_1_33' title='bbox 917 990 931 1015; x_wconf 91' lang='lat'><strong>,</strong></span> <span class='ocrx_word' id='word_1_34' title='bbox 972 956 1026 1003; x_wconf 90' lang='lat' dir='ltr'><strong>et</strong></span> <span class='ocrx_word' id='word_1_35' title='bbox 1068 947 1204 1001; x_wconf 92' lang='lat' dir='ltr'><strong>hanc</strong></span> <span class='ocrx_word' id='word_1_36' title='bbox 1236 946 1461 1000; x_wconf 84' lang='lat' dir='ltr'><strong>hostiam</strong></span> <span class='ocrx_word' id='word_1_37' title='bbox 1499 955 1738 999; x_wconf 89' lang='lat' dir='ltr'><strong>sanctam</strong></span> <span class='ocrx_word' id='word_1_38' title='bbox 1784 960 1847 999; x_wconf 91' lang='lat' dir='ltr'><strong>ac</strong></span> 
     </span>
    </p>
   </div>
   <div class='ocr_carea' id='block_1_7' title="bbox 256 1035 1845 1105">
    <p class='ocr_par' dir='ltr' id='par_1_7' title="bbox 256 1035 1845 1105">
     <span class='ocr_line' id='line_1_7' title="bbox 256 1035 1845 1105; baseline -0.006 -7"><span class='ocrx_word' id='word_1_39' title='bbox 256 1042 635 1099; x_wconf 85' lang='lat' dir='ltr'><strong>tremendam?</strong></span> <span class='ocrx_word' id='word_1_40' title='bbox 665 1042 853 1096; x_wconf 87' lang='lat' dir='ltr'><strong>Annon</strong></span> <span class='ocrx_word' id='word_1_41' title='bbox 883 1040 998 1094; x_wconf 68' lang='lat' dir='ltr'><strong>haec</strong></span> <span class='ocrx_word' id='word_1_42' title='bbox 1022 1048 1146 1093; x_wconf 91' lang='lat' dir='ltr'><strong>sunt</strong></span> <span class='ocrx_word' id='word_1_43' title='bbox 1167 1040 1290 1092; x_wconf 60' lang='lat' dir='ltr'><strong>vitae</strong></span> <span class='ocrx_word' id='word_1_44' title='bbox 1322 1037 1624 1100; x_wconf 85' lang='lat' dir='ltr'><strong>subversio,</strong></span> <span class='ocrx_word' id='word_1_45' title='bbox 1655 1035 1845 1105; x_wconf 86' lang='lat' dir='ltr'><strong>conju-</strong></span> 
     </span>
    </p>
   </div>
   <div class='ocr_carea' id='block_1_8' title="bbox 249 1127 1844 1203">
    <p class='ocr_par' dir='ltr' id='par_1_8' title="bbox 249 1127 1844 1203">
     <span class='ocr_line' id='line_1_8' title="bbox 249 1127 1844 1203; baseline -0.004 -15"><span class='ocrx_word' id='word_1_46' title='bbox 249 1136 465 1203; x_wconf 85' lang='lat' dir='ltr'><strong>giorum</strong></span> <span class='ocrx_word' id='word_1_47' title='bbox 492 1131 831 1200; x_wconf 75' lang='lat' dir='ltr'><strong>corruptelae,</strong></span> <span class='ocrx_word' id='word_1_48' title='bbox 857 1130 995 1184; x_wconf 75' lang='lat' dir='ltr'><strong>bella</strong></span> <span class='ocrx_word' id='word_1_49' title='bbox 1022 1143 1316 1199; x_wconf 69' lang='lat' dir='ltr'><strong>pugnatque</strong></span> <span class='ocrx_word' id='word_1_50' title='bbox 1345 1136 1399 1182; x_wconf 90' lang='lat' dir='ltr'><strong>et</strong></span> <span class='ocrx_word' id='word_1_51' title='bbox 1414 1129 1553 1181; x_wconf 81' lang='lat' dir='ltr'><strong>rixa:</strong></span> <span class='ocrx_word' id='word_1_52' title='bbox 1582 1129 1632 1181; x_wconf 91' lang='lat' dir='ltr'><strong>in</strong></span> <span class='ocrx_word' id='word_1_53' title='bbox 1670 1127 1844 1181; x_wconf 90' lang='lat' dir='ltr'><strong>domi-</strong></span> 
     </span>
    </p>
   </div>
   <div class='ocr_carea' id='block_1_9' title="bbox 254 1219 1847 1292">
    <p class='ocr_par' dir='ltr' id='par_1_9' title="bbox 254 1219 1847 1292">
     <span class='ocr_line' id='line_1_9' title="bbox 254 1219 1847 1292; baseline -0.005 -12"><span class='ocrx_word' id='word_1_54' title='bbox 254 1228 397 1282; x_wconf 88' lang='lat' dir='ltr'><strong>bus?</strong></span> <span class='ocrx_word' id='word_1_55' title='bbox 424 1226 558 1279; x_wconf 92' lang='lat' dir='ltr'><strong>Cum</strong></span> <span class='ocrx_word' id='word_1_56' title='bbox 584 1224 725 1279; x_wconf 91' lang='lat' dir='ltr'><strong>enim</strong></span> <span class='ocrx_word' id='word_1_57' title='bbox 754 1222 1070 1292; x_wconf 85' lang='lat' dir='ltr'><strong>spectaculis</strong></span> <span class='ocrx_word' id='word_1_58' title='bbox 1095 1221 1199 1275; x_wconf 89' lang='lat' dir='ltr'><strong>illis</strong></span> <span class='ocrx_word' id='word_1_59' title='bbox 1218 1220 1524 1274; x_wconf 88' lang='lat' dir='ltr'><strong>dissolutior</strong></span> <span class='ocrx_word' id='word_1_60' title='bbox 1545 1234 1608 1274; x_wconf 93' lang='lat' dir='ltr'><strong>ac</strong></span> <span class='ocrx_word' id='word_1_61' title='bbox 1635 1219 1847 1273; x_wconf 90' lang='lat' dir='ltr'><strong>mollior</strong></span> 
     </span>
    </p>
   </div>
   <div class='ocr_carea' id='block_1_10' title="bbox 254 1312 1844 1387">
    <p class='ocr_par' dir='ltr' id='par_1_10' title="bbox 254 1312 1844 1387">
     <span class='ocr_line' id='line_1_10' title="bbox 254 1312 1844 1387; baseline -0.003 -15"><span class='ocrx_word' id='word_1_62' title='bbox 254 1319 609 1387; x_wconf 88' lang='lat' dir='ltr'><strong>lasciviorque</strong></span> <span class='ocrx_word' id='word_1_63' title='bbox 632 1358 648 1383; x_wconf 96' lang='lat'><strong>,</strong></span> <span class='ocrx_word' id='word_1_64' title='bbox 685 1316 963 1384; x_wconf 88' lang='lat' dir='ltr'><strong>omnisque</strong></span> <span class='ocrx_word' id='word_1_65' title='bbox 1000 1313 1266 1383; x_wconf 80' lang='lat' dir='ltr'><strong>pudicitiae</strong></span> <span class='ocrx_word' id='word_1_66' title='bbox 1308 1313 1473 1367; x_wconf 90' lang='lat' dir='ltr'><strong>hostis</strong></span> <span class='ocrx_word' id='word_1_67' title='bbox 1513 1312 1678 1367; x_wconf 88' lang='lat' dir='ltr'><strong>factus</strong></span> <span class='ocrx_word' id='word_1_68' title='bbox 1702 1353 1718 1378; x_wconf 92' lang='lat'><strong>,</strong></span> <span class='ocrx_word' id='word_1_69' title='bbox 1744 1312 1844 1367; x_wconf 90' lang='lat' dir='ltr'><strong>do-</strong></span> 
     </span>
    </p>
   </div>
   <div class='ocr_carea' id='block_1_11' title="bbox 253 1406 1841 1477">
    <p class='ocr_par' dir='ltr' id='par_1_11' title="bbox 253 1406 1841 1477">
     <span class='ocr_line' id='line_1_11' title="bbox 253 1406 1841 1477; baseline -0.004 -11"><span class='ocrx_word' id='word_1_70' title='bbox 253 1427 403 1466; x_wconf 90' lang='lat' dir='ltr'><strong>mum</strong></span> <span class='ocrx_word' id='word_1_71' title='bbox 434 1410 657 1465; x_wconf 91' lang='lat' dir='ltr'><strong>redieris</strong></span> <span class='ocrx_word' id='word_1_72' title='bbox 679 1450 697 1477; x_wconf 97' lang='lat'><strong>,</strong></span> <span class='ocrx_word' id='word_1_73' title='bbox 721 1408 903 1463; x_wconf 83' lang='lat' dir='ltr'><strong>uxoris</strong></span> <span class='ocrx_word' id='word_1_74' title='bbox 933 1414 1179 1476; x_wconf 90' lang='lat' dir='ltr'><strong>aspectus</strong></span> <span class='ocrx_word' id='word_1_75' title='bbox 1209 1407 1384 1461; x_wconf 88' lang='lat' dir='ltr'><strong>minus</strong></span> <span class='ocrx_word' id='word_1_76' title='bbox 1410 1407 1512 1461; x_wconf 89' lang='lat' dir='ltr'><strong>erit</strong></span> <span class='ocrx_word' id='word_1_77' title='bbox 1533 1406 1796 1475; x_wconf 87' lang='lat' dir='ltr'><strong>jucundus</strong></span> <span class='ocrx_word' id='word_1_78' title='bbox 1826 1447 1841 1471; x_wconf 90' lang='lat'><strong>,</strong></span> 
     </span>
    </p>
   </div>
   <div class='ocr_carea' id='block_1_12' title="bbox 140 1499 1846 1574">
    <p class='ocr_par' dir='ltr' id='par_1_12' title="bbox 140 1499 1846 1574">
     <span class='ocr_line' id='line_1_12' title="bbox 140 1499 1846 1574; baseline -0.002 -16"><span class='ocrx_word' id='word_1_79' title='bbox 140 1533 165 1543; x_wconf 72' lang='grc' dir='ltr'><strong>σ-</strong></span> <span class='ocrx_word' id='word_1_80' title='bbox 253 1506 657 1574; x_wconf 87' lang='lat' dir='ltr'><strong>qualiscumque</strong></span> <span class='ocrx_word' id='word_1_81' title='bbox 677 1502 835 1557; x_wconf 89' lang='lat' dir='ltr'><strong>etiam</strong></span> <span class='ocrx_word' id='word_1_82' title='bbox 864 1501 952 1556; x_wconf 91' lang='lat' dir='ltr'><strong>illa</strong></span> <span class='ocrx_word' id='word_1_83' title='bbox 980 1500 1156 1555; x_wconf 87' lang='lat' dir='ltr'><strong>fuerit.</strong></span> <span class='ocrx_word' id='word_1_84' title='bbox 1186 1499 1459 1569; x_wconf 88' lang='lat' dir='ltr'><strong>Siquidem</strong></span> <span class='ocrx_word' id='word_1_85' title='bbox 1490 1499 1846 1554; x_wconf 86' lang='lat' dir='ltr'><strong>inﬂammatus</strong></span> 
     </span>
    </p>
   </div>
   <div class='ocr_carea' id='block_1_13' title="bbox 255 1589 1844 1662">
    <p class='ocr_par' dir='ltr' id='par_1_13' title="bbox 255 1589 1844 1662">
     <span class='ocr_line' id='line_1_13' title="bbox 255 1589 1844 1662; baseline -0.004 -13"><span class='ocrx_word' id='word_1_86' title='bbox 255 1596 344 1649; x_wconf 91' lang='lat' dir='ltr'><strong>illa</strong></span> <span class='ocrx_word' id='word_1_87' title='bbox 371 1595 797 1662; x_wconf 88' lang='lat' dir='ltr'><strong>concupiscentia</strong></span> <span class='ocrx_word' id='word_1_88' title='bbox 820 1633 834 1655; x_wconf 91' lang='lat'><strong>,</strong></span> <span class='ocrx_word' id='word_1_89' title='bbox 867 1607 1024 1661; x_wconf 91' lang='lat' dir='ltr'><strong>quam</strong></span> <span class='ocrx_word' id='word_1_90' title='bbox 1063 1591 1113 1644; x_wconf 93' lang='lat' dir='ltr'><strong>in</strong></span> <span class='ocrx_word' id='word_1_91' title='bbox 1155 1590 1375 1645; x_wconf 87' lang='lat' dir='ltr'><strong>theatris</strong></span> <span class='ocrx_word' id='word_1_92' title='bbox 1402 1590 1659 1653; x_wconf 89' lang='lat' dir='ltr'><strong>hausisti,</strong></span> <span class='ocrx_word' id='word_1_93' title='bbox 1695 1600 1744 1643; x_wconf 89' lang='lat' dir='ltr'><strong>et</strong></span> <span class='ocrx_word' id='word_1_94' title='bbox 1776 1589 1844 1642; x_wconf 92' lang='lat' dir='ltr'><strong>ab</strong></span> 
     </span>
    </p>
   </div>
   <div class='ocr_carea' id='block_1_14' title="bbox 254 1682 1843 1754">
    <p class='ocr_par' dir='ltr' id='par_1_14' title="bbox 254 1682 1843 1754">
     <span class='ocr_line' id='line_1_14' title="bbox 254 1682 1843 1754; baseline -0.005 -13"><span class='ocrx_word' id='word_1_95' title='bbox 254 1687 350 1741; x_wconf 87' lang='lat' dir='ltr'><strong>illo</strong></span> <span class='ocrx_word' id='word_1_96' title='bbox 385 1686 558 1740; x_wconf 90' lang='lat' dir='ltr'><strong>alieno</strong></span> <span class='ocrx_word' id='word_1_97' title='bbox 587 1684 888 1754; x_wconf 88' lang='lat' dir='ltr'><strong>spectaculo</strong></span> <span class='ocrx_word' id='word_1_98' title='bbox 911 1726 925 1748; x_wconf 93' lang='lat'><strong>,</strong></span> <span class='ocrx_word' id='word_1_99' title='bbox 960 1683 1101 1753; x_wconf 90' lang='lat' dir='ltr'><strong>quod</strong></span> <span class='ocrx_word' id='word_1_100' title='bbox 1142 1692 1193 1737; x_wconf 87' lang='lat' dir='ltr'><strong>te</strong></span> <span class='ocrx_word' id='word_1_101' title='bbox 1233 1682 1592 1747; x_wconf 89' lang='lat' dir='ltr'><strong>dementavit,</strong></span> <span class='ocrx_word' id='word_1_102' title='bbox 1624 1690 1843 1750; x_wconf 87' lang='lat' dir='ltr'><strong>captus,</strong></span> 
     </span>
    </p>
   </div>
   <div class='ocr_carea' id='block_1_15' title="bbox 253 1775 1842 1834">
    <p class='ocr_par' dir='ltr' id='par_1_15' title="bbox 253 1775 1842 1834">
     <span class='ocr_line' id='line_1_15' title="bbox 253 1775 1842 1834; baseline -0.004 -1"><span class='ocrx_word' id='word_1_103' title='bbox 253 1788 456 1834; x_wconf 88' lang='lat' dir='ltr'><strong>castam</strong></span> <span class='ocrx_word' id='word_1_104' title='bbox 483 1794 546 1833; x_wconf 90' lang='lat' dir='ltr'><strong>ac</strong></span> <span class='ocrx_word' id='word_1_105' title='bbox 570 1778 864 1832; x_wconf 82' lang='lat' dir='ltr'><strong>modestam</strong></span> <span class='ocrx_word' id='word_1_106' title='bbox 893 1792 1110 1830; x_wconf 77' lang='lat' dir='ltr'><strong>uxorem</strong></span> <span class='ocrx_word' id='word_1_107' title='bbox 1138 1784 1191 1829; x_wconf 92' lang='lat' dir='ltr'><strong>et</strong></span> <span class='ocrx_word' id='word_1_108' title='bbox 1214 1776 1373 1829; x_wconf 82' lang='lat' dir='ltr'><strong>totius</strong></span> <span class='ocrx_word' id='word_1_109' title='bbox 1398 1775 1519 1828; x_wconf 67' lang='lat' dir='ltr'><strong>vitae</strong></span> <span class='ocrx_word' id='word_1_110' title='bbox 1540 1784 1842 1829; x_wconf 86' lang='lat' dir='ltr'><strong>consortem</strong></span> 
     </span>
    </p>
   </div>
   <div class='ocr_carea' id='block_1_16' title="bbox 252 1867 1845 1943">
    <p class='ocr_par' dir='ltr' id='par_1_16' title="bbox 252 1867 1845 1943">
     <span class='ocr_line' id='line_1_16' title="bbox 252 1867 1845 1943; baseline -0.003 -18"><span class='ocrx_word' id='word_1_111' title='bbox 252 1874 503 1943; x_wconf 88' lang='lat' dir='ltr'><strong>despicis,</strong></span> <span class='ocrx_word' id='word_1_112' title='bbox 527 1871 843 1927; x_wconf 88' lang='lat' dir='ltr'><strong>contumelia</strong></span> <span class='ocrx_word' id='word_1_113' title='bbox 865 1869 1055 1933; x_wconf 87' lang='lat' dir='ltr'><strong>afﬁcis,</strong></span> <span class='ocrx_word' id='word_1_114' title='bbox 1075 1867 1470 1936; x_wconf 90' lang='lat' dir='ltr'><strong>iunumerisque</strong></span> <span class='ocrx_word' id='word_1_115' title='bbox 1487 1867 1694 1936; x_wconf 84' lang='lat' dir='ltr'><strong>probris</strong></span> <span class='ocrx_word' id='word_1_116' title='bbox 1717 1881 1845 1935; x_wconf 75' lang='lat' dir='ltr'><strong>ope-</strong></span> 
     </span>
    </p>
   </div>
   <div class='ocr_carea' id='block_1_17' title="bbox 252 1959 1837 2035">
    <p class='ocr_par' dir='ltr' id='par_1_17' title="bbox 252 1959 1837 2035">
     <span class='ocr_line' id='line_1_17' title="bbox 252 1959 1837 2035; baseline -0.008 -15"><span class='ocrx_word' id='word_1_117' title='bbox 252 1968 328 2020; x_wconf 86' lang='lat' dir='ltr'><strong>ris</strong></span> <span class='ocrx_word' id='word_1_118' title='bbox 348 2007 363 2032; x_wconf 88' lang='lat'><strong>,</strong></span> <span class='ocrx_word' id='word_1_119' title='bbox 394 1983 500 2021; x_wconf 90' lang='lat' dir='ltr'><strong>non</strong></span> <span class='ocrx_word' id='word_1_120' title='bbox 528 1965 666 2035; x_wconf 90' lang='lat' dir='ltr'><strong>quod</strong></span> <span class='ocrx_word' id='word_1_121' title='bbox 696 1963 981 2033; x_wconf 87' lang='lat' dir='ltr'><strong>quidquam</strong></span> <span class='ocrx_word' id='word_1_122' title='bbox 1013 1960 1211 2014; x_wconf 82' lang='lat' dir='ltr'><strong>habeas</strong></span> <span class='ocrx_word' id='word_1_123' title='bbox 1237 1959 1377 2029; x_wconf 91' lang='lat' dir='ltr'><strong>quod</strong></span> <span class='ocrx_word' id='word_1_124' title='bbox 1414 1961 1467 2011; x_wconf 90' lang='lat' dir='ltr'><strong>in</strong></span> <span class='ocrx_word' id='word_1_125' title='bbox 1500 1959 1588 2011; x_wconf 88' lang='lat' dir='ltr'><strong>illa</strong></span> <span class='ocrx_word' id='word_1_126' title='bbox 1617 1959 1798 2026; x_wconf 85' lang='lat' dir='ltr'><strong>culpes</strong></span> <span class='ocrx_word' id='word_1_127' title='bbox 1823 1998 1837 2020; x_wconf 93' lang='lat'><strong>,</strong></span> 
     </span>
    </p>
   </div>
   <div class='ocr_carea' id='block_1_18' title="bbox 251 2048 1842 2126">
    <p class='ocr_par' dir='ltr' id='par_1_18' title="bbox 251 2048 1842 2126">
     <span class='ocr_line' id='line_1_18' title="bbox 251 2048 1842 2126; baseline -0.006 -14"><span class='ocrx_word' id='word_1_128' title='bbox 251 2056 348 2112; x_wconf 84' lang='lat' dir='ltr'><strong>sed</strong></span> <span class='ocrx_word' id='word_1_129' title='bbox 377 2055 517 2126; x_wconf 91' lang='lat' dir='ltr'><strong>quod</strong></span> <span class='ocrx_word' id='word_1_130' title='bbox 540 2056 825 2109; x_wconf 86' lang='lat' dir='ltr'><strong>erubescas</strong></span> <span class='ocrx_word' id='word_1_131' title='bbox 854 2052 1093 2107; x_wconf 87' lang='lat' dir='ltr'><strong>conﬁteri</strong></span> <span class='ocrx_word' id='word_1_132' title='bbox 1132 2050 1376 2104; x_wconf 86' lang='lat' dir='ltr'><strong>morbum</strong></span> <span class='ocrx_word' id='word_1_133' title='bbox 1402 2090 1416 2113; x_wconf 90' lang='lat'><strong>,</strong></span> <span class='ocrx_word' id='word_1_134' title='bbox 1459 2048 1602 2119; x_wconf 92' lang='lat' dir='ltr'><strong>quod</strong></span> <span class='ocrx_word' id='word_1_135' title='bbox 1648 2049 1842 2118; x_wconf 86' lang='lat' dir='ltr'><strong>pudeat</strong></span> 
     </span>
    </p>
   </div>
   <div class='ocr_carea' id='block_1_19' title="bbox 250 2138 1841 2213">
    <p class='ocr_par' dir='ltr' id='par_1_19' title="bbox 250 2138 1841 2213">
     <span class='ocr_line' id='line_1_19' title="bbox 250 2138 1841 2213; baseline -0.005 -14"><span class='ocrx_word' id='word_1_136' title='bbox 250 2147 443 2202; x_wconf 84' lang='lat' dir='ltr'><strong>vulnus</strong></span> <span class='ocrx_word' id='word_1_137' title='bbox 472 2145 775 2212; x_wconf 86' lang='lat' dir='ltr'><strong>ostendere,</strong></span> <span class='ocrx_word' id='word_1_138' title='bbox 800 2160 905 2213; x_wconf 91' lang='lat' dir='ltr'><strong>quo</strong></span> <span class='ocrx_word' id='word_1_139' title='bbox 935 2145 984 2197; x_wconf 93' lang='lat' dir='ltr'><strong>in</strong></span> <span class='ocrx_word' id='word_1_140' title='bbox 1014 2142 1335 2211; x_wconf 84' lang='lat' dir='ltr'><strong>spectaculis</strong></span> <span class='ocrx_word' id='word_1_141' title='bbox 1362 2140 1630 2194; x_wconf 87' lang='lat' dir='ltr'><strong>sauciatus</strong></span> <span class='ocrx_word' id='word_1_142' title='bbox 1657 2138 1841 2194; x_wconf 72' lang='lat' dir='ltr'><strong>redisti</strong></span> 
     </span>
    </p>
   </div>
   <div class='ocr_carea' id='block_1_20' title="bbox 251 2232 1839 2303">
    <p class='ocr_par' dir='ltr' id='par_1_20' title="bbox 251 2232 1839 2303">
     <span class='ocr_line' id='line_1_20' title="bbox 251 2232 1839 2303; baseline -0.005 -10"><span class='ocrx_word' id='word_1_143' title='bbox 251 2239 469 2293; x_wconf 87' lang='lat' dir='ltr'><strong>domum</strong></span> <span class='ocrx_word' id='word_1_144' title='bbox 494 2281 509 2303; x_wconf 94' lang='lat'><strong>,</strong></span> <span class='ocrx_word' id='word_1_145' title='bbox 540 2239 673 2291; x_wconf 90' lang='lat' dir='ltr'><strong>alias</strong></span> <span class='ocrx_word' id='word_1_146' title='bbox 711 2236 878 2290; x_wconf 91' lang='lat' dir='ltr'><strong>nectis</strong></span> <span class='ocrx_word' id='word_1_147' title='bbox 905 2235 1243 2290; x_wconf 86' lang='lat' dir='ltr'><strong>eausatioues</strong></span> <span class='ocrx_word' id='word_1_148' title='bbox 1266 2276 1280 2299; x_wconf 90' lang='lat'><strong>,</strong></span> <span class='ocrx_word' id='word_1_149' title='bbox 1310 2234 1513 2302; x_wconf 86' lang='lat' dir='ltr'><strong>iniquas</strong></span> <span class='ocrx_word' id='word_1_150' title='bbox 1551 2232 1839 2285; x_wconf 75' lang='lat' dir='ltr'><strong>inimicitia:</strong></span> 
     </span>
    </p>
   </div>
   <div class='ocr_carea' id='block_1_21' title="bbox 250 2325 1835 2401">
    <p class='ocr_par' dir='ltr' id='par_1_21' title="bbox 250 2325 1835 2401">
     <span class='ocr_line' id='line_1_21' title="bbox 250 2325 1835 2401; baseline -0.005 -15"><span class='ocrx_word' id='word_1_151' title='bbox 250 2346 501 2401; x_wconf 73' lang='lat' dir='ltr'><strong>qua-reus</strong></span> <span class='ocrx_word' id='word_1_152' title='bbox 524 2331 851 2393; x_wconf 87' lang='lat' dir='ltr'><strong>occasiones,</strong></span> <span class='ocrx_word' id='word_1_153' title='bbox 876 2329 1053 2382; x_wconf 87' lang='lat' dir='ltr'><strong>omnia</strong></span> <span class='ocrx_word' id='word_1_154' title='bbox 1073 2344 1193 2398; x_wconf 88' lang='lat' dir='ltr'><strong>quae</strong></span> <span class='ocrx_word' id='word_1_155' title='bbox 1216 2326 1359 2381; x_wconf 92' lang='lat' dir='ltr'><strong>domi</strong></span> <span class='ocrx_word' id='word_1_156' title='bbox 1387 2336 1511 2380; x_wconf 91' lang='lat' dir='ltr'><strong>sunt</strong></span> <span class='ocrx_word' id='word_1_157' title='bbox 1538 2325 1835 2393; x_wconf 87' lang='lat' dir='ltr'><strong>fastidiens,</strong></span> 
     </span>
    </p>
   </div>
   <div class='ocr_carea' id='block_1_22' title="bbox 249 2419 1838 2490">
    <p class='ocr_par' dir='ltr' id='par_1_22' title="bbox 249 2419 1838 2490">
     <span class='ocr_line' id='line_1_22' title="bbox 249 2419 1838 2490; baseline -0.004 -13"><span class='ocrx_word' id='word_1_158' title='bbox 249 2434 304 2478; x_wconf 86' lang='lat' dir='ltr'><strong>et</strong></span> <span class='ocrx_word' id='word_1_159' title='bbox 338 2423 403 2477; x_wconf 89' lang='lat' dir='ltr'><strong>ad</strong></span> <span class='ocrx_word' id='word_1_160' title='bbox 445 2422 723 2477; x_wconf 88' lang='lat' dir='ltr'><strong>scelestam</strong></span> <span class='ocrx_word' id='word_1_161' title='bbox 770 2423 909 2475; x_wconf 89' lang='lat' dir='ltr'><strong>illam</strong></span> <span class='ocrx_word' id='word_1_162' title='bbox 951 2429 1005 2474; x_wconf 92' lang='lat' dir='ltr'><strong>ct</strong></span> <span class='ocrx_word' id='word_1_163' title='bbox 1046 2421 1305 2490; x_wconf 89' lang='lat' dir='ltr'><strong>impuram</strong></span> <span class='ocrx_word' id='word_1_164' title='bbox 1346 2419 1556 2473; x_wconf 90' lang='lat' dir='ltr'><strong>inhians</strong></span> <span class='ocrx_word' id='word_1_165' title='bbox 1582 2420 1838 2487; x_wconf 86' lang='lat' dir='ltr'><strong>concupi-</strong></span> 
     </span>
    </p>
   </div>
   <div class='ocr_carea' id='block_1_23' title="bbox 248 2510 1836 2581">
    <p class='ocr_par' dir='ltr' id='par_1_23' title="bbox 248 2510 1836 2581">
     <span class='ocr_line' id='line_1_23' title="bbox 248 2510 1836 2581; baseline -0.003 -14"><span class='ocrx_word' id='word_1_166' title='bbox 248 2514 506 2567; x_wconf 89' lang='lat' dir='ltr'><strong>scentiam</strong></span> <span class='ocrx_word' id='word_1_167' title='bbox 530 2554 544 2578; x_wconf 92' lang='lat'><strong>,</strong></span> <span class='ocrx_word' id='word_1_168' title='bbox 587 2528 616 2565; x_wconf 89' lang='lat' dir='ltr'><strong>a</strong></span> <span class='ocrx_word' id='word_1_169' title='bbox 656 2528 755 2581; x_wconf 84' lang='lat' dir='ltr'><strong>qua</strong></span> <span class='ocrx_word' id='word_1_170' title='bbox 782 2512 973 2565; x_wconf 84' lang='lat' dir='ltr'><strong>vulnus</strong></span> <span class='ocrx_word' id='word_1_171' title='bbox 999 2510 1285 2580; x_wconf 85' lang='lat' dir='ltr'><strong>accepisti,</strong></span> <span class='ocrx_word' id='word_1_172' title='bbox 1332 2510 1563 2579; x_wconf 89' lang='lat' dir='ltr'><strong>dumque</strong></span> <span class='ocrx_word' id='word_1_173' title='bbox 1605 2511 1836 2564; x_wconf 86' lang='lat' dir='ltr'><strong>sonitum</strong></span> 
     </span>
    </p>
   </div>
   <div class='ocr_carea' id='block_1_24' title="bbox 248 2601 1835 2673">
    <p class='ocr_par' dir='ltr' id='par_1_24' title="bbox 248 2601 1835 2673">
     <span class='ocr_line' id='line_1_24' title="bbox 248 2601 1835 2673; baseline -0.001 -17"><span class='ocrx_word' id='word_1_174' title='bbox 248 2605 398 2657; x_wconf 80' lang='lat' dir='ltr'><strong>vocis</strong></span> <span class='ocrx_word' id='word_1_175' title='bbox 420 2603 561 2673; x_wconf 84' lang='lat' dir='ltr'><strong>geris</strong></span> <span class='ocrx_word' id='word_1_176' title='bbox 592 2603 644 2656; x_wconf 92' lang='lat' dir='ltr'><strong>in</strong></span> <span class='ocrx_word' id='word_1_177' title='bbox 676 2603 854 2656; x_wconf 92' lang='lat' dir='ltr'><strong>animo</strong></span> <span class='ocrx_word' id='word_1_178' title='bbox 890 2609 1192 2654; x_wconf 89' lang='lat' dir='ltr'><strong>manentem</strong></span> <span class='ocrx_word' id='word_1_179' title='bbox 1217 2642 1231 2666; x_wconf 94' lang='lat'><strong>,</strong></span> <span class='ocrx_word' id='word_1_180' title='bbox 1274 2601 1507 2669; x_wconf 91' lang='lat' dir='ltr'><strong>itemque</strong></span> <span class='ocrx_word' id='word_1_181' title='bbox 1545 2610 1792 2670; x_wconf 82' lang='lat' dir='ltr'><strong>aSpcctus</strong></span> <span class='ocrx_word' id='word_1_182' title='bbox 1818 2643 1835 2668; x_wconf 94' lang='lat'><strong>,</strong></span> 
     </span>
    </p>
   </div>
   <div class='ocr_carea' id='block_1_25' title="bbox 250 2694 1834 2765">
    <p class='ocr_par' dir='ltr' id='par_1_25' title="bbox 250 2694 1834 2765">
     <span class='ocr_line' id='line_1_25' title="bbox 250 2694 1834 2765; baseline -0.001 -16"><span class='ocrx_word' id='word_1_183' title='bbox 250 2706 428 2750; x_wconf 92' lang='lat' dir='ltr'><strong>motus</strong></span> <span class='ocrx_word' id='word_1_184' title='bbox 448 2738 461 2760; x_wconf 93' lang='lat'><strong>,</strong></span> <span class='ocrx_word' id='word_1_185' title='bbox 490 2697 773 2765; x_wconf 87' lang='lat' dir='ltr'><strong>omniaque</strong></span> <span class='ocrx_word' id='word_1_186' title='bbox 802 2696 887 2748; x_wconf 91' lang='lat' dir='ltr'><strong>illa</strong></span> <span class='ocrx_word' id='word_1_187' title='bbox 921 2694 1236 2750; x_wconf 73' lang='lat' dir='ltr'><strong>meretricia:</strong></span> <span class='ocrx_word' id='word_1_188' title='bbox 1267 2694 1503 2749; x_wconf 88' lang='lat' dir='ltr'><strong>libidinis</strong></span> <span class='ocrx_word' id='word_1_189' title='bbox 1530 2695 1834 2759; x_wconf 89' lang='lat' dir='ltr'><strong>simulacra,</strong></span> 
     </span>
    </p>
   </div>
   <div class='ocr_carea' id='block_1_26' title="bbox 248 2785 1833 2855">
    <p class='ocr_par' dir='ltr' id='par_1_26' title="bbox 248 2785 1833 2855">
     <span class='ocr_line' id='line_1_26' title="bbox 248 2785 1833 2855; baseline -0.003 -13"><span class='ocrx_word' id='word_1_190' title='bbox 248 2788 384 2842; x_wconf 89' lang='lat' dir='ltr'><strong>nihil</strong></span> <span class='ocrx_word' id='word_1_191' title='bbox 418 2802 599 2842; x_wconf 92' lang='lat' dir='ltr'><strong>eorum</strong></span> <span class='ocrx_word' id='word_1_192' title='bbox 625 2802 744 2855; x_wconf 88' lang='lat' dir='ltr'><strong>quae</strong></span> <span class='ocrx_word' id='word_1_193' title='bbox 781 2786 923 2840; x_wconf 90' lang='lat' dir='ltr'><strong>domi</strong></span> <span class='ocrx_word' id='word_1_194' title='bbox 967 2795 1091 2839; x_wconf 91' lang='lat' dir='ltr'><strong>sunt</strong></span> <span class='ocrx_word' id='word_1_195' title='bbox 1116 2801 1237 2839; x_wconf 89' lang='lat' dir='ltr'><strong>cum</strong></span> <span class='ocrx_word' id='word_1_196' title='bbox 1277 2785 1546 2853; x_wconf 86' lang='lat' dir='ltr'><strong>voluptate</strong></span> <span class='ocrx_word' id='word_1_197' title='bbox 1590 2785 1833 2839; x_wconf 86' lang='lat' dir='ltr'><strong>intueris.</strong></span> 
     </span>
    </p>
   </div>
   <div class='ocr_carea' id='block_1_27' title="bbox 248 2876 1835 2949">
    <p class='ocr_par' dir='ltr' id='par_1_27' title="bbox 248 2876 1835 2949">
     <span class='ocr_line' id='line_1_27' title="bbox 248 2876 1835 2949; baseline -0.003 -14"><span class='ocrx_word' id='word_1_198' title='bbox 248 2880 319 2935; x_wconf 85' lang='lat' dir='ltr'><strong>Et</strong></span> <span class='ocrx_word' id='word_1_199' title='bbox 341 2880 466 2949; x_wconf 87' lang='lat' dir='ltr'><strong>quid</strong></span> <span class='ocrx_word' id='word_1_200' title='bbox 493 2879 680 2949; x_wconf 89' lang='lat' dir='ltr'><strong>loquor</strong></span> <span class='ocrx_word' id='word_1_201' title='bbox 711 2878 779 2933; x_wconf 92' lang='lat' dir='ltr'><strong>de</strong></span> <span class='ocrx_word' id='word_1_202' title='bbox 819 2894 983 2933; x_wconf 82' lang='lat' dir='ltr'><strong>uxore</strong></span> <span class='ocrx_word' id='word_1_203' title='bbox 1019 2888 1108 2932; x_wconf 91' lang='lat' dir='ltr'><strong>aut</strong></span> <span class='ocrx_word' id='word_1_204' title='bbox 1152 2878 1350 2932; x_wconf 89' lang='lat' dir='ltr'><strong>familia</strong></span> <span class='ocrx_word' id='word_1_205' title='bbox 1376 2919 1391 2944; x_wconf 90' lang='lat'><strong>,</strong></span> <span class='ocrx_word' id='word_1_206' title='bbox 1422 2876 1634 2943; x_wconf 89' lang='lat' dir='ltr'><strong>quando</strong></span> <span class='ocrx_word' id='word_1_207' title='bbox 1665 2877 1835 2947; x_wconf 90' lang='lat' dir='ltr'><strong>ipsam</strong></span> 
     </span>
    </p>
   </div>
   <div class='ocr_carea' id='block_1_28' title="bbox 248 2968 1837 3038">
    <p class='ocr_par' dir='ltr' id='par_1_28' title="bbox 248 2968 1837 3038">
     <span class='ocr_line' id='line_1_28' title="bbox 248 2968 1837 3038; baseline -0.002 -13"><span class='ocrx_word' id='word_1_208' title='bbox 248 2970 413 3025; x_wconf 87' lang='lat' dir='ltr'><strong>etiam</strong></span> <span class='ocrx_word' id='word_1_209' title='bbox 442 2968 721 3025; x_wconf 88' lang='lat' dir='ltr'><strong>ecclesiam</strong></span> <span class='ocrx_word' id='word_1_210' title='bbox 750 2977 938 3038; x_wconf 88' lang='lat' dir='ltr'><strong>postea</strong></span> <span class='ocrx_word' id='word_1_211' title='bbox 970 2969 1146 3022; x_wconf 90' lang='lat' dir='ltr'><strong>minus</strong></span> <span class='ocrx_word' id='word_1_212' title='bbox 1172 2968 1402 3023; x_wconf 87' lang='lat' dir='ltr'><strong>libenter</strong></span> <span class='ocrx_word' id='word_1_213' title='bbox 1426 2970 1636 3023; x_wconf 91' lang='lat' dir='ltr'><strong>visurus</strong></span> <span class='ocrx_word' id='word_1_214' title='bbox 1661 2983 1719 3022; x_wconf 90' lang='lat' dir='ltr'><strong>es</strong></span> <span class='ocrx_word' id='word_1_215' title='bbox 1740 3009 1754 3032; x_wconf 93' lang='lat'><strong>,</strong></span> <span class='ocrx_word' id='word_1_216' title='bbox 1783 2978 1837 3022; x_wconf 90' lang='lat' dir='ltr'><strong>et</strong></span> 
     </span>
    </p>
   </div>
   <div class='ocr_carea' id='block_1_29' title="bbox 246 3058 1836 3128">
    <p class='ocr_par' dir='ltr' id='par_1_29' title="bbox 246 3058 1836 3128">
     <span class='ocr_line' id='line_1_29' title="bbox 246 3058 1836 3128; baseline -0.001 -13"><span class='ocrx_word' id='word_1_217' title='bbox 246 3076 372 3116; x_wconf 84' lang='lat' dir='ltr'><strong>cum</strong></span> <span class='ocrx_word' id='word_1_218' title='bbox 413 3060 571 3115; x_wconf 79' lang='lat' dir='ltr'><strong>taedio</strong></span> <span class='ocrx_word' id='word_1_219' title='bbox 610 3060 886 3114; x_wconf 90' lang='lat' dir='ltr'><strong>auditurus</strong></span> <span class='ocrx_word' id='word_1_220' title='bbox 927 3074 1227 3114; x_wconf 89' lang='lat' dir='ltr'><strong>sermonem</strong></span> <span class='ocrx_word' id='word_1_221' title='bbox 1271 3058 1338 3113; x_wconf 92' lang='lat' dir='ltr'><strong>de</strong></span> <span class='ocrx_word' id='word_1_222' title='bbox 1374 3058 1624 3128; x_wconf 89' lang='lat' dir='ltr'><strong>pudicitia</strong></span> <span class='ocrx_word' id='word_1_223' title='bbox 1663 3058 1836 3127; x_wconf 88' lang='lat' dir='ltr'><strong>deque</strong></span> 
     </span>
    </p>
   </div>
   <div class='ocr_carea' id='block_1_30' title="bbox 247 3151 1835 3221">
    <p class='ocr_par' dir='ltr' id='par_1_30' title="bbox 247 3151 1835 3221">
     <span class='ocr_line' id='line_1_30' title="bbox 247 3151 1835 3221; baseline -0.003 -13"><span class='ocrx_word' id='word_1_224' title='bbox 247 3152 550 3208; x_wconf 87' lang='lat' dir='ltr'><strong>modestia?</strong></span> <span class='ocrx_word' id='word_1_225' title='bbox 587 3151 770 3221; x_wconf 89' lang='lat' dir='ltr'><strong>Neque</strong></span> <span class='ocrx_word' id='word_1_226' title='bbox 793 3151 935 3207; x_wconf 92' lang='lat' dir='ltr'><strong>enim</strong></span> <span class='ocrx_word' id='word_1_227' title='bbox 964 3152 1072 3221; x_wconf 84' lang='lat' dir='ltr'><strong>jam</strong></span> <span class='ocrx_word' id='word_1_228' title='bbox 1103 3167 1165 3206; x_wconf 91' lang='lat' dir='ltr'><strong>ea</strong></span> <span class='ocrx_word' id='word_1_229' title='bbox 1190 3167 1308 3221; x_wconf 77' lang='lat' dir='ltr'><strong>quae</strong></span> <span class='ocrx_word' id='word_1_230' title='bbox 1335 3151 1585 3206; x_wconf 88' lang='lat' dir='ltr'><strong>dicuntur</strong></span> <span class='ocrx_word' id='word_1_231' title='bbox 1614 3152 1705 3206; x_wconf 90' lang='lat' dir='ltr'><strong>tibi</strong></span> <span class='ocrx_word' id='word_1_232' title='bbox 1739 3167 1835 3220; x_wconf 90' lang='lat' dir='ltr'><strong>pro</strong></span> 
     </span>
    </p>
   </div>
   <div class='ocr_carea' id='block_1_31' title="bbox 247 3243 1831 3313">
    <p class='ocr_par' dir='ltr' id='par_1_31' title="bbox 247 3243 1831 3313">
     <span class='ocr_line' id='line_1_31' title="bbox 247 3243 1831 3313; baseline -0.001 -15"><span class='ocrx_word' id='word_1_233' title='bbox 247 3245 489 3299; x_wconf 88' lang='lat' dir='ltr'><strong>doctrina</strong></span> <span class='ocrx_word' id='word_1_234' title='bbox 518 3253 662 3308; x_wconf 91' lang='lat' dir='ltr'><strong>sunt,</strong></span> <span class='ocrx_word' id='word_1_235' title='bbox 690 3244 781 3298; x_wconf 89' lang='lat' dir='ltr'><strong>sed</strong></span> <span class='ocrx_word' id='word_1_236' title='bbox 811 3260 904 3313; x_wconf 91' lang='lat' dir='ltr'><strong>pro</strong></span> <span class='ocrx_word' id='word_1_237' title='bbox 930 3245 1291 3309; x_wconf 87' lang='lat' dir='ltr'><strong>accusatione,</strong></span> <span class='ocrx_word' id='word_1_238' title='bbox 1318 3252 1473 3312; x_wconf 88' lang='lat' dir='ltr'><strong>teque</strong></span> <span class='ocrx_word' id='word_1_239' title='bbox 1501 3243 1747 3312; x_wconf 83' lang='lat' dir='ltr'><strong>paulatim</strong></span> <span class='ocrx_word' id='word_1_240' title='bbox 1781 3244 1831 3296; x_wconf 93' lang='lat' dir='ltr'><strong>iu</strong></span> 
     </span>
    </p>
   </div>
   <div class='ocr_carea' id='block_1_32' title="bbox 247 3336 1833 3406">
    <p class='ocr_par' dir='ltr' id='par_1_32' title="bbox 247 3336 1833 3406">
     <span class='ocr_line' id='line_1_32' title="bbox 247 3336 1833 3406; baseline -0.001 -15"><span class='ocrx_word' id='word_1_241' title='bbox 247 3337 671 3405; x_wconf 90' lang='lat' dir='ltr'><strong>desperationem</strong></span> <span class='ocrx_word' id='word_1_242' title='bbox 688 3336 980 3391; x_wconf 89' lang='lat' dir='ltr'><strong>adducent:</strong></span> <span class='ocrx_word' id='word_1_243' title='bbox 1000 3336 1211 3391; x_wconf 90' lang='lat' dir='ltr'><strong>tandem</strong></span> <span class='ocrx_word' id='word_1_244' title='bbox 1228 3346 1283 3391; x_wconf 91' lang='lat' dir='ltr'><strong>et</strong></span> <span class='ocrx_word' id='word_1_245' title='bbox 1300 3338 1584 3406; x_wconf 87' lang='lat' dir='ltr'><strong>abrumpes</strong></span> <span class='ocrx_word' id='word_1_246' title='bbox 1605 3337 1833 3406; x_wconf 86' lang='lat' dir='ltr'><strong>teipsum</strong></span> 
     </span>
    </p>
   </div>
   <div class='ocr_carea' id='block_1_33' title="bbox 246 3426 1829 3497">
    <p class='ocr_par' dir='ltr' id='par_1_33' title="bbox 246 3426 1829 3497">
     <span class='ocr_line' id='line_1_33' title="bbox 246 3426 1829 3497; baseline 0.001 -17"><span class='ocrx_word' id='word_1_247' title='bbox 246 3444 277 3480; x_wconf 89' lang='lat' dir='ltr'><strong>a</strong></span> <span class='ocrx_word' id='word_1_248' title='bbox 306 3428 581 3497; x_wconf 87' lang='lat' dir='ltr'><strong>disciplina</strong></span> <span class='ocrx_word' id='word_1_249' title='bbox 611 3427 676 3482; x_wconf 88' lang='lat' dir='ltr'><strong>ad</strong></span> <span class='ocrx_word' id='word_1_250' title='bbox 707 3428 971 3497; x_wconf 88' lang='lat' dir='ltr'><strong>publicam</strong></span> <span class='ocrx_word' id='word_1_251' title='bbox 998 3429 1235 3482; x_wconf 91' lang='lat' dir='ltr'><strong>omnium</strong></span> <span class='ocrx_word' id='word_1_252' title='bbox 1261 3428 1542 3482; x_wconf 90' lang='lat' dir='ltr'><strong>utilitatem</strong></span> <span class='ocrx_word' id='word_1_253' title='bbox 1571 3426 1829 3482; x_wconf 90' lang='lat' dir='ltr'><strong>adhibita.</strong></span> 
     </span>
    </p>
   </div>
   <div class='ocr_carea' id='block_1_34' title="bbox 246 3522 1831 3591">
    <p class='ocr_par' dir='ltr' id='par_1_34' title="bbox 246 3522 1831 3591">
     <span class='ocr_line' id='line_1_34' title="bbox 246 3522 1831 3591; baseline 0.002 -18"><span class='ocrx_word' id='word_1_254' title='bbox 246 3522 584 3591; x_wconf 83' lang='lat' dir='ltr'><strong>Quapropter</strong></span> <span class='ocrx_word' id='word_1_255' title='bbox 613 3537 743 3590; x_wconf 87' lang='lat' dir='ltr'><strong>rogo</strong></span> <span class='ocrx_word' id='word_1_256' title='bbox 770 3536 865 3575; x_wconf 91' lang='lat' dir='ltr'><strong>vos</strong></span> <span class='ocrx_word' id='word_1_257' title='bbox 889 3536 1096 3586; x_wconf 88' lang='lat' dir='ltr'><strong>omnes,</strong></span> <span class='ocrx_word' id='word_1_258' title='bbox 1127 3531 1184 3575; x_wconf 90' lang='lat' dir='ltr'><strong>ut</strong></span> <span class='ocrx_word' id='word_1_259' title='bbox 1210 3530 1264 3576; x_wconf 93' lang='lat' dir='ltr'><strong>et</strong></span> <span class='ocrx_word' id='word_1_260' title='bbox 1288 3522 1387 3591; x_wconf 91' lang='lat' dir='ltr'><strong>ipsi</strong></span> <span class='ocrx_word' id='word_1_261' title='bbox 1414 3536 1602 3590; x_wconf 89' lang='lat' dir='ltr'><strong>pravas</strong></span> <span class='ocrx_word' id='word_1_262' title='bbox 1628 3522 1679 3575; x_wconf 95' lang='lat' dir='ltr'><strong>in</strong></span> <span class='ocrx_word' id='word_1_263' title='bbox 1707 3537 1831 3591; x_wconf 88' lang='lat' dir='ltr'><strong>spe-</strong></span> 
     </span>
    </p>
   </div>
   <div class='ocr_carea' id='block_1_35' title="bbox 246 3613 1833 3680">
    <p class='ocr_par' dir='ltr' id='par_1_35' title="bbox 246 3613 1833 3680">
     <span class='ocr_line' id='line_1_35' title="bbox 246 3613 1833 3680; baseline 0.001 -13"><span class='ocrx_word' id='word_1_264' title='bbox 246 3614 467 3668; x_wconf 90' lang='lat' dir='ltr'><strong>ctaculis</strong></span> <span class='ocrx_word' id='word_1_265' title='bbox 487 3614 934 3669; x_wconf 89' lang='lat' dir='ltr'><strong>commorationes</strong></span> <span class='ocrx_word' id='word_1_266' title='bbox 954 3614 1149 3680; x_wconf 86' lang='lat' dir='ltr'><strong>vitetis,</strong></span> <span class='ocrx_word' id='word_1_267' title='bbox 1168 3622 1221 3667; x_wconf 91' lang='lat' dir='ltr'><strong>et</strong></span> <span class='ocrx_word' id='word_1_268' title='bbox 1240 3613 1374 3668; x_wconf 91' lang='lat' dir='ltr'><strong>alios</strong></span> <span class='ocrx_word' id='word_1_269' title='bbox 1391 3614 1556 3668; x_wconf 89' lang='lat' dir='ltr'><strong>abhis</strong></span> <span class='ocrx_word' id='word_1_270' title='bbox 1577 3613 1833 3668; x_wconf 92' lang='lat' dir='ltr'><strong>deductos</strong></span> 
     </span>
    </p>
   </div>
   <div class='ocr_carea' id='block_1_36' title="bbox 247 3704 1827 3774">
    <p class='ocr_par' dir='ltr' id='par_1_36' title="bbox 247 3704 1827 3774">
     <span class='ocr_line' id='line_1_36' title="bbox 247 3704 1827 3774; baseline -0.001 -16"><span class='ocrx_word' id='word_1_271' title='bbox 247 3705 551 3759; x_wconf 89' lang='lat' dir='ltr'><strong>retrahatis.</strong></span> <span class='ocrx_word' id='word_1_272' title='bbox 585 3704 848 3774; x_wconf 85' lang='lat' dir='ltr'><strong>Quidquid</strong></span> <span class='ocrx_word' id='word_1_273' title='bbox 878 3705 1019 3759; x_wconf 90' lang='lat' dir='ltr'><strong>enim</strong></span> <span class='ocrx_word' id='word_1_274' title='bbox 1052 3704 1160 3758; x_wconf 91' lang='lat' dir='ltr'><strong>illic</strong></span> <span class='ocrx_word' id='word_1_275' title='bbox 1187 3707 1407 3774; x_wconf 84' lang='lat' dir='ltr'><strong>geritur,</strong></span> <span class='ocrx_word' id='word_1_276' title='bbox 1438 3720 1544 3757; x_wconf 91' lang='lat' dir='ltr'><strong>non</strong></span> <span class='ocrx_word' id='word_1_277' title='bbox 1571 3713 1652 3758; x_wconf 90' lang='lat' dir='ltr'><strong>est</strong></span> <span class='ocrx_word' id='word_1_278' title='bbox 1677 3704 1827 3758; x_wconf 82' lang='lat' dir='ltr'><strong>oble-</strong></span> 
     </span>
    </p>
   </div>
   <div class='ocr_carea' id='block_1_37' title="bbox 247 3795 1831 3866">
    <p class='ocr_par' dir='ltr' id='par_1_37' title="bbox 247 3795 1831 3866">
     <span class='ocr_line' id='line_1_37' title="bbox 247 3795 1831 3866; baseline 0 -16"><span class='ocrx_word' id='word_1_279' title='bbox 247 3797 426 3861; x_wconf 89' lang='lat' dir='ltr'><strong>ctatio;</strong></span> <span class='ocrx_word' id='word_1_280' title='bbox 452 3795 546 3851; x_wconf 88' lang='lat' dir='ltr'><strong>sed</strong></span> <span class='ocrx_word' id='word_1_281' title='bbox 574 3796 858 3865; x_wconf 89' lang='lat' dir='ltr'><strong>pernicies,</strong></span> <span class='ocrx_word' id='word_1_282' title='bbox 889 3796 983 3850; x_wconf 91' lang='lat' dir='ltr'><strong>sed</strong></span> <span class='ocrx_word' id='word_1_283' title='bbox 1008 3811 1187 3866; x_wconf 65' lang='lat' dir='ltr'><strong>paena,</strong></span> <span class='ocrx_word' id='word_1_284' title='bbox 1214 3795 1309 3850; x_wconf 90' lang='lat' dir='ltr'><strong>sed</strong></span> <span class='ocrx_word' id='word_1_285' title='bbox 1338 3795 1675 3866; x_wconf 90' lang='lat' dir='ltr'><strong>supplicium.</strong></span> <span class='ocrx_word' id='word_1_286' title='bbox 1695 3795 1831 3861; x_wconf 82' lang='lat' dir='ltr'><strong>Quid</strong></span> 
     </span>
    </p>
   </div>
   <div class='ocr_carea' id='block_1_38' title="bbox 247 3888 1830 3960">
    <p class='ocr_par' dir='ltr' id='par_1_38' title="bbox 247 3888 1830 3960">
     <span class='ocr_line' id='line_1_38' title="bbox 247 3888 1830 3960; baseline 0 -17"><span class='ocrx_word' id='word_1_287' title='bbox 247 3890 466 3953; x_wconf 85' lang='lat' dir='ltr'><strong>prodest</strong></span> <span class='ocrx_word' id='word_1_288' title='bbox 493 3888 580 3943; x_wconf 86' lang='lat' dir='ltr'><strong>illa</strong></span> <span class='ocrx_word' id='word_1_289' title='bbox 607 3890 925 3959; x_wconf 89' lang='lat' dir='ltr'><strong>temporaria</strong></span> <span class='ocrx_word' id='word_1_290' title='bbox 954 3889 1214 3958; x_wconf 83' lang='lat' dir='ltr'><strong>voluptas,</strong></span> <span class='ocrx_word' id='word_1_291' title='bbox 1244 3888 1369 3944; x_wconf 90' lang='lat' dir='ltr'><strong>dum</strong></span> <span class='ocrx_word' id='word_1_292' title='bbox 1398 3889 1522 3943; x_wconf 89' lang='lat' dir='ltr'><strong>hinc</strong></span> <span class='ocrx_word' id='word_1_293' title='bbox 1547 3898 1830 3960; x_wconf 88' lang='lat' dir='ltr'><strong>perpetuus</strong></span> 
     </span>
    </p>
   </div>
   <div class='ocr_carea' id='block_1_39' title="bbox 248 3981 1830 4052">
    <p class='ocr_par' dir='ltr' id='par_1_39' title="bbox 248 3981 1830 4052">
     <span class='ocr_line' id='line_1_39' title="bbox 248 3981 1830 4052; baseline -0.001 -15"><span class='ocrx_word' id='word_1_294' title='bbox 248 3983 483 4037; x_wconf 90' lang='lat' dir='ltr'><strong>nascitur</strong></span> <span class='ocrx_word' id='word_1_295' title='bbox 510 3981 681 4047; x_wconf 92' lang='lat' dir='ltr'><strong>dolor,</strong></span> <span class='ocrx_word' id='word_1_296' title='bbox 712 3984 942 4052; x_wconf 91' lang='lat' dir='ltr'><strong>dumque</strong></span> <span class='ocrx_word' id='word_1_297' title='bbox 971 3992 1125 4037; x_wconf 91' lang='lat' dir='ltr'><strong>nocte</strong></span> <span class='ocrx_word' id='word_1_298' title='bbox 1153 3983 1348 4052; x_wconf 87' lang='lat' dir='ltr'><strong>pariter</strong></span> <span class='ocrx_word' id='word_1_299' title='bbox 1373 3997 1436 4037; x_wconf 92' lang='lat' dir='ltr'><strong>ac</strong></span> <span class='ocrx_word' id='word_1_300' title='bbox 1463 3983 1548 4037; x_wconf 92' lang='lat' dir='ltr'><strong>die</strong></span> <span class='ocrx_word' id='word_1_301' title='bbox 1573 3998 1603 4037; x_wconf 91' lang='lat' dir='ltr'><strong>a</strong></span> <span class='ocrx_word' id='word_1_302' title='bbox 1630 3998 1830 4037; x_wconf 91' lang='lat' dir='ltr'><strong>concu-</strong></span> 
     </span>
    </p>
   </div>
   <div class='ocr_carea' id='block_1_40' title="bbox 247 4072 1831 4141">
    <p class='ocr_par' dir='ltr' id='par_1_40' title="bbox 247 4072 1831 4141">
     <span class='ocr_line' id='line_1_40' title="bbox 247 4072 1831 4141; baseline -0.001 -14"><span class='ocrx_word' id='word_1_303' title='bbox 247 4074 506 4141; x_wconf 81' lang='lat' dir='ltr'><strong>piscentia</strong></span> <span class='ocrx_word' id='word_1_304' title='bbox 529 4074 846 4140; x_wconf 89' lang='lat' dir='ltr'><strong>stimulatus,</strong></span> <span class='ocrx_word' id='word_1_305' title='bbox 875 4073 1121 4128; x_wconf 90' lang='lat' dir='ltr'><strong>omnibus</strong></span> <span class='ocrx_word' id='word_1_306' title='bbox 1148 4074 1403 4128; x_wconf 89' lang='lat' dir='ltr'><strong>molestus</strong></span> <span class='ocrx_word' id='word_1_307' title='bbox 1427 4088 1487 4129; x_wconf 89' lang='lat' dir='ltr'><strong>es</strong></span> <span class='ocrx_word' id='word_1_308' title='bbox 1510 4082 1565 4127; x_wconf 90' lang='lat' dir='ltr'><strong>et</strong></span> <span class='ocrx_word' id='word_1_309' title='bbox 1592 4072 1831 4127; x_wconf 87' lang='lat' dir='ltr'><strong>invisus?</strong></span> 
     </span>
    </p>
   </div>
   <div class='ocr_carea' id='block_1_41' title="bbox 247 4160 1829 4239">
    <p class='ocr_par' dir='ltr' id='par_1_41' title="bbox 247 4160 1829 4239">
     <span class='ocr_line' id='line_1_41' title="bbox 247 4160 1829 4239; baseline -0.001 -20"><span class='ocrx_word' id='word_1_310' title='bbox 247 4164 449 4219; x_wconf 83' lang='lat' dir='ltr'><strong>Excute</strong></span> <span class='ocrx_word' id='word_1_311' title='bbox 470 4160 629 4239; x_wconf 72' lang='lat' dir='ltr'><strong>igitur</strong></span> <span class='ocrx_word' id='word_1_312' title='bbox 655 4164 902 4233; x_wconf 90' lang='lat' dir='ltr'><strong>teipsum,</strong></span> <span class='ocrx_word' id='word_1_313' title='bbox 927 4173 1177 4234; x_wconf 89' lang='lat' dir='ltr'><strong>reputans</strong></span> <span class='ocrx_word' id='word_1_314' title='bbox 1202 4164 1371 4234; x_wconf 91' lang='lat' dir='ltr'><strong>qualis</strong></span> <span class='ocrx_word' id='word_1_315' title='bbox 1400 4165 1493 4219; x_wconf 88' lang='lat' dir='ltr'><strong>ﬁas</strong></span> <span class='ocrx_word' id='word_1_316' title='bbox 1516 4165 1582 4218; x_wconf 87' lang='lat' dir='ltr'><strong>ab</strong></span> <span class='ocrx_word' id='word_1_317' title='bbox 1607 4165 1829 4219; x_wconf 85' lang='lat' dir='ltr'><strong>ecclesia</strong></span> 
     </span>
    </p>
   </div>
   <div class='ocr_carea' id='block_1_42' title="bbox 247 4256 1829 4327">
    <p class='ocr_par' dir='ltr' id='par_1_42' title="bbox 247 4256 1829 4327">
     <span class='ocr_line' id='line_1_42' title="bbox 247 4256 1829 4327; baseline 0.002 -17"><span class='ocrx_word' id='word_1_318' title='bbox 247 4256 461 4312; x_wconf 88' lang='lat' dir='ltr'><strong>rediens</strong></span> <span class='ocrx_word' id='word_1_319' title='bbox 486 4299 501 4323; x_wconf 92' lang='lat'><strong>,</strong></span> <span class='ocrx_word' id='word_1_320' title='bbox 543 4272 728 4311; x_wconf 89' lang='lat' dir='ltr'><strong>rursus</strong></span> <span class='ocrx_word' id='word_1_321' title='bbox 755 4258 925 4327; x_wconf 91' lang='lat' dir='ltr'><strong>qualis</strong></span> <span class='ocrx_word' id='word_1_322' title='bbox 952 4273 982 4312; x_wconf 91' lang='lat' dir='ltr'><strong>a</strong></span> <span class='ocrx_word' id='word_1_323' title='bbox 1017 4257 1334 4327; x_wconf 90' lang='lat' dir='ltr'><strong>spectaculis</strong></span> <span class='ocrx_word' id='word_1_324' title='bbox 1357 4298 1370 4320; x_wconf 88' lang='lat'><strong>,</strong></span> <span class='ocrx_word' id='word_1_325' title='bbox 1397 4268 1554 4327; x_wconf 84' lang='lat' dir='ltr'><strong>atque</strong></span> <span class='ocrx_word' id='word_1_326' title='bbox 1583 4257 1680 4311; x_wconf 90' lang='lat' dir='ltr'><strong>hos</strong></span> <span class='ocrx_word' id='word_1_327' title='bbox 1714 4258 1829 4313; x_wconf 91' lang='lat' dir='ltr'><strong>dies</strong></span> 
     </span>
    </p>
   </div>
   <div class='ocr_carea' id='block_1_43' title="bbox 244 4350 1827 4420">
    <p class='ocr_par' dir='ltr' id='par_1_43' title="bbox 244 4350 1827 4420">
     <span class='ocr_line' id='line_1_43' title="bbox 244 4350 1827 4420; baseline 0.001 -15"><span class='ocrx_word' id='word_1_328' title='bbox 244 4364 366 4405; x_wconf 88' lang='lat' dir='ltr'><strong>cum</strong></span> <span class='ocrx_word' id='word_1_329' title='bbox 398 4350 504 4405; x_wconf 91' lang='lat' dir='ltr'><strong>illis</strong></span> <span class='ocrx_word' id='word_1_330' title='bbox 526 4350 766 4404; x_wconf 90' lang='lat' dir='ltr'><strong>conferas</strong></span> <span class='ocrx_word' id='word_1_331' title='bbox 799 4367 814 4402; x_wconf 90' lang='lat'><strong>:</strong></span> <span class='ocrx_word' id='word_1_332' title='bbox 855 4350 906 4404; x_wconf 90' lang='lat' dir='ltr'><strong>id</strong></span> <span class='ocrx_word' id='word_1_333' title='bbox 937 4350 981 4404; x_wconf 92' lang='lat' dir='ltr'><strong>si</strong></span> <span class='ocrx_word' id='word_1_334' title='bbox 1013 4350 1204 4405; x_wconf 84' lang='lat' dir='ltr'><strong>feceris</strong></span> <span class='ocrx_word' id='word_1_335' title='bbox 1227 4391 1243 4417; x_wconf 97' lang='lat'><strong>,</strong></span> <span class='ocrx_word' id='word_1_336' title='bbox 1282 4350 1412 4403; x_wconf 88' lang='lat' dir='ltr'><strong>nihil</strong></span> <span class='ocrx_word' id='word_1_337' title='bbox 1440 4366 1573 4420; x_wconf 92' lang='lat' dir='ltr'><strong>opus</strong></span> <span class='ocrx_word' id='word_1_338' title='bbox 1599 4354 1701 4407; x_wconf 88' lang='lat' dir='ltr'><strong>erit</strong></span> <span class='ocrx_word' id='word_1_339' title='bbox 1729 4368 1827 4406; x_wconf 89' lang='lat' dir='ltr'><strong>no-</strong></span> 
     </span>
    </p>
   </div>
   <div class='ocr_carea' id='block_1_44' title="bbox 245 4439 1829 4506">
    <p class='ocr_par' dir='ltr' id='par_1_44' title="bbox 245 4439 1829 4506">
     <span class='ocr_line' id='line_1_44' title="bbox 245 4439 1829 4506; baseline 0.001 -12"><span class='ocrx_word' id='word_1_340' title='bbox 245 4449 356 4494; x_wconf 75' lang='lat' dir='ltr'><strong>stro</strong></span> <span class='ocrx_word' id='word_1_341' title='bbox 385 4455 652 4495; x_wconf 90' lang='lat' dir='ltr'><strong>sermone.</strong></span> <span class='ocrx_word' id='word_1_342' title='bbox 689 4440 828 4495; x_wconf 92' lang='lat' dir='ltr'><strong>Satis</strong></span> <span class='ocrx_word' id='word_1_343' title='bbox 854 4441 996 4493; x_wconf 91' lang='lat' dir='ltr'><strong>enim</strong></span> <span class='ocrx_word' id='word_1_344' title='bbox 1024 4440 1217 4506; x_wconf 91' lang='lat' dir='ltr'><strong>fuerit,</strong></span> <span class='ocrx_word' id='word_1_345' title='bbox 1247 4439 1388 4494; x_wconf 91' lang='lat' dir='ltr'><strong>hunc</strong></span> <span class='ocrx_word' id='word_1_346' title='bbox 1416 4440 1554 4495; x_wconf 88' lang='lat' dir='ltr'><strong>diem</strong></span> <span class='ocrx_word' id='word_1_347' title='bbox 1582 4457 1703 4496; x_wconf 90' lang='lat' dir='ltr'><strong>cum</strong></span> <span class='ocrx_word' id='word_1_348' title='bbox 1737 4442 1829 4496; x_wconf 91' lang='lat' dir='ltr'><strong>illo</strong></span> 
     </span>
    </p>
   </div>
   <div class='ocr_carea' id='block_1_45' title="bbox 247 4531 1829 4605">
    <p class='ocr_par' dir='ltr' id='par_1_45' title="bbox 247 4531 1829 4605">
     <span class='ocr_line' id='line_1_45' title="bbox 247 4531 1829 4605; baseline 0.003 -18"><span class='ocrx_word' id='word_1_349' title='bbox 247 4545 602 4600; x_wconf 87' lang='lat' dir='ltr'><strong>comparasse,</strong></span> <span class='ocrx_word' id='word_1_350' title='bbox 632 4531 697 4584; x_wconf 91' lang='lat' dir='ltr'><strong>ad</strong></span> <span class='ocrx_word' id='word_1_351' title='bbox 728 4532 1113 4586; x_wconf 89' lang='lat' dir='ltr'><strong>ostendendum</strong></span> <span class='ocrx_word' id='word_1_352' title='bbox 1141 4541 1195 4587; x_wconf 92' lang='lat' dir='ltr'><strong>et</strong></span> <span class='ocrx_word' id='word_1_353' title='bbox 1219 4548 1374 4603; x_wconf 90' lang='lat' dir='ltr'><strong>quam</strong></span> <span class='ocrx_word' id='word_1_354' title='bbox 1397 4550 1582 4605; x_wconf 85' lang='lat' dir='ltr'><strong>magna</strong></span> <span class='ocrx_word' id='word_1_355' title='bbox 1610 4536 1677 4589; x_wconf 89' lang='lat' dir='ltr'><strong>sit</strong></span> <span class='ocrx_word' id='word_1_356' title='bbox 1704 4535 1829 4592; x_wconf 91' lang='lat' dir='ltr'><strong>hinc</strong></span> 
     </span>
    </p>
   </div>
   <div class='ocr_carea' id='block_1_46' title="bbox 244 4624 1825 4692">
    <p class='ocr_par' dir='ltr' id='par_1_46' title="bbox 244 4624 1825 4692">
     <span class='ocr_line' id='line_1_46' title="bbox 244 4624 1825 4692; baseline 0.001 -15"><span class='ocrx_word' id='word_1_357' title='bbox 244 4624 465 4689; x_wconf 86' lang='lat' dir='ltr'><strong>utilitas,</strong></span> <span class='ocrx_word' id='word_1_358' title='bbox 484 4633 537 4679; x_wconf 92' lang='lat' dir='ltr'><strong>et</strong></span> <span class='ocrx_word' id='word_1_359' title='bbox 558 4632 750 4692; x_wconf 90' lang='lat' dir='ltr'><strong>quanta</strong></span> <span class='ocrx_word' id='word_1_360' title='bbox 773 4624 840 4677; x_wconf 89' lang='lat' dir='ltr'><strong>sit</strong></span> <span class='ocrx_word' id='word_1_361' title='bbox 862 4624 1003 4678; x_wconf 89' lang='lat' dir='ltr'><strong>illinc</strong></span> <span class='ocrx_word' id='word_1_362' title='bbox 1028 4641 1183 4679; x_wconf 81' lang='lat' dir='ltr'><strong>noxa.</strong></span> <span class='ocrx_word' id='word_1_363' title='bbox 1208 4626 1333 4682; x_wconf 68' lang='lat' dir='ltr'><strong>Haec</strong></span> <span class='ocrx_word' id='word_1_364' title='bbox 1354 4642 1494 4680; x_wconf 91' lang='lat' dir='ltr'><strong>nunc</strong></span> <span class='ocrx_word' id='word_1_365' title='bbox 1509 4626 1575 4680; x_wconf 89' lang='lat' dir='ltr'><strong>ad</strong></span> <span class='ocrx_word' id='word_1_366' title='bbox 1598 4637 1825 4681; x_wconf 84' lang='lat' dir='ltr'><strong>vestram</strong></span> 
     </span>
    </p>
   </div>
   <div class='ocr_carea' id='block_1_47' title="bbox 245 4716 1824 4788">
    <p class='ocr_par' dir='ltr' id='par_1_47' title="bbox 245 4716 1824 4788">
     <span class='ocr_line' id='line_1_47' title="bbox 245 4716 1824 4788; baseline 0.004 -19"><span class='ocrx_word' id='word_1_367' title='bbox 245 4716 519 4770; x_wconf 88' lang='lat' dir='ltr'><strong>caritatem</strong></span> <span class='ocrx_word' id='word_1_368' title='bbox 537 4716 758 4771; x_wconf 90' lang='lat' dir='ltr'><strong>dicenda</strong></span> <span class='ocrx_word' id='word_1_369' title='bbox 778 4717 976 4785; x_wconf 90' lang='lat' dir='ltr'><strong>putavi,</strong></span> <span class='ocrx_word' id='word_1_370' title='bbox 997 4733 1096 4772; x_wconf 92' lang='lat' dir='ltr'><strong>nec</strong></span> <span class='ocrx_word' id='word_1_371' title='bbox 1119 4734 1364 4788; x_wconf 90' lang='lat' dir='ltr'><strong>umquam</strong></span> <span class='ocrx_word' id='word_1_372' title='bbox 1387 4718 1565 4774; x_wconf 90' lang='lat' dir='ltr'><strong>dicere</strong></span> <span class='ocrx_word' id='word_1_373' title='bbox 1582 4721 1824 4775; x_wconf 87' lang='lat' dir='ltr'><strong>cessabo.</strong></span> 
     </span>
    </p>
   </div>
   <div class='ocr_carea' id='block_1_48' title="bbox 244 4806 1827 4876">
    <p class='ocr_par' dir='ltr' id='par_1_48' title="bbox 244 4806 1827 4876">
     <span class='ocr_line' id='line_1_48' title="bbox 244 4806 1827 4876; baseline 0.003 -16"><span class='ocrx_word' id='word_1_374' title='bbox 244 4806 337 4860; x_wconf 91' lang='lat' dir='ltr'><strong>Sic</strong></span> <span class='ocrx_word' id='word_1_375' title='bbox 362 4807 557 4861; x_wconf 91' lang='lat' dir='ltr'><strong>etenim</strong></span> <span class='ocrx_word' id='word_1_376' title='bbox 579 4816 632 4863; x_wconf 91' lang='lat' dir='ltr'><strong>et</strong></span> <span class='ocrx_word' id='word_1_377' title='bbox 657 4822 750 4862; x_wconf 89' lang='lat' dir='ltr'><strong>eos</strong></span> <span class='ocrx_word' id='word_1_378' title='bbox 769 4807 857 4876; x_wconf 89' lang='lat' dir='ltr'><strong>qui</strong></span> <span class='ocrx_word' id='word_1_379' title='bbox 880 4808 1001 4862; x_wconf 91' lang='lat' dir='ltr'><strong>huic</strong></span> <span class='ocrx_word' id='word_1_380' title='bbox 1021 4810 1207 4864; x_wconf 91' lang='lat' dir='ltr'><strong>morbo</strong></span> <span class='ocrx_word' id='word_1_381' title='bbox 1232 4810 1445 4865; x_wconf 79' lang='lat' dir='ltr'><strong>obnoxii</strong></span> <span class='ocrx_word' id='word_1_382' title='bbox 1472 4821 1613 4875; x_wconf 87' lang='lat' dir='ltr'><strong>sunt,</strong></span> <span class='ocrx_word' id='word_1_383' title='bbox 1644 4813 1827 4866; x_wconf 89' lang='lat' dir='ltr'><strong>admo-</strong></span> 
     </span>
    </p>
   </div>
   <div class='ocr_carea' id='block_1_49' title="bbox 248 4895 1828 4973">
    <p class='ocr_par' dir='ltr' id='par_1_49' title="bbox 248 4895 1828 4973">
     <span class='ocr_line' id='line_1_49' title="bbox 248 4895 1828 4973; baseline 0.005 -23"><span class='ocrx_word' id='word_1_384' title='bbox 248 4895 526 4959; x_wconf 85' lang='lat' dir='ltr'><strong>nebimus,</strong></span> <span class='ocrx_word' id='word_1_385' title='bbox 553 4905 606 4950; x_wconf 92' lang='lat' dir='ltr'><strong>et</strong></span> <span class='ocrx_word' id='word_1_386' title='bbox 634 4898 722 4965; x_wconf 91' lang='lat' dir='ltr'><strong>qui</strong></span> <span class='ocrx_word' id='word_1_387' title='bbox 764 4898 878 4951; x_wconf 91' lang='lat' dir='ltr'><strong>sani</strong></span> <span class='ocrx_word' id='word_1_388' title='bbox 913 4907 1057 4962; x_wconf 91' lang='lat' dir='ltr'><strong>sunt,</strong></span> <span class='ocrx_word' id='word_1_389' title='bbox 1089 4898 1517 4956; x_wconf 89' lang='lat' dir='ltr'><strong>conﬁrmabimus</strong></span> <span class='ocrx_word' id='word_1_390' title='bbox 1544 4920 1557 4955; x_wconf 86' lang='lat'><strong>:</strong></span> <span class='ocrx_word' id='word_1_391' title='bbox 1592 4903 1828 4973; x_wconf 86' lang='lat' dir='ltr'><strong>utrisque</strong></span> 
     </span>
    </p>
   </div>
   <div class='ocr_carea' id='block_1_50' title="bbox 244 4986 1823 5062">
    <p class='ocr_par' dir='ltr' id='par_1_50' title="bbox 244 4986 1823 5062">
     <span class='ocr_line' id='line_1_50' title="bbox 244 4986 1823 5062; baseline 0.005 -21"><span class='ocrx_word' id='word_1_392' title='bbox 244 4987 386 5041; x_wconf 87' lang='lat' dir='ltr'><strong>enim</strong></span> <span class='ocrx_word' id='word_1_393' title='bbox 413 4986 569 5040; x_wconf 89' lang='lat' dir='ltr'><strong>fuerit</strong></span> <span class='ocrx_word' id='word_1_394' title='bbox 597 4989 739 5043; x_wconf 91' lang='lat' dir='ltr'><strong>utilis</strong></span> <span class='ocrx_word' id='word_1_395' title='bbox 769 4989 883 5044; x_wconf 64' lang='lat' dir='ltr'><strong>haec</strong></span> <span class='ocrx_word' id='word_1_396' title='bbox 909 4991 1078 5043; x_wconf 89' lang='lat' dir='ltr'><strong>oratio</strong></span> <span class='ocrx_word' id='word_1_397' title='bbox 1107 5007 1119 5043; x_wconf 94' lang='lat'>:</span> <span class='ocrx_word' id='word_1_398' title='bbox 1153 4992 1333 5047; x_wconf 89' lang='lat' dir='ltr'><strong>alteris</strong></span> <span class='ocrx_word' id='word_1_399' title='bbox 1358 4994 1570 5062; x_wconf 90' lang='lat' dir='ltr'><strong>quidem</strong></span> <span class='ocrx_word' id='word_1_400' title='bbox 1603 5005 1659 5048; x_wconf 92' lang='lat' dir='ltr'><strong>ut</strong></span> <span class='ocrx_word' id='word_1_401' title='bbox 1682 4995 1823 5049; x_wconf 86' lang='lat' dir='ltr'><strong>desi-</strong></span> 
     </span>
    </p>
   </div>
   <div class='ocr_carea' id='block_1_51' title="bbox 242 5080 1828 5156">
    <p class='ocr_par' dir='ltr' id='par_1_51' title="bbox 242 5080 1828 5156">
     <span class='ocr_line' id='line_1_51' title="bbox 242 5080 1828 5156; baseline 0.006 -24"><span class='ocrx_word' id='word_1_402' title='bbox 242 5087 410 5145; x_wconf 83' lang='lat' dir='ltr'><strong>stant,</strong></span> <span class='ocrx_word' id='word_1_403' title='bbox 427 5080 605 5133; x_wconf 87' lang='lat' dir='ltr'><strong>alteris</strong></span> <span class='ocrx_word' id='word_1_404' title='bbox 622 5096 747 5135; x_wconf 90' lang='lat' dir='ltr'><strong>vero</strong></span> <span class='ocrx_word' id='word_1_405' title='bbox 765 5097 829 5136; x_wconf 89' lang='lat' dir='ltr'><strong>ne</strong></span> <span class='ocrx_word' id='word_1_406' title='bbox 848 5082 1097 5136; x_wconf 86' lang='lat' dir='ltr'><strong>incidant.</strong></span> <span class='ocrx_word' id='word_1_407' title='bbox 1117 5082 1378 5139; x_wconf 68' lang='lat' dir='ltr'><strong>Caeterum</strong></span> <span class='ocrx_word' id='word_1_408' title='bbox 1396 5090 1643 5155; x_wconf 87' lang='lat' dir='ltr'><strong>quoniam</strong></span> <span class='ocrx_word' id='word_1_409' title='bbox 1667 5103 1828 5156; x_wconf 89' lang='lat' dir='ltr'><strong>opor—</strong></span> 
     </span>
    </p>
   </div>
   <div class='ocr_carea' id='block_1_52' title="bbox 243 5169 1825 5240">
    <p class='ocr_par' dir='ltr' id='par_1_52' title="bbox 243 5169 1825 5240">
     <span class='ocr_line' id='line_1_52' title="bbox 243 5169 1825 5240; baseline 0.007 -19"><span class='ocrx_word' id='word_1_410' title='bbox 243 5177 321 5222; x_wconf 90' lang='lat' dir='ltr'><strong>tet</strong></span> <span class='ocrx_word' id='word_1_411' title='bbox 362 5169 776 5238; x_wconf 84' lang='lat' dir='ltr'><strong>iucrepationcm</strong></span> <span class='ocrx_word' id='word_1_412' title='bbox 821 5187 941 5227; x_wconf 90' lang='lat' dir='ltr'><strong>esse</strong></span> <span class='ocrx_word' id='word_1_413' title='bbox 974 5173 1298 5229; x_wconf 88' lang='lat' dir='ltr'><strong>moderatam</strong></span> <span class='ocrx_word' id='word_1_414' title='bbox 1322 5216 1338 5240; x_wconf 90' lang='lat'><strong>,</strong></span> <span class='ocrx_word' id='word_1_415' title='bbox 1372 5176 1456 5231; x_wconf 89' lang='lat' dir='ltr'><strong>hic</strong></span> <span class='ocrx_word' id='word_1_416' title='bbox 1480 5178 1825 5233; x_wconf 81' lang='lat' dir='ltr'><strong>admonitioni</strong></span> 
     </span>
    </p>
   </div>
   <div class='ocr_carea' id='block_1_53' title="bbox 241 5260 1828 5337">
    <p class='ocr_par' dir='ltr' id='par_1_53' title="bbox 241 5260 1828 5337">
     <span class='ocr_line' id='line_1_53' title="bbox 241 5260 1828 5337; baseline 0.006 -23"><span class='ocrx_word' id='word_1_417' title='bbox 241 5260 406 5315; x_wconf 79' lang='lat' dir='ltr'><strong>finem</strong></span> <span class='ocrx_word' id='word_1_418' title='bbox 437 5260 770 5329; x_wconf 88' lang='lat' dir='ltr'><strong>imponemus</strong></span> <span class='ocrx_word' id='word_1_419' title='bbox 790 5303 805 5328; x_wconf 90' lang='lat'><strong>,</strong></span> <span class='ocrx_word' id='word_1_420' title='bbox 837 5273 891 5317; x_wconf 91' lang='lat' dir='ltr'><strong>et</strong></span> <span class='ocrx_word' id='word_1_421' title='bbox 916 5280 1034 5333; x_wconf 66' lang='lat' dir='ltr'><strong>quae</strong></span> <span class='ocrx_word' id='word_1_422' title='bbox 1054 5263 1121 5318; x_wconf 91' lang='lat' dir='ltr'><strong>de</strong></span> <span class='ocrx_word' id='word_1_423' title='bbox 1144 5267 1415 5333; x_wconf 88' lang='lat' dir='ltr'><strong>superiore</strong></span> <span class='ocrx_word' id='word_1_424' title='bbox 1443 5277 1649 5323; x_wconf 90' lang='lat' dir='ltr'><strong>restant</strong></span> <span class='ocrx_word' id='word_1_425' title='bbox 1671 5284 1828 5337; x_wconf 82' lang='lat' dir='ltr'><strong>argu-</strong></span> 
     </span>
    </p>
   </div>
   <div class='ocr_carea' id='block_1_54' title="bbox 240 5351 1825 5428">
    <p class='ocr_par' dir='ltr' id='par_1_54' title="bbox 240 5351 1825 5428">
     <span class='ocr_line' id='line_1_54' title="bbox 240 5351 1825 5428; baseline 0.004 -24"><span class='ocrx_word' id='word_1_426' title='bbox 240 5356 425 5404; x_wconf 87' lang='lat' dir='ltr'><strong>mento</strong></span> <span class='ocrx_word' id='word_1_427' title='bbox 451 5351 819 5420; x_wconf 86' lang='lat' dir='ltr'><strong>persolvemus</strong></span> <span class='ocrx_word' id='word_1_428' title='bbox 839 5392 856 5421; x_wconf 84' lang='lat'><strong>,</strong></span> <span class='ocrx_word' id='word_1_429' title='bbox 882 5353 1167 5408; x_wconf 88' lang='lat' dir='ltr'><strong>redeuntes</strong></span> <span class='ocrx_word' id='word_1_430' title='bbox 1194 5354 1261 5409; x_wconf 90' lang='lat' dir='ltr'><strong>ad</strong></span> <span class='ocrx_word' id='word_1_431' title='bbox 1292 5356 1541 5411; x_wconf 88' lang='lat' dir='ltr'><strong>Davidem</strong></span> <span class='ocrx_word' id='word_1_432' title='bbox 1574 5360 1614 5410; x_wconf 86' lang='grc'><strong>¹.</strong></span> <span class='ocrx_word' id='word_1_433' title='bbox 1645 5358 1825 5428; x_wconf 86' lang='lat' dir='ltr'><strong>Siqui-</strong></span> 
     </span>
    </p>
   </div>
   <div class='ocr_carea' id='block_1_55' title="bbox 240 5441 1824 5518">
    <p class='ocr_par' dir='ltr' id='par_1_55' title="bbox 240 5441 1824 5518">
     <span class='ocr_line' id='line_1_55' title="bbox 240 5441 1824 5518; baseline 0.006 -23"><span class='ocrx_word' id='word_1_434' title='bbox 240 5441 365 5496; x_wconf 87' lang='lat' dir='ltr'><strong>dem</strong></span> <span class='ocrx_word' id='word_1_435' title='bbox 406 5441 495 5497; x_wconf 91' lang='lat' dir='ltr'><strong>hic</strong></span> <span class='ocrx_word' id='word_1_436' title='bbox 525 5442 815 5512; x_wconf 89' lang='lat' dir='ltr'><strong>pictoribus</strong></span> <span class='ocrx_word' id='word_1_437' title='bbox 863 5460 978 5499; x_wconf 88' lang='lat' dir='ltr'><strong>mos</strong></span> <span class='ocrx_word' id='word_1_438' title='bbox 1006 5454 1084 5500; x_wconf 89' lang='lat' dir='ltr'><strong>est</strong></span> <span class='ocrx_word' id='word_1_439' title='bbox 1112 5487 1126 5509; x_wconf 89' lang='lat'><strong>,</strong></span> <span class='ocrx_word' id='word_1_440' title='bbox 1164 5449 1372 5516; x_wconf 86' lang='lat' dir='ltr'><strong>quoties</strong></span> <span class='ocrx_word' id='word_1_441' title='bbox 1407 5449 1687 5518; x_wconf 81' lang='lat' dir='ltr'><strong>imaginem</strong></span> <span class='ocrx_word' id='word_1_442' title='bbox 1728 5449 1824 5504; x_wconf 87' lang='lat' dir='ltr'><strong>ali-</strong></span> 
     </span>
    </p>
   </div>
   <div class='ocr_carea' id='block_1_56' title="bbox 242 5533 1822 5609">
    <p class='ocr_par' dir='ltr' id='par_1_56' title="bbox 242 5533 1822 5609">
     <span class='ocr_line' id='line_1_56' title="bbox 242 5533 1822 5609; baseline 0.006 -24"><span class='ocrx_word' id='word_1_443' title='bbox 242 5548 403 5601; x_wconf 91' lang='lat' dir='ltr'><strong>quam</strong></span> <span class='ocrx_word' id='word_1_444' title='bbox 427 5533 494 5587; x_wconf 90' lang='lat' dir='ltr'><strong>ad</strong></span> <span class='ocrx_word' id='word_1_445' title='bbox 526 5534 704 5588; x_wconf 90' lang='lat' dir='ltr'><strong>vivum</strong></span> <span class='ocrx_word' id='word_1_446' title='bbox 732 5549 1040 5604; x_wconf 79' lang='lat' dir='ltr'><strong>expressam</strong></span> <span class='ocrx_word' id='word_1_447' title='bbox 1068 5538 1344 5593; x_wconf 83' lang='lat' dir='ltr'><strong>absolvere</strong></span> <span class='ocrx_word' id='word_1_448' title='bbox 1369 5540 1606 5609; x_wconf 89' lang='lat' dir='ltr'><strong>cupiunt,</strong></span> <span class='ocrx_word' id='word_1_449' title='bbox 1636 5556 1822 5605; x_wconf 91' lang='lat' dir='ltr'><strong>unum,</strong></span> 
     </span>
    </p>
   </div>
   <div class='ocr_carea' id='block_1_57' title="bbox 241 5623 1828 5701">
    <p class='ocr_par' dir='ltr' id='par_1_57' title="bbox 241 5623 1828 5701">
     <span class='ocr_line' id='line_1_57' title="bbox 241 5623 1828 5701; baseline 0.006 -23"><span class='ocrx_word' id='word_1_450' title='bbox 241 5623 413 5688; x_wconf 91' lang='lat' dir='ltr'><strong>duos,</strong></span> <span class='ocrx_word' id='word_1_451' title='bbox 439 5625 525 5680; x_wconf 89' lang='lat' dir='ltr'><strong>vel</strong></span> <span class='ocrx_word' id='word_1_452' title='bbox 566 5635 675 5680; x_wconf 89' lang='lat' dir='ltr'><strong>tres</strong></span> <span class='ocrx_word' id='word_1_453' title='bbox 702 5626 817 5680; x_wconf 89' lang='lat' dir='ltr'><strong>dies</strong></span> <span class='ocrx_word' id='word_1_454' title='bbox 843 5628 1080 5682; x_wconf 91' lang='lat' dir='ltr'><strong>assident</strong></span> <span class='ocrx_word' id='word_1_455' title='bbox 1126 5628 1190 5683; x_wconf 90' lang='lat' dir='ltr'><strong>iis</strong></span> <span class='ocrx_word' id='word_1_456' title='bbox 1231 5645 1364 5698; x_wconf 89' lang='lat' dir='ltr'><strong>quos</strong></span> <span class='ocrx_word' id='word_1_457' title='bbox 1403 5631 1735 5701; x_wconf 89' lang='lat' dir='ltr'><strong>depingunt,</strong></span> <span class='ocrx_word' id='word_1_458' title='bbox 1768 5642 1828 5688; x_wconf 89' lang='lat' dir='ltr'><strong>ut</strong></span> 
     </span>
    </p>
   </div>
   <div class='ocr_carea' id='block_1_58' title="bbox 242 5716 1827 5794">
    <p class='ocr_par' dir='ltr' id='par_1_58' title="bbox 242 5716 1827 5794">
     <span class='ocr_line' id='line_1_58' title="bbox 242 5716 1827 5794; baseline 0.005 -22"><span class='ocrx_word' id='word_1_459' title='bbox 242 5716 459 5774; x_wconf 87' lang='lat' dir='ltr'><strong>assidua</strong></span> <span class='ocrx_word' id='word_1_460' title='bbox 485 5718 933 5788; x_wconf 90' lang='lat' dir='ltr'><strong>contemplatione</strong></span> <span class='ocrx_word' id='word_1_461' title='bbox 957 5720 1089 5774; x_wconf 89' lang='lat' dir='ltr'><strong>citra</strong></span> <span class='ocrx_word' id='word_1_462' title='bbox 1119 5737 1356 5776; x_wconf 89' lang='lat' dir='ltr'><strong>errorem</strong></span> <span class='ocrx_word' id='word_1_463' title='bbox 1392 5733 1680 5794; x_wconf 84' lang='lat' dir='ltr'><strong>exacthue</strong></span> <span class='ocrx_word' id='word_1_464' title='bbox 1718 5725 1827 5780; x_wconf 85' lang='lat' dir='ltr'><strong>for-</strong></span> 
     </span>
    </p>
   </div>
   <div class='ocr_carea' id='block_1_59' title="bbox 310 5850 1816 5919">
    <p class='ocr_par' dir='ltr' id='par_1_59' title="bbox 310 5850 1816 5919">
     <span class='ocr_line' id='line_1_59' title="bbox 310 5850 1816 5919; baseline 0.007 -22"><span class='ocrx_word' id='word_1_465' title='bbox 310 5850 327 5881; x_wconf 77' lang='grc' dir='ltr'>ί</span> <span class='ocrx_word' id='word_1_466' title='bbox 364 5856 480 5919; x_wconf 76' lang='lat' dir='ltr'><strong>Reg.</strong></span> <span class='ocrx_word' id='word_1_467' title='bbox 504 5862 630 5899; x_wconf 90' lang='lat' dir='ltr'><strong>unus</strong></span> <span class='ocrx_word' id='word_1_468' title='bbox 653 5855 705 5903; x_wconf 87' lang='lat' dir='ltr'><strong>et</strong></span> <span class='ocrx_word' id='word_1_469' title='bbox 724 5850 875 5914; x_wconf 86' lang='lat' dir='ltr'><strong>Colb.,</strong></span> <span class='ocrx_word' id='word_1_470' title='bbox 901 5850 1120 5906; x_wconf 76' lang='lat' dir='ltr'><strong>dabimus</strong></span> <span class='ocrx_word' id='word_1_471' title='bbox 1139 5853 1205 5905; x_wconf 85' lang='lat' dir='ltr'><strong>ad</strong></span> <span class='ocrx_word' id='word_1_472' title='bbox 1222 5860 1407 5919; x_wconf 74' lang='lat' dir='ltr'><strong>patrem</strong></span> <span class='ocrx_word' id='word_1_473' title='bbox 1429 5863 1643 5908; x_wconf 80' lang='lat' dir='ltr'><strong>nostrum</strong></span> <span class='ocrx_word' id='word_1_474' title='bbox 1670 5857 1816 5907; x_wconf 62' lang='lat' dir='ltr'><strong>Abra-</strong></span> 
     </span>
    </p>
   </div>
   <div class='ocr_carea' id='block_1_60' title="bbox 248 5910 650 5964">
    <p class='ocr_par' dir='ltr' id='par_1_60' title="bbox 248 5910 650 5964">
     <span class='ocr_line' id='line_1_60' title="bbox 248 5910 650 5964; baseline -0.002 0"><span class='ocrx_word' id='word_1_475' title='bbox 248 5910 366 5964; x_wconf 71' lang='lat' dir='ltr'><strong>ham</strong></span> <span class='ocrx_word' id='word_1_476' title='bbox 384 5914 650 5964; x_wconf 76' lang='lat' dir='ltr'><strong>redeuntes.</strong></span> 
     </span>
    </p>
   </div>
   <div class='ocr_carea' id='block_1_61' title="bbox 1640 6046 1723 6059">
    <p class='ocr_par' dir='ltr' id='par_1_61' title="bbox 1640 6046 1723 6059">
     <span class='ocr_line' id='line_1_61' title="bbox 1640 6046 1723 6059; baseline 0 -9"><span class='ocrx_word' id='word_1_477' title='bbox 1640 6046 1723 6059; x_wconf 50' lang='grc' dir='ltr'><strong>Ρ..</strong></span> 
     </span>
    </p>
   </div>
   <div class='ocr_carea' id='block_1_62' title="bbox 1295 459 2477 519">
    <p class='ocr_par' dir='ltr' id='par_1_62' title="bbox 1295 459 2477 519">
     <span class='ocr_line' id='line_1_62' title="bbox 1295 459 2477 519; baseline -0.002 0"><span class='ocrx_word' id='word_1_478' title='bbox 1295 462 1382 519; x_wconf 78' lang='lat' dir='ltr'><strong>DE</strong></span> <span class='ocrx_word' id='word_1_479' title='bbox 1421 459 1670 517; x_wconf 74' lang='lat' dir='ltr'><strong>DAVle</strong></span> <span class='ocrx_word' id='word_1_480' title='bbox 1709 460 1799 517; x_wconf 85' lang='lat' dir='ltr'><strong>ET</strong></span> <span class='ocrx_word' id='word_1_481' title='bbox 1829 460 2053 518; x_wconf 81' lang='lat' dir='ltr'><strong>SAULE</strong></span> <span class='ocrx_word' id='word_1_482' title='bbox 2084 459 2359 519; x_wconf 81' lang='lat' dir='ltr'><strong>llOMlLlA</strong></span> <span class='ocrx_word' id='word_1_483' title='bbox 2392 462 2477 519; x_wconf 79' lang='grc' dir='ltr'><strong>ιη.</strong></span> 
     </span>
    </p>
   </div>
   <div class='ocr_carea' id='block_1_63' title="bbox 3441 467 3544 522">
    <p class='ocr_par' dir='ltr' id='par_1_63' title="bbox 3441 467 3544 522">
     <span class='ocr_line' id='line_1_63' title="bbox 3441 467 3544 522; baseline 0 0"><span class='ocrx_word' id='word_1_484' title='bbox 3441 467 3544 522; x_wconf 80' lang='lat'><strong>698</strong></span> 
     </span>
    </p>
   </div>
   <div class='ocr_carea' id='block_1_64' title="bbox 1957 581 3545 657">
    <p class='ocr_par' dir='ltr' id='par_1_64' title="bbox 1957 581 3545 657">
     <span class='ocr_line' id='line_1_64' title="bbox 1957 581 3545 657; baseline 0.004 -26"><span class='ocrx_word' id='word_1_485' title='bbox 1957 588 2153 633; x_wconf 82' lang='lat' dir='ltr'><strong>matam</strong></span> <span class='ocrx_word' id='word_1_486' title='bbox 2182 581 2482 649; x_wconf 82' lang='lat' dir='ltr'><strong>exprimant</strong></span> <span class='ocrx_word' id='word_1_487' title='bbox 2506 582 2929 639; x_wconf 83' lang='lat' dir='ltr'><strong>similitudinem.</strong></span> <span class='ocrx_word' id='word_1_488' title='bbox 2961 583 3095 651; x_wconf 87' lang='lat' dir='ltr'><strong>Quia</strong></span> <span class='ocrx_word' id='word_1_489' title='bbox 3126 585 3285 657; x_wconf 81' lang='lat' dir='ltr'><strong>igitur</strong></span> <span class='ocrx_word' id='word_1_490' title='bbox 3309 591 3363 640; x_wconf 89' lang='lat' dir='ltr'><strong>ct</strong></span> <span class='ocrx_word' id='word_1_491' title='bbox 3390 584 3545 639; x_wconf 90' lang='lat' dir='ltr'><strong>nobis</strong></span> 
     </span>
    </p>
   </div>
   <div class='ocr_carea' id='block_1_65' title="bbox 1957 674 3544 750">
    <p class='ocr_par' dir='ltr' id='par_1_65' title="bbox 1957 674 3544 750">
     <span class='ocr_line' id='line_1_65' title="bbox 1957 674 3544 750; baseline 0.006 -27"><span class='ocrx_word' id='word_1_492' title='bbox 1957 674 2284 741; x_wconf 85' lang='lat' dir='ltr'><strong>prepositum</strong></span> <span class='ocrx_word' id='word_1_493' title='bbox 2312 682 2395 728; x_wconf 91' lang='lat' dir='ltr'><strong>est</strong></span> <span class='ocrx_word' id='word_1_494' title='bbox 2421 688 2527 729; x_wconf 92' lang='lat' dir='ltr'><strong>non</strong></span> <span class='ocrx_word' id='word_1_495' title='bbox 2555 676 2847 746; x_wconf 88' lang='lat' dir='ltr'><strong>corporalis</strong></span> <span class='ocrx_word' id='word_1_496' title='bbox 2875 676 3060 731; x_wconf 73' lang='lat' dir='ltr'><strong>forma:</strong></span> <span class='ocrx_word' id='word_1_497' title='bbox 3089 679 3370 750; x_wconf 79' lang='lat' dir='ltr'><strong>imaginem</strong></span> <span class='ocrx_word' id='word_1_498' title='bbox 3392 720 3407 745; x_wconf 88' lang='lat'><strong>,</strong></span> <span class='ocrx_word' id='word_1_499' title='bbox 3448 679 3544 735; x_wconf 89' lang='lat' dir='ltr'><strong>sed</strong></span> 
     </span>
    </p>
   </div>
   <div class='ocr_carea' id='block_1_66' title="bbox 1956 761 3544 837">
    <p class='ocr_par' dir='ltr' id='par_1_66' title="bbox 1956 761 3544 837">
     <span class='ocr_line' id='line_1_66' title="bbox 1956 761 3544 837; baseline 0.007 -23"><span class='ocrx_word' id='word_1_500' title='bbox 1956 761 2120 815; x_wconf 88' lang='lat' dir='ltr'><strong>animi</strong></span> <span class='ocrx_word' id='word_1_501' title='bbox 2148 763 2589 832; x_wconf 89' lang='lat' dir='ltr'><strong>pulchritudinem</strong></span> <span class='ocrx_word' id='word_1_502' title='bbox 2610 807 2627 832; x_wconf 89' lang='lat'><strong>,</strong></span> <span class='ocrx_word' id='word_1_503' title='bbox 2668 781 2731 821; x_wconf 86' lang='lat' dir='ltr'><strong>ac</strong></span> <span class='ocrx_word' id='word_1_504' title='bbox 2760 768 3090 837; x_wconf 82' lang='lat' dir='ltr'><strong>Spiritualem</strong></span> <span class='ocrx_word' id='word_1_505' title='bbox 3118 768 3365 825; x_wconf 86' lang='lat' dir='ltr'><strong>decorem</strong></span> <span class='ocrx_word' id='word_1_506' title='bbox 3392 772 3544 825; x_wconf 90' lang='lat' dir='ltr'><strong>vobis</strong></span> 
     </span>
    </p>
   </div>
   <div class='ocr_carea' id='block_1_67' title="bbox 1957 852 3541 927">
    <p class='ocr_par' dir='ltr' id='par_1_67' title="bbox 1957 852 3541 927">
     <span class='ocr_line' id='line_1_67' title="bbox 1957 852 3541 927; baseline 0.006 -21"><span class='ocrx_word' id='word_1_507' title='bbox 1957 852 2116 909; x_wconf 89' lang='lat' dir='ltr'><strong>hodie</strong></span> <span class='ocrx_word' id='word_1_508' title='bbox 2141 854 2451 925; x_wconf 80' lang='lat' dir='ltr'><strong>depingere,</strong></span> <span class='ocrx_word' id='word_1_509' title='bbox 2478 857 2651 927; x_wconf 89' lang='lat' dir='ltr'><strong>ipsum</strong></span> <span class='ocrx_word' id='word_1_510' title='bbox 2680 858 2931 913; x_wconf 88' lang='lat' dir='ltr'><strong>Davidem</strong></span> <span class='ocrx_word' id='word_1_511' title='bbox 2956 859 3201 915; x_wconf 87' lang='lat' dir='ltr'><strong>volumus</strong></span> <span class='ocrx_word' id='word_1_512' title='bbox 3226 860 3414 916; x_wconf 89' lang='lat' dir='ltr'><strong>adesse</strong></span> <span class='ocrx_word' id='word_1_513' title='bbox 3444 877 3541 916; x_wconf 92' lang='lat' dir='ltr'><strong>vo-</strong></span> 
     </span>
    </p>
   </div>
   <div class='ocr_carea' id='block_1_68' title="bbox 1954 944 3543 1011">
    <p class='ocr_par' dir='ltr' id='par_1_68' title="bbox 1954 944 3543 1011">
     <span class='ocr_line' id='line_1_68' title="bbox 1954 944 3543 1011; baseline 0.006 -13"><span class='ocrx_word' id='word_1_514' title='bbox 1954 944 2038 999; x_wconf 91' lang='lat' dir='ltr'><strong>bis</strong></span> <span class='ocrx_word' id='word_1_515' title='bbox 2068 986 2084 1011; x_wconf 97' lang='lat'><strong>,</strong></span> <span class='ocrx_word' id='word_1_516' title='bbox 2114 955 2172 999; x_wconf 93' lang='lat' dir='ltr'><strong>ut</strong></span> <span class='ocrx_word' id='word_1_517' title='bbox 2199 962 2387 1001; x_wconf 88' lang='lat' dir='ltr'><strong>omnes</strong></span> <span class='ocrx_word' id='word_1_518' title='bbox 2417 949 2469 1002; x_wconf 91' lang='lat' dir='ltr'><strong>in</strong></span> <span class='ocrx_word' id='word_1_519' title='bbox 2499 964 2620 1003; x_wconf 85' lang='lat' dir='ltr'><strong>eum</strong></span> <span class='ocrx_word' id='word_1_520' title='bbox 2652 950 2919 1005; x_wconf 90' lang='lat' dir='ltr'><strong>intuentes</strong></span> <span class='ocrx_word' id='word_1_521' title='bbox 2949 952 3001 1005; x_wconf 92' lang='lat' dir='ltr'><strong>in</strong></span> <span class='ocrx_word' id='word_1_522' title='bbox 3030 952 3266 1007; x_wconf 89' lang='lat' dir='ltr'><strong>animum</strong></span> <span class='ocrx_word' id='word_1_523' title='bbox 3296 954 3543 1009; x_wconf 88' lang='lat' dir='ltr'><strong>referatis</strong></span> 
     </span>
    </p>
   </div>
   <div class='ocr_carea' id='block_1_69' title="bbox 1955 1038 3542 1116">
    <p class='ocr_par' dir='ltr' id='par_1_69' title="bbox 1955 1038 3542 1116">
     <span class='ocr_line' id='line_1_69' title="bbox 1955 1038 3542 1116; baseline 0.006 -27"><span class='ocrx_word' id='word_1_524' title='bbox 1955 1050 2261 1106; x_wconf 84' lang='lat' dir='ltr'><strong>expressam</strong></span> <span class='ocrx_word' id='word_1_525' title='bbox 2286 1038 2413 1108; x_wconf 87' lang='lat' dir='ltr'><strong>justi</strong></span> <span class='ocrx_word' id='word_1_526' title='bbox 2436 1040 2907 1109; x_wconf 88' lang='lat' dir='ltr'><strong>pulchritudinem,</strong></span> <span class='ocrx_word' id='word_1_527' title='bbox 2940 1044 3252 1098; x_wconf 90' lang='lat' dir='ltr'><strong>suavitatem</strong></span> <span class='ocrx_word' id='word_1_528' title='bbox 3273 1085 3288 1111; x_wconf 94' lang='lat'><strong>,</strong></span> <span class='ocrx_word' id='word_1_529' title='bbox 3323 1060 3542 1116; x_wconf 87' lang='lat' dir='ltr'><strong>magna-</strong></span> 
     </span>
    </p>
   </div>
   <div class='ocr_carea' id='block_1_70' title="bbox 1956 1122 3539 1204">
    <p class='ocr_par' dir='ltr' id='par_1_70' title="bbox 1956 1122 3539 1204">
     <span class='ocr_line' id='line_1_70' title="bbox 1956 1122 3539 1204; baseline 0.007 -24"><span class='ocrx_word' id='word_1_530' title='bbox 1956 1128 2248 1184; x_wconf 89' lang='lat' dir='ltr'><strong>nimitatem</strong></span> <span class='ocrx_word' id='word_1_531' title='bbox 2274 1173 2290 1193; x_wconf 91' lang='lat'><strong>,</strong></span> <span class='ocrx_word' id='word_1_532' title='bbox 2333 1131 2385 1184; x_wconf 92' lang='lat' dir='ltr'><strong>in</strong></span> <span class='ocrx_word' id='word_1_533' title='bbox 2411 1147 2618 1186; x_wconf 90' lang='lat' dir='ltr'><strong>summa</strong></span> <span class='ocrx_word' id='word_1_534' title='bbox 2648 1122 2896 1188; x_wconf 79' lang='lat' dir='ltr'><strong>virtutem</strong></span> <span class='ocrx_word' id='word_1_535' title='bbox 2922 1134 3036 1204; x_wconf 87' lang='lat' dir='ltr'><strong>ejus</strong></span> <span class='ocrx_word' id='word_1_536' title='bbox 3064 1150 3300 1191; x_wconf 92' lang='lat' dir='ltr'><strong>omnem.</strong></span> <span class='ocrx_word' id='word_1_537' title='bbox 3331 1138 3539 1192; x_wconf 89' lang='lat' dir='ltr'><strong>Etenim</strong></span> 
     </span>
    </p>
   </div>
   <div class='ocr_carea' id='block_1_71' title="bbox 1954 1222 3540 1293">
    <p class='ocr_par' dir='ltr' id='par_1_71' title="bbox 1954 1222 3540 1293">
     <span class='ocr_line' id='line_1_71' title="bbox 1954 1222 3540 1293; baseline 0.006 -19"><span class='ocrx_word' id='word_1_538' title='bbox 1954 1222 1998 1275; x_wconf 92' lang='lat' dir='ltr'><strong>si</strong></span> <span class='ocrx_word' id='word_1_539' title='bbox 2029 1223 2267 1291; x_wconf 91' lang='lat' dir='ltr'><strong>corporis</strong></span> <span class='ocrx_word' id='word_1_540' title='bbox 2298 1223 2555 1293; x_wconf 81' lang='lat' dir='ltr'><strong>imagines</strong></span> <span class='ocrx_word' id='word_1_541' title='bbox 2586 1225 2897 1279; x_wconf 89' lang='lat' dir='ltr'><strong>nonnullum</strong></span> <span class='ocrx_word' id='word_1_542' title='bbox 2930 1226 3259 1282; x_wconf 89' lang='lat' dir='ltr'><strong>intuentibus</strong></span> <span class='ocrx_word' id='word_1_543' title='bbox 3289 1228 3540 1283; x_wconf 87' lang='lat' dir='ltr'><strong>solatium</strong></span> 
     </span>
    </p>
   </div>
   <div class='ocr_carea' id='block_1_72' title="bbox 1953 1312 3517 1391">
    <p class='ocr_par' dir='ltr' id='par_1_72' title="bbox 1953 1312 3517 1391">
     <span class='ocr_line' id='line_1_72' title="bbox 1953 1312 3517 1391; baseline 0.005 -24"><span class='ocrx_word' id='word_1_544' title='bbox 1953 1312 2226 1376; x_wconf 88' lang='lat' dir='ltr'><strong>adferunt.</strong></span> <span class='ocrx_word' id='word_1_545' title='bbox 2256 1317 2424 1370; x_wconf 92' lang='lat' dir='ltr'><strong>multo</strong></span> <span class='ocrx_word' id='word_1_546' title='bbox 2454 1319 2620 1388; x_wconf 88' lang='lat' dir='ltr'><strong>magis</strong></span> <span class='ocrx_word' id='word_1_547' title='bbox 2644 1318 2784 1374; x_wconf 92' lang='lat' dir='ltr'><strong>idem</strong></span> <span class='ocrx_word' id='word_1_548' title='bbox 2815 1318 3010 1375; x_wconf 86' lang='lat' dir='ltr'><strong>facient</strong></span> <span class='ocrx_word' id='word_1_549' title='bbox 3037 1320 3233 1374; x_wconf 90' lang='lat' dir='ltr'><strong>mentis</strong></span> <span class='ocrx_word' id='word_1_550' title='bbox 3260 1320 3517 1391; x_wconf 76' lang='lat' dir='ltr'><strong>imagines</strong></span> 
     </span>
    </p>
   </div>
   <div class='ocr_carea' id='block_1_73' title="bbox 1952 1406 3537 1476">
    <p class='ocr_par' dir='ltr' id='par_1_73' title="bbox 1952 1406 3537 1476">
     <span class='ocr_line' id='line_1_73' title="bbox 1952 1406 3537 1476; baseline 0.004 -17"><span class='ocrx_word' id='word_1_551' title='bbox 1952 1406 2124 1475; x_wconf 84' lang='lat' dir='ltr'><strong>Atque</strong></span> <span class='ocrx_word' id='word_1_552' title='bbox 2147 1407 2261 1460; x_wconf 90' lang='lat' dir='ltr'><strong>illas</strong></span> <span class='ocrx_word' id='word_1_553' title='bbox 2280 1407 2492 1476; x_wconf 91' lang='lat' dir='ltr'><strong>quidem</strong></span> <span class='ocrx_word' id='word_1_554' title='bbox 2524 1424 2627 1463; x_wconf 91' lang='lat' dir='ltr'><strong>non</strong></span> <span class='ocrx_word' id='word_1_555' title='bbox 2661 1409 2783 1464; x_wconf 91' lang='lat' dir='ltr'><strong>licet</strong></span> <span class='ocrx_word' id='word_1_556' title='bbox 2808 1410 2977 1464; x_wconf 90' lang='lat' dir='ltr'><strong>ubivis</strong></span> <span class='ocrx_word' id='word_1_557' title='bbox 3000 1410 3214 1474; x_wconf 88' lang='lat' dir='ltr'><strong>intueri,</strong></span> <span class='ocrx_word' id='word_1_558' title='bbox 3234 1410 3327 1466; x_wconf 88' lang='lat' dir='ltr'><strong>sed</strong></span> <span class='ocrx_word' id='word_1_559' title='bbox 3348 1411 3537 1466; x_wconf 84' lang='lat' dir='ltr'><strong>eodem</strong></span> 
     </span>
    </p>
   </div>
   <div class='ocr_carea' id='block_1_74' title="bbox 1952 1496 3541 1570">
    <p class='ocr_par' dir='ltr' id='par_1_74' title="bbox 1952 1496 3541 1570">
     <span class='ocr_line' id='line_1_74' title="bbox 1952 1496 3541 1570; baseline 0.003 -19"><span class='ocrx_word' id='word_1_560' title='bbox 1952 1496 2007 1551; x_wconf 89' lang='lat' dir='ltr'><strong>in</strong></span> <span class='ocrx_word' id='word_1_561' title='bbox 2032 1498 2149 1551; x_wconf 92' lang='lat' dir='ltr'><strong>loco</strong></span> <span class='ocrx_word' id='word_1_562' title='bbox 2177 1500 2437 1553; x_wconf 90' lang='lat' dir='ltr'><strong>consistas</strong></span> <span class='ocrx_word' id='word_1_563' title='bbox 2465 1509 2673 1569; x_wconf 90' lang='lat' dir='ltr'><strong>oportet</strong></span> <span class='ocrx_word' id='word_1_564' title='bbox 2701 1516 2714 1552; x_wconf 92' lang='lat'><strong>:</strong></span> <span class='ocrx_word' id='word_1_565' title='bbox 2745 1500 2881 1554; x_wconf 89' lang='lat' dir='ltr'><strong>hanc</strong></span> <span class='ocrx_word' id='word_1_566' title='bbox 2906 1516 3034 1556; x_wconf 89' lang='lat' dir='ltr'><strong>vero</strong></span> <span class='ocrx_word' id='word_1_567' title='bbox 3056 1501 3187 1555; x_wconf 91' lang='lat' dir='ltr'><strong>nihil</strong></span> <span class='ocrx_word' id='word_1_568' title='bbox 3213 1508 3374 1565; x_wconf 89' lang='lat' dir='ltr'><strong>vetat,</strong></span> <span class='ocrx_word' id='word_1_569' title='bbox 3404 1517 3541 1570; x_wconf 89' lang='lat' dir='ltr'><strong>quo-</strong></span> 
     </span>
    </p>
   </div>
   <div class='ocr_carea' id='block_1_75' title="bbox 1952 1586 3539 1660">
    <p class='ocr_par' dir='ltr' id='par_1_75' title="bbox 1952 1586 3539 1660">
     <span class='ocr_line' id='line_1_75' title="bbox 1952 1586 3539 1660; baseline 0.003 -19"><span class='ocrx_word' id='word_1_570' title='bbox 1952 1586 2129 1641; x_wconf 89' lang='lat' dir='ltr'><strong>minus</strong></span> <span class='ocrx_word' id='word_1_571' title='bbox 2157 1603 2491 1659; x_wconf 90' lang='lat' dir='ltr'><strong>qnocumque</strong></span> <span class='ocrx_word' id='word_1_572' title='bbox 2516 1590 2649 1644; x_wconf 90' lang='lat' dir='ltr'><strong>velis</strong></span> <span class='ocrx_word' id='word_1_573' title='bbox 2678 1600 2849 1645; x_wconf 91' lang='lat' dir='ltr'><strong>tecum</strong></span> <span class='ocrx_word' id='word_1_574' title='bbox 2891 1592 3255 1646; x_wconf 87' lang='lat' dir='ltr'><strong>circumferas.</strong></span> <span class='ocrx_word' id='word_1_575' title='bbox 3283 1592 3416 1646; x_wconf 85' lang='lat' dir='ltr'><strong>Nam</strong></span> <span class='ocrx_word' id='word_1_576' title='bbox 3444 1608 3539 1660; x_wconf 88' lang='lat' dir='ltr'><strong>po-</strong></span> 
     </span>
    </p>
   </div>
   <div class='ocr_carea' id='block_1_76' title="bbox 1951 1680 3539 1753">
    <p class='ocr_par' dir='ltr' id='par_1_76' title="bbox 1951 1680 3539 1753">
     <span class='ocr_line' id='line_1_76' title="bbox 1951 1680 3539 1753; baseline 0.003 -20"><span class='ocrx_word' id='word_1_577' title='bbox 1951 1688 2223 1748; x_wconf 85' lang='lat' dir='ltr'><strong>steaquam</strong></span> <span class='ocrx_word' id='word_1_578' title='bbox 2250 1695 2367 1733; x_wconf 90' lang='lat' dir='ltr'><strong>eam</strong></span> <span class='ocrx_word' id='word_1_579' title='bbox 2398 1680 2451 1735; x_wconf 92' lang='lat' dir='ltr'><strong>in</strong></span> <span class='ocrx_word' id='word_1_580' title='bbox 2484 1682 2645 1735; x_wconf 89' lang='lat' dir='ltr'><strong>animi</strong></span> <span class='ocrx_word' id='word_1_581' title='bbox 2681 1682 3036 1751; x_wconf 90' lang='lat' dir='ltr'><strong>penetralibus</strong></span> <span class='ocrx_word' id='word_1_582' title='bbox 3060 1684 3339 1753; x_wconf 91' lang='lat' dir='ltr'><strong>reposuisti</strong></span> <span class='ocrx_word' id='word_1_583' title='bbox 3365 1725 3379 1750; x_wconf 94' lang='lat'><strong>,</strong></span> <span class='ocrx_word' id='word_1_584' title='bbox 3421 1681 3539 1738; x_wconf 89' lang='lat' dir='ltr'><strong>ubi-</strong></span> 
     </span>
    </p>
   </div>
   <div class='ocr_carea' id='block_1_77' title="bbox 1951 1773 3532 1845">
    <p class='ocr_par' dir='ltr' id='par_1_77' title="bbox 1951 1773 3532 1845">
     <span class='ocr_line' id='line_1_77' title="bbox 1951 1773 3532 1845; baseline 0.004 -22"><span class='ocrx_word' id='word_1_585' title='bbox 1951 1786 2178 1841; x_wconf 90' lang='lat' dir='ltr'><strong>cumque</strong></span> <span class='ocrx_word' id='word_1_586' title='bbox 2222 1773 2455 1827; x_wconf 92' lang='lat' dir='ltr'><strong>locorum</strong></span> <span class='ocrx_word' id='word_1_587' title='bbox 2490 1774 2657 1829; x_wconf 89' lang='lat' dir='ltr'><strong>fueris</strong></span> <span class='ocrx_word' id='word_1_588' title='bbox 2683 1816 2697 1838; x_wconf 94' lang='lat'><strong>,</strong></span> <span class='ocrx_word' id='word_1_589' title='bbox 2730 1775 2929 1842; x_wconf 90' lang='lat' dir='ltr'><strong>poteris</strong></span> <span class='ocrx_word' id='word_1_590' title='bbox 2963 1789 3106 1844; x_wconf 73' lang='lat' dir='ltr'><strong>saepe</strong></span> <span class='ocrx_word' id='word_1_591' title='bbox 3147 1776 3532 1845; x_wconf 90' lang='lat' dir='ltr'><strong>contemplari,</strong></span> 
     </span>
    </p>
   </div>
   <div class='ocr_carea' id='block_1_78' title="bbox 1951 1863 3535 1936">
    <p class='ocr_par' dir='ltr' id='par_1_78' title="bbox 1951 1863 3535 1936">
     <span class='ocr_line' id='line_1_78' title="bbox 1951 1863 3535 1936; baseline 0.002 -21"><span class='ocrx_word' id='word_1_592' title='bbox 1951 1863 2341 1933; x_wconf 88' lang='lat' dir='ltr'><strong>plurimumque</strong></span> <span class='ocrx_word' id='word_1_593' title='bbox 2366 1880 2430 1919; x_wconf 81' lang='lat' dir='ltr'><strong>ex</strong></span> <span class='ocrx_word' id='word_1_594' title='bbox 2460 1879 2521 1918; x_wconf 89' lang='lat' dir='ltr'><strong>ea</strong></span> <span class='ocrx_word' id='word_1_595' title='bbox 2551 1865 2790 1919; x_wconf 88' lang='lat' dir='ltr'><strong>utilitatis</strong></span> <span class='ocrx_word' id='word_1_596' title='bbox 2818 1880 3026 1935; x_wconf 89' lang='lat' dir='ltr'><strong>capere.</strong></span> <span class='ocrx_word' id='word_1_597' title='bbox 3069 1866 3137 1920; x_wconf 88' lang='lat' dir='ltr'><strong>Et</strong></span> <span class='ocrx_word' id='word_1_598' title='bbox 3174 1866 3311 1921; x_wconf 89' lang='lat' dir='ltr'><strong>sicut</strong></span> <span class='ocrx_word' id='word_1_599' title='bbox 3336 1867 3426 1936; x_wconf 91' lang='lat' dir='ltr'><strong>qui</strong></span> <span class='ocrx_word' id='word_1_600' title='bbox 3458 1866 3535 1918; x_wconf 88' lang='lat' dir='ltr'><strong>la-</strong></span> 
     </span>
    </p>
   </div>
   <div class='ocr_carea' id='block_1_79' title="bbox 1949 1955 3537 2029">
    <p class='ocr_par' dir='ltr' id='par_1_79' title="bbox 1949 1955 3537 2029">
     <span class='ocr_line' id='line_1_79' title="bbox 1949 1955 3537 2029; baseline 0.003 -20"><span class='ocrx_word' id='word_1_601' title='bbox 1949 1955 2140 2009; x_wconf 90' lang='lat' dir='ltr'><strong>borant</strong></span> <span class='ocrx_word' id='word_1_602' title='bbox 2163 1958 2366 2025; x_wconf 91' lang='lat' dir='ltr'><strong>oculis,</strong></span> <span class='ocrx_word' id='word_1_603' title='bbox 2407 1958 2451 2011; x_wconf 93' lang='lat' dir='ltr'><strong>si</strong></span> <span class='ocrx_word' id='word_1_604' title='bbox 2491 1958 2738 2028; x_wconf 80' lang='lat' dir='ltr'><strong>spongias</strong></span> <span class='ocrx_word' id='word_1_605' title='bbox 2767 1973 2829 2011; x_wconf 89' lang='lat' dir='ltr'><strong>ac</strong></span> <span class='ocrx_word' id='word_1_606' title='bbox 2858 1960 3083 2013; x_wconf 87' lang='lat' dir='ltr'><strong>veSIium</strong></span> <span class='ocrx_word' id='word_1_607' title='bbox 3121 1974 3325 2029; x_wconf 87' lang='lat' dir='ltr'><strong>eyaneo</strong></span> <span class='ocrx_word' id='word_1_608' title='bbox 3354 1959 3537 2013; x_wconf 92' lang='lat' dir='ltr'><strong>colore</strong></span> 
     </span>
    </p>
   </div>
   <div class='ocr_carea' id='block_1_80' title="bbox 1947 2049 3538 2119">
    <p class='ocr_par' dir='ltr' id='par_1_80' title="bbox 1947 2049 3538 2119">
     <span class='ocr_line' id='line_1_80' title="bbox 1947 2049 3538 2119; baseline 0.003 -19"><span class='ocrx_word' id='word_1_609' title='bbox 1947 2063 2152 2117; x_wconf 89' lang='lat' dir='ltr'><strong>pannos</strong></span> <span class='ocrx_word' id='word_1_610' title='bbox 2175 2057 2414 2103; x_wconf 88' lang='lat' dir='ltr'><strong>tenentes</strong></span> <span class='ocrx_word' id='word_1_611' title='bbox 2440 2049 2745 2119; x_wconf 87' lang='lat' dir='ltr'><strong>frequenter</strong></span> <span class='ocrx_word' id='word_1_612' title='bbox 2768 2051 2816 2103; x_wconf 92' lang='lat' dir='ltr'><strong>in</strong></span> <span class='ocrx_word' id='word_1_613' title='bbox 2840 2066 2901 2104; x_wconf 88' lang='lat' dir='ltr'><strong>ea</strong></span> <span class='ocrx_word' id='word_1_614' title='bbox 2925 2052 3248 2117; x_wconf 87' lang='lat' dir='ltr'><strong>intueantur,</strong></span> <span class='ocrx_word' id='word_1_615' title='bbox 3275 2066 3340 2105; x_wconf 82' lang='lat' dir='ltr'><strong>ex</strong></span> <span class='ocrx_word' id='word_1_616' title='bbox 3364 2065 3428 2105; x_wconf 89' lang='lat' dir='ltr'><strong>eo</strong></span> <span class='ocrx_word' id='word_1_617' title='bbox 3448 2066 3538 2105; x_wconf 90' lang='lat' dir='ltr'><strong>co-</strong></span> 
     </span>
    </p>
   </div>
   <div class='ocr_carea' id='block_1_81' title="bbox 1948 2138 3533 2210">
    <p class='ocr_par' dir='ltr' id='par_1_81' title="bbox 1948 2138 3533 2210">
     <span class='ocr_line' id='line_1_81' title="bbox 1948 2138 3533 2210; baseline 0.003 -18"><span class='ocrx_word' id='word_1_618' title='bbox 1948 2138 2058 2193; x_wconf 89' lang='lat' dir='ltr'><strong>lore</strong></span> <span class='ocrx_word' id='word_1_619' title='bbox 2078 2140 2389 2194; x_wconf 91' lang='lat' dir='ltr'><strong>nonnullum</strong></span> <span class='ocrx_word' id='word_1_620' title='bbox 2409 2141 2624 2210; x_wconf 88' lang='lat' dir='ltr'><strong>capiunt</strong></span> <span class='ocrx_word' id='word_1_621' title='bbox 2644 2142 2811 2196; x_wconf 91' lang='lat' dir='ltr'><strong>morbi</strong></span> <span class='ocrx_word' id='word_1_622' title='bbox 2834 2143 3071 2197; x_wconf 90' lang='lat' dir='ltr'><strong>levamen</strong></span> <span class='ocrx_word' id='word_1_623' title='bbox 3093 2160 3107 2195; x_wconf 88' lang='lat'><strong>:</strong></span> <span class='ocrx_word' id='word_1_624' title='bbox 3125 2142 3369 2197; x_wconf 90' lang='lat' dir='ltr'><strong>similiter</strong></span> <span class='ocrx_word' id='word_1_625' title='bbox 3383 2151 3437 2196; x_wconf 90' lang='lat' dir='ltr'><strong>et</strong></span> <span class='ocrx_word' id='word_1_626' title='bbox 3456 2152 3533 2206; x_wconf 91' lang='lat' dir='ltr'><strong>tu,</strong></span> 
     </span>
    </p>
   </div>
   <div class='ocr_carea' id='block_1_82' title="bbox 1946 2231 3533 2302">
    <p class='ocr_par' dir='ltr' id='par_1_82' title="bbox 1946 2231 3533 2302">
     <span class='ocr_line' id='line_1_82' title="bbox 1946 2231 3533 2302; baseline 0.003 -18"><span class='ocrx_word' id='word_1_627' title='bbox 1946 2232 1990 2284; x_wconf 95' lang='lat' dir='ltr'><strong>si</strong></span> <span class='ocrx_word' id='word_1_628' title='bbox 2021 2231 2233 2286; x_wconf 91' lang='lat' dir='ltr'><strong>Davidis</strong></span> <span class='ocrx_word' id='word_1_629' title='bbox 2274 2232 2556 2302; x_wconf 86' lang='lat' dir='ltr'><strong>imaginem</strong></span> <span class='ocrx_word' id='word_1_630' title='bbox 2593 2249 2703 2302; x_wconf 72' lang='lat' dir='ltr'><strong>pra:</strong></span> <span class='ocrx_word' id='word_1_631' title='bbox 2740 2234 2907 2288; x_wconf 88' lang='lat' dir='ltr'><strong>oculis</strong></span> <span class='ocrx_word' id='word_1_632' title='bbox 2948 2233 3144 2289; x_wconf 87' lang='lat' dir='ltr'><strong>habeas</strong></span> <span class='ocrx_word' id='word_1_633' title='bbox 3168 2277 3180 2296; x_wconf 92' lang='lat'><strong>,</strong></span> <span class='ocrx_word' id='word_1_634' title='bbox 3214 2244 3268 2288; x_wconf 89' lang='lat' dir='ltr'><strong>et</strong></span> <span class='ocrx_word' id='word_1_635' title='bbox 3311 2234 3365 2287; x_wconf 93' lang='lat' dir='ltr'><strong>iu</strong></span> <span class='ocrx_word' id='word_1_636' title='bbox 3397 2234 3533 2288; x_wconf 89' lang='lat' dir='ltr'><strong>hanc</strong></span> 
     </span>
    </p>
   </div>
   <div class='ocr_carea' id='block_1_83' title="bbox 1946 2322 3531 2393">
    <p class='ocr_par' dir='ltr' id='par_1_83' title="bbox 1946 2322 3531 2393">
     <span class='ocr_line' id='line_1_83' title="bbox 1946 2322 3531 2393; baseline 0.002 -18"><span class='ocrx_word' id='word_1_637' title='bbox 1946 2322 2159 2375; x_wconf 78' lang='lat' dir='ltr'><strong>assidue</strong></span> <span class='ocrx_word' id='word_1_638' title='bbox 2184 2322 2383 2393; x_wconf 74' lang='lat' dir='ltr'><strong>deligas</strong></span> <span class='ocrx_word' id='word_1_639' title='bbox 2409 2323 2592 2377; x_wconf 91' lang='lat' dir='ltr'><strong>oculos</strong></span> <span class='ocrx_word' id='word_1_640' title='bbox 2618 2364 2631 2387; x_wconf 94' lang='lat'><strong>,</strong></span> <span class='ocrx_word' id='word_1_641' title='bbox 2677 2324 2885 2377; x_wconf 88' lang='lat' dir='ltr'><strong>etiamsi</strong></span> <span class='ocrx_word' id='word_1_642' title='bbox 2927 2324 3121 2379; x_wconf 90' lang='lat' dir='ltr'><strong>millies</strong></span> <span class='ocrx_word' id='word_1_643' title='bbox 3154 2324 3413 2379; x_wconf 89' lang='lat' dir='ltr'><strong>obtundat</strong></span> <span class='ocrx_word' id='word_1_644' title='bbox 3455 2325 3531 2378; x_wconf 89' lang='lat' dir='ltr'><strong>ira</strong></span> 
     </span>
    </p>
   </div>
   <div class='ocr_carea' id='block_1_84' title="bbox 1945 2415 3536 2488">
    <p class='ocr_par' dir='ltr' id='par_1_84' title="bbox 1945 2415 3536 2488">
     <span class='ocr_line' id='line_1_84' title="bbox 1945 2415 3536 2488; baseline 0.003 -21"><span class='ocrx_word' id='word_1_645' title='bbox 1945 2415 2141 2468; x_wconf 88' lang='lat' dir='ltr'><strong>mentis</strong></span> <span class='ocrx_word' id='word_1_646' title='bbox 2170 2417 2381 2469; x_wconf 89' lang='lat' dir='ltr'><strong>oculum</strong></span> <span class='ocrx_word' id='word_1_647' title='bbox 2414 2416 2731 2485; x_wconf 88' lang='lat' dir='ltr'><strong>perturbans</strong></span> <span class='ocrx_word' id='word_1_648' title='bbox 2753 2458 2768 2483; x_wconf 95' lang='lat'><strong>,</strong></span> <span class='ocrx_word' id='word_1_649' title='bbox 2800 2417 2865 2470; x_wconf 89' lang='lat' dir='ltr'><strong>ad</strong></span> <span class='ocrx_word' id='word_1_650' title='bbox 2901 2416 3000 2472; x_wconf 92' lang='lat' dir='ltr'><strong>hoc</strong></span> <span class='ocrx_word' id='word_1_651' title='bbox 3024 2417 3234 2473; x_wconf 91' lang='lat' dir='ltr'><strong>virtutis</strong></span> <span class='ocrx_word' id='word_1_652' title='bbox 3262 2420 3536 2488; x_wconf 87' lang='lat' dir='ltr'><strong>exemplar</strong></span> 
     </span>
    </p>
   </div>
   <div class='ocr_carea' id='block_1_85' title="bbox 1943 2510 3532 2582">
    <p class='ocr_par' dir='ltr' id='par_1_85' title="bbox 1943 2510 3532 2582">
     <span class='ocr_line' id='line_1_85' title="bbox 1943 2510 3532 2582; baseline 0.002 -19"><span class='ocrx_word' id='word_1_653' title='bbox 1943 2510 2262 2578; x_wconf 68' lang='grc' dir='ltr'><strong>τοενίεἰοιιε,</strong></span> <span class='ocrx_word' id='word_1_654' title='bbox 2293 2511 2579 2579; x_wconf 83' lang='lat' dir='ltr'><strong>perfectam</strong></span> <span class='ocrx_word' id='word_1_655' title='bbox 2610 2511 2952 2580; x_wconf 84' lang='lat' dir='ltr'><strong>consequeris</strong></span> <span class='ocrx_word' id='word_1_656' title='bbox 2976 2511 3285 2577; x_wconf 88' lang='lat' dir='ltr'><strong>sanitatem,</strong></span> <span class='ocrx_word' id='word_1_657' title='bbox 3318 2528 3532 2582; x_wconf 90' lang='lat' dir='ltr'><strong>puram-</strong></span> 
     </span>
    </p>
   </div>
   <div class='ocr_carea' id='block_1_86' title="bbox 1944 2601 2669 2671">
    <p class='ocr_par' dir='ltr' id='par_1_86' title="bbox 1944 2601 2669 2671">
     <span class='ocr_line' id='line_1_86' title="bbox 1944 2601 2669 2671; baseline 0.001 -18"><span class='ocrx_word' id='word_1_658' title='bbox 1944 2616 2048 2669; x_wconf 89' lang='lat' dir='ltr'><strong>que</strong></span> <span class='ocrx_word' id='word_1_659' title='bbox 2068 2601 2228 2654; x_wconf 90' lang='lat' dir='ltr'><strong>animi</strong></span> <span class='ocrx_word' id='word_1_660' title='bbox 2258 2601 2669 2671; x_wconf 90' lang='lat' dir='ltr'><strong>philosophiam.</strong></span> 
     </span>
    </p>
   </div>
   <div class='ocr_carea' id='block_1_87' title="bbox 2014 2693 3536 2769">
    <p class='ocr_par' dir='ltr' id='par_1_87' title="bbox 2014 2693 3536 2769">
     <span class='ocr_line' id='line_1_87' title="bbox 2014 2693 3536 2769; baseline 0.002 -21"><span class='ocrx_word' id='word_1_661' title='bbox 2014 2695 2068 2748; x_wconf 78' lang='grc'><strong>5.</strong></span> <span class='ocrx_word' id='word_1_662' title='bbox 2102 2693 2291 2747; x_wconf 82' lang='lat' dir='ltr'><strong>Nullus</strong></span> <span class='ocrx_word' id='word_1_663' title='bbox 2312 2695 2546 2749; x_wconf 77' lang='lat' dir='ltr'><strong>inimicus</strong></span> <span class='ocrx_word' id='word_1_664' title='bbox 2578 2696 2737 2751; x_wconf 73' lang='lat' dir='ltr'><strong>Saftle</strong></span> <span class='ocrx_word' id='word_1_665' title='bbox 2767 2696 3001 2752; x_wconf 80' lang='lat' dir='ltr'><strong>deterior.</strong></span> <span class='ocrx_word' id='word_1_666' title='bbox 3027 2728 3101 2738; x_wconf 92' lang='lat'><strong>—</strong></span> <span class='ocrx_word' id='word_1_667' title='bbox 3126 2698 3205 2753; x_wconf 90' lang='lat' dir='ltr'><strong>Ne</strong></span> <span class='ocrx_word' id='word_1_668' title='bbox 3232 2699 3349 2769; x_wconf 91' lang='lat' dir='ltr'><strong>quis</strong></span> <span class='ocrx_word' id='word_1_669' title='bbox 3378 2701 3536 2768; x_wconf 83' lang='lat' dir='ltr'><strong>igitur</strong></span> 
     </span>
    </p>
   </div>
   <div class='ocr_carea' id='block_1_88' title="bbox 1944 2783 3529 2859">
    <p class='ocr_par' dir='ltr' id='par_1_88' title="bbox 1944 2783 3529 2859">
     <span class='ocr_line' id='line_1_88' title="bbox 1944 2783 3529 2859; baseline 0.004 -24"><span class='ocrx_word' id='word_1_670' title='bbox 1944 2783 2073 2836; x_wconf 90' lang='lat' dir='ltr'><strong>mihi</strong></span> <span class='ocrx_word' id='word_1_671' title='bbox 2105 2784 2246 2837; x_wconf 84' lang='lat' dir='ltr'><strong>dicat</strong></span> <span class='ocrx_word' id='word_1_672' title='bbox 2276 2804 2289 2839; x_wconf 90' lang='lat'><strong>:</strong></span> <span class='ocrx_word' id='word_1_673' title='bbox 2324 2784 2597 2839; x_wconf 84' lang='lat' dir='ltr'><strong>Inimicum</strong></span> <span class='ocrx_word' id='word_1_674' title='bbox 2632 2787 2803 2842; x_wconf 91' lang='lat' dir='ltr'><strong>habeo</strong></span> <span class='ocrx_word' id='word_1_675' title='bbox 2833 2789 3155 2852; x_wconf 87' lang='lat' dir='ltr'><strong>scelestum,</strong></span> <span class='ocrx_word' id='word_1_676' title='bbox 3186 2790 3485 2859; x_wconf 89' lang='lat' dir='ltr'><strong>improbum</strong></span> <span class='ocrx_word' id='word_1_677' title='bbox 3513 2832 3529 2855; x_wconf 94' lang='lat'><strong>,</strong></span> 
     </span>
    </p>
   </div>
   <div class='ocr_carea' id='block_1_89' title="bbox 1942 2878 3534 2949">
    <p class='ocr_par' dir='ltr' id='par_1_89' title="bbox 1942 2878 3534 2949">
     <span class='ocr_line' id='line_1_89' title="bbox 1942 2878 3534 2949; baseline 0.002 -18"><span class='ocrx_word' id='word_1_678' title='bbox 1942 2887 2275 2946; x_wconf 91' lang='lat' dir='ltr'><strong>corruptum,</strong></span> <span class='ocrx_word' id='word_1_679' title='bbox 2312 2878 2744 2948; x_wconf 88' lang='lat' dir='ltr'><strong>incorrigibilem.</strong></span> <span class='ocrx_word' id='word_1_680' title='bbox 2773 2879 3037 2949; x_wconf 87' lang='lat' dir='ltr'><strong>Quidquid</strong></span> <span class='ocrx_word' id='word_1_681' title='bbox 3066 2880 3285 2945; x_wconf 81' lang='lat' dir='ltr'><strong>dixeris,</strong></span> <span class='ocrx_word' id='word_1_682' title='bbox 3314 2896 3419 2934; x_wconf 91' lang='lat' dir='ltr'><strong>non</strong></span> <span class='ocrx_word' id='word_1_683' title='bbox 3450 2889 3534 2935; x_wconf 89' lang='lat' dir='ltr'><strong>est</strong></span> 
     </span>
    </p>
   </div>
   <div class='ocr_carea' id='block_1_90' title="bbox 1943 2971 3530 3041">
    <p class='ocr_par' dir='ltr' id='par_1_90' title="bbox 1943 2971 3530 3041">
     <span class='ocr_line' id='line_1_90' title="bbox 1943 2971 3530 3041; baseline 0.002 -17"><span class='ocrx_word' id='word_1_684' title='bbox 1943 2979 2117 3024; x_wconf 84' lang='lat' dir='ltr'><strong>tamen</strong></span> <span class='ocrx_word' id='word_1_685' title='bbox 2145 2971 2303 3025; x_wconf 75' lang='lat' dir='ltr'><strong>Saule</strong></span> <span class='ocrx_word' id='word_1_686' title='bbox 2343 2971 2593 3032; x_wconf 86' lang='lat' dir='ltr'><strong>deterior,</strong></span> <span class='ocrx_word' id='word_1_687' title='bbox 2624 2973 2715 3041; x_wconf 93' lang='lat' dir='ltr'><strong>qui</strong></span> <span class='ocrx_word' id='word_1_688' title='bbox 2754 2974 2919 3027; x_wconf 90' lang='lat' dir='ltr'><strong>semel</strong></span> <span class='ocrx_word' id='word_1_689' title='bbox 2951 2982 3003 3027; x_wconf 93' lang='lat' dir='ltr'><strong>et</strong></span> <span class='ocrx_word' id='word_1_690' title='bbox 3034 2973 3223 3027; x_wconf 89' lang='lat' dir='ltr'><strong>iterum</strong></span> <span class='ocrx_word' id='word_1_691' title='bbox 3245 3015 3259 3039; x_wconf 92' lang='lat'><strong>,</strong></span> <span class='ocrx_word' id='word_1_692' title='bbox 3291 2973 3400 3027; x_wconf 90' lang='lat' dir='ltr'><strong>imo</strong></span> <span class='ocrx_word' id='word_1_693' title='bbox 3426 2988 3530 3027; x_wconf 76' lang='lat' dir='ltr'><strong>sa:-</strong></span> 
     </span>
    </p>
   </div>
   <div class='ocr_carea' id='block_1_91' title="bbox 1941 3062 3533 3133">
    <p class='ocr_par' dir='ltr' id='par_1_91' title="bbox 1941 3062 3533 3133">
     <span class='ocr_line' id='line_1_91' title="bbox 1941 3062 3533 3133; baseline 0.001 -19"><span class='ocrx_word' id='word_1_694' title='bbox 1941 3062 2059 3131; x_wconf 89' lang='lat' dir='ltr'><strong>pius</strong></span> <span class='ocrx_word' id='word_1_695' title='bbox 2086 3072 2325 3116; x_wconf 79' lang='lat' dir='ltr'><strong>servatus</strong></span> <span class='ocrx_word' id='word_1_696' title='bbox 2354 3077 2383 3115; x_wconf 90' lang='lat' dir='ltr'><strong>a</strong></span> <span class='ocrx_word' id='word_1_697' title='bbox 2405 3062 2620 3128; x_wconf 89' lang='lat' dir='ltr'><strong>Davide,</strong></span> <span class='ocrx_word' id='word_1_698' title='bbox 2645 3078 2765 3117; x_wconf 91' lang='lat' dir='ltr'><strong>cum</strong></span> <span class='ocrx_word' id='word_1_699' title='bbox 2790 3065 2902 3133; x_wconf 85' lang='lat' dir='ltr'><strong>ipse</strong></span> <span class='ocrx_word' id='word_1_700' title='bbox 2929 3062 3075 3118; x_wconf 85' lang='lat' dir='ltr'><strong>mille</strong></span> <span class='ocrx_word' id='word_1_701' title='bbox 3102 3062 3273 3117; x_wconf 90' lang='lat' dir='ltr'><strong>modis</strong></span> <span class='ocrx_word' id='word_1_702' title='bbox 3299 3062 3373 3117; x_wconf 92' lang='lat' dir='ltr'><strong>illi</strong></span> <span class='ocrx_word' id='word_1_703' title='bbox 3394 3071 3533 3117; x_wconf 85' lang='lat' dir='ltr'><strong>stru-</strong></span> 
     </span>
    </p>
   </div>
   <div class='ocr_carea' id='block_1_92' title="bbox 1942 3155 3529 3226">
    <p class='ocr_par' dir='ltr' id='par_1_92' title="bbox 1942 3155 3529 3226">
     <span class='ocr_line' id='line_1_92' title="bbox 1942 3155 3529 3226; baseline 0.001 -19"><span class='ocrx_word' id='word_1_704' title='bbox 1942 3155 2107 3209; x_wconf 80' lang='lat' dir='ltr'><strong>xisset</strong></span> <span class='ocrx_word' id='word_1_705' title='bbox 2135 3155 2375 3221; x_wconf 72' lang='lat' dir='ltr'><strong>insidias,</strong></span> <span class='ocrx_word' id='word_1_706' title='bbox 2401 3164 2576 3209; x_wconf 92' lang='lat' dir='ltr'><strong>tamen</strong></span> <span class='ocrx_word' id='word_1_707' title='bbox 2605 3172 2702 3225; x_wconf 88' lang='lat' dir='ltr'><strong>pro</strong></span> <span class='ocrx_word' id='word_1_708' title='bbox 2726 3165 2804 3209; x_wconf 92' lang='lat' dir='ltr'><strong>tot</strong></span> <span class='ocrx_word' id='word_1_709' title='bbox 2830 3155 3101 3211; x_wconf 86' lang='lat' dir='ltr'><strong>beneficiis</strong></span> <span class='ocrx_word' id='word_1_710' title='bbox 3130 3157 3380 3226; x_wconf 89' lang='lat' dir='ltr'><strong>acceptis,</strong></span> <span class='ocrx_word' id='word_1_711' title='bbox 3411 3171 3529 3225; x_wconf 82' lang='lat' dir='ltr'><strong>per—</strong></span> 
     </span>
    </p>
   </div>
   <div class='ocr_carea' id='block_1_93' title="bbox 1939 3246 3530 3318">
    <p class='ocr_par' dir='ltr' id='par_1_93' title="bbox 1939 3246 3530 3318">
     <span class='ocr_line' id='line_1_93' title="bbox 1939 3246 3530 3318; baseline 0 -17"><span class='ocrx_word' id='word_1_712' title='bbox 1939 3248 2203 3301; x_wconf 85' lang='lat' dir='ltr'><strong>severavit</strong></span> <span class='ocrx_word' id='word_1_713' title='bbox 2224 3248 2273 3300; x_wconf 92' lang='lat' dir='ltr'><strong>in</strong></span> <span class='ocrx_word' id='word_1_714' title='bbox 2297 3263 2389 3301; x_wconf 90' lang='lat' dir='ltr'><strong>sua</strong></span> <span class='ocrx_word' id='word_1_715' title='bbox 2412 3248 2628 3301; x_wconf 88' lang='lat' dir='ltr'><strong>malitia.</strong></span> <span class='ocrx_word' id='word_1_716' title='bbox 2650 3247 2783 3315; x_wconf 87' lang='lat' dir='ltr'><strong>Quid</strong></span> <span class='ocrx_word' id='word_1_717' title='bbox 2808 3247 2967 3318; x_wconf 82' lang='lat' dir='ltr'><strong>igitur</strong></span> <span class='ocrx_word' id='word_1_718' title='bbox 2984 3247 3147 3302; x_wconf 87' lang='lat' dir='ltr'><strong>habes</strong></span> <span class='ocrx_word' id='word_1_719' title='bbox 3164 3246 3305 3317; x_wconf 90' lang='lat' dir='ltr'><strong>quod</strong></span> <span class='ocrx_word' id='word_1_720' title='bbox 3322 3247 3530 3301; x_wconf 87' lang='lat' dir='ltr'><strong>incuses</strong></span> 
     </span>
    </p>
   </div>
   <div class='ocr_carea' id='block_1_94' title="bbox 1940 3338 3529 3409">
    <p class='ocr_par' dir='ltr' id='par_1_94' title="bbox 1940 3338 3529 3409">
     <span class='ocr_line' id='line_1_94' title="bbox 1940 3338 3529 3409; baseline 0.001 -18"><span class='ocrx_word' id='word_1_721' title='bbox 1940 3338 2253 3392; x_wconf 83' lang='lat' dir='ltr'><strong>inimicum?</strong></span> <span class='ocrx_word' id='word_1_722' title='bbox 2282 3338 2432 3406; x_wconf 85' lang='lat' dir='ltr'><strong>Quod</strong></span> <span class='ocrx_word' id='word_1_723' title='bbox 2463 3349 2616 3393; x_wconf 62' lang='lat' dir='ltr'><strong>terra:</strong></span> <span class='ocrx_word' id='word_1_724' title='bbox 2638 3349 2840 3409; x_wconf 87' lang='lat' dir='ltr'><strong>partem</strong></span> <span class='ocrx_word' id='word_1_725' title='bbox 2867 3339 3065 3393; x_wconf 87' lang='lat' dir='ltr'><strong>ademit</strong></span> <span class='ocrx_word' id='word_1_726' title='bbox 3088 3379 3103 3405; x_wconf 90' lang='lat'><strong>,</strong></span> <span class='ocrx_word' id='word_1_727' title='bbox 3132 3338 3272 3409; x_wconf 94' lang='lat' dir='ltr'><strong>quod</strong></span> <span class='ocrx_word' id='word_1_728' title='bbox 3304 3338 3357 3392; x_wconf 90' lang='lat' dir='ltr'><strong>in</strong></span> <span class='ocrx_word' id='word_1_729' title='bbox 3387 3340 3529 3409; x_wconf 83' lang='lat' dir='ltr'><strong>agris</strong></span> 
     </span>
    </p>
   </div>
   <div class='ocr_carea' id='block_1_95' title="bbox 1940 3430 3525 3503">
    <p class='ocr_par' dir='ltr' id='par_1_95' title="bbox 1940 3430 3525 3503">
     <span class='ocr_line' id='line_1_95' title="bbox 1940 3430 3525 3503; baseline 0.001 -18"><span class='ocrx_word' id='word_1_730' title='bbox 1940 3430 2067 3487; x_wconf 86' lang='lat' dir='ltr'><strong>fecit</strong></span> <span class='ocrx_word' id='word_1_731' title='bbox 2097 3432 2339 3501; x_wconf 88' lang='lat' dir='ltr'><strong>injuriam</strong></span> <span class='ocrx_word' id='word_1_732' title='bbox 2361 3473 2374 3497; x_wconf 92' lang='lat'><strong>,</strong></span> <span class='ocrx_word' id='word_1_733' title='bbox 2406 3432 2548 3502; x_wconf 91' lang='lat' dir='ltr'><strong>quod</strong></span> <span class='ocrx_word' id='word_1_734' title='bbox 2572 3433 2762 3487; x_wconf 91' lang='lat' dir='ltr'><strong>domus</strong></span> <span class='ocrx_word' id='word_1_735' title='bbox 2787 3434 2987 3488; x_wconf 90' lang='lat' dir='ltr'><strong>limites</strong></span> <span class='ocrx_word' id='word_1_736' title='bbox 3015 3442 3378 3503; x_wconf 84' lang='lat' dir='ltr'><strong>transgressus</strong></span> <span class='ocrx_word' id='word_1_737' title='bbox 3403 3440 3485 3488; x_wconf 89' lang='lat' dir='ltr'><strong>est</strong></span> <span class='ocrx_word' id='word_1_738' title='bbox 3509 3474 3525 3500; x_wconf 94' lang='lat'><strong>,</strong></span> 
     </span>
    </p>
   </div>
   <div class='ocr_carea' id='block_1_96' title="bbox 1939 3523 3527 3594">
    <p class='ocr_par' dir='ltr' id='par_1_96' title="bbox 1939 3523 3527 3594">
     <span class='ocr_line' id='line_1_96' title="bbox 1939 3523 3527 3594; baseline 0.002 -20"><span class='ocrx_word' id='word_1_739' title='bbox 1939 3523 2078 3592; x_wconf 89' lang='lat' dir='ltr'><strong>quod</strong></span> <span class='ocrx_word' id='word_1_740' title='bbox 2108 3524 2367 3593; x_wconf 89' lang='lat' dir='ltr'><strong>mancipia</strong></span> <span class='ocrx_word' id='word_1_741' title='bbox 2396 3536 2483 3578; x_wconf 91' lang='lat' dir='ltr'><strong>tua</strong></span> <span class='ocrx_word' id='word_1_742' title='bbox 2514 3524 2709 3593; x_wconf 85' lang='lat' dir='ltr'><strong>rapuit,</strong></span> <span class='ocrx_word' id='word_1_743' title='bbox 2741 3525 2880 3593; x_wconf 92' lang='lat' dir='ltr'><strong>quod</strong></span> <span class='ocrx_word' id='word_1_744' title='bbox 2913 3524 3017 3577; x_wconf 89' lang='lat' dir='ltr'><strong>vim</strong></span> <span class='ocrx_word' id='word_1_745' title='bbox 3046 3525 3241 3591; x_wconf 90' lang='lat' dir='ltr'><strong>attulit,</strong></span> <span class='ocrx_word' id='word_1_746' title='bbox 3271 3523 3409 3594; x_wconf 90' lang='lat' dir='ltr'><strong>quod</strong></span> <span class='ocrx_word' id='word_1_747' title='bbox 3439 3531 3527 3577; x_wconf 86' lang='lat' dir='ltr'><strong>tua</strong></span> 
     </span>
    </p>
   </div>
   <div class='ocr_carea' id='block_1_97' title="bbox 1939 3614 3529 3685">
    <p class='ocr_par' dir='ltr' id='par_1_97' title="bbox 1939 3614 3529 3685">
     <span class='ocr_line' id='line_1_97' title="bbox 1939 3614 3529 3685; baseline -0.001 -16"><span class='ocrx_word' id='word_1_748' title='bbox 1939 3624 2136 3683; x_wconf 68' lang='lat' dir='ltr'><strong>praeter</strong></span> <span class='ocrx_word' id='word_1_749' title='bbox 2155 3614 2241 3683; x_wconf 85' lang='lat' dir='ltr'><strong>jus</strong></span> <span class='ocrx_word' id='word_1_750' title='bbox 2267 3616 2584 3684; x_wconf 90' lang='lat' dir='ltr'><strong>occupavit,</strong></span> <span class='ocrx_word' id='word_1_751' title='bbox 2616 3616 2756 3685; x_wconf 87' lang='lat' dir='ltr'><strong>quod</strong></span> <span class='ocrx_word' id='word_1_752' title='bbox 2786 3615 2852 3670; x_wconf 90' lang='lat' dir='ltr'><strong>ad</strong></span> <span class='ocrx_word' id='word_1_753' title='bbox 2884 3624 3248 3684; x_wconf 86' lang='lat' dir='ltr'><strong>paupertatem</strong></span> <span class='ocrx_word' id='word_1_754' title='bbox 3276 3615 3529 3685; x_wconf 88' lang='lat' dir='ltr'><strong>redegit?</strong></span> 
     </span>
    </p>
   </div>
   <div class='ocr_carea' id='block_1_98' title="bbox 1939 3706 3524 3776">
    <p class='ocr_par' dir='ltr' id='par_1_98' title="bbox 1939 3706 3524 3776">
     <span class='ocr_line' id='line_1_98' title="bbox 1939 3706 3524 3776; baseline 0.001 -17"><span class='ocrx_word' id='word_1_755' title='bbox 1939 3707 2009 3759; x_wconf 83' lang='lat' dir='ltr'><strong>At</strong></span> <span class='ocrx_word' id='word_1_756' title='bbox 2039 3706 2274 3759; x_wconf 89' lang='lat' dir='ltr'><strong>nondum</strong></span> <span class='ocrx_word' id='word_1_757' title='bbox 2319 3706 2517 3775; x_wconf 90' lang='lat' dir='ltr'><strong>eripuit</strong></span> <span class='ocrx_word' id='word_1_758' title='bbox 2558 3706 2717 3760; x_wconf 88' lang='lat' dir='ltr'><strong>vitam</strong></span> <span class='ocrx_word' id='word_1_759' title='bbox 2745 3748 2759 3773; x_wconf 95' lang='lat'><strong>,</strong></span> <span class='ocrx_word' id='word_1_760' title='bbox 2792 3707 2933 3776; x_wconf 93' lang='lat' dir='ltr'><strong>quod</strong></span> <span class='ocrx_word' id='word_1_761' title='bbox 2971 3708 3187 3762; x_wconf 88' lang='lat' dir='ltr'><strong>molitus</strong></span> <span class='ocrx_word' id='word_1_762' title='bbox 3229 3717 3312 3763; x_wconf 87' lang='lat' dir='ltr'><strong>est</strong></span> <span class='ocrx_word' id='word_1_763' title='bbox 3353 3707 3479 3763; x_wconf 85' lang='lat' dir='ltr'><strong>Saiil</strong></span> <span class='ocrx_word' id='word_1_764' title='bbox 3511 3726 3524 3761; x_wconf 91' lang='lat'><strong>:</strong></span> 
     </span>
    </p>
   </div>
   <div class='ocr_carea' id='block_1_99' title="bbox 1937 3796 3525 3867">
    <p class='ocr_par' dir='ltr' id='par_1_99' title="bbox 1937 3796 3525 3867">
     <span class='ocr_line' id='line_1_99' title="bbox 1937 3796 3525 3867; baseline 0.003 -17"><span class='ocrx_word' id='word_1_765' title='bbox 1937 3796 2078 3866; x_wconf 92' lang='lat' dir='ltr'><strong>quod</strong></span> <span class='ocrx_word' id='word_1_766' title='bbox 2106 3797 2148 3849; x_wconf 92' lang='lat' dir='ltr'><strong>si</strong></span> <span class='ocrx_word' id='word_1_767' title='bbox 2178 3805 2232 3851; x_wconf 89' lang='lat' dir='ltr'><strong>et</strong></span> <span class='ocrx_word' id='word_1_768' title='bbox 2259 3797 2418 3850; x_wconf 85' lang='lat' dir='ltr'><strong>vitam</strong></span> <span class='ocrx_word' id='word_1_769' title='bbox 2449 3798 2657 3867; x_wconf 88' lang='lat' dir='ltr'><strong>eripere</strong></span> <span class='ocrx_word' id='word_1_770' title='bbox 2681 3807 2902 3852; x_wconf 89' lang='lat' dir='ltr'><strong>conatus</strong></span> <span class='ocrx_word' id='word_1_771' title='bbox 2938 3810 3021 3853; x_wconf 85' lang='lat' dir='ltr'><strong>est</strong></span> <span class='ocrx_word' id='word_1_772' title='bbox 3044 3838 3059 3863; x_wconf 91' lang='lat'><strong>,</strong></span> <span class='ocrx_word' id='word_1_773' title='bbox 3094 3797 3323 3853; x_wconf 89' lang='lat' dir='ltr'><strong>fortasse</strong></span> <span class='ocrx_word' id='word_1_774' title='bbox 3352 3800 3525 3855; x_wconf 89' lang='lat' dir='ltr'><strong>semel</strong></span> 
     </span>
    </p>
   </div>
   <div class='ocr_carea' id='block_1_100' title="bbox 1938 3887 3527 3957">
    <p class='ocr_par' dir='ltr' id='par_1_100' title="bbox 1938 3887 3527 3957">
     <span class='ocr_line' id='line_1_100' title="bbox 1938 3887 3527 3957; baseline 0.003 -18"><span class='ocrx_word' id='word_1_775' title='bbox 1938 3887 1990 3939; x_wconf 92' lang='lat' dir='ltr'><strong>id</strong></span> <span class='ocrx_word' id='word_1_776' title='bbox 2021 3900 2182 3940; x_wconf 91' lang='lat' dir='ltr'><strong>ausus</strong></span> <span class='ocrx_word' id='word_1_777' title='bbox 2210 3894 2314 3954; x_wconf 88' lang='lat' dir='ltr'><strong>est,</strong></span> <span class='ocrx_word' id='word_1_778' title='bbox 2334 3901 2441 3940; x_wconf 93' lang='lat' dir='ltr'><strong>non</strong></span> <span class='ocrx_word' id='word_1_779' title='bbox 2468 3888 2656 3955; x_wconf 88' lang='lat' dir='ltr'><strong>semel,</strong></span> <span class='ocrx_word' id='word_1_780' title='bbox 2684 3887 2765 3941; x_wconf 91' lang='lat' dir='ltr'><strong>bis</strong></span> <span class='ocrx_word' id='word_1_781' title='bbox 2787 3896 2878 3941; x_wconf 90' lang='lat' dir='ltr'><strong>aut</strong></span> <span class='ocrx_word' id='word_1_782' title='bbox 2905 3896 3005 3951; x_wconf 85' lang='lat' dir='ltr'><strong>ter,</strong></span> <span class='ocrx_word' id='word_1_783' title='bbox 3026 3897 3116 3941; x_wconf 90' lang='lat' dir='ltr'><strong>aut</strong></span> <span class='ocrx_word' id='word_1_784' title='bbox 3144 3888 3360 3957; x_wconf 84' lang='lat' dir='ltr'><strong>saepius,</strong></span> <span class='ocrx_word' id='word_1_785' title='bbox 3391 3890 3527 3943; x_wconf 91' lang='lat' dir='ltr'><strong>sicut</strong></span> 
     </span>
    </p>
   </div>
   <div class='ocr_carea' id='block_1_101' title="bbox 1936 3976 3527 4050">
    <p class='ocr_par' dir='ltr' id='par_1_101' title="bbox 1936 3976 3527 4050">
     <span class='ocr_line' id='line_1_101' title="bbox 1936 3976 3527 4050; baseline 0.003 -19"><span class='ocrx_word' id='word_1_786' title='bbox 1936 3976 2063 4032; x_wconf 86' lang='lat' dir='ltr'><strong>fecit</strong></span> <span class='ocrx_word' id='word_1_787' title='bbox 2089 3978 2215 4032; x_wconf 77' lang='lat' dir='ltr'><strong>Saitl</strong></span> <span class='ocrx_word' id='word_1_788' title='bbox 2259 3976 2333 4050; x_wconf 90' lang='lat' dir='ltr'><strong>(a)</strong></span> <span class='ocrx_word' id='word_1_789' title='bbox 2370 3996 2383 4031; x_wconf 89' lang='lat'><strong>:</strong></span> <span class='ocrx_word' id='word_1_790' title='bbox 2416 3978 2557 4048; x_wconf 92' lang='lat' dir='ltr'><strong>quod</strong></span> <span class='ocrx_word' id='word_1_791' title='bbox 2584 3978 2627 4032; x_wconf 93' lang='lat' dir='ltr'><strong>si</strong></span> <span class='ocrx_word' id='word_1_792' title='bbox 2653 3978 2813 4033; x_wconf 89' lang='lat' dir='ltr'><strong>etiam</strong></span> <span class='ocrx_word' id='word_1_793' title='bbox 2839 3979 3035 4043; x_wconf 89' lang='lat' dir='ltr'><strong>semel,</strong></span> <span class='ocrx_word' id='word_1_794' title='bbox 3064 3979 3110 4033; x_wconf 92' lang='lat' dir='ltr'><strong>si</strong></span> <span class='ocrx_word' id='word_1_795' title='bbox 3135 3978 3217 4033; x_wconf 88' lang='lat' dir='ltr'><strong>his</strong></span> <span class='ocrx_word' id='word_1_796' title='bbox 3236 4021 3252 4045; x_wconf 92' lang='lat'><strong>,</strong></span> <span class='ocrx_word' id='word_1_797' title='bbox 3277 3980 3320 4033; x_wconf 90' lang='lat' dir='ltr'><strong>si</strong></span> <span class='ocrx_word' id='word_1_798' title='bbox 3352 3988 3449 4042; x_wconf 90' lang='lat' dir='ltr'><strong>ter,</strong></span> <span class='ocrx_word' id='word_1_799' title='bbox 3479 3982 3527 4035; x_wconf 88' lang='lat' dir='ltr'><strong>si</strong></span> 
     </span>
    </p>
   </div>
   <div class='ocr_carea' id='block_1_102' title="bbox 1937 4070 3521 4139">
    <p class='ocr_par' dir='ltr' id='par_1_102' title="bbox 1937 4070 3521 4139">
     <span class='ocr_line' id='line_1_102' title="bbox 1937 4070 3521 4139; baseline 0.001 -16"><span class='ocrx_word' id='word_1_800' title='bbox 1937 4070 2132 4139; x_wconf 71' lang='lat' dir='ltr'><strong>smpius</strong></span> <span class='ocrx_word' id='word_1_801' title='bbox 2158 4070 2259 4124; x_wconf 90' lang='lat' dir='ltr'><strong>hoc</strong></span> <span class='ocrx_word' id='word_1_802' title='bbox 2280 4070 2523 4134; x_wconf 89' lang='lat' dir='ltr'><strong>tentavit,</strong></span> <span class='ocrx_word' id='word_1_803' title='bbox 2554 4080 2609 4123; x_wconf 92' lang='lat' dir='ltr'><strong>at</strong></span> <span class='ocrx_word' id='word_1_804' title='bbox 2636 4085 2740 4125; x_wconf 93' lang='lat' dir='ltr'><strong>non</strong></span> <span class='ocrx_word' id='word_1_805' title='bbox 2772 4079 2847 4125; x_wconf 93' lang='lat' dir='ltr'><strong>tot</strong></span> <span class='ocrx_word' id='word_1_806' title='bbox 2876 4070 3097 4124; x_wconf 80' lang='lat' dir='ltr'><strong>affectus</strong></span> <span class='ocrx_word' id='word_1_807' title='bbox 3119 4071 3215 4125; x_wconf 91' lang='lat' dir='ltr'><strong>abs</strong></span> <span class='ocrx_word' id='word_1_808' title='bbox 3236 4080 3289 4127; x_wconf 92' lang='lat' dir='ltr'><strong>te</strong></span> <span class='ocrx_word' id='word_1_809' title='bbox 3316 4072 3521 4126; x_wconf 85' lang='lat' dir='ltr'><strong>beneﬁ-</strong></span> 
     </span>
    </p>
   </div>
   <div class='ocr_carea' id='block_1_103' title="bbox 1936 4163 3525 4233">
    <p class='ocr_par' dir='ltr' id='par_1_103' title="bbox 1936 4163 3525 4233">
     <span class='ocr_line' id='line_1_103' title="bbox 1936 4163 3525 4233; baseline 0 -16"><span class='ocrx_word' id='word_1_810' title='bbox 1936 4163 2053 4230; x_wconf 79' lang='lat' dir='ltr'><strong>ciis,</strong></span> <span class='ocrx_word' id='word_1_811' title='bbox 2078 4171 2132 4217; x_wconf 89' lang='lat' dir='ltr'><strong>at</strong></span> <span class='ocrx_word' id='word_1_812' title='bbox 2160 4180 2265 4217; x_wconf 92' lang='lat' dir='ltr'><strong>non</strong></span> <span class='ocrx_word' id='word_1_813' title='bbox 2294 4179 2414 4217; x_wconf 90' lang='lat' dir='ltr'><strong>cum</strong></span> <span class='ocrx_word' id='word_1_814' title='bbox 2445 4163 2609 4218; x_wconf 90' lang='lat' dir='ltr'><strong>semel</strong></span> <span class='ocrx_word' id='word_1_815' title='bbox 2634 4172 2794 4233; x_wconf 90' lang='lat' dir='ltr'><strong>atque</strong></span> <span class='ocrx_word' id='word_1_816' title='bbox 2824 4164 3013 4219; x_wconf 92' lang='lat' dir='ltr'><strong>iterum</strong></span> <span class='ocrx_word' id='word_1_817' title='bbox 3041 4164 3312 4219; x_wconf 90' lang='lat' dir='ltr'><strong>incidisset</strong></span> <span class='ocrx_word' id='word_1_818' title='bbox 3333 4165 3385 4218; x_wconf 91' lang='lat' dir='ltr'><strong>in</strong></span> <span class='ocrx_word' id='word_1_819' title='bbox 3413 4181 3525 4217; x_wconf 83' lang='lat' dir='ltr'><strong>ma-</strong></span> 
     </span>
    </p>
   </div>
   <div class='ocr_carea' id='block_1_104' title="bbox 1938 4255 3519 4327">
    <p class='ocr_par' dir='ltr' id='par_1_104' title="bbox 1938 4255 3519 4327">
     <span class='ocr_line' id='line_1_104' title="bbox 1938 4255 3519 4327; baseline 0.001 -18"><span class='ocrx_word' id='word_1_820' title='bbox 1938 4271 2037 4310; x_wconf 91' lang='lat' dir='ltr'><strong>nus</strong></span> <span class='ocrx_word' id='word_1_821' title='bbox 2069 4267 2203 4321; x_wconf 90' lang='lat' dir='ltr'><strong>tuas,</strong></span> <span class='ocrx_word' id='word_1_822' title='bbox 2230 4264 2284 4311; x_wconf 90' lang='lat' dir='ltr'><strong>et</strong></span> <span class='ocrx_word' id='word_1_823' title='bbox 2314 4267 2555 4311; x_wconf 89' lang='lat' dir='ltr'><strong>servatus</strong></span> <span class='ocrx_word' id='word_1_824' title='bbox 2581 4262 2725 4310; x_wconf 84' lang='lat' dir='ltr'><strong>esset</strong></span> <span class='ocrx_word' id='word_1_825' title='bbox 2755 4276 2767 4311; x_wconf 89' lang='lat'><strong>:</strong></span> <span class='ocrx_word' id='word_1_826' title='bbox 2797 4266 2850 4310; x_wconf 92' lang='lat' dir='ltr'><strong>et</strong></span> <span class='ocrx_word' id='word_1_827' title='bbox 2876 4257 2921 4310; x_wconf 92' lang='lat' dir='ltr'><strong>si</strong></span> <span class='ocrx_word' id='word_1_828' title='bbox 2951 4256 3052 4311; x_wconf 91' lang='lat' dir='ltr'><strong>hoc</strong></span> <span class='ocrx_word' id='word_1_829' title='bbox 3080 4272 3292 4327; x_wconf 90' lang='lat' dir='ltr'><strong>quoque</strong></span> <span class='ocrx_word' id='word_1_830' title='bbox 3322 4255 3519 4310; x_wconf 88' lang='lat' dir='ltr'><strong>factum</strong></span> 
     </span>
    </p>
   </div>
   <div class='ocr_carea' id='block_1_105' title="bbox 1936 4348 3519 4417">
    <p class='ocr_par' dir='ltr' id='par_1_105' title="bbox 1936 4348 3519 4417">
     <span class='ocr_line' id='line_1_105' title="bbox 1936 4348 3519 4417; baseline -0.001 -14"><span class='ocrx_word' id='word_1_831' title='bbox 1936 4358 2019 4403; x_wconf 88' lang='lat' dir='ltr'><strong>est</strong></span> <span class='ocrx_word' id='word_1_832' title='bbox 2041 4392 2055 4416; x_wconf 92' lang='lat'><strong>,</strong></span> <span class='ocrx_word' id='word_1_833' title='bbox 2086 4348 2163 4403; x_wconf 91' lang='lat' dir='ltr'><strong>sic</strong></span> <span class='ocrx_word' id='word_1_834' title='bbox 2200 4349 2360 4403; x_wconf 87' lang='lat' dir='ltr'><strong>etiam</strong></span> <span class='ocrx_word' id='word_1_835' title='bbox 2390 4362 2574 4402; x_wconf 89' lang='lat' dir='ltr'><strong>rursus</strong></span> <span class='ocrx_word' id='word_1_836' title='bbox 2609 4358 2824 4416; x_wconf 89' lang='lat' dir='ltr'><strong>supcrat</strong></span> <span class='ocrx_word' id='word_1_837' title='bbox 2867 4348 2980 4417; x_wconf 89' lang='lat' dir='ltr'><strong>ipse</strong></span> <span class='ocrx_word' id='word_1_838' title='bbox 3022 4348 3206 4402; x_wconf 89' lang='lat' dir='ltr'><strong>David.</strong></span> <span class='ocrx_word' id='word_1_839' title='bbox 3236 4348 3351 4401; x_wconf 91' lang='lat' dir='ltr'><strong>Non</strong></span> <span class='ocrx_word' id='word_1_840' title='bbox 3379 4349 3519 4403; x_wconf 92' lang='lat' dir='ltr'><strong>enim</strong></span> 
     </span>
    </p>
   </div>
   <div class='ocr_carea' id='block_1_106' title="bbox 1936 4438 3525 4510">
    <p class='ocr_par' dir='ltr' id='par_1_106' title="bbox 1936 4438 3525 4510">
     <span class='ocr_line' id='line_1_106' title="bbox 1936 4438 3525 4510; baseline -0.001 -17"><span class='ocrx_word' id='word_1_841' title='bbox 1936 4441 2081 4510; x_wconf 89' lang='lat' dir='ltr'><strong>paria</strong></span> <span class='ocrx_word' id='word_1_842' title='bbox 2102 4450 2226 4494; x_wconf 88' lang='lat' dir='ltr'><strong>sunt</strong></span> <span class='ocrx_word' id='word_1_843' title='bbox 2258 4441 2356 4494; x_wconf 88' lang='lat' dir='ltr'><strong>sub</strong></span> <span class='ocrx_word' id='word_1_844' title='bbox 2394 4449 2571 4494; x_wconf 87' lang='lat' dir='ltr'><strong>vetere</strong></span> <span class='ocrx_word' id='word_1_845' title='bbox 2609 4439 2725 4509; x_wconf 88' lang='lat' dir='ltr'><strong>lege</strong></span> <span class='ocrx_word' id='word_1_846' title='bbox 2762 4438 3040 4508; x_wconf 86' lang='lat' dir='ltr'><strong>degentem</strong></span> <span class='ocrx_word' id='word_1_847' title='bbox 3066 4480 3082 4505; x_wconf 98' lang='lat'><strong>,</strong></span> <span class='ocrx_word' id='word_1_848' title='bbox 3128 4446 3182 4493; x_wconf 91' lang='lat' dir='ltr'><strong>et</strong></span> <span class='ocrx_word' id='word_1_849' title='bbox 3222 4453 3364 4492; x_wconf 89' lang='lat' dir='ltr'><strong>nunc</strong></span> <span class='ocrx_word' id='word_1_850' title='bbox 3402 4448 3525 4507; x_wconf 88' lang='lat' dir='ltr'><strong>post</strong></span> 
     </span>
    </p>
   </div>
   <div class='ocr_carea' id='block_1_107' title="bbox 1935 4530 3525 4603">
    <p class='ocr_par' dir='ltr' id='par_1_107' title="bbox 1935 4530 3525 4603">
     <span class='ocr_line' id='line_1_107' title="bbox 1935 4530 3525 4603; baseline -0.001 -16"><span class='ocrx_word' id='word_1_851' title='bbox 1935 4533 2207 4603; x_wconf 86' lang='lat' dir='ltr'><strong>Evangelii</strong></span> <span class='ocrx_word' id='word_1_852' title='bbox 2234 4532 2459 4603; x_wconf 88' lang='lat' dir='ltr'><strong>gratiam</strong></span> <span class='ocrx_word' id='word_1_853' title='bbox 2488 4530 2609 4586; x_wconf 89' lang='lat' dir='ltr'><strong>talia</strong></span> <span class='ocrx_word' id='word_1_854' title='bbox 2648 4530 2954 4585; x_wconf 90' lang='lat' dir='ltr'><strong>condonare</strong></span> <span class='ocrx_word' id='word_1_855' title='bbox 2978 4531 3161 4600; x_wconf 84' lang='lat' dir='ltr'><strong>gratis.</strong></span> <span class='ocrx_word' id='word_1_856' title='bbox 3195 4530 3315 4585; x_wconf 85' lang='lat' dir='ltr'><strong>Non</strong></span> <span class='ocrx_word' id='word_1_857' title='bbox 3342 4530 3525 4585; x_wconf 79' lang='lat' dir='ltr'><strong>audie~</strong></span> 
     </span>
    </p>
   </div>
   <div class='ocr_carea' id='block_1_108' title="bbox 1936 4619 3517 4690">
    <p class='ocr_par' dir='ltr' id='par_1_108' title="bbox 1936 4619 3517 4690">
     <span class='ocr_line' id='line_1_108' title="bbox 1936 4619 3517 4690; baseline 0 -15"><span class='ocrx_word' id='word_1_858' title='bbox 1936 4630 2017 4675; x_wconf 89' lang='lat' dir='ltr'><strong>rat</strong></span> <span class='ocrx_word' id='word_1_859' title='bbox 2064 4621 2226 4675; x_wconf 91' lang='lat' dir='ltr'><strong>David</strong></span> <span class='ocrx_word' id='word_1_860' title='bbox 2266 4622 2569 4690; x_wconf 88' lang='lat' dir='ltr'><strong>parabolam</strong></span> <span class='ocrx_word' id='word_1_861' title='bbox 2608 4620 2677 4674; x_wconf 89' lang='lat' dir='ltr'><strong>de</strong></span> <span class='ocrx_word' id='word_1_862' title='bbox 2717 4619 2901 4675; x_wconf 76' lang='lat' dir='ltr'><strong>decem</strong></span> <span class='ocrx_word' id='word_1_863' title='bbox 2940 4621 3170 4675; x_wconf 86' lang='lat' dir='ltr'><strong>millibus</strong></span> <span class='ocrx_word' id='word_1_864' title='bbox 3201 4623 3517 4675; x_wconf 84' lang='lat' dir='ltr'><strong>talentorum</strong></span> 
     </span>
    </p>
   </div>
   <div class='ocr_carea' id='block_1_109' title="bbox 1935 4713 3519 4783">
    <p class='ocr_par' dir='ltr' id='par_1_109' title="bbox 1935 4713 3519 4783">
     <span class='ocr_line' id='line_1_109' title="bbox 1935 4713 3519 4783; baseline -0.001 -15"><span class='ocrx_word' id='word_1_865' title='bbox 1935 4724 2092 4783; x_wconf 88' lang='lat' dir='ltr'><strong>atque</strong></span> <span class='ocrx_word' id='word_1_866' title='bbox 2119 4714 2187 4768; x_wconf 91' lang='lat' dir='ltr'><strong>de</strong></span> <span class='ocrx_word' id='word_1_867' title='bbox 2212 4721 2422 4767; x_wconf 90' lang='lat' dir='ltr'><strong>centum</strong></span> <span class='ocrx_word' id='word_1_868' title='bbox 2452 4713 2719 4777; x_wconf 89' lang='lat' dir='ltr'><strong>denariis;</strong></span> <span class='ocrx_word' id='word_1_869' title='bbox 2753 4728 2857 4766; x_wconf 90' lang='lat' dir='ltr'><strong>non</strong></span> <span class='ocrx_word' id='word_1_870' title='bbox 2889 4713 3129 4768; x_wconf 89' lang='lat' dir='ltr'><strong>audierat</strong></span> <span class='ocrx_word' id='word_1_871' title='bbox 3158 4714 3519 4783; x_wconf 89' lang='lat' dir='ltr'><strong>precationem</strong></span> 
     </span>
    </p>
   </div>
   <div class='ocr_carea' id='block_1_110' title="bbox 1934 4803 3521 4875">
    <p class='ocr_par' dir='ltr' id='par_1_110' title="bbox 1934 4803 3521 4875">
     <span class='ocr_line' id='line_1_110' title="bbox 1934 4803 3521 4875; baseline -0.001 -17"><span class='ocrx_word' id='word_1_872' title='bbox 1934 4805 2219 4869; x_wconf 81' lang='lat' dir='ltr'><strong>dicentem,</strong></span> <span class='ocrx_word' id='word_1_873' title='bbox 2252 4803 2508 4857; x_wconf 80' lang='lat' dir='ltr'><strong>Remittite</strong></span> <span class='ocrx_word' id='word_1_874' title='bbox 2531 4803 2814 4858; x_wconf 75' lang='lat' dir='ltr'><strong>hominibus</strong></span> <span class='ocrx_word' id='word_1_875' title='bbox 2838 4804 3006 4858; x_wconf 78' lang='lat' dir='ltr'><strong>debita</strong></span> <span class='ocrx_word' id='word_1_876' title='bbox 3034 4806 3289 4875; x_wconf 82' lang='lat' dir='ltr'><strong>ipsorum,</strong></span> <span class='ocrx_word' id='word_1_877' title='bbox 3319 4815 3447 4858; x_wconf 77' lang='lat' dir='ltr'><strong>stout</strong></span> <span class='ocrx_word' id='word_1_878' title='bbox 3476 4815 3521 4857; x_wconf 89' lang='lat' dir='ltr'><strong>et</strong></span> 
     </span>
    </p>
   </div>
   <div class='ocr_carea' id='block_1_111' title="bbox 1939 4894 3521 4966">
    <p class='ocr_par' dir='ltr' id='par_1_111' title="bbox 1939 4894 3521 4966">
     <span class='ocr_line' id='line_1_111' title="bbox 1939 4894 3521 4966; baseline 0.001 -17"><span class='ocrx_word' id='word_1_879' title='bbox 1939 4894 2095 4949; x_wconf 82' lang='lat' dir='ltr'><strong>Pater</strong></span> <span class='ocrx_word' id='word_1_880' title='bbox 2132 4904 2288 4949; x_wconf 83' lang='lat' dir='ltr'><strong>vester</strong></span> <span class='ocrx_word' id='word_1_881' title='bbox 2325 4897 2534 4950; x_wconf 73' lang='grc' dir='ltr'><strong>εωιεδιὶε</strong></span> <span class='ocrx_word' id='word_1_882' title='bbox 2577 4896 2596 4966; x_wconf 96' lang='grc'>(</span> <span class='ocrx_word' id='word_1_883' title='bbox 2626 4895 2789 4949; x_wconf 86' lang='lat' dir='ltr'><strong>Marc.</strong></span> <span class='ocrx_word' id='word_1_884' title='bbox 2838 4897 2925 4951; x_wconf 80' lang='lat' dir='ltr'><strong>ll.</strong></span> <span class='ocrx_word' id='word_1_885' title='bbox 2969 4897 3074 4966; x_wconf 72' lang='grc'><strong>25)</strong></span> <span class='ocrx_word' id='word_1_886' title='bbox 3106 4912 3123 4953; x_wconf 90' lang='lat'><strong>:</strong></span> <span class='ocrx_word' id='word_1_887' title='bbox 3157 4912 3265 4950; x_wconf 91' lang='lat' dir='ltr'><strong>non</strong></span> <span class='ocrx_word' id='word_1_888' title='bbox 3314 4896 3521 4951; x_wconf 88' lang='lat' dir='ltr'><strong>viderat</strong></span> 
     </span>
    </p>
   </div>
   <div class='ocr_carea' id='block_1_112' title="bbox 1935 4987 3520 5056">
    <p class='ocr_par' dir='ltr' id='par_1_112' title="bbox 1935 4987 3520 5056">
     <span class='ocr_line' id='line_1_112' title="bbox 1935 4987 3520 5056; baseline -0.003 -13"><span class='ocrx_word' id='word_1_889' title='bbox 1935 4988 2203 5043; x_wconf 87' lang='lat' dir='ltr'><strong>Christum</strong></span> <span class='ocrx_word' id='word_1_890' title='bbox 2232 4987 2567 5051; x_wconf 83' lang='lat' dir='ltr'><strong>cruciﬁxum,</strong></span> <span class='ocrx_word' id='word_1_891' title='bbox 2601 5004 2707 5041; x_wconf 93' lang='lat' dir='ltr'><strong>non</strong></span> <span class='ocrx_word' id='word_1_892' title='bbox 2735 4988 2959 5043; x_wconf 73' lang='lat' dir='ltr'><strong>effusum</strong></span> <span class='ocrx_word' id='word_1_893' title='bbox 2987 4989 3277 5056; x_wconf 90' lang='lat' dir='ltr'><strong>pretiosum</strong></span> <span class='ocrx_word' id='word_1_894' title='bbox 3310 4989 3520 5055; x_wconf 83' lang='lat' dir='ltr'><strong>sangui-</strong></span> 
     </span>
    </p>
   </div>
   <div class='ocr_carea' id='block_1_113' title="bbox 1935 5079 3521 5147">
    <p class='ocr_par' dir='ltr' id='par_1_113' title="bbox 1935 5079 3521 5147">
     <span class='ocr_line' id='line_1_113' title="bbox 1935 5079 3521 5147; baseline -0.001 -12"><span class='ocrx_word' id='word_1_895' title='bbox 1935 5097 2078 5147; x_wconf 91' lang='lat' dir='ltr'><strong>nem,</strong></span> <span class='ocrx_word' id='word_1_896' title='bbox 2105 5097 2200 5135; x_wconf 90' lang='lat' dir='ltr'><strong>nec</strong></span> <span class='ocrx_word' id='word_1_897' title='bbox 2221 5080 2460 5135; x_wconf 88' lang='lat' dir='ltr'><strong>audierat</strong></span> <span class='ocrx_word' id='word_1_898' title='bbox 2483 5081 2899 5135; x_wconf 87' lang='lat' dir='ltr'><strong>innumerabiles</strong></span> <span class='ocrx_word' id='word_1_899' title='bbox 2922 5095 3198 5135; x_wconf 83' lang='lat' dir='ltr'><strong>sermones</strong></span> <span class='ocrx_word' id='word_1_900' title='bbox 3215 5080 3358 5134; x_wconf 89' lang='lat' dir='ltr'><strong>circa</strong></span> <span class='ocrx_word' id='word_1_901' title='bbox 3384 5079 3521 5134; x_wconf 86' lang='lat' dir='ltr'><strong>hanc</strong></span> 
     </span>
    </p>
   </div>
   <div class='ocr_carea' id='block_1_114' title="bbox 1936 5170 3521 5241">
    <p class='ocr_par' dir='ltr' id='par_1_114' title="bbox 1936 5170 3521 5241">
     <span class='ocr_line' id='line_1_114' title="bbox 1936 5170 3521 5241; baseline -0.001 -16"><span class='ocrx_word' id='word_1_902' title='bbox 1936 5172 2364 5241; x_wconf 87' lang='lat' dir='ltr'><strong>philosophiam;</strong></span> <span class='ocrx_word' id='word_1_903' title='bbox 2400 5186 2504 5225; x_wconf 92' lang='lat' dir='ltr'><strong>non</strong></span> <span class='ocrx_word' id='word_1_904' title='bbox 2549 5171 2669 5225; x_wconf 91' lang='lat' dir='ltr'><strong>talis</strong></span> <span class='ocrx_word' id='word_1_905' title='bbox 2718 5170 3003 5234; x_wconf 88' lang='lat' dir='ltr'><strong>sacriﬁcii,</strong></span> <span class='ocrx_word' id='word_1_906' title='bbox 3040 5186 3217 5239; x_wconf 92' lang='lat' dir='ltr'><strong>neque</strong></span> <span class='ocrx_word' id='word_1_907' title='bbox 3246 5185 3521 5240; x_wconf 86' lang='lat' dir='ltr'><strong>sanguuus</strong></span> 
     </span>
    </p>
   </div>
   <div class='ocr_carea' id='block_1_115' title="bbox 1934 5259 3523 5330">
    <p class='ocr_par' dir='ltr' id='par_1_115' title="bbox 1934 5259 3523 5330">
     <span class='ocr_line' id='line_1_115' title="bbox 1934 5259 3523 5330; baseline -0.002 -14"><span class='ocrx_word' id='word_1_908' title='bbox 1934 5262 2182 5316; x_wconf 75' lang='lat' dir='ltr'><strong>dominici</strong></span> <span class='ocrx_word' id='word_1_909' title='bbox 2216 5264 2478 5330; x_wconf 87' lang='lat' dir='ltr'><strong>particeps</strong></span> <span class='ocrx_word' id='word_1_910' title='bbox 2505 5259 2713 5326; x_wconf 89' lang='lat' dir='ltr'><strong>fuerat,</strong></span> <span class='ocrx_word' id='word_1_911' title='bbox 2759 5260 2851 5313; x_wconf 90' lang='lat' dir='ltr'><strong>sed</strong></span> <span class='ocrx_word' id='word_1_912' title='bbox 2880 5260 3084 5329; x_wconf 88' lang='lat' dir='ltr'><strong>legibus</strong></span> <span class='ocrx_word' id='word_1_913' title='bbox 3111 5260 3523 5329; x_wconf 87' lang='lat' dir='ltr'><strong>imperfectiori—</strong></span> 
     </span>
    </p>
   </div>
   <div class='ocr_carea' id='block_1_116' title="bbox 1934 5350 3521 5422">
    <p class='ocr_par' dir='ltr' id='par_1_116' title="bbox 1934 5350 3521 5422">
     <span class='ocr_line' id='line_1_116' title="bbox 1934 5350 3521 5422; baseline -0.002 -15"><span class='ocrx_word' id='word_1_914' title='bbox 1934 5353 2033 5407; x_wconf 92' lang='lat' dir='ltr'><strong>bus</strong></span> <span class='ocrx_word' id='word_1_915' title='bbox 2060 5352 2316 5407; x_wconf 90' lang='lat' dir='ltr'><strong>educatus</strong></span> <span class='ocrx_word' id='word_1_916' title='bbox 2336 5395 2350 5418; x_wconf 97' lang='lat'><strong>,</strong></span> <span class='ocrx_word' id='word_1_917' title='bbox 2384 5367 2557 5422; x_wconf 86' lang='lat' dir='ltr'><strong>neque</strong></span> <span class='ocrx_word' id='word_1_918' title='bbox 2588 5352 2692 5406; x_wconf 88' lang='lat' dir='ltr'><strong>tale</strong></span> <span class='ocrx_word' id='word_1_919' title='bbox 2717 5350 3005 5421; x_wconf 87' lang='lat' dir='ltr'><strong>quidquam</strong></span> <span class='ocrx_word' id='word_1_920' title='bbox 3036 5350 3373 5420; x_wconf 80' lang='lat' dir='ltr'><strong>exigentibus</strong></span> <span class='ocrx_word' id='word_1_921' title='bbox 3398 5393 3411 5415; x_wconf 95' lang='lat'><strong>,</strong></span> <span class='ocrx_word' id='word_1_922' title='bbox 3442 5362 3521 5404; x_wconf 84' lang='lat' dir='ltr'><strong>ta-</strong></span> 
     </span>
    </p>
   </div>
   <div class='ocr_carea' id='block_1_117' title="bbox 1935 5444 3514 5516">
    <p class='ocr_par' dir='ltr' id='par_1_117' title="bbox 1935 5444 3514 5516">
     <span class='ocr_line' id='line_1_117' title="bbox 1935 5444 3514 5516; baseline -0.001 -18"><span class='ocrx_word' id='word_1_923' title='bbox 1935 5458 2057 5499; x_wconf 76' lang='lat' dir='ltr'><strong>men</strong></span> <span class='ocrx_word' id='word_1_924' title='bbox 2101 5446 2166 5499; x_wconf 89' lang='lat' dir='ltr'><strong>ad</strong></span> <span class='ocrx_word' id='word_1_925' title='bbox 2210 5446 2527 5515; x_wconf 70' lang='lat' dir='ltr'><strong>evangelica:</strong></span> <span class='ocrx_word' id='word_1_926' title='bbox 2566 5444 2918 5516; x_wconf 65' lang='lat' dir='ltr'><strong>philosophia:</strong></span> <span class='ocrx_word' id='word_1_927' title='bbox 2960 5444 3222 5515; x_wconf 88' lang='lat' dir='ltr'><strong>fastigium</strong></span> <span class='ocrx_word' id='word_1_928' title='bbox 3255 5445 3514 5514; x_wconf 90' lang='lat' dir='ltr'><strong>pervenit.</strong></span> 
     </span>
    </p>
   </div>
   <div class='ocr_carea' id='block_1_118' title="bbox 1935 5536 3514 5605">
    <p class='ocr_par' dir='ltr' id='par_1_118' title="bbox 1935 5536 3514 5605">
     <span class='ocr_line' id='line_1_118' title="bbox 1935 5536 3514 5605; baseline -0.001 -14"><span class='ocrx_word' id='word_1_929' title='bbox 1935 5539 2004 5591; x_wconf 82' lang='lat' dir='ltr'><strong>At</strong></span> <span class='ocrx_word' id='word_1_930' title='bbox 2030 5546 2083 5590; x_wconf 91' lang='lat' dir='ltr'><strong>tu</strong></span> <span class='ocrx_word' id='word_1_931' title='bbox 2109 5536 2415 5605; x_wconf 84' lang='lat' dir='ltr'><strong>frequenter</strong></span> <span class='ocrx_word' id='word_1_932' title='bbox 2452 5538 2652 5601; x_wconf 85' lang='lat' dir='ltr'><strong>iratus,</strong></span> <span class='ocrx_word' id='word_1_933' title='bbox 2688 5536 3000 5605; x_wconf 87' lang='lat' dir='ltr'><strong>injuriarum</strong></span> <span class='ocrx_word' id='word_1_934' title='bbox 3038 5537 3355 5591; x_wconf 85' lang='lat' dir='ltr'><strong>memoriam</strong></span> <span class='ocrx_word' id='word_1_935' title='bbox 3387 5536 3514 5590; x_wconf 81' lang='lat' dir='ltr'><strong>reti-</strong></span> 
     </span>
    </p>
   </div>
   <div class='ocr_carea' id='block_1_119' title="bbox 1934 5629 3517 5695">
    <p class='ocr_par' dir='ltr' id='par_1_119' title="bbox 1934 5629 3517 5695">
     <span class='ocr_line' id='line_1_119' title="bbox 1934 5629 3517 5695; baseline 0.001 -14"><span class='ocrx_word' id='word_1_936' title='bbox 1934 5644 2031 5682; x_wconf 88' lang='lat' dir='ltr'><strong>nes</strong></span> <span class='ocrx_word' id='word_1_937' title='bbox 2058 5647 2070 5680; x_wconf 91' lang='lat'><strong><em>:</em></strong></span> <span class='ocrx_word' id='word_1_938' title='bbox 2108 5630 2192 5683; x_wconf 91' lang='lat' dir='ltr'><strong>hic</strong></span> <span class='ocrx_word' id='word_1_939' title='bbox 2218 5644 2345 5683; x_wconf 83' lang='lat' dir='ltr'><strong>vero</strong></span> <span class='ocrx_word' id='word_1_940' title='bbox 2372 5645 2491 5684; x_wconf 91' lang='lat' dir='ltr'><strong>cum</strong></span> <span class='ocrx_word' id='word_1_941' title='bbox 2524 5629 2591 5684; x_wconf 91' lang='lat' dir='ltr'><strong>de</strong></span> <span class='ocrx_word' id='word_1_942' title='bbox 2619 5629 2805 5684; x_wconf 89' lang='lat' dir='ltr'><strong>futuris</strong></span> <span class='ocrx_word' id='word_1_943' title='bbox 2832 5639 3109 5695; x_wconf 85' lang='lat' dir='ltr'><strong>metueret,</strong></span> <span class='ocrx_word' id='word_1_944' title='bbox 3143 5638 3292 5684; x_wconf 88' lang='lat' dir='ltr'><strong>certo</strong></span> <span class='ocrx_word' id='word_1_945' title='bbox 3320 5631 3517 5693; x_wconf 88' lang='lat' dir='ltr'><strong>sciens,</strong></span> 
     </span>
    </p>
   </div>
   <div class='ocr_carea' id='block_1_120' title="bbox 1933 5722 3521 5792">
    <p class='ocr_par' dir='ltr' id='par_1_120' title="bbox 1933 5722 3521 5792">
     <span class='ocr_line' id='line_1_120' title="bbox 1933 5722 3521 5792; baseline -0.001 -14"><span class='ocrx_word' id='word_1_946' title='bbox 1933 5724 1977 5778; x_wconf 89' lang='lat' dir='ltr'><strong>si</strong></span> <span class='ocrx_word' id='word_1_947' title='bbox 2003 5723 2209 5778; x_wconf 88' lang='lat' dir='ltr'><strong>hostem</strong></span> <span class='ocrx_word' id='word_1_948' title='bbox 2231 5732 2491 5792; x_wconf 87' lang='lat' dir='ltr'><strong>servaret,</strong></span> <span class='ocrx_word' id='word_1_949' title='bbox 2523 5739 2582 5779; x_wconf 91' lang='lat' dir='ltr'><strong>sc</strong></span> <span class='ocrx_word' id='word_1_950' title='bbox 2605 5734 2658 5780; x_wconf 91' lang='lat' dir='ltr'><strong>et</strong></span> <span class='ocrx_word' id='word_1_951' title='bbox 2685 5725 2900 5779; x_wconf 89' lang='lat' dir='ltr'><strong>civitate</strong></span> <span class='ocrx_word' id='word_1_952' title='bbox 2926 5723 3285 5779; x_wconf 87' lang='lat' dir='ltr'><strong>exsulaturum</strong></span> <span class='ocrx_word' id='word_1_953' title='bbox 3311 5764 3326 5789; x_wconf 93' lang='lat'><strong>,</strong></span> <span class='ocrx_word' id='word_1_954' title='bbox 3360 5731 3415 5777; x_wconf 91' lang='lat' dir='ltr'><strong>et</strong></span> <span class='ocrx_word' id='word_1_955' title='bbox 3442 5722 3521 5776; x_wconf 58' lang='lat' dir='ltr'><strong>vi.</strong></span> 
     </span>
    </p>
   </div>
   <div class='ocr_carea' id='block_1_121' title="bbox 1996 5854 3537 5925">
    <p class='ocr_par' dir='ltr' id='par_1_121' title="bbox 1996 5854 3537 5925">
     <span class='ocr_line' id='line_1_121' title="bbox 1996 5854 3537 5925; baseline -0.004 -12"><span class='ocrx_word' id='word_1_956' title='bbox 1996 5856 2070 5925; x_wconf 68' lang='grc' dir='ltr'><strong>(ᾳ)</strong></span> <span class='ocrx_word' id='word_1_957' title='bbox 2101 5856 2183 5905; x_wconf 79' lang='lat' dir='ltr'><strong>Hic</strong></span> <span class='ocrx_word' id='word_1_958' title='bbox 2206 5855 2395 5925; x_wconf 76' lang='lat' dir='ltr'><strong>et_infra</strong></span> <span class='ocrx_word' id='word_1_959' title='bbox 2419 5856 2638 5921; x_wconf 66' lang='lat' dir='ltr'><strong>quaedam</strong></span> <span class='ocrx_word' id='word_1_960' title='bbox 2660 5856 2867 5909; x_wconf 87' lang='lat' dir='ltr'><strong>deerant</strong></span> <span class='ocrx_word' id='word_1_961' title='bbox 2889 5859 2939 5909; x_wconf 88' lang='lat' dir='ltr'><strong>in</strong></span> <span class='ocrx_word' id='word_1_962' title='bbox 2961 5857 3124 5921; x_wconf 64' lang='lat' dir='ltr'><strong>aditis,</strong></span> <span class='ocrx_word' id='word_1_963' title='bbox 3148 5872 3257 5923; x_wconf 73' lang='lat' dir='ltr'><strong>qua:</strong></span> <span class='ocrx_word' id='word_1_964' title='bbox 3283 5870 3353 5909; x_wconf 75' lang='lat' dir='ltr'><strong>ex</strong></span> <span class='ocrx_word' id='word_1_965' title='bbox 3367 5854 3537 5917; x_wconf 58' lang='lat' dir='ltr'><strong>Regio</strong></span> 
     </span>
    </p>
   </div>
   <div class='ocr_carea' id='block_1_122' title="bbox 1942 5917 2439 5982">
    <p class='ocr_par' dir='ltr' id='par_1_122' title="bbox 1942 5917 2439 5982">
     <span class='ocr_line' id='line_1_122' title="bbox 1942 5917 2439 5982; baseline -0.004 -13"><span class='ocrx_word' id='word_1_966' title='bbox 1942 5917 2108 5969; x_wconf 86' lang='lat' dir='ltr'><strong>codice</strong></span> <span class='ocrx_word' id='word_1_967' title='bbox 2131 5917 2439 5982; x_wconf 82' lang='lat' dir='ltr'><strong>supplentur.</strong></span> 
     </span>
    </p>
   </div>
  </div>
