4038 6360
474 357 579 412 699

477 487 581 530 tam
621 473 979 530 calamitosam
1024 482 1287 535 acturum,
1324 485 1429 525 non
1463 468 1664 525 destitit
1702 477 1878 521 tamen
1924 465 2062 519 illius

476 568 677 621 habere
705 581 907 629 curam,
936 563 1028 620 sed
1058 564 1234 618 omnia
1266 562 1408 629 fecit,
1440 561 1581 617 hunc
1613 562 1769 615 talem
1796 569 1978 615 contra
2005 574 2065 614 se

481 657 687 710 hostem
716 655 920 709 fovens.
940 655 1070 720 Quis
1090 668 1512 709 commemorare
1534 654 1703 708 valeat
1727 652 2065 707 tolerantiam

484 748 581 801 hac
600 746 897 816 majorem?
919 747 1083 801 Porro
1111 754 1169 799 ut
1196 760 1298 799 non
1329 754 1530 799 tantum
1557 760 1622 800 ex
1653 744 1952 814 praeteritis,
1978 759 2067 797 ve-

481 853 597 892 rtun
627 853 691 891 ex
720 837 804 891 his
830 852 1041 907 quoque
1067 853 1185 908 quzc
1216 852 1357 891 nunc
1384 836 1513 890 fiunt
1542 837 1716 891 discas
1746 836 1856 891 fieri
1883 852 2061 907 posse,

482 940 539 983 ut
568 945 687 985 cum
728 931 917 1000 quovis
955 931 1170 986 homine
1212 931 1446 984 animum
1492 930 1546 983 in
1587 940 1637 983 te
1684 930 1926 984 hostilem
1970 943 2063 999 ge-

485 1035 634 1079 rente
657 1024 845 1079 redeas
868 1024 920 1077 in
942 1025 1185 1094 gratiam,
1204 1023 1329 1093 quid
1350 1023 1507 1077 leone
1535 1021 1774 1076 smvius?
1800 1022 1867 1078 Et
1890 1030 2066 1077 tamen

486 1115 628 1170 hunc
654 1114 888 1170 cicurem
917 1124 1358 1185 mansuetumque
1395 1114 1625 1169 reddunt
1652 1114 1923 1178 homines,
1954 1123 2068 1168 arte

487 1218 729 1262 naturam
779 1218 1130 1277 superantes:
1176 1208 1337 1278 ﬁtque
1374 1209 1557 1277 quavis
1600 1222 1699 1262 ove
1743 1207 1921 1260 mitior
1960 1206 2067 1259 fera

487 1300 725 1353 omnium
758 1299 1139 1353 immanissima
1169 1308 1223 1353 et
1264 1298 1637 1368 superbissima
1664 1340 1678 1364 ,
1724 1299 1858 1353 adeo
1885 1311 1940 1352 ut
1977 1313 2073 1368 per

488 1392 660 1446 forum
691 1391 926 1446 ambulet
949 1433 965 1454 ,
992 1392 1257 1446 neminem
1291 1391 1558 1445 territans.
1590 1391 1756 1458 Quam
1792 1392 1947 1461 igitur
1978 1392 2071 1443 ha-

497 1486 655 1541 bituri
684 1500 869 1541 sumus
895 1486 1288 1541 excusationem
1310 1527 1324 1551 ,
1362 1494 1518 1554 Quam
1550 1484 1951 1553 impetrabimus
1977 1499 2071 1537 ve-

492 1579 633 1632 niam
657 1620 674 1642 ,
716 1578 760 1631 si
791 1592 910 1631 cum
945 1576 1080 1631 feras
1110 1577 1304 1631 bestias
1334 1577 1633 1629 cicuremus
1656 1616 1673 1640 ,
1705 1575 2073 1644 negaverimus

494 1668 737 1721 homines
759 1678 1004 1736 umquam
1030 1682 1183 1736 posse
1205 1665 1399 1736 placari
1425 1666 1815 1735 benevoIOSQue
1831 1681 1953 1735 erga
1978 1681 2074 1721 nos

494 1757 685 1811 reddi?
710 1758 866 1828 Atqui
899 1758 1079 1812 bestia:
1105 1758 1317 1828 quidem
1348 1760 1544 1828 printer
1573 1766 1814 1811 naturam
1844 1766 1927 1812 est
1954 1771 2074 1811 esse

495 1854 849 1913 ntanSuetam,
881 1850 1078 1903 homini
1112 1865 1238 1905 vero
1268 1858 1460 1918 praeter
1487 1859 1731 1905 naturam
1758 1858 1839 1904 est
1870 1849 2071 1904 feritas.

496 1938 783 2008 lirgo'cum
829 1941 879 1993 in
912 1940 1014 1994 illis
1042 1950 1281 1995 naturam
1312 1940 1613 2008 vincamus,
1645 1957 1747 2011 qua
1777 1939 1949 1995 fronte
1980 1955 2078 1995 nos

498 2032 868 2086 cxcusabimus
894 2072 907 2093 ,
939 2032 985 2086 si
1016 2032 1067 2085 in
1099 2032 1311 2085 homine
1337 2036 1617 2087 causcmur
1644 2031 1804 2085 animi
1833 2032 2076 2100 proposi-

499 2133 611 2176 tum
640 2136 742 2176 non
774 2138 927 2191 posse
956 2125 1191 2193 corrigi?
1220 2124 1369 2189 Quod
1394 2125 1438 2180 si
1467 2124 1641 2178 adhuc
1669 2122 1982 2190 contendis,
2012 2122 2079 2177 il-

501 2214 588 2269 htd
611 2214 853 2278 dixerim,
882 2216 1121 2284 quamvis
1151 2215 1429 2270 insanabili
1451 2216 1635 2269 morbo
1656 2223 1875 2284 mgrotct
1897 2214 2075 2283 homo,

500 2322 606 2374 quo
637 2306 754 2375 plus
783 2305 938 2360 fuerit
964 2306 1174 2371 laboris,
1207 2307 1308 2361 hoc
1338 2307 1431 2361 tibi
1467 2321 1673 2362 merces
1692 2305 1792 2361 erit
1820 2305 2077 2376 amplior;

506 2396 549 2449 si
578 2397 832 2461 assidens,
865 2411 1058 2451 curans
1094 2398 1468 2453 immedicabili
1512 2398 1699 2453 morbo
1728 2398 2078 2454 laborantem.

578 2488 726 2542 Nihil
745 2491 909 2543 nocuit
929 2489 1111 2544 Davitli
1134 2491 1302 2545 odium
1332 2490 1547 2556 Saulis;
1585 2507 1677 2545 cur
1705 2493 1955 2564 patientia:
1978 2508 2083 2546 me-

506 2583 659 2634 ritum
688 2592 911 2653 tequetur
934 2584 1280 2653 eleemosynaz.
1320 2614 1389 2624 —
1415 2584 1587 2641 Unum
1615 2585 1774 2654 igitur
1802 2585 1927 2640 illud
1957 2600 2082 2657 spc-

508 2682 745 2737 ctemus,
764 2686 879 2728 'uon
911 2690 976 2729 ne
1007 2674 1131 2745 qttid
1159 2668 1283 2729 mali
1306 2677 1569 2746 patiamur
1594 2677 1662 2732 ab
1690 2676 1917 2731 inimicis
1940 2718 1954 2742 ,
1988 2677 2082 2733 sed

514 2781 582 2820 uc
620 2766 747 2835 quid
777 2766 880 2822 illis
909 2769 1033 2822 mali
1056 2768 1311 2823 faciamus
1340 2788 1354 2824 :
1387 2770 1456 2825 ita
1483 2770 1613 2825 nihil
1644 2772 1906 2841 patiemur
1935 2772 2082 2839 mali,

509 2857 715 2912 etiamsi
756 2858 1029 2913 innumera
1060 2859 1390 2929 perferamus
1424 2862 1561 2916 mala
1591 2879 1606 2915 :
1638 2863 2085 2934 quemadmodum

511 2965 610 3005 nec
640 2950 827 3016 David,
853 2953 978 3005 dum
1008 2952 1231 3021 ejicitur,
1253 2952 1379 3007 dum
1406 2954 1456 3007 in
1482 2955 1725 3010 exsilium
1756 2957 2087 3027 agitur,dum

513 3056 677 3111 usque
702 3042 767 3096 ad
795 3044 914 3095 vitae
940 3044 1223 3100 discrimen
1252 3045 1459 3100 insidiis
1483 3048 1770 3115 appetitur,
1800 3049 2086 3118 quidquam

512 3133 695 3187 acerbi
732 3148 919 3204 passus
953 3144 1035 3188 est
1065 3154 1075 3188 :
1110 3136 1237 3204 quin
1264 3137 1439 3206 potius
1465 3136 1618 3193 hoste
1652 3152 1749 3193 suo
1792 3139 1963 3194 factus
2007 3147 2091 3194 est

514 3227 776 3284 illustrior
810 3226 1296 3297 bonorahiliorque,
1328 3230 1644 3300 cmterisque
1671 3232 1916 3287 omnibus
1945 3248 2091 3286 ama-

518 3320 704 3383 bilior,
735 3318 893 3389 idque
919 3338 1023 3375 non
1058 3322 1357 3377 hominibus
1406 3332 1611 3378 tantum
1639 3367 1653 3389 ,
1682 3328 1775 3380 sed
1807 3326 1904 3395 ipsi
1932 3327 2090 3383 etiam

519 3409 648 3463 Deo.
680 3410 816 3477 Quid
841 3411 983 3466 enim
1022 3413 1330 3469 detrimenti
1373 3415 1515 3485 cepit
1557 3428 1773 3473 sanctus
1820 3416 1938 3479 ille,
1971 3433 2093 3473 cum

518 3510 629 3554 tam
671 3502 837 3556 multa
884 3513 1251 3573 perpeteretur
1274 3520 1302 3558 a
1332 3505 1490 3560 Saule
1519 3508 1756 3563 ‘lAuuou
1798 3510 1848 3563 in
1878 3509 2093 3565 hodier-

522 3609 648 3646 num
681 3608 847 3664 usque
867 3595 1005 3650 diem
1031 3599 1239 3651 canitur
1266 3598 1485 3654 illustris
1507 3600 1558 3654 in
1582 3610 1747 3665 terra,
1767 3602 2022 3656 illustrior
2043 3602 2095 3656 in

516 3684 673 3738 αυΙοῖ
696 3702 872 3743 annon
897 3689 1042 3743 illum
1070 3691 1439 3747 inenarrabilia
1469 3703 1684 3747 manent
1705 3694 1839 3749 bona
1868 3704 1921 3749 et
1942 3697 2100 3751 caalo-

521 3776 638 3831 rum
668 3782 933 3849 regnum?
964 3782 1168 3836 Rursus
1184 3784 1309 3853 quid
1338 3786 1607 3841 commodi
1636 3787 1974 3857 cepitinfelix
2006 3789 2098 3844 ille

516 3882 583 3923 ac
610 3870 791 3937 miser,
808 3881 883 3925 tot
909 3872 1128 3927 insidias
1159 3875 1617 3933 molitus?Nonne
1646 3895 1812 3950 regno
1842 3897 2099 3938 excussus

520 3961 645 4014 est?
691 3978 867 4018 nonne
921 3965 1222 4022 miseranda
1275 3980 1453 4025 morte
1482 3972 1767 4041 periituna
1802 3989 1922 4028 cum
1964 3976 2096 4041 filio,

522 4061 683 4123 atque
707 4053 775 4108 ab
800 4056 1049 4110 omnibus
1069 4059 1433 4132 vituperatur(
1465 4062 1517 4115 l.
1541 4062 1672 4133 Reg.
1705 4062 1854 4136 ult.),
1884 4074 1936 4119 ct
1957 4066 2098 4135 quod

525 4142 609 4198 his
635 4146 847 4213 gravius
869 4154 970 4212 est,
1000 4156 1197 4203 arterna
1230 4151 1326 4205 luit
1353 4153 1649 4222 supplicia?
1677 4153 1955 4210 Postremo
1976 4157 2100 4226 quid

530 4235 741 4292 tandem
762 4246 845 4292 est
868 4239 1012 4309 quod
1046 4242 1259 4297 incusas
1283 4284 1297 4307 ,
1328 4246 1673 4313 quamobrem
1722 4262 1830 4301 non
1860 4248 1937 4303 vis
1980 4264 2100 4310 cum

527 4327 623 4383 illo
646 4330 821 4385 redire
843 4332 896 4386 in
921 4334 1189 4401 gratiam?
1223 4333 1485 4391 Pecunias
1511 4335 1750 4406 eripuit?
1778 4338 1884 4393 Sed
1914 4339 1959 4394 si
1997 4341 2104 4393 for-

532 4421 657 4475 titer
696 4422 901 4491 perfers
929 4426 1171 4493 rapinam
1191 4468 1206 4493 ,
1245 4427 1573 4483 tantumdem
1592 4431 1821 4500 accipies
1843 4432 2104 4487 mercedis

530 4528 594 4566 ac
622 4514 668 4566 si
696 4528 786 4567 eas
824 4513 875 4568 in
902 4530 1091 4571 manus
1118 4533 1408 4588 pauperum
1441 4521 1789 4589 rcposuisses.
1832 4522 2105 4591 Siquidem

534 4612 589 4657 ct
615 4604 705 4674 qui
732 4604 881 4659 dedit
909 4608 1092 4675 egenis
1117 4649 1131 4669 ,
1162 4618 1216 4663 et
1242 4611 1328 4679 qui
1374 4611 1423 4665 ei
1457 4613 1546 4680 qui
1594 4613 1769 4666 aliena
1800 4615 2103 4683 usurpavit,

530 4710 705 4765 neque
734 4705 881 4764 parat
930 4696 1180 4763 insidias,
1222 4715 1395 4771 neque
1436 4702 1577 4756 male
1626 4713 1906 4772 precatur,
1949 4705 2108 4760 ambo

533 4799 751 4857 propter
767 4789 929 4843 Deum
952 4789 1003 4843 id
1033 4789 1248 4845 faciunt.
1280 4791 1509 4848 Proinde
1530 4810 1648 4848 cum
1672 4794 1922 4865 impendii
1949 4812 2107 4851 causa

531 4880 740 4943 eadem,
774 4882 1111 4952 perSpicuum
1139 4893 1216 4937 est
1254 4901 1409 4939 unam
1433 4887 1781 4957 eamdemque
1810 4887 1921 4944 fore
1951 4906 2108 4943 coro-

536 4989 679 5028 nam.
710 4973 815 5029 Sed
842 4976 963 5030 vita:
989 4976 1263 5032 insidiatus
1290 4990 1390 5043 est,
1411 4990 1464 5034 et
1495 4991 1717 5035 conatus
1744 4984 2110 5038 estocciderc?

538 5066 614 5122 Ea
644 5082 734 5122 res
764 5068 858 5123 tibi
890 5083 985 5139 pro
1012 5070 1266 5142 martyrio
1290 5069 1655 5142 imputabitur,
1684 5076 1725 5127 si
1754 5076 1974 5130 insidias
1999 5092 2111 5130 mo-

536 5162 773 5227 lientem,
798 5163 937 5219 etad
978 5174 1177 5219 tantam
1218 5176 1533 5235 provectum
1570 5167 1895 5224 inimicitiam
1922 5211 1935 5231 ,
1968 5169 2110 5225 inter

540 5252 669 5310 bene
697 5255 914 5310 meritos
942 5257 1262 5323 numeraris,
1292 5272 1397 5311 non
1426 5257 1676 5312 desinens
1697 5274 1851 5315 orare
1866 5275 1960 5330 pro
1998 5261 2109 5328 illo,

538 5345 704 5401 Deum
735 5348 1064 5401 obsecrando
1084 5391 1096 5413 ,
1130 5357 1188 5402 ttt
1218 5349 1289 5403 illi
1321 5349 1412 5403 ﬁat
1440 5351 1718 5418 propitius.

606 5439 660 5494 4.
683 5436 761 5495 Ne
806 5440 965 5511 igitur
1002 5441 1128 5495 illud
1165 5450 1509 5512 reputemus,
1536 5442 1677 5511 quod
1721 5444 1860 5498 Deus
1890 5446 2115 5500 vetuerit

536 5546 605 5586 ne
623 5530 878 5587 Davidem
903 5534 1173 5588 occideret
1192 5534 1318 5589 Satil
1345 5551 1357 5587 :
1386 5533 1480 5589 sed
1522 5536 1647 5589 illud
1672 5537 1971 5600 considera,
1991 5555 2112 5593 eum

536 5640 599 5679 ex
634 5623 838 5679 insidiis
865 5625 1041 5680 Saulis
1085 5627 1240 5696 tripla
1279 5626 1679 5698 quadruplaque
1731 5629 1972 5698 martyrii
2017 5643 2112 5683 co-

538 5732 669 5773 rona
696 5720 999 5775 redimitum
1028 5723 1211 5776 fuisse.
1233 5722 1436 5775 Etenim
1467 5722 1552 5790 qui
1586 5729 1799 5789 pr0pter
1820 5720 1983 5774 Deum
2005 5735 2119 5774 scr-

539 5810 682 5867 vavit
709 5812 948 5880 hostem,
996 5829 1115 5870 cum
1149 5813 1237 5884 qui
1278 5814 1444 5870 semel
1468 5854 1482 5881 ,
1513 5814 1592 5868 bis
1618 5856 1632 5882 ,
1664 5814 1769 5869 imo
1810 5812 2121 5885 frequenter

1202 352 1257 409 ς.
1297 351 1573 407 JOANNIS
1610 346 2085 407 CllRYSOSTOMl
2125 347 2444 405 ARClllEP.
2483 351 3018 414 CONSTANTINOP.

3648 364 3759 419 του

2179 462 2418 521 lanceam
2450 467 2501 521 in
2526 478 2685 538 caput
2710 469 2853 525 illius
2881 472 3139 539 vibrarat,
3166 488 3285 529 cum
3312 483 3457 530 esset
3475 476 3759 533 occidendi

2179 566 2496 626 potestatem
2526 569 2711 615 nactus
2735 602 2751 627 ,
2784 570 2959 618 tamen
2987 566 3226 635 pepercit
3269 567 3401 636 ipsi,
3443 580 3565 623 cum
3590 568 3762 625 sciret

2175 660 2357 719 postea
2388 650 2519 716 fore,
2540 660 2598 705 ut
2623 652 2797 707 denuo
2816 654 2884 707 ab
2907 654 2997 710 illo
3019 656 3393 726 impeteretur:
3418 660 3760 728 perspicuum

2174 752 2257 798 est
2296 759 2419 798 eum
2452 745 2643 801 millies
2694 746 3028 803 interfectum
3074 765 3196 805 esse
3240 751 3401 805 animi
3437 755 3709 823 proposito
3742 771 3760 816 ;

2175 836 2369 892 millies
2422 847 2599 893 autem
2650 839 2960 897 interfectus
3004 852 3221 912 propter
3273 843 3764 913 Deum,plurimas

2182 931 2305 986 tulit
2354 932 2591 1001 martyrii
2622 948 2847 987 coronas
2878 951 2891 988 :
2922 935 3008 1002 qui
3036 935 3479 1003 quemadmodum
3521 948 3570 990 ct
3594 946 3597 947 '
3617 937 3759 991 Pau-

2176 1024 2258 1078 lus
2287 1022 2391 1089 ait,
2424 1024 2660 1091 Quotidie
2687 1027 2875 1079 morior
2904 1037 3109 1097 prapter
3142 1027 3303 1081 Deum
3329 1029 3503 1097 (Rom.
3528 1030 3580 1081 8.
3608 1029 3678 1083 26
3698 1030 3721 1100 )
3744 1070 3761 1094 ,

2178 1114 2407 1183 idipsmn
2441 1126 2493 1170 et
2529 1118 2616 1171 ille
2647 1127 2863 1187 praptcr
2909 1118 3072 1173 Deum
3150 1134 3343 1188 passus
3435 1131 3538 1176 εει.
3620 1120 3762 1175 Cum

2177 1209 2318 1263 enim
2352 1221 2530 1278 posset
2558 1210 2765 1264 hostem
2793 1210 2892 1265 sibi
2922 1210 3257 1264 insidiantem
3289 1226 3320 1263 e
3348 1210 3525 1264 medio
3546 1212 3762 1277 tollere,

2179 1308 2395 1368 pr0pter
2430 1304 2599 1353 Deum
2631 1300 2829 1364 noluit,
2868 1308 2922 1354 ct
2952 1300 3138 1354 maluit
3179 1300 3414 1369 quotidie
3446 1302 3760 1369 periclitari,

2177 1406 2333 1459 quam
2370 1390 2512 1459 justa
2541 1390 2689 1445 ca-de
2733 1407 2762 1445 a
2797 1398 2873 1446 tot
2912 1392 3172 1446 mortibus
3223 1391 3456 1446 liberari.
3513 1392 3665 1460 Quod
3715 1393 3765 1446 si

2182 1496 2348 1550 usque
2378 1480 2443 1534 ad
2490 1482 2655 1549 ipsius
2686 1480 2807 1535 vita:
2850 1482 3139 1551 periculum
3194 1482 3532 1537 insidiantem
3577 1483 3768 1537 ulcisci

2177 1583 2339 1643 atque
2364 1573 2543 1629 odisse
2572 1573 2650 1628 fas
2678 1589 2780 1628 non
2811 1584 2926 1640 est,
2952 1574 3119 1629 multo
3154 1576 3331 1630 minus
3368 1575 3493 1630 licet
3519 1591 3641 1631 eum
3669 1578 3768 1646 qui

2179 1664 2468 1734 vulgariter
2494 1666 2651 1729 hrsit,
2683 1665 2886 1720 ulcisci.
3308 1676 3311 1683 '

2250 1756 2394 1826 Αθῐεὶ
2441 1758 2752 1811 contumeliis
2774 1774 2838 1810 an
2863 1758 2927 1812 sit
2956 1756 3283 1810 intolerabile.
3321 1755 3561 1812 Utiliores
3591 1759 3771 1811 «init-is

2181 1852 2375 1905 inimici
2404 1852 2505 1923 (a).
2539 1882 2610 1890 —
2654 1852 2927 1919 Plerisque
2956 1851 3023 1905 ab
3065 1850 3291 1903 inimicis
3317 1851 3452 1903 allici
3483 1850 3769 1912 conviciis,

2182 1952 2273 2007 aut
2298 1943 2353 1996 in
2381 1942 2737 2011 suspicionem
2762 1940 2974 2005 adduci,
3003 1940 3212 1994 videtur
3234 1940 3479 1994 onmibus
3504 1940 3774 1993 mortibus

2183 2033 2589 2090 intolerabilius.
2613 2036 2723 2103 Age
2749 2034 2968 2103 igituret
2994 2032 3130 2087 istud
3152 2033 3532 2102 expendamus.
3560 2031 3774 2099 Aliquis

2186 2129 2279 2182 tibi
2304 2126 2575 2182 maledixit
2599 2167 2613 2191 ,
2645 2125 2941 2179 adulterum
2987 2140 3048 2178 ac
3070 2133 3419 2178 scortatorem
3447 2120 3776 2192 appellavit?

2186 2218 2298 2273 lloc
2340 2220 2383 2273 si
2423 2230 2547 2272 vere
2590 2217 2738 2281 dicit,
2775 2219 3025 2286 corrige:
3067 2214 3148 2269 sin
3176 2214 3309 2270 falso
3333 2258 3347 2281 ,
3379 2214 3574 2277 irride;
3607 2212 3650 2266 si
3674 2213 3773 2265 tibi

2187 2310 2304 2380 ipse
2332 2309 2579 2364 conscius
2604 2324 2663 2363 es
2693 2324 2877 2363 eorum
2898 2324 3016 2378 qua:
3032 2307 3375 2377 objiciuntur,
3414 2303 3697 2375 resipisce;
3724 2305 3772 2359 si

2188 2414 2292 2456 non
2318 2412 2420 2467 est,
2446 2400 2662 2470 despice
2694 2418 2706 2451 :
2750 2400 2857 2454 imo
2892 2399 3070 2469 potius
3099 2414 3205 2453 non
3241 2398 3412 2453 solum
3445 2412 3555 2450 non
3583 2396 3775 2450 deride

2186 2510 2249 2548 ac
2271 2494 2495 2565 negl'ge,
2528 2507 2712 2548 verum
2738 2492 2897 2547 etiam
2940 2490 3112 2562 gaude
3147 2500 3306 2559 atque
3344 2488 3556 2544 exsulta
3579 2503 3777 2543 secun-

2190 2586 2315 2641 dum
2351 2584 2556 2639 Domini
2606 2599 2944 2649 sermonem,
2998 2583 3087 2652 qui
3139 2597 3238 2638 nos
3274 2582 3425 2652 jubet
3471 2582 3542 2634 ita
3572 2580 3772 2634 facere.

2190 2679 2336 2741 Cum,
2372 2675 2975 2746 iuquit,ea'probraverint
2992 2675 3147 2740 vobis,
3169 2682 3213 2727 et
3240 2673 3457 2727 dixerint
3485 2687 3634 2724 omne
3658 2687 3776 2721 nta-

2192 2770 2294 2822 lunt
2319 2769 2519 2823 verbum
2550 2769 2814 2821 adversum
2840 2781 2927 2819 vos
2949 2765 3259 2827 mentientes,
3289 2762 3502 2833 gaudete
3528 2771 3575 2814 et
3603 2762 3780 2814 exsul-

2192 2873 2312 2927 tare,
2334 2863 2572 2932 quoniam
2602 2877 2786 2914 merces
2811 2869 2973 2912 vestra
3004 2858 3206 2927 copiosa
3232 2866 3304 2911 est
3329 2857 3381 2909 in
3404 2854 3543 2909 caelis
3562 2852 3778 2923 (Matth.

2194 2954 2249 3009 5.
2280 2955 2365 3008 Η.
2397 2952 2524 3022 12).
2581 2960 2657 3005 Ac
2702 2965 2949 3014 rursum,
3000 2948 3224 3003 Gaudete
3272 2958 3319 3001 et
3356 2946 3639 3011 exsultate,
3664 2961 3783 2996 cum

2194 3047 2431 3115 ejecerint
2480 3062 2660 3099 nomen
2704 3053 2924 3099 uestrum
2953 3055 3208 3112 tamquam
3256 3042 3448 3093 malum
3489 3039 3783 3093 mentientes

2197 3138 2365 3208 (an.
2399 3137 2454 3192 6.
2487 3136 2576 3189 29..
2607 3136 2679 3191 25
2700 3134 2741 3208 ).
2772 3136 3037 3191 Cmterum
3078 3134 3166 3188 u‘bt
3211 3132 3541 3187 conviciator
3566 3130 3782 3201 quidem

2195 3245 2320 3283 vera
2342 3229 2569 3289 dixerit,
2600 3236 2655 3281 tu
2703 3242 2827 3282 vero
2868 3226 3109 3280 modeste
3146 3224 3435 3293 pertuleris
3482 3240 3544 3278 ea
3578 3222 3782 3287 verba,

2198 3336 2303 3373 non
2336 3334 2588 3391 regerens
2611 3319 2987 3373 contumeliam
3014 3360 3029 3384 ,
3058 3333 3226 3387 neque
3248 3317 3487 3371 convicia
3517 3316 3783 3379 referens,

2199 3412 2293 3465 sed
2344 3426 2527 3466 amare
2573 3410 2895 3481 ingemueris
2940 3408 3199 3464 damnans
3248 3418 3337 3462 tua
3374 3407 3568 3461 delicta
3598 3447 3613 3470 ,
3646 3406 3787 3460 haud

2200 3506 2461 3559 minorem
2506 3501 2649 3557 feres
2680 3499 2985 3557 mercedem
3011 3541 3026 3566 ,
3069 3513 3228 3571 quam
3272 3500 3362 3555 ille
3410 3494 3599 3568 prior:
3629 3496 3790 3567 idque

2201 3597 2352 3653 vobis
2372 3613 2403 3652 e
2428 3594 2721 3667 Scriptu'ris
2740 3595 3036 3666 approbare
3057 3593 3292 3649 conabor
3307 3634 3323 3659 ,
3355 3591 3429 3646 uti
3458 3590 3789 3662 pernoscatis

2202 3703 2307 3742 non
2333 3696 2534 3741 tantum
2562 3686 2799 3740 utilitatis
2820 3686 3011 3740 afferre
3035 3685 3235 3739 amicos
3255 3682 3387 3737 dum'
3406 3680 3625 3736 laudant
3645 3692 3699 3734 et
3723 3679 3788 3734 ad

2202 3780 2429 3850 gratiam
2478 3777 2772 3848 loquuntur
2793 3818 2809 3842 ,
2840 3778 3093 3848 quantum
3120 3776 3375 3829 utilitatis
3405 3773 3657 3828 adferunt
3689 3773 3787 3825 iui-

2206 3873 2327 3926 mici
2351 3871 2719 3941 vituperando,
2745 3871 2953 3925 etiamsi
2978 3885 3104 3925 vera
3130 3866 3383 3931 dixerint,
3417 3868 3493 3921 sic
3522 3876 3705 3920 tamen
3737 3888 3766 3917 ι.

2206 3980 2304 4019 nos
2345 3964 2772 4019 accusationibus
2819 3963 3026 4017 illurum
3072 3960 3138 4014 ad
3160 3960 3249 4024 id,
3280 3959 3344 4012 ad
3370 3957 3511 4027 quod
3540 3964 3785 4026 Oportet.

2207 4056 2280 4111 uti
2310 4057 2554 4111 velimus.
2586 4054 2718 4109 Nam
2748 4054 2905 4109 amici
2937 4053 3243 4122 frequenter
3286 4051 3349 4104 ad
3395 4050 3620 4119 gratiam
3655 4048 3789 4100 adu-

2207 4148 2419 4213 lantur;
2449 4158 2635 4203 contra
2682 4146 2862 4203 hostes
2899 4146 3087 4201 delicta
3124 4144 3399 4215 proferunt
3431 4144 3485 4197 in
3531 4140 3789 4196 medium.

2207 4238 2467 4306 Quoniam
2499 4253 2619 4293 cum
2656 4253 2753 4292 nos
2803 4246 2982 4292 nostra
3026 4244 3239 4305 peccata
3268 4249 3375 4289 non
3421 4232 3697 4287 videamus
3726 4230 3795 4284 ob

2210 4345 2447 4386 amorem
2473 4330 2643 4385 nostri
2672 4329 2825 4385 nobis
2847 4329 3083 4391 insitum,
3112 4327 3342 4393 illi,quia
3369 4334 3585 4395 prepter
3610 4323 3792 4378 odium

2212 4437 2275 4478 ea
2306 4422 2497 4478 melius
2522 4438 2679 4492 quam
2701 4436 2799 4477 nos
2822 4420 3170 4489 perspiciunt,
3197 4415 3571 4487 exprobrando
3601 4428 3701 4470 nos
3729 4412 3796 4467 ad

2213 4515 2563 4570 correctionis
2590 4513 2958 4568 necessitatem
3002 4511 3318 4578 impellunt:
3348 4517 3399 4560 ut
3449 4506 3665 4560 illorum
3695 4504 3797 4558 ini-

2212 4608 2411 4662 micitia
2443 4606 2594 4661 nobis
2620 4604 2777 4661 cedat
2795 4603 2859 4657 ad
2889 4602 3172 4656 maximam
3203 4600 3505 4662 utilitatem,
3535 4610 3646 4650 non
3679 4595 3798 4648 ideo

2216 4706 2422 4752 tantum
2473 4695 2614 4766 quod
2644 4709 2739 4764 per
2783 4694 2902 4747 illos
2942 4690 3199 4746 admoniti
3240 4688 3585 4757 intelligimus
3624 4692 3798 4739 errata

2215 4799 2426 4853 nostra,
2450 4788 2544 4843 sed
2575 4786 2715 4856 quod
2754 4800 2814 4839 ea
2845 4782 3162 4851 deponimus
3194 4793 3423 4850 quoque.
3462 4776 3595 4831 Nam
3623 4777 3669 4829 si
3703 4773 3806 4828 ini-

2216 4881 2385 4934 micus
2415 4877 2814 4949 cxprobravcrit
2842 4876 2932 4931 tibi
2958 4874 3181 4938 crimen,
3210 4871 3363 4941 cujus
3410 4868 3505 4923 tibi
3552 4865 3806 4920 conscius

2216 4987 2296 5034 es,
2328 4981 2381 5025 tu
2404 4987 2532 5025 vero
2557 4970 2783 5025 audiens
2808 4983 2916 5021 non
2947 4964 3263 5021 convicieris
3290 4962 3367 5016 illi
3402 4958 3643 5015 vicissim
3669 4998 3686 5024 ,
3708 4955 3805 5012 sed

2217 5080 2336 5119 cum
2371 5078 2552 5117 amaro
2575 5062 2775 5132 gemitu
2806 5060 2971 5114 Deum
3001 5056 3273 5126 implores,
3313 5052 3556 5122 protinus
3584 5064 3807 5103 omnem

2219 5158 2429 5226 culpam
2467 5153 2782 5224 deposuisti.
2813 5150 2964 5220 Rogo
2994 5148 3121 5219 quid
3155 5150 3254 5201 hoc
3295 5158 3417 5199 esse
3454 5140 3652 5210 poterit
3686 5140 3808 5194 feli-

2222 5248 2373 5303 cius?
2394 5246 2516 5316 quid
2546 5245 2611 5298 ad
2652 5245 2934 5299 criminum
2963 5239 3303 5294 abolitionem
3337 5232 3584 5289 facilius?
3609 5230 3715 5287 Sed
3745 5246 3810 5283 nc

2225 5340 2500 5394 videamur
2548 5352 2645 5391 nos
2686 5336 2862 5391 verbis
2909 5331 3155 5387 humanis
3225 5328 3492 5391 excitare,
3532 5338 3564 5378 e
3611 5321 3809 5377 divinis

2226 5432 2511 5501 Scripturis
2541 5444 2698 5498 super
2729 5427 2829 5481 hac
2857 5442 2915 5480 re
2944 5424 3275 5495 proferemus
3304 5415 3667 5472 testimonium
3690 5456 3706 5478 ,
3744 5430 3810 5465 ne

2223 5526 2349 5597 quid
2377 5536 2628 5595 prteterea
2648 5522 2874 5575 dubites.
2901 5517 3197 5572 Phariszcus
3216 5526 3270 5568 et
3297 5511 3614 5581 publicanus
3632 5517 3806 5569 erant,

2226 5634 2451 5689 quorum
2473 5615 2559 5671 hic
2588 5613 2801 5685 quidem
2827 5610 2894 5665 ad
2921 5624 3181 5665 summam
3213 5618 3526 5675 progressus
3553 5610 3672 5656 erat
3692 5615 3809 5653 ma-

2278 5749 2360 5818 le)
2396 5747 2521 5799 Vide
2549 5743 2801 5798 Plutarch.
2830 5741 2917 5793 lib.
2957 5739 3033 5792 De
3062 5737 3281 5790 utilitate
3324 5710 3575 5800 capienda
3603 5742 3670 5780 ex
3718 5727 3811 5779 ini-

2225 5825 2384 5863 mlClS.
