  <div class='ocr_page' id='page_1' title='image "/cluster/home/n/w/nwhite01/storage/ocr_20150623/54/nnc1.0046978518/326.png"; bbox 0 0 4038 6360; ppageno 0'>
   <div class='ocr_carea' id='block_1_1' title="bbox 259 356 359 414">
    <p class='ocr_par' dir='ltr' id='par_1_1' title="bbox 259 356 359 414">
     <span class='ocr_line' id='line_1_1' title="bbox 259 356 359 414; baseline 0 -1"><span class='ocrx_word' id='word_1_1' title='bbox 259 356 359 414; x_wconf 80' lang='lat'>699</span> 
     </span>
    </p>
   </div>
   <div class='ocr_carea' id='block_1_2' title="bbox 257 461 1827 539">
    <p class='ocr_par' dir='ltr' id='par_1_2' title="bbox 257 461 1827 539">
     <span class='ocr_line' id='line_1_2' title="bbox 257 461 1827 539; baseline -0.007 -15"><span class='ocrx_word' id='word_1_2' title='bbox 257 469 404 539; x_wconf 77' lang='grc' dir='ltr'>αὑτῷ</span> <span class='ocrx_word' id='word_1_3' title='bbox 428 466 578 521; x_wconf 81' lang='grc' dir='ltr'>ἔσται</span> <span class='ocrx_word' id='word_1_4' title='bbox 606 469 639 538; x_wconf 82' lang='grc' dir='ltr'>ἡ</span> <span class='ocrx_word' id='word_1_5' title='bbox 682 466 854 530; x_wconf 83' lang='grc' dir='ltr'>πόλις,</span> <span class='ocrx_word' id='word_1_6' title='bbox 882 471 974 521; x_wconf 71' lang='grc' dir='ltr'>καὶ</span> <span class='ocrx_word' id='word_1_7' title='bbox 1005 467 1236 530; x_wconf 81' lang='grc' dir='ltr'>ἀϐίωτος</span> <span class='ocrx_word' id='word_1_8' title='bbox 1265 470 1292 518; x_wconf 93' lang='lat'>6</span> <span class='ocrx_word' id='word_1_9' title='bbox 1329 467 1440 537; x_wconf 82' lang='grc' dir='ltr'>βίος</span> <span class='ocrx_word' id='word_1_10' title='bbox 1477 464 1710 518; x_wconf 89' lang='grc' dir='ltr'>σώσαντι</span> <span class='ocrx_word' id='word_1_11' title='bbox 1738 461 1827 514; x_wconf 85' lang='grc' dir='ltr'>τὸν</span> 
     </span>
    </p>
   </div>
   <div class='ocr_carea' id='block_1_3' title="bbox 256 550 1832 630">
    <p class='ocr_par' dir='ltr' id='par_1_3' title="bbox 256 550 1832 630">
     <span class='ocr_line' id='line_1_3' title="bbox 256 550 1832 630; baseline -0.008 -16"><span class='ocrx_word' id='word_1_12' title='bbox 256 559 468 630; x_wconf 84' lang='grc' dir='ltr'>ἐχθρὸν,</span> <span class='ocrx_word' id='word_1_13' title='bbox 507 559 607 610; x_wconf 85' lang='grc' dir='ltr'>οὐκ</span> <span class='ocrx_word' id='word_1_14' title='bbox 633 558 896 625; x_wconf 82' lang='grc' dir='ltr'>ἀφίστατο</span> <span class='ocrx_word' id='word_1_15' title='bbox 937 557 1036 626; x_wconf 76' lang='grc' dir='ltr'>τῆς</span> <span class='ocrx_word' id='word_1_16' title='bbox 1065 557 1273 610; x_wconf 88' lang='grc' dir='ltr'>ἐκείνου</span> <span class='ocrx_word' id='word_1_17' title='bbox 1301 554 1646 625; x_wconf 67' lang='grc' dir='ltr'>κηδεμονίας,</span> <span class='ocrx_word' id='word_1_18' title='bbox 1696 550 1832 604; x_wconf 85' lang='grc' dir='ltr'>ἀλλά</span> 
     </span>
    </p>
   </div>
   <div class='ocr_carea' id='block_1_4' title="bbox 258 645 1826 720">
    <p class='ocr_par' dir='ltr' id='par_1_4' title="bbox 258 645 1826 720">
     <span class='ocr_line' id='line_1_4' title="bbox 258 645 1826 720; baseline -0.004 -16"><span class='ocrx_word' id='word_1_19' title='bbox 258 653 412 706; x_wconf 83' lang='grc' dir='ltr'>πάντ’</span> <span class='ocrx_word' id='word_1_20' title='bbox 447 649 706 720; x_wconf 80' lang='grc' dir='ltr'>ἔπραττε,</span> <span class='ocrx_word' id='word_1_21' title='bbox 761 649 883 700; x_wconf 88' lang='grc' dir='ltr'>καθ’</span> <span class='ocrx_word' id='word_1_22' title='bbox 917 648 1110 702; x_wconf 81' lang='grc' dir='ltr'>ἑαυτοῦ</span> <span class='ocrx_word' id='word_1_23' title='bbox 1161 647 1251 700; x_wconf 88' lang='grc' dir='ltr'>τὸν</span> <span class='ocrx_word' id='word_1_24' title='bbox 1289 647 1545 717; x_wconf 89' lang='grc' dir='ltr'>πολέμιον</span> <span class='ocrx_word' id='word_1_25' title='bbox 1592 645 1826 716; x_wconf 88' lang='grc' dir='ltr'>τρέφων.</span> 
     </span>
    </p>
   </div>
   <div class='ocr_carea' id='block_1_5' title="bbox 257 738 1832 813">
    <p class='ocr_par' dir='ltr' id='par_1_5' title="bbox 257 738 1832 813">
     <span class='ocr_line' id='line_1_5' title="bbox 257 738 1832 813; baseline -0.004 -16"><span class='ocrx_word' id='word_1_26' title='bbox 257 745 352 808; x_wconf 87' lang='grc' dir='ltr'>Τίς</span> <span class='ocrx_word' id='word_1_27' title='bbox 370 745 438 798; x_wconf 62' lang='grc' dir='ltr'>ἀν</span> <span class='ocrx_word' id='word_1_28' title='bbox 464 743 617 813; x_wconf 84' lang='grc' dir='ltr'>σχοίη</span> <span class='ocrx_word' id='word_1_29' title='bbox 647 741 850 812; x_wconf 83' lang='grc' dir='ltr'>ταύτης</span> <span class='ocrx_word' id='word_1_30' title='bbox 870 740 1088 812; x_wconf 75' lang='grc' dir='ltr'>μείζονα</span> <span class='ocrx_word' id='word_1_31' title='bbox 1116 738 1458 804; x_wconf 73' lang='grc' dir='ltr'>ἀνεξικακίαν</span> <span class='ocrx_word' id='word_1_32' title='bbox 1487 740 1689 805; x_wconf 85' lang='grc' dir='ltr'>εἰπεῖν;</span> <span class='ocrx_word' id='word_1_33' title='bbox 1719 738 1832 791; x_wconf 87' lang='grc' dir='ltr'>Ἵνα</span> 
     </span>
    </p>
   </div>
   <div class='ocr_carea' id='block_1_6' title="bbox 255 827 1833 902">
    <p class='ocr_par' dir='ltr' id='par_1_6' title="bbox 255 827 1833 902">
     <span class='ocr_line' id='line_1_6' title="bbox 255 827 1833 902; baseline -0.004 -13"><span class='ocrx_word' id='word_1_34' title='bbox 255 836 311 889; x_wconf 87' lang='grc' dir='ltr'>δέ</span> <span class='ocrx_word' id='word_1_35' title='bbox 338 836 433 889; x_wconf 74' lang='grc' dir='ltr'>καὶ</span> <span class='ocrx_word' id='word_1_36' title='bbox 466 835 531 888; x_wconf 85' lang='grc' dir='ltr'>ἐκ</span> <span class='ocrx_word' id='word_1_37' title='bbox 556 832 666 886; x_wconf 86' lang='grc' dir='ltr'>τῶν</span> <span class='ocrx_word' id='word_1_38' title='bbox 699 832 793 885; x_wconf 88' lang='grc' dir='ltr'>νῦν</span> <span class='ocrx_word' id='word_1_39' title='bbox 821 833 1120 902; x_wconf 80' lang='grc' dir='ltr'>γινομένων</span> <span class='ocrx_word' id='word_1_40' title='bbox 1159 831 1356 902; x_wconf 80' lang='grc' dir='ltr'><strong>μάθῃς,</strong></span> <span class='ocrx_word' id='word_1_41' title='bbox 1380 831 1461 883; x_wconf 82' lang='grc' dir='ltr'>ὅτι</span> <span class='ocrx_word' id='word_1_42' title='bbox 1494 828 1737 892; x_wconf 87' lang='grc' dir='ltr'>δυνατὸν,</span> <span class='ocrx_word' id='word_1_43' title='bbox 1766 827 1833 882; x_wconf 83' lang='grc' dir='ltr'>ἂν</span> 
     </span>
    </p>
   </div>
   <div class='ocr_carea' id='block_1_7' title="bbox 259 921 1834 995">
    <p class='ocr_par' dir='ltr' id='par_1_7' title="bbox 259 921 1834 995">
     <span class='ocr_line' id='line_1_7' title="bbox 259 921 1834 995; baseline -0.003 -17"><span class='ocrx_word' id='word_1_44' title='bbox 259 927 556 995; x_wconf 73' lang='grc' dir='ltr'>ἐθέλωμεν,</span> <span class='ocrx_word' id='word_1_45' title='bbox 635 923 812 977; x_wconf 86' lang='grc' dir='ltr'>πάντα</span> <span class='ocrx_word' id='word_1_46' title='bbox 857 923 1141 993; x_wconf 84' lang='grc' dir='ltr'>ἄνθρωπον</span> <span class='ocrx_word' id='word_1_47' title='bbox 1186 923 1323 993; x_wconf 87' lang='grc' dir='ltr'>πρὸς</span> <span class='ocrx_word' id='word_1_48' title='bbox 1381 924 1530 992; x_wconf 78' lang='grc' dir='ltr'>ἡμᾶς</span> <span class='ocrx_word' id='word_1_49' title='bbox 1580 921 1834 992; x_wconf 83' lang='grc' dir='ltr'>ἀπεχθῶς</span> 
     </span>
    </p>
   </div>
   <div class='ocr_carea' id='block_1_8' title="bbox 257 1015 1833 1089">
    <p class='ocr_par' dir='ltr' id='par_1_8' title="bbox 257 1015 1833 1089">
     <span class='ocr_line' id='line_1_8' title="bbox 257 1015 1833 1089; baseline -0.002 -18"><span class='ocrx_word' id='word_1_50' title='bbox 257 1019 452 1089; x_wconf 76' lang='grc' dir='ltr'>ἔχοντα</span> <span class='ocrx_word' id='word_1_51' title='bbox 503 1016 855 1082; x_wconf 78' lang='grc' dir='ltr'>καταλλάξαι,</span> <span class='ocrx_word' id='word_1_52' title='bbox 904 1017 956 1068; x_wconf 90' lang='grc' dir='ltr'>τί</span> <span class='ocrx_word' id='word_1_53' title='bbox 999 1017 1208 1079; x_wconf 88' lang='grc' dir='ltr'>λέοντος</span> <span class='ocrx_word' id='word_1_54' title='bbox 1266 1015 1635 1086; x_wconf 84' lang='grc' dir='ltr'>ἀγριώτερον;</span> <span class='ocrx_word' id='word_1_55' title='bbox 1695 1015 1833 1068; x_wconf 80' lang='grc' dir='ltr'>Ἀλλ’</span> 
     </span>
    </p>
   </div>
   <div class='ocr_carea' id='block_1_9' title="bbox 258 1108 1834 1182">
    <p class='ocr_par' dir='ltr' id='par_1_9' title="bbox 258 1108 1834 1182">
     <span class='ocr_line' id='line_1_9' title="bbox 258 1108 1834 1182; baseline 0 -18"><span class='ocrx_word' id='word_1_56' title='bbox 258 1113 406 1182; x_wconf 83' lang='grc' dir='ltr'>ὅμως</span> <span class='ocrx_word' id='word_1_57' title='bbox 429 1111 612 1163; x_wconf 91' lang='grc' dir='ltr'>τοῦτον</span> <span class='ocrx_word' id='word_1_58' title='bbox 646 1109 942 1180; x_wconf 84' lang='grc' dir='ltr'>ήμεροῦσιν</span> <span class='ocrx_word' id='word_1_59' title='bbox 994 1109 1299 1178; x_wconf 83' lang='grc' dir='ltr'>ἄνθρωποι,</span> <span class='ocrx_word' id='word_1_60' title='bbox 1338 1109 1429 1161; x_wconf 65' lang='grc' dir='ltr'>καὶ</span> <span class='ocrx_word' id='word_1_61' title='bbox 1543 1111 1702 1181; x_wconf 80' lang='grc' dir='ltr'>τέχνη</span> <span class='ocrx_word' id='word_1_62' title='bbox 1737 1108 1834 1181; x_wconf 76' lang='grc' dir='ltr'>τὴν</span> 
     </span>
    </p>
   </div>
   <div class='ocr_carea' id='block_1_10' title="bbox 262 1199 1834 1271">
    <p class='ocr_par' dir='ltr' id='par_1_10' title="bbox 262 1199 1834 1271">
     <span class='ocr_line' id='line_1_10' title="bbox 262 1199 1834 1271; baseline -0.001 -15"><span class='ocrx_word' id='word_1_63' title='bbox 262 1203 423 1271; x_wconf 83' lang='grc' dir='ltr'>φύσιν</span> <span class='ocrx_word' id='word_1_64' title='bbox 458 1201 719 1270; x_wconf 76' lang='grc' dir='ltr'>βιάζεται.</span> <span class='ocrx_word' id='word_1_65' title='bbox 751 1201 844 1254; x_wconf 74' lang='grc' dir='ltr'>καὶ</span> <span class='ocrx_word' id='word_1_66' title='bbox 880 1199 1088 1267; x_wconf 88' lang='grc' dir='ltr'>γίνεται</span> <span class='ocrx_word' id='word_1_67' title='bbox 1123 1201 1394 1270; x_wconf 84' lang='grc' dir='ltr'>προϐάτου</span> <span class='ocrx_word' id='word_1_68' title='bbox 1429 1201 1628 1263; x_wconf 85' lang='grc' dir='ltr'>παντὸς</span> <span class='ocrx_word' id='word_1_69' title='bbox 1660 1203 1834 1254; x_wconf 82' lang='grc' dir='ltr'>ἐπιει-</span> 
     </span>
    </p>
   </div>
   <div class='ocr_carea' id='block_1_11' title="bbox 259 1290 1836 1364">
    <p class='ocr_par' dir='ltr' id='par_1_11' title="bbox 259 1290 1836 1364">
     <span class='ocr_line' id='line_1_11' title="bbox 259 1290 1836 1364; baseline -0.003 -17"><span class='ocrx_word' id='word_1_70' title='bbox 259 1295 521 1364; x_wconf 82' lang='grc' dir='ltr'>κέστερος</span> <span class='ocrx_word' id='word_1_71' title='bbox 546 1292 576 1344; x_wconf 85' lang='lat'>6</span> <span class='ocrx_word' id='word_1_72' title='bbox 615 1290 832 1344; x_wconf 84' lang='grc' dir='ltr'>πάντων</span> <span class='ocrx_word' id='word_1_73' title='bbox 894 1290 1096 1360; x_wconf 85' lang='grc' dir='ltr'>θηρίων</span> <span class='ocrx_word' id='word_1_74' title='bbox 1141 1291 1474 1361; x_wconf 81' lang='grc' dir='ltr'>ἀγριώτερος</span> <span class='ocrx_word' id='word_1_75' title='bbox 1508 1293 1599 1344; x_wconf 71' lang='grc' dir='ltr'>καὶ</span> <span class='ocrx_word' id='word_1_76' title='bbox 1630 1292 1836 1361; x_wconf 80' lang='grc' dir='ltr'>βασιλι-</span> 
     </span>
    </p>
   </div>
   <div class='ocr_carea' id='block_1_12' title="bbox 260 1381 1835 1455">
    <p class='ocr_par' dir='ltr' id='par_1_12' title="bbox 260 1381 1835 1455">
     <span class='ocr_line' id='line_1_12' title="bbox 260 1381 1835 1455; baseline -0.001 -18"><span class='ocrx_word' id='word_1_77' title='bbox 260 1385 519 1455; x_wconf 84' lang='grc' dir='ltr'>κώτερος,</span> <span class='ocrx_word' id='word_1_78' title='bbox 554 1382 648 1436; x_wconf 72' lang='grc' dir='ltr'>καὶ</span> <span class='ocrx_word' id='word_1_79' title='bbox 674 1381 762 1434; x_wconf 86' lang='grc' dir='ltr'>διά</span> <span class='ocrx_word' id='word_1_80' title='bbox 781 1382 878 1452; x_wconf 82' lang='grc' dir='ltr'>τῆς</span> <span class='ocrx_word' id='word_1_81' title='bbox 909 1382 1112 1451; x_wconf 80' lang='grc' dir='ltr'>ἀγορᾶς</span> <span class='ocrx_word' id='word_1_82' title='bbox 1157 1381 1359 1450; x_wconf 78' lang='grc' dir='ltr'>βαδίζει</span> <span class='ocrx_word' id='word_1_83' title='bbox 1412 1381 1614 1452; x_wconf 77' lang='grc' dir='ltr'>μηδένα</span> <span class='ocrx_word' id='word_1_84' title='bbox 1665 1383 1835 1436; x_wconf 86' lang='grc' dir='ltr'>δεδιτ-</span> 
     </span>
    </p>
   </div>
   <div class='ocr_carea' id='block_1_13' title="bbox 259 1467 1837 1550">
    <p class='ocr_par' dir='ltr' id='par_1_13' title="bbox 259 1467 1837 1547">
     <span class='ocr_line' id='line_1_13' title="bbox 259 1467 1837 1547; baseline -0.002 -17"><span class='ocrx_word' id='word_1_85' title='bbox 259 1479 506 1547; x_wconf 89' lang='grc' dir='ltr'>τόμενος.</span> <span class='ocrx_word' id='word_1_86' title='bbox 564 1473 675 1527; x_wconf 86' lang='grc' dir='ltr'>Τίν’</span> <span class='ocrx_word' id='word_1_87' title='bbox 714 1467 807 1526; x_wconf 80' lang='grc' dir='ltr'>οὑν</span> <span class='ocrx_word' id='word_1_88' title='bbox 853 1471 1045 1541; x_wconf 75' lang='grc' dir='ltr'>ἕξομεν</span> <span class='ocrx_word' id='word_1_89' title='bbox 1075 1473 1391 1541; x_wconf 87' lang='grc' dir='ltr'>ἀπολογίαν,</span> <span class='ocrx_word' id='word_1_90' title='bbox 1443 1473 1563 1526; x_wconf 85' lang='grc' dir='ltr'>τίνα</span> <span class='ocrx_word' id='word_1_91' title='bbox 1593 1475 1837 1543; x_wconf 88' lang='grc' dir='ltr'>συγγνώ-</span> 
     </span>
    </p>
   </div>
   <div class='ocr_carea' id='block_1_14' title="bbox 264 1563 1838 1640">
    <p class='ocr_par' dir='ltr' id='par_1_14' title="bbox 264 1563 1838 1640">
     <span class='ocr_line' id='line_1_14' title="bbox 264 1563 1838 1640; baseline 0 -20"><span class='ocrx_word' id='word_1_92' title='bbox 264 1587 394 1640; x_wconf 83' lang='grc' dir='ltr'>μην,</span> <span class='ocrx_word' id='word_1_93' title='bbox 433 1567 597 1636; x_wconf 81' lang='grc' dir='ltr'>θηρία</span> <span class='ocrx_word' id='word_1_94' title='bbox 626 1565 725 1635; x_wconf 74' lang='grc' dir='ltr'>μὲν</span> <span class='ocrx_word' id='word_1_95' title='bbox 763 1563 1115 1635; x_wconf 79' lang='grc' dir='ltr'>ἡμεροῦντες,</span> <span class='ocrx_word' id='word_1_96' title='bbox 1151 1563 1470 1633; x_wconf 81' lang='grc' dir='ltr'>ἀνθρώπους</span> <span class='ocrx_word' id='word_1_97' title='bbox 1498 1565 1552 1618; x_wconf 87' lang='lat'>66</span> <span class='ocrx_word' id='word_1_98' title='bbox 1590 1565 1838 1634; x_wconf 78' lang='grc' dir='ltr'>λέγοντες</span> 
     </span>
    </p>
   </div>
   <div class='ocr_carea' id='block_1_15' title="bbox 264 1654 1839 1731">
    <p class='ocr_par' dir='ltr' id='par_1_15' title="bbox 264 1654 1839 1731">
     <span class='ocr_line' id='line_1_15' title="bbox 264 1654 1839 1731; baseline -0.001 -19"><span class='ocrx_word' id='word_1_99' title='bbox 264 1661 339 1731; x_wconf 86' lang='grc' dir='ltr'>μὴ</span> <span class='ocrx_word' id='word_1_100' title='bbox 361 1659 617 1714; x_wconf 85' lang='grc' dir='ltr'>δύνασθαι</span> <span class='ocrx_word' id='word_1_101' title='bbox 655 1654 1057 1725; x_wconf 83' lang='grc' dir='ltr'>καταπραΰνειν</span> <span class='ocrx_word' id='word_1_102' title='bbox 1119 1655 1267 1719; x_wconf 77' lang='grc' dir='ltr'>ποτε,</span> <span class='ocrx_word' id='word_1_103' title='bbox 1331 1655 1463 1726; x_wconf 87' lang='grc' dir='ltr'>μηδέ</span> <span class='ocrx_word' id='word_1_104' title='bbox 1494 1659 1664 1708; x_wconf 85' lang='grc' dir='ltr'>ποιεῖν</span> <span class='ocrx_word' id='word_1_105' title='bbox 1703 1657 1839 1728; x_wconf 89' lang='grc' dir='ltr'>πρὸς</span> 
     </span>
    </p>
   </div>
   <div class='ocr_carea' id='block_1_16' title="bbox 261 1741 1839 1819">
    <p class='ocr_par' dir='ltr' id='par_1_16' title="bbox 261 1741 1839 1819">
     <span class='ocr_line' id='line_1_16' title="bbox 261 1741 1839 1819; baseline -0.003 -18"><span class='ocrx_word' id='word_1_106' title='bbox 261 1751 408 1819; x_wconf 81' lang='grc' dir='ltr'>ἡμᾶς</span> <span class='ocrx_word' id='word_1_107' title='bbox 461 1747 605 1816; x_wconf 78' lang='grc' dir='ltr'>ἔχειν</span> <span class='ocrx_word' id='word_1_108' title='bbox 650 1743 855 1815; x_wconf 88' lang='grc' dir='ltr'>ήδέως;</span> <span class='ocrx_word' id='word_1_109' title='bbox 911 1742 1100 1795; x_wconf 86' lang='grc' dir='ltr'>Καίτοι</span> <span class='ocrx_word' id='word_1_110' title='bbox 1132 1760 1194 1810; x_wconf 91' lang='grc' dir='ltr'>γε</span> <span class='ocrx_word' id='word_1_111' title='bbox 1240 1741 1318 1812; x_wconf 83' lang='grc' dir='ltr'>τῷ</span> <span class='ocrx_word' id='word_1_112' title='bbox 1363 1742 1535 1813; x_wconf 83' lang='grc' dir='ltr'>θηρίῳ</span> <span class='ocrx_word' id='word_1_113' title='bbox 1567 1743 1666 1814; x_wconf 84' lang='grc' dir='ltr'>μὲν</span> <span class='ocrx_word' id='word_1_114' title='bbox 1691 1745 1839 1815; x_wconf 75' lang='grc' dir='ltr'>παρὰ</span> 
     </span>
    </p>
   </div>
   <div class='ocr_carea' id='block_1_17' title="bbox 261 1829 1840 1905">
    <p class='ocr_par' dir='ltr' id='par_1_17' title="bbox 261 1829 1840 1905">
     <span class='ocr_line' id='line_1_17' title="bbox 261 1829 1840 1905; baseline -0.003 -17"><span class='ocrx_word' id='word_1_115' title='bbox 261 1837 424 1905; x_wconf 85' lang='grc' dir='ltr'>φύσιν</span> <span class='ocrx_word' id='word_1_116' title='bbox 453 1834 514 1886; x_wconf 89' lang='grc' dir='ltr'>τὸ</span> <span class='ocrx_word' id='word_1_117' title='bbox 556 1835 781 1903; x_wconf 79' lang='grc' dir='ltr'>ἥμερον·</span> <span class='ocrx_word' id='word_1_118' title='bbox 829 1829 908 1900; x_wconf 81' lang='grc' dir='ltr'>τῷ</span> <span class='ocrx_word' id='word_1_119' title='bbox 963 1829 1235 1899; x_wconf 84' lang='grc' dir='ltr'>ἀνθρώπῳ</span> <span class='ocrx_word' id='word_1_120' title='bbox 1283 1829 1339 1880; x_wconf 88' lang='lat'>66</span> <span class='ocrx_word' id='word_1_121' title='bbox 1383 1831 1534 1901; x_wconf 84' lang='grc' dir='ltr'>παρὰ</span> <span class='ocrx_word' id='word_1_122' title='bbox 1591 1830 1752 1899; x_wconf 87' lang='grc' dir='ltr'>φύσιν</span> <span class='ocrx_word' id='word_1_123' title='bbox 1780 1831 1840 1884; x_wconf 90' lang='grc' dir='ltr'>τὸ</span> 
     </span>
    </p>
   </div>
   <div class='ocr_carea' id='block_1_18' title="bbox 262 1912 1840 1993">
    <p class='ocr_par' dir='ltr' id='par_1_18' title="bbox 262 1912 1840 1993">
     <span class='ocr_line' id='line_1_18' title="bbox 262 1912 1840 1993; baseline -0.003 -18"><span class='ocrx_word' id='word_1_124' title='bbox 262 1923 476 1993; x_wconf 81' lang='grc' dir='ltr'>ἄγριον.</span> <span class='ocrx_word' id='word_1_125' title='bbox 511 1922 678 1973; x_wconf 84' lang='grc' dir='ltr'>Ὅταν</span> <span class='ocrx_word' id='word_1_126' title='bbox 733 1912 826 1971; x_wconf 84' lang='grc' dir='ltr'>οῦν</span> <span class='ocrx_word' id='word_1_127' title='bbox 879 1916 978 1985; x_wconf 86' lang='grc' dir='ltr'>τῆς</span> <span class='ocrx_word' id='word_1_128' title='bbox 1016 1917 1230 1984; x_wconf 80' lang='grc' dir='ltr'>φύσεως</span> <span class='ocrx_word' id='word_1_129' title='bbox 1263 1917 1689 1987; x_wconf 83' lang='grc' dir='ltr'>περιγινώμεθα,</span> <span class='ocrx_word' id='word_1_130' title='bbox 1737 1917 1840 1970; x_wconf 87' lang='grc' dir='ltr'>τίν’</span> 
     </span>
    </p>
   </div>
   <div class='ocr_carea' id='block_1_19' title="bbox 261 2003 1840 2078">
    <p class='ocr_par' dir='ltr' id='par_1_19' title="bbox 261 2003 1840 2078">
     <span class='ocr_line' id='line_1_19' title="bbox 261 2003 1840 2078; baseline 0 -19"><span class='ocrx_word' id='word_1_131' title='bbox 261 2003 456 2078; x_wconf 72' lang='grc' dir='ltr'>ἕξομεν</span> <span class='ocrx_word' id='word_1_132' title='bbox 497 2005 811 2073; x_wconf 87' lang='grc' dir='ltr'>ἀπολογίαν,</span> <span class='ocrx_word' id='word_1_133' title='bbox 853 2004 1170 2074; x_wconf 90' lang='grc' dir='ltr'>προαίρεσιν</span> <span class='ocrx_word' id='word_1_134' title='bbox 1211 2003 1457 2072; x_wconf 87' lang='grc' dir='ltr'>λέγοντες</span> <span class='ocrx_word' id='word_1_135' title='bbox 1487 2005 1840 2075; x_wconf 85' lang='grc' dir='ltr'>μὴδύνασθαι</span> 
     </span>
    </p>
   </div>
   <div class='ocr_carea' id='block_1_20' title="bbox 263 2094 1840 2171">
    <p class='ocr_par' dir='ltr' id='par_1_20' title="bbox 263 2094 1840 2171">
     <span class='ocr_line' id='line_1_20' title="bbox 263 2094 1840 2171; baseline -0.003 -17"><span class='ocrx_word' id='word_1_136' title='bbox 263 2099 538 2171; x_wconf 85' lang='grc' dir='ltr'>διορθοῦν;</span> <span class='ocrx_word' id='word_1_137' title='bbox 575 2098 638 2151; x_wconf 86' lang='grc' dir='ltr'><strong>Εἰ</strong></span> <span class='ocrx_word' id='word_1_138' title='bbox 671 2095 814 2148; x_wconf 81' lang='grc' dir='ltr'>δ’έτι</span> <span class='ocrx_word' id='word_1_139' title='bbox 837 2094 1176 2163; x_wconf 85' lang='grc' dir='ltr'>φιλονεικεῖς,</span> <span class='ocrx_word' id='word_1_140' title='bbox 1211 2095 1371 2146; x_wconf 85' lang='grc' dir='ltr'>ἐκεῖν’</span> <span class='ocrx_word' id='word_1_141' title='bbox 1403 2095 1469 2148; x_wconf 86' lang='grc' dir='ltr'>ἂν</span> <span class='ocrx_word' id='word_1_142' title='bbox 1501 2097 1732 2167; x_wconf 76' lang='grc' dir='ltr'>εἴποιμι,</span> <span class='ocrx_word' id='word_1_143' title='bbox 1758 2098 1840 2150; x_wconf 81' lang='grc' dir='ltr'>ὅτι</span> 
     </span>
    </p>
   </div>
   <div class='ocr_carea' id='block_1_21' title="bbox 263 2182 1841 2252">
    <p class='ocr_par' dir='ltr' id='par_1_21' title="bbox 263 2182 1841 2252">
     <span class='ocr_line' id='line_1_21' title="bbox 263 2182 1841 2252; baseline -0.002 -12"><span class='ocrx_word' id='word_1_144' title='bbox 263 2189 365 2242; x_wconf 83' lang='grc' dir='ltr'>κάν</span> <span class='ocrx_word' id='word_1_145' title='bbox 393 2187 588 2240; x_wconf 83' lang='grc' dir='ltr'>ἀνίατα</span> <span class='ocrx_word' id='word_1_146' title='bbox 614 2186 742 2252; x_wconf 83' lang='grc' dir='ltr'>νοσῇ</span> <span class='ocrx_word' id='word_1_147' title='bbox 770 2223 785 2246; x_wconf 94' lang='grc'>,</span> <span class='ocrx_word' id='word_1_148' title='bbox 815 2183 937 2245; x_wconf 84' lang='grc' dir='ltr'>ὅσος</span> <span class='ocrx_word' id='word_1_149' title='bbox 960 2200 1042 2235; x_wconf 92' lang='grc' dir='ltr'>σοι</span> <span class='ocrx_word' id='word_1_150' title='bbox 1070 2182 1270 2252; x_wconf 83' lang='grc' dir='ltr'>μείζων</span> <span class='ocrx_word' id='word_1_151' title='bbox 1319 2185 1348 2236; x_wconf 97' lang='lat'>6</span> <span class='ocrx_word' id='word_1_152' title='bbox 1369 2184 1548 2247; x_wconf 86' lang='grc' dir='ltr'>πόνος,</span> <span class='ocrx_word' id='word_1_153' title='bbox 1590 2184 1841 2248; x_wconf 86' lang='grc' dir='ltr'>τοσοῦτός</span> 
     </span>
    </p>
   </div>
   <div class='ocr_carea' id='block_1_22' title="bbox 267 2270 1842 2343">
    <p class='ocr_par' dir='ltr' id='par_1_22' title="bbox 267 2270 1842 2343">
     <span class='ocr_line' id='line_1_22' title="bbox 267 2270 1842 2343; baseline -0.002 -15"><span class='ocrx_word' id='word_1_154' title='bbox 267 2293 350 2329; x_wconf 90' lang='grc' dir='ltr'>σοι</span> <span class='ocrx_word' id='word_1_155' title='bbox 386 2276 481 2342; x_wconf 70' lang='grc' dir='ltr'>καὶ</span> <span class='ocrx_word' id='word_1_156' title='bbox 518 2276 546 2325; x_wconf 89' lang='grc' dir='ltr'>ό</span> <span class='ocrx_word' id='word_1_157' title='bbox 574 2271 760 2342; x_wconf 87' lang='grc' dir='ltr'>μισθὸς</span> <span class='ocrx_word' id='word_1_158' title='bbox 795 2271 1182 2343; x_wconf 84' lang='grc' dir='ltr'>παραμένοντι,</span> <span class='ocrx_word' id='word_1_159' title='bbox 1221 2271 1316 2324; x_wconf 77' lang='grc' dir='ltr'>καὶ</span> <span class='ocrx_word' id='word_1_160' title='bbox 1366 2270 1719 2342; x_wconf 80' lang='grc' dir='ltr'>θεραπεύοντι</span> <span class='ocrx_word' id='word_1_161' title='bbox 1753 2274 1842 2326; x_wconf 86' lang='grc' dir='ltr'>τὸν</span> 
     </span>
    </p>
   </div>
   <div class='ocr_carea' id='block_1_23' title="bbox 265 2359 768 2416">
    <p class='ocr_par' dir='ltr' id='par_1_23' title="bbox 265 2359 768 2416">
     <span class='ocr_line' id='line_1_23' title="bbox 265 2359 768 2416; baseline -0.006 0"><span class='ocrx_word' id='word_1_162' title='bbox 265 2362 524 2416; x_wconf 82' lang='grc' dir='ltr'>νοσοῦντα</span> <span class='ocrx_word' id='word_1_163' title='bbox 555 2359 768 2413; x_wconf 89' lang='grc' dir='ltr'>ἀνίατα.</span> 
     </span>
    </p>
   </div>
   <div class='ocr_carea' id='block_1_24' title="bbox 347 2476 1844 2548">
    <p class='ocr_par' dir='ltr' id='par_1_24' title="bbox 347 2476 1844 2548">
     <span class='ocr_line' id='line_1_24' title="bbox 347 2476 1844 2548; baseline 0 -13"><span class='ocrx_word' id='word_1_164' title='bbox 347 2485 440 2536; x_wconf 83' lang='grc' dir='ltr'>Ἓν</span> <span class='ocrx_word' id='word_1_165' title='bbox 467 2482 643 2534; x_wconf 79' lang='grc' dir='ltr'>τοίνυν</span> <span class='ocrx_word' id='word_1_166' title='bbox 667 2476 959 2548; x_wconf 87' lang='grc' dir='ltr'>σκοπῶμεν</span> <span class='ocrx_word' id='word_1_167' title='bbox 991 2477 1170 2546; x_wconf 90' lang='grc' dir='ltr'>μόνον,</span> <span class='ocrx_word' id='word_1_168' title='bbox 1188 2477 1284 2547; x_wconf 88' lang='grc' dir='ltr'>οὑχ</span> <span class='ocrx_word' id='word_1_169' title='bbox 1300 2478 1446 2540; x_wconf 79' lang='grc' dir='ltr'>ὅπως</span> <span class='ocrx_word' id='word_1_170' title='bbox 1471 2478 1637 2548; x_wconf 79' lang='grc' dir='ltr'>μηδὲν</span> <span class='ocrx_word' id='word_1_171' title='bbox 1660 2480 1844 2534; x_wconf 85' lang='grc' dir='ltr'>πάθω-</span> 
     </span>
    </p>
   </div>
   <div class='ocr_carea' id='block_1_25' title="bbox 270 2564 1845 2643">
    <p class='ocr_par' dir='ltr' id='par_1_25' title="bbox 270 2564 1845 2643">
     <span class='ocr_line' id='line_1_25' title="bbox 270 2564 1845 2643; baseline -0.01 -19"><span class='ocrx_word' id='word_1_172' title='bbox 270 2589 370 2643; x_wconf 91' lang='grc' dir='ltr'>μεν</span> <span class='ocrx_word' id='word_1_173' title='bbox 398 2569 550 2640; x_wconf 88' lang='grc' dir='ltr'>παρὰ</span> <span class='ocrx_word' id='word_1_174' title='bbox 578 2567 686 2620; x_wconf 82' lang='grc' dir='ltr'>τῶν</span> <span class='ocrx_word' id='word_1_175' title='bbox 723 2565 930 2635; x_wconf 87' lang='grc' dir='ltr'>ἐχθρῶν</span> <span class='ocrx_word' id='word_1_176' title='bbox 965 2565 1154 2630; x_wconf 82' lang='grc' dir='ltr'>κακὸν,</span> <span class='ocrx_word' id='word_1_177' title='bbox 1185 2564 1298 2617; x_wconf 86' lang='grc' dir='ltr'>ἀλλ’</span> <span class='ocrx_word' id='word_1_178' title='bbox 1330 2566 1476 2628; x_wconf 79' lang='grc' dir='ltr'>ὅπως</span> <span class='ocrx_word' id='word_1_179' title='bbox 1533 2568 1698 2638; x_wconf 74' lang='grc' dir='ltr'>μηδὲν</span> <span class='ocrx_word' id='word_1_180' title='bbox 1748 2570 1845 2622; x_wconf 67' lang='grc' dir='ltr'>αὖ-</span> 
     </span>
    </p>
   </div>
   <div class='ocr_carea' id='block_1_26' title="bbox 265 2657 1844 2730">
    <p class='ocr_par' dir='ltr' id='par_1_26' title="bbox 265 2657 1844 2730">
     <span class='ocr_line' id='line_1_26' title="bbox 265 2657 1844 2730; baseline -0.002 -15"><span class='ocrx_word' id='word_1_181' title='bbox 265 2664 393 2725; x_wconf 80' lang='grc' dir='ltr'>τοὺς</span> <span class='ocrx_word' id='word_1_182' title='bbox 416 2662 575 2730; x_wconf 84' lang='grc' dir='ltr'>ἡμεῖς</span> <span class='ocrx_word' id='word_1_183' title='bbox 608 2657 968 2730; x_wconf 73' lang='grc' dir='ltr'>ἐργασώμεθά</span> <span class='ocrx_word' id='word_1_184' title='bbox 995 2657 1182 2708; x_wconf 82' lang='grc' dir='ltr'>κακόν·</span> <span class='ocrx_word' id='word_1_185' title='bbox 1238 2657 1332 2709; x_wconf 74' lang='grc' dir='ltr'>καὶ</span> <span class='ocrx_word' id='word_1_186' title='bbox 1353 2657 1502 2709; x_wconf 79' lang='grc' dir='ltr'>οὐδὲν</span> <span class='ocrx_word' id='word_1_187' title='bbox 1546 2658 1844 2728; x_wconf 81' lang='grc' dir='ltr'>πεισόμεθα</span> 
     </span>
    </p>
   </div>
   <div class='ocr_carea' id='block_1_27' title="bbox 267 2743 1845 2818">
    <p class='ocr_par' dir='ltr' id='par_1_27' title="bbox 267 2743 1845 2818">
     <span class='ocr_line' id='line_1_27' title="bbox 267 2743 1845 2818; baseline -0.007 -14"><span class='ocrx_word' id='word_1_188' title='bbox 267 2751 460 2813; x_wconf 86' lang='grc' dir='ltr'>δεινὸν,</span> <span class='ocrx_word' id='word_1_189' title='bbox 493 2747 598 2800; x_wconf 77' lang='grc' dir='ltr'>κᾶν</span> <span class='ocrx_word' id='word_1_190' title='bbox 625 2745 792 2817; x_wconf 90' lang='grc' dir='ltr'>μυρία</span> <span class='ocrx_word' id='word_1_191' title='bbox 831 2743 1130 2814; x_wconf 81' lang='grc' dir='ltr'>πάσχωμεν</span> <span class='ocrx_word' id='word_1_192' title='bbox 1177 2743 1345 2796; x_wconf 83' lang='grc' dir='ltr'>δεινά·</span> <span class='ocrx_word' id='word_1_193' title='bbox 1370 2743 1652 2818; x_wconf 83' lang='grc' dir='ltr'>ώσπεροῦν</span> <span class='ocrx_word' id='word_1_194' title='bbox 1684 2747 1791 2799; x_wconf 70' lang='grc' dir='ltr'>οὐδ’</span> <span class='ocrx_word' id='word_1_195' title='bbox 1817 2747 1845 2799; x_wconf 79' lang='grc' dir='ltr'>ό</span> 
     </span>
    </p>
   </div>
   <div class='ocr_carea' id='block_1_28' title="bbox 267 2841 1844 2915">
    <p class='ocr_par' dir='ltr' id='par_1_28' title="bbox 267 2841 1844 2915">
     <span class='ocr_line' id='line_1_28' title="bbox 267 2841 1844 2915; baseline 0.006 -15"><span class='ocrx_word' id='word_1_196' title='bbox 267 2845 431 2900; x_wconf 81' lang='grc' dir='ltr'>Δαυῗδ</span> <span class='ocrx_word' id='word_1_197' title='bbox 451 2844 823 2913; x_wconf 76' lang='grc' dir='ltr'>ἐλαυνόμενος,</span> <span class='ocrx_word' id='word_1_198' title='bbox 871 2841 1326 2911; x_wconf 80' lang='grc' dir='ltr'>φυγαδευὸμενος,</span> <span class='ocrx_word' id='word_1_199' title='bbox 1363 2842 1520 2912; x_wconf 76' lang='grc' dir='ltr'>μέχρι</span> <span class='ocrx_word' id='word_1_200' title='bbox 1545 2843 1643 2915; x_wconf 81' lang='grc' dir='ltr'>τῆς</span> <span class='ocrx_word' id='word_1_201' title='bbox 1668 2844 1844 2915; x_wconf 64' lang='grc' dir='ltr'>ψυχῆς</span> 
     </span>
    </p>
   </div>
   <div class='ocr_carea' id='block_1_29' title="bbox 267 2933 1844 3014">
    <p class='ocr_par' dir='ltr' id='par_1_29' title="bbox 267 2933 1844 3014">
     <span class='ocr_line' id='line_1_29' title="bbox 267 2933 1844 3014; baseline 0 -16"><span class='ocrx_word' id='word_1_202' title='bbox 267 2945 438 3014; x_wconf 82' lang='grc' dir='ltr'>αὐτῆς</span> <span class='ocrx_word' id='word_1_203' title='bbox 461 2933 955 3010; x_wconf 81' lang='grc' dir='ltr'>ἐπιϐουλευόμενος,</span> <span class='ocrx_word' id='word_1_204' title='bbox 979 2939 1148 2992; x_wconf 79' lang='grc' dir='ltr'>ἔπαθέ</span> <span class='ocrx_word' id='word_1_205' title='bbox 1169 2955 1220 2991; x_wconf 88' lang='grc' dir='ltr'>τι</span> <span class='ocrx_word' id='word_1_206' title='bbox 1259 2939 1450 2995; x_wconf 88' lang='grc' dir='ltr'>δεινὸν.</span> <span class='ocrx_word' id='word_1_207' title='bbox 1486 2940 1600 2994; x_wconf 86' lang='grc' dir='ltr'>ἀλλ’</span> <span class='ocrx_word' id='word_1_208' title='bbox 1638 2942 1844 2998; x_wconf 84' lang='grc' dir='ltr'>ἐκείνου</span> 
     </span>
    </p>
   </div>
   <div class='ocr_carea' id='block_1_30' title="bbox 268 3024 1846 3102">
    <p class='ocr_par' dir='ltr' id='par_1_30' title="bbox 268 3024 1846 3102">
     <span class='ocr_line' id='line_1_30' title="bbox 268 3024 1846 3102; baseline -0.001 -18"><span class='ocrx_word' id='word_1_209' title='bbox 268 3031 647 3102; x_wconf 82' lang='grc' dir='ltr'>λαμπρότερος</span> <span class='ocrx_word' id='word_1_210' title='bbox 691 3024 758 3098; x_wconf 82' lang='grc' dir='ltr'>ἡν</span> <span class='ocrx_word' id='word_1_211' title='bbox 802 3029 898 3081; x_wconf 78' lang='grc' dir='ltr'>καὶ</span> <span class='ocrx_word' id='word_1_212' title='bbox 957 3025 1284 3096; x_wconf 86' lang='grc' dir='ltr'>σεμνότερος</span> <span class='ocrx_word' id='word_1_213' title='bbox 1329 3029 1422 3080; x_wconf 69' lang='grc' dir='ltr'>καὶ</span> <span class='ocrx_word' id='word_1_214' title='bbox 1473 3029 1846 3101; x_wconf 80' lang='grc' dir='ltr'>ποθεινότερος</span> 
     </span>
    </p>
   </div>
   <div class='ocr_carea' id='block_1_31' title="bbox 269 3117 1848 3193">
    <p class='ocr_par' dir='ltr' id='par_1_31' title="bbox 269 3117 1848 3193">
     <span class='ocr_line' id='line_1_31' title="bbox 269 3117 1848 3193; baseline -0.001 -17"><span class='ocrx_word' id='word_1_215' title='bbox 269 3123 494 3183; x_wconf 81' lang='grc' dir='ltr'>ἆπασιν,</span> <span class='ocrx_word' id='word_1_216' title='bbox 519 3123 620 3174; x_wconf 84' lang='grc' dir='ltr'>οὑκ</span> <span class='ocrx_word' id='word_1_217' title='bbox 654 3118 959 3191; x_wconf 88' lang='grc' dir='ltr'>ἀνθρώποις</span> <span class='ocrx_word' id='word_1_218' title='bbox 984 3119 1040 3171; x_wconf 82' lang='lat'>66</span> <span class='ocrx_word' id='word_1_219' title='bbox 1075 3117 1256 3188; x_wconf 89' lang='grc' dir='ltr'>μόνον,</span> <span class='ocrx_word' id='word_1_220' title='bbox 1295 3119 1431 3172; x_wconf 83' lang='grc' dir='ltr'>ἀλλὰ</span> <span class='ocrx_word' id='word_1_221' title='bbox 1461 3122 1555 3174; x_wconf 77' lang='grc' dir='ltr'>καὶ</span> <span class='ocrx_word' id='word_1_222' title='bbox 1595 3121 1743 3191; x_wconf 88' lang='grc' dir='ltr'>αὑτῴ</span> <span class='ocrx_word' id='word_1_223' title='bbox 1769 3123 1848 3193; x_wconf 82' lang='grc' dir='ltr'>τῷ</span> 
     </span>
    </p>
   </div>
   <div class='ocr_carea' id='block_1_32' title="bbox 269 3210 1848 3284">
    <p class='ocr_par' dir='ltr' id='par_1_32' title="bbox 269 3210 1848 3284">
     <span class='ocr_line' id='line_1_32' title="bbox 269 3210 1848 3284; baseline 0.001 -18"><span class='ocrx_word' id='word_1_224' title='bbox 269 3213 410 3283; x_wconf 84' lang='grc' dir='ltr'>Θεῷ.</span> <span class='ocrx_word' id='word_1_225' title='bbox 438 3213 502 3265; x_wconf 91' lang='grc' dir='ltr'>Τί</span> <span class='ocrx_word' id='word_1_226' title='bbox 533 3212 641 3284; x_wconf 84' lang='grc' dir='ltr'>γὰρ</span> <span class='ocrx_word' id='word_1_227' title='bbox 681 3210 916 3282; x_wconf 70' lang='grc' dir='ltr'>ἠδικήθη</span> <span class='ocrx_word' id='word_1_228' title='bbox 956 3213 984 3262; x_wconf 90' lang='grc' dir='ltr'>ὁ</span> <span class='ocrx_word' id='word_1_229' title='bbox 1019 3210 1173 3278; x_wconf 84' lang='grc' dir='ltr'>ἀγιος</span> <span class='ocrx_word' id='word_1_230' title='bbox 1207 3211 1412 3272; x_wconf 84' lang='grc' dir='ltr'>ἐκεῖνος</span> <span class='ocrx_word' id='word_1_231' title='bbox 1457 3212 1578 3264; x_wconf 87' lang='grc' dir='ltr'>τότε</span> <span class='ocrx_word' id='word_1_232' title='bbox 1611 3214 1848 3267; x_wconf 87' lang='grc' dir='ltr'>τοσαῦτα</span> 
     </span>
    </p>
   </div>
   <div class='ocr_carea' id='block_1_33' title="bbox 271 3309 1848 3386">
    <p class='ocr_par' dir='ltr' id='par_1_33' title="bbox 271 3309 1848 3386">
     <span class='ocr_line' id='line_1_33' title="bbox 271 3309 1848 3386; baseline 0.001 -20"><span class='ocrx_word' id='word_1_233' title='bbox 271 3311 462 3366; x_wconf 79' lang='grc' dir='ltr'>παθὼν</span> <span class='ocrx_word' id='word_1_234' title='bbox 503 3310 654 3381; x_wconf 78' lang='grc' dir='ltr'>παρὰ</span> <span class='ocrx_word' id='word_1_235' title='bbox 701 3309 794 3363; x_wconf 77' lang='grc' dir='ltr'>τοῦ</span> <span class='ocrx_word' id='word_1_236' title='bbox 839 3309 1043 3374; x_wconf 89' lang='grc' dir='ltr'>Σαούλ;</span> <span class='ocrx_word' id='word_1_237' title='bbox 1088 3310 1222 3379; x_wconf 74' lang='grc' dir='ltr'>Οὐχὶ</span> <span class='ocrx_word' id='word_1_238' title='bbox 1271 3310 1428 3380; x_wconf 86' lang='grc' dir='ltr'>μέχρι</span> <span class='ocrx_word' id='word_1_239' title='bbox 1466 3311 1564 3378; x_wconf 76' lang='grc' dir='ltr'>τῆς</span> <span class='ocrx_word' id='word_1_240' title='bbox 1615 3315 1848 3386; x_wconf 80' lang='grc' dir='ltr'>σήμερον</span> 
     </span>
    </p>
   </div>
   <div class='ocr_carea' id='block_1_34' title="bbox 271 3405 1850 3482">
    <p class='ocr_par' dir='ltr' id='par_1_34' title="bbox 271 3405 1850 3482">
     <span class='ocr_line' id='line_1_34' title="bbox 271 3405 1850 3482; baseline 0 -20"><span class='ocrx_word' id='word_1_241' title='bbox 271 3409 485 3480; x_wconf 85' lang='grc' dir='ltr'>ἡμέρας</span> <span class='ocrx_word' id='word_1_242' title='bbox 512 3407 711 3479; x_wconf 69' lang='grc' dir='ltr'>ᾄδεται,</span> <span class='ocrx_word' id='word_1_243' title='bbox 751 3406 844 3459; x_wconf 73' lang='grc' dir='ltr'>καὶ</span> <span class='ocrx_word' id='word_1_244' title='bbox 868 3405 1118 3478; x_wconf 88' lang='grc' dir='ltr'>λαμπρὸς</span> <span class='ocrx_word' id='word_1_245' title='bbox 1149 3405 1246 3476; x_wconf 81' lang='grc' dir='ltr'>μὲν</span> <span class='ocrx_word' id='word_1_246' title='bbox 1270 3407 1326 3460; x_wconf 86' lang='grc' dir='ltr'>ἐν</span> <span class='ocrx_word' id='word_1_247' title='bbox 1347 3409 1440 3477; x_wconf 81' lang='grc' dir='ltr'>γῇ,</span> <span class='ocrx_word' id='word_1_248' title='bbox 1471 3405 1850 3482; x_wconf 85' lang='grc' dir='ltr'>λαμπρότερος</span> 
     </span>
    </p>
   </div>
   <div class='ocr_carea' id='block_1_35' title="bbox 271 3497 1847 3571">
    <p class='ocr_par' dir='ltr' id='par_1_35' title="bbox 271 3497 1847 3571">
     <span class='ocr_line' id='line_1_35' title="bbox 271 3497 1847 3571; baseline 0.001 -19"><span class='ocrx_word' id='word_1_249' title='bbox 271 3499 328 3552; x_wconf 85' lang='grc' dir='ltr'>δὲ</span> <span class='ocrx_word' id='word_1_250' title='bbox 357 3502 413 3552; x_wconf 89' lang='grc' dir='ltr'>ἐν</span> <span class='ocrx_word' id='word_1_251' title='bbox 440 3497 686 3571; x_wconf 76' lang='grc' dir='ltr'>οὑρανῷς</span> <span class='ocrx_word' id='word_1_252' title='bbox 715 3498 834 3568; x_wconf 76' lang='grc' dir='ltr'>ούχὶ</span> <span class='ocrx_word' id='word_1_253' title='bbox 861 3497 930 3550; x_wconf 83' lang='grc' dir='ltr'>τὰ</span> <span class='ocrx_word' id='word_1_254' title='bbox 958 3497 1246 3568; x_wconf 72' lang='grc' dir='ltr'>ἀπόρρητα</span> <span class='ocrx_word' id='word_1_255' title='bbox 1271 3497 1432 3550; x_wconf 84' lang='grc' dir='ltr'>αὑτὸν</span> <span class='ocrx_word' id='word_1_256' title='bbox 1461 3499 1641 3567; x_wconf 85' lang='grc' dir='ltr'>ἀγαθά</span> <span class='ocrx_word' id='word_1_257' title='bbox 1675 3500 1847 3570; x_wconf 87' lang='grc' dir='ltr'>μένει,</span> 
     </span>
    </p>
   </div>
   <div class='ocr_carea' id='block_1_36' title="bbox 273 3588 1846 3661">
    <p class='ocr_par' dir='ltr' id='par_1_36' title="bbox 273 3588 1846 3661">
     <span class='ocr_line' id='line_1_36' title="bbox 273 3588 1846 3661; baseline 0.002 -17"><span class='ocrx_word' id='word_1_258' title='bbox 273 3593 369 3644; x_wconf 77' lang='grc' dir='ltr'>καὶ</span> <span class='ocrx_word' id='word_1_259' title='bbox 397 3593 430 3661; x_wconf 81' lang='grc' dir='ltr'>ἡ</span> <span class='ocrx_word' id='word_1_260' title='bbox 459 3590 564 3643; x_wconf 85' lang='grc' dir='ltr'>τῶν</span> <span class='ocrx_word' id='word_1_261' title='bbox 595 3589 840 3660; x_wconf 80' lang='grc' dir='ltr'>οὐρανῶν</span> <span class='ocrx_word' id='word_1_262' title='bbox 873 3588 1153 3659; x_wconf 78' lang='grc' dir='ltr'>βασιλείας</span> <span class='ocrx_word' id='word_1_263' title='bbox 1199 3588 1264 3641; x_wconf 90' lang='grc' dir='ltr'>Τί</span> <span class='ocrx_word' id='word_1_264' title='bbox 1299 3590 1342 3642; x_wconf 78' lang='grc' dir='ltr'>δ’</span> <span class='ocrx_word' id='word_1_265' title='bbox 1379 3590 1660 3660; x_wconf 80' lang='grc' dir='ltr'>ὠφέλησεν</span> <span class='ocrx_word' id='word_1_266' title='bbox 1690 3594 1717 3646; x_wconf 88' lang='grc' dir='ltr'>ὁ</span> <span class='ocrx_word' id='word_1_267' title='bbox 1749 3611 1846 3647; x_wconf 88' lang='grc' dir='ltr'>τα-</span> 
     </span>
    </p>
   </div>
   <div class='ocr_carea' id='block_1_37' title="bbox 273 3679 1846 3752">
    <p class='ocr_par' dir='ltr' id='par_1_37' title="bbox 273 3679 1846 3752">
     <span class='ocr_line' id='line_1_37' title="bbox 273 3679 1846 3752; baseline 0.002 -18"><span class='ocrx_word' id='word_1_268' title='bbox 273 3681 547 3751; x_wconf 85' lang='grc' dir='ltr'>λαίπωρος</span> <span class='ocrx_word' id='word_1_269' title='bbox 584 3682 790 3743; x_wconf 84' lang='grc' dir='ltr'>ἐκεῖνος</span> <span class='ocrx_word' id='word_1_270' title='bbox 819 3680 915 3732; x_wconf 79' lang='grc' dir='ltr'>καὶ</span> <span class='ocrx_word' id='word_1_271' title='bbox 945 3679 1128 3743; x_wconf 81' lang='grc' dir='ltr'>ἄθλιος</span> <span class='ocrx_word' id='word_1_272' title='bbox 1153 3679 1388 3733; x_wconf 88' lang='grc' dir='ltr'>τοσαῦτα</span> <span class='ocrx_word' id='word_1_273' title='bbox 1418 3681 1846 3752; x_wconf 82' lang='grc' dir='ltr'>ἐπιϐουλεύσας;</span> 
     </span>
    </p>
   </div>
   <div class='ocr_carea' id='block_1_38' title="bbox 275 3771 1846 3848">
    <p class='ocr_par' dir='ltr' id='par_1_38' title="bbox 275 3771 1846 3848">
     <span class='ocr_line' id='line_1_38' title="bbox 275 3771 1846 3848; baseline 0.002 -21"><span class='ocrx_word' id='word_1_274' title='bbox 275 3775 408 3844; x_wconf 62' lang='grc' dir='ltr'>Ούχλ¹</span> <span class='ocrx_word' id='word_1_275' title='bbox 443 3774 538 3826; x_wconf 71' lang='grc' dir='ltr'>καὶ</span> <span class='ocrx_word' id='word_1_276' title='bbox 555 3774 652 3844; x_wconf 85' lang='grc' dir='ltr'>τῆς</span> <span class='ocrx_word' id='word_1_277' title='bbox 678 3772 952 3842; x_wconf 87' lang='grc' dir='ltr'>βασιλείας</span> <span class='ocrx_word' id='word_1_278' title='bbox 983 3771 1227 3836; x_wconf 78' lang='grc' dir='ltr'>ἐξέπεσε,</span> <span class='ocrx_word' id='word_1_279' title='bbox 1262 3773 1354 3826; x_wconf 75' lang='grc' dir='ltr'>καὶ</span> <span class='ocrx_word' id='word_1_280' title='bbox 1383 3773 1611 3828; x_wconf 86' lang='grc' dir='ltr'>ἐλεεινὸν</span> <span class='ocrx_word' id='word_1_281' title='bbox 1642 3775 1846 3848; x_wconf 83' lang='grc' dir='ltr'>ὑπέστη</span> 
     </span>
    </p>
   </div>
   <div class='ocr_carea' id='block_1_39' title="bbox 273 3861 1850 3934">
    <p class='ocr_par' dir='ltr' id='par_1_39' title="bbox 273 3861 1850 3934">
     <span class='ocr_line' id='line_1_39' title="bbox 273 3861 1850 3934; baseline 0.001 -16"><span class='ocrx_word' id='word_1_282' title='bbox 273 3863 366 3918; x_wconf 90' lang='grc' dir='ltr'>τὸν</span> <span class='ocrx_word' id='word_1_283' title='bbox 395 3864 623 3917; x_wconf 87' lang='grc' dir='ltr'>θάνατον</span> <span class='ocrx_word' id='word_1_284' title='bbox 651 3862 789 3934; x_wconf 89' lang='grc' dir='ltr'>μετά</span> <span class='ocrx_word' id='word_1_285' title='bbox 807 3861 900 3916; x_wconf 90' lang='grc' dir='ltr'>τοῦ</span> <span class='ocrx_word' id='word_1_286' title='bbox 935 3863 1142 3926; x_wconf 89' lang='grc' dir='ltr'>παιδὸς,</span> <span class='ocrx_word' id='word_1_287' title='bbox 1171 3863 1266 3917; x_wconf 75' lang='grc' dir='ltr'>καὶ</span> <span class='ocrx_word' id='word_1_288' title='bbox 1299 3863 1449 3934; x_wconf 78' lang='grc' dir='ltr'>παρὰ</span> <span class='ocrx_word' id='word_1_289' title='bbox 1471 3865 1686 3918; x_wconf 86' lang='grc' dir='ltr'>πάντων</span> <span class='ocrx_word' id='word_1_290' title='bbox 1719 3884 1850 3919; x_wconf 90' lang='grc' dir='ltr'>κατ-</span> 
     </span>
    </p>
   </div>
   <div class='ocr_carea' id='block_1_40' title="bbox 276 3953 1848 4030">
    <p class='ocr_par' dir='ltr' id='par_1_40' title="bbox 276 3953 1848 4030">
     <span class='ocr_line' id='line_1_40' title="bbox 276 3953 1848 4030; baseline 0.002 -22"><span class='ocrx_word' id='word_1_291' title='bbox 276 3958 577 4030; x_wconf 85' lang='grc' dir='ltr'>ηγορεῖται,</span> <span class='ocrx_word' id='word_1_292' title='bbox 594 3957 689 4009; x_wconf 77' lang='grc' dir='ltr'>καὶ</span> <span class='ocrx_word' id='word_1_293' title='bbox 715 3953 775 4007; x_wconf 92' lang='grc' dir='ltr'>τὸ</span> <span class='ocrx_word' id='word_1_294' title='bbox 795 3953 858 4025; x_wconf 83' lang='grc' dir='ltr'>δὴ</span> <span class='ocrx_word' id='word_1_295' title='bbox 892 3953 1288 4025; x_wconf 87' lang='grc' dir='ltr'>χαλεπώτερον,</span> <span class='ocrx_word' id='word_1_296' title='bbox 1310 3954 1410 4018; x_wconf 84' lang='grc' dir='ltr'>τάς</span> <span class='ocrx_word' id='word_1_297' title='bbox 1427 3955 1728 4020; x_wconf 82' lang='grc' dir='ltr'>ἀθανάτους</span> <span class='ocrx_word' id='word_1_298' title='bbox 1754 3957 1848 4012; x_wconf 90' lang='grc' dir='ltr'>νῦν</span> 
     </span>
    </p>
   </div>
   <div class='ocr_carea' id='block_1_41' title="bbox 275 4045 1850 4118">
    <p class='ocr_par' dir='ltr' id='par_1_41' title="bbox 275 4045 1850 4118">
     <span class='ocr_line' id='line_1_41' title="bbox 275 4045 1850 4118; baseline 0.001 -18"><span class='ocrx_word' id='word_1_299' title='bbox 275 4047 554 4118; x_wconf 75' lang='grc' dir='ltr'>ἐκδέχεται</span> <span class='ocrx_word' id='word_1_300' title='bbox 591 4046 891 4118; x_wconf 87' lang='grc' dir='ltr'>τιμωρίας;</span> <span class='ocrx_word' id='word_1_301' title='bbox 931 4045 1107 4109; x_wconf 88' lang='grc' dir='ltr'>’Ὀλως</span> <span class='ocrx_word' id='word_1_302' title='bbox 1150 4045 1205 4098; x_wconf 86' lang='lat'>66</span> <span class='ocrx_word' id='word_1_303' title='bbox 1247 4045 1301 4098; x_wconf 87' lang='grc' dir='ltr'>τί</span> <span class='ocrx_word' id='word_1_304' title='bbox 1333 4046 1460 4098; x_wconf 89' lang='grc' dir='ltr'>ποτέ</span> <span class='ocrx_word' id='word_1_305' title='bbox 1509 4048 1687 4107; x_wconf 84' lang='grc' dir='ltr'>ἐστιν.</span> <span class='ocrx_word' id='word_1_306' title='bbox 1713 4049 1850 4118; x_wconf 84' lang='grc' dir='ltr'>ὅπερ</span> 
     </span>
    </p>
   </div>
   <div class='ocr_carea' id='block_1_42' title="bbox 279 4136 1852 4213">
    <p class='ocr_par' dir='ltr' id='par_1_42' title="bbox 279 4136 1852 4213">
     <span class='ocr_line' id='line_1_42' title="bbox 279 4136 1852 4213; baseline 0.001 -21"><span class='ocrx_word' id='word_1_307' title='bbox 279 4139 523 4207; x_wconf 76' lang='grc' dir='ltr'>ἐγκαλῶν</span> <span class='ocrx_word' id='word_1_308' title='bbox 552 4137 630 4208; x_wconf 83' lang='grc' dir='ltr'>τῷ</span> <span class='ocrx_word' id='word_1_309' title='bbox 689 4136 867 4208; x_wconf 82' lang='grc' dir='ltr'>ἐχθρῷ</span> <span class='ocrx_word' id='word_1_310' title='bbox 908 4137 969 4190; x_wconf 89' lang='grc' dir='ltr'>οὑ</span> <span class='ocrx_word' id='word_1_311' title='bbox 1002 4136 1177 4206; x_wconf 80' lang='grc' dir='ltr'>βούλει</span> <span class='ocrx_word' id='word_1_312' title='bbox 1219 4138 1656 4209; x_wconf 84' lang='grc' dir='ltr'>καταλλαγῆναι;</span> <span class='ocrx_word' id='word_1_313' title='bbox 1702 4142 1852 4213; x_wconf 83' lang='grc' dir='ltr'>Χρή-</span> 
     </span>
    </p>
   </div>
   <div class='ocr_carea' id='block_1_43' title="bbox 280 4229 1852 4305">
    <p class='ocr_par' dir='ltr' id='par_1_43' title="bbox 280 4229 1852 4305">
     <span class='ocr_line' id='line_1_43' title="bbox 280 4229 1852 4305; baseline 0.004 -23"><span class='ocrx_word' id='word_1_314' title='bbox 280 4230 426 4299; x_wconf 85' lang='grc' dir='ltr'>ματά</span> <span class='ocrx_word' id='word_1_315' title='bbox 455 4246 514 4283; x_wconf 92' lang='grc' dir='ltr'>σε</span> <span class='ocrx_word' id='word_1_316' title='bbox 563 4229 843 4299; x_wconf 84' lang='grc' dir='ltr'>ἀφείλετο;</span> <span class='ocrx_word' id='word_1_317' title='bbox 889 4229 1028 4282; x_wconf 87' lang='grc' dir='ltr'>Ἀλλ’</span> <span class='ocrx_word' id='word_1_318' title='bbox 1070 4230 1135 4283; x_wconf 86' lang='grc' dir='ltr'>ἀν</span> <span class='ocrx_word' id='word_1_319' title='bbox 1192 4231 1418 4304; x_wconf 79' lang='grc' dir='ltr'>ἐνέγκῃς</span> <span class='ocrx_word' id='word_1_320' title='bbox 1451 4234 1710 4300; x_wconf 88' lang='grc' dir='ltr'>γενναίως</span> <span class='ocrx_word' id='word_1_321' title='bbox 1751 4235 1852 4305; x_wconf 83' lang='grc' dir='ltr'>τὴν</span> 
     </span>
    </p>
   </div>
   <div class='ocr_carea' id='block_1_44' title="bbox 279 4320 1851 4393">
    <p class='ocr_par' dir='ltr' id='par_1_44' title="bbox 279 4320 1851 4393">
     <span class='ocr_line' id='line_1_44' title="bbox 279 4320 1851 4393; baseline 0.003 -19"><span class='ocrx_word' id='word_1_322' title='bbox 279 4320 553 4392; x_wconf 81' lang='grc' dir='ltr'>ἁρπαγὴν,</span> <span class='ocrx_word' id='word_1_323' title='bbox 590 4320 842 4374; x_wconf 88' lang='grc' dir='ltr'>τοσοῦτον</span> <span class='ocrx_word' id='word_1_324' title='bbox 879 4321 1023 4393; x_wconf 79' lang='grc' dir='ltr'>λήψῃ</span> <span class='ocrx_word' id='word_1_325' title='bbox 1055 4322 1263 4393; x_wconf 87' lang='grc' dir='ltr'>μισθὸν,</span> <span class='ocrx_word' id='word_1_326' title='bbox 1285 4325 1406 4377; x_wconf 78' lang='grc' dir='ltr'>ὅσον</span> <span class='ocrx_word' id='word_1_327' title='bbox 1434 4323 1498 4376; x_wconf 84' lang='grc' dir='ltr'>ἂν</span> <span class='ocrx_word' id='word_1_328' title='bbox 1530 4325 1578 4378; x_wconf 87' lang='grc' dir='ltr'>εί</span> <span class='ocrx_word' id='word_1_329' title='bbox 1602 4327 1722 4384; x_wconf 84' lang='grc' dir='ltr'>ταῖς</span> <span class='ocrx_word' id='word_1_330' title='bbox 1741 4325 1851 4379; x_wconf 90' lang='grc' dir='ltr'>τῶν</span> 
     </span>
    </p>
   </div>
   <div class='ocr_carea' id='block_1_45' title="bbox 277 4410 1851 4488">
    <p class='ocr_par' dir='ltr' id='par_1_45' title="bbox 277 4410 1851 4488">
     <span class='ocr_line' id='line_1_45' title="bbox 277 4410 1851 4488; baseline 0.004 -24"><span class='ocrx_word' id='word_1_331' title='bbox 277 4411 527 4481; x_wconf 84' lang='grc' dir='ltr'>πενήτων</span> <span class='ocrx_word' id='word_1_332' title='bbox 561 4410 700 4464; x_wconf 84' lang='grc' dir='ltr'>αὑτὰ</span> <span class='ocrx_word' id='word_1_333' title='bbox 725 4413 910 4482; x_wconf 76' lang='grc' dir='ltr'>χερσὶν</span> <span class='ocrx_word' id='word_1_334' title='bbox 936 4413 1296 4484; x_wconf 82' lang='grc' dir='ltr'>ἐναπέθηκας.</span> <span class='ocrx_word' id='word_1_335' title='bbox 1325 4417 1432 4467; x_wconf 76' lang='grc' dir='ltr'>Καὶ</span> <span class='ocrx_word' id='word_1_336' title='bbox 1456 4417 1563 4486; x_wconf 83' lang='grc' dir='ltr'>γάρ</span> <span class='ocrx_word' id='word_1_337' title='bbox 1591 4418 1619 4470; x_wconf 91' lang='lat'>6</span> <span class='ocrx_word' id='word_1_338' title='bbox 1655 4418 1851 4488; x_wconf 84' lang='grc' dir='ltr'>πένησι</span> 
     </span>
    </p>
   </div>
   <div class='ocr_carea' id='block_1_46' title="bbox 277 4500 1852 4576">
    <p class='ocr_par' dir='ltr' id='par_1_46' title="bbox 277 4500 1852 4576">
     <span class='ocr_line' id='line_1_46' title="bbox 277 4500 1852 4576; baseline 0.005 -23"><span class='ocrx_word' id='word_1_339' title='bbox 277 4500 558 4565; x_wconf 81' lang='grc' dir='ltr'>δεδωκὼς,</span> <span class='ocrx_word' id='word_1_340' title='bbox 595 4501 692 4554; x_wconf 76' lang='grc' dir='ltr'>καὶ</span> <span class='ocrx_word' id='word_1_341' title='bbox 742 4504 770 4555; x_wconf 87' lang='grc' dir='ltr'>ὁ</span> <span class='ocrx_word' id='word_1_342' title='bbox 826 4501 906 4572; x_wconf 84' lang='grc' dir='ltr'>τῷ</span> <span class='ocrx_word' id='word_1_343' title='bbox 948 4502 1402 4574; x_wconf 81' lang='grc' dir='ltr'>πλεονεκτήσαντι</span> <span class='ocrx_word' id='word_1_344' title='bbox 1456 4509 1592 4576; x_wconf 89' lang='grc' dir='ltr'>μήτε</span> <span class='ocrx_word' id='word_1_345' title='bbox 1634 4509 1852 4561; x_wconf 77' lang='grc' dir='ltr'>ἐπιϐουο</span> 
     </span>
    </p>
   </div>
   <div class='ocr_carea' id='block_1_47' title="bbox 277 4593 1851 4672">
    <p class='ocr_par' dir='ltr' id='par_1_47' title="bbox 277 4593 1851 4672">
     <span class='ocr_line' id='line_1_47' title="bbox 277 4593 1851 4672; baseline 0.006 -27"><span class='ocrx_word' id='word_1_346' title='bbox 277 4593 472 4656; x_wconf 87' lang='grc' dir='ltr'>λεύων,</span> <span class='ocrx_word' id='word_1_347' title='bbox 512 4593 649 4664; x_wconf 87' lang='grc' dir='ltr'>μήτε</span> <span class='ocrx_word' id='word_1_348' title='bbox 678 4593 1088 4665; x_wconf 79' lang='grc' dir='ltr'>καταρώμενος,</span> <span class='ocrx_word' id='word_1_349' title='bbox 1128 4595 1215 4649; x_wconf 83' lang='grc' dir='ltr'>διά</span> <span class='ocrx_word' id='word_1_350' title='bbox 1254 4595 1345 4649; x_wconf 87' lang='grc' dir='ltr'>τὸν</span> <span class='ocrx_word' id='word_1_351' title='bbox 1376 4597 1510 4650; x_wconf 85' lang='grc' dir='ltr'>Θεὸν</span> <span class='ocrx_word' id='word_1_352' title='bbox 1535 4599 1706 4652; x_wconf 89' lang='grc' dir='ltr'>ταῦτα</span> <span class='ocrx_word' id='word_1_353' title='bbox 1740 4601 1851 4672; x_wconf 80' lang='grc' dir='ltr'>ἀμ-</span> 
     </span>
    </p>
   </div>
   <div class='ocr_carea' id='block_1_48' title="bbox 277 4681 1851 4760">
    <p class='ocr_par' dir='ltr' id='par_1_48' title="bbox 277 4681 1851 4760">
     <span class='ocr_line' id='line_1_48' title="bbox 277 4681 1851 4760; baseline 0.006 -25"><span class='ocrx_word' id='word_1_354' title='bbox 277 4684 495 4753; x_wconf 83' lang='grc' dir='ltr'>φότεροι</span> <span class='ocrx_word' id='word_1_355' title='bbox 525 4683 788 4738; x_wconf 86' lang='grc' dir='ltr'>ποιοῦσιν.</span> <span class='ocrx_word' id='word_1_356' title='bbox 810 4685 978 4738; x_wconf 84' lang='grc' dir='ltr'>Ὅταν</span> <span class='ocrx_word' id='word_1_357' title='bbox 1003 4681 1097 4739; x_wconf 75' lang='grc' dir='ltr'>οὖν</span> <span class='ocrx_word' id='word_1_358' title='bbox 1127 4689 1158 4758; x_wconf 92' lang='grc' dir='ltr'>ἡ</span> <span class='ocrx_word' id='word_1_359' title='bbox 1196 4687 1454 4752; x_wconf 77' lang='grc' dir='ltr'>ὑπόθεσις</span> <span class='ocrx_word' id='word_1_360' title='bbox 1481 4689 1580 4758; x_wconf 77' lang='grc' dir='ltr'>τῆς</span> <span class='ocrx_word' id='word_1_361' title='bbox 1607 4691 1851 4760; x_wconf 82' lang='grc' dir='ltr'>δαπάνης</span> 
     </span>
    </p>
   </div>
   <div class='ocr_carea' id='block_1_49' title="bbox 275 4773 1851 4853">
    <p class='ocr_par' dir='ltr' id='par_1_49' title="bbox 275 4773 1851 4853">
     <span class='ocr_line' id='line_1_49' title="bbox 275 4773 1851 4853; baseline 0.006 -27"><span class='ocrx_word' id='word_1_362' title='bbox 275 4773 310 4848; x_wconf 82' lang='grc' dir='ltr'><strong>ᾗ</strong></span> <span class='ocrx_word' id='word_1_363' title='bbox 347 4775 466 4844; x_wconf 89' lang='grc' dir='ltr'>μία,</span> <span class='ocrx_word' id='word_1_364' title='bbox 502 4774 722 4846; x_wconf 80' lang='grc' dir='ltr'>εῦδηλον</span> <span class='ocrx_word' id='word_1_365' title='bbox 741 4776 822 4829; x_wconf 81' lang='grc' dir='ltr'>ὅτι</span> <span class='ocrx_word' id='word_1_366' title='bbox 849 4778 941 4830; x_wconf 76' lang='grc' dir='ltr'>καὶ</span> <span class='ocrx_word' id='word_1_367' title='bbox 965 4777 1229 4848; x_wconf 84' lang='grc' dir='ltr'>στέφανος</span> <span class='ocrx_word' id='word_1_368' title='bbox 1265 4774 1366 4842; x_wconf 69' lang='grc' dir='ltr'>εἷς.</span> <span class='ocrx_word' id='word_1_369' title='bbox 1406 4780 1542 4832; x_wconf 85' lang='grc' dir='ltr'>Ἀλλ’</span> <span class='ocrx_word' id='word_1_370' title='bbox 1572 4784 1649 4844; x_wconf 88' lang='grc' dir='ltr'>είς</span> <span class='ocrx_word' id='word_1_371' title='bbox 1672 4781 1851 4853; x_wconf 74' lang='grc' dir='ltr'>ψυχὴν</span> 
     </span>
    </p>
   </div>
   <div class='ocr_carea' id='block_1_50' title="bbox 279 4866 1851 4946">
    <p class='ocr_par' dir='ltr' id='par_1_50' title="bbox 279 4866 1851 4946">
     <span class='ocr_line' id='line_1_50' title="bbox 279 4866 1851 4946; baseline 0.006 -26"><span class='ocrx_word' id='word_1_372' title='bbox 279 4866 433 4938; x_wconf 69' lang='grc'>[⁸274]</span> <span class='ocrx_word' id='word_1_373' title='bbox 461 4868 838 4932; x_wconf 89' lang='grc' dir='ltr'>ἐπεϐούλευσε,</span> <span class='ocrx_word' id='word_1_374' title='bbox 879 4871 972 4922; x_wconf 78' lang='grc' dir='ltr'>καὶ</span> <span class='ocrx_word' id='word_1_375' title='bbox 1004 4871 1214 4925; x_wconf 84' lang='grc' dir='ltr'>ἀνελεῖν</span> <span class='ocrx_word' id='word_1_376' title='bbox 1246 4873 1568 4945; x_wconf 84' lang='grc' dir='ltr'>ἐπεχείρησε</span> <span class='ocrx_word' id='word_1_377' title='bbox 1590 4891 1604 4937; x_wconf 85' lang='grc'>;</span> <span class='ocrx_word' id='word_1_378' title='bbox 1630 4875 1851 4946; x_wconf 81' lang='grc' dir='ltr'>Μαρτύ-</span> 
     </span>
    </p>
   </div>
   <div class='ocr_carea' id='block_1_51' title="bbox 279 4960 1852 5033">
    <p class='ocr_par' dir='ltr' id='par_1_51' title="bbox 279 4960 1852 5033">
     <span class='ocr_line' id='line_1_51' title="bbox 279 4960 1852 5033; baseline 0.005 -19"><span class='ocrx_word' id='word_1_379' title='bbox 279 4961 393 5032; x_wconf 78' lang='grc' dir='ltr'>ριόν</span> <span class='ocrx_word' id='word_1_380' title='bbox 423 4977 503 5013; x_wconf 79' lang='grc' dir='ltr'>σοι</span> <span class='ocrx_word' id='word_1_381' title='bbox 536 4960 598 5013; x_wconf 90' lang='grc' dir='ltr'>τὸ</span> <span class='ocrx_word' id='word_1_382' title='bbox 635 4962 866 5031; x_wconf 79' lang='grc' dir='ltr'>πρᾶγμα</span> <span class='ocrx_word' id='word_1_383' title='bbox 892 4962 1189 5030; x_wconf 78' lang='grc' dir='ltr'>λογίζεται,</span> <span class='ocrx_word' id='word_1_384' title='bbox 1223 4962 1288 5017; x_wconf 84' lang='grc' dir='ltr'>ἂν</span> <span class='ocrx_word' id='word_1_385' title='bbox 1315 4965 1403 5017; x_wconf 92' lang='grc' dir='ltr'>τὸν</span> <span class='ocrx_word' id='word_1_386' title='bbox 1428 4966 1733 5033; x_wconf 82' lang='grc' dir='ltr'>ἐπίϐουλον,</span> <span class='ocrx_word' id='word_1_387' title='bbox 1757 4967 1852 5022; x_wconf 73' lang='grc' dir='ltr'>καὶ</span> 
     </span>
    </p>
   </div>
   <div class='ocr_carea' id='block_1_52' title="bbox 279 5042 1852 5128">
    <p class='ocr_par' dir='ltr' id='par_1_52' title="bbox 279 5042 1852 5128">
     <span class='ocr_line' id='line_1_52' title="bbox 279 5042 1852 5128; baseline 0.005 -26"><span class='ocrx_word' id='word_1_388' title='bbox 279 5051 442 5120; x_wconf 80' lang='grc' dir='ltr'>μέχρι</span> <span class='ocrx_word' id='word_1_389' title='bbox 465 5051 716 5103; x_wconf 85' lang='grc' dir='ltr'>τοσούτου</span> <span class='ocrx_word' id='word_1_390' title='bbox 738 5050 837 5121; x_wconf 82' lang='grc' dir='ltr'>τὴν</span> <span class='ocrx_word' id='word_1_391' title='bbox 855 5050 1056 5122; x_wconf 71' lang='grc' dir='ltr'>ἔχθραν</span> <span class='ocrx_word' id='word_1_392' title='bbox 1083 5049 1439 5121; x_wconf 83' lang='grc' dir='ltr'>ἐξαγαγόντα,</span> <span class='ocrx_word' id='word_1_393' title='bbox 1466 5056 1524 5108; x_wconf 91' lang='grc' dir='ltr'>ἐν</span> <span class='ocrx_word' id='word_1_394' title='bbox 1559 5059 1669 5120; x_wconf 88' lang='grc' dir='ltr'>τοῖς</span> <span class='ocrx_word' id='word_1_395' title='bbox 1695 5042 1852 5128; x_wconf 83' lang='grc' dir='ltr'>εὐερ-</span> 
     </span>
    </p>
   </div>
   <div class='ocr_carea' id='block_1_53' title="bbox 275 5139 1848 5219">
    <p class='ocr_par' dir='ltr' id='par_1_53' title="bbox 275 5139 1848 5219">
     <span class='ocr_line' id='line_1_53' title="bbox 275 5139 1848 5219; baseline 0.007 -28"><span class='ocrx_word' id='word_1_396' title='bbox 275 5140 464 5208; x_wconf 84' lang='grc' dir='ltr'>γέταις</span> <span class='ocrx_word' id='word_1_397' title='bbox 489 5139 749 5211; x_wconf 81' lang='grc' dir='ltr'>ἀριθμῇς,</span> <span class='ocrx_word' id='word_1_398' title='bbox 772 5140 866 5194; x_wconf 74' lang='grc' dir='ltr'>καὶ</span> <span class='ocrx_word' id='word_1_399' title='bbox 892 5141 1136 5212; x_wconf 79' lang='grc' dir='ltr'>διατελῇς</span> <span class='ocrx_word' id='word_1_400' title='bbox 1170 5143 1458 5214; x_wconf 79' lang='grc' dir='ltr'>εὐχόμενος</span> <span class='ocrx_word' id='word_1_401' title='bbox 1488 5147 1625 5219; x_wconf 75' lang='grc' dir='ltr'>ὑπὲρ</span> <span class='ocrx_word' id='word_1_402' title='bbox 1661 5148 1848 5213; x_wconf 89' lang='grc' dir='ltr'>αὑτοῦ,</span> 
     </span>
    </p>
   </div>
   <div class='ocr_carea' id='block_1_54' title="bbox 277 5231 1469 5303">
    <p class='ocr_par' dir='ltr' id='par_1_54' title="bbox 277 5231 1469 5303">
     <span class='ocr_line' id='line_1_54' title="bbox 277 5231 1469 5303; baseline 0.003 -17"><span class='ocrx_word' id='word_1_403' title='bbox 277 5232 372 5286; x_wconf 76' lang='grc' dir='ltr'>καὶ</span> <span class='ocrx_word' id='word_1_404' title='bbox 400 5232 490 5284; x_wconf 89' lang='grc' dir='ltr'>τὸν</span> <span class='ocrx_word' id='word_1_405' title='bbox 518 5232 650 5284; x_wconf 90' lang='grc' dir='ltr'>Θεὸν</span> <span class='ocrx_word' id='word_1_406' title='bbox 671 5231 798 5285; x_wconf 83' lang='grc' dir='ltr'>ἵλεω</span> <span class='ocrx_word' id='word_1_407' title='bbox 829 5231 1083 5300; x_wconf 87' lang='grc' dir='ltr'>γενέσθαι</span> <span class='ocrx_word' id='word_1_408' title='bbox 1119 5236 1469 5303; x_wconf 84' lang='grc' dir='ltr'>παρακαλῶν.</span> 
     </span>
    </p>
   </div>
   <div class='ocr_carea' id='block_1_55' title="bbox 347 5416 1851 5488">
    <p class='ocr_par' dir='ltr' id='par_1_55' title="bbox 347 5416 1851 5488">
     <span class='ocr_line' id='line_1_55' title="bbox 347 5416 1851 5488; baseline 0.005 -20"><span class='ocrx_word' id='word_1_409' title='bbox 347 5416 409 5469; x_wconf 84' lang='lat'>6&#39;.</span> <span class='ocrx_word' id='word_1_410' title='bbox 435 5416 524 5486; x_wconf 81' lang='grc' dir='ltr'>Μὴ</span> <span class='ocrx_word' id='word_1_411' title='bbox 554 5417 664 5488; x_wconf 82' lang='grc' dir='ltr'>γάρ</span> <span class='ocrx_word' id='word_1_412' title='bbox 689 5417 752 5488; x_wconf 83' lang='grc' dir='ltr'>δὴ</span> <span class='ocrx_word' id='word_1_413' title='bbox 784 5418 942 5471; x_wconf 87' lang='grc' dir='ltr'>τοῦτο</span> <span class='ocrx_word' id='word_1_414' title='bbox 965 5420 1184 5488; x_wconf 78' lang='grc' dir='ltr'>ἴδωμεν,</span> <span class='ocrx_word' id='word_1_415' title='bbox 1209 5420 1289 5472; x_wconf 84' lang='grc' dir='ltr'>ὅτι</span> <span class='ocrx_word' id='word_1_416' title='bbox 1313 5419 1638 5474; x_wconf 83' lang='grc' dir='ltr'>διεκώλυσεν</span> <span class='ocrx_word' id='word_1_417' title='bbox 1673 5423 1700 5474; x_wconf 88' lang='grc' dir='ltr'><em>ὁ</em></span> <span class='ocrx_word' id='word_1_418' title='bbox 1722 5423 1851 5484; x_wconf 86' lang='grc' dir='ltr'>Θεὸς</span> 
     </span>
    </p>
   </div>
   <div class='ocr_carea' id='block_1_56' title="bbox 279 5510 1852 5584">
    <p class='ocr_par' dir='ltr' id='par_1_56' title="bbox 279 5510 1852 5584">
     <span class='ocr_line' id='line_1_56' title="bbox 279 5510 1852 5584; baseline 0.004 -22"><span class='ocrx_word' id='word_1_419' title='bbox 279 5511 552 5580; x_wconf 72' lang='grc' dir='ltr'>σφαγῆναι</span> <span class='ocrx_word' id='word_1_420' title='bbox 574 5511 664 5563; x_wconf 90' lang='grc' dir='ltr'>τὸν</span> <span class='ocrx_word' id='word_1_421' title='bbox 691 5510 872 5573; x_wconf 79' lang='grc' dir='ltr'>Δαυῒδ,</span> <span class='ocrx_word' id='word_1_422' title='bbox 902 5512 1015 5565; x_wconf 88' lang='grc' dir='ltr'>ἀλλ’</span> <span class='ocrx_word' id='word_1_423' title='bbox 1037 5514 1215 5567; x_wconf 83' lang='grc' dir='ltr'>ἐ.κεῖνο</span> <span class='ocrx_word' id='word_1_424' title='bbox 1251 5513 1463 5575; x_wconf 87' lang='grc' dir='ltr'>σκόπει,</span> <span class='ocrx_word' id='word_1_425' title='bbox 1486 5515 1566 5566; x_wconf 84' lang='grc' dir='ltr'>ὃτι</span> <span class='ocrx_word' id='word_1_426' title='bbox 1593 5516 1852 5584; x_wconf 78' lang='grc' dir='ltr'>τριπλοῦν</span> 
     </span>
    </p>
   </div>
   <div class='ocr_carea' id='block_1_57' title="bbox 282 5599 1852 5674">
    <p class='ocr_par' dir='ltr' id='par_1_57' title="bbox 282 5599 1852 5674">
     <span class='ocr_line' id='line_1_57' title="bbox 282 5599 1852 5674; baseline 0.006 -22"><span class='ocrx_word' id='word_1_427' title='bbox 282 5601 374 5654; x_wconf 79' lang='grc' dir='ltr'>καὶ</span> <span class='ocrx_word' id='word_1_428' title='bbox 397 5599 734 5672; x_wconf 75' lang='grc' dir='ltr'>τετραπλοῦν</span> <span class='ocrx_word' id='word_1_429' title='bbox 776 5601 1035 5671; x_wconf 86' lang='grc' dir='ltr'>στέφανον</span> <span class='ocrx_word' id='word_1_430' title='bbox 1072 5603 1373 5674; x_wconf 86' lang='grc' dir='ltr'>μαρτυρίου</span> <span class='ocrx_word' id='word_1_431' title='bbox 1415 5604 1714 5674; x_wconf 84' lang='grc' dir='ltr'>ἀνεδήσατο</span> <span class='ocrx_word' id='word_1_432' title='bbox 1744 5607 1852 5660; x_wconf 91' lang='grc' dir='ltr'>ἀπὸ</span> 
     </span>
    </p>
   </div>
   <div class='ocr_carea' id='block_1_58' title="bbox 277 5689 1852 5764">
    <p class='ocr_par' dir='ltr' id='par_1_58' title="bbox 277 5689 1852 5764">
     <span class='ocr_line' id='line_1_58' title="bbox 277 5689 1852 5764; baseline 0.006 -24"><span class='ocrx_word' id='word_1_433' title='bbox 277 5691 378 5758; x_wconf 84' lang='grc' dir='ltr'>τῆς</span> <span class='ocrx_word' id='word_1_434' title='bbox 410 5690 504 5742; x_wconf 88' lang='grc' dir='ltr'>τοῦ</span> <span class='ocrx_word' id='word_1_435' title='bbox 535 5689 707 5742; x_wconf 70' lang='grc' dir='ltr'>Σαοίνλ</span> <span class='ocrx_word' id='word_1_436' title='bbox 750 5690 1058 5762; x_wconf 82' lang='grc' dir='ltr'>ἐπιϐουλῆς.</span> <span class='ocrx_word' id='word_1_437' title='bbox 1096 5693 1154 5746; x_wconf 84' lang='grc'>’0</span> <span class='ocrx_word' id='word_1_438' title='bbox 1203 5692 1312 5764; x_wconf 86' lang='grc' dir='ltr'>γὰρ</span> <span class='ocrx_word' id='word_1_439' title='bbox 1346 5692 1434 5746; x_wconf 85' lang='grc' dir='ltr'>διὰ</span> <span class='ocrx_word' id='word_1_440' title='bbox 1463 5693 1554 5746; x_wconf 91' lang='grc' dir='ltr'>τὸν</span> <span class='ocrx_word' id='word_1_441' title='bbox 1593 5692 1728 5746; x_wconf 85' lang='grc' dir='ltr'>Θεὸν</span> <span class='ocrx_word' id='word_1_442' title='bbox 1760 5696 1852 5749; x_wconf 87' lang='grc' dir='ltr'>τὸν</span> 
     </span>
    </p>
   </div>
   <div class='ocr_carea' id='block_1_59' title="bbox 280 5777 1852 5848">
    <p class='ocr_par' dir='ltr' id='par_1_59' title="bbox 280 5777 1852 5848">
     <span class='ocr_line' id='line_1_59' title="bbox 280 5777 1852 5848; baseline 0.004 -17"><span class='ocrx_word' id='word_1_443' title='bbox 280 5777 538 5848; x_wconf 83' lang='grc' dir='ltr'>πολέμιον</span> <span class='ocrx_word' id='word_1_444' title='bbox 571 5778 776 5844; x_wconf 69' lang='grc' dir='ltr'>σώζων,</span> <span class='ocrx_word' id='word_1_445' title='bbox 805 5779 895 5833; x_wconf 84' lang='grc' dir='ltr'>τὸν</span> <span class='ocrx_word' id='word_1_446' title='bbox 937 5779 1084 5845; x_wconf 73' lang='grc' dir='ltr'>ἅπαξ</span> <span class='ocrx_word' id='word_1_447' title='bbox 1125 5783 1218 5835; x_wconf 69' lang='grc' dir='ltr'>καὶ</span> <span class='ocrx_word' id='word_1_448' title='bbox 1255 5783 1334 5846; x_wconf 70' lang='grc' dir='ltr'>δὶς</span> <span class='ocrx_word' id='word_1_449' title='bbox 1363 5783 1455 5837; x_wconf 77' lang='grc' dir='ltr'>καὶ</span> <span class='ocrx_word' id='word_1_450' title='bbox 1495 5782 1750 5848; x_wconf 80' lang='grc' dir='ltr'>πολλάκις</span> <span class='ocrx_word' id='word_1_451' title='bbox 1791 5785 1852 5838; x_wconf 90' lang='grc' dir='ltr'>τὸ</span> 
     </span>
    </p>
   </div>
   <div class='ocr_carea' id='block_1_60' title="bbox 1251 343 2552 408">
    <p class='ocr_par' dir='ltr' id='par_1_60' title="bbox 1251 343 2552 408">
     <span class='ocr_line' id='line_1_60' title="bbox 1251 343 2552 408; baseline 0.001 -4"><span class='ocrx_word' id='word_1_452' title='bbox 1251 351 1336 408; x_wconf 83' lang='lat' dir='ltr'>DE</span> <span class='ocrx_word' id='word_1_453' title='bbox 1381 350 1636 406; x_wconf 59' lang='lat' dir='ltr'>DAVIDE</span> <span class='ocrx_word' id='word_1_454' title='bbox 1679 347 1764 401; x_wconf 84' lang='lat' dir='ltr'>ET</span> <span class='ocrx_word' id='word_1_455' title='bbox 1809 343 2036 400; x_wconf 79' lang='lat' dir='ltr'>S.\Ul.E</span> <span class='ocrx_word' id='word_1_456' title='bbox 2070 347 2354 405; x_wconf 68' lang='lat' dir='ltr'>HOMILIA</span> <span class='ocrx_word' id='word_1_457' title='bbox 2393 352 2476 406; x_wconf 91' lang='grc' dir='ltr'><strong>ΙΙΙ.</strong></span> <span class='ocrx_word' id='word_1_458' title='bbox 2549 365 2552 368; x_wconf 77' lang='lat'><strong><em>&#39;</em></strong></span> 
     </span>
    </p>
   </div>
   <div class='ocr_carea' id='block_1_61' title="bbox 3403 351 3513 410">
    <p class='ocr_par' dir='ltr' id='par_1_61' title="bbox 3403 351 3513 410">
     <span class='ocr_line' id='line_1_61' title="bbox 3403 351 3513 410; baseline 0.045 -5"><span class='ocrx_word' id='word_1_459' title='bbox 3403 351 3513 410; x_wconf 72' lang='lat'>700</span> 
     </span>
    </p>
   </div>
   <div class='ocr_carea' id='block_1_62' title="bbox 1938 461 3514 534">
    <p class='ocr_par' dir='ltr' id='par_1_62' title="bbox 1938 461 3514 534">
     <span class='ocr_line' id='line_1_62' title="bbox 1938 461 3514 534; baseline 0.001 -20"><span class='ocrx_word' id='word_1_460' title='bbox 1938 461 2065 534; x_wconf 84' lang='grc' dir='ltr'>δόρυ</span> <span class='ocrx_word' id='word_1_461' title='bbox 2105 464 2245 516; x_wconf 85' lang='grc' dir='ltr'>κατά</span> <span class='ocrx_word' id='word_1_462' title='bbox 2278 467 2376 534; x_wconf 83' lang='grc' dir='ltr'>τῆς</span> <span class='ocrx_word' id='word_1_463' title='bbox 2405 462 2568 516; x_wconf 84' lang='grc' dir='ltr'>αὑτοῦ</span> <span class='ocrx_word' id='word_1_464' title='bbox 2611 461 2848 534; x_wconf 88' lang='grc' dir='ltr'>κεφαλῆς</span> <span class='ocrx_word' id='word_1_465' title='bbox 2879 462 3257 525; x_wconf 82' lang='grc' dir='ltr'>ἀκοντίσαντα,</span> <span class='ocrx_word' id='word_1_466' title='bbox 3292 463 3383 516; x_wconf 71' lang='grc' dir='ltr'>καὶ</span> <span class='ocrx_word' id='word_1_467' title='bbox 3420 482 3514 532; x_wconf 79' lang='grc' dir='ltr'>γε-</span> 
     </span>
    </p>
   </div>
   <div class='ocr_carea' id='block_1_63' title="bbox 1939 551 3515 626">
    <p class='ocr_par' dir='ltr' id='par_1_63' title="bbox 1939 551 3515 626">
     <span class='ocr_line' id='line_1_63' title="bbox 1939 551 3515 626; baseline 0.001 -19"><span class='ocrx_word' id='word_1_468' title='bbox 1939 555 2161 626; x_wconf 88' lang='grc' dir='ltr'>νόμενος</span> <span class='ocrx_word' id='word_1_469' title='bbox 2208 555 2392 626; x_wconf 87' lang='grc' dir='ltr'>κύριος</span> <span class='ocrx_word' id='word_1_470' title='bbox 2423 555 2649 620; x_wconf 86' lang='grc' dir='ltr'>ἀνελεῖν,</span> <span class='ocrx_word' id='word_1_471' title='bbox 2687 551 2804 608; x_wconf 81' lang='grc' dir='ltr'>εἶτα</span> <span class='ocrx_word' id='word_1_472' title='bbox 2844 555 3194 626; x_wconf 81' lang='grc' dir='ltr'>φεισάμενος,</span> <span class='ocrx_word' id='word_1_473' title='bbox 3224 557 3318 608; x_wconf 73' lang='grc' dir='ltr'>καὶ</span> <span class='ocrx_word' id='word_1_474' title='bbox 3359 555 3515 610; x_wconf 80' lang='grc' dir='ltr'>ταῦτ’</span> 
     </span>
    </p>
   </div>
   <div class='ocr_carea' id='block_1_64' title="bbox 1939 647 3515 721">
    <p class='ocr_par' dir='ltr' id='par_1_64' title="bbox 1939 647 3515 721">
     <span class='ocr_line' id='line_1_64' title="bbox 1939 647 3515 721; baseline 0.001 -22"><span class='ocrx_word' id='word_1_475' title='bbox 1939 647 2113 711; x_wconf 76' lang='grc' dir='ltr'>εἰδὼς,</span> <span class='ocrx_word' id='word_1_476' title='bbox 2145 649 2224 701; x_wconf 75' lang='grc' dir='ltr'>ὅτι</span> <span class='ocrx_word' id='word_1_477' title='bbox 2257 648 2392 718; x_wconf 80' lang='grc' dir='ltr'>μετά</span> <span class='ocrx_word' id='word_1_478' title='bbox 2426 650 2523 717; x_wconf 80' lang='grc' dir='ltr'>τὴν</span> <span class='ocrx_word' id='word_1_479' title='bbox 2557 648 2721 716; x_wconf 84' lang='grc' dir='ltr'>φειδὼ</span> <span class='ocrx_word' id='word_1_480' title='bbox 2751 648 2952 718; x_wconf 84' lang='grc' dir='ltr'>ταύτην</span> <span class='ocrx_word' id='word_1_481' title='bbox 2977 648 3137 702; x_wconf 88' lang='grc' dir='ltr'>πάλιν</span> <span class='ocrx_word' id='word_1_482' title='bbox 3171 647 3515 721; x_wconf 84' lang='grc' dir='ltr'>ἐπιθήσεται,</span> 
     </span>
    </p>
   </div>
   <div class='ocr_carea' id='block_1_65' title="bbox 1939 739 3520 812">
    <p class='ocr_par' dir='ltr' id='par_1_65' title="bbox 1939 739 3520 812">
     <span class='ocr_line' id='line_1_65' title="bbox 1939 739 3520 812; baseline -0.001 -19"><span class='ocrx_word' id='word_1_483' title='bbox 1939 739 2159 811; x_wconf 78' lang='grc' dir='ltr'>εῦδηλον</span> <span class='ocrx_word' id='word_1_484' title='bbox 2193 740 2274 792; x_wconf 86' lang='grc' dir='ltr'>ὅτι</span> <span class='ocrx_word' id='word_1_485' title='bbox 2309 741 2567 812; x_wconf 82' lang='grc' dir='ltr'>μυριάκις</span> <span class='ocrx_word' id='word_1_486' title='bbox 2590 743 2803 812; x_wconf 85' lang='grc' dir='ltr'>ἐσφάγη</span> <span class='ocrx_word' id='word_1_487' title='bbox 2831 743 2896 811; x_wconf 85' lang='grc' dir='ltr'>τῇ</span> <span class='ocrx_word' id='word_1_488' title='bbox 2929 740 3218 812; x_wconf 84' lang='grc' dir='ltr'>προθέσει·</span> <span class='ocrx_word' id='word_1_489' title='bbox 3259 740 3520 811; x_wconf 78' lang='grc' dir='ltr'>μυριάκις</span> 
     </span>
    </p>
   </div>
   <div class='ocr_carea' id='block_1_66' title="bbox 1939 829 3517 900">
    <p class='ocr_par' dir='ltr' id='par_1_66' title="bbox 1939 829 3517 900">
     <span class='ocr_line' id='line_1_66' title="bbox 1939 829 3517 900; baseline -0.001 -18"><span class='ocrx_word' id='word_1_490' title='bbox 1939 830 1994 882; x_wconf 85' lang='lat'>66</span> <span class='ocrx_word' id='word_1_491' title='bbox 2043 830 2272 899; x_wconf 77' lang='grc' dir='ltr'>σφαγεὶς</span> <span class='ocrx_word' id='word_1_492' title='bbox 2319 831 2408 885; x_wconf 78' lang='grc' dir='ltr'>διὰ</span> <span class='ocrx_word' id='word_1_493' title='bbox 2440 832 2530 885; x_wconf 88' lang='grc' dir='ltr'>τὸν</span> <span class='ocrx_word' id='word_1_494' title='bbox 2571 832 2732 894; x_wconf 84' lang='grc' dir='ltr'>Θεὸν,</span> <span class='ocrx_word' id='word_1_495' title='bbox 2782 831 3010 896; x_wconf 78' lang='grc' dir='ltr'>πολλοὺς</span> <span class='ocrx_word' id='word_1_496' title='bbox 3051 829 3163 900; x_wconf 76' lang='grc' dir='ltr'>ἔχει</span> <span class='ocrx_word' id='word_1_497' title='bbox 3217 829 3517 900; x_wconf 89' lang='grc' dir='ltr'>μαρτυρίου</span> 
     </span>
    </p>
   </div>
   <div class='ocr_carea' id='block_1_67' title="bbox 1944 918 3520 994">
    <p class='ocr_par' dir='ltr' id='par_1_67' title="bbox 1944 918 3520 994">
     <span class='ocr_line' id='line_1_67' title="bbox 1944 918 3520 994; baseline -0.002 -18"><span class='ocrx_word' id='word_1_498' title='bbox 1944 925 2255 992; x_wconf 75' lang='grc' dir='ltr'>στεφάνους,</span> <span class='ocrx_word' id='word_1_499' title='bbox 2281 925 2374 978; x_wconf 76' lang='grc' dir='ltr'>καὶ</span> <span class='ocrx_word' id='word_1_500' title='bbox 2407 926 2542 994; x_wconf 82' lang='grc' dir='ltr'>ὅπερ</span> <span class='ocrx_word' id='word_1_501' title='bbox 2579 927 2606 974; x_wconf 87' lang='grc' dir='ltr'>ὁ</span> <span class='ocrx_word' id='word_1_502' title='bbox 2634 923 2844 986; x_wconf 80' lang='grc' dir='ltr'>Παῦλος</span> <span class='ocrx_word' id='word_1_503' title='bbox 2865 924 3070 991; x_wconf 76' lang='grc' dir='ltr'>ἔλεγεν,</span> <span class='ocrx_word' id='word_1_504' title='bbox 3106 924 3186 975; x_wconf 81' lang='grc' dir='ltr'>ὅτι</span> <span class='ocrx_word' id='word_1_505' title='bbox 3215 922 3352 976; x_wconf 74' lang='grc' dir='ltr'>Καθ’</span> <span class='ocrx_word' id='word_1_506' title='bbox 3383 918 3520 974; x_wconf 75' lang='grc' dir='ltr'>ἑκά-ο</span> 
     </span>
    </p>
   </div>
   <div class='ocr_carea' id='block_1_68' title="bbox 1941 1008 3519 1085">
    <p class='ocr_par' dir='ltr' id='par_1_68' title="bbox 1941 1008 3519 1085">
     <span class='ocr_line' id='line_1_68' title="bbox 1941 1008 3519 1085; baseline -0.004 -17"><span class='ocrx_word' id='word_1_507' title='bbox 1941 1033 2098 1083; x_wconf 79' lang='grc' dir='ltr'>στην</span> <span class='ocrx_word' id='word_1_508' title='bbox 2127 1017 2353 1085; x_wconf 71' lang='grc' dir='ltr'>ἡμέραν</span> <span class='ocrx_word' id='word_1_509' title='bbox 2377 1016 2745 1083; x_wconf 77' lang='grc' dir='ltr'>ἀποθνήσκω</span> <span class='ocrx_word' id='word_1_510' title='bbox 2774 1014 2871 1067; x_wconf 82' lang='grc' dir='ltr'>διὰ</span> <span class='ocrx_word' id='word_1_511' title='bbox 2909 1013 3012 1066; x_wconf 79' lang='grc' dir='ltr'>τὸν</span> <span class='ocrx_word' id='word_1_512' title='bbox 3039 1013 3206 1073; x_wconf 78' lang='grc' dir='ltr'>Θεὸν,</span> <span class='ocrx_word' id='word_1_513' title='bbox 3239 1011 3399 1064; x_wconf 89' lang='grc' dir='ltr'>τοῦτο</span> <span class='ocrx_word' id='word_1_514' title='bbox 3425 1008 3519 1062; x_wconf 72' lang='grc' dir='ltr'>καὶ</span> 
     </span>
    </p>
   </div>
   <div class='ocr_carea' id='block_1_69' title="bbox 1943 1102 3520 1178">
    <p class='ocr_par' dir='ltr' id='par_1_69' title="bbox 1943 1102 3520 1178">
     <span class='ocr_line' id='line_1_69' title="bbox 1943 1102 3520 1178; baseline -0.005 -17"><span class='ocrx_word' id='word_1_515' title='bbox 1943 1109 2102 1171; x_wconf 79' lang='grc' dir='ltr'>αὑτὸς</span> <span class='ocrx_word' id='word_1_516' title='bbox 2129 1108 2332 1178; x_wconf 75' lang='grc' dir='ltr'>ἔπασχε</span> <span class='ocrx_word' id='word_1_517' title='bbox 2372 1109 2458 1160; x_wconf 74' lang='grc' dir='ltr'>διὰ</span> <span class='ocrx_word' id='word_1_518' title='bbox 2487 1108 2577 1160; x_wconf 87' lang='grc' dir='ltr'>τὸν</span> <span class='ocrx_word' id='word_1_519' title='bbox 2607 1108 2738 1160; x_wconf 85' lang='grc' dir='ltr'>Θεόν</span> <span class='ocrx_word' id='word_1_520' title='bbox 2763 1121 2811 1160; x_wconf 76' lang='grc' dir='ltr'><strong>ο.</strong></span> <span class='ocrx_word' id='word_1_521' title='bbox 2843 1108 3147 1176; x_wconf 87' lang='grc' dir='ltr'>Δυνάμενος</span> <span class='ocrx_word' id='word_1_522' title='bbox 3177 1105 3285 1175; x_wconf 75' lang='grc' dir='ltr'>γάρ</span> <span class='ocrx_word' id='word_1_523' title='bbox 3311 1102 3520 1155; x_wconf 88' lang='grc' dir='ltr'>ἀνελεῖν</span> 
     </span>
    </p>
   </div>
   <div class='ocr_carea' id='block_1_70' title="bbox 1942 1193 3519 1264">
    <p class='ocr_par' dir='ltr' id='par_1_70' title="bbox 1942 1193 3519 1264">
     <span class='ocr_line' id='line_1_70' title="bbox 1942 1193 3519 1264; baseline -0.004 -14"><span class='ocrx_word' id='word_1_524' title='bbox 1942 1198 2031 1250; x_wconf 87' lang='grc' dir='ltr'>τὸν</span> <span class='ocrx_word' id='word_1_525' title='bbox 2061 1197 2504 1264; x_wconf 82' lang='grc' dir='ltr'>ἐπιϐουλεύοντα,</span> <span class='ocrx_word' id='word_1_526' title='bbox 2529 1197 2615 1250; x_wconf 74' lang='grc' dir='ltr'>διὰ</span> <span class='ocrx_word' id='word_1_527' title='bbox 2648 1197 2739 1249; x_wconf 92' lang='grc' dir='ltr'>τὸν</span> <span class='ocrx_word' id='word_1_528' title='bbox 2777 1196 2908 1249; x_wconf 86' lang='grc' dir='ltr'>Θεὸν</span> <span class='ocrx_word' id='word_1_529' title='bbox 2938 1197 3039 1248; x_wconf 84' lang='grc' dir='ltr'>οὐκ</span> <span class='ocrx_word' id='word_1_530' title='bbox 3065 1194 3330 1264; x_wconf 69' lang='grc' dir='ltr'>ἠθέλησεν</span> <span class='ocrx_word' id='word_1_531' title='bbox 3351 1208 3365 1222; x_wconf 89' lang='grc'><strong>·</strong></span> <span class='ocrx_word' id='word_1_532' title='bbox 3404 1193 3519 1244; x_wconf 84' lang='grc' dir='ltr'>ἀλλ’</span> 
     </span>
    </p>
   </div>
   <div class='ocr_carea' id='block_1_71' title="bbox 1943 1283 3522 1360">
    <p class='ocr_par' dir='ltr' id='par_1_71' title="bbox 1943 1283 3522 1360">
     <span class='ocr_line' id='line_1_71' title="bbox 1943 1283 3522 1360; baseline -0.004 -17"><span class='ocrx_word' id='word_1_533' title='bbox 1943 1291 2115 1343; x_wconf 79' lang='grc' dir='ltr'>εἵλετο</span> <span class='ocrx_word' id='word_1_534' title='bbox 2145 1290 2472 1343; x_wconf 86' lang='grc' dir='ltr'>κινδυνεύειν</span> <span class='ocrx_word' id='word_1_535' title='bbox 2498 1291 2617 1343; x_wconf 80' lang='grc' dir='ltr'>καθ’</span> <span class='ocrx_word' id='word_1_536' title='bbox 2649 1290 2882 1358; x_wconf 78' lang='grc' dir='ltr'>ἑκάστην</span> <span class='ocrx_word' id='word_1_537' title='bbox 2907 1289 3118 1360; x_wconf 85' lang='grc' dir='ltr'>ἡμέραν</span> <span class='ocrx_word' id='word_1_538' title='bbox 3145 1287 3362 1357; x_wconf 78' lang='grc' dir='ltr'>μᾶλλον,</span> <span class='ocrx_word' id='word_1_539' title='bbox 3387 1283 3418 1354; x_wconf 83' lang='grc' dir='ltr'>ἡ</span> <span class='ocrx_word' id='word_1_540' title='bbox 3442 1285 3522 1337; x_wconf 83' lang='grc' dir='ltr'>δι·</span> 
     </span>
    </p>
   </div>
   <div class='ocr_carea' id='block_1_72' title="bbox 1943 1377 3520 1454">
    <p class='ocr_par' dir='ltr' id='par_1_72' title="bbox 1943 1377 3520 1454">
     <span class='ocr_line' id='line_1_72' title="bbox 1943 1377 3520 1454; baseline -0.005 -17"><span class='ocrx_word' id='word_1_541' title='bbox 1943 1386 2103 1438; x_wconf 86' lang='grc' dir='ltr'>καίαν</span> <span class='ocrx_word' id='word_1_542' title='bbox 2151 1385 2527 1454; x_wconf 81' lang='grc' dir='ltr'>ἐργασάμενος</span> <span class='ocrx_word' id='word_1_543' title='bbox 2576 1383 2786 1454; x_wconf 80' lang='grc' dir='ltr'>σφαγὴν</span> <span class='ocrx_word' id='word_1_544' title='bbox 2820 1381 2928 1435; x_wconf 90' lang='grc' dir='ltr'>ἀπὸ</span> <span class='ocrx_word' id='word_1_545' title='bbox 2968 1380 3235 1434; x_wconf 84' lang='grc' dir='ltr'>τοσούτων</span> <span class='ocrx_word' id='word_1_546' title='bbox 3278 1377 3520 1432; x_wconf 82' lang='grc' dir='ltr'>ἀπαλλα-</span> 
     </span>
    </p>
   </div>
   <div class='ocr_carea' id='block_1_73' title="bbox 1943 1469 3521 1546">
    <p class='ocr_par' dir='ltr' id='par_1_73' title="bbox 1943 1469 3521 1546">
     <span class='ocr_line' id='line_1_73' title="bbox 1943 1469 3521 1546; baseline -0.004 -20"><span class='ocrx_word' id='word_1_547' title='bbox 1943 1477 2104 1546; x_wconf 85' lang='grc' dir='ltr'>γῆναι</span> <span class='ocrx_word' id='word_1_548' title='bbox 2128 1475 2392 1530; x_wconf 87' lang='grc' dir='ltr'>θανάτων.</span> <span class='ocrx_word' id='word_1_549' title='bbox 2417 1476 2479 1528; x_wconf 84' lang='grc' dir='ltr'><strong>Εἰ</strong></span> <span class='ocrx_word' id='word_1_550' title='bbox 2503 1475 2558 1527; x_wconf 82' lang='grc' dir='ltr'>δέ</span> <span class='ocrx_word' id='word_1_551' title='bbox 2591 1475 2682 1527; x_wconf 86' lang='grc' dir='ltr'>τὸν</span> <span class='ocrx_word' id='word_1_552' title='bbox 2718 1475 2877 1544; x_wconf 86' lang='grc' dir='ltr'>μέχρι</span> <span class='ocrx_word' id='word_1_553' title='bbox 2906 1473 3003 1542; x_wconf 89' lang='grc' dir='ltr'>τῆς</span> <span class='ocrx_word' id='word_1_554' title='bbox 3026 1471 3171 1542; x_wconf 78' lang='grc' dir='ltr'>ζωῆς</span> <span class='ocrx_word' id='word_1_555' title='bbox 3200 1469 3368 1539; x_wconf 82' lang='grc' dir='ltr'>αὐτῆς</span> <span class='ocrx_word' id='word_1_556' title='bbox 3399 1469 3521 1521; x_wconf 81' lang='grc' dir='ltr'>ἐπι-</span> 
     </span>
    </p>
   </div>
   <div class='ocr_carea' id='block_1_74' title="bbox 1946 1559 3518 1638">
    <p class='ocr_par' dir='ltr' id='par_1_74' title="bbox 1946 1559 3518 1638">
     <span class='ocr_line' id='line_1_74' title="bbox 1946 1559 3518 1638; baseline -0.005 -18"><span class='ocrx_word' id='word_1_557' title='bbox 1946 1569 2265 1622; x_wconf 82' lang='grc' dir='ltr'>ϐουλεύοντα</span> <span class='ocrx_word' id='word_1_558' title='bbox 2288 1568 2596 1638; x_wconf 87' lang='grc' dir='ltr'>ἀμύνασθαι</span> <span class='ocrx_word' id='word_1_559' title='bbox 2629 1568 2721 1619; x_wconf 75' lang='grc' dir='ltr'>καὶ</span> <span class='ocrx_word' id='word_1_560' title='bbox 2747 1568 2922 1636; x_wconf 89' lang='grc' dir='ltr'>μισεῖν</span> <span class='ocrx_word' id='word_1_561' title='bbox 2951 1566 3010 1617; x_wconf 84' lang='grc' dir='ltr'>οὑ</span> <span class='ocrx_word' id='word_1_562' title='bbox 3037 1563 3162 1635; x_wconf 83' lang='grc' dir='ltr'>χρὴ,</span> <span class='ocrx_word' id='word_1_563' title='bbox 3183 1562 3359 1632; x_wconf 82' lang='grc' dir='ltr'>πολλῷ</span> <span class='ocrx_word' id='word_1_564' title='bbox 3387 1559 3518 1631; x_wconf 79' lang='grc' dir='ltr'>μᾶλ·</span> 
     </span>
    </p>
   </div>
   <div class='ocr_carea' id='block_1_75' title="bbox 1944 1658 2826 1724">
    <p class='ocr_par' dir='ltr' id='par_1_75' title="bbox 1944 1658 2826 1724">
     <span class='ocr_line' id='line_1_75' title="bbox 1944 1658 2826 1724; baseline 0.001 -11"><span class='ocrx_word' id='word_1_565' title='bbox 1944 1661 2034 1714; x_wconf 89' lang='grc' dir='ltr'>λον</span> <span class='ocrx_word' id='word_1_566' title='bbox 2065 1663 2143 1724; x_wconf 85' lang='grc' dir='ltr'>εἰς</span> <span class='ocrx_word' id='word_1_567' title='bbox 2169 1661 2346 1713; x_wconf 80' lang='grc' dir='ltr'>ὁτιοῦν</span> <span class='ocrx_word' id='word_1_568' title='bbox 2368 1660 2491 1714; x_wconf 78' lang='grc' dir='ltr'>ἄλλο</span> <span class='ocrx_word' id='word_1_569' title='bbox 2517 1658 2826 1714; x_wconf 83' lang='grc' dir='ltr'>ἀδικοῦντα.</span> 
     </span>
    </p>
   </div>
   <div class='ocr_carea' id='block_1_76' title="bbox 2017 1743 3523 1816">
    <p class='ocr_par' dir='ltr' id='par_1_76' title="bbox 2017 1743 3523 1816">
     <span class='ocr_line' id='line_1_76' title="bbox 2017 1743 3523 1816; baseline -0.007 -11"><span class='ocrx_word' id='word_1_570' title='bbox 2017 1753 2238 1816; x_wconf 84' lang='grc' dir='ltr'>Πολλοῖς</span> <span class='ocrx_word' id='word_1_571' title='bbox 2269 1753 2414 1806; x_wconf 88' lang='grc' dir='ltr'>δοκεῖ</span> <span class='ocrx_word' id='word_1_572' title='bbox 2442 1754 2502 1804; x_wconf 91' lang='grc' dir='ltr'>τὸ</span> <span class='ocrx_word' id='word_1_573' title='bbox 2539 1752 2724 1813; x_wconf 88' lang='grc' dir='ltr'>κακῶς</span> <span class='ocrx_word' id='word_1_574' title='bbox 2758 1751 2995 1814; x_wconf 86' lang='grc' dir='ltr'>ἀκούειν,</span> <span class='ocrx_word' id='word_1_575' title='bbox 3024 1750 3116 1802; x_wconf 72' lang='grc' dir='ltr'>καὶ</span> <span class='ocrx_word' id='word_1_576' title='bbox 3149 1750 3226 1812; x_wconf 88' lang='grc' dir='ltr'>είς</span> <span class='ocrx_word' id='word_1_577' title='bbox 3252 1743 3523 1814; x_wconf 58' lang='grc' dir='ltr'>ὑπόληψιν</span> 
     </span>
    </p>
   </div>
   <div class='ocr_carea' id='block_1_77' title="bbox 1948 1837 3523 1917">
    <p class='ocr_par' dir='ltr' id='par_1_77' title="bbox 1948 1837 3523 1917">
     <span class='ocr_line' id='line_1_77' title="bbox 1948 1837 3523 1917; baseline -0.008 -19"><span class='ocrx_word' id='word_1_578' title='bbox 1948 1846 2437 1917; x_wconf 80' lang='grc' dir='ltr'>παραϐλάπτεσθαι</span> <span class='ocrx_word' id='word_1_579' title='bbox 2473 1845 2623 1917; x_wconf 85' lang='grc' dir='ltr'>παρά</span> <span class='ocrx_word' id='word_1_580' title='bbox 2645 1844 2750 1896; x_wconf 86' lang='grc' dir='ltr'>τῶν</span> <span class='ocrx_word' id='word_1_581' title='bbox 2777 1843 3006 1915; x_wconf 82' lang='grc' dir='ltr'>ἐχθρῶν,</span> <span class='ocrx_word' id='word_1_582' title='bbox 3034 1842 3250 1895; x_wconf 85' lang='grc' dir='ltr'>πάντων</span> <span class='ocrx_word' id='word_1_583' title='bbox 3277 1837 3523 1890; x_wconf 84' lang='grc' dir='ltr'>θανάτων</span> 
     </span>
    </p>
   </div>
   <div class='ocr_carea' id='block_1_78' title="bbox 1947 1927 3524 2008">
    <p class='ocr_par' dir='ltr' id='par_1_78' title="bbox 1947 1927 3524 2008">
     <span class='ocr_line' id='line_1_78' title="bbox 1947 1927 3524 2008; baseline -0.008 -17"><span class='ocrx_word' id='word_1_584' title='bbox 1947 1939 2348 2008; x_wconf 78' lang='grc' dir='ltr'>ἀφορητότερον</span> <span class='ocrx_word' id='word_1_585' title='bbox 2377 1934 2538 1990; x_wconf 81' lang='grc' dir='ltr'>εἶναι.</span> <span class='ocrx_word' id='word_1_586' title='bbox 2572 1937 2709 2008; x_wconf 85' lang='grc' dir='ltr'>Φέρε</span> <span class='ocrx_word' id='word_1_587' title='bbox 2741 1931 2834 1988; x_wconf 81' lang='grc' dir='ltr'>οὖν</span> <span class='ocrx_word' id='word_1_588' title='bbox 2865 1935 2958 1987; x_wconf 76' lang='grc' dir='ltr'>καὶ</span> <span class='ocrx_word' id='word_1_589' title='bbox 2993 1933 3123 1986; x_wconf 86' lang='grc' dir='ltr'>αὑτὸ</span> <span class='ocrx_word' id='word_1_590' title='bbox 3153 1930 3312 1984; x_wconf 87' lang='grc' dir='ltr'>τοῦτο</span> <span class='ocrx_word' id='word_1_591' title='bbox 3339 1927 3524 1995; x_wconf 81' lang='grc' dir='ltr'>ἐξετά-</span> 
     </span>
    </p>
   </div>
   <div class='ocr_carea' id='block_1_79' title="bbox 1950 2020 3525 2099">
    <p class='ocr_par' dir='ltr' id='par_1_79' title="bbox 1950 2020 3525 2099">
     <span class='ocr_line' id='line_1_79' title="bbox 1950 2020 3525 2099; baseline -0.007 -17"><span class='ocrx_word' id='word_1_592' title='bbox 1950 2047 2132 2099; x_wconf 90' lang='grc' dir='ltr'>σωμεν</span> <span class='ocrx_word' id='word_1_593' title='bbox 2159 2045 2172 2057; x_wconf 87' lang='grc'>·</span> <span class='ocrx_word' id='word_1_594' title='bbox 2208 2027 2342 2082; x_wconf 85' lang='grc' dir='ltr'>Εἷπέ</span> <span class='ocrx_word' id='word_1_595' title='bbox 2371 2028 2431 2081; x_wconf 87' lang='grc' dir='ltr'>σέ</span> <span class='ocrx_word' id='word_1_596' title='bbox 2472 2047 2558 2093; x_wconf 90' lang='grc' dir='ltr'>τις</span> <span class='ocrx_word' id='word_1_597' title='bbox 2584 2027 2792 2091; x_wconf 86' lang='grc' dir='ltr'>κακῶς,</span> <span class='ocrx_word' id='word_1_598' title='bbox 2832 2027 2926 2079; x_wconf 74' lang='grc' dir='ltr'>καὶ</span> <span class='ocrx_word' id='word_1_599' title='bbox 2975 2024 3162 2096; x_wconf 84' lang='grc' dir='ltr'>μοιχὸν</span> <span class='ocrx_word' id='word_1_600' title='bbox 3196 2023 3291 2075; x_wconf 71' lang='grc' dir='ltr'>καὶ</span> <span class='ocrx_word' id='word_1_601' title='bbox 3326 2020 3525 2090; x_wconf 89' lang='grc' dir='ltr'>πόρνον</span> 
     </span>
    </p>
   </div>
   <div class='ocr_carea' id='block_1_80' title="bbox 1947 2112 3525 2191">
    <p class='ocr_par' dir='ltr' id='par_1_80' title="bbox 1947 2112 3525 2191">
     <span class='ocr_line' id='line_1_80' title="bbox 1947 2112 3525 2191; baseline -0.006 -17"><span class='ocrx_word' id='word_1_602' title='bbox 1947 2122 2206 2187; x_wconf 83' lang='grc' dir='ltr'>ἐκάλεσε;</span> <span class='ocrx_word' id='word_1_603' title='bbox 2249 2121 2430 2173; x_wconf 88' lang='grc' dir='ltr'>Ταῦτα</span> <span class='ocrx_word' id='word_1_604' title='bbox 2474 2121 2522 2172; x_wconf 87' lang='grc' dir='ltr'>εί</span> <span class='ocrx_word' id='word_1_605' title='bbox 2559 2121 2657 2191; x_wconf 86' lang='grc' dir='ltr'>μὲν</span> <span class='ocrx_word' id='word_1_606' title='bbox 2699 2118 2872 2190; x_wconf 83' lang='grc' dir='ltr'>ἀληθῆ</span> <span class='ocrx_word' id='word_1_607' title='bbox 2908 2117 3061 2190; x_wconf 81' lang='grc' dir='ltr'>λέγῃ,</span> <span class='ocrx_word' id='word_1_608' title='bbox 3110 2113 3433 2185; x_wconf 83' lang='grc' dir='ltr'>διόρθωσαι’</span> <span class='ocrx_word' id='word_1_609' title='bbox 3473 2112 3525 2164; x_wconf 81' lang='grc' dir='ltr'>εί</span> 
     </span>
    </p>
   </div>
   <div class='ocr_carea' id='block_1_81' title="bbox 1947 2205 3526 2283">
    <p class='ocr_par' dir='ltr' id='par_1_81' title="bbox 1947 2205 3526 2283">
     <span class='ocr_line' id='line_1_81' title="bbox 1947 2205 3526 2283; baseline -0.007 -16"><span class='ocrx_word' id='word_1_610' title='bbox 1947 2214 2003 2267; x_wconf 90' lang='grc' dir='ltr'>δέ</span> <span class='ocrx_word' id='word_1_611' title='bbox 2030 2213 2223 2283; x_wconf 70' lang='grc' dir='ltr'>ψευδῆ,</span> <span class='ocrx_word' id='word_1_612' title='bbox 2260 2212 2634 2280; x_wconf 87' lang='grc' dir='ltr'>καταγέλασον</span> <span class='ocrx_word' id='word_1_613' title='bbox 2657 2229 2672 2243; x_wconf 78' lang='grc'><em>’</em></span> <span class='ocrx_word' id='word_1_614' title='bbox 2705 2213 2754 2264; x_wconf 88' lang='grc' dir='ltr'>εἰ</span> <span class='ocrx_word' id='word_1_615' title='bbox 2784 2210 3029 2272; x_wconf 89' lang='grc' dir='ltr'>σύνοιδας</span> <span class='ocrx_word' id='word_1_616' title='bbox 3061 2206 3241 2278; x_wconf 84' lang='grc' dir='ltr'>σαυτῷ</span> <span class='ocrx_word' id='word_1_617' title='bbox 3275 2205 3342 2258; x_wconf 80' lang='grc' dir='ltr'>τὰ</span> <span class='ocrx_word' id='word_1_618' title='bbox 3370 2206 3526 2276; x_wconf 83' lang='grc' dir='ltr'>εἰρη-</span> 
     </span>
    </p>
   </div>
   <div class='ocr_carea' id='block_1_82' title="bbox 1951 2299 3526 2380">
    <p class='ocr_par' dir='ltr' id='par_1_82' title="bbox 1951 2299 3526 2380">
     <span class='ocr_line' id='line_1_82' title="bbox 1951 2299 3526 2380; baseline -0.006 -19"><span class='ocrx_word' id='word_1_619' title='bbox 1951 2308 2108 2380; x_wconf 85' lang='grc' dir='ltr'>μένα,</span> <span class='ocrx_word' id='word_1_620' title='bbox 2146 2306 2494 2378; x_wconf 82' lang='grc' dir='ltr'>σωφρόνησον</span> <span class='ocrx_word' id='word_1_621' title='bbox 2518 2323 2531 2337; x_wconf 92' lang='grc'><strong>·</strong></span> <span class='ocrx_word' id='word_1_622' title='bbox 2571 2308 2620 2359; x_wconf 86' lang='grc' dir='ltr'>εί</span> <span class='ocrx_word' id='word_1_623' title='bbox 2656 2305 2710 2358; x_wconf 85' lang='grc' dir='ltr'>δέ</span> <span class='ocrx_word' id='word_1_624' title='bbox 2753 2303 2827 2376; x_wconf 84' lang='grc' dir='ltr'>μὴ</span> <span class='ocrx_word' id='word_1_625' title='bbox 2882 2302 3152 2366; x_wconf 87' lang='grc' dir='ltr'>σύνοιδας,</span> <span class='ocrx_word' id='word_1_626' title='bbox 3186 2299 3526 2370; x_wconf 78' lang='grc' dir='ltr'>καταφρόνη-</span> 
     </span>
    </p>
   </div>
   <div class='ocr_carea' id='block_1_83' title="bbox 1950 2393 3526 2470">
    <p class='ocr_par' dir='ltr' id='par_1_83' title="bbox 1950 2393 3526 2470">
     <span class='ocr_line' id='line_1_83' title="bbox 1950 2393 3526 2470; baseline -0.006 -17"><span class='ocrx_word' id='word_1_627' title='bbox 1950 2417 2042 2453; x_wconf 86' lang='grc' dir='ltr'>σον</span> <span class='ocrx_word' id='word_1_628' title='bbox 2061 2417 2074 2429; x_wconf 83' lang='grc'><em>’</em></span> <span class='ocrx_word' id='word_1_629' title='bbox 2105 2400 2304 2470; x_wconf 78' lang='grc' dir='ltr'>μᾶλλον</span> <span class='ocrx_word' id='word_1_630' title='bbox 2332 2400 2389 2452; x_wconf 89' lang='lat'>66</span> <span class='ocrx_word' id='word_1_631' title='bbox 2423 2397 2497 2470; x_wconf 80' lang='grc' dir='ltr'>μὴ</span> <span class='ocrx_word' id='word_1_632' title='bbox 2520 2397 2918 2470; x_wconf 81' lang='grc' dir='ltr'>καταγελάσῃς,</span> <span class='ocrx_word' id='word_1_633' title='bbox 2946 2396 3080 2466; x_wconf 79' lang='grc' dir='ltr'>μηδὲ</span> <span class='ocrx_word' id='word_1_634' title='bbox 3107 2393 3526 2468; x_wconf 84' lang='grc' dir='ltr'>καταφρονήσῃς</span> 
     </span>
    </p>
   </div>
   <div class='ocr_carea' id='block_1_84' title="bbox 1953 2481 3528 2560">
    <p class='ocr_par' dir='ltr' id='par_1_84' title="bbox 1953 2481 3528 2560">
     <span class='ocr_line' id='line_1_84' title="bbox 1953 2481 3528 2560; baseline -0.007 -16"><span class='ocrx_word' id='word_1_635' title='bbox 1953 2491 2134 2560; x_wconf 85' lang='grc' dir='ltr'>μόνον,</span> <span class='ocrx_word' id='word_1_636' title='bbox 2164 2490 2300 2544; x_wconf 73' lang='grc' dir='ltr'>ἀλλὰ</span> <span class='ocrx_word' id='word_1_637' title='bbox 2329 2491 2423 2542; x_wconf 75' lang='grc' dir='ltr'>καὶ</span> <span class='ocrx_word' id='word_1_638' title='bbox 2453 2493 2632 2560; x_wconf 89' lang='grc' dir='ltr'>χαῖρε,</span> <span class='ocrx_word' id='word_1_639' title='bbox 2660 2489 2752 2542; x_wconf 72' lang='grc' dir='ltr'>καὶ</span> <span class='ocrx_word' id='word_1_640' title='bbox 2786 2487 2981 2558; x_wconf 87' lang='grc' dir='ltr'>σκίρτα</span> <span class='ocrx_word' id='word_1_641' title='bbox 3017 2484 3158 2540; x_wconf 87' lang='grc' dir='ltr'>κατά</span> <span class='ocrx_word' id='word_1_642' title='bbox 3184 2484 3274 2537; x_wconf 88' lang='grc' dir='ltr'>τὸν</span> <span class='ocrx_word' id='word_1_643' title='bbox 3297 2481 3389 2536; x_wconf 89' lang='grc' dir='ltr'>τοῦ</span> <span class='ocrx_word' id='word_1_644' title='bbox 3416 2484 3528 2536; x_wconf 82' lang='grc' dir='ltr'>Κυ-</span> 
     </span>
    </p>
   </div>
   <div class='ocr_carea' id='block_1_85' title="bbox 1953 2573 3528 2654">
    <p class='ocr_par' dir='ltr' id='par_1_85' title="bbox 1953 2573 3528 2654">
     <span class='ocr_line' id='line_1_85' title="bbox 1953 2573 3528 2654; baseline -0.006 -19"><span class='ocrx_word' id='word_1_645' title='bbox 1953 2584 2070 2654; x_wconf 91' lang='grc' dir='ltr'>ρίου</span> <span class='ocrx_word' id='word_1_646' title='bbox 2099 2582 2278 2651; x_wconf 90' lang='grc' dir='ltr'>λόγον,</span> <span class='ocrx_word' id='word_1_647' title='bbox 2320 2582 2409 2635; x_wconf 81' lang='grc' dir='ltr'>τὸν</span> <span class='ocrx_word' id='word_1_648' title='bbox 2460 2581 2749 2634; x_wconf 86' lang='grc' dir='ltr'>κελεύοντα</span> <span class='ocrx_word' id='word_1_649' title='bbox 2803 2579 2946 2632; x_wconf 79' lang='grc' dir='ltr'>οὑτω</span> <span class='ocrx_word' id='word_1_650' title='bbox 2986 2579 3178 2632; x_wconf 87' lang='grc' dir='ltr'>ποιεῖν.</span> <span class='ocrx_word' id='word_1_651' title='bbox 3202 2575 3384 2628; x_wconf 81' lang='grc' dir='ltr'>Ὅταν</span> <span class='ocrx_word' id='word_1_652' title='bbox 3417 2573 3528 2643; x_wconf 82' lang='grc' dir='ltr'>γάρ</span> 
     </span>
    </p>
   </div>
   <div class='ocr_carea' id='block_1_86' title="bbox 1951 2666 3528 2744">
    <p class='ocr_par' dir='ltr' id='par_1_86' title="bbox 1951 2666 3528 2744">
     <span class='ocr_line' id='line_1_86' title="bbox 1951 2666 3528 2744; baseline -0.005 -17"><span class='ocrx_word' id='word_1_653' title='bbox 1951 2674 2316 2738; x_wconf 76' lang='grc' dir='ltr'>ὀνειδίσωσι,</span> <span class='ocrx_word' id='word_1_654' title='bbox 2349 2674 2533 2744; x_wconf 79' lang='grc' dir='ltr'>φησὶν,</span> <span class='ocrx_word' id='word_1_655' title='bbox 2558 2672 2731 2742; x_wconf 80' lang='grc' dir='ltr'>ὑμᾶς,</span> <span class='ocrx_word' id='word_1_656' title='bbox 2756 2672 2851 2726; x_wconf 81' lang='grc' dir='ltr'>καὶ</span> <span class='ocrx_word' id='word_1_657' title='bbox 2876 2671 3087 2724; x_wconf 78' lang='grc' dir='ltr'>εἴπωσι</span> <span class='ocrx_word' id='word_1_658' title='bbox 3112 2668 3236 2723; x_wconf 84' lang='grc' dir='ltr'>πᾶν</span> <span class='ocrx_word' id='word_1_659' title='bbox 3263 2666 3528 2734; x_wconf 75' lang='grc' dir='ltr'>πονηρὸν</span> 
     </span>
    </p>
   </div>
   <div class='ocr_carea' id='block_1_87' title="bbox 1946 2761 3526 2835">
    <p class='ocr_par' dir='ltr' id='par_1_87' title="bbox 1946 2761 3526 2835">
     <span class='ocr_line' id='line_1_87' title="bbox 1946 2761 3526 2835; baseline -0.004 -16"><span class='ocrx_word' id='word_1_660' title='bbox 1946 2765 2109 2835; x_wconf 75' lang='grc' dir='ltr'>ῥῆμα</span> <span class='ocrx_word' id='word_1_661' title='bbox 2159 2767 2290 2819; x_wconf 82' lang='grc' dir='ltr'>καθ’</span> <span class='ocrx_word' id='word_1_662' title='bbox 2319 2765 2486 2834; x_wconf 80' lang='grc' dir='ltr'>ὑμῶν</span> <span class='ocrx_word' id='word_1_663' title='bbox 2518 2764 2898 2833; x_wconf 71' lang='grc' dir='ltr'>ψευδόμενοι.</span> <span class='ocrx_word' id='word_1_664' title='bbox 2930 2763 3166 2831; x_wconf 75' lang='grc' dir='ltr'>χαίρετε</span> <span class='ocrx_word' id='word_1_665' title='bbox 3204 2762 3302 2814; x_wconf 77' lang='grc' dir='ltr'>καὶ</span> <span class='ocrx_word' id='word_1_666' title='bbox 3338 2761 3526 2830; x_wconf 77' lang='grc' dir='ltr'>ἀγαλ-</span> 
     </span>
    </p>
   </div>
   <div class='ocr_carea' id='block_1_88' title="bbox 1951 2851 3531 2927">
    <p class='ocr_par' dir='ltr' id='par_1_88' title="bbox 1951 2851 3531 2927">
     <span class='ocr_line' id='line_1_88' title="bbox 1951 2851 3531 2927; baseline -0.006 -13"><span class='ocrx_word' id='word_1_667' title='bbox 1951 2860 2187 2920; x_wconf 79' lang='grc' dir='ltr'>λιᾶσθε,</span> <span class='ocrx_word' id='word_1_668' title='bbox 2219 2859 2308 2911; x_wconf 86' lang='grc' dir='ltr'>ὅτι</span> <span class='ocrx_word' id='word_1_669' title='bbox 2351 2861 2382 2910; x_wconf 88' lang='grc' dir='ltr'>ό</span> <span class='ocrx_word' id='word_1_670' title='bbox 2411 2856 2632 2927; x_wconf 80' lang='grc' dir='ltr'>μισθὸς</span> <span class='ocrx_word' id='word_1_671' title='bbox 2664 2853 2826 2925; x_wconf 77' lang='grc' dir='ltr'>ὑμῶν</span> <span class='ocrx_word' id='word_1_672' title='bbox 2864 2853 3060 2919; x_wconf 75' lang='grc' dir='ltr'>πολὺς</span> <span class='ocrx_word' id='word_1_673' title='bbox 3094 2853 3163 2905; x_wconf 83' lang='grc' dir='ltr'>ἐν</span> <span class='ocrx_word' id='word_1_674' title='bbox 3193 2851 3318 2918; x_wconf 83' lang='grc' dir='ltr'>τοῖς</span> <span class='ocrx_word' id='word_1_675' title='bbox 3355 2854 3531 2917; x_wconf 76' lang='grc' dir='ltr'>οὐρα-</span> 
     </span>
    </p>
   </div>
   <div class='ocr_carea' id='block_1_89' title="bbox 1951 2942 3530 3017">
    <p class='ocr_par' dir='ltr' id='par_1_89' title="bbox 1951 2942 3530 3017">
     <span class='ocr_line' id='line_1_89' title="bbox 1951 2942 3530 3017; baseline -0.007 -13"><span class='ocrx_word' id='word_1_676' title='bbox 1951 2951 2100 3017; x_wconf 75' lang='grc' dir='ltr'>νοῖς.</span> <span class='ocrx_word' id='word_1_677' title='bbox 2138 2950 2242 3004; x_wconf 76' lang='grc' dir='ltr'>Καὶ</span> <span class='ocrx_word' id='word_1_678' title='bbox 2276 2950 2461 3013; x_wconf 88' lang='grc' dir='ltr'>πάλιν,</span> <span class='ocrx_word' id='word_1_679' title='bbox 2501 2948 2742 3015; x_wconf 76' lang='grc' dir='ltr'>Χαίρετε</span> <span class='ocrx_word' id='word_1_680' title='bbox 2780 2945 2880 2998; x_wconf 74' lang='grc' dir='ltr'>καὶ</span> <span class='ocrx_word' id='word_1_681' title='bbox 2913 2943 3212 3012; x_wconf 74' lang='grc' dir='ltr'>σκιρτᾶτε,</span> <span class='ocrx_word' id='word_1_682' title='bbox 3253 2943 3398 2995; x_wconf 75' lang='grc' dir='ltr'>ὅταν</span> <span class='ocrx_word' id='word_1_683' title='bbox 3432 2942 3530 2994; x_wconf 74' lang='grc' dir='ltr'>ἑκ-</span> 
     </span>
    </p>
   </div>
   <div class='ocr_carea' id='block_1_90' title="bbox 1953 3035 3527 3110">
    <p class='ocr_par' dir='ltr' id='par_1_90' title="bbox 1953 3035 3527 3110">
     <span class='ocr_line' id='line_1_90' title="bbox 1953 3035 3527 3110; baseline -0.008 -12"><span class='ocrx_word' id='word_1_684' title='bbox 1953 3044 2177 3098; x_wconf 76' lang='grc' dir='ltr'>ϐίὶλωσι</span> <span class='ocrx_word' id='word_1_685' title='bbox 2199 3042 2264 3095; x_wconf 83' lang='grc' dir='ltr'>τὸ</span> <span class='ocrx_word' id='word_1_686' title='bbox 2290 3042 2476 3107; x_wconf 77' lang='grc' dir='ltr'>ὄνομα</span> <span class='ocrx_word' id='word_1_687' title='bbox 2507 3039 2670 3110; x_wconf 82' lang='grc' dir='ltr'>ὑμῶν</span> <span class='ocrx_word' id='word_1_688' title='bbox 2691 3040 2771 3105; x_wconf 87' lang='grc' dir='ltr'>ὡς</span> <span class='ocrx_word' id='word_1_689' title='bbox 2791 3036 3057 3104; x_wconf 73' lang='grc' dir='ltr'>πονηρὸν</span> <span class='ocrx_word' id='word_1_690' title='bbox 3088 3035 3447 3104; x_wconf 69' lang='grc' dir='ltr'>ψευδόμενοι</span> <span class='ocrx_word' id='word_1_691' title='bbox 3477 3035 3527 3086; x_wconf 75' lang='lat' dir='ltr'><strong>b.</strong></span> 
     </span>
    </p>
   </div>
   <div class='ocr_carea' id='block_1_91' title="bbox 1955 3125 3531 3204">
    <p class='ocr_par' dir='ltr' id='par_1_91' title="bbox 1955 3125 3531 3204">
     <span class='ocr_line' id='line_1_91' title="bbox 1955 3125 3531 3204; baseline -0.006 -17"><span class='ocrx_word' id='word_1_692' title='bbox 1955 3136 2078 3188; x_wconf 87' lang='grc' dir='ltr'>Ὅτι</span> <span class='ocrx_word' id='word_1_693' title='bbox 2094 3134 2151 3187; x_wconf 88' lang='lat'>66</span> <span class='ocrx_word' id='word_1_694' title='bbox 2173 3133 2274 3187; x_wconf 86' lang='grc' dir='ltr'>κᾶν</span> <span class='ocrx_word' id='word_1_695' title='bbox 2293 3132 2571 3204; x_wconf 80' lang='grc' dir='ltr'>ἀληθεύων</span> <span class='ocrx_word' id='word_1_696' title='bbox 2593 3132 2740 3204; x_wconf 80' lang='grc' dir='ltr'>εἴπῃ,</span> <span class='ocrx_word' id='word_1_697' title='bbox 2761 3131 2823 3183; x_wconf 74' lang='grc' dir='ltr'>σὺ</span> <span class='ocrx_word' id='word_1_698' title='bbox 2851 3130 2906 3182; x_wconf 84' lang='grc' dir='ltr'>δέ</span> <span class='ocrx_word' id='word_1_699' title='bbox 2930 3128 3045 3199; x_wconf 82' lang='grc' dir='ltr'>μετ’</span> <span class='ocrx_word' id='word_1_700' title='bbox 3062 3126 3357 3190; x_wconf 87' lang='grc' dir='ltr'>ἐπιεικείας</span> <span class='ocrx_word' id='word_1_701' title='bbox 3381 3125 3531 3191; x_wconf 88' lang='grc' dir='ltr'>ἐνέγ-</span> 
     </span>
    </p>
   </div>
   <div class='ocr_carea' id='block_1_92' title="bbox 1954 3218 3529 3297">
    <p class='ocr_par' dir='ltr' id='par_1_92' title="bbox 1954 3218 3529 3297">
     <span class='ocr_line' id='line_1_92' title="bbox 1954 3218 3529 3297; baseline -0.008 -17"><span class='ocrx_word' id='word_1_702' title='bbox 1954 3244 2056 3297; x_wconf 89' lang='grc' dir='ltr'>κῃς</span> <span class='ocrx_word' id='word_1_703' title='bbox 2077 3227 2146 3278; x_wconf 82' lang='grc' dir='ltr'>τά</span> <span class='ocrx_word' id='word_1_704' title='bbox 2170 3227 2409 3296; x_wconf 77' lang='grc' dir='ltr'>ῥήματα.</span> <span class='ocrx_word' id='word_1_705' title='bbox 2433 3223 2526 3276; x_wconf 76' lang='grc' dir='ltr'>καὶ</span> <span class='ocrx_word' id='word_1_706' title='bbox 2551 3223 2624 3293; x_wconf 84' lang='grc' dir='ltr'>μὴ</span> <span class='ocrx_word' id='word_1_707' title='bbox 2651 3221 2998 3292; x_wconf 86' lang='grc' dir='ltr'>ἁνθυϐρίσῃς,</span> <span class='ocrx_word' id='word_1_708' title='bbox 3032 3219 3166 3290; x_wconf 82' lang='grc' dir='ltr'>μηδέ</span> <span class='ocrx_word' id='word_1_709' title='bbox 3194 3218 3529 3290; x_wconf 85' lang='grc' dir='ltr'>λοιδορήσῃς,</span> 
     </span>
    </p>
   </div>
   <div class='ocr_carea' id='block_1_93' title="bbox 1953 3307 3532 3385">
    <p class='ocr_par' dir='ltr' id='par_1_93' title="bbox 1953 3307 3532 3385">
     <span class='ocr_line' id='line_1_93' title="bbox 1953 3307 3532 3385; baseline -0.008 -15"><span class='ocrx_word' id='word_1_710' title='bbox 1953 3316 2087 3370; x_wconf 87' lang='grc' dir='ltr'>ἀλλά</span> <span class='ocrx_word' id='word_1_711' title='bbox 2104 3314 2362 3385; x_wconf 84' lang='grc' dir='ltr'>στενάξῃς</span> <span class='ocrx_word' id='word_1_712' title='bbox 2380 3313 2596 3383; x_wconf 84' lang='grc' dir='ltr'>πικρὸν,</span> <span class='ocrx_word' id='word_1_713' title='bbox 2613 3312 2706 3366; x_wconf 72' lang='grc' dir='ltr'>καὶ</span> <span class='ocrx_word' id='word_1_714' title='bbox 2723 3310 3005 3381; x_wconf 81' lang='grc' dir='ltr'>καταγνῷς</span> <span class='ocrx_word' id='word_1_715' title='bbox 3020 3311 3127 3363; x_wconf 89' lang='grc' dir='ltr'>τῶν</span> <span class='ocrx_word' id='word_1_716' title='bbox 3144 3307 3532 3379; x_wconf 87' lang='grc' dir='ltr'>πεπλημμελη-</span> 
     </span>
    </p>
   </div>
   <div class='ocr_carea' id='block_1_94' title="bbox 1959 3401 3528 3482">
    <p class='ocr_par' dir='ltr' id='par_1_94' title="bbox 1959 3401 3528 3482">
     <span class='ocr_line' id='line_1_94' title="bbox 1959 3401 3528 3482; baseline -0.008 -17"><span class='ocrx_word' id='word_1_717' title='bbox 1959 3411 2154 3482; x_wconf 87' lang='grc' dir='ltr'>μένων,</span> <span class='ocrx_word' id='word_1_718' title='bbox 2182 3411 2280 3463; x_wconf 85' lang='grc' dir='ltr'>οὑκ</span> <span class='ocrx_word' id='word_1_719' title='bbox 2302 3409 2558 3462; x_wconf 85' lang='grc' dir='ltr'>ἐλάττονα</span> <span class='ocrx_word' id='word_1_720' title='bbox 2587 3405 2681 3460; x_wconf 89' lang='grc' dir='ltr'>τοῦ</span> <span class='ocrx_word' id='word_1_721' title='bbox 2705 3406 2970 3477; x_wconf 86' lang='grc' dir='ltr'>προτέρου</span> <span class='ocrx_word' id='word_1_722' title='bbox 3010 3403 3280 3475; x_wconf 85' lang='grc' dir='ltr'>καρπώσῃ</span> <span class='ocrx_word' id='word_1_723' title='bbox 3305 3401 3494 3473; x_wconf 90' lang='grc' dir='ltr'>μισθόν</span> <span class='ocrx_word' id='word_1_724' title='bbox 3512 3413 3528 3429; x_wconf 87' lang='grc'>⁶</span> 
     </span>
    </p>
   </div>
   <div class='ocr_carea' id='block_1_95' title="bbox 1957 3493 3533 3569">
    <p class='ocr_par' dir='ltr' id='par_1_95' title="bbox 1957 3493 3533 3569">
     <span class='ocr_line' id='line_1_95' title="bbox 1957 3493 3533 3569; baseline -0.006 -12"><span class='ocrx_word' id='word_1_725' title='bbox 1957 3505 2049 3557; x_wconf 81' lang='grc' dir='ltr'>καὶ</span> <span class='ocrx_word' id='word_1_726' title='bbox 2079 3502 2235 3555; x_wconf 91' lang='grc' dir='ltr'>τοῦτο</span> <span class='ocrx_word' id='word_1_727' title='bbox 2266 3501 2373 3555; x_wconf 88' lang='grc' dir='ltr'>ἀπὸ</span> <span class='ocrx_word' id='word_1_728' title='bbox 2403 3500 2510 3552; x_wconf 91' lang='grc' dir='ltr'>τῶν</span> <span class='ocrx_word' id='word_1_729' title='bbox 2537 3498 2769 3569; x_wconf 84' lang='grc' dir='ltr'>Γραφῶν</span> <span class='ocrx_word' id='word_1_730' title='bbox 2796 3498 2920 3568; x_wconf 88' lang='grc' dir='ltr'>ὑμῖν</span> <span class='ocrx_word' id='word_1_731' title='bbox 2957 3495 3304 3566; x_wconf 88' lang='grc' dir='ltr'>παραστῆσαι</span> <span class='ocrx_word' id='word_1_732' title='bbox 3343 3493 3533 3564; x_wconf 87' lang='grc' dir='ltr'>πειρά-</span> 
     </span>
    </p>
   </div>
   <div class='ocr_carea' id='block_1_96' title="bbox 1957 3588 3532 3665">
    <p class='ocr_par' dir='ltr' id='par_1_96' title="bbox 1957 3588 3532 3665">
     <span class='ocr_line' id='line_1_96' title="bbox 1957 3588 3532 3665; baseline -0.004 -18"><span class='ocrx_word' id='word_1_733' title='bbox 1957 3613 2140 3665; x_wconf 90' lang='grc' dir='ltr'>σομαι,</span> <span class='ocrx_word' id='word_1_734' title='bbox 2167 3595 2255 3647; x_wconf 85' lang='grc' dir='ltr'>ἴνα</span> <span class='ocrx_word' id='word_1_735' title='bbox 2289 3592 2494 3662; x_wconf 86' lang='grc' dir='ltr'>μάθητε</span> <span class='ocrx_word' id='word_1_736' title='bbox 2528 3593 2609 3645; x_wconf 80' lang='grc' dir='ltr'>ὅτι</span> <span class='ocrx_word' id='word_1_737' title='bbox 2645 3591 2744 3643; x_wconf 86' lang='grc' dir='ltr'>ὅσα</span> <span class='ocrx_word' id='word_1_738' title='bbox 2772 3591 2872 3642; x_wconf 86' lang='grc' dir='ltr'>οὑκ</span> <span class='ocrx_word' id='word_1_739' title='bbox 2903 3589 3172 3658; x_wconf 85' lang='grc' dir='ltr'>ὠφελοῦσι</span> <span class='ocrx_word' id='word_1_740' title='bbox 3206 3588 3350 3656; x_wconf 89' lang='grc' dir='ltr'>φίλοι</span> <span class='ocrx_word' id='word_1_741' title='bbox 3376 3589 3532 3640; x_wconf 87' lang='grc' dir='ltr'>ἐπαι-</span> 
     </span>
    </p>
   </div>
   <div class='ocr_carea' id='block_1_97' title="bbox 1955 3678 3532 3753">
    <p class='ocr_par' dir='ltr' id='par_1_97' title="bbox 1955 3678 3532 3753">
     <span class='ocr_line' id='line_1_97' title="bbox 1955 3678 3532 3753; baseline -0.006 -15"><span class='ocrx_word' id='word_1_742' title='bbox 1955 3685 2171 3746; x_wconf 87' lang='grc' dir='ltr'>νοῦντες</span> <span class='ocrx_word' id='word_1_743' title='bbox 2203 3683 2296 3736; x_wconf 77' lang='grc' dir='ltr'>καὶ</span> <span class='ocrx_word' id='word_1_744' title='bbox 2333 3681 2699 3753; x_wconf 81' lang='grc' dir='ltr'>χαριζόμενοι,</span> <span class='ocrx_word' id='word_1_745' title='bbox 2730 3679 2965 3732; x_wconf 89' lang='grc' dir='ltr'>τοσαῦτα</span> <span class='ocrx_word' id='word_1_746' title='bbox 3013 3679 3313 3748; x_wconf 84' lang='grc' dir='ltr'>ὠφελοῦσιν</span> <span class='ocrx_word' id='word_1_747' title='bbox 3347 3678 3532 3748; x_wconf 76' lang='grc' dir='ltr'>ἐχθροὶ</span> 
     </span>
    </p>
   </div>
   <div class='ocr_carea' id='block_1_98' title="bbox 1956 3770 3530 3842">
    <p class='ocr_par' dir='ltr' id='par_1_98' title="bbox 1956 3770 3530 3842">
     <span class='ocr_line' id='line_1_98' title="bbox 1956 3770 3530 3842; baseline -0.004 -13"><span class='ocrx_word' id='word_1_748' title='bbox 1956 3775 2140 3838; x_wconf 88' lang='grc' dir='ltr'>κακῶς</span> <span class='ocrx_word' id='word_1_749' title='bbox 2169 3774 2438 3842; x_wconf 87' lang='grc' dir='ltr'>λέγοντες,</span> <span class='ocrx_word' id='word_1_750' title='bbox 2480 3773 2584 3826; x_wconf 83' lang='grc' dir='ltr'>κᾶν</span> <span class='ocrx_word' id='word_1_751' title='bbox 2626 3771 2962 3840; x_wconf 86' lang='grc' dir='ltr'>ἀληθεύωσι,</span> <span class='ocrx_word' id='word_1_752' title='bbox 2998 3771 3155 3842; x_wconf 89' lang='grc' dir='ltr'>μόνον</span> <span class='ocrx_word' id='word_1_753' title='bbox 3184 3770 3249 3823; x_wconf 86' lang='grc' dir='ltr'>ἂν</span> <span class='ocrx_word' id='word_1_754' title='bbox 3291 3772 3371 3832; x_wconf 85' lang='grc' dir='ltr'>είς</span> <span class='ocrx_word' id='word_1_755' title='bbox 3411 3770 3530 3823; x_wconf 88' lang='grc' dir='ltr'>δέον</span> 
     </span>
    </p>
   </div>
   <div class='ocr_carea' id='block_1_99' title="bbox 1956 3862 3530 3940">
    <p class='ocr_par' dir='ltr' id='par_1_99' title="bbox 1956 3862 3530 3940">
     <span class='ocr_line' id='line_1_99' title="bbox 1956 3862 3530 3940; baseline -0.004 -19"><span class='ocrx_word' id='word_1_756' title='bbox 1956 3872 2117 3940; x_wconf 86' lang='grc' dir='ltr'>ἡμεῖς</span> <span class='ocrx_word' id='word_1_757' title='bbox 2149 3871 2270 3929; x_wconf 82' lang='grc' dir='ltr'>ταῖς</span> <span class='ocrx_word' id='word_1_758' title='bbox 2313 3866 2666 3936; x_wconf 86' lang='grc' dir='ltr'>κατηγορίαις</span> <span class='ocrx_word' id='word_1_759' title='bbox 2702 3864 3010 3936; x_wconf 87' lang='grc' dir='ltr'>χρήσασθαι</span> <span class='ocrx_word' id='word_1_760' title='bbox 3055 3862 3426 3936; x_wconf 84' lang='grc' dir='ltr'>βουληθῶμεν.</span> <span class='ocrx_word' id='word_1_761' title='bbox 3465 3864 3530 3915; x_wconf 74' lang='grc' dir='ltr'>(ὶί</span> 
     </span>
    </p>
   </div>
   <div class='ocr_carea' id='block_1_100' title="bbox 1959 3953 3527 4032">
    <p class='ocr_par' dir='ltr' id='par_1_100' title="bbox 1959 3953 3527 4032">
     <span class='ocr_line' id='line_1_100' title="bbox 1959 3953 3527 4032; baseline -0.004 -20"><span class='ocrx_word' id='word_1_762' title='bbox 1959 3961 2057 4032; x_wconf 80' lang='grc' dir='ltr'>μὲν</span> <span class='ocrx_word' id='word_1_763' title='bbox 2079 3962 2186 4030; x_wconf 80' lang='grc' dir='ltr'>γὰρ</span> <span class='ocrx_word' id='word_1_764' title='bbox 2208 3959 2349 4027; x_wconf 72' lang='grc' dir='ltr'>φίλοι</span> <span class='ocrx_word' id='word_1_765' title='bbox 2372 3957 2628 4020; x_wconf 86' lang='grc' dir='ltr'>πολλάκις</span> <span class='ocrx_word' id='word_1_766' title='bbox 2650 3957 2744 4009; x_wconf 77' lang='grc' dir='ltr'>καὶ</span> <span class='ocrx_word' id='word_1_767' title='bbox 2773 3956 2907 4024; x_wconf 85' lang='grc' dir='ltr'>πρὸς</span> <span class='ocrx_word' id='word_1_768' title='bbox 2931 3956 3086 4025; x_wconf 82' lang='grc' dir='ltr'>χάριν</span> <span class='ocrx_word' id='word_1_769' title='bbox 3115 3953 3497 4008; x_wconf 85' lang='grc' dir='ltr'>κολακεύουσιν</span> <span class='ocrx_word' id='word_1_770' title='bbox 3513 3971 3527 3984; x_wconf 86' lang='grc'><strong>·</strong></span> 
     </span>
    </p>
   </div>
   <div class='ocr_carea' id='block_1_101' title="bbox 1955 4046 3530 4121">
    <p class='ocr_par' dir='ltr' id='par_1_101' title="bbox 1955 4046 3530 4121">
     <span class='ocr_line' id='line_1_101' title="bbox 1955 4046 3530 4121; baseline -0.003 -16"><span class='ocrx_word' id='word_1_771' title='bbox 1955 4055 2004 4107; x_wconf 86' lang='grc' dir='ltr'>οἱ</span> <span class='ocrx_word' id='word_1_772' title='bbox 2025 4052 2069 4104; x_wconf 88' lang='grc' dir='ltr'>δ’</span> <span class='ocrx_word' id='word_1_773' title='bbox 2092 4050 2183 4121; x_wconf 82' lang='grc' dir='ltr'>ἐχθ</span> <span class='ocrx_word' id='word_1_774' title='bbox 2193 4052 2272 4121; x_wconf 79' lang='lat' dir='ltr'>po‘:</span> <span class='ocrx_word' id='word_1_775' title='bbox 2289 4050 2354 4103; x_wconf 75' lang='grc' dir='ltr'>τὰ</span> <span class='ocrx_word' id='word_1_776' title='bbox 2373 4049 2744 4120; x_wconf 86' lang='grc' dir='ltr'>ἁμαρτήματα</span> <span class='ocrx_word' id='word_1_777' title='bbox 2764 4050 2842 4111; x_wconf 82' lang='grc' dir='ltr'>εἰς</span> <span class='ocrx_word' id='word_1_778' title='bbox 2868 4047 3031 4118; x_wconf 91' lang='grc' dir='ltr'>μέσον</span> <span class='ocrx_word' id='word_1_779' title='bbox 3052 4046 3295 4114; x_wconf 81' lang='grc' dir='ltr'>ἄγουσιν.</span> <span class='ocrx_word' id='word_1_780' title='bbox 3313 4046 3530 4120; x_wconf 85' lang='grc' dir='ltr'>Ἐπειδὴ</span> 
     </span>
    </p>
   </div>
   <div class='ocr_carea' id='block_1_102' title="bbox 1956 4137 3531 4214">
    <p class='ocr_par' dir='ltr' id='par_1_102' title="bbox 1956 4137 3531 4214">
     <span class='ocr_line' id='line_1_102' title="bbox 1956 4137 3531 4214; baseline -0.005 -19"><span class='ocrx_word' id='word_1_781' title='bbox 1956 4143 2066 4214; x_wconf 87' lang='grc' dir='ltr'>γὰρ</span> <span class='ocrx_word' id='word_1_782' title='bbox 2122 4141 2227 4193; x_wconf 87' lang='grc' dir='ltr'>ὑπὸ</span> <span class='ocrx_word' id='word_1_783' title='bbox 2277 4139 2560 4208; x_wconf 84' lang='grc' dir='ltr'>φιλαυτίας</span> <span class='ocrx_word' id='word_1_784' title='bbox 2605 4139 2762 4207; x_wconf 85' lang='grc' dir='ltr'>ἡμεῖς</span> <span class='ocrx_word' id='word_1_785' title='bbox 2804 4137 2872 4190; x_wconf 78' lang='grc' dir='ltr'>τά</span> <span class='ocrx_word' id='word_1_786' title='bbox 2915 4137 3162 4207; x_wconf 82' lang='grc' dir='ltr'>ἡμέτερα</span> <span class='ocrx_word' id='word_1_787' title='bbox 3208 4137 3531 4208; x_wconf 84' lang='grc' dir='ltr'>πλημμελή-</span> 
     </span>
    </p>
   </div>
   <div class='ocr_carea' id='block_1_103' title="bbox 1960 4230 3531 4303">
    <p class='ocr_par' dir='ltr' id='par_1_103' title="bbox 1960 4230 3531 4303">
     <span class='ocr_line' id='line_1_103' title="bbox 1960 4230 3531 4303; baseline 0.001 -18"><span class='ocrx_word' id='word_1_788' title='bbox 1960 4249 2104 4303; x_wconf 89' lang='grc' dir='ltr'>ματα</span> <span class='ocrx_word' id='word_1_789' title='bbox 2133 4232 2232 4302; x_wconf 89' lang='grc' dir='ltr'>οὑχ</span> <span class='ocrx_word' id='word_1_790' title='bbox 2267 4232 2501 4302; x_wconf 79' lang='grc' dir='ltr'>ὁρῶμεν,</span> <span class='ocrx_word' id='word_1_791' title='bbox 2527 4231 2632 4283; x_wconf 89' lang='grc' dir='ltr'>ὑπὸ</span> <span class='ocrx_word' id='word_1_792' title='bbox 2659 4230 2755 4300; x_wconf 84' lang='grc' dir='ltr'>τῆς</span> <span class='ocrx_word' id='word_1_793' title='bbox 2801 4230 2999 4301; x_wconf 80' lang='grc' dir='ltr'>ἔχθρας</span> <span class='ocrx_word' id='word_1_794' title='bbox 3041 4231 3238 4285; x_wconf 82' lang='grc' dir='ltr'>ἐκεῖνοι</span> <span class='ocrx_word' id='word_1_795' title='bbox 3271 4231 3531 4295; x_wconf 75' lang='grc' dir='ltr'>πολλάκις</span> 
     </span>
    </p>
   </div>
   <div class='ocr_carea' id='block_1_104' title="bbox 1957 4322 3531 4395">
    <p class='ocr_par' dir='ltr' id='par_1_104' title="bbox 1957 4322 3531 4395">
     <span class='ocr_line' id='line_1_104' title="bbox 1957 4322 3531 4395; baseline 0 -19"><span class='ocrx_word' id='word_1_796' title='bbox 1957 4324 2114 4395; x_wconf 86' lang='grc' dir='ltr'>ήμῶν</span> <span class='ocrx_word' id='word_1_797' title='bbox 2143 4323 2532 4394; x_wconf 76' lang='grc' dir='ltr'>ἀκριϐέστερον</span> <span class='ocrx_word' id='word_1_798' title='bbox 2558 4323 2902 4393; x_wconf 79' lang='grc' dir='ltr'>θεασάμενοι,</span> <span class='ocrx_word' id='word_1_799' title='bbox 2933 4322 3029 4377; x_wconf 70' lang='grc' dir='ltr'>καὶ</span> <span class='ocrx_word' id='word_1_800' title='bbox 3064 4323 3420 4388; x_wconf 80' lang='grc' dir='ltr'>ὀνειδίσαντες</span> <span class='ocrx_word' id='word_1_801' title='bbox 3450 4324 3531 4387; x_wconf 84' lang='grc' dir='ltr'>είς</span> 
     </span>
    </p>
   </div>
   <div class='ocr_carea' id='block_1_105' title="bbox 1956 4415 3530 4487">
    <p class='ocr_par' dir='ltr' id='par_1_105' title="bbox 1956 4415 3530 4487">
     <span class='ocr_line' id='line_1_105' title="bbox 1956 4415 3530 4487; baseline -0.001 -16"><span class='ocrx_word' id='word_1_802' title='bbox 1956 4417 2200 4485; x_wconf 85' lang='grc' dir='ltr'>ἀνάγκην</span> <span class='ocrx_word' id='word_1_803' title='bbox 2220 4415 2367 4487; x_wconf 83' lang='lat'>[775]</span> <span class='ocrx_word' id='word_1_804' title='bbox 2391 4417 2538 4486; x_wconf 83' lang='grc' dir='ltr'>ἡμᾶς</span> <span class='ocrx_word' id='word_1_805' title='bbox 2559 4415 2807 4469; x_wconf 82' lang='grc' dir='ltr'>ἐνέϐαλον</span> <span class='ocrx_word' id='word_1_806' title='bbox 2829 4415 3183 4486; x_wconf 88' lang='grc' dir='ltr'>διορθώσεως,</span> <span class='ocrx_word' id='word_1_807' title='bbox 3201 4415 3294 4470; x_wconf 81' lang='grc' dir='ltr'>καὶ</span> <span class='ocrx_word' id='word_1_808' title='bbox 3309 4415 3530 4485; x_wconf 86' lang='grc' dir='ltr'>γέγονεν</span> 
     </span>
    </p>
   </div>
   <div class='ocr_carea' id='block_1_106' title="bbox 1957 4505 3533 4578">
    <p class='ocr_par' dir='ltr' id='par_1_106' title="bbox 1957 4505 3533 4578">
     <span class='ocr_line' id='line_1_106' title="bbox 1957 4505 3533 4578; baseline 0.003 -20"><span class='ocrx_word' id='word_1_809' title='bbox 1957 4508 2144 4578; x_wconf 88' lang='grc' dir='ltr'>ἡμῖνή</span> <span class='ocrx_word' id='word_1_810' title='bbox 2177 4505 2343 4576; x_wconf 75' lang='grc' dir='ltr'>ἔχθρα</span> <span class='ocrx_word' id='word_1_811' title='bbox 2377 4507 2638 4576; x_wconf 83' lang='grc' dir='ltr'>μεγίστης</span> <span class='ocrx_word' id='word_1_812' title='bbox 2675 4506 2941 4577; x_wconf 80' lang='grc' dir='ltr'>ὡφελείας</span> <span class='ocrx_word' id='word_1_813' title='bbox 2969 4505 3244 4573; x_wconf 84' lang='grc' dir='ltr'>ὑπόθεσις,</span> <span class='ocrx_word' id='word_1_814' title='bbox 3279 4508 3342 4561; x_wconf 88' lang='grc' dir='ltr'>ού</span> <span class='ocrx_word' id='word_1_815' title='bbox 3370 4509 3533 4578; x_wconf 87' lang='grc' dir='ltr'>μόνον</span> 
     </span>
    </p>
   </div>
   <div class='ocr_carea' id='block_1_107' title="bbox 1957 4596 3533 4674">
    <p class='ocr_par' dir='ltr' id='par_1_107' title="bbox 1957 4596 3533 4674">
     <span class='ocr_line' id='line_1_107' title="bbox 1957 4596 3533 4674; baseline 0.002 -24"><span class='ocrx_word' id='word_1_816' title='bbox 1957 4597 2038 4650; x_wconf 79' lang='grc' dir='ltr'>ὅτι</span> <span class='ocrx_word' id='word_1_817' title='bbox 2087 4596 2519 4668; x_wconf 86' lang='grc' dir='ltr'>μιμνησκόμενοι</span> <span class='ocrx_word' id='word_1_818' title='bbox 2565 4597 2694 4669; x_wconf 87' lang='grc' dir='ltr'>παρ’</span> <span class='ocrx_word' id='word_1_819' title='bbox 2741 4598 2965 4652; x_wconf 89' lang='grc' dir='ltr'>ἐκείνων</span> <span class='ocrx_word' id='word_1_820' title='bbox 3014 4597 3243 4669; x_wconf 86' lang='grc' dir='ltr'>νοοῦμεν</span> <span class='ocrx_word' id='word_1_821' title='bbox 3273 4599 3429 4674; x_wconf 87' lang='grc' dir='ltr'>ήμῶν</span> <span class='ocrx_word' id='word_1_822' title='bbox 3464 4600 3533 4653; x_wconf 84' lang='grc' dir='ltr'>τά</span> 
     </span>
    </p>
   </div>
   <div class='ocr_carea' id='block_1_108' title="bbox 1958 4689 3532 4763">
    <p class='ocr_par' dir='ltr' id='par_1_108' title="bbox 1958 4689 3532 4763">
     <span class='ocr_line' id='line_1_108' title="bbox 1958 4689 3532 4763; baseline 0.001 -21"><span class='ocrx_word' id='word_1_823' title='bbox 1958 4689 2366 4761; x_wconf 81' lang='grc' dir='ltr'>ἁμαρτήματα,</span> <span class='ocrx_word' id='word_1_824' title='bbox 2413 4689 2526 4742; x_wconf 84' lang='grc' dir='ltr'>ἀλλ’</span> <span class='ocrx_word' id='word_1_825' title='bbox 2555 4691 2637 4744; x_wconf 82' lang='grc' dir='ltr'>ὅτι</span> <span class='ocrx_word' id='word_1_826' title='bbox 2675 4692 2814 4746; x_wconf 80' lang='grc' dir='ltr'>αὐτὰ</span> <span class='ocrx_word' id='word_1_827' title='bbox 2861 4693 2955 4746; x_wconf 78' lang='grc' dir='ltr'>καὶ</span> <span class='ocrx_word' id='word_1_828' title='bbox 2998 4693 3387 4763; x_wconf 86' lang='grc' dir='ltr'>ἀποτιθέμεθα.</span> <span class='ocrx_word' id='word_1_829' title='bbox 3437 4693 3532 4746; x_wconf 78' lang='grc' dir='ltr'>Ἂν</span> 
     </span>
    </p>
   </div>
   <div class='ocr_carea' id='block_1_109' title="bbox 1957 4781 3532 4856">
    <p class='ocr_par' dir='ltr' id='par_1_109' title="bbox 1957 4781 3532 4856">
     <span class='ocr_line' id='line_1_109' title="bbox 1957 4781 3532 4856; baseline 0.004 -23"><span class='ocrx_word' id='word_1_830' title='bbox 1957 4781 2066 4852; x_wconf 84' lang='grc' dir='ltr'>γὰρ</span> <span class='ocrx_word' id='word_1_831' title='bbox 2102 4781 2336 4854; x_wconf 65' lang='grc' dir='ltr'>ὀνειδίσῃ</span> <span class='ocrx_word' id='word_1_832' title='bbox 2363 4799 2420 4834; x_wconf 89' lang='grc' dir='ltr'>σε</span> <span class='ocrx_word' id='word_1_833' title='bbox 2450 4784 2477 4835; x_wconf 92' lang='lat'>6</span> <span class='ocrx_word' id='word_1_834' title='bbox 2506 4782 2696 4854; x_wconf 84' lang='grc' dir='ltr'>ἐχθρὸς</span> <span class='ocrx_word' id='word_1_835' title='bbox 2722 4785 3045 4856; x_wconf 84' lang='grc' dir='ltr'>ἁμάρτημα,</span> <span class='ocrx_word' id='word_1_836' title='bbox 3064 4785 3092 4838; x_wconf 83' lang='grc' dir='ltr'><strong>ὃ</strong></span> <span class='ocrx_word' id='word_1_837' title='bbox 3120 4788 3184 4840; x_wconf 81' lang='grc' dir='ltr'>σὺ</span> <span class='ocrx_word' id='word_1_838' title='bbox 3209 4784 3389 4856; x_wconf 84' lang='grc' dir='ltr'>σαυτῷ</span> <span class='ocrx_word' id='word_1_839' title='bbox 3415 4784 3532 4839; x_wconf 85' lang='grc' dir='ltr'>σύν-</span> 
     </span>
    </p>
   </div>
   <div class='ocr_carea' id='block_1_110' title="bbox 1956 4874 3530 4950">
    <p class='ocr_par' dir='ltr' id='par_1_110' title="bbox 1956 4874 3530 4950">
     <span class='ocr_line' id='line_1_110' title="bbox 1956 4874 3530 4950; baseline 0.009 -23"><span class='ocrx_word' id='word_1_840' title='bbox 1956 4874 2122 4939; x_wconf 88' lang='grc' dir='ltr'>οιδας,</span> <span class='ocrx_word' id='word_1_841' title='bbox 2145 4877 2209 4930; x_wconf 83' lang='grc' dir='ltr'>σὺ</span> <span class='ocrx_word' id='word_1_842' title='bbox 2229 4876 2273 4929; x_wconf 88' lang='grc' dir='ltr'>δ’</span> <span class='ocrx_word' id='word_1_843' title='bbox 2295 4877 2534 4940; x_wconf 88' lang='grc' dir='ltr'>ἀκούσας</span> <span class='ocrx_word' id='word_1_844' title='bbox 2559 4879 2763 4933; x_wconf 83' lang='grc' dir='ltr'>ἐκεῖνον</span> <span class='ocrx_word' id='word_1_845' title='bbox 2792 4879 2890 4949; x_wconf 84' lang='grc' dir='ltr'>μὲν</span> <span class='ocrx_word' id='word_1_846' title='bbox 2910 4880 2983 4950; x_wconf 84' lang='grc' dir='ltr'>μὴ</span> <span class='ocrx_word' id='word_1_847' title='bbox 3004 4879 3252 4950; x_wconf 89' lang='grc' dir='ltr'>ὑϐρίσῃς,</span> <span class='ocrx_word' id='word_1_848' title='bbox 3273 4879 3530 4949; x_wconf 81' lang='grc' dir='ltr'>στενάξῃς</span> 
     </span>
    </p>
   </div>
   <div class='ocr_carea' id='block_1_111' title="bbox 1957 4965 3529 5042">
    <p class='ocr_par' dir='ltr' id='par_1_111' title="bbox 1957 4965 3529 5042">
     <span class='ocr_line' id='line_1_111' title="bbox 1957 4965 3529 5042; baseline 0.003 -23"><span class='ocrx_word' id='word_1_849' title='bbox 1957 4965 2013 5020; x_wconf 84' lang='grc' dir='ltr'>δὲ</span> <span class='ocrx_word' id='word_1_850' title='bbox 2051 4969 2267 5039; x_wconf 87' lang='grc' dir='ltr'>πικρὸν,</span> <span class='ocrx_word' id='word_1_851' title='bbox 2290 4970 2493 5023; x_wconf 75' lang='grc' dir='ltr'>καὶτὸν</span> <span class='ocrx_word' id='word_1_852' title='bbox 2515 4969 2646 5022; x_wconf 88' lang='grc' dir='ltr'>Θεὸν</span> <span class='ocrx_word' id='word_1_853' title='bbox 2671 4971 3080 5042; x_wconf 85' lang='grc' dir='ltr'>παρακαλέσῃς,</span> <span class='ocrx_word' id='word_1_854' title='bbox 3103 4971 3306 5034; x_wconf 86' lang='grc' dir='ltr'>εὐθέως</span> <span class='ocrx_word' id='word_1_855' title='bbox 3327 4969 3529 5024; x_wconf 78' lang='grc' dir='ltr'>ἀπέθου</span> 
     </span>
    </p>
   </div>
   <div class='ocr_carea' id='block_1_112' title="bbox 1957 5057 3534 5134">
    <p class='ocr_par' dir='ltr' id='par_1_112' title="bbox 1957 5057 3534 5134">
     <span class='ocr_line' id='line_1_112' title="bbox 1957 5057 3534 5134; baseline 0.003 -23"><span class='ocrx_word' id='word_1_856' title='bbox 1957 5057 2054 5128; x_wconf 79' lang='grc' dir='ltr'>τήν</span> <span class='ocrx_word' id='word_1_857' title='bbox 2084 5058 2358 5129; x_wconf 85' lang='grc' dir='ltr'>ἁμαρτίαν</span> <span class='ocrx_word' id='word_1_858' title='bbox 2380 5059 2615 5116; x_wconf 76' lang='grc' dir='ltr'>ἅπασαν.</span> <span class='ocrx_word' id='word_1_859' title='bbox 2638 5058 2788 5134; x_wconf 71' lang='grc' dir='ltr'>’Ἄρα</span> <span class='ocrx_word' id='word_1_860' title='bbox 2812 5063 2865 5115; x_wconf 90' lang='grc' dir='ltr'>τί</span> <span class='ocrx_word' id='word_1_861' title='bbox 2893 5062 3082 5115; x_wconf 91' lang='grc' dir='ltr'>τούτου</span> <span class='ocrx_word' id='word_1_862' title='bbox 3112 5062 3310 5130; x_wconf 85' lang='grc' dir='ltr'>γένοιτ’</span> <span class='ocrx_word' id='word_1_863' title='bbox 3331 5061 3399 5116; x_wconf 82' lang='grc' dir='ltr'>ἂν</span> <span class='ocrx_word' id='word_1_864' title='bbox 3428 5079 3534 5133; x_wconf 87' lang='grc' dir='ltr'>μα-</span> 
     </span>
    </p>
   </div>
   <div class='ocr_carea' id='block_1_113' title="bbox 1958 5151 3533 5226">
    <p class='ocr_par' dir='ltr' id='par_1_113' title="bbox 1958 5151 3533 5226">
     <span class='ocr_line' id='line_1_113' title="bbox 1958 5151 3533 5226; baseline 0.004 -23"><span class='ocrx_word' id='word_1_865' title='bbox 1958 5151 2326 5223; x_wconf 87' lang='grc' dir='ltr'>καριώτερον;</span> <span class='ocrx_word' id='word_1_866' title='bbox 2365 5152 2418 5204; x_wconf 90' lang='grc' dir='ltr'>τί</span> <span class='ocrx_word' id='word_1_867' title='bbox 2466 5152 2512 5206; x_wconf 89' lang='grc' dir='ltr'>δ’</span> <span class='ocrx_word' id='word_1_868' title='bbox 2549 5154 2912 5226; x_wconf 84' lang='grc' dir='ltr'>εὐκολώτερον</span> <span class='ocrx_word' id='word_1_869' title='bbox 2944 5154 3082 5225; x_wconf 89' lang='grc' dir='ltr'>πρὸς</span> <span class='ocrx_word' id='word_1_870' title='bbox 3120 5154 3533 5225; x_wconf 82' lang='grc' dir='ltr'>ἁμαρτημάτων</span> 
     </span>
    </p>
   </div>
   <div class='ocr_carea' id='block_1_114' title="bbox 1956 5243 3533 5319">
    <p class='ocr_par' dir='ltr' id='par_1_114' title="bbox 1956 5243 3533 5319">
     <span class='ocr_line' id='line_1_114' title="bbox 1956 5243 3533 5319; baseline 0.003 -24"><span class='ocrx_word' id='word_1_871' title='bbox 1956 5243 2308 5314; x_wconf 86' lang='grc' dir='ltr'>ἀπαλλαγήν;</span> <span class='ocrx_word' id='word_1_872' title='bbox 2346 5245 2484 5299; x_wconf 82' lang='grc' dir='ltr'>Ἀλλ’</span> <span class='ocrx_word' id='word_1_873' title='bbox 2536 5247 2620 5300; x_wconf 79' lang='grc' dir='ltr'>ἵνα</span> <span class='ocrx_word' id='word_1_874' title='bbox 2667 5248 2740 5318; x_wconf 83' lang='grc' dir='ltr'>μὴ</span> <span class='ocrx_word' id='word_1_875' title='bbox 2782 5247 3008 5319; x_wconf 87' lang='grc' dir='ltr'>νομίσῃς</span> <span class='ocrx_word' id='word_1_876' title='bbox 3041 5249 3189 5318; x_wconf 83' lang='grc' dir='ltr'>ἡμᾶς</span> <span class='ocrx_word' id='word_1_877' title='bbox 3243 5247 3429 5312; x_wconf 84' lang='grc' dir='ltr'>ἁπλῶς</span> <span class='ocrx_word' id='word_1_878' title='bbox 3473 5264 3533 5300; x_wconf 88' lang='grc' dir='ltr'>σε</span> 
     </span>
    </p>
   </div>
   <div class='ocr_carea' id='block_1_115' title="bbox 1957 5331 3534 5411">
    <p class='ocr_par' dir='ltr' id='par_1_115' title="bbox 1957 5331 3534 5411">
     <span class='ocr_line' id='line_1_115' title="bbox 1957 5331 3534 5411; baseline 0.005 -27"><span class='ocrx_word' id='word_1_879' title='bbox 1957 5331 2318 5402; x_wconf 75' lang='grc' dir='ltr'>ψυχαγωγεῖν,</span> <span class='ocrx_word' id='word_1_880' title='bbox 2350 5336 2456 5389; x_wconf 85' lang='grc' dir='ltr'>ἀπὸ</span> <span class='ocrx_word' id='word_1_881' title='bbox 2479 5335 2587 5390; x_wconf 87' lang='grc' dir='ltr'>τῶν</span> <span class='ocrx_word' id='word_1_882' title='bbox 2612 5337 2767 5390; x_wconf 82' lang='grc' dir='ltr'>θείων</span> <span class='ocrx_word' id='word_1_883' title='bbox 2783 5337 3013 5408; x_wconf 87' lang='grc' dir='ltr'>Γραφῶν</span> <span class='ocrx_word' id='word_1_884' title='bbox 3041 5339 3140 5409; x_wconf 77' lang='grc' dir='ltr'>τὴν</span> <span class='ocrx_word' id='word_1_885' title='bbox 3163 5339 3302 5411; x_wconf 88' lang='grc' dir='ltr'>ὑπὲρ</span> <span class='ocrx_word' id='word_1_886' title='bbox 3330 5339 3534 5392; x_wconf 89' lang='grc' dir='ltr'>τούτων</span> 
     </span>
    </p>
   </div>
   <div class='ocr_carea' id='block_1_116' title="bbox 1958 5425 3531 5500">
    <p class='ocr_par' dir='ltr' id='par_1_116' title="bbox 1958 5425 3531 5500">
     <span class='ocr_line' id='line_1_116' title="bbox 1958 5425 3531 5500; baseline 0.002 -23"><span class='ocrx_word' id='word_1_887' title='bbox 1958 5425 2266 5496; x_wconf 83' lang='grc' dir='ltr'>παρέξομαι</span> <span class='ocrx_word' id='word_1_888' title='bbox 2303 5428 2626 5497; x_wconf 86' lang='grc' dir='ltr'>μαρτυρίαν,</span> <span class='ocrx_word' id='word_1_889' title='bbox 2661 5428 2743 5481; x_wconf 80' lang='grc' dir='ltr'>ἵνα</span> <span class='ocrx_word' id='word_1_890' title='bbox 2776 5427 2941 5498; x_wconf 81' lang='grc' dir='ltr'>μηδὲν</span> <span class='ocrx_word' id='word_1_891' title='bbox 2977 5428 3292 5500; x_wconf 79' lang='grc' dir='ltr'>ἀμφιϐάλῃς</span> <span class='ocrx_word' id='word_1_892' title='bbox 3325 5428 3531 5482; x_wconf 80' lang='grc' dir='ltr'>λοιπόν.</span> 
     </span>
    </p>
   </div>
   <div class='ocr_carea' id='block_1_117' title="bbox 1957 5514 3532 5593">
    <p class='ocr_par' dir='ltr' id='par_1_117' title="bbox 1957 5514 3532 5593">
     <span class='ocr_line' id='line_1_117' title="bbox 1957 5514 3532 5593; baseline 0.003 -26"><span class='ocrx_word' id='word_1_893' title='bbox 1957 5517 2250 5586; x_wconf 79' lang='grc' dir='ltr'>Φαρισαῖός</span> <span class='ocrx_word' id='word_1_894' title='bbox 2284 5534 2369 5581; x_wconf 89' lang='grc' dir='ltr'>τις</span> <span class='ocrx_word' id='word_1_895' title='bbox 2399 5514 2498 5589; x_wconf 80' lang='grc' dir='ltr'>ἦν,</span> <span class='ocrx_word' id='word_1_896' title='bbox 2531 5520 2625 5573; x_wconf 83' lang='grc' dir='ltr'>καὶ</span> <span class='ocrx_word' id='word_1_897' title='bbox 2665 5517 2901 5590; x_wconf 85' lang='grc' dir='ltr'>τελώνης</span> <span class='ocrx_word' id='word_1_898' title='bbox 2965 5520 2994 5573; x_wconf 89' lang='lat'>6</span> <span class='ocrx_word' id='word_1_899' title='bbox 3037 5521 3136 5593; x_wconf 88' lang='grc' dir='ltr'>μὲν</span> <span class='ocrx_word' id='word_1_900' title='bbox 3179 5522 3259 5584; x_wconf 87' lang='grc' dir='ltr'>είς</span> <span class='ocrx_word' id='word_1_901' title='bbox 3297 5521 3532 5591; x_wconf 83' lang='grc' dir='ltr'>ἐσχάτην</span> 
     </span>
    </p>
   </div>
   <div class='ocr_carea' id='block_1_118' title="bbox 1999 5735 3102 5800">
    <p class='ocr_par' dir='ltr' id='par_1_118' title="bbox 1999 5735 3102 5800">
     <span class='ocr_line' id='line_1_118' title="bbox 1999 5735 3102 5800; baseline 0.012 -19"><span class='ocrx_word' id='word_1_902' title='bbox 1999 5747 2044 5800; x_wconf 59' lang='grc' dir='ltr'>σε·</span> <span class='ocrx_word' id='word_1_903' title='bbox 2069 5735 2139 5800; x_wconf 60' lang='lat' dir='ltr'>Ex</span> <span class='ocrx_word' id='word_1_904' title='bbox 2166 5748 2267 5785; x_wconf 88' lang='lat' dir='ltr'><strong>uno</strong></span> <span class='ocrx_word' id='word_1_905' title='bbox 2287 5737 2445 5800; x_wconf 81' lang='lat' dir='ltr'><strong>Regio</strong></span> <span class='ocrx_word' id='word_1_906' title='bbox 2464 5737 2536 5788; x_wconf 82' lang='lat' dir='ltr'>sic</span> <span class='ocrx_word' id='word_1_907' title='bbox 2557 5743 2784 5792; x_wconf 80' lang='lat' dir='ltr'>restituta</span> <span class='ocrx_word' id='word_1_908' title='bbox 2813 5745 2972 5794; x_wconf 87' lang='lat' dir='ltr'>series</span> <span class='ocrx_word' id='word_1_909' title='bbox 2993 5743 3102 5794; x_wconf 81' lang='lat' dir='ltr'>fuit.</span> 
     </span>
    </p>
   </div>
   <div class='ocr_carea' id='block_1_119' title="bbox 2019 5793 3529 5871">
    <p class='ocr_par' dir='ltr' id='par_1_119' title="bbox 2019 5793 3529 5871">
     <span class='ocr_line' id='line_1_119' title="bbox 2019 5793 3529 5871; baseline 0.007 -26"><span class='ocrx_word' id='word_1_910' title='bbox 2019 5793 2050 5838; x_wconf 67' lang='grc' dir='ltr'>δ</span> <span class='ocrx_word' id='word_1_911' title='bbox 2069 5796 2194 5860; x_wconf 78' lang='lat' dir='ltr'>Reg.</span> <span class='ocrx_word' id='word_1_912' title='bbox 2235 5793 2652 5852; x_wconf 58' lang='grc' dir='ltr'>ιωιιέἐκϐάλωσιν</span> <span class='ocrx_word' id='word_1_913' title='bbox 2673 5806 2807 5868; x_wconf 85' lang='grc' dir='ltr'>ὑμῶν</span> <span class='ocrx_word' id='word_1_914' title='bbox 2827 5793 3030 5869; x_wconf 81' lang='grc' dir='ltr'>πονηρὸν</span> <span class='ocrx_word' id='word_1_915' title='bbox 3050 5793 3212 5868; x_wconf 12' lang='grc' dir='ltr'>κόνομα</span> <span class='ocrx_word' id='word_1_916' title='bbox 3235 5808 3529 5871; x_wconf 77' lang='grc' dir='ltr'>ψευδόμενοι,</span> 
     </span>
    </p>
   </div>
  </div>
