  <div class='ocr_page' id='page_1' title='image "/cluster/home/n/w/nwhite01/storage/ocr_20150623/54/nnc1.0046978518/327.png"; bbox 0 0 4038 6360; ppageno 0'>
   <div class='ocr_carea' id='block_1_1' title="bbox 537 241 637 295">
    <p class='ocr_par' dir='ltr' id='par_1_1' title="bbox 537 241 637 295">
     <span class='ocr_line' id='line_1_1' title="bbox 537 241 637 295; baseline 0 -1"><span class='ocrx_word' id='word_1_1' title='bbox 537 241 637 295; x_wconf 75' lang='grc'>701</span> 
     </span>
    </p>
   </div>
   <div class='ocr_carea' id='block_1_2' title="bbox 537 349 2111 426">
    <p class='ocr_par' dir='ltr' id='par_1_2' title="bbox 537 349 2111 426">
     <span class='ocr_line' id='line_1_2' title="bbox 537 349 2111 426; baseline -0.007 -16"><span class='ocrx_word' id='word_1_2' title='bbox 537 355 736 410; x_wconf 78' lang='grc' dir='ltr'>κακίαν</span> <span class='ocrx_word' id='word_1_3' title='bbox 789 354 1100 426; x_wconf 79' lang='grc' dir='ltr'>ἐληλακὼς,</span> <span class='ocrx_word' id='word_1_4' title='bbox 1154 355 1182 406; x_wconf 99' lang='lat'>6</span> <span class='ocrx_word' id='word_1_5' title='bbox 1227 353 1288 407; x_wconf 82' lang='grc' dir='ltr'>δὲ</span> <span class='ocrx_word' id='word_1_6' title='bbox 1333 354 1674 424; x_wconf 79' lang='grc' dir='ltr'>δικαιοσύνης</span> <span class='ocrx_word' id='word_1_7' title='bbox 1721 349 2111 422; x_wconf 80' lang='grc' dir='ltr'>ἐπιμελόμενος</span> 
     </span>
    </p>
   </div>
   <div class='ocr_carea' id='block_1_3' title="bbox 537 438 2112 516">
    <p class='ocr_par' dir='ltr' id='par_1_3' title="bbox 537 438 2112 516">
     <span class='ocr_line' id='line_1_3' title="bbox 537 438 2112 516; baseline -0.006 -17"><span class='ocrx_word' id='word_1_8' title='bbox 537 446 746 516; x_wconf 75' lang='grc' dir='ltr'>ἄκραςο</span> <span class='ocrx_word' id='word_1_9' title='bbox 789 446 883 498; x_wconf 73' lang='grc' dir='ltr'>καὶ</span> <span class='ocrx_word' id='word_1_10' title='bbox 914 445 1023 515; x_wconf 89' lang='grc' dir='ltr'>γάρ</span> <span class='ocrx_word' id='word_1_11' title='bbox 1067 443 1135 495; x_wconf 80' lang='grc' dir='ltr'>τὰ</span> <span class='ocrx_word' id='word_1_12' title='bbox 1176 442 1304 496; x_wconf 79' lang='grc' dir='ltr'>ὄντα</span> <span class='ocrx_word' id='word_1_13' title='bbox 1355 443 1661 513; x_wconf 76' lang='grc' dir='ltr'>προήκατο,</span> <span class='ocrx_word' id='word_1_14' title='bbox 1700 443 1794 494; x_wconf 78' lang='grc' dir='ltr'>καὶ</span> <span class='ocrx_word' id='word_1_15' title='bbox 1837 438 2112 508; x_wconf 75' lang='grc' dir='ltr'>νηστεύων</span> 
     </span>
    </p>
   </div>
   <div class='ocr_carea' id='block_1_4' title="bbox 537 521 2112 598">
    <p class='ocr_par' dir='ltr' id='par_1_4' title="bbox 537 521 2112 598">
     <span class='ocr_line' id='line_1_4' title="bbox 537 521 2112 598; baseline -0.006 -16"><span class='ocrx_word' id='word_1_16' title='bbox 537 530 781 592; x_wconf 79' lang='grc' dir='ltr'>διετέλει,</span> <span class='ocrx_word' id='word_1_17' title='bbox 823 531 917 582; x_wconf 82' lang='grc' dir='ltr'>καὶ</span> <span class='ocrx_word' id='word_1_18' title='bbox 959 527 1272 592; x_wconf 74' lang='grc' dir='ltr'>πλεονεξίας</span> <span class='ocrx_word' id='word_1_19' title='bbox 1317 523 1384 598; x_wconf 84' lang='grc' dir='ltr'>ἦν</span> <span class='ocrx_word' id='word_1_20' title='bbox 1425 526 1694 596; x_wconf 87' lang='grc' dir='ltr'>καθαρός·</span> <span class='ocrx_word' id='word_1_21' title='bbox 1733 525 1936 584; x_wconf 86' lang='grc' dir='ltr'>ἐκεῖνος</span> <span class='ocrx_word' id='word_1_22' title='bbox 1977 521 2022 574; x_wconf 81' lang='grc' dir='ltr'>δ’</span> <span class='ocrx_word' id='word_1_23' title='bbox 2055 522 2112 572; x_wconf 86' lang='grc' dir='ltr'>ἐν</span> 
     </span>
    </p>
   </div>
   <div class='ocr_carea' id='block_1_5' title="bbox 537 611 2108 687">
    <p class='ocr_par' dir='ltr' id='par_1_5' title="bbox 537 611 2108 687">
     <span class='ocr_line' id='line_1_5' title="bbox 537 611 2108 687; baseline -0.007 -16"><span class='ocrx_word' id='word_1_24' title='bbox 537 619 814 686; x_wconf 82' lang='grc' dir='ltr'>ἁρπαγαῖς</span> <span class='ocrx_word' id='word_1_25' title='bbox 859 617 952 672; x_wconf 76' lang='grc' dir='ltr'>καὶ</span> <span class='ocrx_word' id='word_1_26' title='bbox 987 616 1129 687; x_wconf 80' lang='grc' dir='ltr'>βίαις</span> <span class='ocrx_word' id='word_1_27' title='bbox 1167 616 1258 668; x_wconf 78' lang='grc' dir='ltr'>τὸν</span> <span class='ocrx_word' id='word_1_28' title='bbox 1311 616 1526 670; x_wconf 72' lang='grc' dir='ltr'>ἅπαντα</span> <span class='ocrx_word' id='word_1_29' title='bbox 1566 614 1754 684; x_wconf 83' lang='grc' dir='ltr'>χρόνον</span> <span class='ocrx_word' id='word_1_30' title='bbox 1814 611 2108 681; x_wconf 79' lang='grc' dir='ltr'>ἀνήλωσεν.</span> 
     </span>
    </p>
   </div>
   <div class='ocr_carea' id='block_1_6' title="bbox 552 693 2112 778">
    <p class='ocr_par' dir='ltr' id='par_1_6' title="bbox 552 693 2112 778">
     <span class='ocr_line' id='line_1_6' title="bbox 552 693 2112 778; baseline -0.004 -23"><span class='ocrx_word' id='word_1_31' title='bbox 552 705 802 778; x_wconf 83' lang='grc' dir='ltr'>Ἀνῆλθον</span> <span class='ocrx_word' id='word_1_32' title='bbox 831 706 1127 777; x_wconf 86' lang='grc' dir='ltr'>ἀμφότεροι</span> <span class='ocrx_word' id='word_1_33' title='bbox 1159 703 1557 775; x_wconf 79' lang='grc' dir='ltr'>προσεύξασθαι</span> <span class='ocrx_word' id='word_1_34' title='bbox 1592 704 1671 764; x_wconf 89' lang='grc' dir='ltr'>εἰς</span> <span class='ocrx_word' id='word_1_35' title='bbox 1709 701 1770 753; x_wconf 86' lang='grc' dir='ltr'>τὸ</span> <span class='ocrx_word' id='word_1_36' title='bbox 1790 700 1952 771; x_wconf 79' lang='grc' dir='ltr'>ἱερόν.</span> <span class='ocrx_word' id='word_1_37' title='bbox 1981 693 2112 750; x_wconf 79' lang='grc' dir='ltr'>Εἶτα</span> 
     </span>
    </p>
   </div>
   <div class='ocr_carea' id='block_1_7' title="bbox 541 787 2112 861">
    <p class='ocr_par' dir='ltr' id='par_1_7' title="bbox 541 787 2112 861">
     <span class='ocr_line' id='line_1_7' title="bbox 541 787 2112 861; baseline -0.008 -12"><span class='ocrx_word' id='word_1_38' title='bbox 541 798 745 858; x_wconf 89' lang='grc' dir='ltr'>ἐκεῖνος</span> <span class='ocrx_word' id='word_1_39' title='bbox 793 795 923 857; x_wconf 77' lang='grc' dir='ltr'>στὰς</span> <span class='ocrx_word' id='word_1_40' title='bbox 967 793 1185 861; x_wconf 77' lang='grc' dir='ltr'>ἔλεγεν·</span> <span class='ocrx_word' id='word_1_41' title='bbox 1227 788 1584 861; x_wconf 73' lang='grc' dir='ltr'>Εὐχαριστῶ</span> <span class='ocrx_word' id='word_1_42' title='bbox 1617 804 1748 849; x_wconf 83' lang='grc' dir='ltr'>σοι,</span> <span class='ocrx_word' id='word_1_43' title='bbox 1775 789 1975 856; x_wconf 82' lang='grc' dir='ltr'>Κύριε,</span> <span class='ocrx_word' id='word_1_44' title='bbox 2025 787 2112 838; x_wconf 82' lang='grc' dir='ltr'>ὅτι</span> 
     </span>
    </p>
   </div>
   <div class='ocr_carea' id='block_1_8' title="bbox 537 876 2110 952">
    <p class='ocr_par' dir='ltr' id='par_1_8' title="bbox 537 876 2110 952">
     <span class='ocr_line' id='line_1_8' title="bbox 537 876 2110 952; baseline -0.006 -15"><span class='ocrx_word' id='word_1_45' title='bbox 537 885 648 937; x_wconf 81' lang='grc' dir='ltr'>οὐκ</span> <span class='ocrx_word' id='word_1_46' title='bbox 680 883 794 952; x_wconf 75' lang='grc' dir='ltr'>εἰμί</span> <span class='ocrx_word' id='word_1_47' title='bbox 838 883 918 949; x_wconf 85' lang='grc' dir='ltr'>ὡς</span> <span class='ocrx_word' id='word_1_48' title='bbox 951 885 1004 935; x_wconf 83' lang='grc' dir='ltr'>οἰ</span> <span class='ocrx_word' id='word_1_49' title='bbox 1049 883 1247 936; x_wconf 77' lang='grc' dir='ltr'>λοιποί</span> <span class='ocrx_word' id='word_1_50' title='bbox 1288 883 1404 936; x_wconf 83' lang='grc' dir='ltr'>τῶν</span> <span class='ocrx_word' id='word_1_51' title='bbox 1439 880 1792 947; x_wconf 76' lang='grc' dir='ltr'>ἀνθρώπων,</span> <span class='ocrx_word' id='word_1_52' title='bbox 1827 876 2110 944; x_wconf 73' lang='grc' dir='ltr'>ἅρπαγες,</span> 
     </span>
    </p>
   </div>
   <div class='ocr_carea' id='block_1_9' title="bbox 539 963 2113 1035">
    <p class='ocr_par' dir='ltr' id='par_1_9' title="bbox 539 963 2113 1035">
     <span class='ocr_line' id='line_1_9' title="bbox 539 963 2113 1035; baseline -0.006 -13"><span class='ocrx_word' id='word_1_53' title='bbox 539 971 913 1035; x_wconf 75' lang='grc' dir='ltr'>πλεονέκται,</span> <span class='ocrx_word' id='word_1_54' title='bbox 932 969 1056 1023; x_wconf 73' lang='grc' dir='ltr'>οὐδ’</span> <span class='ocrx_word' id='word_1_55' title='bbox 1077 970 1156 1035; x_wconf 84' lang='grc' dir='ltr'>ὠς</span> <span class='ocrx_word' id='word_1_56' title='bbox 1175 965 1352 1034; x_wconf 79' lang='grc' dir='ltr'>οὗτος</span> <span class='ocrx_word' id='word_1_57' title='bbox 1374 971 1406 1021; x_wconf 88' lang='grc' dir='ltr'>ό</span> <span class='ocrx_word' id='word_1_58' title='bbox 1427 965 1710 1033; x_wconf 77' lang='grc' dir='ltr'>τελώνης.</span> <span class='ocrx_word' id='word_1_59' title='bbox 1727 965 1783 1018; x_wconf 86' lang='lat'>&#39;0</span> <span class='ocrx_word' id='word_1_60' title='bbox 1801 964 1857 1017; x_wconf 84' lang='grc' dir='ltr'>δὲ</span> <span class='ocrx_word' id='word_1_61' title='bbox 1878 963 2113 1034; x_wconf 80' lang='grc' dir='ltr'>τελώνης</span> 
     </span>
    </p>
   </div>
   <div class='ocr_carea' id='block_1_10' title="bbox 538 1051 2113 1128">
    <p class='ocr_par' dir='ltr' id='par_1_10' title="bbox 538 1051 2113 1128">
     <span class='ocr_line' id='line_1_10' title="bbox 538 1051 2113 1128; baseline -0.004 -18"><span class='ocrx_word' id='word_1_62' title='bbox 538 1059 818 1128; x_wconf 76' lang='grc' dir='ltr'>πόρρωθεν</span> <span class='ocrx_word' id='word_1_63' title='bbox 847 1057 1016 1120; x_wconf 82' lang='grc' dir='ltr'>ἑστὼς</span> <span class='ocrx_word' id='word_1_64' title='bbox 1035 1098 1048 1121; x_wconf 97' lang='grc'>,</span> <span class='ocrx_word' id='word_1_65' title='bbox 1080 1059 1180 1110; x_wconf 87' lang='grc' dir='ltr'>ούκ</span> <span class='ocrx_word' id='word_1_66' title='bbox 1221 1057 1542 1127; x_wconf 85' lang='grc' dir='ltr'>ἀνθύϐρισεν</span> <span class='ocrx_word' id='word_1_67' title='bbox 1563 1095 1577 1116; x_wconf 93' lang='grc'>,</span> <span class='ocrx_word' id='word_1_68' title='bbox 1606 1055 1706 1106; x_wconf 88' lang='grc' dir='ltr'>ούκ</span> <span class='ocrx_word' id='word_1_69' title='bbox 1739 1051 2113 1121; x_wconf 89' lang='grc' dir='ltr'>ἀντελοιδόρη-</span> 
     </span>
    </p>
   </div>
   <div class='ocr_carea' id='block_1_11' title="bbox 540 1138 2111 1212">
    <p class='ocr_par' dir='ltr' id='par_1_11' title="bbox 540 1138 2111 1212">
     <span class='ocr_line' id='line_1_11' title="bbox 540 1138 2111 1212; baseline -0.004 -15"><span class='ocrx_word' id='word_1_70' title='bbox 540 1161 652 1208; x_wconf 89' lang='grc' dir='ltr'>σεν,</span> <span class='ocrx_word' id='word_1_71' title='bbox 693 1147 793 1196; x_wconf 89' lang='grc' dir='ltr'>ούκ</span> <span class='ocrx_word' id='word_1_72' title='bbox 824 1141 943 1197; x_wconf 83' lang='grc' dir='ltr'>εἷπε</span> <span class='ocrx_word' id='word_1_73' title='bbox 973 1144 1143 1198; x_wconf 88' lang='grc' dir='ltr'>ταῦτα</span> <span class='ocrx_word' id='word_1_74' title='bbox 1171 1144 1239 1196; x_wconf 75' lang='grc' dir='ltr'>τά</span> <span class='ocrx_word' id='word_1_75' title='bbox 1281 1143 1390 1196; x_wconf 90' lang='grc' dir='ltr'>τῶν</span> <span class='ocrx_word' id='word_1_76' title='bbox 1422 1142 1629 1194; x_wconf 84' lang='grc' dir='ltr'>πολλῶν</span> <span class='ocrx_word' id='word_1_77' title='bbox 1661 1142 1881 1212; x_wconf 73' lang='grc' dir='ltr'>ῥήματα</span> <span class='ocrx_word' id='word_1_78' title='bbox 1904 1157 1916 1169; x_wconf 83' lang='lat'><strong><em>°</em></strong></span> <span class='ocrx_word' id='word_1_79' title='bbox 1948 1139 2018 1192; x_wconf 74' lang='grc' dir='ltr'>Σὺ</span> <span class='ocrx_word' id='word_1_80' title='bbox 2055 1138 2111 1190; x_wconf 79' lang='grc' dir='ltr'>δὲ</span> 
     </span>
    </p>
   </div>
   <div class='ocr_carea' id='block_1_12' title="bbox 537 1226 2112 1304">
    <p class='ocr_par' dir='ltr' id='par_1_12' title="bbox 537 1226 2112 1304">
     <span class='ocr_line' id='line_1_12' title="bbox 537 1226 2112 1304; baseline -0.004 -19"><span class='ocrx_word' id='word_1_81' title='bbox 537 1234 740 1304; x_wconf 81' lang='grc' dir='ltr'>τολμᾷς</span> <span class='ocrx_word' id='word_1_82' title='bbox 763 1233 856 1284; x_wconf 85' lang='grc' dir='ltr'>τοῦ</span> <span class='ocrx_word' id='word_1_83' title='bbox 888 1233 1020 1303; x_wconf 92' lang='grc' dir='ltr'>ἐμοῦ</span> <span class='ocrx_word' id='word_1_84' title='bbox 1054 1231 1360 1304; x_wconf 85' lang='grc' dir='ltr'>μεμνῆσθαι</span> <span class='ocrx_word' id='word_1_85' title='bbox 1385 1232 1518 1300; x_wconf 78' lang='grc' dir='ltr'>βίου,</span> <span class='ocrx_word' id='word_1_86' title='bbox 1545 1229 1894 1283; x_wconf 87' lang='grc' dir='ltr'>ἐπιλαϐέσθαι</span> <span class='ocrx_word' id='word_1_87' title='bbox 1919 1227 1975 1280; x_wconf 82' lang='grc' dir='ltr'>δὲ</span> <span class='ocrx_word' id='word_1_88' title='bbox 2005 1226 2112 1279; x_wconf 87' lang='grc' dir='ltr'>τῶν</span> 
     </span>
    </p>
   </div>
   <div class='ocr_carea' id='block_1_13' title="bbox 539 1310 2112 1388">
    <p class='ocr_par' dir='ltr' id='par_1_13' title="bbox 539 1310 2112 1388">
     <span class='ocr_line' id='line_1_13' title="bbox 539 1310 2112 1388; baseline -0.004 -20"><span class='ocrx_word' id='word_1_89' title='bbox 539 1319 663 1386; x_wconf 77' lang='grc' dir='ltr'>ἐμοὶ</span> <span class='ocrx_word' id='word_1_90' title='bbox 693 1317 1132 1388; x_wconf 88' lang='grc' dir='ltr'>πεπραγμένων;</span> <span class='ocrx_word' id='word_1_91' title='bbox 1165 1317 1237 1370; x_wconf 86' lang='grc' dir='ltr'>Ού</span> <span class='ocrx_word' id='word_1_92' title='bbox 1271 1317 1379 1383; x_wconf 90' lang='grc' dir='ltr'>γάρ</span> <span class='ocrx_word' id='word_1_93' title='bbox 1406 1314 1519 1384; x_wconf 87' lang='grc' dir='ltr'>εἰμί</span> <span class='ocrx_word' id='word_1_94' title='bbox 1545 1331 1638 1366; x_wconf 92' lang='grc' dir='ltr'>σου</span> <span class='ocrx_word' id='word_1_95' title='bbox 1676 1312 1930 1381; x_wconf 86' lang='grc' dir='ltr'>βελτίων;</span> <span class='ocrx_word' id='word_1_96' title='bbox 1961 1310 2112 1362; x_wconf 77' lang='grc' dir='ltr'>Εἴπω</span> 
     </span>
    </p>
   </div>
   <div class='ocr_carea' id='block_1_14' title="bbox 539 1393 2112 1472">
    <p class='ocr_par' dir='ltr' id='par_1_14' title="bbox 539 1393 2112 1472">
     <span class='ocr_line' id='line_1_14' title="bbox 539 1393 2112 1472; baseline -0.004 -20"><span class='ocrx_word' id='word_1_97' title='bbox 539 1401 609 1453; x_wconf 90' lang='grc' dir='ltr'>τά</span> <span class='ocrx_word' id='word_1_98' title='bbox 629 1418 708 1453; x_wconf 90' lang='grc' dir='ltr'>σοι</span> <span class='ocrx_word' id='word_1_99' title='bbox 734 1401 1096 1472; x_wconf 88' lang='grc' dir='ltr'>πεπλημμελη</span> <span class='ocrx_word' id='word_1_100' title='bbox 1106 1401 1260 1470; x_wconf 86' lang='grc' dir='ltr'>μένα,</span> <span class='ocrx_word' id='word_1_101' title='bbox 1280 1402 1372 1452; x_wconf 76' lang='grc' dir='ltr'>καὶ</span> <span class='ocrx_word' id='word_1_102' title='bbox 1396 1399 1606 1469; x_wconf 88' lang='grc' dir='ltr'>ποιήσω</span> <span class='ocrx_word' id='word_1_103' title='bbox 1631 1395 1900 1467; x_wconf 82' lang='grc' dir='ltr'>μηδέποτέ</span> <span class='ocrx_word' id='word_1_104' title='bbox 1925 1411 1982 1446; x_wconf 90' lang='grc' dir='ltr'>σε</span> <span class='ocrx_word' id='word_1_105' title='bbox 2003 1393 2112 1446; x_wconf 93' lang='grc' dir='ltr'>τῶν</span> 
     </span>
    </p>
   </div>
   <div class='ocr_carea' id='block_1_15' title="bbox 539 1479 2112 1559">
    <p class='ocr_par' dir='ltr' id='par_1_15' title="bbox 539 1479 2112 1559">
     <span class='ocr_line' id='line_1_15' title="bbox 539 1479 2112 1559; baseline -0.004 -20"><span class='ocrx_word' id='word_1_106' title='bbox 539 1487 698 1558; x_wconf 85' lang='grc' dir='ltr'>ίερῶν</span> <span class='ocrx_word' id='word_1_107' title='bbox 724 1489 926 1542; x_wconf 85' lang='grc' dir='ltr'>τούτων</span> <span class='ocrx_word' id='word_1_108' title='bbox 963 1489 1217 1557; x_wconf 82' lang='grc' dir='ltr'>ἐπιϐῆναι</span> <span class='ocrx_word' id='word_1_109' title='bbox 1243 1487 1546 1559; x_wconf 89' lang='grc' dir='ltr'>προθύρων.</span> <span class='ocrx_word' id='word_1_110' title='bbox 1572 1486 1734 1538; x_wconf 84' lang='grc' dir='ltr'>Ούδέν</span> <span class='ocrx_word' id='word_1_111' title='bbox 1759 1481 1964 1536; x_wconf 89' lang='grc' dir='ltr'>τούτων</span> <span class='ocrx_word' id='word_1_112' title='bbox 1991 1479 2112 1534; x_wconf 77' lang='grc' dir='ltr'>εἷπε</span> 
     </span>
    </p>
   </div>
   <div class='ocr_carea' id='block_1_16' title="bbox 537 1569 2112 1646">
    <p class='ocr_par' dir='ltr' id='par_1_16' title="bbox 537 1569 2112 1646">
     <span class='ocr_line' id='line_1_16' title="bbox 537 1569 2112 1646; baseline -0.004 -18"><span class='ocrx_word' id='word_1_113' title='bbox 537 1577 645 1628; x_wconf 90' lang='grc' dir='ltr'>τῶν</span> <span class='ocrx_word' id='word_1_114' title='bbox 657 1576 877 1646; x_wconf 81' lang='grc' dir='ltr'>ψυχρῶν</span> <span class='ocrx_word' id='word_1_115' title='bbox 895 1576 1172 1646; x_wconf 80' lang='grc' dir='ltr'>ῥημάτων,</span> <span class='ocrx_word' id='word_1_116' title='bbox 1192 1575 1225 1628; x_wconf 80' lang='grc' dir='ltr'>ἀ</span> <span class='ocrx_word' id='word_1_117' title='bbox 1242 1575 1362 1627; x_wconf 81' lang='grc' dir='ltr'>καθ’</span> <span class='ocrx_word' id='word_1_118' title='bbox 1375 1575 1610 1644; x_wconf 83' lang='grc' dir='ltr'>ἑκάστην</span> <span class='ocrx_word' id='word_1_119' title='bbox 1625 1573 1838 1643; x_wconf 81' lang='grc' dir='ltr'>ἡμέραν</span> <span class='ocrx_word' id='word_1_120' title='bbox 1854 1569 2112 1641; x_wconf 80' lang='grc' dir='ltr'>ἀλλήλους</span> 
     </span>
    </p>
   </div>
   <div class='ocr_carea' id='block_1_17' title="bbox 539 1662 2112 1736">
    <p class='ocr_par' dir='ltr' id='par_1_17' title="bbox 539 1662 2112 1736">
     <span class='ocr_line' id='line_1_17' title="bbox 539 1662 2112 1736; baseline -0.002 -19"><span class='ocrx_word' id='word_1_121' title='bbox 539 1664 826 1728; x_wconf 83' lang='grc' dir='ltr'>πλύνοντες</span> <span class='ocrx_word' id='word_1_122' title='bbox 849 1665 1110 1736; x_wconf 89' lang='grc' dir='ltr'>λέγομεν·</span> <span class='ocrx_word' id='word_1_123' title='bbox 1159 1665 1294 1719; x_wconf 85' lang='grc' dir='ltr'>ἀλλά</span> <span class='ocrx_word' id='word_1_124' title='bbox 1327 1665 1538 1735; x_wconf 88' lang='grc' dir='ltr'>πικρῶς</span> <span class='ocrx_word' id='word_1_125' title='bbox 1579 1663 1840 1728; x_wconf 79' lang='grc' dir='ltr'>στενάξας</span> <span class='ocrx_word' id='word_1_126' title='bbox 1874 1662 1966 1715; x_wconf 77' lang='grc' dir='ltr'>καὶ</span> <span class='ocrx_word' id='word_1_127' title='bbox 2002 1679 2112 1714; x_wconf 89' lang='grc' dir='ltr'>πα-</span> 
     </span>
    </p>
   </div>
   <div class='ocr_carea' id='block_1_18' title="bbox 538 1749 2112 1823">
    <p class='ocr_par' dir='ltr' id='par_1_18' title="bbox 538 1749 2112 1823">
     <span class='ocr_line' id='line_1_18' title="bbox 538 1749 2112 1823; baseline -0.002 -19"><span class='ocrx_word' id='word_1_128' title='bbox 538 1752 704 1818; x_wconf 79' lang='grc' dir='ltr'>τάξας</span> <span class='ocrx_word' id='word_1_129' title='bbox 730 1753 790 1806; x_wconf 90' lang='lat'><em>16</em></span> <span class='ocrx_word' id='word_1_130' title='bbox 814 1753 1028 1823; x_wconf 88' lang='grc' dir='ltr'>στῆθος,</span> <span class='ocrx_word' id='word_1_131' title='bbox 1053 1752 1307 1806; x_wconf 89' lang='grc' dir='ltr'>τοσοῦτον</span> <span class='ocrx_word' id='word_1_132' title='bbox 1334 1749 1451 1804; x_wconf 73' lang='grc' dir='ltr'>εἷπε</span> <span class='ocrx_word' id='word_1_133' title='bbox 1479 1751 1657 1822; x_wconf 89' lang='grc' dir='ltr'>μόνον,</span> <span class='ocrx_word' id='word_1_134' title='bbox 1687 1749 1994 1814; x_wconf 80' lang='grc' dir='ltr'>Ἰλάσϐητί</span> <span class='ocrx_word' id='word_1_135' title='bbox 2009 1766 2112 1818; x_wconf 84' lang='grc' dir='ltr'>μοι</span> 
     </span>
    </p>
   </div>
   <div class='ocr_carea' id='block_1_19' title="bbox 540 1836 1872 1908">
    <p class='ocr_par' dir='ltr' id='par_1_19' title="bbox 540 1836 1872 1908">
     <span class='ocr_line' id='line_1_19' title="bbox 540 1836 1872 1908; baseline 0.002 -18"><span class='ocrx_word' id='word_1_136' title='bbox 540 1837 618 1903; x_wconf 84' lang='grc' dir='ltr'>τῷ</span> <span class='ocrx_word' id='word_1_137' title='bbox 645 1839 990 1908; x_wconf 75' lang='grc' dir='ltr'>ἁμαρτωλῷ,</span> <span class='ocrx_word' id='word_1_138' title='bbox 1012 1839 1109 1892; x_wconf 76' lang='grc' dir='ltr'>καὶ</span> <span class='ocrx_word' id='word_1_139' title='bbox 1145 1837 1380 1907; x_wconf 87' lang='grc' dir='ltr'>κατῆλθε</span> <span class='ocrx_word' id='word_1_140' title='bbox 1436 1836 1872 1908; x_wconf 81' lang='grc' dir='ltr'>δεδικαιωμένος.</span> 
     </span>
    </p>
   </div>
   <div class='ocr_carea' id='block_1_20' title="bbox 608 1938 2112 2011">
    <p class='ocr_par' dir='ltr' id='par_1_20' title="bbox 608 1938 2112 2011">
     <span class='ocr_line' id='line_1_20' title="bbox 608 1938 2112 2011; baseline -0.001 -19"><span class='ocrx_word' id='word_1_141' title='bbox 608 1938 758 2004; x_wconf 80' lang='grc' dir='ltr'>Εἶδες</span> <span class='ocrx_word' id='word_1_142' title='bbox 795 1942 990 2011; x_wconf 85' lang='grc' dir='ltr'>τάχος;</span> <span class='ocrx_word' id='word_1_143' title='bbox 1035 1941 1372 2006; x_wconf 78' lang='grc' dir='ltr'>Κατεδέξατο</span> <span class='ocrx_word' id='word_1_144' title='bbox 1409 1941 1631 2005; x_wconf 69' lang='grc' dir='ltr'>ὄνειδος,</span> <span class='ocrx_word' id='word_1_145' title='bbox 1671 1941 1767 1994; x_wconf 76' lang='grc' dir='ltr'>καὶ</span> <span class='ocrx_word' id='word_1_146' title='bbox 1813 1939 2112 2008; x_wconf 66' lang='grc' dir='ltr'>ἀπενίψατο</span> 
     </span>
    </p>
   </div>
   <div class='ocr_carea' id='block_1_21' title="bbox 536 2027 2112 2103">
    <p class='ocr_par' dir='ltr' id='par_1_21' title="bbox 536 2027 2112 2103">
     <span class='ocr_line' id='line_1_21' title="bbox 536 2027 2112 2103; baseline 0 -25"><span class='ocrx_word' id='word_1_147' title='bbox 536 2028 764 2091; x_wconf 75' lang='grc' dir='ltr'>δνειδος’</span> <span class='ocrx_word' id='word_1_148' title='bbox 806 2029 1021 2103; x_wconf 79' lang='grc' dir='ltr'>ἐπέγνω</span> <span class='ocrx_word' id='word_1_149' title='bbox 1063 2030 1131 2080; x_wconf 86' lang='grc' dir='ltr'>τά</span> <span class='ocrx_word' id='word_1_150' title='bbox 1174 2030 1572 2098; x_wconf 81' lang='grc' dir='ltr'>ἁμαρτήματα,</span> <span class='ocrx_word' id='word_1_151' title='bbox 1629 2029 1723 2080; x_wconf 71' lang='grc' dir='ltr'>καὶ</span> <span class='ocrx_word' id='word_1_152' title='bbox 1770 2027 2000 2080; x_wconf 82' lang='grc' dir='ltr'>ἀπέθετο</span> <span class='ocrx_word' id='word_1_153' title='bbox 2045 2027 2112 2078; x_wconf 87' lang='grc' dir='ltr'>τά</span> 
     </span>
    </p>
   </div>
   <div class='ocr_carea' id='block_1_22' title="bbox 537 2115 2111 2186">
    <p class='ocr_par' dir='ltr' id='par_1_22' title="bbox 537 2115 2111 2186">
     <span class='ocr_line' id='line_1_22' title="bbox 537 2115 2111 2186; baseline -0.001 -19"><span class='ocrx_word' id='word_1_154' title='bbox 537 2115 907 2186; x_wconf 83' lang='grc' dir='ltr'>ἁμαρτήματα</span> <span class='ocrx_word' id='word_1_155' title='bbox 923 2132 936 2145; x_wconf 92' lang='grc'><strong>·</strong></span> <span class='ocrx_word' id='word_1_156' title='bbox 970 2117 1064 2169; x_wconf 75' lang='grc' dir='ltr'>καὶ</span> <span class='ocrx_word' id='word_1_157' title='bbox 1093 2118 1126 2186; x_wconf 89' lang='grc' dir='ltr'>ἡ</span> <span class='ocrx_word' id='word_1_158' title='bbox 1156 2116 1460 2186; x_wconf 82' lang='grc' dir='ltr'>κατηγορία</span> <span class='ocrx_word' id='word_1_159' title='bbox 1478 2117 1575 2186; x_wconf 84' lang='grc' dir='ltr'>τῆς</span> <span class='ocrx_word' id='word_1_160' title='bbox 1598 2116 1872 2186; x_wconf 82' lang='grc' dir='ltr'>ἁμαρτίας</span> <span class='ocrx_word' id='word_1_161' title='bbox 1890 2115 2111 2183; x_wconf 89' lang='grc' dir='ltr'>γέγονεν</span> 
     </span>
    </p>
   </div>
   <div class='ocr_carea' id='block_1_23' title="bbox 537 2202 2112 2274">
    <p class='ocr_par' dir='ltr' id='par_1_23' title="bbox 537 2202 2112 2274">
     <span class='ocr_line' id='line_1_23' title="bbox 537 2202 2112 2274; baseline -0.001 -19"><span class='ocrx_word' id='word_1_162' title='bbox 537 2204 814 2274; x_wconf 86' lang='grc' dir='ltr'>ἀναίρεσις</span> <span class='ocrx_word' id='word_1_163' title='bbox 858 2202 960 2274; x_wconf 87' lang='grc' dir='ltr'>τῆς</span> <span class='ocrx_word' id='word_1_164' title='bbox 1003 2204 1299 2274; x_wconf 86' lang='grc' dir='ltr'>ἁμαρτίας,</span> <span class='ocrx_word' id='word_1_165' title='bbox 1334 2205 1426 2258; x_wconf 76' lang='grc' dir='ltr'>καὶ</span> <span class='ocrx_word' id='word_1_166' title='bbox 1469 2206 1498 2256; x_wconf 94' lang='lat'>6</span> <span class='ocrx_word' id='word_1_167' title='bbox 1546 2203 1738 2274; x_wconf 74' lang='grc' dir='ltr'>ἐχθρὸς</span> <span class='ocrx_word' id='word_1_168' title='bbox 1776 2204 1923 2256; x_wconf 80' lang='grc' dir='ltr'>ἄκων</span> <span class='ocrx_word' id='word_1_169' title='bbox 1959 2203 2112 2273; x_wconf 89' lang='grc' dir='ltr'>εύερ-</span> 
     </span>
    </p>
   </div>
   <div class='ocr_carea' id='block_1_24' title="bbox 537 2291 2112 2362">
    <p class='ocr_par' dir='ltr' id='par_1_24' title="bbox 537 2291 2112 2362">
     <span class='ocr_line' id='line_1_24' title="bbox 537 2291 2112 2362; baseline 0 -18"><span class='ocrx_word' id='word_1_170' title='bbox 537 2294 701 2361; x_wconf 86' lang='grc' dir='ltr'>γέτης</span> <span class='ocrx_word' id='word_1_171' title='bbox 731 2292 1040 2349; x_wconf 78' lang='grc' dir='ltr'>καθίστατο.</span> <span class='ocrx_word' id='word_1_172' title='bbox 1073 2293 1220 2348; x_wconf 86' lang='grc' dir='ltr'>Πόσα</span> <span class='ocrx_word' id='word_1_173' title='bbox 1245 2292 1352 2362; x_wconf 85' lang='grc' dir='ltr'>γὰρ</span> <span class='ocrx_word' id='word_1_174' title='bbox 1385 2293 1492 2345; x_wconf 85' lang='grc' dir='ltr'>ἑδει</span> <span class='ocrx_word' id='word_1_175' title='bbox 1529 2295 1726 2362; x_wconf 87' lang='grc' dir='ltr'>καμεῖν</span> <span class='ocrx_word' id='word_1_176' title='bbox 1759 2291 1848 2344; x_wconf 77' lang='grc' dir='ltr'>τόν</span> <span class='ocrx_word' id='word_1_177' title='bbox 1876 2291 2112 2362; x_wconf 84' lang='grc' dir='ltr'>τελώνην</span> 
     </span>
    </p>
   </div>
   <div class='ocr_carea' id='block_1_25' title="bbox 539 2375 2112 2450">
    <p class='ocr_par' dir='ltr' id='par_1_25' title="bbox 539 2375 2112 2450">
     <span class='ocr_line' id='line_1_25' title="bbox 539 2375 2112 2450; baseline -0.001 -21"><span class='ocrx_word' id='word_1_178' title='bbox 539 2378 883 2448; x_wconf 89' lang='grc' dir='ltr'>νηστεύοντα,</span> <span class='ocrx_word' id='word_1_179' title='bbox 912 2376 1305 2450; x_wconf 86' lang='grc' dir='ltr'>χαμευνοῦντα,</span> <span class='ocrx_word' id='word_1_180' title='bbox 1331 2377 1732 2445; x_wconf 86' lang='grc' dir='ltr'>ἀγρυπνοῦντα,</span> <span class='ocrx_word' id='word_1_181' title='bbox 1754 2377 1824 2428; x_wconf 79' lang='grc' dir='ltr'>τὰ</span> <span class='ocrx_word' id='word_1_182' title='bbox 1850 2375 1976 2428; x_wconf 74' lang='grc' dir='ltr'>ὄντα</span> <span class='ocrx_word' id='word_1_183' title='bbox 2001 2380 2112 2440; x_wconf 82' lang='grc' dir='ltr'>τοῖς</span> 
     </span>
    </p>
   </div>
   <div class='ocr_carea' id='block_1_26' title="bbox 537 2463 2112 2537">
    <p class='ocr_par' dir='ltr' id='par_1_26' title="bbox 537 2463 2112 2537">
     <span class='ocr_line' id='line_1_26' title="bbox 537 2463 2112 2537; baseline 0.001 -22"><span class='ocrx_word' id='word_1_184' title='bbox 537 2465 810 2534; x_wconf 79' lang='grc' dir='ltr'>δεομένοις</span> <span class='ocrx_word' id='word_1_185' title='bbox 833 2467 1160 2537; x_wconf 84' lang='grc' dir='ltr'>παρέχοντα,</span> <span class='ocrx_word' id='word_1_186' title='bbox 1185 2467 1242 2519; x_wconf 87' lang='grc' dir='ltr'>ἐν</span> <span class='ocrx_word' id='word_1_187' title='bbox 1273 2463 1450 2534; x_wconf 82' lang='grc' dir='ltr'>σποδῷ</span> <span class='ocrx_word' id='word_1_188' title='bbox 1478 2464 1569 2516; x_wconf 77' lang='grc' dir='ltr'>καὶ</span> <span class='ocrx_word' id='word_1_189' title='bbox 1593 2464 1778 2534; x_wconf 83' lang='grc' dir='ltr'>σάκκῳ</span> <span class='ocrx_word' id='word_1_190' title='bbox 1809 2463 2112 2534; x_wconf 88' lang='grc' dir='ltr'>καθήμενον</span> 
     </span>
    </p>
   </div>
   <div class='ocr_carea' id='block_1_27' title="bbox 538 2551 2113 2624">
    <p class='ocr_par' dir='ltr' id='par_1_27' title="bbox 538 2551 2113 2624">
     <span class='ocr_line' id='line_1_27' title="bbox 538 2551 2113 2624; baseline 0.001 -22"><span class='ocrx_word' id='word_1_191' title='bbox 538 2552 598 2603; x_wconf 75' lang='grc' dir='ltr'>ἐν</span> <span class='ocrx_word' id='word_1_192' title='bbox 627 2551 802 2623; x_wconf 82' lang='grc' dir='ltr'>πολλῷ</span> <span class='ocrx_word' id='word_1_193' title='bbox 826 2551 904 2622; x_wconf 79' lang='grc' dir='ltr'>τῷ</span> <span class='ocrx_word' id='word_1_194' title='bbox 932 2552 1130 2624; x_wconf 82' lang='grc' dir='ltr'>χρόνῳ,</span> <span class='ocrx_word' id='word_1_195' title='bbox 1158 2551 1296 2605; x_wconf 84' lang='grc' dir='ltr'>ὥστε</span> <span class='ocrx_word' id='word_1_196' title='bbox 1328 2551 1618 2622; x_wconf 89' lang='grc' dir='ltr'>δυνηθῆναι</span> <span class='ocrx_word' id='word_1_197' title='bbox 1648 2551 1716 2603; x_wconf 85' lang='grc' dir='ltr'>τά</span> <span class='ocrx_word' id='word_1_198' title='bbox 1741 2552 2113 2622; x_wconf 89' lang='grc' dir='ltr'>ἁμαρτήματα</span> 
     </span>
    </p>
   </div>
   <div class='ocr_carea' id='block_1_28' title="bbox 539 2638 2172 2709">
    <p class='ocr_par' dir='ltr' id='par_1_28' title="bbox 539 2638 2172 2709">
     <span class='ocr_line' id='line_1_28' title="bbox 539 2638 2172 2709; baseline 0 -19"><span class='ocrx_word' id='word_1_199' title='bbox 539 2639 837 2692; x_wconf 88' lang='grc' dir='ltr'>ἀποθέσθαι</span> <span class='ocrx_word' id='word_1_200' title='bbox 859 2641 1072 2704; x_wconf 89' lang='grc' dir='ltr'>ἐκεῖνα;</span> <span class='ocrx_word' id='word_1_201' title='bbox 1097 2640 1206 2693; x_wconf 79' lang='grc' dir='ltr'>Καὶ</span> <span class='ocrx_word' id='word_1_202' title='bbox 1226 2638 1318 2692; x_wconf 90' lang='grc' dir='ltr'>νῦν</span> <span class='ocrx_word' id='word_1_203' title='bbox 1346 2638 1496 2692; x_wconf 81' lang='grc' dir='ltr'>οὐδὲν</span> <span class='ocrx_word' id='word_1_204' title='bbox 1511 2639 1721 2691; x_wconf 85' lang='grc' dir='ltr'>’τούτων</span> <span class='ocrx_word' id='word_1_205' title='bbox 1750 2640 2003 2709; x_wconf 83' lang='grc' dir='ltr'>ποιήσας,</span> <span class='ocrx_word' id='word_1_206' title='bbox 2028 2639 2113 2691; x_wconf 86' lang='grc' dir='ltr'>διά</span> <span class='ocrx_word' id='word_1_207' title='bbox 2165 2647 2172 2656; x_wconf 94' lang='grc'><em>’</em></span> 
     </span>
    </p>
   </div>
   <div class='ocr_carea' id='block_1_29' title="bbox 537 2725 2114 2798">
    <p class='ocr_par' dir='ltr' id='par_1_29' title="bbox 537 2725 2114 2798">
     <span class='ocr_line' id='line_1_29' title="bbox 537 2725 2114 2798; baseline 0.001 -20"><span class='ocrx_word' id='word_1_208' title='bbox 537 2725 694 2795; x_wconf 76' lang='grc' dir='ltr'>ψιλοῦ</span> <span class='ocrx_word' id='word_1_209' title='bbox 725 2728 966 2798; x_wconf 75' lang='grc' dir='ltr'>ῥήματος</span> <span class='ocrx_word' id='word_1_210' title='bbox 1005 2728 1184 2779; x_wconf 77' lang='grc' dir='ltr'>πᾶσαν</span> <span class='ocrx_word' id='word_1_211' title='bbox 1234 2726 1466 2780; x_wconf 80' lang='grc' dir='ltr'>ἀπέθετο</span> <span class='ocrx_word' id='word_1_212' title='bbox 1494 2725 1590 2797; x_wconf 82' lang='grc' dir='ltr'>τήν</span> <span class='ocrx_word' id='word_1_213' title='bbox 1635 2725 1831 2780; x_wconf 87' lang='grc' dir='ltr'>κακίαν</span> <span class='ocrx_word' id='word_1_214' title='bbox 1854 2743 1866 2754; x_wconf 89' lang='grc'>·</span> <span class='ocrx_word' id='word_1_215' title='bbox 1911 2727 2007 2779; x_wconf 78' lang='grc' dir='ltr'>καὶ</span> <span class='ocrx_word' id='word_1_216' title='bbox 2047 2727 2114 2779; x_wconf 80' lang='grc' dir='ltr'>τὰ</span> 
     </span>
    </p>
   </div>
   <div class='ocr_carea' id='block_1_30' title="bbox 537 2813 2113 2886">
    <p class='ocr_par' dir='ltr' id='par_1_30' title="bbox 537 2813 2113 2886">
     <span class='ocr_line' id='line_1_30' title="bbox 537 2813 2113 2886; baseline -0.001 -19"><span class='ocrx_word' id='word_1_217' title='bbox 537 2815 714 2886; x_wconf 82' lang='grc' dir='ltr'>ὀνείδη</span> <span class='ocrx_word' id='word_1_218' title='bbox 749 2817 841 2869; x_wconf 75' lang='grc' dir='ltr'>καὶ</span> <span class='ocrx_word' id='word_1_219' title='bbox 869 2818 924 2869; x_wconf 91' lang='grc' dir='ltr'>αί</span> <span class='ocrx_word' id='word_1_220' title='bbox 969 2815 1225 2886; x_wconf 83' lang='grc' dir='ltr'>λοιδορίαι</span> <span class='ocrx_word' id='word_1_221' title='bbox 1271 2813 1365 2868; x_wconf 90' lang='grc' dir='ltr'>τοῦ</span> <span class='ocrx_word' id='word_1_222' title='bbox 1397 2814 1649 2880; x_wconf 81' lang='grc' dir='ltr'>δόξαντος</span> <span class='ocrx_word' id='word_1_223' title='bbox 1684 2815 1844 2868; x_wconf 84' lang='grc' dir='ltr'>αὑτὸν</span> <span class='ocrx_word' id='word_1_224' title='bbox 1875 2815 2113 2886; x_wconf 76' lang='grc' dir='ltr'>ὑϐρίζειν</span> 
     </span>
    </p>
   </div>
   <div class='ocr_carea' id='block_1_31' title="bbox 539 2903 2110 2975">
    <p class='ocr_par' dir='ltr' id='par_1_31' title="bbox 539 2903 2110 2975">
     <span class='ocr_line' id='line_1_31' title="bbox 539 2903 2110 2975; baseline 0.008 -20"><span class='ocrx_word' id='word_1_225' title='bbox 539 2905 800 2973; x_wconf 83' lang='grc' dir='ltr'>στέφανον</span> <span class='ocrx_word' id='word_1_226' title='bbox 821 2903 968 2975; x_wconf 84' lang='grc' dir='ltr'>αὐτῷ</span> <span class='ocrx_word' id='word_1_227' title='bbox 989 2904 1332 2974; x_wconf 86' lang='grc' dir='ltr'>δικαιοσύνης</span> <span class='ocrx_word' id='word_1_228' title='bbox 1353 2903 1636 2974; x_wconf 83' lang='grc' dir='ltr'>ἐκόμισαν,</span> <span class='ocrx_word' id='word_1_229' title='bbox 1655 2904 1823 2974; x_wconf 78' lang='grc' dir='ltr'>χωρὶς</span> <span class='ocrx_word' id='word_1_230' title='bbox 1854 2903 2110 2974; x_wconf 75' lang='grc' dir='ltr'>ἱδρώτωνν</span> 
     </span>
    </p>
   </div>
   <div class='ocr_carea' id='block_1_32' title="bbox 537 2991 2112 3064">
    <p class='ocr_par' dir='ltr' id='par_1_32' title="bbox 537 2991 2112 3064">
     <span class='ocr_line' id='line_1_32' title="bbox 537 2991 2112 3064; baseline 0 -20"><span class='ocrx_word' id='word_1_231' title='bbox 537 2993 632 3045; x_wconf 73' lang='grc' dir='ltr'>καὶ</span> <span class='ocrx_word' id='word_1_232' title='bbox 659 2991 854 3056; x_wconf 85' lang='grc' dir='ltr'>πόνων,</span> <span class='ocrx_word' id='word_1_233' title='bbox 888 2993 980 3045; x_wconf 78' lang='grc' dir='ltr'>καὶ</span> <span class='ocrx_word' id='word_1_234' title='bbox 1009 2995 1201 3064; x_wconf 85' lang='grc' dir='ltr'>χρόνου</span> <span class='ocrx_word' id='word_1_235' title='bbox 1232 2991 1466 3063; x_wconf 82' lang='grc' dir='ltr'>μακροῦ.</span> <span class='ocrx_word' id='word_1_236' title='bbox 1511 2993 1672 3062; x_wconf 85' lang='grc' dir='ltr'>Ὁρᾷς</span> <span class='ocrx_word' id='word_1_237' title='bbox 1698 2993 1778 3044; x_wconf 82' lang='grc' dir='ltr'>ὅτι</span> <span class='ocrx_word' id='word_1_238' title='bbox 1810 2991 1911 3044; x_wconf 83' lang='grc' dir='ltr'>κᾶν</span> <span class='ocrx_word' id='word_1_239' title='bbox 1939 2991 2112 3062; x_wconf 92' lang='grc' dir='ltr'>ἀληθῆ</span> 
     </span>
    </p>
   </div>
   <div class='ocr_carea' id='block_1_33' title="bbox 537 3081 2114 3153">
    <p class='ocr_par' dir='ltr' id='par_1_33' title="bbox 537 3081 2114 3153">
     <span class='ocr_line' id='line_1_33' title="bbox 537 3081 2114 3153; baseline -0.001 -19"><span class='ocrx_word' id='word_1_240' title='bbox 537 3099 621 3145; x_wconf 86' lang='grc' dir='ltr'>τις</span> <span class='ocrx_word' id='word_1_241' title='bbox 656 3081 789 3153; x_wconf 83' lang='grc' dir='ltr'>λέγῃ</span> <span class='ocrx_word' id='word_1_242' title='bbox 819 3083 946 3152; x_wconf 73' lang='grc' dir='ltr'>περὶ</span> <span class='ocrx_word' id='word_1_243' title='bbox 972 3082 1148 3153; x_wconf 86' lang='grc' dir='ltr'>ἡμῶν,</span> <span class='ocrx_word' id='word_1_244' title='bbox 1172 3082 1275 3135; x_wconf 79' lang='grc' dir='ltr'>κᾶν</span> <span class='ocrx_word' id='word_1_245' title='bbox 1305 3081 1525 3135; x_wconf 87' lang='grc' dir='ltr'>τοιαῦτα</span> <span class='ocrx_word' id='word_1_246' title='bbox 1550 3081 1692 3152; x_wconf 76' lang='grc' dir='ltr'>ἀπερ</span> <span class='ocrx_word' id='word_1_247' title='bbox 1721 3083 1881 3151; x_wconf 81' lang='grc' dir='ltr'>ἡμεῖς</span> <span class='ocrx_word' id='word_1_248' title='bbox 1903 3083 2114 3144; x_wconf 78' lang='grc' dir='ltr'>ἑαυτοῖς</span> 
     </span>
    </p>
   </div>
   <div class='ocr_carea' id='block_1_34' title="bbox 540 3168 2115 3239">
    <p class='ocr_par' dir='ltr' id='par_1_34' title="bbox 540 3168 2115 3239">
     <span class='ocr_line' id='line_1_34' title="bbox 540 3168 2115 3239; baseline -0.001 -18"><span class='ocrx_word' id='word_1_249' title='bbox 540 3169 820 3239; x_wconf 90' lang='grc' dir='ltr'>σύνισμεν,</span> <span class='ocrx_word' id='word_1_250' title='bbox 851 3171 1010 3239; x_wconf 80' lang='grc' dir='ltr'>ἡμεῖς</span> <span class='ocrx_word' id='word_1_251' title='bbox 1037 3169 1093 3222; x_wconf 82' lang='grc' dir='ltr'>δὲ</span> <span class='ocrx_word' id='word_1_252' title='bbox 1125 3169 1215 3222; x_wconf 86' lang='grc' dir='ltr'>τὸν</span> <span class='ocrx_word' id='word_1_253' title='bbox 1240 3169 1464 3237; x_wconf 92' lang='grc' dir='ltr'>λέγοντα</span> <span class='ocrx_word' id='word_1_254' title='bbox 1506 3169 1580 3239; x_wconf 80' lang='grc' dir='ltr'>μὴ</span> <span class='ocrx_word' id='word_1_255' title='bbox 1618 3169 1950 3238; x_wconf 88' lang='grc' dir='ltr'>ύϐρίσωμεν,</span> <span class='ocrx_word' id='word_1_256' title='bbox 1979 3168 2115 3221; x_wconf 80' lang='grc' dir='ltr'>ἀλλὰ</span> 
     </span>
    </p>
   </div>
   <div class='ocr_carea' id='block_1_35' title="bbox 540 3258 2114 3328">
    <p class='ocr_par' dir='ltr' id='par_1_35' title="bbox 540 3258 2114 3328">
     <span class='ocr_line' id='line_1_35' title="bbox 540 3258 2114 3328; baseline -0.001 -17"><span class='ocrx_word' id='word_1_257' title='bbox 540 3259 884 3328; x_wconf 83' lang='grc' dir='ltr'>στενάξωμεν</span> <span class='ocrx_word' id='word_1_258' title='bbox 911 3259 1125 3328; x_wconf 87' lang='grc' dir='ltr'>πικρὸν,</span> <span class='ocrx_word' id='word_1_259' title='bbox 1157 3259 1250 3312; x_wconf 77' lang='grc' dir='ltr'>καὶ</span> <span class='ocrx_word' id='word_1_260' title='bbox 1277 3258 1367 3311; x_wconf 81' lang='grc' dir='ltr'>τὸν</span> <span class='ocrx_word' id='word_1_261' title='bbox 1397 3258 1528 3310; x_wconf 85' lang='grc' dir='ltr'>Θεὸν</span> <span class='ocrx_word' id='word_1_262' title='bbox 1556 3258 1696 3326; x_wconf 76' lang='grc' dir='ltr'>ὺπέρ</span> <span class='ocrx_word' id='word_1_263' title='bbox 1728 3259 1836 3311; x_wconf 92' lang='grc' dir='ltr'>τῶν</span> <span class='ocrx_word' id='word_1_264' title='bbox 1867 3260 2114 3328; x_wconf 86' lang='grc' dir='ltr'>ἁμαρτη-</span> 
     </span>
    </p>
   </div>
   <div class='ocr_carea' id='block_1_36' title="bbox 543 3345 2114 3416">
    <p class='ocr_par' dir='ltr' id='par_1_36' title="bbox 543 3345 2114 3416">
     <span class='ocr_line' id='line_1_36' title="bbox 543 3345 2114 3416; baseline 0.001 -19"><span class='ocrx_word' id='word_1_265' title='bbox 543 3345 728 3414; x_wconf 83' lang='grc' dir='ltr'>μάτων</span> <span class='ocrx_word' id='word_1_266' title='bbox 750 3345 1244 3416; x_wconf 75' lang='grc' dir='ltr'>παρακαλέσωμεν,</span> <span class='ocrx_word' id='word_1_267' title='bbox 1259 3346 1435 3399; x_wconf 87' lang='grc' dir='ltr'>πάντα</span> <span class='ocrx_word' id='word_1_268' title='bbox 1455 3345 1794 3415; x_wconf 88' lang='grc' dir='ltr'>δυνησόμεθα</span> <span class='ocrx_word' id='word_1_269' title='bbox 1815 3346 2114 3400; x_wconf 84' lang='grc' dir='ltr'>ἀποθέσθαι</span> 
     </span>
    </p>
   </div>
   <div class='ocr_carea' id='block_1_37' title="bbox 539 3427 2111 3504">
    <p class='ocr_par' dir='ltr' id='par_1_37' title="bbox 539 3427 2111 3504">
     <span class='ocr_line' id='line_1_37' title="bbox 539 3427 2111 3504; baseline 0 -18"><span class='ocrx_word' id='word_1_270' title='bbox 539 3435 608 3486; x_wconf 86' lang='grc' dir='ltr'>τά</span> <span class='ocrx_word' id='word_1_271' title='bbox 633 3434 1112 3504; x_wconf 87' lang='grc' dir='ltr'>πλημμελήματα;</span> <span class='ocrx_word' id='word_1_272' title='bbox 1141 3432 1298 3486; x_wconf 77' lang='grc' dir='ltr'>Οὕτω</span> <span class='ocrx_word' id='word_1_273' title='bbox 1323 3432 1452 3502; x_wconf 88' lang='grc' dir='ltr'>γοῦν</span> <span class='ocrx_word' id='word_1_274' title='bbox 1479 3435 1572 3486; x_wconf 72' lang='grc' dir='ltr'>καὶ</span> <span class='ocrx_word' id='word_1_275' title='bbox 1605 3427 1761 3496; x_wconf 75' lang='grc' dir='ltr'>οὗτος</span> <span class='ocrx_word' id='word_1_276' title='bbox 1789 3433 2075 3504; x_wconf 78' lang='grc' dir='ltr'>ἐδικαιώθη</span> <span class='ocrx_word' id='word_1_277' title='bbox 2097 3452 2111 3466; x_wconf 88' lang='grc'><strong>·</strong></span> 
     </span>
    </p>
   </div>
   <div class='ocr_carea' id='block_1_38' title="bbox 542 3521 2114 3592">
    <p class='ocr_par' dir='ltr' id='par_1_38' title="bbox 542 3521 2114 3592">
     <span class='ocr_line' id='line_1_38' title="bbox 542 3521 2114 3592; baseline -0.001 -18"><span class='ocrx_word' id='word_1_278' title='bbox 542 3521 729 3592; x_wconf 81' lang='grc' dir='ltr'>ἐπειδὴ</span> <span class='ocrx_word' id='word_1_279' title='bbox 756 3521 863 3592; x_wconf 80' lang='grc' dir='ltr'>γὰρ</span> <span class='ocrx_word' id='word_1_280' title='bbox 907 3522 1006 3574; x_wconf 88' lang='grc' dir='ltr'>ούκ</span> <span class='ocrx_word' id='word_1_281' title='bbox 1050 3521 1375 3592; x_wconf 88' lang='grc' dir='ltr'>ἀνθύϐρισεν</span> <span class='ocrx_word' id='word_1_282' title='bbox 1417 3523 1644 3584; x_wconf 88' lang='grc' dir='ltr'>ἐκεῖνον,</span> <span class='ocrx_word' id='word_1_283' title='bbox 1675 3521 1791 3574; x_wconf 82' lang='grc' dir='ltr'>ἀλλ’</span> <span class='ocrx_word' id='word_1_284' title='bbox 1833 3521 2114 3587; x_wconf 82' lang='grc' dir='ltr'>ἐστέναξεν</span> 
     </span>
    </p>
   </div>
   <div class='ocr_carea' id='block_1_39' title="bbox 543 3608 2115 3680">
    <p class='ocr_par' dir='ltr' id='par_1_39' title="bbox 543 3608 2115 3680">
     <span class='ocr_line' id='line_1_39' title="bbox 543 3608 2115 3680; baseline 0.001 -19"><span class='ocrx_word' id='word_1_285' title='bbox 543 3609 683 3680; x_wconf 79' lang='grc' dir='ltr'>ὺπέρ</span> <span class='ocrx_word' id='word_1_286' title='bbox 713 3609 819 3662; x_wconf 90' lang='grc' dir='ltr'>τῶν</span> <span class='ocrx_word' id='word_1_287' title='bbox 853 3610 1066 3661; x_wconf 86' lang='grc' dir='ltr'>οἰκείων</span> <span class='ocrx_word' id='word_1_288' title='bbox 1105 3608 1540 3679; x_wconf 73' lang='grc' dir='ltr'>ἁμαρτημάτων,</span> <span class='ocrx_word' id='word_1_289' title='bbox 1582 3609 1816 3679; x_wconf 85' lang='grc' dir='ltr'>κατῆλθε</span> <span class='ocrx_word' id='word_1_290' title='bbox 1845 3609 2115 3662; x_wconf 87' lang='grc' dir='ltr'>δεδικαιω-</span> 
     </span>
    </p>
   </div>
   <div class='ocr_carea' id='block_1_40' title="bbox 539 3693 1457 3768">
    <p class='ocr_par' dir='ltr' id='par_1_40' title="bbox 539 3693 1457 3768">
     <span class='ocr_line' id='line_1_40' title="bbox 539 3693 1457 3768; baseline 0.002 -18"><span class='ocrx_word' id='word_1_291' title='bbox 539 3699 702 3767; x_wconf 83' lang='grc' dir='ltr'>μένος</span> <span class='ocrx_word' id='word_1_292' title='bbox 733 3697 932 3767; x_wconf 81' lang='grc' dir='ltr'>μᾶλλον</span> <span class='ocrx_word' id='word_1_293' title='bbox 965 3693 1138 3761; x_wconf 74' lang='grc' dir='ltr'>οὗτος,</span> <span class='ocrx_word' id='word_1_294' title='bbox 1172 3699 1205 3768; x_wconf 78' lang='grc' dir='ltr'>ἡ</span> <span class='ocrx_word' id='word_1_295' title='bbox 1232 3700 1457 3762; x_wconf 88' lang='grc' dir='ltr'>ἐκεῖνος.</span> 
     </span>
    </p>
   </div>
   <div class='ocr_carea' id='block_1_41' title="bbox 616 3825 2113 3899">
    <p class='ocr_par' dir='ltr' id='par_1_41' title="bbox 616 3825 2113 3899">
     <span class='ocr_line' id='line_1_41' title="bbox 616 3825 2113 3899; baseline 0.003 -22"><span class='ocrx_word' id='word_1_296' title='bbox 616 3832 678 3878; x_wconf 47' lang='grc' dir='ltr'>εἴ.</span> <span class='ocrx_word' id='word_1_297' title='bbox 697 3827 858 3896; x_wconf 84' lang='grc' dir='ltr'>Ὀρᾷς</span> <span class='ocrx_word' id='word_1_298' title='bbox 883 3827 1006 3879; x_wconf 80' lang='grc' dir='ltr'>ὅσον</span> <span class='ocrx_word' id='word_1_299' title='bbox 1025 3825 1134 3897; x_wconf 79' lang='grc' dir='ltr'>ἔχει</span> <span class='ocrx_word' id='word_1_300' title='bbox 1167 3827 1358 3899; x_wconf 89' lang='grc' dir='ltr'>κέρδος</span> <span class='ocrx_word' id='word_1_301' title='bbox 1387 3829 1421 3897; x_wconf 89' lang='grc' dir='ltr'>ἡ</span> <span class='ocrx_word' id='word_1_302' title='bbox 1449 3827 1557 3879; x_wconf 90' lang='grc' dir='ltr'>τῶν</span> <span class='ocrx_word' id='word_1_303' title='bbox 1579 3827 1786 3898; x_wconf 87' lang='grc' dir='ltr'>ἐχθρῶν</span> <span class='ocrx_word' id='word_1_304' title='bbox 1811 3827 1985 3897; x_wconf 77' lang='grc' dir='ltr'>ὕϐρις,</span> <span class='ocrx_word' id='word_1_305' title='bbox 2018 3828 2113 3881; x_wconf 86' lang='grc' dir='ltr'>ἐάν</span> 
     </span>
    </p>
   </div>
   <div class='ocr_carea' id='block_1_42' title="bbox 543 3917 2116 3989">
    <p class='ocr_par' dir='ltr' id='par_1_42' title="bbox 543 3917 2116 3989">
     <span class='ocr_line' id='line_1_42' title="bbox 543 3917 2116 3989; baseline 0.001 -20"><span class='ocrx_word' id='word_1_306' title='bbox 543 3917 846 3984; x_wconf 78' lang='grc' dir='ltr'>φιλοσόφως</span> <span class='ocrx_word' id='word_1_307' title='bbox 875 3917 1041 3989; x_wconf 83' lang='grc' dir='ltr'>αὐτὴν</span> <span class='ocrx_word' id='word_1_308' title='bbox 1065 3919 1351 3989; x_wconf 87' lang='grc' dir='ltr'>φέρωμεν;</span> <span class='ocrx_word' id='word_1_309' title='bbox 1379 3919 1549 3972; x_wconf 83' lang='grc' dir='ltr'>Ὅταν</span> <span class='ocrx_word' id='word_1_310' title='bbox 1576 3918 1706 3986; x_wconf 89' lang='grc' dir='ltr'>γοῦν</span> <span class='ocrx_word' id='word_1_311' title='bbox 1738 3919 1832 3971; x_wconf 73' lang='grc' dir='ltr'>καὶ</span> <span class='ocrx_word' id='word_1_312' title='bbox 1859 3918 2116 3988; x_wconf 74' lang='grc' dir='ltr'>ψευδόμε·</span> 
     </span>
    </p>
   </div>
   <div class='ocr_carea' id='block_1_43' title="bbox 543 4007 2113 4080">
    <p class='ocr_par' dir='ltr' id='par_1_43' title="bbox 543 4007 2113 4080">
     <span class='ocr_line' id='line_1_43' title="bbox 543 4007 2113 4080; baseline 0.003 -22"><span class='ocrx_word' id='word_1_313' title='bbox 543 4024 620 4059; x_wconf 90' lang='grc' dir='ltr'>νοι</span> <span class='ocrx_word' id='word_1_314' title='bbox 646 4009 740 4060; x_wconf 68' lang='grc' dir='ltr'>καί¹</span> <span class='ocrx_word' id='word_1_315' title='bbox 766 4007 1118 4076; x_wconf 86' lang='grc' dir='ltr'>ἀληθεύοντες</span> <span class='ocrx_word' id='word_1_316' title='bbox 1143 4010 1286 4079; x_wconf 81' lang='grc' dir='ltr'>ἡμᾶς</span> <span class='ocrx_word' id='word_1_317' title='bbox 1314 4009 1585 4076; x_wconf 82' lang='grc' dir='ltr'>ὠφελῶσι,</span> <span class='ocrx_word' id='word_1_318' title='bbox 1603 4009 1744 4072; x_wconf 87' lang='grc' dir='ltr'>τίνος</span> <span class='ocrx_word' id='word_1_319' title='bbox 1762 4011 1946 4062; x_wconf 82' lang='grc' dir='ltr'>ἐνεκεν</span> <span class='ocrx_word' id='word_1_320' title='bbox 1961 4008 2113 4080; x_wconf 72' lang='lat'>[776]</span> 
     </span>
    </p>
   </div>
   <div class='ocr_carea' id='block_1_44' title="bbox 541 4100 2114 4173">
    <p class='ocr_par' dir='ltr' id='par_1_44' title="bbox 541 4100 2114 4173">
     <span class='ocr_line' id='line_1_44' title="bbox 541 4100 2114 4173; baseline 0.001 -19"><span class='ocrx_word' id='word_1_321' title='bbox 541 4101 846 4170; x_wconf 87' lang='grc' dir='ltr'>ἀλγοῦμεν;</span> <span class='ocrx_word' id='word_1_322' title='bbox 877 4100 1020 4164; x_wconf 89' lang='grc' dir='ltr'>τίνος</span> <span class='ocrx_word' id='word_1_323' title='bbox 1041 4101 1224 4156; x_wconf 84' lang='grc' dir='ltr'>ἑνεκεν</span> <span class='ocrx_word' id='word_1_324' title='bbox 1248 4101 1586 4171; x_wconf 74' lang='grc' dir='ltr'>δακνόμεθα,</span> <span class='ocrx_word' id='word_1_325' title='bbox 1609 4103 1704 4154; x_wconf 78' lang='grc' dir='ltr'>’Ἂν</span> <span class='ocrx_word' id='word_1_326' title='bbox 1728 4102 1801 4173; x_wconf 81' lang='grc' dir='ltr'>μὴ</span> <span class='ocrx_word' id='word_1_327' title='bbox 1835 4103 1896 4154; x_wconf 73' lang='grc' dir='ltr'>σὺ</span> <span class='ocrx_word' id='word_1_328' title='bbox 1922 4104 2114 4156; x_wconf 84' lang='grc' dir='ltr'>σαυτὸν</span> 
     </span>
    </p>
   </div>
   <div class='ocr_carea' id='block_1_45' title="bbox 543 4193 2113 4266">
    <p class='ocr_par' dir='ltr' id='par_1_45' title="bbox 543 4193 2113 4266">
     <span class='ocr_line' id='line_1_45' title="bbox 543 4193 2113 4266; baseline 0.003 -22"><span class='ocrx_word' id='word_1_329' title='bbox 543 4193 924 4266; x_wconf 79' lang='grc' dir='ltr'>παραϐλάψῃς,</span> <span class='ocrx_word' id='word_1_330' title='bbox 959 4194 1233 4264; x_wconf 84' lang='grc' dir='ltr'>ἄνθρωπε,</span> <span class='ocrx_word' id='word_1_331' title='bbox 1264 4194 1388 4248; x_wconf 78' lang='grc' dir='ltr'>οὕτε</span> <span class='ocrx_word' id='word_1_332' title='bbox 1418 4195 1591 4266; x_wconf 88' lang='grc' dir='ltr'>φίλος,</span> <span class='ocrx_word' id='word_1_333' title='bbox 1626 4195 1735 4248; x_wconf 72' lang='lat'><strong>061‘</strong></span> <span class='ocrx_word' id='word_1_334' title='bbox 1760 4195 1972 4265; x_wconf 79' lang='grc' dir='ltr'>ἐχθρὸς,</span> <span class='ocrx_word' id='word_1_335' title='bbox 2003 4196 2113 4251; x_wconf 76' lang='grc' dir='ltr'>οὔτ’</span> 
     </span>
    </p>
   </div>
   <div class='ocr_carea' id='block_1_46' title="bbox 543 4285 2114 4362">
    <p class='ocr_par' dir='ltr' id='par_1_46' title="bbox 543 4285 2114 4362">
     <span class='ocr_line' id='line_1_46' title="bbox 543 4285 2114 4362; baseline 0.004 -26"><span class='ocrx_word' id='word_1_336' title='bbox 543 4285 704 4347; x_wconf 79' lang='grc' dir='ltr'>αὐτός</span> <span class='ocrx_word' id='word_1_337' title='bbox 725 4301 783 4337; x_wconf 89' lang='grc' dir='ltr'>σε</span> <span class='ocrx_word' id='word_1_338' title='bbox 813 4289 841 4338; x_wconf 91' lang='lat'>6</span> <span class='ocrx_word' id='word_1_339' title='bbox 858 4285 1102 4350; x_wconf 88' lang='grc' dir='ltr'>διάϐολος</span> <span class='ocrx_word' id='word_1_340' title='bbox 1125 4287 1477 4358; x_wconf 74' lang='grc' dir='ltr'>παραϐλάψαι</span> <span class='ocrx_word' id='word_1_341' title='bbox 1495 4289 1797 4359; x_wconf 89' lang='grc' dir='ltr'>δυνήσεται.</span> <span class='ocrx_word' id='word_1_342' title='bbox 1821 4291 1986 4342; x_wconf 85' lang='grc' dir='ltr'>’Ὀταν</span> <span class='ocrx_word' id='word_1_343' title='bbox 2008 4290 2114 4362; x_wconf 83' lang='grc' dir='ltr'>γὰρ</span> 
     </span>
    </p>
   </div>
   <div class='ocr_carea' id='block_1_47' title="bbox 541 4377 2116 4452">
    <p class='ocr_par' dir='ltr' id='par_1_47' title="bbox 541 4377 2116 4452">
     <span class='ocr_line' id='line_1_47' title="bbox 541 4377 2116 4452; baseline 0.003 -22"><span class='ocrx_word' id='word_1_344' title='bbox 541 4379 592 4430; x_wconf 87' lang='grc' dir='ltr'>οἰ</span> <span class='ocrx_word' id='word_1_345' title='bbox 623 4377 962 4449; x_wconf 77' lang='grc' dir='ltr'>ὑϐρίζοντες,</span> <span class='ocrx_word' id='word_1_346' title='bbox 1009 4381 1058 4432; x_wconf 91' lang='grc' dir='ltr'>οἱ</span> <span class='ocrx_word' id='word_1_347' title='bbox 1097 4379 1459 4450; x_wconf 85' lang='grc' dir='ltr'>δημεύοντες,</span> <span class='ocrx_word' id='word_1_348' title='bbox 1507 4382 1555 4432; x_wconf 89' lang='grc' dir='ltr'>οἰ</span> <span class='ocrx_word' id='word_1_349' title='bbox 1606 4381 1766 4452; x_wconf 86' lang='grc' dir='ltr'>μέχρι</span> <span class='ocrx_word' id='word_1_350' title='bbox 1823 4381 1920 4452; x_wconf 91' lang='grc' dir='ltr'>τῆς</span> <span class='ocrx_word' id='word_1_351' title='bbox 1971 4381 2116 4451; x_wconf 78' lang='grc' dir='ltr'>ζωῆς</span> 
     </span>
    </p>
   </div>
   <div class='ocr_carea' id='block_1_48' title="bbox 541 4471 2113 4544">
    <p class='ocr_par' dir='ltr' id='par_1_48' title="bbox 541 4471 2113 4544">
     <span class='ocr_line' id='line_1_48' title="bbox 541 4471 2113 4544; baseline 0.003 -22"><span class='ocrx_word' id='word_1_352' title='bbox 541 4471 712 4540; x_wconf 79' lang='grc' dir='ltr'>αὐτῆς</span> <span class='ocrx_word' id='word_1_353' title='bbox 769 4471 1205 4535; x_wconf 86' lang='grc' dir='ltr'>ἐπιϐουλεύοντες</span> <span class='ocrx_word' id='word_1_354' title='bbox 1235 4472 1517 4542; x_wconf 79' lang='grc' dir='ltr'>ὠφελῶσιν</span> <span class='ocrx_word' id='word_1_355' title='bbox 1547 4475 1725 4544; x_wconf 81' lang='grc' dir='ltr'>ἡμᾶς,</span> <span class='ocrx_word' id='word_1_356' title='bbox 1775 4473 1867 4525; x_wconf 72' lang='grc' dir='ltr'>καὶ</span> <span class='ocrx_word' id='word_1_357' title='bbox 1911 4473 1960 4526; x_wconf 84' lang='grc' dir='ltr'>οἱ</span> <span class='ocrx_word' id='word_1_358' title='bbox 2018 4473 2113 4542; x_wconf 79' lang='grc' dir='ltr'>μὲν</span> 
     </span>
    </p>
   </div>
   <div class='ocr_carea' id='block_1_49' title="bbox 546 4563 2115 4634">
    <p class='ocr_par' dir='ltr' id='par_1_49' title="bbox 546 4563 2115 4634">
     <span class='ocr_line' id='line_1_49' title="bbox 546 4563 2115 4634; baseline 0 -19"><span class='ocrx_word' id='word_1_359' title='bbox 546 4563 844 4634; x_wconf 85' lang='grc' dir='ltr'>μαρτυρίου</span> <span class='ocrx_word' id='word_1_360' title='bbox 883 4563 1140 4632; x_wconf 89' lang='grc' dir='ltr'>στέφανον</span> <span class='ocrx_word' id='word_1_361' title='bbox 1164 4566 1295 4634; x_wconf 87' lang='grc' dir='ltr'>ἡμῖν</span> <span class='ocrx_word' id='word_1_362' title='bbox 1327 4564 1587 4627; x_wconf 86' lang='grc' dir='ltr'>πλέκωσι,</span> <span class='ocrx_word' id='word_1_363' title='bbox 1625 4563 1875 4634; x_wconf 85' lang='grc' dir='ltr'>καθάπερ</span> <span class='ocrx_word' id='word_1_364' title='bbox 1903 4563 2115 4617; x_wconf 82' lang='grc' dir='ltr'>ἀπεδεί-</span> 
     </span>
    </p>
   </div>
   <div class='ocr_carea' id='block_1_50' title="bbox 545 4654 2115 4728">
    <p class='ocr_par' dir='ltr' id='par_1_50' title="bbox 545 4654 2115 4728">
     <span class='ocr_line' id='line_1_50' title="bbox 545 4654 2115 4728; baseline -0.001 -20"><span class='ocrx_word' id='word_1_365' title='bbox 545 4655 734 4726; x_wconf 85' lang='grc' dir='ltr'>ξαμεν,</span> <span class='ocrx_word' id='word_1_366' title='bbox 771 4655 820 4706; x_wconf 88' lang='grc' dir='ltr'>οἰ</span> <span class='ocrx_word' id='word_1_367' title='bbox 853 4654 909 4706; x_wconf 81' lang='grc' dir='ltr'>δὲ</span> <span class='ocrx_word' id='word_1_368' title='bbox 940 4654 1008 4707; x_wconf 82' lang='grc' dir='ltr'>τὰ</span> <span class='ocrx_word' id='word_1_369' title='bbox 1056 4657 1428 4727; x_wconf 81' lang='grc' dir='ltr'>ἁμαρτήματα</span> <span class='ocrx_word' id='word_1_370' title='bbox 1466 4656 1622 4726; x_wconf 82' lang='grc' dir='ltr'>ἡμῶν</span> <span class='ocrx_word' id='word_1_371' title='bbox 1649 4657 1990 4728; x_wconf 90' lang='grc' dir='ltr'>ύποσύρωσι,</span> <span class='ocrx_word' id='word_1_372' title='bbox 2021 4658 2115 4709; x_wconf 77' lang='grc' dir='ltr'>καὶ</span> 
     </span>
    </p>
   </div>
   <div class='ocr_carea' id='block_1_51' title="bbox 541 4747 2113 4821">
    <p class='ocr_par' dir='ltr' id='par_1_51' title="bbox 541 4747 2113 4821">
     <span class='ocr_line' id='line_1_51' title="bbox 541 4747 2113 4821; baseline -0.001 -19"><span class='ocrx_word' id='word_1_373' title='bbox 541 4750 786 4811; x_wconf 88' lang='grc' dir='ltr'>δικαίους</span> <span class='ocrx_word' id='word_1_374' title='bbox 822 4749 968 4818; x_wconf 79' lang='grc' dir='ltr'>ἡμᾶς</span> <span class='ocrx_word' id='word_1_375' title='bbox 1000 4747 1355 4819; x_wconf 73' lang='grc' dir='ltr'>ἐργάζωνται,</span> <span class='ocrx_word' id='word_1_376' title='bbox 1398 4749 1588 4821; x_wconf 81' lang='grc' dir='ltr'>ὥσπερ</span> <span class='ocrx_word' id='word_1_377' title='bbox 1618 4751 1710 4802; x_wconf 84' lang='grc' dir='ltr'>ἐπὶ</span> <span class='ocrx_word' id='word_1_378' title='bbox 1749 4749 1843 4802; x_wconf 92' lang='grc' dir='ltr'>τοῦ</span> <span class='ocrx_word' id='word_1_379' title='bbox 1883 4749 2113 4802; x_wconf 90' lang='grc' dir='ltr'>τελώνου</span> 
     </span>
    </p>
   </div>
   <div class='ocr_carea' id='block_1_52' title="bbox 541 4839 2112 4912">
    <p class='ocr_par' dir='ltr' id='par_1_52' title="bbox 541 4839 2112 4912">
     <span class='ocr_line' id='line_1_52' title="bbox 541 4839 2112 4912; baseline -0.001 -19"><span class='ocrx_word' id='word_1_380' title='bbox 541 4842 754 4910; x_wconf 87' lang='grc' dir='ltr'>γέγονε,</span> <span class='ocrx_word' id='word_1_381' title='bbox 783 4840 926 4903; x_wconf 92' lang='grc' dir='ltr'>τίνος</span> <span class='ocrx_word' id='word_1_382' title='bbox 952 4840 1137 4893; x_wconf 78' lang='grc' dir='ltr'>ἑνεκεν</span> <span class='ocrx_word' id='word_1_383' title='bbox 1167 4840 1570 4912; x_wconf 88' lang='grc' dir='ltr'>ἐκθηριούμεθα</span> <span class='ocrx_word' id='word_1_384' title='bbox 1601 4840 1736 4912; x_wconf 82' lang='grc' dir='ltr'>πρὸς</span> <span class='ocrx_word' id='word_1_385' title='bbox 1761 4839 1955 4904; x_wconf 85' lang='grc' dir='ltr'>αὐτούς</span> <span class='ocrx_word' id='word_1_386' title='bbox 1979 4856 1992 4902; x_wconf 93' lang='grc'><strong>;</strong></span> <span class='ocrx_word' id='word_1_387' title='bbox 2022 4840 2112 4910; x_wconf 83' lang='grc' dir='ltr'>Μὴ</span> 
     </span>
    </p>
   </div>
   <div class='ocr_carea' id='block_1_53' title="bbox 540 4931 2116 5004">
    <p class='ocr_par' dir='ltr' id='par_1_53' title="bbox 540 4931 2116 5004">
     <span class='ocr_line' id='line_1_53' title="bbox 540 4931 2116 5004; baseline -0.001 -18"><span class='ocrx_word' id='word_1_388' title='bbox 540 4934 718 4986; x_wconf 87' lang='grc' dir='ltr'>τοίνυν</span> <span class='ocrx_word' id='word_1_389' title='bbox 753 4933 1000 5003; x_wconf 89' lang='grc' dir='ltr'>λέγωμεν</span> <span class='ocrx_word' id='word_1_390' title='bbox 1022 4950 1035 4963; x_wconf 91' lang='grc'><strong>·</strong></span> <span class='ocrx_word' id='word_1_391' title='bbox 1073 4932 1130 4984; x_wconf 84' lang='grc' dir='ltr'>Ὀ</span> <span class='ocrx_word' id='word_1_392' title='bbox 1160 4933 1305 4986; x_wconf 88' lang='grc' dir='ltr'>δεῖνά</span> <span class='ocrx_word' id='word_1_393' title='bbox 1339 4951 1406 5004; x_wconf 90' lang='grc' dir='ltr'>με</span> <span class='ocrx_word' id='word_1_394' title='bbox 1439 4932 1757 5003; x_wconf 78' lang='grc' dir='ltr'>παρώξυνε,</span> <span class='ocrx_word' id='word_1_395' title='bbox 1791 4932 1883 4984; x_wconf 72' lang='grc' dir='ltr'>καὶ</span> <span class='ocrx_word' id='word_1_396' title='bbox 1916 4933 1944 4983; x_wconf 92' lang='lat'>6</span> <span class='ocrx_word' id='word_1_397' title='bbox 1970 4931 2116 4984; x_wconf 88' lang='grc' dir='ltr'>δεῖνά</span> 
     </span>
    </p>
   </div>
   <div class='ocr_carea' id='block_1_54' title="bbox 546 5023 2112 5098">
    <p class='ocr_par' dir='ltr' id='par_1_54' title="bbox 546 5023 2112 5098">
     <span class='ocr_line' id='line_1_54' title="bbox 546 5023 2112 5098; baseline -0.001 -20"><span class='ocrx_word' id='word_1_398' title='bbox 546 5043 612 5096; x_wconf 91' lang='grc' dir='ltr'>με</span> <span class='ocrx_word' id='word_1_399' title='bbox 646 5027 960 5097; x_wconf 83' lang='grc' dir='ltr'>προήγαγεν</span> <span class='ocrx_word' id='word_1_400' title='bbox 1010 5027 1185 5078; x_wconf 85' lang='grc' dir='ltr'>εἰπεῖν</span> <span class='ocrx_word' id='word_1_401' title='bbox 1237 5026 1456 5098; x_wconf 77' lang='grc' dir='ltr'>ῥήματα</span> <span class='ocrx_word' id='word_1_402' title='bbox 1489 5024 1719 5096; x_wconf 81' lang='grc' dir='ltr'>αἰσχρά·</span> <span class='ocrx_word' id='word_1_403' title='bbox 1758 5025 1919 5094; x_wconf 82' lang='grc' dir='ltr'>ἡμεῖς</span> <span class='ocrx_word' id='word_1_404' title='bbox 1950 5023 2112 5076; x_wconf 85' lang='grc' dir='ltr'>αίτιοι</span> 
     </span>
    </p>
   </div>
   <div class='ocr_carea' id='block_1_55' title="bbox 545 5115 2114 5189">
    <p class='ocr_par' dir='ltr' id='par_1_55' title="bbox 545 5115 2114 5189">
     <span class='ocr_line' id='line_1_55' title="bbox 545 5115 2114 5189; baseline -0.001 -19"><span class='ocrx_word' id='word_1_405' title='bbox 545 5117 823 5188; x_wconf 82' lang='grc' dir='ltr'>πανταχοῦ</span> <span class='ocrx_word' id='word_1_406' title='bbox 857 5118 1081 5172; x_wconf 88' lang='grc' dir='ltr'>τούτων.</span> <span class='ocrx_word' id='word_1_407' title='bbox 1113 5119 1209 5170; x_wconf 77' lang='grc' dir='ltr'>Ἂν</span> <span class='ocrx_word' id='word_1_408' title='bbox 1231 5117 1339 5189; x_wconf 86' lang='grc' dir='ltr'>γὰρ</span> <span class='ocrx_word' id='word_1_409' title='bbox 1365 5117 1606 5186; x_wconf 88' lang='grc' dir='ltr'>θέλωμεν</span> <span class='ocrx_word' id='word_1_410' title='bbox 1641 5115 1967 5184; x_wconf 75' lang='grc' dir='ltr'>φιλοσοφεῖν,</span> <span class='ocrx_word' id='word_1_411' title='bbox 1993 5115 2114 5168; x_wconf 88' lang='grc' dir='ltr'>ούδὲ</span> 
     </span>
    </p>
   </div>
   <div class='ocr_carea' id='block_1_56' title="bbox 540 5207 2114 5281">
    <p class='ocr_par' dir='ltr' id='par_1_56' title="bbox 540 5207 2114 5281">
     <span class='ocr_line' id='line_1_56' title="bbox 540 5207 2114 5281; baseline -0.003 -17"><span class='ocrx_word' id='word_1_412' title='bbox 540 5211 748 5275; x_wconf 83' lang='grc' dir='ltr'>δαίμων</span> <span class='ocrx_word' id='word_1_413' title='bbox 795 5212 942 5281; x_wconf 85' lang='grc' dir='ltr'>ἡμᾶς</span> <span class='ocrx_word' id='word_1_414' title='bbox 995 5211 1279 5280; x_wconf 89' lang='grc' dir='ltr'>δυνήσεται</span> <span class='ocrx_word' id='word_1_415' title='bbox 1327 5209 1546 5279; x_wconf 82' lang='grc' dir='ltr'>κινῆσαι</span> <span class='ocrx_word' id='word_1_416' title='bbox 1595 5209 1731 5280; x_wconf 78' lang='grc' dir='ltr'>πρὸς</span> <span class='ocrx_word' id='word_1_417' title='bbox 1777 5208 1979 5280; x_wconf 84' lang='grc' dir='ltr'>όργήν·</span> <span class='ocrx_word' id='word_1_418' title='bbox 2019 5207 2114 5260; x_wconf 69' lang='grc' dir='ltr'>καί¹</span> 
     </span>
    </p>
   </div>
   <div class='ocr_carea' id='block_1_57' title="bbox 539 5300 2110 5373">
    <p class='ocr_par' dir='ltr' id='par_1_57' title="bbox 539 5300 2110 5373">
     <span class='ocr_line' id='line_1_57' title="bbox 539 5300 2110 5373; baseline -0.003 -17"><span class='ocrx_word' id='word_1_419' title='bbox 539 5303 698 5356; x_wconf 81' lang='grc' dir='ltr'>τοῦτο</span> <span class='ocrx_word' id='word_1_420' title='bbox 715 5303 872 5373; x_wconf 91' lang='grc' dir='ltr'>δῆλον</span> <span class='ocrx_word' id='word_1_421' title='bbox 902 5301 993 5354; x_wconf 80' lang='grc' dir='ltr'>καὶ</span> <span class='ocrx_word' id='word_1_422' title='bbox 1017 5302 1076 5367; x_wconf 87' lang='grc' dir='ltr'>ἐξ</span> <span class='ocrx_word' id='word_1_423' title='bbox 1105 5302 1279 5356; x_wconf 79' lang='grc' dir='ltr'>ἄλλων</span> <span class='ocrx_word' id='word_1_424' title='bbox 1310 5302 1406 5372; x_wconf 84' lang='grc' dir='ltr'>μὲν</span> <span class='ocrx_word' id='word_1_425' title='bbox 1431 5300 1661 5365; x_wconf 86' lang='grc' dir='ltr'>πολλῶν,</span> <span class='ocrx_word' id='word_1_426' title='bbox 1694 5302 1789 5369; x_wconf 65' lang='grc' dir='ltr'>καί</span> <span class='ocrx_word' id='word_1_427' title='bbox 1815 5300 1910 5355; x_wconf 87' lang='grc' dir='ltr'>ἀπ’</span> <span class='ocrx_word' id='word_1_428' title='bbox 1937 5301 2110 5369; x_wconf 85' lang='grc' dir='ltr'>αὐτῆς</span> 
     </span>
    </p>
   </div>
   <div class='ocr_carea' id='block_1_58' title="bbox 539 5390 2110 5464">
    <p class='ocr_par' dir='ltr' id='par_1_58' title="bbox 539 5390 2110 5464">
     <span class='ocr_line' id='line_1_58' title="bbox 539 5390 2110 5464; baseline -0.003 -16"><span class='ocrx_word' id='word_1_429' title='bbox 539 5394 598 5448; x_wconf 77' lang='grc' dir='ltr'>δὲ</span> <span class='ocrx_word' id='word_1_430' title='bbox 651 5394 752 5464; x_wconf 87' lang='grc' dir='ltr'>τῆς</span> <span class='ocrx_word' id='word_1_431' title='bbox 805 5394 1173 5464; x_wconf 86' lang='grc' dir='ltr'>προκειμένης</span> <span class='ocrx_word' id='word_1_432' title='bbox 1227 5395 1358 5464; x_wconf 90' lang='grc' dir='ltr'>ἡμῖν</span> <span class='ocrx_word' id='word_1_433' title='bbox 1409 5393 1645 5463; x_wconf 87' lang='grc' dir='ltr'>ἱστορίας</span> <span class='ocrx_word' id='word_1_434' title='bbox 1702 5393 1800 5464; x_wconf 88' lang='grc' dir='ltr'>τῆς</span> <span class='ocrx_word' id='word_1_435' title='bbox 1844 5393 1972 5462; x_wconf 83' lang='grc' dir='ltr'>περί</span> <span class='ocrx_word' id='word_1_436' title='bbox 2018 5390 2110 5444; x_wconf 90' lang='grc' dir='ltr'>τοῦ</span> 
     </span>
    </p>
   </div>
   <div class='ocr_carea' id='block_1_59' title="bbox 540 5485 2112 5557">
    <p class='ocr_par' dir='ltr' id='par_1_59' title="bbox 540 5485 2112 5557">
     <span class='ocr_line' id='line_1_59' title="bbox 540 5485 2112 5557; baseline -0.003 -17"><span class='ocrx_word' id='word_1_437' title='bbox 540 5487 724 5549; x_wconf 75' lang='grc' dir='ltr'>Δαυῖδ,</span> <span class='ocrx_word' id='word_1_438' title='bbox 760 5487 826 5557; x_wconf 75' lang='grc' dir='ltr'>ἢν</span> <span class='ocrx_word' id='word_1_439' title='bbox 854 5485 1004 5553; x_wconf 82' lang='grc' dir='ltr'>ἀξιον</span> <span class='ocrx_word' id='word_1_440' title='bbox 1031 5487 1125 5539; x_wconf 78' lang='grc' dir='ltr'>καὶ</span> <span class='ocrx_word' id='word_1_441' title='bbox 1160 5487 1396 5556; x_wconf 87' lang='grc' dir='ltr'>σήμερον</span> <span class='ocrx_word' id='word_1_442' title='bbox 1435 5488 1775 5556; x_wconf 84' lang='grc' dir='ltr'>παραγαγεῖν</span> <span class='ocrx_word' id='word_1_443' title='bbox 1805 5487 1882 5547; x_wconf 90' lang='grc' dir='ltr'>εἰς</span> <span class='ocrx_word' id='word_1_444' title='bbox 1926 5485 2112 5554; x_wconf 81' lang='grc' dir='ltr'>μέσον.</span> 
     </span>
    </p>
   </div>
   <div class='ocr_carea' id='block_1_60' title="bbox 546 5576 2113 5653">
    <p class='ocr_par' dir='ltr' id='par_1_60' title="bbox 546 5576 2113 5653">
     <span class='ocr_line' id='line_1_60' title="bbox 546 5576 2113 5653; baseline -0.003 -20"><span class='ocrx_word' id='word_1_445' title='bbox 546 5583 809 5653; x_wconf 85' lang='grc' dir='ltr'>πρότερον</span> <span class='ocrx_word' id='word_1_446' title='bbox 845 5580 1253 5649; x_wconf 86' lang='grc' dir='ltr'>ἀναμνήσαντες</span> <span class='ocrx_word' id='word_1_447' title='bbox 1285 5577 1438 5648; x_wconf 81' lang='grc' dir='ltr'>ὑμῶν</span> <span class='ocrx_word' id='word_1_448' title='bbox 1465 5576 1563 5648; x_wconf 84' lang='grc' dir='ltr'>τὴν</span> <span class='ocrx_word' id='word_1_449' title='bbox 1608 5578 1848 5647; x_wconf 83' lang='grc' dir='ltr'>ἀγάπην,</span> <span class='ocrx_word' id='word_1_450' title='bbox 1879 5577 1981 5630; x_wconf 81' lang='grc' dir='ltr'>ποῦ</span> <span class='ocrx_word' id='word_1_451' title='bbox 2022 5577 2113 5628; x_wconf 87' lang='grc' dir='ltr'>τὸν</span> 
     </span>
    </p>
   </div>
   <div class='ocr_carea' id='block_1_61' title="bbox 545 5658 2111 5744">
    <p class='ocr_par' dir='ltr' id='par_1_61' title="bbox 545 5658 2111 5744">
     <span class='ocr_line' id='line_1_61' title="bbox 545 5658 2111 5744; baseline -0.002 -19"><span class='ocrx_word' id='word_1_452' title='bbox 545 5673 700 5744; x_wconf 86' lang='grc' dir='ltr'>λόγον</span> <span class='ocrx_word' id='word_1_453' title='bbox 733 5658 1104 5742; x_wconf 82' lang='grc' dir='ltr'>κατελύσαμεν</span> <span class='ocrx_word' id='word_1_454' title='bbox 1140 5670 1346 5739; x_wconf 85' lang='grc' dir='ltr'>πρώην.</span> <span class='ocrx_word' id='word_1_455' title='bbox 1368 5670 1476 5725; x_wconf 85' lang='grc' dir='ltr'>Ποῦ</span> <span class='ocrx_word' id='word_1_456' title='bbox 1498 5671 1674 5725; x_wconf 84' lang='grc' dir='ltr'>τοίνυν</span> <span class='ocrx_word' id='word_1_457' title='bbox 1706 5671 1867 5725; x_wconf 75' lang='grc' dir='ltr'>αὐτὸν</span> <span class='ocrx_word' id='word_1_458' title='bbox 1891 5669 2111 5724; x_wconf 88' lang='grc' dir='ltr'>κατελύ-</span> 
     </span>
    </p>
   </div>
   <div class='ocr_carea' id='block_1_62' title="bbox 1213 226 3081 292">
    <p class='ocr_par' dir='ltr' id='par_1_62' title="bbox 1213 226 3081 292">
     <span class='ocr_line' id='line_1_62' title="bbox 1213 226 3081 292; baseline -0.004 0"><span class='ocrx_word' id='word_1_459' title='bbox 1213 236 1272 292; x_wconf 87' lang='lat' dir='ltr'>S.</span> <span class='ocrx_word' id='word_1_460' title='bbox 1315 233 1604 292; x_wconf 73' lang='lat' dir='ltr'>JOANNIS</span> <span class='ocrx_word' id='word_1_461' title='bbox 1637 226 2128 288; x_wconf 74' lang='lat' dir='ltr'>CIIRYSOSTOMI</span> <span class='ocrx_word' id='word_1_462' title='bbox 2169 226 2486 285; x_wconf 73' lang='lat' dir='ltr'>ARCHIEP.</span> <span class='ocrx_word' id='word_1_463' title='bbox 2527 228 3081 286; x_wconf 60' lang='lat' dir='ltr'>CONSTANTINOP.</span> 
     </span>
    </p>
   </div>
   <div class='ocr_carea' id='block_1_63' title="bbox 3690 235 3797 290">
    <p class='ocr_par' dir='ltr' id='par_1_63' title="bbox 3690 235 3797 290">
     <span class='ocr_line' id='line_1_63' title="bbox 3690 235 3797 290; baseline 0.028 -3"><span class='ocrx_word' id='word_1_464' title='bbox 3690 235 3797 290; x_wconf 73' lang='grc' dir='ltr'>πε</span> 
     </span>
    </p>
   </div>
   <div class='ocr_carea' id='block_1_64' title="bbox 2217 346 3799 420">
    <p class='ocr_par' dir='ltr' id='par_1_64' title="bbox 2217 346 3799 420">
     <span class='ocr_line' id='line_1_64' title="bbox 2217 346 3799 420; baseline 0.006 -22"><span class='ocrx_word' id='word_1_465' title='bbox 2217 361 2425 416; x_wconf 86' lang='grc' dir='ltr'>σαμεν;</span> <span class='ocrx_word' id='word_1_466' title='bbox 2467 346 2562 412; x_wconf 85' lang='grc' dir='ltr'>Εἰς</span> <span class='ocrx_word' id='word_1_467' title='bbox 2603 348 2701 420; x_wconf 83' lang='grc' dir='ltr'>τὴν</span> <span class='ocrx_word' id='word_1_468' title='bbox 2749 350 3048 418; x_wconf 82' lang='grc' dir='ltr'>ἀπολογίαν</span> <span class='ocrx_word' id='word_1_469' title='bbox 3085 349 3183 420; x_wconf 82' lang='grc' dir='ltr'>τὴν</span> <span class='ocrx_word' id='word_1_470' title='bbox 3210 348 3305 402; x_wconf 87' lang='grc' dir='ltr'>τοῦ</span> <span class='ocrx_word' id='word_1_471' title='bbox 3355 351 3535 403; x_wconf 83' lang='grc' dir='ltr'>Δαυῖδ.</span> <span class='ocrx_word' id='word_1_472' title='bbox 3584 351 3799 407; x_wconf 78' lang='grc' dir='ltr'>Οὐκοῦν</span> 
     </span>
    </p>
   </div>
   <div class='ocr_carea' id='block_1_65' title="bbox 2215 439 3800 513">
    <p class='ocr_par' dir='ltr' id='par_1_65' title="bbox 2215 439 3800 513">
     <span class='ocr_line' id='line_1_65' title="bbox 2215 439 3800 513; baseline 0.005 -21"><span class='ocrx_word' id='word_1_473' title='bbox 2215 439 2430 509; x_wconf 82' lang='grc' dir='ltr'>ἀνάγκη</span> <span class='ocrx_word' id='word_1_474' title='bbox 2467 441 2706 512; x_wconf 85' lang='grc' dir='ltr'>σήμερον</span> <span class='ocrx_word' id='word_1_475' title='bbox 2736 442 2804 494; x_wconf 79' lang='grc' dir='ltr'>τὰ</span> <span class='ocrx_word' id='word_1_476' title='bbox 2849 442 2942 494; x_wconf 88' lang='grc' dir='ltr'>τοῦ</span> <span class='ocrx_word' id='word_1_477' title='bbox 2987 441 3162 495; x_wconf 73' lang='grc' dir='ltr'>Σαοὺλ</span> <span class='ocrx_word' id='word_1_478' title='bbox 3211 443 3430 513; x_wconf 77' lang='grc' dir='ltr'>ῥήματα</span> <span class='ocrx_word' id='word_1_479' title='bbox 3458 445 3654 505; x_wconf 84' lang='grc' dir='ltr'>εἰπεῖν.</span> <span class='ocrx_word' id='word_1_480' title='bbox 3699 447 3800 500; x_wconf 73' lang='grc' dir='ltr'>καὶ</span> 
     </span>
    </p>
   </div>
   <div class='ocr_carea' id='block_1_66' title="bbox 2219 531 3801 608">
    <p class='ocr_par' dir='ltr' id='par_1_66' title="bbox 2219 531 3801 608">
     <span class='ocr_line' id='line_1_66' title="bbox 2219 531 3801 608; baseline 0.005 -25"><span class='ocrx_word' id='word_1_481' title='bbox 2219 531 2345 583; x_wconf 84' lang='grc' dir='ltr'>ἰδεῖν</span> <span class='ocrx_word' id='word_1_482' title='bbox 2385 532 2439 584; x_wconf 91' lang='grc' dir='ltr'>τί</span> <span class='ocrx_word' id='word_1_483' title='bbox 2485 531 2621 600; x_wconf 76' lang='grc' dir='ltr'>πρὸς</span> <span class='ocrx_word' id='word_1_484' title='bbox 2669 531 2766 602; x_wconf 79' lang='grc' dir='ltr'>τήν</span> <span class='ocrx_word' id='word_1_485' title='bbox 2797 531 3161 600; x_wconf 83' lang='grc' dir='ltr'>δικαιολογίαν</span> <span class='ocrx_word' id='word_1_486' title='bbox 3207 533 3412 587; x_wconf 85' lang='grc' dir='ltr'>ἐκείνου</span> <span class='ocrx_word' id='word_1_487' title='bbox 3461 537 3801 608; x_wconf 87' lang='grc' dir='ltr'>ἀπεκρίνατο</span> 
     </span>
    </p>
   </div>
   <div class='ocr_carea' id='block_1_67' title="bbox 2216 617 3802 699">
    <p class='ocr_par' dir='ltr' id='par_1_67' title="bbox 2216 617 3802 699">
     <span class='ocr_line' id='line_1_67' title="bbox 2216 617 3802 699; baseline 0.004 -22"><span class='ocrx_word' id='word_1_488' title='bbox 2216 617 2392 688; x_wconf 72' lang='grc' dir='ltr'>οὗτος.</span> <span class='ocrx_word' id='word_1_489' title='bbox 2424 625 2496 678; x_wconf 88' lang='grc' dir='ltr'>Ού</span> <span class='ocrx_word' id='word_1_490' title='bbox 2527 625 2635 696; x_wconf 85' lang='grc' dir='ltr'>γάρ</span> <span class='ocrx_word' id='word_1_491' title='bbox 2678 625 2740 696; x_wconf 83' lang='grc' dir='ltr'>δὴ</span> <span class='ocrx_word' id='word_1_492' title='bbox 2779 626 2938 696; x_wconf 89' lang='grc' dir='ltr'>μόνον</span> <span class='ocrx_word' id='word_1_493' title='bbox 2965 628 3058 694; x_wconf 86' lang='grc' dir='ltr'>ἀφ’</span> <span class='ocrx_word' id='word_1_494' title='bbox 3103 620 3177 679; x_wconf 82' lang='grc' dir='ltr'>ὧν</span> <span class='ocrx_word' id='word_1_495' title='bbox 3206 629 3235 680; x_wconf 94' lang='lat'>6</span> <span class='ocrx_word' id='word_1_496' title='bbox 3284 627 3447 682; x_wconf 78' lang='grc' dir='ltr'>Δαυῒδ</span> <span class='ocrx_word' id='word_1_497' title='bbox 3493 629 3802 699; x_wconf 82' lang='grc' dir='ltr'>ἐφθέγξατο</span> 
     </span>
    </p>
   </div>
   <div class='ocr_carea' id='block_1_68' title="bbox 2218 713 3803 793">
    <p class='ocr_par' dir='ltr' id='par_1_68' title="bbox 2218 713 3803 793">
     <span class='ocr_line' id='line_1_68' title="bbox 2218 713 3803 793; baseline 0.004 -25"><span class='ocrx_word' id='word_1_498' title='bbox 2218 717 2502 786; x_wconf 73' lang='grc' dir='ltr'>ῥημάτων,</span> <span class='ocrx_word' id='word_1_499' title='bbox 2533 716 2668 769; x_wconf 81' lang='grc' dir='ltr'>ἀλλά</span> <span class='ocrx_word' id='word_1_500' title='bbox 2698 716 2793 770; x_wconf 75' lang='grc' dir='ltr'>καὶ</span> <span class='ocrx_word' id='word_1_501' title='bbox 2822 716 2914 785; x_wconf 90' lang='grc' dir='ltr'>ἀφ’</span> <span class='ocrx_word' id='word_1_502' title='bbox 2938 713 3010 768; x_wconf 83' lang='grc' dir='ltr'>ὦν</span> <span class='ocrx_word' id='word_1_503' title='bbox 3031 719 3056 769; x_wconf 97' lang='lat'>6</span> <span class='ocrx_word' id='word_1_504' title='bbox 3079 719 3250 772; x_wconf 78' lang='grc' dir='ltr'>Σαοὺλ</span> <span class='ocrx_word' id='word_1_505' title='bbox 3273 718 3440 788; x_wconf 85' lang='grc' dir='ltr'>λέγει,</span> <span class='ocrx_word' id='word_1_506' title='bbox 3467 722 3563 792; x_wconf 79' lang='grc' dir='ltr'>τήν</span> <span class='ocrx_word' id='word_1_507' title='bbox 3592 723 3803 793; x_wconf 86' lang='grc' dir='ltr'>ἀρετὴν</span> 
     </span>
    </p>
   </div>
   <div class='ocr_carea' id='block_1_69' title="bbox 2215 807 3803 884">
    <p class='ocr_par' dir='ltr' id='par_1_69' title="bbox 2215 807 3803 884">
     <span class='ocr_line' id='line_1_69' title="bbox 2215 807 3803 884; baseline 0.006 -26"><span class='ocrx_word' id='word_1_508' title='bbox 2215 808 2473 878; x_wconf 80' lang='grc' dir='ltr'>εἰσόμεθα</span> <span class='ocrx_word' id='word_1_509' title='bbox 2528 807 2622 860; x_wconf 86' lang='grc' dir='ltr'>τοῦ</span> <span class='ocrx_word' id='word_1_510' title='bbox 2673 808 2866 861; x_wconf 83' lang='grc' dir='ltr'>Δαυΐδ·</span> <span class='ocrx_word' id='word_1_511' title='bbox 2920 809 2986 862; x_wconf 83' lang='grc' dir='ltr'>ἂν</span> <span class='ocrx_word' id='word_1_512' title='bbox 3031 809 3139 880; x_wconf 75' lang='grc' dir='ltr'>γὰρ</span> <span class='ocrx_word' id='word_1_513' title='bbox 3196 814 3338 882; x_wconf 85' lang='grc' dir='ltr'>φανῇ</span> <span class='ocrx_word' id='word_1_514' title='bbox 3383 830 3435 864; x_wconf 90' lang='grc' dir='ltr'>τι</span> <span class='ocrx_word' id='word_1_515' title='bbox 3475 816 3648 884; x_wconf 74' lang='grc' dir='ltr'>πρᾶον</span> <span class='ocrx_word' id='word_1_516' title='bbox 3697 816 3803 868; x_wconf 77' lang='grc' dir='ltr'>καὶ</span> 
     </span>
    </p>
   </div>
   <div class='ocr_carea' id='block_1_70' title="bbox 2214 894 3802 977">
    <p class='ocr_par' dir='ltr' id='par_1_70' title="bbox 2214 894 3802 977">
     <span class='ocr_line' id='line_1_70' title="bbox 2214 894 3802 977; baseline 0.005 -26"><span class='ocrx_word' id='word_1_517' title='bbox 2214 900 2420 970; x_wconf 74' lang='grc' dir='ltr'>ἥμερον</span> <span class='ocrx_word' id='word_1_518' title='bbox 2451 894 2603 962; x_wconf 70' lang='grc' dir='ltr'>οὗτος</span> <span class='ocrx_word' id='word_1_519' title='bbox 2632 900 3019 970; x_wconf 80' lang='grc' dir='ltr'>φθεγγόμενος,</span> <span class='ocrx_word' id='word_1_520' title='bbox 3041 903 3139 972; x_wconf 80' lang='grc' dir='ltr'>τὴν</span> <span class='ocrx_word' id='word_1_521' title='bbox 3173 903 3350 956; x_wconf 79' lang='grc' dir='ltr'>αἰτίαν</span> <span class='ocrx_word' id='word_1_522' title='bbox 3370 905 3570 958; x_wconf 90' lang='grc' dir='ltr'>τούτων</span> <span class='ocrx_word' id='word_1_523' title='bbox 3599 909 3802 977; x_wconf 81' lang='grc' dir='ltr'>ἐκείνῳ</span> 
     </span>
    </p>
   </div>
   <div class='ocr_carea' id='block_1_71' title="bbox 2215 991 3805 1067">
    <p class='ocr_par' dir='ltr' id='par_1_71' title="bbox 2215 991 3805 1067">
     <span class='ocr_line' id='line_1_71' title="bbox 2215 991 3805 1067; baseline 0.004 -23"><span class='ocrx_word' id='word_1_524' title='bbox 2215 991 2541 1060; x_wconf 82' lang='grc' dir='ltr'>λογιούμεθα</span> <span class='ocrx_word' id='word_1_525' title='bbox 2570 992 2648 1062; x_wconf 82' lang='grc' dir='ltr'>τῷ</span> <span class='ocrx_word' id='word_1_526' title='bbox 2685 993 3042 1061; x_wconf 81' lang='grc' dir='ltr'>μεταϐαλόντι</span> <span class='ocrx_word' id='word_1_527' title='bbox 3092 993 3181 1046; x_wconf 70' lang='grc' dir='ltr'>τὸν</span> <span class='ocrx_word' id='word_1_528' title='bbox 3212 995 3517 1066; x_wconf 82' lang='grc' dir='ltr'>ἄνθρωπον,</span> <span class='ocrx_word' id='word_1_529' title='bbox 3556 997 3631 1067; x_wconf 79' lang='grc' dir='ltr'>τῷ</span> <span class='ocrx_word' id='word_1_530' title='bbox 3669 1015 3805 1050; x_wconf 89' lang='grc' dir='ltr'>παι-</span> 
     </span>
    </p>
   </div>
   <div class='ocr_carea' id='block_1_72' title="bbox 2215 1087 3803 1164">
    <p class='ocr_par' dir='ltr' id='par_1_72' title="bbox 2215 1087 3803 1164">
     <span class='ocr_line' id='line_1_72' title="bbox 2215 1087 3803 1164; baseline 0.006 -24"><span class='ocrx_word' id='word_1_531' title='bbox 2215 1087 2464 1140; x_wconf 86' lang='grc' dir='ltr'>δεύσαντι</span> <span class='ocrx_word' id='word_1_532' title='bbox 2499 1089 2592 1141; x_wconf 74' lang='grc' dir='ltr'>καὶ</span> <span class='ocrx_word' id='word_1_533' title='bbox 2643 1088 2971 1159; x_wconf 75' lang='grc' dir='ltr'>ῥυθμίσαντι</span> <span class='ocrx_word' id='word_1_534' title='bbox 3018 1091 3113 1162; x_wconf 75' lang='grc' dir='ltr'>τὴν</span> <span class='ocrx_word' id='word_1_535' title='bbox 3152 1091 3326 1164; x_wconf 63' lang='grc' dir='ltr'>ψυχὴν</span> <span class='ocrx_word' id='word_1_536' title='bbox 3371 1095 3554 1148; x_wconf 74' lang='grc' dir='ltr'>αὑτοῦ.</span> <span class='ocrx_word' id='word_1_537' title='bbox 3590 1099 3656 1149; x_wconf 88' lang='grc' dir='ltr'>Τί</span> <span class='ocrx_word' id='word_1_538' title='bbox 3700 1095 3803 1151; x_wconf 79' lang='grc' dir='ltr'>οὖν</span> 
     </span>
    </p>
   </div>
   <div class='ocr_carea' id='block_1_73' title="bbox 2215 1181 3802 1254">
    <p class='ocr_par' dir='ltr' id='par_1_73' title="bbox 2215 1181 3802 1254">
     <span class='ocr_line' id='line_1_73' title="bbox 2215 1181 3802 1254; baseline 0.009 -25"><span class='ocrx_word' id='word_1_539' title='bbox 2215 1197 2379 1248; x_wconf 86' lang='grc' dir='ltr'>φησιν</span> <span class='ocrx_word' id='word_1_540' title='bbox 2408 1182 2435 1233; x_wconf 90' lang='lat'>6</span> <span class='ocrx_word' id='word_1_541' title='bbox 2467 1181 2674 1244; x_wconf 87' lang='grc' dir='ltr'>Σαούλ;</span> <span class='ocrx_word' id='word_1_542' title='bbox 2717 1182 2981 1244; x_wconf 82' lang='grc' dir='ltr'>Ἀκούσας</span> <span class='ocrx_word' id='word_1_543' title='bbox 3026 1185 3117 1235; x_wconf 86' lang='grc' dir='ltr'>τοῦ</span> <span class='ocrx_word' id='word_1_544' title='bbox 3145 1184 3305 1236; x_wconf 79' lang='grc' dir='ltr'>Δαυῒδ</span> <span class='ocrx_word' id='word_1_545' title='bbox 3348 1187 3609 1254; x_wconf 79' lang='grc' dir='ltr'>εἰπόντος,</span> <span class='ocrx_word' id='word_1_546' title='bbox 3646 1190 3802 1243; x_wconf 78' lang='grc' dir='ltr'>Ἰδοὺ</span> 
     </span>
    </p>
   </div>
   <div class='ocr_carea' id='block_1_74' title="bbox 2215 1271 3803 1348">
    <p class='ocr_par' dir='ltr' id='par_1_74' title="bbox 2215 1271 3803 1348">
     <span class='ocr_line' id='line_1_74' title="bbox 2215 1271 3803 1348; baseline 0.008 -25"><span class='ocrx_word' id='word_1_547' title='bbox 2215 1271 2280 1324; x_wconf 83' lang='grc' dir='ltr'>τὸ</span> <span class='ocrx_word' id='word_1_548' title='bbox 2310 1275 2628 1342; x_wconf 75' lang='grc' dir='ltr'>πτερύγιον</span> <span class='ocrx_word' id='word_1_549' title='bbox 2659 1273 2768 1341; x_wconf 76' lang='grc' dir='ltr'>τῆς</span> <span class='ocrx_word' id='word_1_550' title='bbox 2793 1273 3101 1340; x_wconf 70' lang='grc' dir='ltr'>διπλεΐδος</span> <span class='ocrx_word' id='word_1_551' title='bbox 3129 1276 3199 1328; x_wconf 74' lang='grc' dir='ltr'><em>ἐν</em></span> <span class='ocrx_word' id='word_1_552' title='bbox 3228 1277 3300 1344; x_wconf 74' lang='grc' dir='ltr'>τῇ</span> <span class='ocrx_word' id='word_1_553' title='bbox 3345 1281 3498 1346; x_wconf 71' lang='grc' dir='ltr'>χειρί</span> <span class='ocrx_word' id='word_1_554' title='bbox 3531 1299 3672 1348; x_wconf 72' lang='grc' dir='ltr'>μου,</span> <span class='ocrx_word' id='word_1_555' title='bbox 3700 1284 3803 1334; x_wconf 73' lang='grc' dir='ltr'>καὶ</span> 
     </span>
    </p>
   </div>
   <div class='ocr_carea' id='block_1_75' title="bbox 2213 1364 3800 1439">
    <p class='ocr_par' dir='ltr' id='par_1_75' title="bbox 2213 1364 3800 1439">
     <span class='ocr_line' id='line_1_75' title="bbox 2213 1364 3800 1439; baseline 0.005 -23"><span class='ocrx_word' id='word_1_556' title='bbox 2213 1364 2380 1418; x_wconf 81' lang='grc' dir='ltr'>τᾶλλα</span> <span class='ocrx_word' id='word_1_557' title='bbox 2407 1364 2565 1416; x_wconf 81' lang='grc' dir='ltr'>πάνθ’</span> <span class='ocrx_word' id='word_1_558' title='bbox 2597 1365 2631 1418; x_wconf 83' lang='grc' dir='ltr'>ἀ</span> <span class='ocrx_word' id='word_1_559' title='bbox 2664 1365 2802 1433; x_wconf 84' lang='grc' dir='ltr'>μετά</span> <span class='ocrx_word' id='word_1_560' title='bbox 2852 1365 3056 1417; x_wconf 88' lang='grc' dir='ltr'>τούτων</span> <span class='ocrx_word' id='word_1_561' title='bbox 3096 1367 3492 1438; x_wconf 78' lang='grc' dir='ltr'>ἀπελογήσατο,</span> <span class='ocrx_word' id='word_1_562' title='bbox 3539 1371 3597 1424; x_wconf 83' lang='grc' dir='ltr'><em>Ἡ</em></span> <span class='ocrx_word' id='word_1_563' title='bbox 3621 1373 3800 1439; x_wconf 61' lang='grc' dir='ltr'>ρων-ἡ</span> 
     </span>
    </p>
   </div>
   <div class='ocr_carea' id='block_1_76' title="bbox 2214 1455 3802 1534">
    <p class='ocr_par' dir='ltr' id='par_1_76' title="bbox 2214 1455 3802 1534">
     <span class='ocr_line' id='line_1_76' title="bbox 2214 1455 3802 1534; baseline 0.007 -28"><span class='ocrx_word' id='word_1_564' title='bbox 2214 1470 2330 1507; x_wconf 85' lang='grc' dir='ltr'>σου</span> <span class='ocrx_word' id='word_1_565' title='bbox 2357 1455 2530 1521; x_wconf 81' lang='grc' dir='ltr'>αὕτη,</span> <span class='ocrx_word' id='word_1_566' title='bbox 2569 1455 2783 1509; x_wconf 78' lang='grc' dir='ltr'>τέκνον</span> <span class='ocrx_word' id='word_1_567' title='bbox 2814 1457 2992 1508; x_wconf 78' lang='grc' dir='ltr'>Δαυΐδ</span> <span class='ocrx_word' id='word_1_568' title='bbox 3012 1475 3029 1520; x_wconf 94' lang='grc'><strong><em>;</em></strong></span> <span class='ocrx_word' id='word_1_569' title='bbox 3067 1459 3130 1508; x_wconf 87' lang='grc' dir='ltr'>’Ὠ</span> <span class='ocrx_word' id='word_1_570' title='bbox 3171 1459 3308 1528; x_wconf 87' lang='grc' dir='ltr'>πόση</span> <span class='ocrx_word' id='word_1_571' title='bbox 3340 1461 3560 1528; x_wconf 86' lang='grc' dir='ltr'>γέγονεν</span> <span class='ocrx_word' id='word_1_572' title='bbox 3597 1463 3802 1534; x_wconf 76' lang='grc' dir='ltr'>ἀθρόον</span> 
     </span>
    </p>
   </div>
   <div class='ocr_carea' id='block_1_77' title="bbox 2215 1548 3802 1626">
    <p class='ocr_par' dir='ltr' id='par_1_77' title="bbox 2215 1548 3802 1626">
     <span class='ocr_line' id='line_1_77' title="bbox 2215 1548 3802 1626; baseline 0.007 -27"><span class='ocrx_word' id='word_1_573' title='bbox 2215 1549 2248 1617; x_wconf 94' lang='grc' dir='ltr'>ἡ</span> <span class='ocrx_word' id='word_1_574' title='bbox 2284 1548 2583 1618; x_wconf 75' lang='grc' dir='ltr'>μεταϐολήί</span> <span class='ocrx_word' id='word_1_575' title='bbox 2643 1549 2702 1601; x_wconf 87' lang='grc' dir='ltr'>Ὀ</span> <span class='ocrx_word' id='word_1_576' title='bbox 2746 1549 2854 1620; x_wconf 78' lang='grc' dir='ltr'>γὰρ</span> <span class='ocrx_word' id='word_1_577' title='bbox 2899 1551 3022 1619; x_wconf 75' lang='grc' dir='ltr'>μηδ’</span> <span class='ocrx_word' id='word_1_578' title='bbox 3073 1550 3180 1604; x_wconf 80' lang='grc' dir='ltr'>ἀπὸ</span> <span class='ocrx_word' id='word_1_579' title='bbox 3215 1552 3371 1620; x_wconf 71' lang='grc' dir='ltr'>ψιλοῦ</span> <span class='ocrx_word' id='word_1_580' title='bbox 3405 1553 3497 1606; x_wconf 88' lang='grc' dir='ltr'>τοῦ</span> <span class='ocrx_word' id='word_1_581' title='bbox 3531 1555 3802 1626; x_wconf 80' lang='grc' dir='ltr'>ὀνόματος</span> 
     </span>
    </p>
   </div>
   <div class='ocr_carea' id='block_1_78' title="bbox 2215 1639 3803 1718">
    <p class='ocr_par' dir='ltr' id='par_1_78' title="bbox 2215 1639 3803 1718">
     <span class='ocr_line' id='line_1_78' title="bbox 2215 1639 3803 1718; baseline 0.006 -26"><span class='ocrx_word' id='word_1_582' title='bbox 2215 1639 2542 1709; x_wconf 83' lang='grc' dir='ltr'>ἀνεχόμενος</span> <span class='ocrx_word' id='word_1_583' title='bbox 2592 1639 2753 1692; x_wconf 82' lang='grc' dir='ltr'>αὐτὸν</span> <span class='ocrx_word' id='word_1_584' title='bbox 2812 1642 3040 1694; x_wconf 86' lang='grc' dir='ltr'>καλέσαι</span> <span class='ocrx_word' id='word_1_585' title='bbox 3084 1643 3247 1707; x_wconf 83' lang='grc' dir='ltr'>ποτὲ,</span> <span class='ocrx_word' id='word_1_586' title='bbox 3299 1644 3434 1698; x_wconf 88' lang='grc' dir='ltr'>ἀλλά</span> <span class='ocrx_word' id='word_1_587' title='bbox 3476 1647 3568 1700; x_wconf 74' lang='grc' dir='ltr'>καὶ</span> <span class='ocrx_word' id='word_1_588' title='bbox 3626 1650 3803 1718; x_wconf 77' lang='grc' dir='ltr'>αὐτὴν</span> 
     </span>
    </p>
   </div>
   <div class='ocr_carea' id='block_1_79' title="bbox 2215 1729 3802 1806">
    <p class='ocr_par' dir='ltr' id='par_1_79' title="bbox 2215 1729 3802 1806">
     <span class='ocr_line' id='line_1_79' title="bbox 2215 1729 3802 1806; baseline 0.005 -23"><span class='ocrx_word' id='word_1_589' title='bbox 2215 1729 2378 1783; x_wconf 81' lang='grc' dir='ltr'>αὑτοῦ</span> <span class='ocrx_word' id='word_1_590' title='bbox 2422 1731 2595 1800; x_wconf 84' lang='grc' dir='ltr'>μισῶν</span> <span class='ocrx_word' id='word_1_591' title='bbox 2626 1731 2724 1802; x_wconf 86' lang='grc' dir='ltr'>τὴν</span> <span class='ocrx_word' id='word_1_592' title='bbox 2769 1735 3178 1806; x_wconf 85' lang='grc' dir='ltr'>προσηγορίαν,</span> <span class='ocrx_word' id='word_1_593' title='bbox 3215 1736 3306 1788; x_wconf 76' lang='grc' dir='ltr'>καί</span> <span class='ocrx_word' id='word_1_594' title='bbox 3353 1738 3432 1800; x_wconf 87' lang='grc' dir='ltr'>είς</span> <span class='ocrx_word' id='word_1_595' title='bbox 3474 1738 3802 1805; x_wconf 61' lang='grc' dir='ltr'>συγγένειαν</span> 
     </span>
    </p>
   </div>
   <div class='ocr_carea' id='block_1_80' title="bbox 2215 1820 3803 1896">
    <p class='ocr_par' dir='ltr' id='par_1_80' title="bbox 2215 1820 3803 1896">
     <span class='ocr_line' id='line_1_80' title="bbox 2215 1820 3803 1896; baseline 0.008 -25"><span class='ocrx_word' id='word_1_596' title='bbox 2215 1820 2375 1872; x_wconf 80' lang='grc' dir='ltr'>αὐτὸν</span> <span class='ocrx_word' id='word_1_597' title='bbox 2416 1822 2612 1890; x_wconf 74' lang='grc' dir='ltr'>ἤγαγε,</span> <span class='ocrx_word' id='word_1_598' title='bbox 2643 1821 2834 1875; x_wconf 85' lang='grc' dir='ltr'>τέκνον</span> <span class='ocrx_word' id='word_1_599' title='bbox 2867 1825 3028 1877; x_wconf 76' lang='grc' dir='ltr'>αὑτὸν</span> <span class='ocrx_word' id='word_1_600' title='bbox 3058 1828 3389 1896; x_wconf 83' lang='grc' dir='ltr'>προσειπών.</span> <span class='ocrx_word' id='word_1_601' title='bbox 3419 1830 3482 1880; x_wconf 88' lang='grc' dir='ltr'>Τί</span> <span class='ocrx_word' id='word_1_602' title='bbox 3509 1831 3600 1882; x_wconf 84' lang='grc' dir='ltr'>τοῦ</span> <span class='ocrx_word' id='word_1_603' title='bbox 3632 1831 3803 1883; x_wconf 79' lang='grc' dir='ltr'>Δαυῖδ</span> 
     </span>
    </p>
   </div>
   <div class='ocr_carea' id='block_1_81' title="bbox 2216 1913 3799 1992">
    <p class='ocr_par' dir='ltr' id='par_1_81' title="bbox 2216 1913 3799 1992">
     <span class='ocr_line' id='line_1_81' title="bbox 2216 1913 3799 1992; baseline 0.004 -25"><span class='ocrx_word' id='word_1_604' title='bbox 2216 1913 2661 1985; x_wconf 83' lang='grc' dir='ltr'>μακαριώτερον,</span> <span class='ocrx_word' id='word_1_605' title='bbox 2693 1915 2750 1978; x_wconf 80' lang='grc' dir='ltr'>ὃς</span> <span class='ocrx_word' id='word_1_606' title='bbox 2788 1915 2879 1967; x_wconf 76' lang='grc' dir='ltr'>τὸν</span> <span class='ocrx_word' id='word_1_607' title='bbox 2929 1917 3251 1988; x_wconf 75' lang='grc' dir='ltr'>ἀνδροφόνον</span> <span class='ocrx_word' id='word_1_608' title='bbox 3293 1921 3502 1991; x_wconf 83' lang='grc' dir='ltr'>πατέρα</span> <span class='ocrx_word' id='word_1_609' title='bbox 3546 1923 3799 1992; x_wconf 81' lang='grc' dir='ltr'>ἐποίησε,</span> 
     </span>
    </p>
   </div>
   <div class='ocr_carea' id='block_1_82' title="bbox 2215 2007 3800 2086">
    <p class='ocr_par' dir='ltr' id='par_1_82' title="bbox 2215 2007 3800 2086">
     <span class='ocr_line' id='line_1_82' title="bbox 2215 2007 3800 2086; baseline 0.001 -26"><span class='ocrx_word' id='word_1_610' title='bbox 2215 2009 2308 2060; x_wconf 76' lang='grc' dir='ltr'>καὶ</span> <span class='ocrx_word' id='word_1_611' title='bbox 2338 2009 2428 2061; x_wconf 71' lang='grc' dir='ltr'>τὸν</span> <span class='ocrx_word' id='word_1_612' title='bbox 2459 2007 2622 2060; x_wconf 90' lang='grc' dir='ltr'>λύκον</span> <span class='ocrx_word' id='word_1_613' title='bbox 2657 2008 2950 2076; x_wconf 80' lang='grc' dir='ltr'>πρόϐατον,</span> <span class='ocrx_word' id='word_1_614' title='bbox 2981 2011 3074 2062; x_wconf 77' lang='grc' dir='ltr'>καὶ</span> <span class='ocrx_word' id='word_1_615' title='bbox 3105 2010 3202 2080; x_wconf 77' lang='grc' dir='ltr'>τὴν</span> <span class='ocrx_word' id='word_1_616' title='bbox 3232 2012 3460 2081; x_wconf 79' lang='grc' dir='ltr'>κάμινον</span> <span class='ocrx_word' id='word_1_617' title='bbox 3489 2014 3586 2082; x_wconf 87' lang='grc' dir='ltr'>τῆς</span> <span class='ocrx_word' id='word_1_618' title='bbox 3621 2016 3800 2086; x_wconf 73' lang='grc' dir='ltr'>ὀργῆς</span> 
     </span>
    </p>
   </div>
   <div class='ocr_carea' id='block_1_83' title="bbox 2213 2099 3801 2177">
    <p class='ocr_par' dir='ltr' id='par_1_83' title="bbox 2213 2099 3801 2177">
     <span class='ocr_line' id='line_1_83' title="bbox 2213 2099 3801 2177; baseline 0.004 -25"><span class='ocrx_word' id='word_1_619' title='bbox 2213 2099 2405 2170; x_wconf 85' lang='grc' dir='ltr'>δρόσου</span> <span class='ocrx_word' id='word_1_620' title='bbox 2440 2099 2637 2168; x_wconf 88' lang='grc' dir='ltr'>πολλῆς</span> <span class='ocrx_word' id='word_1_621' title='bbox 2663 2100 2947 2170; x_wconf 86' lang='grc' dir='ltr'>ἐνέπλησε,</span> <span class='ocrx_word' id='word_1_622' title='bbox 2982 2102 3073 2153; x_wconf 77' lang='grc' dir='ltr'>καὶ</span> <span class='ocrx_word' id='word_1_623' title='bbox 3097 2102 3163 2156; x_wconf 72' lang='grc' dir='ltr'>τὰ</span> <span class='ocrx_word' id='word_1_624' title='bbox 3197 2106 3414 2172; x_wconf 86' lang='grc' dir='ltr'>κύματα</span> <span class='ocrx_word' id='word_1_625' title='bbox 3442 2109 3521 2166; x_wconf 87' lang='grc' dir='ltr'>εἰς</span> <span class='ocrx_word' id='word_1_626' title='bbox 3550 2108 3801 2177; x_wconf 75' lang='grc' dir='ltr'>γαλήνην</span> 
     </span>
    </p>
   </div>
   <div class='ocr_carea' id='block_1_84' title="bbox 2218 2190 3801 2264">
    <p class='ocr_par' dir='ltr' id='par_1_84' title="bbox 2218 2190 3801 2264">
     <span class='ocr_line' id='line_1_84' title="bbox 2218 2190 3801 2264; baseline 0.005 -22"><span class='ocrx_word' id='word_1_627' title='bbox 2218 2190 2506 2259; x_wconf 87' lang='grc' dir='ltr'>μετέϐαλε,</span> <span class='ocrx_word' id='word_1_628' title='bbox 2544 2191 2638 2243; x_wconf 72' lang='grc' dir='ltr'>καὶ</span> <span class='ocrx_word' id='word_1_629' title='bbox 2670 2190 2765 2260; x_wconf 78' lang='grc' dir='ltr'>τὴν</span> <span class='ocrx_word' id='word_1_630' title='bbox 2796 2192 3108 2262; x_wconf 78' lang='grc' dir='ltr'>φλεγμονὴν</span> <span class='ocrx_word' id='word_1_631' title='bbox 3132 2193 3228 2244; x_wconf 83' lang='grc' dir='ltr'>τοῦ</span> <span class='ocrx_word' id='word_1_632' title='bbox 3253 2193 3424 2264; x_wconf 81' lang='grc' dir='ltr'>θυμοῦ</span> <span class='ocrx_word' id='word_1_633' title='bbox 3462 2197 3801 2250; x_wconf 74' lang='grc' dir='ltr'>κατέσϐεσεν</span> 
     </span>
    </p>
   </div>
   <div class='ocr_carea' id='block_1_85' title="bbox 2216 2280 3800 2358">
    <p class='ocr_par' dir='ltr' id='par_1_85' title="bbox 2216 2280 3800 2358">
     <span class='ocr_line' id='line_1_85' title="bbox 2216 2280 3800 2358; baseline 0.004 -25"><span class='ocrx_word' id='word_1_634' title='bbox 2216 2280 2472 2345; x_wconf 80' lang='grc' dir='ltr'>ἀπασαν;</span> <span class='ocrx_word' id='word_1_635' title='bbox 2523 2281 2564 2331; x_wconf 84' lang='grc' dir='ltr'>Τ</span> <span class='ocrx_word' id='word_1_636' title='bbox 2570 2282 2603 2334; x_wconf 86' lang='grc' dir='ltr'>ἀ</span> <span class='ocrx_word' id='word_1_637' title='bbox 2637 2282 2745 2354; x_wconf 76' lang='grc' dir='ltr'>γὰρ</span> <span class='ocrx_word' id='word_1_638' title='bbox 2791 2283 3010 2351; x_wconf 78' lang='grc' dir='ltr'>ῥήματα</span> <span class='ocrx_word' id='word_1_639' title='bbox 3053 2284 3235 2335; x_wconf 86' lang='grc' dir='ltr'>ἐκεῖνα</span> <span class='ocrx_word' id='word_1_640' title='bbox 3275 2284 3368 2336; x_wconf 87' lang='grc' dir='ltr'>τοῦ</span> <span class='ocrx_word' id='word_1_641' title='bbox 3399 2285 3560 2338; x_wconf 77' lang='grc' dir='ltr'>Δαυῗδ</span> <span class='ocrx_word' id='word_1_642' title='bbox 3587 2289 3665 2350; x_wconf 89' lang='grc' dir='ltr'>εἰς</span> <span class='ocrx_word' id='word_1_643' title='bbox 3695 2291 3800 2358; x_wconf 68' lang='grc' dir='ltr'>τὴν</span> 
     </span>
    </p>
   </div>
   <div class='ocr_carea' id='block_1_86' title="bbox 2213 2371 3800 2444">
    <p class='ocr_par' dir='ltr' id='par_1_86' title="bbox 2213 2371 3800 2444">
     <span class='ocr_line' id='line_1_86' title="bbox 2213 2371 3800 2444; baseline 0.006 -21"><span class='ocrx_word' id='word_1_644' title='bbox 2213 2371 2450 2425; x_wconf 88' lang='grc' dir='ltr'>διάνοιαν</span> <span class='ocrx_word' id='word_1_645' title='bbox 2477 2372 2787 2426; x_wconf 87' lang='grc' dir='ltr'>εἰσελθόντα</span> <span class='ocrx_word' id='word_1_646' title='bbox 2815 2373 2910 2425; x_wconf 84' lang='grc' dir='ltr'>τοῦ</span> <span class='ocrx_word' id='word_1_647' title='bbox 2941 2373 3342 2444; x_wconf 75' lang='grc' dir='ltr'>τεθηριωμένον</span> <span class='ocrx_word' id='word_1_648' title='bbox 3375 2377 3582 2442; x_wconf 78' lang='grc' dir='ltr'>τούτου,</span> <span class='ocrx_word' id='word_1_649' title='bbox 3613 2381 3800 2434; x_wconf 80' lang='grc' dir='ltr'>πᾶσαν</span> 
     </span>
    </p>
   </div>
   <div class='ocr_carea' id='block_1_87' title="bbox 2214 2461 3801 2541">
    <p class='ocr_par' dir='ltr' id='par_1_87' title="bbox 2214 2461 3801 2541">
     <span class='ocr_line' id='line_1_87' title="bbox 2214 2461 3801 2541; baseline 0.008 -29"><span class='ocrx_word' id='word_1_650' title='bbox 2214 2461 2418 2530; x_wconf 89' lang='grc' dir='ltr'>ταύτην</span> <span class='ocrx_word' id='word_1_651' title='bbox 2445 2463 2738 2534; x_wconf 86' lang='grc' dir='ltr'>εἰργάσατο</span> <span class='ocrx_word' id='word_1_652' title='bbox 2760 2465 2858 2535; x_wconf 80' lang='grc' dir='ltr'>τὴν</span> <span class='ocrx_word' id='word_1_653' title='bbox 2884 2465 3209 2535; x_wconf 83' lang='grc' dir='ltr'>μεταϐολὴν,</span> <span class='ocrx_word' id='word_1_654' title='bbox 3241 2467 3308 2538; x_wconf 81' lang='grc' dir='ltr'>ἣν</span> <span class='ocrx_word' id='word_1_655' title='bbox 3343 2468 3449 2521; x_wconf 74' lang='grc' dir='ltr'>ἀπὸ</span> <span class='ocrx_word' id='word_1_656' title='bbox 3482 2469 3589 2522; x_wconf 90' lang='grc' dir='ltr'>τῶν</span> <span class='ocrx_word' id='word_1_657' title='bbox 3622 2474 3801 2541; x_wconf 51' lang='lat'>61.51.13.-</span> 
     </span>
    </p>
   </div>
   <div class='ocr_carea' id='block_1_88' title="bbox 2213 2554 3800 2629">
    <p class='ocr_par' dir='ltr' id='par_1_88' title="bbox 2213 2554 3800 2629">
     <span class='ocr_line' id='line_1_88' title="bbox 2213 2554 3800 2629; baseline 0.006 -23"><span class='ocrx_word' id='word_1_658' title='bbox 2213 2571 2321 2607; x_wconf 88' lang='grc' dir='ltr'>των</span> <span class='ocrx_word' id='word_1_659' title='bbox 2347 2554 2552 2608; x_wconf 89' lang='grc' dir='ltr'>τούτων</span> <span class='ocrx_word' id='word_1_660' title='bbox 2582 2555 2730 2608; x_wconf 82' lang='grc' dir='ltr'>ἔστιν</span> <span class='ocrx_word' id='word_1_661' title='bbox 2765 2556 2913 2613; x_wconf 86' lang='grc' dir='ltr'>ἰδεῖν.</span> <span class='ocrx_word' id='word_1_662' title='bbox 2949 2557 3087 2610; x_wconf 76' lang='grc' dir='ltr'>Οὔτε</span> <span class='ocrx_word' id='word_1_663' title='bbox 3108 2558 3217 2629; x_wconf 85' lang='grc' dir='ltr'>γὰρ</span> <span class='ocrx_word' id='word_1_664' title='bbox 3245 2554 3417 2624; x_wconf 74' lang='grc' dir='ltr'>εἶπεν,</span> <span class='ocrx_word' id='word_1_665' title='bbox 3442 2564 3504 2614; x_wconf 88' lang='grc' dir='ltr'>Οἱ</span> <span class='ocrx_word' id='word_1_666' title='bbox 3538 2561 3684 2629; x_wconf 86' lang='grc' dir='ltr'>λόγοι</span> <span class='ocrx_word' id='word_1_667' title='bbox 3711 2581 3800 2616; x_wconf 81' lang='grc' dir='ltr'>σοι</span> 
     </span>
    </p>
   </div>
   <div class='ocr_carea' id='block_1_89' title="bbox 2215 2641 3797 2721">
    <p class='ocr_par' dir='ltr' id='par_1_89' title="bbox 2215 2641 3797 2721">
     <span class='ocr_line' id='line_1_89' title="bbox 2215 2641 3797 2721; baseline 0.006 -23"><span class='ocrx_word' id='word_1_668' title='bbox 2215 2641 2421 2710; x_wconf 73' lang='grc' dir='ltr'>οὗτοιι,</span> <span class='ocrx_word' id='word_1_669' title='bbox 2453 2647 2640 2700; x_wconf 86' lang='grc' dir='ltr'>τέκνον</span> <span class='ocrx_word' id='word_1_670' title='bbox 2658 2649 2852 2714; x_wconf 82' lang='grc' dir='ltr'>Δαυΐδ;</span> <span class='ocrx_word' id='word_1_671' title='bbox 2892 2648 3028 2702; x_wconf 79' lang='grc' dir='ltr'>ἀλλὰ</span> <span class='ocrx_word' id='word_1_672' title='bbox 3054 2650 3138 2715; x_wconf 87' lang='grc' dir='ltr'>τί;</span> <span class='ocrx_word' id='word_1_673' title='bbox 3185 2652 3246 2705; x_wconf 86' lang='grc' dir='ltr'><em>Ἡ</em></span> <span class='ocrx_word' id='word_1_674' title='bbox 3276 2653 3443 2720; x_wconf 69' lang='grc' dir='ltr'>φωνή</span> <span class='ocrx_word' id='word_1_675' title='bbox 3469 2669 3588 2706; x_wconf 84' lang='grc' dir='ltr'>σου</span> <span class='ocrx_word' id='word_1_676' title='bbox 3617 2655 3797 2721; x_wconf 70' lang='grc' dir='ltr'>αὕτη,</span> 
     </span>
    </p>
   </div>
   <div class='ocr_carea' id='block_1_90' title="bbox 2216 2737 3801 2817">
    <p class='ocr_par' dir='ltr' id='par_1_90' title="bbox 2216 2737 3801 2817">
     <span class='ocr_line' id='line_1_90' title="bbox 2216 2737 3801 2817; baseline 0.006 -28"><span class='ocrx_word' id='word_1_677' title='bbox 2216 2737 2429 2790; x_wconf 79' lang='grc' dir='ltr'>τέκνον</span> <span class='ocrx_word' id='word_1_678' title='bbox 2445 2738 2647 2802; x_wconf 84' lang='grc' dir='ltr'>Δαυΐδ;</span> <span class='ocrx_word' id='word_1_679' title='bbox 2664 2739 2757 2792; x_wconf 72' lang='grc' dir='ltr'>καὶ</span> <span class='ocrx_word' id='word_1_680' title='bbox 2776 2740 2913 2810; x_wconf 76' lang='grc' dir='ltr'>πρὸς</span> <span class='ocrx_word' id='word_1_681' title='bbox 2933 2741 3094 2794; x_wconf 84' lang='grc' dir='ltr'>αὐτὸν</span> <span class='ocrx_word' id='word_1_682' title='bbox 3114 2742 3220 2813; x_wconf 82' lang='grc' dir='ltr'>γὰρ</span> <span class='ocrx_word' id='word_1_683' title='bbox 3236 2743 3324 2797; x_wconf 75' lang='grc' dir='ltr'>τὸν</span> <span class='ocrx_word' id='word_1_684' title='bbox 3341 2745 3576 2813; x_wconf 77' lang='grc' dir='ltr'>φθόγγον</span> <span class='ocrx_word' id='word_1_685' title='bbox 3589 2745 3801 2817; x_wconf 82' lang='grc' dir='ltr'>διεθερ-</span> 
     </span>
    </p>
   </div>
   <div class='ocr_carea' id='block_1_91' title="bbox 2219 2827 3800 2905">
    <p class='ocr_par' dir='ltr' id='par_1_91' title="bbox 2219 2827 3800 2905">
     <span class='ocr_line' id='line_1_91' title="bbox 2219 2827 3800 2905; baseline 0.005 -25"><span class='ocrx_word' id='word_1_686' title='bbox 2219 2827 2438 2898; x_wconf 89' lang='grc' dir='ltr'>μαίνετο</span> <span class='ocrx_word' id='word_1_687' title='bbox 2459 2829 2663 2884; x_wconf 84' lang='grc' dir='ltr'>λοιπόν.</span> <span class='ocrx_word' id='word_1_688' title='bbox 2688 2829 2798 2882; x_wconf 76' lang='grc' dir='ltr'>Καὶ</span> <span class='ocrx_word' id='word_1_689' title='bbox 2828 2829 3079 2901; x_wconf 86' lang='grc' dir='ltr'>καθάπερ</span> <span class='ocrx_word' id='word_1_690' title='bbox 3103 2834 3282 2904; x_wconf 80' lang='grc' dir='ltr'>πατὴρ</span> <span class='ocrx_word' id='word_1_691' title='bbox 3308 2833 3530 2905; x_wconf 88' lang='grc' dir='ltr'>χρονίας</span> <span class='ocrx_word' id='word_1_692' title='bbox 3553 2835 3800 2899; x_wconf 83' lang='grc' dir='ltr'>ἀκούσας</span> 
     </span>
    </p>
   </div>
   <div class='ocr_carea' id='block_1_92' title="bbox 2217 2920 3800 2998">
    <p class='ocr_par' dir='ltr' id='par_1_92' title="bbox 2217 2920 3800 2998">
     <span class='ocr_line' id='line_1_92' title="bbox 2217 2920 3800 2998; baseline 0.007 -28"><span class='ocrx_word' id='word_1_693' title='bbox 2217 2920 2403 2990; x_wconf 82' lang='grc' dir='ltr'>φωνῆς</span> <span class='ocrx_word' id='word_1_694' title='bbox 2441 2921 2630 2984; x_wconf 85' lang='grc' dir='ltr'>παιδὸς</span> <span class='ocrx_word' id='word_1_695' title='bbox 2679 2922 3068 2988; x_wconf 86' lang='grc' dir='ltr'>ἐπανελθόντος</span> <span class='ocrx_word' id='word_1_696' title='bbox 3104 2925 3297 2989; x_wconf 87' lang='grc' dir='ltr'>ποθὲν,</span> <span class='ocrx_word' id='word_1_697' title='bbox 3337 2927 3456 2996; x_wconf 81' lang='grc' dir='ltr'>ούχὶ</span> <span class='ocrx_word' id='word_1_698' title='bbox 3517 2929 3655 2998; x_wconf 83' lang='grc' dir='ltr'>πρὸς</span> <span class='ocrx_word' id='word_1_699' title='bbox 3697 2930 3800 2998; x_wconf 73' lang='grc' dir='ltr'>τὴν</span> 
     </span>
    </p>
   </div>
   <div class='ocr_carea' id='block_1_93' title="bbox 2215 3012 3802 3091">
    <p class='ocr_par' dir='ltr' id='par_1_93' title="bbox 2215 3012 3802 3091">
     <span class='ocr_line' id='line_1_93' title="bbox 2215 3012 3802 3091; baseline 0.008 -28"><span class='ocrx_word' id='word_1_700' title='bbox 2215 3012 2336 3082; x_wconf 67' lang='grc' dir='ltr'>ὄψιν</span> <span class='ocrx_word' id='word_1_701' title='bbox 2364 3013 2552 3084; x_wconf 81' lang='grc' dir='ltr'>μόνην,</span> <span class='ocrx_word' id='word_1_702' title='bbox 2585 3014 2718 3067; x_wconf 84' lang='grc' dir='ltr'>ἀλλά</span> <span class='ocrx_word' id='word_1_703' title='bbox 2744 3017 2836 3067; x_wconf 71' lang='grc' dir='ltr'>καὶ</span> <span class='ocrx_word' id='word_1_704' title='bbox 2871 3016 3006 3088; x_wconf 76' lang='grc' dir='ltr'>πρὸς</span> <span class='ocrx_word' id='word_1_705' title='bbox 3043 3017 3143 3088; x_wconf 84' lang='grc' dir='ltr'>τὴν</span> <span class='ocrx_word' id='word_1_706' title='bbox 3173 3021 3355 3090; x_wconf 77' lang='grc' dir='ltr'>φωνήν</span> <span class='ocrx_word' id='word_1_707' title='bbox 3398 3020 3567 3091; x_wconf 69' lang='grc' dir='ltr'>αὐτὴν</span> <span class='ocrx_word' id='word_1_708' title='bbox 3602 3021 3802 3090; x_wconf 85' lang='grc' dir='ltr'>διεγεί-</span> 
     </span>
    </p>
   </div>
   <div class='ocr_carea' id='block_1_94' title="bbox 2220 3104 3802 3181">
    <p class='ocr_par' dir='ltr' id='par_1_94' title="bbox 2220 3104 3802 3181">
     <span class='ocr_line' id='line_1_94' title="bbox 2220 3104 3802 3181; baseline 0.009 -27"><span class='ocrx_word' id='word_1_709' title='bbox 2220 3119 2369 3172; x_wconf 89' lang='grc' dir='ltr'>ρεται</span> <span class='ocrx_word' id='word_1_710' title='bbox 2391 3120 2403 3133; x_wconf 80' lang='grc'><em>’</em></span> <span class='ocrx_word' id='word_1_711' title='bbox 2436 3104 2576 3156; x_wconf 74' lang='grc' dir='ltr'>οὕτω</span> <span class='ocrx_word' id='word_1_712' title='bbox 2598 3105 2689 3158; x_wconf 82' lang='grc' dir='ltr'>καὶ</span> <span class='ocrx_word' id='word_1_713' title='bbox 2707 3109 2734 3159; x_wconf 92' lang='lat'>6</span> <span class='ocrx_word' id='word_1_714' title='bbox 2757 3107 2948 3170; x_wconf 72' lang='grc' dir='ltr'>Σαοὺλ,</span> <span class='ocrx_word' id='word_1_715' title='bbox 2976 3109 3158 3180; x_wconf 79' lang='grc' dir='ltr'>ἐπειδὴ</span> <span class='ocrx_word' id='word_1_716' title='bbox 3180 3109 3248 3161; x_wconf 84' lang='grc' dir='ltr'>τά</span> <span class='ocrx_word' id='word_1_717' title='bbox 3270 3112 3491 3181; x_wconf 74' lang='grc' dir='ltr'>ῥήματα</span> <span class='ocrx_word' id='word_1_718' title='bbox 3515 3112 3608 3165; x_wconf 85' lang='grc' dir='ltr'>τοῦ</span> <span class='ocrx_word' id='word_1_719' title='bbox 3635 3115 3802 3169; x_wconf 81' lang='grc' dir='ltr'>Δαυῒδ</span> 
     </span>
    </p>
   </div>
   <div class='ocr_carea' id='block_1_95' title="bbox 2218 3195 3801 3271">
    <p class='ocr_par' dir='ltr' id='par_1_95' title="bbox 2218 3195 3801 3271">
     <span class='ocr_line' id='line_1_95' title="bbox 2218 3195 3801 3271; baseline 0.009 -25"><span class='ocrx_word' id='word_1_720' title='bbox 2218 3195 2527 3249; x_wconf 86' lang='grc' dir='ltr'>εἰσελθόντα</span> <span class='ocrx_word' id='word_1_721' title='bbox 2559 3197 2656 3268; x_wconf 82' lang='grc' dir='ltr'>τὴν</span> <span class='ocrx_word' id='word_1_722' title='bbox 2693 3198 2895 3270; x_wconf 83' lang='grc' dir='ltr'>ἔχθραν</span> <span class='ocrx_word' id='word_1_723' title='bbox 2935 3200 3210 3266; x_wconf 88' lang='grc' dir='ltr'>ἐξέϐαλεν,</span> <span class='ocrx_word' id='word_1_724' title='bbox 3241 3202 3454 3271; x_wconf 87' lang='grc' dir='ltr'>ἐπέγνω</span> <span class='ocrx_word' id='word_1_725' title='bbox 3489 3203 3678 3261; x_wconf 82' lang='grc' dir='ltr'>λοιπὸν</span> <span class='ocrx_word' id='word_1_726' title='bbox 3707 3209 3801 3260; x_wconf 73' lang='grc' dir='ltr'>τὸν</span> 
     </span>
    </p>
   </div>
   <div class='ocr_carea' id='block_1_96' title="bbox 2216 3286 3798 3362">
    <p class='ocr_par' dir='ltr' id='par_1_96' title="bbox 2216 3286 3798 3362">
     <span class='ocr_line' id='line_1_96' title="bbox 2216 3286 3798 3362; baseline 0.009 -23"><span class='ocrx_word' id='word_1_727' title='bbox 2216 3286 2390 3354; x_wconf 83' lang='grc' dir='ltr'>ἀγιον,</span> <span class='ocrx_word' id='word_1_728' title='bbox 2410 3289 2502 3341; x_wconf 71' lang='grc' dir='ltr'>καὶ</span> <span class='ocrx_word' id='word_1_729' title='bbox 2534 3289 2704 3354; x_wconf 80' lang='grc' dir='ltr'>πάθος</span> <span class='ocrx_word' id='word_1_730' title='bbox 2733 3292 3094 3362; x_wconf 86' lang='grc' dir='ltr'>ἀποθέμενος,</span> <span class='ocrx_word' id='word_1_731' title='bbox 3123 3293 3291 3358; x_wconf 83' lang='grc' dir='ltr'>πάθος</span> <span class='ocrx_word' id='word_1_732' title='bbox 3323 3296 3560 3360; x_wconf 86' lang='grc' dir='ltr'>ἐδέξατο.</span> <span class='ocrx_word' id='word_1_733' title='bbox 3600 3300 3798 3354; x_wconf 82' lang='grc' dir='ltr'>Ἐκϐα-</span> 
     </span>
    </p>
   </div>
   <div class='ocr_carea' id='block_1_97' title="bbox 2215 3378 3795 3458">
    <p class='ocr_par' dir='ltr' id='par_1_97' title="bbox 2215 3378 3795 3458">
     <span class='ocr_line' id='line_1_97' title="bbox 2215 3378 3795 3458; baseline 0.009 -28"><span class='ocrx_word' id='word_1_734' title='bbox 2215 3378 2322 3430; x_wconf 85' lang='grc' dir='ltr'>λὼν</span> <span class='ocrx_word' id='word_1_735' title='bbox 2344 3383 2453 3450; x_wconf 80' lang='grc' dir='ltr'>γὰρ</span> <span class='ocrx_word' id='word_1_736' title='bbox 2478 3380 2668 3451; x_wconf 86' lang='grc' dir='ltr'>θυμὸν,</span> <span class='ocrx_word' id='word_1_737' title='bbox 2695 3381 2911 3446; x_wconf 84' lang='grc' dir='ltr'>ἐδέξατο</span> <span class='ocrx_word' id='word_1_738' title='bbox 2934 3384 3200 3454; x_wconf 83' lang='grc' dir='ltr'>εὐθυμίαν</span> <span class='ocrx_word' id='word_1_739' title='bbox 3221 3403 3279 3438; x_wconf 89' lang='grc' dir='ltr'>τε</span> <span class='ocrx_word' id='word_1_740' title='bbox 3301 3387 3393 3439; x_wconf 77' lang='grc' dir='ltr'>καὶ</span> <span class='ocrx_word' id='word_1_741' title='bbox 3426 3389 3795 3458; x_wconf 83' lang='grc' dir='ltr'>συμπάθειαν.</span> 
     </span>
    </p>
   </div>
   <div class='ocr_carea' id='block_1_98' title="bbox 2217 3473 3799 3556">
    <p class='ocr_par' dir='ltr' id='par_1_98' title="bbox 2217 3473 3799 3556">
     <span class='ocr_line' id='line_1_98' title="bbox 2217 3473 3799 3556; baseline 0.006 -29"><span class='ocrx_word' id='word_1_742' title='bbox 2217 3473 2328 3527; x_wconf 68' lang='grc' dir='ltr'>Καὶ</span> <span class='ocrx_word' id='word_1_743' title='bbox 2361 3474 2611 3544; x_wconf 85' lang='grc' dir='ltr'>καθάπερ</span> <span class='ocrx_word' id='word_1_744' title='bbox 2657 3475 2852 3540; x_wconf 81' lang='grc' dir='ltr'>νυκτὸς</span> <span class='ocrx_word' id='word_1_745' title='bbox 2890 3477 2990 3546; x_wconf 87' lang='grc' dir='ltr'>μὲν</span> <span class='ocrx_word' id='word_1_746' title='bbox 3037 3477 3322 3550; x_wconf 82' lang='grc' dir='ltr'>παρούσης</span> <span class='ocrx_word' id='word_1_747' title='bbox 3371 3481 3493 3534; x_wconf 86' lang='grc' dir='ltr'>ούδέ</span> <span class='ocrx_word' id='word_1_748' title='bbox 3521 3484 3799 3556; x_wconf 33' lang='grc' dir='ltr'>,παρόντα</span> 
     </span>
    </p>
   </div>
   <div class='ocr_carea' id='block_1_99' title="bbox 2217 3564 3797 3643">
    <p class='ocr_par' dir='ltr' id='par_1_99' title="bbox 2217 3564 3797 3643">
     <span class='ocr_line' id='line_1_99' title="bbox 2217 3564 3797 3643; baseline 0.008 -28"><span class='ocrx_word' id='word_1_749' title='bbox 2217 3564 2479 3627; x_wconf 85' lang='grc' dir='ltr'>πολλάκις</span> <span class='ocrx_word' id='word_1_750' title='bbox 2508 3565 2656 3636; x_wconf 75' lang='grc'>[777]</span> <span class='ocrx_word' id='word_1_751' title='bbox 2699 3567 3133 3639; x_wconf 88' lang='grc' dir='ltr'>ἐπιγινώσκομεν</span> <span class='ocrx_word' id='word_1_752' title='bbox 3168 3571 3339 3637; x_wconf 84' lang='grc' dir='ltr'>φίλον,</span> <span class='ocrx_word' id='word_1_753' title='bbox 3371 3573 3587 3643; x_wconf 83' lang='grc' dir='ltr'>ἡμέρας</span> <span class='ocrx_word' id='word_1_754' title='bbox 3617 3575 3675 3627; x_wconf 80' lang='grc' dir='ltr'>δὲ</span> <span class='ocrx_word' id='word_1_755' title='bbox 3713 3594 3797 3643; x_wconf 82' lang='grc' dir='ltr'>γε·</span> 
     </span>
    </p>
   </div>
   <div class='ocr_carea' id='block_1_100' title="bbox 2217 3658 3792 3738">
    <p class='ocr_par' dir='ltr' id='par_1_100' title="bbox 2217 3658 3792 3738">
     <span class='ocr_line' id='line_1_100' title="bbox 2217 3658 3792 3738; baseline 0.008 -30"><span class='ocrx_word' id='word_1_756' title='bbox 2217 3658 2466 3728; x_wconf 85' lang='grc' dir='ltr'>νομένης,</span> <span class='ocrx_word' id='word_1_757' title='bbox 2500 3658 2591 3710; x_wconf 76' lang='grc' dir='ltr'>καὶ</span> <span class='ocrx_word' id='word_1_758' title='bbox 2629 3659 2916 3730; x_wconf 74' lang='grc' dir='ltr'>πόρρωθεν</span> <span class='ocrx_word' id='word_1_759' title='bbox 2950 3660 3182 3730; x_wconf 85' lang='grc' dir='ltr'>ὁρῶντες</span> <span class='ocrx_word' id='word_1_760' title='bbox 3228 3663 3388 3715; x_wconf 77' lang='grc' dir='ltr'>αὑτὸν</span> <span class='ocrx_word' id='word_1_761' title='bbox 3418 3665 3792 3738; x_wconf 73' lang='grc' dir='ltr'>γνωρίζομεν⁹</span> 
     </span>
    </p>
   </div>
   <div class='ocr_carea' id='block_1_101' title="bbox 2216 3749 3794 3823">
    <p class='ocr_par' dir='ltr' id='par_1_101' title="bbox 2216 3749 3794 3823">
     <span class='ocr_line' id='line_1_101' title="bbox 2216 3749 3794 3823; baseline 0.008 -22"><span class='ocrx_word' id='word_1_762' title='bbox 2216 3749 2357 3802; x_wconf 84' lang='grc' dir='ltr'>οῦτω</span> <span class='ocrx_word' id='word_1_763' title='bbox 2383 3751 2474 3802; x_wconf 71' lang='grc' dir='ltr'>κού⁹</span> <span class='ocrx_word' id='word_1_764' title='bbox 2520 3751 2612 3802; x_wconf 76' lang='grc' dir='ltr'>ἐπὶ</span> <span class='ocrx_word' id='word_1_765' title='bbox 2650 3751 2750 3820; x_wconf 89' lang='grc' dir='ltr'>τῆς</span> <span class='ocrx_word' id='word_1_766' title='bbox 2801 3751 2999 3821; x_wconf 78' lang='grc' dir='ltr'>ἔχθρας</span> <span class='ocrx_word' id='word_1_767' title='bbox 3049 3754 3365 3822; x_wconf 85' lang='grc' dir='ltr'>συμϐαίνειν</span> <span class='ocrx_word' id='word_1_768' title='bbox 3394 3755 3603 3810; x_wconf 76' lang='grc' dir='ltr'>εἴωθεν.</span> <span class='ocrx_word' id='word_1_769' title='bbox 3652 3761 3794 3823; x_wconf 85' lang='grc' dir='ltr'>Ἕως</span> 
     </span>
    </p>
   </div>
   <div class='ocr_carea' id='block_1_102' title="bbox 2220 3836 3792 3922">
    <p class='ocr_par' dir='ltr' id='par_1_102' title="bbox 2220 3836 3792 3922">
     <span class='ocr_line' id='line_1_102' title="bbox 2220 3836 3792 3922; baseline 0.008 -30"><span class='ocrx_word' id='word_1_770' title='bbox 2220 3840 2318 3910; x_wconf 84' lang='grc' dir='ltr'>μὲν</span> <span class='ocrx_word' id='word_1_771' title='bbox 2351 3840 2415 3893; x_wconf 85' lang='grc' dir='ltr'>ἂν</span> <span class='ocrx_word' id='word_1_772' title='bbox 2443 3836 2592 3911; x_wconf 79' lang='grc' dir='ltr'>ὦμεν</span> <span class='ocrx_word' id='word_1_773' title='bbox 2617 3843 2797 3912; x_wconf 89' lang='grc' dir='ltr'>ἀηδῶς</span> <span class='ocrx_word' id='word_1_774' title='bbox 2823 3843 2958 3915; x_wconf 86' lang='grc' dir='ltr'>πρὸς</span> <span class='ocrx_word' id='word_1_775' title='bbox 2993 3844 3253 3916; x_wconf 87' lang='grc' dir='ltr'>ἀλλήλους</span> <span class='ocrx_word' id='word_1_776' title='bbox 3281 3847 3512 3918; x_wconf 85' lang='grc' dir='ltr'>ἔχοντες,</span> <span class='ocrx_word' id='word_1_777' title='bbox 3546 3851 3644 3905; x_wconf 69' lang='grc' dir='ltr'>καὶ</span> <span class='ocrx_word' id='word_1_778' title='bbox 3689 3871 3792 3922; x_wconf 73' lang='grc' dir='ltr'>φω-</span> 
     </span>
    </p>
   </div>
   <div class='ocr_carea' id='block_1_103' title="bbox 2217 3932 3791 4013">
    <p class='ocr_par' dir='ltr' id='par_1_103' title="bbox 2217 3932 3791 4013">
     <span class='ocr_line' id='line_1_103' title="bbox 2217 3932 3791 4013; baseline 0.006 -28"><span class='ocrx_word' id='word_1_779' title='bbox 2217 3932 2311 4001; x_wconf 85' lang='grc' dir='ltr'>νῆς</span> <span class='ocrx_word' id='word_1_780' title='bbox 2343 3933 2541 4002; x_wconf 84' lang='grc' dir='ltr'>ἑτέρως</span> <span class='ocrx_word' id='word_1_781' title='bbox 2583 3933 2873 4004; x_wconf 89' lang='grc' dir='ltr'>ἀκούομεν,</span> <span class='ocrx_word' id='word_1_782' title='bbox 2911 3934 3002 3987; x_wconf 77' lang='grc' dir='ltr'>καὶ</span> <span class='ocrx_word' id='word_1_783' title='bbox 3049 3934 3170 4004; x_wconf 66' lang='grc' dir='ltr'>ὄψιν</span> <span class='ocrx_word' id='word_1_784' title='bbox 3207 3939 3345 4006; x_wconf 75' lang='grc' dir='ltr'>μετὰ</span> <span class='ocrx_word' id='word_1_785' title='bbox 3389 3939 3791 4013; x_wconf 80' lang='grc' dir='ltr'>διεφθαρμένης</span> 
     </span>
    </p>
   </div>
   <div class='ocr_carea' id='block_1_104' title="bbox 2218 4023 3791 4105">
    <p class='ocr_par' dir='ltr' id='par_1_104' title="bbox 2218 4023 3791 4105">
     <span class='ocr_line' id='line_1_104' title="bbox 2218 4023 3791 4105; baseline 0.008 -31"><span class='ocrx_word' id='word_1_786' title='bbox 2218 4023 2484 4095; x_wconf 87' lang='grc' dir='ltr'>βλέπομεν</span> <span class='ocrx_word' id='word_1_787' title='bbox 2515 4026 2738 4095; x_wconf 89' lang='grc' dir='ltr'>γνώμης</span> <span class='ocrx_word' id='word_1_788' title='bbox 2757 4041 2770 4055; x_wconf 88' lang='grc'><strong>·</strong></span> <span class='ocrx_word' id='word_1_789' title='bbox 2799 4025 3017 4078; x_wconf 65' lang='grc' dir='ltr'>ἐπειδὰν</span> <span class='ocrx_word' id='word_1_790' title='bbox 3042 4027 3086 4078; x_wconf 79' lang='grc' dir='ltr'>δ’</span> <span class='ocrx_word' id='word_1_791' title='bbox 3111 4029 3442 4101; x_wconf 86' lang='grc' dir='ltr'>ἀποθώμεθα</span> <span class='ocrx_word' id='word_1_792' title='bbox 3466 4033 3562 4103; x_wconf 77' lang='grc' dir='ltr'>τὴν</span> <span class='ocrx_word' id='word_1_793' title='bbox 3601 4035 3791 4105; x_wconf 74' lang='grc' dir='ltr'>ὀργὴν,</span> 
     </span>
    </p>
   </div>
   <div class='ocr_carea' id='block_1_105' title="bbox 2215 4116 3793 4197">
    <p class='ocr_par' dir='ltr' id='par_1_105' title="bbox 2215 4116 3793 4197">
     <span class='ocr_line' id='line_1_105' title="bbox 2215 4116 3793 4197; baseline 0.007 -30"><span class='ocrx_word' id='word_1_794' title='bbox 2215 4119 2248 4187; x_wconf 93' lang='grc' dir='ltr'>ἡ</span> <span class='ocrx_word' id='word_1_795' title='bbox 2289 4117 2395 4188; x_wconf 83' lang='grc' dir='ltr'>πρὸ</span> <span class='ocrx_word' id='word_1_796' title='bbox 2433 4116 2620 4168; x_wconf 89' lang='grc' dir='ltr'>τούτου</span> <span class='ocrx_word' id='word_1_797' title='bbox 2662 4117 2895 4187; x_wconf 87' lang='grc' dir='ltr'>πολεμία</span> <span class='ocrx_word' id='word_1_798' title='bbox 2951 4119 3044 4170; x_wconf 73' lang='grc' dir='ltr'>καὶ</span> <span class='ocrx_word' id='word_1_799' title='bbox 3078 4118 3247 4190; x_wconf 86' lang='grc' dir='ltr'>ἐχθρά</span> <span class='ocrx_word' id='word_1_800' title='bbox 3298 4122 3471 4193; x_wconf 80' lang='grc' dir='ltr'>φωνὴ,</span> <span class='ocrx_word' id='word_1_801' title='bbox 3517 4127 3793 4197; x_wconf 70' lang='grc' dir='ltr'>προσηνὴς</span> 
     </span>
    </p>
   </div>
   <div class='ocr_carea' id='block_1_106' title="bbox 2217 4209 3795 4286">
    <p class='ocr_par' dir='ltr' id='par_1_106' title="bbox 2217 4209 3795 4286">
     <span class='ocr_line' id='line_1_106' title="bbox 2217 4209 3795 4286; baseline 0.007 -24"><span class='ocrx_word' id='word_1_802' title='bbox 2217 4210 2310 4262; x_wconf 79' lang='grc' dir='ltr'>καὶ</span> <span class='ocrx_word' id='word_1_803' title='bbox 2342 4209 2528 4280; x_wconf 78' lang='grc' dir='ltr'>ἡδίστη</span> <span class='ocrx_word' id='word_1_804' title='bbox 2563 4211 2695 4278; x_wconf 88' lang='grc' dir='ltr'>ἡμῖν</span> <span class='ocrx_word' id='word_1_805' title='bbox 2741 4210 3025 4278; x_wconf 83' lang='grc' dir='ltr'>φαίνεται,</span> <span class='ocrx_word' id='word_1_806' title='bbox 3056 4211 3149 4263; x_wconf 64' lang='grc' dir='ltr'>κα)⁵</span> <span class='ocrx_word' id='word_1_807' title='bbox 3195 4214 3227 4282; x_wconf 84' lang='grc' dir='ltr'>ἡ</span> <span class='ocrx_word' id='word_1_808' title='bbox 3265 4214 3499 4286; x_wconf 82' lang='grc' dir='ltr'>πολεμία</span> <span class='ocrx_word' id='word_1_809' title='bbox 3537 4216 3662 4286; x_wconf 66' lang='grc' dir='ltr'>ὖψις</span> <span class='ocrx_word' id='word_1_810' title='bbox 3704 4221 3795 4273; x_wconf 80' lang='grc' dir='ltr'>καὶ</span> 
     </span>
    </p>
   </div>
   <div class='ocr_carea' id='block_1_107' title="bbox 2217 4300 3062 4372">
    <p class='ocr_par' dir='ltr' id='par_1_107' title="bbox 2217 4300 3062 4372">
     <span class='ocr_line' id='line_1_107' title="bbox 2217 4300 3062 4372; baseline 0.004 -20"><span class='ocrx_word' id='word_1_811' title='bbox 2217 4300 2384 4370; x_wconf 85' lang='grc' dir='ltr'>ἀηδὴς</span> <span class='ocrx_word' id='word_1_812' title='bbox 2408 4300 2630 4370; x_wconf 87' lang='grc' dir='ltr'>ποθεινὴ</span> <span class='ocrx_word' id='word_1_813' title='bbox 2661 4301 2756 4354; x_wconf 74' lang='grc' dir='ltr'>καὶ</span> <span class='ocrx_word' id='word_1_814' title='bbox 2787 4301 3062 4372; x_wconf 88' lang='grc' dir='ltr'>ἐπίχαρις.</span> 
     </span>
    </p>
   </div>
   <div class='ocr_carea' id='block_1_108' title="bbox 2286 4435 3793 4514">
    <p class='ocr_par' dir='ltr' id='par_1_108' title="bbox 2286 4435 3793 4514">
     <span class='ocr_line' id='line_1_108' title="bbox 2286 4435 3793 4514; baseline 0.005 -25"><span class='ocrx_word' id='word_1_815' title='bbox 2286 4445 2347 4496; x_wconf 86' lang='grc' dir='ltr'>ς’.</span> <span class='ocrx_word' id='word_1_816' title='bbox 2372 4435 2541 4490; x_wconf 89' lang='grc' dir='ltr'>Τοῦτο</span> <span class='ocrx_word' id='word_1_817' title='bbox 2565 4435 2771 4504; x_wconf 85' lang='grc' dir='ltr'>γίνεται</span> <span class='ocrx_word' id='word_1_818' title='bbox 2801 4437 2894 4489; x_wconf 74' lang='grc' dir='ltr'>καὶ</span> <span class='ocrx_word' id='word_1_819' title='bbox 2914 4437 3006 4490; x_wconf 76' lang='grc' dir='ltr'>ἐπὶ</span> <span class='ocrx_word' id='word_1_820' title='bbox 3039 4437 3131 4491; x_wconf 89' lang='grc' dir='ltr'>τοῦ</span> <span class='ocrx_word' id='word_1_821' title='bbox 3162 4441 3444 4510; x_wconf 83' lang='grc' dir='ltr'>χειμῶνος.</span> <span class='ocrx_word' id='word_1_822' title='bbox 3467 4441 3581 4495; x_wconf 86' lang='grc' dir='ltr'>Ούκ</span> <span class='ocrx_word' id='word_1_823' title='bbox 3602 4443 3793 4514; x_wconf 82' lang='grc' dir='ltr'>ἀφίησι</span> 
     </span>
    </p>
   </div>
   <div class='ocr_carea' id='block_1_109' title="bbox 2215 4528 3792 4600">
    <p class='ocr_par' dir='ltr' id='par_1_109' title="bbox 2215 4528 3792 4600">
     <span class='ocr_line' id='line_1_109' title="bbox 2215 4528 3792 4600; baseline 0.004 -18"><span class='ocrx_word' id='word_1_824' title='bbox 2215 4529 2307 4582; x_wconf 88' lang='grc' dir='ltr'>τοῦ</span> <span class='ocrx_word' id='word_1_825' title='bbox 2337 4528 2566 4598; x_wconf 90' lang='grc' dir='ltr'>ούρανοῦ</span> <span class='ocrx_word' id='word_1_826' title='bbox 2599 4530 2660 4581; x_wconf 88' lang='lat'><em>16</em></span> <span class='ocrx_word' id='word_1_827' title='bbox 2694 4528 2888 4591; x_wconf 84' lang='grc' dir='ltr'>κάλλος</span> <span class='ocrx_word' id='word_1_828' title='bbox 2919 4530 2952 4599; x_wconf 89' lang='grc' dir='ltr'>ἡ</span> <span class='ocrx_word' id='word_1_829' title='bbox 2994 4529 3102 4582; x_wconf 89' lang='grc' dir='ltr'>τῶν</span> <span class='ocrx_word' id='word_1_830' title='bbox 3131 4532 3310 4598; x_wconf 87' lang='grc' dir='ltr'>νεφῶν</span> <span class='ocrx_word' id='word_1_831' title='bbox 3350 4531 3641 4600; x_wconf 82' lang='grc' dir='ltr'>φαίνεσθαι</span> <span class='ocrx_word' id='word_1_832' title='bbox 3671 4552 3792 4589; x_wconf 87' lang='grc' dir='ltr'>συν-</span> 
     </span>
    </p>
   </div>
   <div class='ocr_carea' id='block_1_110' title="bbox 2215 4616 3795 4693">
    <p class='ocr_par' dir='ltr' id='par_1_110' title="bbox 2215 4616 3795 4693">
     <span class='ocr_line' id='line_1_110' title="bbox 2215 4616 3795 4693; baseline 0.004 -21"><span class='ocrx_word' id='word_1_833' title='bbox 2215 4619 2425 4688; x_wconf 87' lang='grc' dir='ltr'>δρομή·</span> <span class='ocrx_word' id='word_1_834' title='bbox 2495 4616 2630 4670; x_wconf 89' lang='grc' dir='ltr'>ἀλλά</span> <span class='ocrx_word' id='word_1_835' title='bbox 2678 4617 2780 4670; x_wconf 81' lang='grc' dir='ltr'>κᾶν</span> <span class='ocrx_word' id='word_1_836' title='bbox 2833 4618 3091 4688; x_wconf 87' lang='grc' dir='ltr'>μυριάκις</span> <span class='ocrx_word' id='word_1_837' title='bbox 3141 4619 3424 4693; x_wconf 79' lang='grc' dir='ltr'>ὀξυδερκὲς</span> <span class='ocrx_word' id='word_1_838' title='bbox 3470 4623 3686 4693; x_wconf 77' lang='grc' dir='ltr'>ἔχωμεν</span> <span class='ocrx_word' id='word_1_839' title='bbox 3735 4626 3795 4678; x_wconf 84' lang='lat'><em>16</em></span> 
     </span>
    </p>
   </div>
   <div class='ocr_carea' id='block_1_111' title="bbox 2215 4707 3795 4787">
    <p class='ocr_par' dir='ltr' id='par_1_111' title="bbox 2215 4707 3795 4787">
     <span class='ocr_line' id='line_1_111' title="bbox 2215 4707 3795 4787; baseline 0.006 -28"><span class='ocrx_word' id='word_1_840' title='bbox 2215 4709 2390 4778; x_wconf 75' lang='grc' dir='ltr'>δμμα,</span> <span class='ocrx_word' id='word_1_841' title='bbox 2421 4708 2521 4760; x_wconf 89' lang='grc' dir='ltr'>ούκ</span> <span class='ocrx_word' id='word_1_842' title='bbox 2552 4707 2808 4777; x_wconf 81' lang='grc' dir='ltr'>ἰσχύομεν</span> <span class='ocrx_word' id='word_1_843' title='bbox 2855 4710 3238 4764; x_wconf 85' lang='grc' dir='ltr'>ἀντιλαϐέσθαι</span> <span class='ocrx_word' id='word_1_844' title='bbox 3276 4713 3376 4782; x_wconf 86' lang='grc' dir='ltr'>τῆς</span> <span class='ocrx_word' id='word_1_845' title='bbox 3419 4713 3532 4766; x_wconf 81' lang='grc' dir='ltr'>ἀνω</span> <span class='ocrx_word' id='word_1_846' title='bbox 3573 4715 3795 4787; x_wconf 79' lang='grc' dir='ltr'>φαιδρό-</span> 
     </span>
    </p>
   </div>
   <div class='ocr_carea' id='block_1_112' title="bbox 2215 4801 3795 4878">
    <p class='ocr_par' dir='ltr' id='par_1_112' title="bbox 2215 4801 3795 4878">
     <span class='ocr_line' id='line_1_112' title="bbox 2215 4801 3795 4878; baseline 0.004 -25"><span class='ocrx_word' id='word_1_847' title='bbox 2215 4819 2399 4871; x_wconf 88' lang='grc' dir='ltr'>τητος.</span> <span class='ocrx_word' id='word_1_848' title='bbox 2445 4801 2693 4854; x_wconf 76' lang='grc' dir='ltr'>Ἐπειδὰν</span> <span class='ocrx_word' id='word_1_849' title='bbox 2718 4801 2762 4853; x_wconf 86' lang='grc' dir='ltr'>δ’</span> <span class='ocrx_word' id='word_1_850' title='bbox 2786 4804 2818 4872; x_wconf 89' lang='grc' dir='ltr'>ἡ</span> <span class='ocrx_word' id='word_1_851' title='bbox 2865 4803 2962 4872; x_wconf 88' lang='grc' dir='ltr'>τῆς</span> <span class='ocrx_word' id='word_1_852' title='bbox 2992 4804 3206 4866; x_wconf 81' lang='grc' dir='ltr'>ἀκτῖνος</span> <span class='ocrx_word' id='word_1_853' title='bbox 3234 4804 3503 4875; x_wconf 79' lang='grc' dir='ltr'>θερμότης</span> <span class='ocrx_word' id='word_1_854' title='bbox 3530 4807 3795 4878; x_wconf 87' lang='grc' dir='ltr'>ἐνδιατρί-</span> 
     </span>
    </p>
   </div>
   <div class='ocr_carea' id='block_1_113' title="bbox 2214 4894 3798 4969">
    <p class='ocr_par' dir='ltr' id='par_1_113' title="bbox 2214 4894 3798 4969">
     <span class='ocr_line' id='line_1_113' title="bbox 2214 4894 3798 4969; baseline 0.004 -23"><span class='ocrx_word' id='word_1_855' title='bbox 2214 4894 2364 4963; x_wconf 74' lang='grc' dir='ltr'>ψασα</span> <span class='ocrx_word' id='word_1_856' title='bbox 2397 4895 2489 4947; x_wconf 76' lang='grc' dir='ltr'>καὶ</span> <span class='ocrx_word' id='word_1_857' title='bbox 2509 4895 2844 4966; x_wconf 81' lang='grc' dir='ltr'>διαρῤήξασα</span> <span class='ocrx_word' id='word_1_858' title='bbox 2875 4897 2934 4947; x_wconf 84' lang='lat'><em>16</em></span> <span class='ocrx_word' id='word_1_859' title='bbox 2965 4895 3143 4962; x_wconf 84' lang='grc' dir='ltr'>νέφος,</span> <span class='ocrx_word' id='word_1_860' title='bbox 3169 4895 3314 4967; x_wconf 83' lang='grc' dir='ltr'>δείξῃ</span> <span class='ocrx_word' id='word_1_861' title='bbox 3352 4897 3445 4951; x_wconf 82' lang='grc' dir='ltr'>τὸν</span> <span class='ocrx_word' id='word_1_862' title='bbox 3478 4898 3650 4969; x_wconf 77' lang='grc' dir='ltr'>ἥλιον,</span> <span class='ocrx_word' id='word_1_863' title='bbox 3691 4901 3798 4953; x_wconf 79' lang='grc' dir='ltr'>δείο-</span> 
     </span>
    </p>
   </div>
   <div class='ocr_carea' id='block_1_114' title="bbox 2216 4986 3798 5059">
    <p class='ocr_par' dir='ltr' id='par_1_114' title="bbox 2216 4986 3798 5059">
     <span class='ocr_line' id='line_1_114' title="bbox 2216 4986 3798 5059; baseline 0.004 -19"><span class='ocrx_word' id='word_1_864' title='bbox 2216 5004 2372 5040; x_wconf 88' lang='grc' dir='ltr'>κνυσι</span> <span class='ocrx_word' id='word_1_865' title='bbox 2411 4987 2504 5039; x_wconf 78' lang='grc' dir='ltr'>καὶ</span> <span class='ocrx_word' id='word_1_866' title='bbox 2543 4987 2643 5054; x_wconf 87' lang='grc' dir='ltr'>τὴν</span> <span class='ocrx_word' id='word_1_867' title='bbox 2670 4986 2762 5038; x_wconf 89' lang='grc' dir='ltr'>τοῦ</span> <span class='ocrx_word' id='word_1_868' title='bbox 2791 4987 3018 5056; x_wconf 84' lang='grc' dir='ltr'>ούρανοῦ</span> <span class='ocrx_word' id='word_1_869' title='bbox 3060 4988 3220 5040; x_wconf 88' lang='grc' dir='ltr'>πάλιν</span> <span class='ocrx_word' id='word_1_870' title='bbox 3255 4989 3613 5059; x_wconf 83' lang='grc' dir='ltr'>εὐπρέπειαν.</span> <span class='ocrx_word' id='word_1_871' title='bbox 3644 4991 3798 5048; x_wconf 80' lang='grc' dir='ltr'>Οὕτω</span> 
     </span>
    </p>
   </div>
   <div class='ocr_carea' id='block_1_115' title="bbox 2218 5069 3797 5144">
    <p class='ocr_par' dir='ltr' id='par_1_115' title="bbox 2218 5069 3797 5144">
     <span class='ocr_line' id='line_1_115' title="bbox 2218 5069 3797 5144; baseline 0.003 -21"><span class='ocrx_word' id='word_1_872' title='bbox 2218 5071 2311 5123; x_wconf 75' lang='grc' dir='ltr'>καὶ</span> <span class='ocrx_word' id='word_1_873' title='bbox 2363 5070 2447 5138; x_wconf 78' lang='grc' dir='ltr'>ἐφ’</span> <span class='ocrx_word' id='word_1_874' title='bbox 2500 5069 2656 5139; x_wconf 83' lang='grc' dir='ltr'>ἡμῶν</span> <span class='ocrx_word' id='word_1_875' title='bbox 2699 5069 3066 5139; x_wconf 75' lang='grc' dir='ltr'>ὀργιζομένων</span> <span class='ocrx_word' id='word_1_876' title='bbox 3111 5070 3352 5138; x_wconf 85' lang='grc' dir='ltr'>γίνεται·</span> <span class='ocrx_word' id='word_1_877' title='bbox 3399 5073 3494 5125; x_wconf 76' lang='grc' dir='ltr'>καὶ</span> <span class='ocrx_word' id='word_1_878' title='bbox 3545 5073 3797 5144; x_wconf 82' lang='grc' dir='ltr'>καθάπερ</span> 
     </span>
    </p>
   </div>
   <div class='ocr_carea' id='block_1_116' title="bbox 2217 5161 3796 5236">
    <p class='ocr_par' dir='ltr' id='par_1_116' title="bbox 2217 5161 3796 5236">
     <span class='ocr_line' id='line_1_116' title="bbox 2217 5161 3796 5236; baseline 0.001 -22"><span class='ocrx_word' id='word_1_879' title='bbox 2217 5162 2376 5231; x_wconf 85' lang='grc' dir='ltr'>νέφος</span> <span class='ocrx_word' id='word_1_880' title='bbox 2400 5162 2820 5230; x_wconf 82' lang='grc' dir='ltr'>πεπυκνωμένον</span> <span class='ocrx_word' id='word_1_881' title='bbox 2851 5163 2956 5232; x_wconf 79' lang='grc' dir='ltr'>πρὸ</span> <span class='ocrx_word' id='word_1_882' title='bbox 2981 5162 3082 5214; x_wconf 87' lang='grc' dir='ltr'>τῶν</span> <span class='ocrx_word' id='word_1_883' title='bbox 3108 5161 3400 5233; x_wconf 84' lang='grc' dir='ltr'>ὀφθαλμῶν</span> <span class='ocrx_word' id='word_1_884' title='bbox 3429 5166 3524 5219; x_wconf 82' lang='grc' dir='ltr'>καὶ</span> <span class='ocrx_word' id='word_1_885' title='bbox 3551 5166 3661 5236; x_wconf 86' lang='grc' dir='ltr'>πρὸ</span> <span class='ocrx_word' id='word_1_886' title='bbox 3691 5168 3796 5219; x_wconf 86' lang='grc' dir='ltr'>τῶν</span> 
     </span>
    </p>
   </div>
   <div class='ocr_carea' id='block_1_117' title="bbox 2216 5253 3796 5326">
    <p class='ocr_par' dir='ltr' id='par_1_117' title="bbox 2216 5253 3796 5326">
     <span class='ocr_line' id='line_1_117' title="bbox 2216 5253 3796 5326; baseline 0.002 -19"><span class='ocrx_word' id='word_1_887' title='bbox 2216 5253 2394 5307; x_wconf 87' lang='grc' dir='ltr'>ἀκοῶν</span> <span class='ocrx_word' id='word_1_888' title='bbox 2429 5253 2640 5307; x_wconf 88' lang='grc' dir='ltr'>ἑστῶσα</span> <span class='ocrx_word' id='word_1_889' title='bbox 2671 5256 2704 5324; x_wconf 94' lang='grc' dir='ltr'>ἡ</span> <span class='ocrx_word' id='word_1_890' title='bbox 2739 5253 2927 5324; x_wconf 77' lang='grc' dir='ltr'>ἔχθρα,</span> <span class='ocrx_word' id='word_1_891' title='bbox 2969 5255 3160 5326; x_wconf 86' lang='grc' dir='ltr'>ἑτέρας</span> <span class='ocrx_word' id='word_1_892' title='bbox 3201 5258 3298 5308; x_wconf 77' lang='grc' dir='ltr'>καὶ</span> <span class='ocrx_word' id='word_1_893' title='bbox 3353 5256 3453 5320; x_wconf 77' lang='grc' dir='ltr'>τὰς</span> <span class='ocrx_word' id='word_1_894' title='bbox 3487 5258 3675 5325; x_wconf 74' lang='grc' dir='ltr'>φωνὰς</span> <span class='ocrx_word' id='word_1_895' title='bbox 3707 5259 3796 5310; x_wconf 87' lang='grc' dir='ltr'>καὶ</span> 
     </span>
    </p>
   </div>
   <div class='ocr_carea' id='block_1_118' title="bbox 2215 5345 3795 5421">
    <p class='ocr_par' dir='ltr' id='par_1_118' title="bbox 2215 5345 3795 5421">
     <span class='ocr_line' id='line_1_118' title="bbox 2215 5345 3795 5421; baseline 0.004 -23"><span class='ocrx_word' id='word_1_896' title='bbox 2215 5349 2313 5410; x_wconf 74' lang='grc' dir='ltr'>τὰς</span> <span class='ocrx_word' id='word_1_897' title='bbox 2345 5346 2494 5416; x_wconf 70' lang='grc' dir='ltr'>ὕψεις</span> <span class='ocrx_word' id='word_1_898' title='bbox 2524 5348 2665 5398; x_wconf 90' lang='grc' dir='ltr'>ποιεῖ</span> <span class='ocrx_word' id='word_1_899' title='bbox 2706 5345 3013 5412; x_wconf 85' lang='grc' dir='ltr'>φαίνεσθαι.</span> <span class='ocrx_word' id='word_1_900' title='bbox 3051 5347 3299 5401; x_wconf 80' lang='grc' dir='ltr'>Ἐπειδὰν</span> <span class='ocrx_word' id='word_1_901' title='bbox 3329 5347 3388 5401; x_wconf 85' lang='grc' dir='ltr'>δὲ</span> <span class='ocrx_word' id='word_1_902' title='bbox 3427 5348 3795 5421; x_wconf 82' lang='grc' dir='ltr'>φιλοσοφήσας</span> 
     </span>
    </p>
   </div>
   <div class='ocr_carea' id='block_1_119' title="bbox 2216 5437 3794 5515">
    <p class='ocr_par' dir='ltr' id='par_1_119' title="bbox 2216 5437 3794 5515">
     <span class='ocr_line' id='line_1_119' title="bbox 2216 5437 3794 5515; baseline 0.004 -25"><span class='ocrx_word' id='word_1_903' title='bbox 2216 5455 2297 5500; x_wconf 84' lang='grc' dir='ltr'>τις</span> <span class='ocrx_word' id='word_1_904' title='bbox 2326 5438 2423 5508; x_wconf 83' lang='grc' dir='ltr'>τὴν</span> <span class='ocrx_word' id='word_1_905' title='bbox 2453 5437 2648 5508; x_wconf 79' lang='grc' dir='ltr'>ἔχθραν</span> <span class='ocrx_word' id='word_1_906' title='bbox 2676 5437 2944 5507; x_wconf 88' lang='grc' dir='ltr'>ἀπόθηται</span> <span class='ocrx_word' id='word_1_907' title='bbox 2969 5439 3064 5490; x_wconf 74' lang='grc' dir='ltr'>καὶ</span> <span class='ocrx_word' id='word_1_908' title='bbox 3106 5439 3373 5512; x_wconf 78' lang='grc' dir='ltr'>διαῤῥήξῃ</span> <span class='ocrx_word' id='word_1_909' title='bbox 3403 5442 3504 5512; x_wconf 90' lang='grc' dir='ltr'>τῆς</span> <span class='ocrx_word' id='word_1_910' title='bbox 3531 5443 3712 5515; x_wconf 80' lang='grc' dir='ltr'>λύπης</span> <span class='ocrx_word' id='word_1_911' title='bbox 3736 5443 3794 5496; x_wconf 89' lang='lat'><em>16</em></span> 
     </span>
    </p>
   </div>
   <div class='ocr_carea' id='block_1_120' title="bbox 2215 5527 3794 5602">
    <p class='ocr_par' dir='ltr' id='par_1_120' title="bbox 2215 5527 3794 5602">
     <span class='ocr_line' id='line_1_120' title="bbox 2215 5527 3794 5602; baseline 0.004 -22"><span class='ocrx_word' id='word_1_912' title='bbox 2215 5529 2394 5596; x_wconf 78' lang='grc' dir='ltr'>νέφος,</span> <span class='ocrx_word' id='word_1_913' title='bbox 2419 5527 2538 5580; x_wconf 91' lang='grc' dir='ltr'>τότε</span> <span class='ocrx_word' id='word_1_914' title='bbox 2560 5527 2840 5598; x_wconf 85' lang='grc' dir='ltr'>ἀδεκάστῳ</span> <span class='ocrx_word' id='word_1_915' title='bbox 2867 5529 3112 5600; x_wconf 84' lang='grc' dir='ltr'>λογισμῷ</span> <span class='ocrx_word' id='word_1_916' title='bbox 3137 5533 3230 5585; x_wconf 77' lang='grc' dir='ltr'>καὶ</span> <span class='ocrx_word' id='word_1_917' title='bbox 3255 5531 3444 5601; x_wconf 72' lang='grc' dir='ltr'>ὄψεται</span> <span class='ocrx_word' id='word_1_918' title='bbox 3471 5535 3672 5602; x_wconf 87' lang='grc' dir='ltr'>πάντα,</span> <span class='ocrx_word' id='word_1_919' title='bbox 3704 5538 3794 5589; x_wconf 82' lang='grc' dir='ltr'>καὶ</span> 
     </span>
    </p>
   </div>
   <div class='ocr_carea' id='block_1_121' title="bbox 2280 5661 3112 5726">
    <p class='ocr_par' dir='ltr' id='par_1_121' title="bbox 2280 5661 3112 5726">
     <span class='ocr_line' id='line_1_121' title="bbox 2280 5661 3112 5726; baseline 0.001 -15"><span class='ocrx_word' id='word_1_920' title='bbox 2280 5663 2303 5689; x_wconf 66' lang='grc'><strong><em>³³</em></strong></span> <span class='ocrx_word' id='word_1_921' title='bbox 2329 5661 2454 5726; x_wconf 77' lang='lat' dir='ltr'>Reg.</span> <span class='ocrx_word' id='word_1_922' title='bbox 2482 5675 2609 5713; x_wconf 86' lang='lat' dir='ltr'>unus</span> <span class='ocrx_word' id='word_1_923' title='bbox 2629 5667 2672 5712; x_wconf 80' lang='grc' dir='ltr'>οἱ</span> <span class='ocrx_word' id='word_1_924' title='bbox 2700 5663 2829 5726; x_wconf 84' lang='grc' dir='ltr'>λόγοι</span> <span class='ocrx_word' id='word_1_925' title='bbox 2853 5680 2942 5714; x_wconf 86' lang='grc' dir='ltr'>σου</span> <span class='ocrx_word' id='word_1_926' title='bbox 2965 5663 3112 5719; x_wconf 84' lang='grc' dir='ltr'>οὗτοι,</span> 
     </span>
    </p>
   </div>
  </div>
