4038 6360
305 325 398 381 701
1323 318 1411 372 DE
1442 317 1695 372 DAVIDE
1735 315 1822 371 ET
1860 315 1880 370 Ε

1986 314 2085 371 [LE-
2120 315 2395 371 llOMlLlA
2440 314 2524 370 ΙΙΙ.
3466 321 3573 376 703

298 439 484 503 litiam,
511 437 645 491 alter
670 451 932 492 summam
970 436 1251 490 exercebat
1282 436 1561 504 justitiam,
1591 443 1650 489 ut
1674 433 1764 503 qui
1805 432 1882 487 fa-

298 530 524 584 Cultates
553 545 676 583 suas
697 541 977 599 erogaret,
1007 528 1324 597 assidueque
1348 528 1636 598 jejunaret,
1664 542 1826 595 purus
1852 540 1881 578 a

294 621 499 690 rapinis
534 636 547 673 :
582 630 767 675 contra
801 621 936 674 alter
988 620 1038 672 in
1079 620 1279 688 rapinis
1331 633 1393 673 ac
1440 618 1707 673 violentiis
1758 618 1881 672 vitae

296 722 512 779 tempus
538 726 695 765 omne
734 721 1154 780 consumpserat.
1204 711 1374 765 Ambo
1421 711 1778 765 ascenderunt
1828 710 1881 765 in

299 801 555 871 templum
602 802 791 855 orandi
835 802 1024 871 gratia.
1066 800 1156 854 llle
1193 810 1339 855 stans
1385 800 1640 856 dicebat:
1681 800 1883 855 Gratias

295 910 393 964 ago
417 894 504 946 tibi
530 934 542 957 ,
570 886 805 958 Domine,
838 894 1075 963 quoniam
1104 909 1201 945 non
1224 910 1334 945 sum
1363 894 1490 946 sicut
1515 893 1686 946 ca’teri
1716 893 1881 946 homi-

296 1001 405 1051 nes,
435 1001 645 1054 rapaces
667 1027 681 1051 ,
710 984 886 1049 avari,
911 1000 1069 1053 neque
1098 982 1230 1037 velut
1272 984 1352 1036 hic
1381 982 1678 1053 publicanus
1705 984 1722 1051 (
1751 983 1879 1037 Luc.

296 1077 386 1132 l8.
422 1077 508 1131 ll.
535 1077 602 1131 12
625 1075 667 1147 ).
692 1078 762 1131 At
803 1076 1115 1147 publicanus
1144 1076 1329 1145 procul
1354 1085 1498 1130 stans
1526 1091 1632 1129 non
1660 1076 1883 1145 regessit

300 1168 682 1222 contumeliam
710 1210 725 1234 ,
774 1183 948 1237 neque
979 1167 1208 1219 vicissim
1261 1165 1393 1219 dixit
1425 1164 1743 1230 convicium,
1775 1182 1879 1220 non

303 1262 524 1331 protulit
575 1261 673 1316 ista
713 1259 947 1329 vulgaria
989 1260 1148 1313 verba
1178 1278 1191 1311 :
1216 1259 1367 1312 Tune
1404 1258 1568 1313 audes
1599 1274 1731 1313 mea:
1758 1260 1881 1313 vita:

298 1355 627 1411 mentionem
655 1352 829 1408 facere
855 1368 1076 1422 meaque
1097 1352 1228 1406 facta
1249 1351 1638 1420 reprehendere
1654 1352 1879 1405 ?Annnn

298 1462 417 1502 sum
464 1457 518 1502 te
560 1447 787 1501 melior?
827 1446 1075 1500 Referam
1123 1454 1211 1499 tua
1260 1453 1510 1514 peccata,
1538 1444 1765 1511 faxoque
1815 1461 1881 1500 ne

302 1555 551 1609 umquam
586 1540 639 1593 in
688 1538 802 1593 hmc
827 1553 977 1594 sacra
1011 1537 1338 1593 conscendas
1384 1537 1538 1592 atria.
1586 1536 1767 1603 Nihil,
1798 1538 1881 1592 in-

299 1650 483 1704 quam,
518 1633 816 1688 istiusmodi
862 1632 1173 1702 frigidorum
1216 1631 1497 1686 verborum
1524 1632 1773 1701 loquutus
1800 1642 1881 1686 est

301 1726 638 1797 publicanus,
670 1725 863 1796 quibus
893 1726 1091 1779 utimur
1120 1723 1356 1794 quotidie
1383 1740 1481 1779 nos
1525 1735 1711 1780 mutuo
1737 1740 1882 1779 con—

302 1820 454 1873 viciis
479 1828 851 1888 aspergentes;
898 1818 991 1871 sed
1037 1832 1220 1871 amare
1276 1817 1549 1886 suspirans
1591 1826 1881 1888 pectusque

300 1911 625 1981 percutiens,
657 1910 757 1964 hoc
783 1920 984 1964 tantum
1012 1909 1167 1975 dixit,
1205 1908 1464 1979 PrOpilius
1487 1919 1587 1963 esto
1622 1910 1744 1964 mihi
1762 1928 1879 1982 pec-

298 2001 605 2073 catori(1b.
638 2018 686 2054 υ.
720 2002 789 2056 l5
814 2002 855 2072 ),
886 2010 940 2056 et
973 2000 1608 2069 descenditjustificatus.

369 2088 633 2142 Accusalio
653 2088 733 2141 sui
761 2088 820 2155 ﬁt
845 2088 1070 2142 remissio
1088 2087 1334 2140 criminis.
1361 2085 1444 2139 Ne
1464 2087 1660 2140 dwmon
1681 2087 1881 2155 quidem

201 2231 223 2243 ,
296 2197 389 2234 nos
430 2182 497 2233 ad
550 2180 679 2233 iram
707 2179 958 2233 concitare
997 2188 1173 2247 potest.
1203 2209 1276 2218 —
1318 2178 1478 2234 Vides
1515 2178 1878 2233 celeritatem?

260 2274 503 2343 ~accepit
544 2272 818 2342 probrum,
848 2280 903 2327 et
945 2271 1112 2325 abluit
1161 2270 1449 2341 probrum;
1503 2271 1874 2341 agnovitpec-

254 2362 412 2419 "cata
435 2406 450 2431 ,
492 2372 546 2419 et
582 2363 827 2433 deposuit
864 2373 1079 2433 peccata
1111 2380 1124 2415 :
1175 2372 1229 2417 et
1280 2362 1563 2417 criminum
1606 2364 1876 2418 accusatio

296 2456 433 2511 facta
463 2465 545 2510 est
574 2454 648 2509 illi
677 2454 958 2510 criminum
1002 2454 1246 2509 remissio
1268 2493 1284 2519 ,
1333 2462 1387 2509 et
1435 2452 1604 2508 hostis
1647 2453 1881 2509 insciens

294 2547 471 2603 factus
515 2557 597 2600 est
624 2546 915 2602 beneficus.
959 2546 1099 2614 Quot
1138 2546 1346 2600 labores
1400 2555 1552 2601 erant
1600 2548 1880 2616 publicano

294 2637 558 2693 subeundi
588 2680 603 2704 ,
632 2637 920 2709 jejunandu
944 2680 959 2704 ,
992 2637 1139 2692 humi
1187 2637 1501 2693 dormiendo
1524 2678 1541 2705 ,
1586 2636 1875 2708 vigilando,

295 2735 433 2789 bona
462 2748 559 2789 sua
589 2732 768 2803 egenis
799 2731 1170 2803 impartiendo,
1203 2731 1360 2800 longo
1391 2740 1627 2801 tempore
1648 2733 1702 2786 in
1722 2746 1880 2787 sacco

294 2836 348 2882 et
374 2826 556 2881 cinere
582 2824 819 2880 sedendo
840 2865 853 2888 ,
885 2832 944 2877 ut
975 2824 1063 2878 illa
1112 2832 1216 2877 tam
1257 2823 1422 2876 multa
1451 2831 1667 2892 peccata
1698 2832 1880 2893 posset

293 2918 609 2989 deponere?
639 2920 708 2972 At
734 2933 875 2972 nunc
909 2932 1029 2971 cum
1074 2916 1207 2971 nihil
1242 2916 1342 2971 tale
1399 2917 1618 2982 fecerit,
1650 2917 1879 2987 simplici

293 3012 459 3067 verbo
488 3026 701 3066 omnem
731 3010 978 3080 deposuit
1022 3010 1395 3081 iniquitatem:
1429 3027 1492 3065 ac
1526 3012 1720 3080 probra
1747 3026 1875 3065 con-

294 3102 536 3170 viciaqne
565 3101 853 3167 Pharismi,
884 3101 971 3170 qui
1033 3101 1309 3155 videbatur
1356 3101 1506 3155 illum
1557 3103 1878 3181 contumelia

293 3193 539 3257 aflicere.
570 3194 641 3249 illi
670 3203 991 3264 pepererunt
1020 3194 1239 3263 justitiae
1267 3209 1544 3261 coronam,
1574 3195 1731 3264 idque
1763 3198 1880 3252 sine

242 3326 251 3333 ι
294 3289 579 3344 sudoribus
604 3330 619 3351 ,
660 3287 776 3343 sine
807 3288 1077 3342 laboribus
1097 3329 1111 3351 ,
1144 3296 1198 3341 et
1222 3287 1422 3357 absque
1450 3288 1591 3357 longi
1622 3288 1879 3357 temporis

296 3396 468 3434 ntora.
502 3379 733 3433 Videsne
762 3393 881 3445 nos,
929 3378 1135 3433 etiamsi
1167 3379 1284 3448 quis
1322 3392 1444 3434 vera
1468 3378 1535 3433 de
1561 3379 1713 3432 nobis
1743 3393 1879 3447 prm-

294 3472 459 3537 dicet,
491 3484 716 3540 quorum
745 3484 844 3523 nos
870 3469 972 3540 ipsi
996 3469 1147 3524 nobis
1167 3470 1369 3524 conscii
1396 3470 1583 3535 simus,
1615 3470 1715 3524 ista
1750 3483 1879 3525 vero

293 3562 679 3633 praedicantem
708 3575 814 3615 non
842 3553 1076 3615 vicissim
1102 3560 1518 3629 impertierimus
1550 3560 1841 3615 maledictis
1860 3601 1877 3629 ,

296 3655 390 3709 sed
424 3669 606 3708 amare
629 3654 1062 3723 ingemiscentcs,
1096 3652 1260 3707 Deum
1297 3668 1396 3722 pro
1437 3653 1647 3708 delictis
1679 3654 1878 3707 nostris

296 3746 778 3816 imploraverimus,
803 3745 977 3799 omnia
1008 3754 1221 3815 peccata
1247 3738 1515 3813 deponere
1549 3745 1742 3814 posse?
1768 3745 1882 3801 Hoc

298 3849 453 3906 pacto
479 3847 533 3892 et
580 3837 666 3891 hic
694 3836 1016 3906 justilicatus
1056 3846 1138 3892 est
1171 3855 1184 3892 :
1227 3820 1475 3907 quoniam
1504 3838 1644 3891 enim
1695 3837 1882 3892 Phari-

300 3946 464 3985 smum
510 3946 620 3984 non
665 3930 808 3984 ultus
836 3939 920 3983 est
950 3929 1225 3995 conviciis,
1256 3929 1349 3984 sed
1378 3942 1477 3997 pro
1509 3930 1620 3984 suis
1648 3930 1880 3999 peccatis

302 4021 579 4091 ingemuit,
611 4021 891 4076 descendit
914 4020 1240 4089 justifieatus
1265 4035 1375 4089 prae
1410 4020 1522 4075 illo.

375 4114 429 4168 5.
462 4112 626 4168 Vides
647 4122 901 4183 quantum
941 4112 1128 4167 aﬂ'erat
1155 4112 1391 4167 utilitatis
1421 4112 1753 4166 inimicorum
1784 4127 1879 4167 ex-

300 4204 573 4274 probratio
598 4245 614 4271 ,
656 4204 702 4257 si
742 4203 904 4259 modo
949 4217 1067 4258 eam
1112 4201 1480 4273 phi1050phico
1508 4201 1881 4271 pertulerimus

300 4302 523 4357 animo?
553 4300 706 4368 Quod
727 4301 771 4355 si
801 4310 855 4356 et
891 4300 1210 4355 mentientes
1235 4306 1289 4353 et
1324 4314 1450 4352 vera
1481 4298 1758 4368 loquentes
1781 4313 1881 4352 ηο-

304 4395 388 4449 his
417 4402 640 4463 prosunt
666 4433 679 4459 ,
709 4392 1052 4462 quamobrem
1081 4390 1356 4445 dolemus?
1385 4406 1543 4455 quam
1571 4390 1637 4445 ob
1667 4406 1880 4444 causam

304 4487 550 4541 urimur?
592 4485 655 4540 Ni
686 4486 910 4555 teipsnm
940 4484 1161 4549 laeseris,
1189 4500 1220 4536 ο
1251 4484 1431 4547 homo,
1461 4498 1632 4552 neque
1656 4483 1878 4548 amicus,

304 4593 477 4648 neque
504 4577 749 4630 inimicus
775 4617 789 4641 ,
834 4590 902 4629 ne
930 4575 1044 4643 ipse
1085 4575 1296 4644 quidem
1343 4573 1584 4627 diabolus
1611 4574 1805 4642 poterit
1833 4585 1883 4628 te

304 4670 522 4726 laedere.
577 4668 787 4724 Etenim
841 4683 960 4721 cum
991 4676 1047 4722 et
1098 4669 1130 4721 ii
1162 4667 1250 4737 qui
1281 4681 1379 4723 nos
1403 4667 1739 4721 contumeliis
1767 4666 1883 4720 afli-

301 4764 471 4826 ciunt,
498 4762 588 4831 qui
622 4760 922 4821 traducunt,
945 4760 1034 4829 qui
1061 4774 1228 4829 usque
1254 4758 1319 4813 ad
1350 4759 1512 4828 ipsius
1537 4758 1659 4811 vita:
1687 4758 1881 4812 discri-

302 4870 426 4909 men
457 4852 812 4919 insidiantur,
846 4851 1127 4905 utilitatem
1154 4850 1376 4905 afferant
1401 4891 1415 4914 ,
1444 4858 1498 4904 et
1525 4848 1611 4903 alii
1644 4850 1882 4921 martyrii

302 4959 560 5000 coronam
592 4944 745 4999 nobis
795 4942 1025 5012 plcctant
1047 4983 1063 5005 ,
1091 4949 1148 4994 ut
1174 4940 1536 5005 ostendimus,
1565 4939 1653 4994 alii
1700 4955 1885 4995 rursus

303 5040 431 5093 dum
479 5047 695 5108 peccata
738 5036 893 5091 nobis
918 5033 1277 5103 exprobrant,
1306 5048 1405 5087 nos
1439 5033 1610 5102 justus
1636 5032 1881 5100 reddant,

303 5131 758 5203 quemadmodum
786 5129 976 5184 accidit
1001 5130 1049 5181 in
1084 5126 1360 5196 publicano
1379 5166 1392 5189 ,
1422 5141 1515 5180 cur
1547 5127 1597 5180 in
1624 5126 1739 5180 illos
1758 5126 1887 5179 etle-

307 5229 478 5280 rimur
503 5233 557 5279 et
581 5218 1070 5278 excandescimus?
1104 5218 1181 5272 Ne
1210 5217 1497 5272 dixerimus
1537 5218 1715 5286 itaque
1749 5232 1762 5267 :
1796 5215 1887 5270 llle

305 5335 397 5374 me
422 5317 677 5372 atrociter
722 5315 983 5381 irritavit,
1017 5312 1109 5368 ille
1135 5326 1219 5365 me
1262 5310 1492 5379 perpulit
1527 5350 1542 5377 ,
1572 5318 1627 5363 ut
1653 5307 1885 5362 dicerem

306 5412 589 5466 inhonesta
641 5410 801 5466 verba
867 5424 881 5461 :
939 5420 1039 5462 nos
1094 5404 1285 5473 ubique
1337 5402 1521 5458 talium
1589 5415 1747 5456 causa
1799 5416 1888 5455 su-

306 5520 449 5560 mus.
465 5502 597 5558 Nam
623 5501 669 5557 si
694 5501 916 5556 velimus
941 5494 1327 5569 philosophari,
1347 5508 1414 5548 ne
1439 5492 1647 5547 dmmon
1671 5490 1885 5563 quidem

306 5599 505 5668 poterit
544 5609 643 5651 nos
672 5594 736 5649 ad
760 5596 889 5649 iram
935 5591 1205 5648 concitare
1236 5604 1253 5645 :
1280 5587 1438 5657 idque
1482 5585 1644 5654 liquet
1671 5592 1780 5639 tum
1821 5600 1887 5638 ex

309 5692 428 5747 aliis
447 5689 824 5760 compluribus,
849 5697 955 5741 tum
983 5701 1046 5740 ex
1070 5684 1169 5738 hac
1197 5682 1307 5752 ipsa
1333 5693 1450 5750 qua:
1471 5693 1611 5732 nunc
1637 5677 1691 5731 in
1719 5677 1889 5731 mani-

279 5760 410 5858 ibus
430 5794 512 5843 est
535 5782 754 5839 historia
784 5781 847 5835 de
871 5777 1088 5845 Davide,
1115 5790 1271 5847 quam
1299 5786 1475 5842 opera)
1505 5768 1729 5841 pretium
1762 5768 1879 5825 fuc-

1996 432 2064 485 rit
2091 439 2143 485 et
2174 431 2334 485 hodie
2366 433 2416 486 in
2440 431 2669 487 medium
2691 431 2899 496 all‘erre,
2932 433 2976 487 si
3002 433 3147 503 prius
3175 435 3445 492 caritatem
3473 453 3569 493 ve-

1992 535 2157 578 stram
2182 525 2641 591 admonnerimus,
2675 526 2889 579 ubinam
2922 542 3090 596 nuper
3111 530 3575 587 terminaverimus

1988 616 2323 669 concionem.
2360 615 2457 670 Ubi
2508 616 2663 685 igitur
2688 632 2803 670 eam
2849 618 3292 675 terminavimus?
3320 621 3374 675 ln
3399 638 3571 678 excu-

1987 706 2191 761 satione
2218 705 2447 759 Davidis.
2483 706 2713 760 Proinde
2758 723 2979 764 necesse
3007 719 3089 764 est
3109 752 3123 776 ,
3152 722 3207 766 ut
3238 711 3397 769 hodie
3422 715 3573 769 vobis

1987 796 2162 850 Saulis
2194 797 2352 851 verba
2408 797 2702 851 referamus
2726 840 2740 864 ,
2774 815 2880 869 quo
2923 800 3197 857 videamus
3227 803 3352 873 quid
3380 804 3467 859 hic
3506 806 3571 860 ad

1982 886 2329 955 justissimam
2380 887 2516 941 illius
2542 892 2938 945 excusationem
2985 893 3337 962 responderit.
3390 895 3575 967 Neque

1987 980 2127 1033 enim
2154 995 2183 1033 e
2208 981 2379 1033 verbis
2410 991 2609 1035 tantum
2637 1000 2754 1052 qum
2783 984 2945 1038 David
2970 985 3217 1055 loquutus
3239 998 3319 1041 est
3343 1030 3357 1053 ,
3388 1005 3572 1044 verum

1988 1072 2146 1125 etiam
2177 1086 2207 1124 e
2244 1070 2420 1128 Saulis
2455 1073 2696 1128 oratione
2719 1115 2734 1140 ,
2765 1074 2979 1131 Davidis
3009 1078 3255 1132 virtutem
3286 1081 3572 1149 perSpicie-
3655 1070 3658 1073 ’

1986 1176 2105 1215 mus
2133 1178 2145 1214 :
2177 1176 2297 1216 nam
2328 1163 2372 1217 si
2411 1162 2538 1218 Saﬁl
2571 1165 2768 1234 aliquid
2820 1166 3025 1235 placide
3077 1180 3456 1240 mansueteque
3484 1187 3571 1228 re~
3652 1227 3655 1231 .

1986 1250 2295 1318 spnnderit,
2345 1253 2500 1321 hujus
2556 1269 2771 1309 causam
2812 1256 2993 1310 Davidi
3041 1258 3437 1327 imputabitnns,
3472 1264 3563 1331 qui

1987 1340 2277 1397 itumntarit
2303 1344 2593 1412 hominem,
2627 1348 2822 1417 quique
2867 1349 3151 1416 erudierit,
3181 1362 3234 1405 et
3274 1353 3341 1405 ad
3372 1355 3573 1408 sobrie-

1990 1441 2147 1485 tatem
2190 1436 2549 1503 composuerit
2590 1437 2729 1491 illius
2780 1440 3038 1493 animum.
3096 1442 3231 1507 Quid
3290 1443 3447 1511 igitur
3499 1447 3574 1500 ait

1985 1522 2155 1577 Saul?
2184 1525 2535 1595 Posteaquam
2587 1528 2829 1582 audierat
2867 1530 3029 1583 David
3068 1530 3413 1603 loquentem,
3442 1534 3573 1590 Ecce

1986 1613 2171 1666 lacinia
2191 1616 2473 1687 chlamydis
2499 1625 2600 1671 tua:
2622 1618 2677 1671 in
2706 1636 2860 1673 manu
2888 1622 3035 1689 mea(
3086 1624 3139 1676 l.
3168 1622 3298 1694 Reg.
3335 1625 3426 1681 24.
3456 1629 3570 1697 15),

1986 1702 2194 1774 aliaque
2221 1718 2411 1761 cuneta
2452 1724 2571 1778 qua:
2619 1709 2670 1763 in
2713 1713 3112 1767 excusationem
3164 1717 3379 1771 attulit:
3424 1717 3570 1787 Vox,

1986 1796 2178 1863 inquit,
2213 1801 2307 1853 ista
2330 1811 2433 1867 tua,
2465 1803 2545 1870 ﬁli
2571 1801 2743 1856 David
2780 1808 2797 1874 (
2826 1805 2963 1858 Ibid.
2988 1809 3124 1862 v.17
3154 1807 3213 1879 )?
3248 1811 3454 1878 Quanta
3483 1829 3570 1867 su-

1984 1887 2097 1941 bito
2130 1887 2267 1943 facta
2315 1901 2398 1945 est
2447 1894 2707 1948 mutatio!
2754 1896 2855 1962 Qui
2912 1914 3200 1967 numquam
3252 1903 3572 1960 sustinuerat

1984 1979 2134 2033 illum
2157 1981 2237 2035 vel
2267 1983 2495 2053 simplici
2525 2001 2720 2042 vocare
2751 1989 3173 2060 nomine,ipsam
3197 1995 3358 2049 etiam
3390 1998 3572 2065 appel—

1983 2069 2232 2125 lationem
2258 2073 2457 2129 habens
2478 2092 2873 2144 exosam,nunc
2902 2081 3119 2152 adoptat
3139 2099 3262 2139 eum
3290 2087 3341 2140 in
3369 2103 3570 2158 cogna-

1990 2163 2224 2229 tionem,
2253 2166 2528 2234 appellans
2572 2184 2693 2223 eum
2743 2170 2931 2226 filium.
2981 2172 3119 2239 Quid
3166 2175 3325 2245 igitur
3369 2178 3572 2235 Davide

1987 2251 2195 2309 felicius
2220 2297 2235 2321 ,
2265 2255 2355 2326 qui
2387 2272 2454 2311 ex
2477 2258 2741 2313 homicida
2764 2261 2889 2316 fecit
2915 2272 3144 2331 patrem,
3169 2282 3199 2321 e
3232 2267 3357 2337 lupo
3386 2285 3565 2337 ovem,

1985 2345 2073 2414 qui
2102 2346 2370 2401 fornacem
2398 2350 2685 2404 iracundiae
2702 2353 2869 2407 multo
2894 2354 3131 2425 implevit
3155 2373 3295 2426 rore,
3315 2362 3403 2429 qui
3425 2371 3561 2417 lem-

1986 2445 2242 2506 pestatem
2268 2442 2425 2495 vertit
2474 2442 2529 2496 in
2556 2446 2987 2514 tranquillitatem
3008 2489 3023 2515 ,
3052 2452 3246 2520 quique
3294 2460 3562 2511 tumorem

1983 2544 2194 2584 omnem
2218 2532 2296 2586 ira
2326 2536 2665 2590 exaestuantis
2692 2539 2852 2594 animi
2884 2542 3169 2597 restinxit?
3193 2545 3357 2602 Verba
3377 2550 3573 2619 quippe

1988 2620 2199 2677 Davidis
2226 2625 2461 2695 ingressa
2494 2627 2546 2681 in
2574 2628 2810 2683 animum
2839 2631 2987 2686 istius
3005 2633 3229 2703 efferati,
3249 2645 3413 2693 tutam
3438 2641 3573 2697 hanc

1986 2711 2323 2783 perfecerunt
2348 2715 2793 2785 immutationem,
2822 2723 2962 2792 quod
2989 2740 3019 2779 e
3062 2725 3237 2783 Saulis
3267 2730 3444 2787 verbis
3470 2733 3571 2789 dc-

1984 2806 2283 2874 prehendas
2311 2809 2453 2864 licet.
2481 2810 2664 2881 Neque
2693 2814 2835 2867 enim
2867 2814 3027 2880 dixit,
3055 2816 3344 2877 Sermones
3363 2824 3435 2878 tui
3461 2825 3568 2891 isti,

1983 2900 2059 2953 lili
2088 2900 2254 2954 David
2286 2900 2441 2966 ?sed,
2487 2902 2599 2956 Vox
2627 2913 2713 2957 tua
2757 2906 2873 2973 ista,
2915 2907 2995 2974 ﬁli
3044 2908 3257 2964 David?
3284 2913 3421 2969 adeo
3448 2932 3573 2973 mox

1984 2991 2050 3046 ad
2078 2994 2243 3063 ipsam
2275 3010 2461 3050 vocem
2490 2996 2727 3051 incaluit.
2756 2997 2826 3052 Et
2853 3002 3299 3071 quemadmodum
3325 3016 3476 3077 pater
3505 3025 3573 3065 ex

1984 3085 2143 3156 longo
2172 3087 2452 3141 intervallo
2476 3089 2651 3144 audita
2688 3090 2779 3145 ﬁlii
2805 3096 3120 3150 revertentis
3150 3113 3281 3154 voce
3306 3142 3322 3167 ,
3368 3117 3476 3156 non
3503 3104 3570 3158 ad

1982 3188 2327 3248 conspectum
2361 3181 2520 3237 modo
2551 3182 2719 3247 illius,
2770 3188 3118 3241 verumetiam
3150 3190 3216 3244 ad
3261 3191 3429 3260 ipsam
3476 3210 3573 3250 vo-

1982 3286 2099 3324 cem
2128 3273 2398 3327 excitatur
2425 3292 2437 3325 :
2470 3274 2546 3328 sic
2575 3284 2628 3328 et
2677 3275 2823 3343 Saul,
2854 3279 3010 3333 simul
3060 3292 3117 3336 ut
3159 3285 3318 3339 verba
3352 3287 3569 3344 Davldis

1985 3362 2038 3416 in
2070 3365 2304 3418 animum
2333 3366 2567 3437 ingressa
2592 3378 2735 3436 sunt,
2759 3370 2952 3440 ahjccit
2981 3372 3331 3444 inimicitiam,
3357 3380 3573 3453 jamque

1983 3464 2223 3508 sanctum
2254 3457 2491 3525 agnovit,
2518 3460 2796 3528 positoque
2822 3463 3014 3518 allectu
3035 3506 3049 3531 ,
3079 3472 3282 3537 recepit
3300 3472 3570 3528 allectum.

1986 3545 2258 3615 Siquidem
2293 3548 2461 3616 posita
2506 3550 2601 3615 ira,
2643 3554 2848 3622 recepit
2876 3559 3311 3626 tranquillitatem
3353 3574 3405 3618 et
3429 3581 3574 3622 com-

1983 3638 2406 3692 miserationem.
2437 3640 2502 3693 Et
2528 3641 2666 3695 sicut
2695 3644 2946 3712 quamdiu
2977 3663 3081 3701 nox
3107 3650 3263 3706 adest
3290 3694 3304 3717 ,
3338 3668 3479 3725 smpe
3503 3673 3573 3714 ne

1985 3736 2303 3795 praesentem
2332 3728 2543 3797 quidem
2597 3731 2826 3787 amicum
2879 3738 3235 3809 agnoscimus,
3268 3752 3322 3797 at
3362 3759 3487 3801 mox
3516 3756 3575 3804 ut

1984 3828 2204 3874 exortus
2234 3828 2317 3874 est
2340 3820 2476 3885 dies,
2507 3822 2665 3876 etiam
2694 3826 2904 3881 eminus
2929 3841 3272 3899 conspectum
3321 3840 3571 3906 agnosci-

1985 3926 2104 3967 mus
2134 3931 2147 3965 :
2180 3912 2361 3966 itidem
2382 3919 2436 3966 et
2461 3913 2738 3969 inimicitia
2759 3917 2894 3972 solet
2921 3923 3224 3977 usuvenire.
3258 3924 3439 3981 Donec
3476 3928 3563 3982 in-

1986 4014 2068 4060 ter
2107 4021 2205 4061 nos
2227 4008 2546 4063 malevolum
2579 4009 2814 4079 gerimus
2852 4011 3110 4077 animum,
3138 4029 3240 4069 vox
3270 4016 3445 4072 audita
3472 4035 3571 4073 no-

1984 4096 2066 4152 bis
2093 4097 2249 4152 aliter
2274 4108 2447 4163 sonat,
2472 4109 2525 4155 et
2548 4100 2714 4169 ipsam
2745 4101 2931 4156 faciem
2969 4113 3216 4174 corrupta
3259 4119 3444 4165 mente
3470 4112 3568 4167 ad-

1985 4191 2240 4259 spicimus
2272 4209 2285 4244 :
2317 4200 2371 4246 at
2400 4192 2490 4247 ubi
2522 4193 2857 4262 posuerimus
2886 4194 3039 4259 iram,
3068 4206 3122 4250 et
3146 4213 3250 4252 vox
3275 4215 3395 4269 qum
3424 4204 3570 4271 prius

1984 4291 2102 4336 erat
2128 4282 2296 4338 invisa
2318 4294 2476 4354 atque
2518 4284 2748 4349 hostilis,
2778 4285 2986 4353 placida
3016 4287 3168 4343 nobis
3193 4304 3255 4344 ac
3289 4290 3570 4360 jucundis-

1986 4374 2119 4428 sima
2150 4373 2381 4443 videtur,
2413 4384 2466 4429 et
2508 4385 2756 4445 aspectus
2786 4376 2900 4446 ipse
2930 4379 3077 4447 prius
3110 4379 3357 4437 inimicus
3381 4393 3437 4439 et
3480 4386 3567 4440 in-

1985 4464 2248 4537 iucundus
2269 4508 2282 4529 ,
2307 4475 2417 4520 tum
2450 4467 2508 4519 fit
2535 4466 2776 4520 amabilis
2806 4468 3163 4536 etjucundus.

2060 4556 2114 4612 6.
2144 4554 2235 4609 Ira
2264 4557 2447 4623 soluta,
2479 4558 2627 4625 plane
2665 4558 3003 4628 dignoscimus
3027 4578 3138 4631 quae
3160 4604 3175 4629 ,
3205 4563 3283 4618 ira
3309 4566 3530 4634 leniente
3553 4610 3568 4633 ,

1989 4649 2132 4702 nobis
2169 4664 2270 4701 non
2309 4650 2639 4718 apparebant.
2694 4649 2805 4703 Vox
2843 4649 3057 4705 Davidis
3099 4657 3467 4723 potentissima.
3498 4689 3571 4700 —

1988 4742 2134 4796 idem
2154 4741 2346 4796 accidit
2374 4743 2426 4795 in
2458 4750 2792 4811 tempestate.
2829 4742 2943 4798 Non
2972 4746 3169 4813 patitur
3192 4747 3409 4803 nubium
3436 4767 3569 4805 eon-

1988 4850 2176 4891 cursus
2215 4836 2368 4889 nobis
2392 4836 2734 4904 conspicuam
2770 4851 2891 4893 esse
2918 4837 3033 4892 cazli
3079 4818 3567 4909 pulchritudinem;

1990 4927 2084 4982 sed
2114 4929 2355 4997 quamvis
2399 4926 2689 4982 habeamus
2731 4927 2917 4982 oculos
2945 4927 3458 4998 pcrspicacissimos,
3486 4950 3573 4991 ue-

1975 5034 2257 5095 quaquam
2307 5019 2609 5089 pertingere
2660 5033 2942 5088 possumus
2980 5020 3045 5073 ad
3087 5021 3235 5075 illam
3284 5037 3572 5093 supernam

1984 5112 2392 5184 jucunditatem.
2438 5113 2506 5165 At
2547 5110 2638 5167 ubi
2686 5111 2795 5180 jam
2849 5110 3118 5166 radiorum
3167 5114 3331 5181 calor,
3387 5132 3576 5186 perru-

1993 5206 2098 5276 ptis
2124 5220 2186 5259 ac
2229 5203 2484 5258 discussis
2534 5202 2766 5257 nubibus
2813 5203 2980 5256 solem
3006 5202 3265 5268 ostendit,
3292 5222 3476 5261 rursus
3518 5218 3577 5262 et

1992 5297 2109 5352 caeli
2160 5296 2407 5350 decorem
2461 5294 2713 5349 ostendit.
2765 5292 2907 5348 Idem
2951 5293 3144 5347 accidit
3192 5296 3245 5349 in
3296 5298 3449 5351 nobis
3497 5299 3574 5353 ira

1991 5388 2318 5445 ferventibus
2343 5428 2358 5454 ,
2390 5386 2516 5442 dum
2561 5386 2805 5441 simultas
2837 5384 2984 5439 velut
3024 5384 3189 5440 densa
3232 5387 3401 5443 nubes
3448 5398 3575 5446 ante

1993 5485 2174 5539 oculos
2225 5494 2281 5538 et
2329 5497 2486 5536 aures
2538 5489 2678 5547 stat,
2724 5478 2849 5533 facit
2909 5487 2968 5533 ut
3015 5494 3173 5534 voces
3224 5490 3578 5551 aspectusque

1992 5576 2270 5632 videantur
2315 5573 2466 5627 aliter
2494 5587 2651 5642 quam
2679 5578 2824 5626 sunt.
2859 5569 3054 5625 Verum
3087 5570 3246 5625 simul
3282 5581 3439 5642 atque
3476 5572 3577 5626 ali-

1993 5670 2112 5740 quis
2158 5664 2560 5738 philosophatus
2607 5664 2844 5735 posuerit
2875 5662 3089 5729 odium,
3118 5662 3419 5733 nubemque
3471 5664 3579 5718 dis-

1995 5762 2200 5834 ruperit
2238 5755 2603 5830 aegritudinis,
2635 5766 2759 5813 tunc
2795 5756 3011 5814 demum
3050 5755 3356 5826 incorrupta
3395 5764 3575 5811 mente
