4038 6360
496 336 599 392 705

504 461 553 507 et
582 448 797 514 videbit,
822 458 874 503 et
900 446 1075 501 audiet
1098 444 1274 498 omnia
1302 461 1313 496 :
1339 443 1479 511 quod
1501 452 1549 493 et
1572 440 1694 493 huic
1712 436 1888 493 evenit
1913 434 2082 501 Sat’tli,

510 545 585 614 pii
620 543 776 597 simul
808 552 966 609 atque
995 539 1190 592 nubem
1221 534 1613 591 malevolentia:
1645 532 1905 600 disrttpit,
1934 544 2092 596 agno-

498 651 657 690 scens
691 650 874 687 vocem
908 632 1119 685 Davidis
1144 672 1157 695 ,
1188 629 1301 684 ait:
1346 627 1453 682 Vox
1489 636 1575 679 tua
1612 626 1741 690 ista,
1777 624 1854 693 ﬁli
1886 623 2093 677 David?

495 730 752 798 Quzenam
799 724 947 779 Ista?
971 726 1099 792 Qua:
1126 721 1340 779 Goliatlt
1387 718 1579 789 dejecit
1609 760 1624 785 ,
1651 733 1769 788 qua:
1818 716 2087 771 civitatein

500 820 747 889 periculis
778 817 970 887 eripuit
993 860 1007 881 ,
1038 832 1155 885 qua:
1182 822 1404 868 cunctos
1432 812 1483 865 in
1515 810 1790 865 servitutis
1811 824 1873 862 ac
1902 808 2089 861 mortis

500 910 738 979 periculo
764 907 1102 971 constitutos,
1128 906 1180 959 in
1208 903 1554 960 securitatem
1584 909 1639 955 et
1666 900 1965 955 libertatem
1997 913 2088 952 re-

509 1002 709 1069 stituit,
739 1018 858 1072 qua:
905 998 1081 1055 Saulis
1122 998 1354 1051 furorem
1401 994 1719 1055 sedaverat,
1762 1006 1881 1061 qua:
1924 988 2087 1043 multa

501 1110 799 1164 magnaque
823 1092 1081 1148 beneficia
1108 1091 1159 1144 itt
1184 1105 1305 1143 eum
1334 1087 1652 1142 contulerat.
1678 1083 1953 1155 Siquidem
1974 1081 2090 1136 hzec

503 1189 788 1244 barbarum
813 1187 959 1241 illum
980 1184 1282 1255 prostravit,
1308 1197 1372 1236 eo
1402 1180 1541 1250 quod
1572 1179 1873 1249 priusquam
1908 1176 2087 1228 mitte-

502 1290 583 1336 ret
602 1281 854 1351 lapidem,
876 1294 995 1333 eum
1029 1274 1349 1347 precationis
1377 1274 1571 1326 robore
1598 1272 1765 1324 fuerat
1786 1281 2084 1337 aggressus.

504 1373 683 1443 Neque
703 1371 845 1425 enitn
872 1368 1075 1439 vulgari
1106 1382 1254 1421 more
1281 1365 1504 1435 projecit
1529 1362 1755 1430 lapidem
1778 1402 1792 1426 ,
1814 1361 1907 1414 sed
1941 1358 2088 1427 prius

503 1466 615 1519 Ιιςιξο
642 1467 889 1533 loquutus
915 1505 928 1527 ,
952 1460 1032 1515 Tu
1060 1460 1195 1514 venis
1222 1459 1289 1511 ad
1323 1475 1401 1509 me
1443 1458 1496 1509 in
1532 1457 1630 1509 diis
1656 1457 1774 1518 tuis,
1805 1471 1894 1524 ego
1922 1462 2089 1505 autent

502 1558 641 1611 venio
670 1556 738 1608 ad
767 1565 813 1607 te
840 1555 891 1606 in
923 1553 1121 1606 nomine
1150 1550 1355 1604 Domini
1386 1547 1633 1613 Sabaoth,
1666 1546 1745 1598 cui
1777 1544 2090 1615 ea'pt'obrasti

504 1650 651 1702 hodie
678 1649 751 1719 (l.
788 1647 915 1718 Reg.
948 1646 1033 1699 Π.
1066 1643 1155 1713 45)
1186 1682 1201 1709 ,
1233 1641 1409 1695 emisit
1439 1639 1687 1709 lapidem.
1720 1638 1843 1692 [hec
1878 1652 1980 1690 vox
2009 1635 2087 1689 Ia-

504 1743 677 1812 pidem
721 1740 881 1794 vchtti
928 1753 1089 1793 manu
1132 1736 1284 1789 duxit
1315 1734 1366 1787 in
1395 1730 1605 1786 Goliath
1634 1771 1649 1796 ,
1679 1730 1793 1783 hare
1836 1742 2087 1797 pavorem

504 1833 724 1889 incussit
763 1831 1026 1894 barbaro,
1053 1829 1166 1883 haec
1203 1826 1370 1880 hostis
1398 1822 1774 1877 confidentiam
1816 1819 1991 1890 fregit.
2026 1818 2092 1873 Et

502 1928 625 1997 qttid
668 1926 909 1991 miraris,
936 1923 980 1979 si
1008 1938 1110 1977 vox
1132 1920 1260 1991 justi
1290 1927 1344 1973 et
1376 1917 1605 1972 furorem
1648 1915 1885 1985 mitigat,
1915 1922 1969 1968 et
1996 1912 2093 1965 lto-

500 2029 609 2075 stes
630 2018 829 2086 dejicit,
853 2032 971 2071 cum
999 2015 1189 2084 impios
1218 2026 1428 2083 quoque
1452 2009 1669 2079 spiritus
1694 2007 1958 2077 expellat?
1984 2005 2091 2060 Lo-

515 2112 803 2182 luehantur
849 2118 1052 2163 tantum
1102 2105 1368 2176 apostoli,
1401 2112 1454 2157 et
1482 2100 1753 2170 fugiebant
1780 2113 1966 2152 omnes
1993 2096 2090 2152 ad-

506 2202 751 2256 versari-.e
797 2208 1105 2268 potestates.
1168 2196 1283 2249 Vox
1336 2204 1642 2249 sanctorum
1692 2189 2000 2260 frequenter
2040 2195 2094 2241 et

502 2296 763 2348 elementa
830 2292 984 2355 vicit,
1036 2299 1089 2343 et
1145 2296 1435 2357 potestates
1495 2285 1707 2339 illorum
1772 2280 2087 2336 immutavit.

505 2386 779 2455 Loquutus
820 2393 901 2437 est
928 2392 1131 2436 tantum
1170 2379 1325 2435 Jcsus
1351 2377 1494 2431 Nave
1512 2418 1527 2441 ,
1550 2375 1663 2431 Stet
1687 2374 1765 2429 sol
1789 2383 1834 2428 et
1862 2374 1982 2426 luna
2004 2412 2019 2437 ,
2042 2379 2096 2427 et

505 2479 681 2540 stetit;
709 2477 785 2530 sic
815 2484 869 2528 et
896 2474 1069 2528 Moses
1095 2487 1240 2525 mare
1270 2472 1538 2539 ingressus
1562 2476 1674 2531 est,
1703 2474 1756 2521 et
1776 2464 1936 2519 cessit
1956 2462 2093 2534 (Jos.

507 2568 594 2623 l0.
632 2566 910 2631 £2;Exod.
942 2565 1028 2619 14.
1072 2561 1301 2633 21):sic
1348 2569 1453 2614 tres
1498 2558 1570 2613 illi
1616 2557 1762 2628 pueri
1814 2556 1949 2627 ignis
1988 2555 2096 2609 vim

506 2661 901 2721 exstinxerunt,
934 2654 1146 2727 hymnis
1173 2654 1273 2707 illis
1312 2652 1422 2705 suis
1451 2666 1513 2704 ac
1541 2664 1672 2704 voce
1707 2647 1865 2720 (Dan.
1890 2647 1967 2717 5).
2003 2646 2093 2700 Iti-

506 2751 628 2807 dem
660 2760 713 2804 et
735 2748 858 2803 Saftl
885 2746 952 2801 ad
982 2744 1220 2800 eamdem
1252 2758 1434 2797 vocem
1463 2742 1698 2805 incaluit,
1730 2740 1912 2794 dicens
1941 2757 1955 2793 :
1988 2736 2099 2792 νοω

509 2855 597 2898 tua
630 2844 759 2908 ista,
789 2839 864 2909 ﬁli
902 2837 1108 2892 David?
1135 2836 1270 2903 Quid
1310 2836 1467 2906 igitur
1511 2832 1713 2889 David?
1743 2832 1931 2888 Servus
1959 2841 2096 2897 tuus,

510 2938 711 2991 domine
736 2937 804 2988 mi
830 2951 938 2989 rex.
970 2932 1198 2987 Posthac
1222 2939 1491 2984 certamen
1530 2928 1722 2995 oritur,
1750 2936 1804 2981 et
1828 2924 2100 2981 contentio

511 3042 629 3086 uter
645 3031 871 3083 alterum
898 3025 1099 3095 majore
1124 3030 1474 3093 prosequatur
1495 3019 1716 3074 honore.
1743 3018 1865 3073 Saul
1888 3016 2099 3088 quidem

512 3123 579 3178 ad
608 3120 978 3191 cognationem
1000 3116 1258 3171 adscivit:
1287 3113 1450 3169 David
1470 3122 1647 3166 autem
1674 3110 1947 3165 dominum
1971 3100 2094 3164 eum

512 3214 764 3287 appellat.
795 3210 947 3279 Quod
968 3219 1143 3264 autent
1175 3208 1336 3273 dicit,
1366 3205 1471 3261 tale
1501 3216 1581 3260 est
1609 3222 1621 3257 :
1652 3204 1824 3261 Unum
1850 3245 1865 3268 ,
1898 3203 2099 3273 inquit,

515 3306 645 3361 illud
674 3319 857 3375 quacro
876 3343 891 3367 ,
921 3302 1143 3355 salutem
1177 3309 1318 3353 tuam
1348 3312 1411 3352 ac
1434 3296 1643 3351 virtutis
1668 3296 1983 3366 profectum.
2008 3293 2101 3348 Fi-

517 3398 646 3452 liunt
694 3410 781 3449 tne
823 3389 1141 3462 appellasti,
1168 3388 1297 3443 milti
1338 3402 1466 3441 vero
1505 3386 1634 3441 satis
1660 3396 1779 3448 est,
1809 3386 1853 3439 si
1894 3400 1979 3439 me
2006 3400 2103 3454 pro

516 3486 717 3541 famulo
749 3484 978 3546 habeas,
1012 3490 1216 3534 tantum
1248 3487 1303 3533 ut
1324 3478 1454 3532 iram
1481 3491 1647 3547 ponas
1670 3517 1686 3541 ,
1718 3484 1919 3530 tantum
1953 3485 2006 3529 ttt
2038 3490 2104 3531 ne

517 3578 646 3650 quid
675 3576 742 3631 de
768 3590 853 3629 me
882 3574 1154 3643 suspicere
1174 3570 1321 3635 mali,
1350 3584 1453 3624 neu
1483 3584 1570 3623 me
1600 3577 1751 3637 putes
1782 3566 1989 3623 hostem
2015 3576 2106 3621 aut

518 3668 902 3724 insidiatorem.
928 3663 1169 3733 Implevit
1204 3662 1344 3717 illam
1373 3661 1542 3731 legem
1571 3660 1915 3730 apostolicam
1940 3702 1955 3726 ,
1987 3676 2107 3731 qua:

513 3761 686 3832 jubet,
716 3771 775 3813 ut
804 3771 902 3812 nos
928 3757 1071 3827 ipsos
1100 3755 1370 3811 vincentes
1400 3753 1602 3809 honore
1630 3753 1856 3806 invicem
1898 3767 2105 3821 prasve-

520 3856 729 3909 niamus
773 3851 951 3925 (Rom.
983 3849 1071 3905 12.
1117 3850 1240 3919 10),
1272 3862 1377 3902 non
1420 3847 1711 3901 secundum
1759 3845 2105 3915 plurimorum

519 3960 745 4009 morem,
763 3944 852 4013 qui
881 3942 1029 4012 pejus
1048 3940 1222 3995 allecti
1246 3948 1387 4005 sunt,
1408 3954 1564 4008 quam
1589 3938 1718 4007 ipsae
1742 3936 1993 4005 pecudes,
2016 3936 2106 4005 qui

523 4038 821 4109 proximum
851 4050 920 4090 ne
945 4034 1093 4088 affari
1121 4032 1332 4102 quidem
1372 4032 1577 4101 priores
1607 4030 1890 4094 sustinent,
1920 4029 2107 4083 existi-

523 4140 728 4186 mantes
755 4144 874 4183 sese
902 4126 1219 4183 contumelia
1249 4122 1406 4190 afﬁci,
1439 4132 1493 4179 et
1519 4140 1548 4178 a
1578 4121 1832 4194 dignitate
1858 4122 2034 4191 dejici,
2063 4122 2107 4174 si

522 4240 679 4295 quem
710 4223 791 4278 vel
814 4221 971 4275 alTatu
993 4217 1219 4290 simplici
1246 4218 1590 4288 compellent.

596 4313 748 4368 Nihil
795 4312 936 4366 inani
982 4311 1145 4382 gloria
1186 4310 1382 4377 turpius
1418 4308 1462 4362 ei
1485 4349 1499 4373 ,
1526 4308 1611 4379 qui
1640 4308 1828 4361 honore
1848 4307 2111 4377 prazveniri

525 4406 653 4461 vult.
676 4434 747 4445 —
770 4404 905 4472 Quid
944 4404 1043 4459 ista
1071 4402 1338 4457 dementia
1371 4400 1537 4469 possit
1565 4415 1683 4455 esse
1712 4400 1880 4469 magis
1908 4400 2110 4454 ridicu-

525 4497 672 4553 lum?
693 4496 818 4567 quid
839 4495 939 4550 hac
953 4494 1250 4565 arrogantia
1273 4493 1512 4562 fastuque
1530 4492 1754 4549 fmdius?
1774 4493 1924 4547 Tunc
1943 4493 2108 4557 enim,

529 4598 676 4652 tunc,
705 4588 918 4659 inquam
936 4628 951 4653 ,
975 4602 1004 4641 a
1031 4586 1285 4656 dignitate
1312 4586 1550 4656 dejectns
1577 4602 1653 4651 es,
1683 4601 1716 4640 ο
1747 4587 1905 4641 homo
1934 4628 1950 4653 ,
1983 4595 2113 4641 tunc

530 4679 743 4749 injuria,
763 4687 889 4732 tunc
912 4677 1229 4732 contumelia
1247 4675 1465 4730 allectus
1484 4692 1563 4741 es,
1586 4678 1792 4747 quoties
1812 4688 2109 4748 exSpectas,

528 4783 589 4826 ut
615 4771 885 4847 proximus
911 4778 963 4823 te
989 4769 1133 4840 prior
1160 4768 1476 4838 alloquatur.
1508 4769 1642 4837 Quid
1672 4771 1815 4825 enim
1855 4786 2114 4840 arrogan-

531 4866 599 4918 tia
629 4861 904 4919 deterius?
934 4860 1061 4932 quid
1093 4861 1227 4913 fastu
1255 4870 1306 4914 et
1346 4860 1488 4914 inani
1526 4861 1690 4929 gloria
1719 4863 1885 4933 magis
1913 4863 2112 4916 ridicu-

532 4957 680 5012 lum?
704 4955 836 5011 Nam
874 4955 918 5009 si
946 4955 1092 5024 prior
1116 4954 1434 5023 alloquaris,
1459 4964 1512 5009 et
1543 4954 1681 5009 Deus
1708 4956 1819 5025 ipse
1846 4955 2111 5010 collauda-

532 5053 630 5119 bit,
656 5049 798 5122 quod
827 5059 909 5104 est
932 5049 1167 5103 omnium
1197 5048 1483 5101 maximum
1504 5089 1519 5112 ,
1553 5057 1607 5103 et
1634 5048 1875 5105 homines
1899 5051 2116 5120 insuper

530 5141 954 5213 comprobabunt
976 5180 992 5207 ,
1023 5150 1186 5210 tuque
1237 5139 1376 5195 illius
1403 5142 1770 5211 appellationis
1812 5144 2112 5199 mercedem

532 5249 695 5293 totam
722 5236 971 5306 accipies.
999 5234 1153 5303 Quod
1178 5235 1221 5289 si
1250 5235 1662 5305 exspectaveris,
1686 5244 1743 5291 ut
1771 5236 1917 5307 prior
1941 5237 2114 5293 hono-

531 5342 698 5397 ratus,
718 5337 828 5383 tum
857 5327 1085 5397 denique
1115 5327 1411 5396 proximum
1435 5326 1684 5394 honores,
1714 5329 1845 5383 nihil
1865 5330 1973 5398 jam
2006 5347 2117 5382 ma-

529 5428 619 5499 gni
649 5423 856 5480 feceris.
884 5421 1015 5476 Nam
1036 5420 1081 5475 is
1106 5421 1246 5476 unde
1271 5420 1486 5475 honoris
1509 5422 1669 5492 ccepit
1698 5422 1900 5477 initium
1931 5464 1944 5484 ,
1976 5424 2113 5477 idem

532 5516 685 5573 relati
710 5514 803 5569 abs
835 5523 885 5568 te
911 5512 1130 5567 honoris
1154 5518 1318 5565 totam
1345 5511 1643 5566 mercedem
1669 5521 1982 5581 accepturus
2011 5520 2113 5568 est.

533 5606 764 5663 Proinde
792 5620 861 5660 tte
884 5612 1281 5672 exspectemus,
1313 5612 1370 5657 ut
1396 5603 1484 5657 alii
1521 5604 1726 5673 priores
1754 5602 1906 5659 nobis
1945 5603 2115 5659 hono-

534 5716 648 5756 rem
676 5699 945 5766 det‘erant‘,
970 5696 1065 5754 sed
1084 5712 1426 5753 accurramus
1452 5696 1519 5751 ad
1544 5697 1899 5753 exhibendum
1930 5700 2115 5768 proxi-

535 5808 627 5851 mo
653 5792 910 5848 honorem
927 5829 945 5859 ,
976 5804 1293 5862 semperque
1322 5804 1350 5844 a
1378 5789 1528 5845 nobis
1555 5790 1755 5845 oriatur
1783 5791 2137 5850 salutationis

1209 329 1264 383 S.
1305 322 1583 382 JOANNIS
1621 319 2094 376 CHRYSOSTOMI
2136 320 2455 380 AllClllEP.
2495 326 3027 391 CONSTANTINOP.

3677 340 3800 397 ττι-ι

2200 440 2448 497 initium:
2506 460 2678 513 neque
2725 457 2973 517 putemus
3010 450 3111 506 hoc
3151 451 3384 508 ofﬁcium
3431 469 3551 512 esse
3594 467 3799 511 conte—

2194 535 2483 590 mnendum
2505 548 2557 591 et
2574 536 2808 609 vulgare,
2828 542 2869 595 si
2891 542 3117 597 libenter
3132 552 3187 597 ct
3208 556 3449 600 amanter
3471 547 3803 601 salutemus.

2192 625 2322 681 Nam
2363 628 2465 683 hoc
2516 633 2929 700 praetermissum
2976 635 3170 689 multas
3214 638 3475 691 amicitias
3519 637 3801 707 disrupit,

2195 718 2388 772 multas
2432 722 2638 789 peperit
2663 721 3469 793 simultates:quemadmodum
3499 742 3530 781 e
3569 727 3805 782 diverso

2194 809 2332 863 idem
2365 812 2600 865 studiose
2628 813 2946 879 exhibitum,
2972 825 3186 872 veteres
3212 826 3267 872 et
3293 816 3569 873 ditttnrnas
3609 819 3806 873 inimi-

2192 900 2343 954 citias
2369 902 2611 957 dissolvit
2635 944 2649 966 ,
2679 912 2733 957 et
2758 906 3018 959 amicitias
3043 907 3248 976 priores
3286 908 3642 963 confirmavit.
3668 907 3806 963 Noli

2192 992 2371 1061 igitur,
2403 994 2695 1057 carissime,
2735 995 2816 1049 his
2842 996 2894 1050 in
2924 996 3083 1051 rebus
3108 998 3341 1053 studium
3368 1001 3657 1070 negligere;
3693 1000 3807 1055 scd

2192 1084 2234 1136 si
2267 1083 2379 1137 fieri
2412 1092 2618 1153 potest,
2651 1085 2837 1140 obvios
2874 1087 3287 1159 qualescumque
3313 1086 3546 1157 fuerint,
3580 1102 3694 1145 tum
3744 1092 3806 1145 in

2190 1176 2510 1245 salutando,
2543 1187 2654 1231 tum
2703 1178 2755 1232 in
2782 1180 2991 1234 czeteris
3016 1181 3262 1236 omnibus
3311 1184 3520 1252 priores
3563 1183 3808 1237 delinia-

2192 1287 2328 1327 mus.
2359 1272 2509 1339 Quod
2539 1273 2585 1326 si
2620 1274 2739 1343 quis
2785 1282 2835 1327 te
2866 1274 3186 1342 prmvcnerit
3208 1315 3223 1340 ,
3257 1276 3513 1345 majorem
3555 1276 3807 1346 repende

2192 1362 2470 1417 honorem.
2498 1363 2628 1417 Nam
2661 1376 2711 1418 et
2752 1367 2851 1418 hoc
2877 1365 3152 1420 admonuit
3181 1367 3397 1433 Paulus,
3426 1368 3496 1421 ita
3524 1368 3763 1436 loquens
3789 1384 3805 1419 :

2191 1456 2292 1508 Alii
2316 1456 2443 1510 alios
2473 1457 2609 1509 vobis
2635 1454 2759 1527 ipsis
2788 1459 3071 1526 superiores
3100 1460 3379 1513 existimate
3397 1460 3413 1489 ¹
3444 1459 3706 1532 (Philipp.
3738 1460 3802 1512 2.

2192 1548 2271 1617 5).
2301 1548 2376 1601 Ita
2420 1546 2543 1602 fecit
2574 1548 2740 1602 David
2763 1591 2777 1613 ,
2804 1550 2892 1617 qui
2923 1560 2975 1603 et
3004 1550 3147 1618 prior
3178 1549 3433 1603 honorem
3476 1550 3699 1614 detulit,
3743 1560 3806 1604 ct

2192 1644 2484 1694 honoratus
2510 1641 2763 1709 majorem
2797 1641 3053 1695 honorem
3078 1642 3334 1710 reposuit,
3361 1641 3574 1696 dicens:
3596 1642 3806 1696 Servus

2193 1741 2327 1796 tuus,
2352 1730 2556 1784 domine
2581 1732 2652 1784 mi
2678 1748 2787 1785 rex.
2818 1732 2946 1786 Vide
2975 1749 3121 1799 vero,
3154 1743 3409 1803 quantum
3436 1732 3621 1787 fecerit
3649 1733 3802 1787 lucri

2194 1823 2358 1878 David
2399 1823 2512 1879 haec
2553 1824 2820 1894 loquutus.
2874 1824 2989 1879 Non
3031 1825 3141 1894 jam
3184 1825 3433 1879 sustinuit
3481 1825 3608 1881 Sat’tl
3648 1824 3805 1879 hanc

2191 1930 2376 1970 vocem
2404 1916 2591 1971 audire
2614 1917 2729 1971 sine
2752 1916 3021 1987 lacrymis,
3045 1916 3140 1971 sed
3164 1915 3605 1985 ploravitatnare,
3622 1916 3804 1970 animi

2192 2009 2473 2061 sanitatem
2503 2022 2566 2060 ac
2595 2006 2987 2077 philosophiam
3016 2048 3031 2074 ,
3064 2022 3221 2077 quam
3267 2007 3431 2060 David
3480 2008 3759 2061 inseret-at
3786 2048 3801 2070 ,

2192 2098 2439 2169 lacrytnis
2463 2098 2765 2155 declarans.

2265 2189 2318 2243 7.
2360 2188 2497 2255 Quid
2541 2204 2660 2244 esse
2703 2188 2871 2260 possit
2924 2187 3028 2243 hoc
3083 2187 3339 2258 propheta
3398 2188 3639 2253 beatius,
3697 2189 3803 2259 qui

2193 2282 2338 2339 brevi
2358 2282 2610 2353 temporis
2626 2290 2896 2337 momento
2916 2283 2994 2338 sic
3012 2283 3215 2337 hostem
3237 2297 3266 2336 a
3288 2280 3467 2337 furore
3486 2282 3551 2336 ad
3578 2281 3805 2337 sobrie-

2195 2385 2359 2431 tatem
2387 2376 2708 2447 composuit,
2732 2385 2784 2431 et
2811 2376 3045 2430 animum
3076 2386 3263 2430 nactus
3299 2376 3571 2444 sanguinis
3599 2390 3659 2428 ac
3686 2392 3807 2428 ca:-

2196 2467 2279 2523 dis
2306 2468 2573 2523 sitientem
2595 2509 2611 2535 ,
2640 2477 2860 2537 repente
2882 2467 2949 2522 ad
2980 2468 3207 2521 lamenta
3236 2476 3289 2521 et
3313 2466 3537 2535 ejulatus
3562 2481 3801 2535 compti-

2198 2561 2300 2616 lit?
2330 2561 2445 2616 Non
2469 2560 2689 2632 perinde
2720 2562 2885 2616 miror
2922 2560 3120 2616 Mosem
3145 2560 3284 2631 quod
3305 2576 3335 2616 e
3362 2576 3491 2616 saxo
3521 2573 3806 2631 praerupto

2199 2652 2370 2707 fontes
2394 2653 2574 2708 elicuit
2598 2667 2852 2723 aquarum
2872 2652 3066 2723 (Exod.
3085 2654 3169 2707 l7.
3198 2651 3273 2722 6),
3298 2663 3352 2706 ut
3373 2652 3609 2705 admiror
3633 2652 3804 2705 Davi-

2199 2747 2341 2814 dem,
2370 2746 2511 2817 quod
2539 2762 2603 2801 ex
2625 2747 2795 2802 oculis
2824 2746 3047 2817 lapideis
3072 2744 3243 2800 fontes
3260 2745 3503 2800 eduxerit
3531 2743 3809 2815 lacryzna-

2199 2855 2338 2894 rum.
2376 2837 2585 2893 Etenim
2620 2838 2709 2895 ille
2733 2838 2948 2909 quidem
2979 2839 3106 2893 vicit
3150 2848 3425 2903 naturam,
3452 2846 3505 2891 et
3548 2837 3634 2891 hic
3667 2840 3807 2891 vicit

2200 2931 2362 2987 animi
2393 2930 2724 3002 prepositum
2759 2949 2772 2986 :
2805 2931 2894 2987 ille
2920 2933 3070 3002 virga
3103 2924 3369 3002 percussit
3408 2931 3636 3001 lapidem
3663 2974 3676 2994 ,
3715 2930 3806 2984 hic

2202 3038 2448 3079 sermone
2479 3024 2681 3094 pepulit
2713 3038 2827 3089 cor,
2858 3038 2965 3078 non
2991 3032 3050 3077 ut
3076 3022 3420 3078 contristarct
3444 3064 3457 3085 ,
3487 3021 3580 3077 sed
3609 3032 3662 3075 ιιι
3697 3039 3804 3091 pu-

2203 3133 2319 3172 rum
2371 3125 2814 3187 tnansuetumque
2862 3116 3141 3181 redderet;
3185 3116 3325 3185 quod
3367 3116 3526 3170 etiam
3570 3115 3809 3185 perfecit

2204 3211 2406 3279 majore
2434 3207 2691 3263 beneficio
2716 3223 2897 3279 regem
2928 3208 3168 3264 afficiens
3194 3223 3350 3279 quam
3384 3217 3541 3262 antea
3567 3206 3801 3262 fecerat.

2206 3301 2301 3355 Est
2317 3299 2529 3371 quidem
2545 3299 2673 3354 illud
2690 3299 2847 3354 laude
2864 3314 3175 3369 summaque
3194 3298 3805 3369 admirationediguum,

2204 3394 2343 3465 quod
2369 3410 2555 3449 ensem
2597 3409 2704 3449 non
2746 3394 2964 3449 tinxerit
3006 3394 3265 3464 sanguine
3290 3436 3305 3460 ,
3332 3407 3428 3448 nec
3463 3403 3627 3463 caput
3669 3393 3808 3447 illud

2206 3482 2401 3541 hostile
2431 3488 2725 3543 resecuerit
2749 3504 2762 3541 :
2787 3486 2881 3542 sed
2910 3486 3069 3557 longe
3101 3485 3305 3555 majore
3332 3500 3531 3541 corona
3574 3486 3807 3556 dignmn

2206 3588 2339 3644 erat,
2364 3578 2506 3649 quod
2532 3578 2706 3648 ipsum
2732 3576 2931 3632 inimici
2956 3578 3288 3647 propositum
3314 3577 3632 3642 immutavit,
3657 3592 3788 3630 eum

2206 3686 2309 3742 que
2331 3671 2560 3725 reddidit
2578 3670 2878 3737 meliorem,
2900 3686 3130 3740 eumque
3144 3671 3210 3725 ad
3227 3685 3376 3724 suam
3400 3671 3513 3741 ipse
3536 3672 3809 3726 convertit

2207 3762 2610 3818 humanitatem.
2635 3761 2747 3817 Hoc
2773 3760 3087 3817 beneficium
3116 3761 3207 3815 illo
3229 3760 3563 3829 praestantius
3578 3770 3679 3815 est.
3703 3760 3811 3814 Nc-

2206 3868 2310 3923 que
2322 3854 2462 3908 enim
2485 3853 2629 3923 paria
2652 3852 3102 3918 sunt,eondonare
3117 3852 3346 3921 culpam,
3363 3862 3416 3907 et
3431 3852 3494 3908 ad
3509 3852 3665 3905 animi
3684 3854 3810 3919 pni-

2208 3946 2506 4017 losOphiam
2527 3947 2810 4011 adducere;
2835 3961 2938 4000 non
2961 3954 3084 4000 sunt
3101 3946 3264 4016 paria,
3280 3946 3506 4001 liberare
3520 3946 3585 3999 ab
3603 3946 3677 3998 ira
3692 3961 3806 3999 ca:-

2208 4038 2328 4093 dent
2344 4039 2588 4108 injustam
2602 4038 2858 4107 spirante,
2875 4037 3108 4091 eximere
3120 4052 3149 4090 a
3166 4036 3331 4103 caede,
3346 4043 3399 4090 et
3412 4037 3645 4090 eximere
3668 4051 3699 4088 a
3723 4036 3775 4088 fu
3787 4064 3806 4075 ο

2210 4145 2331 4185 rore
2362 4129 2427 4183 ad
2458 4138 2659 4183 tantum
2690 4137 3007 4198 properante
3028 4126 3197 4181 nefas.
3222 4124 3355 4180 Dum
3376 4126 3516 4180 enim
3546 4125 3809 4179 satellites

2210 4237 2338 4278 suos
2368 4222 2529 4277 David
2556 4220 2812 4285 cohibuit,
2844 4236 2909 4275 ne
2934 4220 3146 4275 Sauletn
3177 4212 3521 4284 occiderent,
3550 4219 3805 4288 prmsenti

2210 4314 2427 4386 quidem
2454 4315 2577 4368 vita:
2606 4313 2799 4383 profuit
2824 4330 2837 4366 :
2860 4321 2914 4365 at
2939 4328 3058 4366 cum
3089 4311 3305 4365 mitibus
3340 4309 3518 4365 verbis
3546 4308 3807 4363 malitiam

2212 4425 2276 4464 ex
2294 4410 2470 4463 animo
2486 4406 2723 4476 depellit,
2742 4406 2970 4461 futuram
2990 4406 3063 4459 illi
3089 4409 3245 4458 vitam
3264 4414 3567 4472 aeternaque
3585 4400 3808 4471 largitus

2213 4512 2298 4558 est
2322 4502 2483 4568 bona,
2514 4510 2771 4571 quantunt
2800 4498 3015 4569 quidem
3046 4506 3164 4552 erat
3198 4497 3251 4551 in
3291 4497 3426 4566 ipso.
3456 4493 3677 4560 Quoties
3710 4492 3808 4561 igi-

2215 4608 2300 4654 tur
2329 4597 2585 4653 Davidem
2612 4594 2796 4649 laudas
2822 4593 2892 4646 ob
2921 4592 3083 4660 ipsius
3108 4589 3569 4645 mansuetudinem
3587 4626 3602 4651 ,
3635 4587 3807 4655 magis

2215 4691 2361 4746 illum
2390 4688 2565 4751 lauda,
2584 4686 2726 4757 quod
2750 4684 2963 4740 Saulem
2992 4682 3302 4737 immutarit.
3334 4679 3603 4749 Siquidem
3640 4678 3806 4731 multo

2216 4787 2391 4839 minus
2435 4793 2517 4837 est
2561 4780 2792 4851 propriis
2841 4789 3138 4847 temperare
3180 4772 3595 4844 cupiditatibus,
3643 4784 3803 4840 quam

2215 4879 2443 4934 alienum
2476 4880 2687 4930 vincere
2717 4873 2950 4929 furorem
2979 4913 2992 4935 ,
3024 4886 3180 4940 quatn
3220 4885 3313 4924 cor
3341 4869 3418 4923 ira
3445 4868 3807 4921 intumescens

2216 4982 2559 5041 compescere
2587 5009 2601 5031 ,
2633 4980 2768 5036 eque
2818 4973 2959 5018 tanta
3008 4969 3321 5030 tempestate
3377 4966 3576 5013 tantam
3631 4958 3807 5010 facere

2219 5060 2652 5131 tranquillitatem
2683 5056 2889 5127 ,‘quam
2942 5053 3126 5109 oculos
3182 5048 3524 5106 homiCidium
3578 5063 3693 5118 pra:
3750 5062 3800 5101 sc

2218 5154 2451 5210 ferentes
2479 5151 2665 5207 calidis
2691 5148 2915 5221 implere
2942 5146 3213 5217 lacrymis.
3240 5147 3414 5213 Atque
3440 5142 3543 5196 hoc
3567 5149 3652 5195 est
3690 5150 3804 5193 stu—

2220 5247 2364 5317 poris
2387 5259 2449 5298 ac
2477 5241 2719 5297 miraculi
2749 5240 2986 5310 plenum.
3016 5237 3227 5293 Etenim
3266 5235 3311 5289 si
3336 5233 3463 5290 Saftl
3493 5232 3678 5287 luisset
3713 5231 3802 5285 ho-

2220 5350 2308 5390 mo
2352 5332 2657 5389 moderatus
2684 5341 2739 5387 et
2786 5345 2970 5400 aequus
2993 5371 3007 5395 ,
3032 5344 3139 5382 non
3168 5326 3455 5381 admodum
3493 5326 3669 5393 magni
3695 5333 3805 5377 erat

2221 5426 2415 5496 negotii
2443 5424 2510 5478 ad
2540 5424 2748 5478 solitam
2781 5438 2903 5476 eum
2935 5435 3184 5475 revocare
3217 5418 3468 5472 virtutem
3494 5432 3508 5470 :
3530 5425 3586 5469 at
3608 5414 3802 5469 elTera-

2220 5529 2328 5572 tum
2360 5524 2414 5571 et
2442 5515 2508 5569 ad
2537 5526 2827 5571 extremam
2857 5521 3163 5581 provectum
3190 5508 3468 5571 malitiam,
3495 5506 3710 5576 jamque
3739 5502 3801 5555 ad

2220 5610 2419 5665 caedem
2450 5617 2825 5678 properantem
2850 5604 2997 5661 brevi
3029 5602 3284 5672 temporis
3312 5606 3584 5655 momento
3610 5599 3687 5652 sic
3721 5595 3779 5650 af
3782 5624 3800 5634 -

2258 5744 2299 5813 _t
2336 5741 2578 5813 Unusch
2600 5739 2742 5791 modo
2763 5738 2920 5804 legit:
2950 5737 3125 5791 Diceris
3152 5749 3171 5788 :
3194 5736 3291 5789 Αιὶὶ
3323 5734 3443 5788 alios
3468 5710 3647 5787 honore
3670 5746 3799 5796 supe-

2221 5812 2373 5857 mres
2394 5812 2683 5854 existimate.
