4038 6360
204 382 316 437 703

205 496 531 550 ἀκούσεται·
585 497 721 568 ὅπερ
765 497 858 553 οὖν
910 501 1005 553 καὶ
1054 503 1083 553 6
1128 500 1301 554 Σαοὺλ
1355 497 1506 564 οὗτος
1560 499 1778 552 ἔπαθεν.

219 581 440 651 Ἐπειδὴ
466 580 575 652 γάρ
606 582 668 633 τὸ
695 583 853 651 νέφος
887 582 1148 655 διερῥάγη
1185 585 1282 655 τῆς
1319 584 1536 654 ἔχθρας,
1574 584 1786 649 ἐπέγνω

204 663 303 716 τοῦ
328 663 490 717 Δαυῒδ
509 668 610 735 τὴν
640 667 842 737 φωνὴν,
866 667 960 718 καί
990 683 1174 738 φησιν’
1205 669 1266 721 Ἠ
1280 668 1447 735 φωνή
1473 681 1589 720 σου
1611 666 1783 732 αὕτη,

204 747 426 799 τέκνον
455 747 669 813 Δαυτδ;
695 750 829 802 Ποία
861 749 1024 817 Αὕτη
1042 768 1060 814 ;
1093 748 1157 802 Ἡ
1193 749 1283 802 τὸν
1306 749 1495 803 Γολιάο
1529 765 1785 815 κατενεγ-

206 829 401 892 κοῦσα,
434 829 526 883 καὶ
557 832 659 902 τὴν
680 831 835 884 πόλιν
861 832 1215 903 ἐξαρπάσασα
1245 832 1352 884 τῶν
1387 832 1662 889 κινδύνων.
1692 833 1787 883 καὶ

208 912 340 981 περὶ
368 911 612 975 δουλείας
647 915 741 966 καὶ
770 915 898 984 περὶ
930 914 1159 968 θανάτου
1192 915 1593 977 κινδυνεύοντας
1614 915 1786 967 ἄπαν-

204 1012 307 1057 τας
340 997 433 1048 ml
472 996 609 1065 πρὸς
634 996 931 1065 ἀσφάλειαν
961 998 1053 1049 καὶ
1082 997 1215 1067 πρὸς
1241 996 1546 1069 ἐλευθερίαν
1580 998 1783 1051 ἐπανάο

206 1095 383 1146 γουσα
419 1079 601 1143 πάλιν,
642 1082 674 1150 ἡ
710 1081 808 1151 τὴν
841 1082 1048 1133 ἐκείνου
1083 1081 1519 1134 καταστέλλουσα
1562 1080 1781 1149 μανίαν,

205 1160 382 1213 πολλὰ
406 1163 498 1214 ml
530 1162 739 1231 μεγάλα
764 1164 925 1216 αὐτὸν
950 1164 1297 1233 ἐργασαμένη
1325 1163 1485 1217 καλά.
1504 1162 1651 1234 Α’ύτη
1675 1164 1783 1234 γὰρ

204 1245 240 1312 ή
275 1245 427 1314 φωνὴ
456 1245 545 1298 τὸν
583 1244 855 1316 βάρϐαρον
901 1249 1107 1299 ἐκεῖνον
1163 1248 1467 1317 κατήνεγκε
1491 1262 1507 1277 °
1542 1247 1647 1317 πρὸ
1675 1247 1784 1319 γάρ

203 1326 299 1379 τοῦ
326 1327 497 1390 λίθου,
530 1329 563 1398 ἡ
588 1328 685 1397 τῆς
707 1330 869 1399 εὐχῆς
897 1329 1122 1398 δύναμις
1150 1330 1310 1382 αὐτὸν
1337 1328 1684 1401 ἐχειρώσατο.
1708 1331 1782 1383 Οὐ

206 1410 318 1480 γὰρ
350 1410 535 1474 ἁπλῶς
568 1411 658 1464 τὸν
683 1411 827 1464 λίθον
858 1412 1100 1483 έρῥιψεν,
1128 1413 1265 1466 ἀλλὰ
1294 1414 1555 1483 πρότερον
1591 1412 1781 1477 εἰπὼν,

205 1493 293 1545 Σὺ
321 1493 468 1561 ἔρχῃ
491 1496 640 1561 πρός
661 1510 738 1561 με
764 1494 835 1546 ἐν
866 1495 988 1560 τοῖς
1011 1495 1164 1560 θεοῖς
1187 1510 1303 1548 σου
1322 1512 1335 1525 ο
1367 1495 1482 1564 ἐγὼ
1514 1495 1581 1549 δὲ
1617 1496 1785 1565 ἔρχο-

198 1593 307 1644 μαι
335 1577 483 1643 πρὸς
517 1577 591 1630 σὲ
618 1577 687 1629 ἐνν
712 1578 955 1645 ὀνόματι
982 1577 1204 1644 Κυρίου
1232 1580 1493 1644 Σαϐαὼθ,
1528 1578 1600 1632 ὃν·
1627 1580 1786 1633 ὠνεί-

205 1658 385 1724 δισας
412 1658 699 1728 σήμερον,
734 1658 907 1723 οὕτως
952 1660 1153 1729 ἀφῆκε.
1189 1662 1298 1714 Καὶ
1332 1662 1466 1731 αὕτη
1512 1661 1601 1714 τὸν
1638 1662 1783 1716 λίθον

205 1741 650 1812 ἐχειραγὼγησεν
674 1745 707 1813 ή
752 1743 930 1813 φωνὴ,
960 1742 1099 1813 αὕτη
1135 1742 1233 1812 τὴν
1275 1744 1513 1812 ἀγωνίαν
1565 1744 1783 1798 ἐνέϐαλε

201 1823 282 1893 τῷ
314 1824 597 1896 βαρϐάρῳ,
634 1824 774 1896 αῦτη
803 1827 865 1879 τὸ
894 1826 1095 1897 θράσος
1128 1826 1350 1895 ἐξέκοψε
1369 1828 1463 1880 τοῦ
1501 1829 1778 1899 πολεμίου.

203 1906 320 1959 Καὶ
351 1908 405 1959 τί
454 1907 753 1977 θαυμάζεις
780 1947 795 1972 ,
836 1908 884 1961 εί
924 1908 1095 1978 θυμὸν
1137 1910 1487 1965 καταστέλλει
1524 1913 1674 1984 φωνὴ
1704 1914 1783 1967 διο

201 1989 385 2051 καίου,
419 1992 512 2044 καὶ
540 1992 832 2062 πολεμίους
857 1992 1132 2063 καθαιρεῖ,
1161 1993 1293 2046 ὅπου
1326 2012 1389 2063 γε
1414 1996 1506 2048 καὶ
1526 1996 1783 2067 δαίμονας

201 2072 526 2139 ἀπελαύνει;
561 2074 916 2143 Ἐφθέγγοντο
936 2074 1066 2144 γοῦν
1089 2075 1249 2146 μόνον
1273 2078 1322 2129 οἱ
1350 2078 1657 2143 ἀπόστολοι,
1689 2082 1783 2134 καὶ

201 2156 377 2208 πᾶσαι
398 2155 755 2227 ἐδραπέτευον
772 2159 827 2211 αἱ
850 2157 1221 2228 ἀντικείμεναι
1240 2159 1513 2231 δυνάμεις.
1544 2162 1606 2215 Ἡ
1630 2163 1782 2234 φωνὴ

198 2238 312 2289 τῶν
336 2238 505 2307 ἁγίων
536 2242 629 2292 καὶ
652 2240 722 2292 τὰ
752 2243 991 2311 στοιχεῖα
1030 2240 1290 2305 πολλάκις
1314 2243 1530 2314 ἔστησε,
1556 2245 1650 2298 καὶ
1684 2245 1783 2309 τὰς

199 2321 481 2391 ἐνεργείας
506 2322 685 2375 αὐτῶν
728 2323 1043 2392 μετέϐαλεν.
1071 2320 1209 2377 Εἷπε
1234 2325 1362 2392 γοῦν
1388 2328 1416 2378 6
1456 2327 1661 2397 Ἰησοῦς
1687 2329 1779 2382 τοῦ

198 2403 361 2474 Ναυῆ
398 2405 578 2473 μόνον,
618 2403 821 2471 Στήτω
866 2406 897 2457 ὁ
950 2406 1125 2473 ἥλιος
1153 2407 1253 2460 καὶ
1283 2409 1319 2476 ἡ
1363 2410 1601 2479 σελήνη
1624 2451 1638 2475 ,
1687 2412 1782 2465 καὶ

199 2486 365 2557 ἔστη·
402 2488 544 2541 οὕτω
583 2490 678 2542 καὶ
727 2490 756 2542 6
799 2490 1039 2560 Μωῦσῆς
1069 2489 1337 2545 θάλατταν
1387 2493 1616 2563 ἐπέδησε
1638 2536 1654 2560 ,
1689 2498 1781 2547 ml

197 2572 403 2641 ἀνῆκεν
426 2590 439 2603 ⁸
471 2572 644 2637 οὕτως
670 2575 720 2626 οἱ
749 2574 936 2637 παῖδες
966 2576 1014 2627 οἱ
1046 2577 1197 2645 τρεῖς
1225 2576 1325 2646 τὴν
1366 2576 1645 2646 ἐνέργειαν
1685 2580 1778 2633 τοῦ

198 2656 373 2726 πυρὸς
402 2656 630 2711 ἔσϐεσαν
664 2658 750 2711 διὰ
800 2658 908 2712 τῶν
938 2657 1124 2728 ὓμνων
1161 2659 1386 2713 ἐκείνων
1431 2662 1524 2713 καὶ
1555 2663 1642 2716 διὰ
1679 2664 1779 2733 τῆς

196 2741 402 2810 φωνῆς.
436 2742 533 2794 Διά
570 2742 727 2793 τοῦτο
758 2742 851 2794 καὶ
887 2742 1022 2811 πρὸς
1043 2742 1211 2813 αὐτὴν
1232 2742 1330 2813 τὴν
1358 2745 1540 2815 φωνὴν
1563 2746 1778 2816 διαθερ-

200 2824 426 2894 μανθεὶς
453 2827 480 2878 6
506 2825 678 2878 Σαοὺλ
708 2826 912 2892 ἔλεγεν
951 2827 1010 2880 Ἠ
1030 2826 1201 2894 φωνή
1226 2842 1344 2881 σου
1366 2828 1540 2897 αὕτη,
1567 2830 1780 2885 τέκνον

196 2907 417 2971 Aavw;
458 2908 522 2960 Τί
562 2908 691 2977 γοῦν
719 2912 748 2961 6
784 2909 981 2973 Δαυῖδ;
1014 2911 1238 2977 Δοῦλος
1276 2925 1413 2978 σου,
1460 2914 1625 2981 κύριέ
1658 2934 1779 2985 μου

191 2990 477 3053 βασιλεῦ.
518 2991 753 3061 ’Ἅμιλλα
785 2992 967 3045 λοιπὸν
985 2995 1077 3045 καὶ
1112 2994 1413 3061 φιλονεικία
1444 2995 1671 3063 γίνεται,
1695 2998 1779 3061 τίς

195 3072 287 3125 τὸν
326 3073 551 3142 πλησίον
598 3075 858 3143 μειζόνως
903 3078 1144 3147 τιμήσει.
1189 3078 1425 3141 Ἐκεῖνος
1475 3080 1554 3142 είς
1590 3082 1779 3151 συγγέ-

195 3173 348 3209 νειαν
376 3158 601 3225 ἤγαγεν,
633 3152 785 3221 οὗτος
816 3158 1079 3229 δεσπότην
1099 3160 1261 3214 αὐτὸν
1286 3160 1586 3232 ὠνόμασεν.
1627 3165 1691 3217 ⁸⁸0
1722 3165 1778 3218 δέ

194 3239 364 3305 λέγει,
386 3240 625 3294 τοιοῦτόν
648 3242 814 3295 ἐστιν·
842 3243 942 3296 ’Ἑν
966 3241 1112 3313 ζητῶ
1136 3243 1315 3314 μόνον,
1334 3246 1484 3315 φησὶ,
1507 3248 1776 3318 σωτηρίαν

193 3324 297 3393 τὴν
334 3323 453 3393 σὴν,
498 3325 590 3376 ml
647 3324 744 3395 τὴν
777 3326 1017 3379 ἐπίδοσιν
1059 3327 1157 3397 τῆς
1197 3328 1420 3399 ἀρετῆς.
1470 3329 1671 3383 Τέκνον
1710 3350 1777 3402 με

196 3405 484 3471 ἐκάλεσας,
519 3404 631 3477 ἐγὼ
650 3408 708 3461 δὲ
734 3409 933 3477 ἀγαπῶ
962 3411 1057 3462 ml
1085 3411 1315 3481 στέργω,
1358 3410 1504 3485 [778]
1537 3414 1630 3467 ἐὰν
1658 3415 1777 3468 δοῦ-

196 3489 290 3542 λόν
325 3507 392 3559 με
438 3490 587 3562 ἔχῃς,
621 3492 780 3560 μόνον
817 3491 953 3562 μετὰ
978 3491 1073 3545 τοῦ
1116 3493 1413 3548 ἀποθέσθαι
1448 3495 1547 3566 τὴν
1586 3497 1773 3568 ὀργὴν,

198 3573 359 3642 μόνον
384 3576 521 3644 μετὰ
541 3574 636 3627 τοῦ
669 3575 832 3645 μηδὲν
862 3576 1187 3629 ὑποπτεύειν
1207 3576 1334 3647 περὶ
1356 3578 1490 3648 ἐμοῦ
1517 3582 1772 3650 πονηρὸν,

193 3658 293 3708 καί⁵
325 3657 399 3727 μὴ
444 3656 688 3727 νομίζειν
729 3658 1011 3712 ἐπίϐουλον
1042 3654 1181 3713 εἶναι
1218 3660 1313 3712 καὶ
1355 3659 1631 3731 πολέμιον.
1672 3661 1775 3716 Τὸν

193 3738 306 3808 γὰρ
359 3740 712 3793 ἀποστολικὸν
755 3743 960 3795 ἐκεῖνον
1015 3741 1253 3813 ἐπλήρου
1310 3744 1506 3812 νόμον,
1550 3744 1640 3797 τὸν
1679 3762 1772 3799 κε-

191 3821 419 3875 λεύοντα
443 3825 509 3893 τῇ
540 3826 675 3894 τιμῇ
709 3824 970 3896 ἀλλήλους
1002 3827 1382 3897 προηγεῖσθαι,
1413 3827 1773 3899 ὑπερέχοντας

194 3905 404 3958 ἑαυτῶν
427 3923 440 3936 ·
469 3907 530 3958 ού
555 3907 805 3979 καθάπερ
829 3908 1033 3972 πολλοὶ,
1061 3908 1417 3979 βοσκημάτων
1444 3909 1772 3982 διακείμενοι

193 3990 398 4057 χεῖρον,
429 3989 549 4042 οὐδὲ
590 3994 907 4061 προσειπεῖν
937 3992 1027 4045 τὸν
1061 3992 1288 4063 πλησίον
1323 3993 1603 4064 ἀνέχονται
1647 3997 1772 4068 πρό-

192 4088 382 4140 τεροι,
427 4072 740 4143 νομίζοντες
789 4073 1103 4143 ὑϐρίζεσθαι
1152 4075 1247 4129 καὶ
1286 4075 1670 4144 ἐλαττοῦσθαι,
1721 4080 1771 4132 εἰ

191 4153 357 4223 ψιλῆς
382 4172 484 4207 τινι
512 4155 789 4225 μεταδοῖεν
820 4160 1195 4228 προσρήσεως.

267 4237 333 4288 Τί
356 4236 558 4308 ταύτης
578 4238 677 4307 τῆς
700 4240 885 4303 ἀνοίας
904 4240 1102 4309 γένοιτ’
1125 4241 1190 4295 ἂν
1213 4243 1641 4310 καταγελαστότε
1651 4263 1769 4317 ρον;

192 4319 247 4372 τί
274 4319 368 4372 τοῦ
393 4320 565 4390 τύφου
600 4321 788 4375 τούτου
833 4326 928 4377 καὶ
959 4325 1056 4395 τῆς
1099 4325 1356 4390 ἀπονοίας
1386 4330 1767 4401 αἰσχρότερον;

192 4403 331 4455 Τότε
359 4403 488 4475 γὰρ,
517 4405 637 4458 τότε
653 4405 1023 4477 ὴλαττόνηκας
1046 4420 1095 4471 ﬁ,
1118 4402 1164 4461 ὦ
1185 4408 1457 4480 ἄνθρωπε,
1478 4414 1599 4465 τότε
1619 4414 1771 4484 ὑϐρί-

196 4486 352 4554 σθης,
385 4488 507 4540 τότε
533 4488 861 4559 ὴτιμάσθης,
896 4491 1023 4543 ὅταν
1059 4487 1359 4565 ἀναμείνῃς
1416 4494 1507 4546 τὸν
1544 4495 1769 4565 πλησίον

194 4569 462 4640 πρότερόν
493 4586 552 4623 σε
584 4575 920 4642 προσειπεῖν.
963 4573 1027 4627 Τί
1051 4576 1160 4643 γὰρ
1183 4576 1437 4640 ἀπονοίας
1470 4580 1680 4648 χεῖρον;
1716 4580 1769 4632 τί

192 4653 250 4706 δέ
279 4652 451 4723 τύφου
477 4654 569 4708 καὶ
600 4656 900 4721 κενοδοξίας
935 4659 1494 4732 καταγελαστότερον;
1536 4662 1633 4716 Ἂν
1668 4664 1768 4734 μὲν

193 4737 303 4807 γὰρ
333 4738 593 4809 πρότερος
627 4739 948 4814 προσείπῃς,
975 4741 1071 4795 καὶ
1095 4745 1124 4797 6
1164 4743 1295 4807 Θεὸς
1344 4745 1706 4813 ἐπαινέσεται,
1739 4748 1768 4801 ὃ

192 4821 412 4875 πάντων
439 4822 641 4893 μεῖζον,
666 4825 762 4877 ml
787 4823 882 4877 ἄνθ
891 4842 1060 4895 ρωποι
1082 4826 1139 4879 δέ
1157 4826 1530 4892 ἀποδέξονται,
1548 4830 1642 4881 ml
1668 4831 1768 4901 τῆς

192 4902 406 4986 ἐκείνου
464 4906 821 4976 προσρήσεως
855 4909 919 4961 σὺ
965 4909 1059 4961 τὸν
1094 4911 1285 4979 μισθὸν
1328 4912 1544 4967 ἅπαντα
1586 4912 1762 4986 λήψῃ·

191 4985 259 5039 ἂν
297 4984 341 5037 δ’
389 4988 687 5062 ἀναμείνῃς
720 4988 987 5061 πρότερον
1040 4993 1291 5062 τιμηθεὶς
1340 4995 1483 5049 οὕτω
1514 4984 1764 5066 τιμῆσαι,

191 5069 346 5122 ἀὺδέν
372 5070 519 5140 μέγα
545 5073 786 5143 είργάσω
825 5073 1031 5128 λοιπόν.
1071 5076 1128 5128 '0
1167 5075 1276 5144 γὰρ
1303 5077 1403 5147 τῆς
1434 5081 1513 5143 εἰς
1544 5080 1603 5133 σὲ
1636 5098 1767 5133 κατ-

139 5209 143 5212 ,
188 5150 362 5221 άρξας
411 5154 596 5223 τιμῆς,
645 5156 807 5220 αὐτὸς
844 5158 939 5210 καὶ
991 5157 1092 5227 τῆς
1141 5158 1293 5229 παρὰ
1331 5160 1425 5213 σοῦ
1468 5162 1767 5233 γενομένης

188 5236 272 5297 είς
307 5235 467 5289 αὐτὸν
496 5238 789 5307 θεραπείας
817 5240 909 5293 τὸν
941 5241 1130 5312 μισθὸν
1163 5242 1376 5297 ἅπαντα
1396 5245 1646 5317 λήψεται.

187 5319 555 5403 ἀναμένωμεν
571 5322 749 5376 τοίνυν
786 5325 1048 5395 τιμᾶσθαι
1078 5326 1207 5397 παρ’
1228 5328 1428 5399 ἐτέρων
1470 5333 1727 5403 πρότεροι
1748 5348 1761 5362 °

185 5401 305 5454 ἀλλ’
333 5404 707 5473 ἐπιτρέχωμεν
732 5408 851 5470 ταῖς
898 5410 978 5471 είς
1027 5409 1119 5462 τὸν
1161 5410 1384 5481 πλησίον
1428 5401 1766 5485 τιμαῖς,ίκαὶ

187 5485 297 5569 τῆς
319 5488 674 5569 προσρήσεως
693 5488 780 5542 ἀεὶ
809 5492 1189 5562 κατάρχωμεν,
1221 5494 1317 5547 καὶ
1345 5494 1419 5565 μὴ
1456 5497 1765 5569 νομίζωμεν

189 5567 344 5636 ψιλὸν
368 5565 508 5623 εἶναι
528 5572 622 5624 καὶ
651 5572 863 5637 εὐτελὲς
887 5574 947 5627 τὸ
974 5576 1306 5649 κατόρθωμα
1331 5579 1509 5650 τοῦτο,
1522 5565 1592 5635 τὸ
1610 5565 1765 5651 γενέέ-

250 5800 276 5830 ⁸
304 5801 427 5865 Heg.
453 5817 580 5853 unus
602 5806 892 5865 ἡλάττωσαι.

506 5908 782 5971 Ρλτιιοι.
819 5914 936 5976 Gn.
978 5910 1108 5975 LIV

1201 381 1287 437 DE
1332 381 1597 436 DAVIDE
1640 381 1723 433 ΕΤ
1768 382 2001 434 SAULE
2042 382 2324 438 IIOMILIA
2362 384 2449 439 111.

3355 390 3461 445 704

1892 498 2015 552 σθαι
2048 502 2456 573 εὐπροσήγορον
2486 504 2579 556 καὶ
2601 502 3079 575 φιλοπροσήγορον.
3104 505 3308 570 Πολλὰς
3332 508 3462 576 γοῦν

1888 583 2068 649 φιλίας
2089 584 2363 654 ἐλλειφθὲν
2380 587 2536 640 τοῦτο
2564 588 2797 655 διέκοψε,
2823 589 3019 651 πολλὰς
3041 589 3237 660 ἔχθρας
3270 594 3431 661 είργά

1890 679 2016 717 σατο
2035 681 2047 694 ·
2083 669 2365 740 ὡσπεροῦν
2394 671 2529 740 μετὰ
2557 672 2791 740 σπουδῆς
2819 672 3189 743 πληρούμενον
3216 678 3459 744 χρονίους

1888 747 2156 818 πολέμους
2180 752 2461 816 κατέλυσε,
2492 756 2585 808 ml
2604 755 2701 817 τὰς
2732 754 2896 818 οὔσας
2934 757 3114 824 φιλίας
3135 758 3458 828 ἀπέσφιγξε.

1886 830 1978 900 Μὴ
2012 832 2187 885 τοίνυν
2224 836 2451 907 ἀμελῇς,
2493 836 2764 906 ἀγαπητὲ,
2802 838 2901 907 τῆς
2935 840 3062 910 περὶ
3095 840 3265 895 ταῦτα
3296 860 3462 896 σπου-

1884 910 1979 981 δῆς
1997 929 2009 943 ’
2039 914 2154 968 ἀλλ’
2179 919 2226 968 εί
2250 918 2349 986 μὲν
2370 914 2480 971 οἷόν
2507 936 2585 983 τε,
2618 921 2743 984 τοὺς
2773 923 3142 989 ἀπαντῶντας,
3170 920 3271 977 οἷοί
3317 944 3461 991 τινες

1884 992 1951 1046 ἂν
1973 988 2096 1062 ὦσι,
2130 1000 2222 1051 ml
2269 1003 2326 1052 ἐν
2360 1004 2480 1066 ταῖς
2509 1006 2864 1075 προσρήσεσι,
2900 1008 2994 1059 καὶ
3034 1010 3090 1060 ἐν
3129 1011 3241 1072 τοῖς
3279 988 3460 1075 ἄλλοις

1887 1076 2057 1168 ᾶπαμσι
2079 1082 2332 1153 πρότεροι
2356 1084 2870 1156 θεραπεύωμεν.“Ᾱν
2890 1092 2945 1143 δέ
2971 1109 3029 1144 σε
3060 1092 3241 1163 ἕτερος
3256 1094 3457 1168 φθάσῃ,

1889 1160 2109 1247 μείζονα
2132 1165 2393 1230 ἐπίδειξαι
2416 1169 2511 1239 τὴν
2537 1170 2699 1241 τιμὴν
2722 1172 2901 1226 πάλιν.
2919 1175 3029 1227 Καὶ
3051 1160 3163 1247 γὰρ
3184 1160 3278 1231 καί
3304 1160 3461 1232 τοῦτ-ο

1887 1244 2194 1327 παρῄνεκεν
2249 1251 2278 1301 6
2335 1251 2582 1318 Παῦλος,
2634 1254 2807 1319 οὕτως
2864 1257 3067 1311 εἰπών·
3131 1244 3460 1327 Ἆλλήλους

1884 1325 2126 1396 ἡγεῖσθε
2179 1333 2585 1402 ὑπερέχοντας
2627 1336 2860 1391 ἑαυτῶν
2894 1340 2945 1395 ι).
2993 1341 3180 1406 Οὕτως
3230 1345 3258 1396 6
3297 1325 3462 1399 Δαυῒδ

1886 1411 2127 1497 ἐποίησε,
2160 1416 2253 1468 καὶ
2294 1418 2556 1491 πρότερος
2585 1422 2834 1492 ἐτίμησε,
2884 1426 2976 1478 ml
3004 1430 3256 1497 τιμηθεὶς
3298 1431 3461 1485 πάλιν

1888 1495 2145 1583 μειζόνως
2178 1501 2569 1583 ἀντετίμησεν,
2612 1505 2816 1560 εἰπών·
2861 1509 3089 1576 Δοῦλος
3128 1495 3263 1576 σου,
3296 1516 3463 1583 κύριέ

1877 1594 1996 1669 μου
2012 1579 2304 1669 ,ϐασιλεῇ
2316 1584 2424 1669 Καὶ
2445 1585 2547 1669 ὅρα
2565 1588 2688 1641 ὅσον
2707 1591 3000 1659 εἰργάσατο
3016 1595 3224 1666 κέρδος.
3244 1579 3463 1669 Ἐπειδὴ

1883 1658 1991 1749 γὰρ
2020 1656 2136 1749 εἷπε
2162 1663 2306 1749 τοῦθ’
2329 1668 2358 1718 6
2392 1668 2572 1732 Δαυῒδ,
2610 1671 2709 1724 οὐκ
2740 1656 2967 1742 ήνεγκεν
2995 1656 3257 1749 ἀδακρυτὶ
3278 1656 3463 1735 λοιπὸν

1882 1742 2084 1830 ταύτην
2110 1747 2339 1802 ἀκοῦσαι
2360 1749 2458 1821 τὴν
2478 1754 2660 1825 φωνὴν
2681 1756 2710 1807 6
2732 1757 2929 1811 Σαούλ’
2971 1760 3087 1812 ἀλλ’
3109 1742 3343 1830 ῶλόλυξε
3373 1783 3464 1821 πι-

1883 1828 2033 1917 κρὸν,
2073 1831 2185 1917 τήν
2207 1833 2416 1917 ὑγίειαν
2452 1836 2552 1907 τὴν
2587 1838 2645 1891 ἐν
2676 1842 2743 1911 τῇ
2783 1841 2951 1912 ψυχῇ,
2985 1845 3081 1898 καὶ
3117 1847 3217 1917 τὴν
3247 1828 3464 1916 φίλοσο-

1885 1910 2139 2002 φίαν,-ήν
2230 1915 2394 2002 Δαᾼυῖδ
2437 1919 2686 1990 ἐνέθηκε,
2720 1910 2819 1977 διὰ
2846 1910 2953 1979 τῶν
2983 1910 3232 2001 δακρύων
3260 1910 3460 2002 δηλῶν.

1954 1993 2007 2047 ι’.
2034 1995 2098 2047 Τί
2120 1997 2314 2065 γένοιτ’
2338 1998 2405 2053 ἂν
2425 2003 2520 2057 τοῦ
2546 2006 2829 2076 Προφήτου
2856 1993 3290 2084 μακαριώτερον,
3308 1993 3367 2078 ϐς
3405 2017 3463 2069 ἐν

1886 2082 2116 2158 βραχείᾳ
2143 2090 2335 2162 καιροῦ
2364 2095 2506 2165 ῥοπῇ
2531 2094 2672 2149 οὕτω
2694 2097 2784 2151 τὸν
2805 2099 2999 2171 ἐχθρὸν
3030 2082 3458 2177 μετερῥύθμισε,

1884 2177 1975 2229 ml
2002 2176 2179 2250 ψυχὴν
2207 2181 2439 2252 αἵματος
2468 2186 2563 2238 καὶ
2614 2190 2829 2259 σφαγῆς
2875 2189 3116 2260 διψῶσαν
3157 2176 3337 2250 λαϐὼν
3381 2202 3463 2263 εἰς

1883 2266 2115 2339 θρήνους
2152 2272 2408 2327 ἐνέϐαλεν
2436 2275 2631 2346 ἀθρόον
2654 2278 2745 2332 καὶ
2776 2279 3145 2354 όλολυγμούς;
3176 2288 3285 2358 Ούχ
3318 2288 3461 2343 οὕτω

1881 2358 2145 2430 θαυμάζω
2166 2362 2257 2416 τὸν
2279 2365 2505 2431 Μωσέα,
2532 2369 2613 2421 ὅτι
2643 2370 2753 2424 ἀπὸ
2782 2373 2989 2444 πέτρας
3010 2376 3318 2449 ἀκροτὸμου
3350 2400 3459 2454 πη-

1881 2452 1985 2519 γάς
2023 2453 2293 2525 ἐξήγαγεν
2312 2457 2544 2524 ὑδάτων,
2569 2458 2644 2523 ὡς
2672 2461 2939 2535 θαυμάζω
2960 2467 3052 2521 τὸν
3077 2470 3257 2537 Δαυῒδ,
3294 2474 3375 2527 ὅτι
3400 2452 3461 2541 ἐξ

1880 2544 2174 2617 ὀφθαλμῶν
2197 2547 2412 2602 λιθίνων
2442 2552 2625 2621 πηγάς
2657 2554 2894 2625 ἐξήγαγε
2928 2557 3199 2630 δακρύων.
3219 2562 3461 2629 Ἐκεῖνος

1884 2637 1982 2706 μὲν
2018 2636 2127 2708 γὰρ
2170 2639 2268 2709 τὴν
2304 2640 2465 2710 φύσιν
2510 2644 2778 2715 ἐνίκησεν,
2812 2643 2965 2713 οὗτος
2986 2652 3044 2704 δέ
3072 2653 3170 2724 τῆς
3198 2659 3459 2728 προαιρέ-

1883 2742 2019 2790 σεως
2044 2729 2420 2799 περιεγένετο·
2448 2730 2595 2805 [779]
2629 2737 2835 2801 ἐκεῖνος
2885 2740 3121 2806 ἐπάταξε
3169 2747 3233 2816 τῇ
3276 2746 3458 2818 ῥάϐδῳ

1878 2818 1971 2870 τὸν
1999 2819 2165 2884 λίθον,
2200 2814 2354 2885 οὗτος
2409 2823 2636 2895 ἔκρουσε
2665 2827 2742 2897 τῷ
2776 2829 2918 2900 λόγῳ
2957 2831 3056 2903 τὴν
3083 2814 3334 2906 καρδίαν,
3359 2814 3457 2909 οὐχ

1879 2908 1968 2960 ἵνα
1998 2909 2234 2982 λυπήσῃ,
2268 2912 2383 2965 ἀλλ’
2414 2914 2500 2967 ἵνα
2531 2917 2776 2989 καθαρὰν
2809 2921 3108 2992 ἐργάσηται
3152 2926 3246 2978 καὶ
3284 2908 3455 2997 προσέ

1879 3001 2011 3072 ηνῆ’
2041 3003 2175 3074 ὅπερ
2226 3001 2318 3058 οὖν
2370 3008 2462 3060 καὶ
2492 3009 2732 3081 ἐποίησε,
2783 3013 3005 3082 μείζονα
3044 3015 3145 3085 τῆς
3184 3020 3457 3091 προτέρας

1879 3091 2197 3162 εὐεργεσίας
2238 3097 2662 3167 ἐπιδειξάμενος.
2725 3101 2976 3157 Ἐπαίνου
3013 3106 3112 3176 μέν
3159 3108 3308 3173 ἄξιον
3359 3114 3457 3165 καὶ

1882 3184 2139 3253 μεγίστου
2170 3187 2441 3258 θαύματος
2499 3193 2591 3244 καὶ
2647 3193 2709 3246 τὸ
2766 3196 2841 3267 μὴ
2889 3196 3146 3266 βαπτίσαι
3183 3202 3244 3254 τὸ
3280 3202 3453 3271 ξίφος,

1881 3275 2015 3344 μηδέ
2037 3276 2332 3347 ἀποτεμεῖν
2354 3280 2451 3350 τὴν
2473 3281 2735 3353 πολεμίαν
2752 3288 2967 3358 ἐκείνην
2988 3294 3229 3366 κεφαλήν
3243 3309 3258 3323 ⁶
3276 3296 3457 3367 πολλῷ

1877 3364 1934 3417 δέ
1967 3366 2227 3421 πλειόνων
2278 3370 2344 3425 ἂν
2388 3372 2474 3442 είη
2516 3378 2796 3445 στεφάνων
2851 3382 2912 3434 τὸ
2964 3384 3057 3436 καὶ
3090 3387 3260 3458 αὐτὴν
3289 3390 3456 3444 αὐτοῦ

1880 3456 2202 3524 μεταϐαλεῖν
2227 3461 2327 3529 τὴν
2358 3465 2696 3535 προαίρεσιν,
2720 3470 2813 3522 ml
2843 3470 3037 3539 βελτίω
3068 3456 3309 3547 ποιῆσαι,
3360 3483 3456 3535 καὶ

1877 3546 2013 3617 πρὸς
2032 3548 2131 3618 τὴν
2158 3550 2364 3605 οἰκείαν
2385 3554 2545 3606 αὐτὸν
2569 3557 2866 3615 ἐπιείκειαν
2893 3546 3215 3631 μεταϐαλεῖν
3233 3580 3280 3622 ο.
3304 3568 3452 3643 Αῦτη

1878 3639 2080 3707 μείζων
2105 3641 2320 3712 ἐκείνης
2349 3646 2380 3715 ή
2408 3647 2714 3719 εὐεργεσία.
2742 3654 2817 3705 Οὐ
2852 3656 2959 3726 γάρ
2987 3658 3134 3711 ἐστιν
3170 3659 3283 3715 ἴσον
3310 3639 3456 3733 ζωὴν

1874 3729 2224 3799 χαρίσασθαι,
2247 3734 2339 3787 καὶ
2364 3738 2444 3801 είς
2474 3739 2788 3811 φιλοσοφίαν
2810 3746 3100 3815 ἐναγαγεῖν
3127 3768 3139 3780 ·
3172 3751 3272 3805 οὐκ
3306 3729 3455 3807 ἐστίν

1876 3823 1989 3875 ῐσον
2017 3824 2322 3891 ἀπαλλάξαι
2356 3829 2526 3901 θυμοῦ
2564 3836 2816 3900 πνέοντος
2852 3839 3012 3907 φόνον
3040 3842 3245 3906 ἄδικον,
3276 3844 3454 3911 ἐξελέ-

1874 3912 1998 3966 σθαι
2028 3917 2261 3987 σφαγῆς,
2286 3920 2378 3972 καὶ
2394 3921 2668 3987 ἐξελέσθαι
2691 3928 3072 4001 παραπληξίας
3092 3934 3185 3987 ἐπὶ
3200 3935 3453 3989 τοσοῦτον

1873 4002 2161 4097 ὁδευούσης
2190 4012 2376 4065 κακόν.
2418 4014 2557 4078 Τοὺς
2582 4018 2680 4086 μὲν
2709 4021 2816 4091 γὰρ
2843 4022 3174 4097 δορυφόρους
3203 4028 3449 4095 κωλύσαι,

1871 4096 2035 4149 αὑτὸν
2066 4099 2296 4167 ἀνελεῖν,
2332 4104 2473 4173 κατά
2521 4106 2610 4159 τὸν
2644 4110 2886 4180 παρόντα
2936 4112 3050 4183 βίον
3086 4116 3313 4186 ὠφελεῖ’
3350 4123 3452 4191 τὴν

1870 4187 1927 4241 δὲ
1956 4192 2218 4282 πονηρίαν
2244 4193 2344 4264 τῆς
2369 4196 2543 4267 ψυχῆς
2565 4198 2809 4255 ἐκϐαλὼν
2831 4204 2919 4259 διὰ
2936 4210 3036 4277 τῆς
3059 4208 3166 4263 τῶν
3189 4187 3452 4282 ῥημάτων

1872 4278 2192 4344 ἐπιεικείας,
2223 4282 2323 4352 τήν
2357 4284 2655 4354 μέλλουσαν
2683 4290 2834 4361 αὐτῷ
2869 4292 3014 4365 ζωὴν
3037 4278 3332 4369 ἐχαρίσατο
3356 4304 3452 4357 καὶ

1869 4367 1938 4421 τὰ
1964 4369 2193 4441 ἀκίνητα
2218 4374 2418 4442 ἀγαθὰ,
2443 4378 2504 4430 τό
2531 4395 2595 4446 γε
2623 4382 2703 4445 είς
2730 4383 2894 4438 αὐτὸν
2940 4380 3095 4458 ἧκον.
3144 4367 3315 4446 ⁷’Ότοιν
3356 4390 3449 4449 οὖν

1871 4460 2033 4513 αὑτὸν
2065 4464 2355 4538 ἐπαινέσῃς
2377 4468 2466 4522 διὰ
2494 4470 2593 4542 τήν
2626 4475 2831 4529 οἰκείαν
2851 4479 3154 4551 πραότητα,
3188 4483 3450 4553 μειζόνως

1871 4552 2030 4607 αὑτὸν
2061 4553 2340 4625 θαύμασον
2368 4560 2459 4614 διὰ
2498 4562 2596 4634 τὴν
2636 4564 2730 4618 τοῦ
2770 4568 2942 4623 Σαοὺλ
2983 4552 3307 4646 μεταϐολήν.
3340 4578 3448 4631 Τοῦ

1870 4644 1978 4716 γὰρ
2000 4644 2107 4699 τῶν
2127 4649 2340 4704 οίκείων
2359 4656 2627 4723 κρατῆσαι
2650 4658 2856 4724 παθῶν,
2889 4662 3022 4718 πολὺ
3052 4666 3214 4721 πλέον
3242 4644 3362 4722 ἐστὶ
3386 4670 3446 4723 τὸ

1871 4740 1965 4793 καὶ
1992 4740 2089 4810 τῆς
2119 4743 2323 4815 ἐτέρων
2354 4750 2734 4819 περιγενέσθαι
2778 4756 2977 4824 μανίας
2998 4797 3014 4820 ,
3050 4760 3144 4814 καὶ
3176 4762 3446 4832 φλεγμαί-

1870 4846 2065 4885 νουσαν
2096 4835 2445 4890 καταστεῖλαι
2488 4842 2735 4911 καρδίαν,
2766 4845 2861 4898 ml
2892 4848 3162 4921 τοσαύτην
3207 4853 3446 4925 γαλήνην

1870 4922 1979 4975 ἀπὸ
2005 4925 2274 5014 τοσαύτης
2300 4928 2637 4997 ἐργάσασθαι
2673 4933 2861 5006 ζάλης,
2894 4940 2988 4992 ml
3015 4922 3445 5014 6¢0a1pobcv<p6-

1870 5028 1959 5064 νον
1984 5012 2279 5082 βλέποντας
2306 5016 2556 5088 δακρύων
2576 5023 2853 5094 ἐμπλῆσαι
2886 5024 3126 5097 θερμῶν.
3158 5012 3269 5084 Καὶ
3286 5012 3445 5085 τοῦτό

1867 5102 2035 5168 ἐστιν,
2071 5105 2100 5158 ὃ
2128 5106 2328 5178 πολλῆς
2359 5110 2671 5183 ἐκπλήξεως
2697 5115 2853 5186 γέμει
2877 5120 2967 5171 καὶ
3002 5118 3298 5191 θαύματος.
3335 5125 3445 5178 Καὶ
3497 5186 3503 5193 _

1868 5194 1976 5267 γὰρ
2006 5198 2053 5249 εἰ
2084 5198 2182 5268 μὲν
2217 5200 2327 5255 τῶν
2357 5202 2614 5288 ἐπιεικῶν
2640 5211 2736 5261 καὶ
2770 5210 3007 5281 μετρίων
3052 5213 3353 5285 ἀνθρώπων
3375 5213 3444 5288 ἦν

1866 5285 1895 5337 6
1921 5286 2112 5353 Σαοὺλ,
2144 5288 2205 5341 ού
2239 5287 2469 5363 μέγαῆν
2491 5294 2697 5367 σφόδρα
2721 5297 3091 5369 ἐπαναγαγεῖν
3117 5303 3279 5357 αὑτὸν
3308 5285 3446 5376 πρδς

1866 5377 1966 5448 τὴν
1997 5378 2201 5434 οἰκείαν
2235 5382 2437 5454 ἀρετήν
2457 5398 2471 5413 °
2506 5385 2567 5439 τὸ
2598 5386 2643 5440 δ’
2666 5389 3136 5462 ἐκτεθηριωμένον
3164 5396 3257 5449 καὶ
3309 5399 3444 5467 πρὸς

1866 5470 2100 5541 ἐσχάτην
2128 5472 2328 5526 κακίαν
2355 5474 2723 5547 ἐξοκείλαντα,
2753 5481 2846 5534 καὶ
2878 5483 3015 5554 πρὸς
3055 5486 3266 5557 σφαγὴν
3295 5490 3445 5545 ἐπει-

1864 5560 2113 5630 γόμενον,
2145 5563 2203 5615 ἐν
2227 5562 2455 5637 βραχείᾳ
2477 5568 2669 5638 καιροῦ
2713 5572 2852 5645 ῥοπῇ
2885 5577 3303 5646 παρασκευάσαι
3341 5581 3444 5632 πᾶ-

1926 5748 1955 5828 ?
1977 5752 2154 5828 Ξίπῴν·
2169 5753 2249 5828 ,Τῇ
2265 5758 2376 5816 τιμῇ
2400 5755 2630 5828 ἀλλήλους
2648 5766 2948 5828 προηγεῖσθε.
2977 5766 3059 5820 Sic
3082 5781 3223 5819 unus.

1927 5814 1950 5842 ο
1976 5811 2100 5875 ⁸88-
2128 5811 2256 5864 unus
2274 5811 2571 5880 μέέαγαγεῖν,
2617 5811 2630 5819 ’
2656 5811 2659 5812 ⁷
2686 5811 2696 5828 ⁸
2720 5811 2948 5828 ”¹¹⁷”’”
2977 5811 3058 5820 ’⁷⁷
