4038 6360
581 355 687 410 705

577 494 674 528 σαν
703 475 797 544 τὴν
821 475 1041 539 πικρίαν
1072 473 1258 528 σϐέσαι
1285 477 1518 546 ἐκείνην,
1546 478 1666 533 τίνα
1694 481 1792 534 οὐκ
1822 482 1886 534 ἂν
1907 483 2143 553 ἀποκρύ-

572 569 693 635 ψειε
722 568 829 618 τῶν
869 567 1085 620 πώποτε
1128 569 1220 620 ἐπὶ
1257 569 1575 640 διδασκαλίᾳ
1605 573 1923 643 φιλοσοφίας
1953 575 2141 646 βεϐοη-

577 662 752 731 μένων
761 677 774 724 ;

1270 361 1324 416 S.
1370 361 1652 419 JOANNIS
1690 365 2169 421 CIIRYSOSTOMI
2212 368 2526 427 ARCHIEP.
2570 375 3114 432 CONSTANTINOP.

3714 384 3813 438 706

2256 507 2378 552 νων,
2405 492 2688 563 ὼσπεροῦν
2717 493 2834 544 οὐδὲ
2857 493 2946 545 τὸν
2997 493 3266 565 μακάριον
3292 493 3503 550 τοῦτον·
3537 497 3649 551 ἀλλ’
3679 499 3818 568 ὁρῶν

2254 575 2344 625 τὸν
2376 577 2628 646 πολέμιον
2659 577 2798 630 κατά
2833 580 2928 648 τῆς
2955 578 3118 629 αὐτοῦ
3145 580 3417 648 σωτηρίας
3448 581 3819 648 ὁπλιζόμενον,

2253 659 2344 711 καὶ
2382 659 2558 713 πάντα
2584 660 2672 713 διὰ
2695 661 2855 714 τοῦτο
2883 661 3155 723 κινοῦντα,
3213 662 3274 714 οὐ
3305 663 3463 732 μόνον
3499 665 3596 717 οὐκ
3622 666 3819 735 ἠγρία-

645 753 753 804 Καὶ
780 752 843 804 σὺ
869 751 1068 814 τοίνυν⁹
1105 753 1234 804 ὅταν
1262 753 1433 826 λάϐῃς
1473 754 1562 807 τὸν
1615 754 1828 826 ἐχθρὸν⁹
1883 756 1955 825 μὴ
1995 756 2145 809 τοῦτο
2251 759 2365 826 νεν,
2417 742 2551 794 ἀλλά
2603 744 2697 826 καὶ
2737 746 2818 806 εἰς
2865 743 3084 796 πλείονα
3126 739 3260 814 ἦλθε
3314 747 3678 815 συμπάθειαν·
3710 748 3824 817 ὅσῳ

573 843 782 905 σκόπει,
819 842 965 904 ὅπως
991 843 1153 896 αὐτὸν
1185 825 1520 915 ἀμυνόμενος
1549 847 1642 898 καὶ
1677 825 1896 916 μυρίαις
1940 846 2144 910 πλύνας
2254 825 2849 916 ῌΞίλξοναλέπεδῖιξλευεν
2872 826 3106 916 τῖσούξῳ
3128 826 3330 916 μᾷλλογ
3358 829 3518 916 αίξτδν
3535 829 3822 900 ἐδάκρυενο

568 934 688 995 ταῖς
736 931 1022 1003 λοιδορίαις
1064 934 1374 1008 ἐκπέμψῃς,
1432 935 1548 988 ἀλλ’
1597 937 1743 999 ὅπως
1773 936 2138 1007 θεραπεύσῃς,

567 1023 715 1086 ὅπως
745 1025 1098 1096 ἐπαναγάγῃς
1117 1025 1254 1095 πρὸς
1281 1026 1580 1079 ἐπιείκειαν
1606 1043 1619 1056 ·
1653 1026 1747 1080 καλ⁵
1771 1026 1844 1097 μὴ
1879 1027 2141 1097 πρότερον

566 1115 810 1184 ἀποστῇς
845 1115 1019 1168 πάντα
1062 1115 1155 1168 καὶ
1196 1115 1365 1168 ποιῶν
1397 1115 1491 1167 καὶ
1524 1115 1716 1183 λέγων,
1753 1117 1858 1179 ἕως
1887 1115 1954 1169 ἂν
1987 1132 2141 1186 περι-

568 1202 702 1275 γένῃ
728 1206 792 1275 τῇ
825 1205 1090 1275 πραότητι
1115 1208 1214 1276 τῆς
1253 1205 1533 1275 ὠμότητος
1581 1205 1681 1274 τῆς
1711 1204 1940 1258 ἐκείνου.
1974 1205 2141 1257 Οὐδὲν

568 1297 676 1366 γὰρ
709 1297 1006 1360 ἐπιεικείας
1052 1297 1437 1368 δυνατώτερον.
1487 1298 1597 1350 Καὶ
1630 1295 1772 1350 τοῦτ’
1809 1295 1940 1350 αὐτὸ
1965 1295 2138 1367 δηλῶν

566 1405 650 1449 τις
685 1387 888 1457 ἔλεγεν,
915 1389 996 1440 ὅτι
1033 1388 1223 1457 Λόγος
1253 1387 1488 1456 ἁπαλός
1525 1388 1861 1457 συγκλάσει
1896 1387 2047 1442 ὀστὰ
2085 1400 2136 1443 ει.

567 1480 760 1532 Καίτοι
793 1479 843 1533 τί
866 1480 1053 1533 ὀστέου
1096 1480 1457 1551 σκληρότερον
1481 1497 1495 1545 ;
1531 1480 1670 1533 Ἀλλ’
1693 1482 1842 1550 ὅμως
1865 1479 1968 1533 κᾶν
1995 1479 2138 1533 οὕτω

569 1571 800 1641 σκληρός
820 1588 902 1634 τις
985 1573 1080 1625 καὶ
1101 1573 1384 1644 ἀκαμπὴς,
1411 1572 1698 1644 περιέσται
1733 1573 1929 1644 ῥαδίως
1961 1575 1990 1626 6
2020 1575 2135 1644 μετ’

566 1660 862 1722 ἐπιεικείας
891 1660 1038 1730 αὐτῷ
1085 1661 1384 1732 χρώμενος.
1435 1664 1542 1716 Καὶ
1564 1663 1758 1716 πάλιν·
1805 1665 2137 1732 Ἀπόκρισις

565 1752 990 1806 ύποπίπτουσα
1017 1753 1378 1822 ἀποστρέφει
1417 1755 1618 1824 ὀργάς.
1667 1754 1828 1808 Ὅθεν
1856 1755 2016 1825 δῆλον
2051 1755 2135 1808 ὅτι

562 1841 657 1894 τοῦ
679 1841 961 1912 κινηθῆναι
996 1849 1084 1896 τὸν
1118 1846 1330 1915 ἐχθρὸν,
1366 1847 1579 1900 καὶτοῦ
1607 1846 2031 1918 καταλλαγῆναι,
2068 1848 2132 1900 σὺ

565 1933 892 2004 κυριώτερος
915 1935 1144 1990 ἐκείνου.
1185 1937 1274 1990 Ἐν
1312 1929 1419 2008 γὰρ
1459 1939 1608 2008 ἡμῖν,
1646 1938 1745 1991 οὐκ
1765 1939 1823 1991 ἐν
1848 1941 1959 2002 τοῖς
1983 1939 2135 2008 ὀργι-

563 2026 807 2097 ζομένοις
855 2031 1029 2081 κεῖται
1061 2029 1153 2081 καὶ
1179 2028 1238 2082 τὸ
1289 2028 1596 2100 σϐεσθῆναι,
1633 2029 1726 2082 καὶ
1760 2030 1822 2082 τὸ
1849 2029 1984 2100 πρὸς
2013 2028 2131 2100 μεί-

563 2119 690 2182 ζονα
723 2120 1064 2191 ἐξενεχθῆναι
1105 2121 1276 2190 φλόγα
1306 2120 1396 2173 τὸν
1421 2120 1588 2190 θυμὸν
1612 2121 1703 2174 τὸν
1731 2121 1972 2174 ἐκείνων.
2023 2121 2133 2174 Καὶ

560 2210 705 2263 τοῦτ’
737 2213 868 2264 αὐτὸ
918 2214 1078 2266 πάλιν
1113 2214 1140 2264 6
1177 2213 1246 2265 τὰ
1293 2213 1533 2284 πρότερα
1569 2211 1738 2266 εἰπὼν
1766 2212 1998 2283 ἐδήλωσε
2044 2213 2132 2266 διὰ

558 2303 714 2371 ψιλοῦ
740 2305 768 2344 δ
799 2306 1254 2376 παραδείγματος.
1278 2307 1487 2376 ’Ὠσπερ
1511 2305 1636 2374 γὰρ,
1660 2305 1842 2375 φησὶν,
1872 2306 1950 2367 είς
1978 2321 2132 2357 σπιν-

560 2395 702 2467 θῆρα
727 2398 894 2468 πυρὺς
911 2399 975 2451 ἀν
995 2398 1092 2467 μὲν
1115 2399 1379 2468 φυσήσῃς,
1408 2398 1609 2468 ἐξῆψας
1636 2397 1732 2468 τὴν
1750 2396 1900 2469 [780]
1933 2397 2127 2466 φλόγα,

558 2485 625 2537 ἂν
656 2485 713 2537 δέ
745 2486 972 2557 πτύσῃς,
1001 2487 1354 2553 κατέσϐεσας,
1387 2488 1480 2541 καὶ
1499 2487 1823 2558 ἀμφοτέρων
1849 2487 1914 2540 σὺ
1944 2487 2132 2558 κύριος

561 2576 908 2646 (Ἀμφότεροι
939 2577 1068 2648 γὰρ,
1098 2578 1281 2649 φησὶν,
1306 2579 1372 2631 ἐκ
1408 2579 1512 2632 τοῦ
1555 2581 1851 2648 στόματός
1875 2593 1992 2633 σου
2024 2593 2130 2633 πο-

551 2669 788 2735 ρεύεται
814 2670 903 2736 ε)·
929 2669 1070 2722 οὕτω
1102 2670 1194 2722 καὶ
1227 2671 1320 2723 ἐπὶ
1357 2674 1454 2742 τῆς
1487 2671 1684 2744 ἔχθρας
1729 2672 1822 2726 τοῦ
1865 2672 2126 2742 πλησίον·

560 2758 626 2812 ἂν
654 2758 750 2828 μὲν
774 2761 1189 2830 πεφυσημένους
1218 2762 1311 2815 καὶ
1337 2764 1799 2833 ἀπονενοημένους
1829 2763 2128 2835 προσενέγ-

558 2868 662 2921 κῃς
696 2851 903 2919 λόγους,
935 2853 1193 2917 ἀνάπτεις
1216 2854 1423 2907 ἐκείνου
1453 2856 1514 2908 τὸ
1546 2855 1672 2926 πῦρ,
1713 2856 1952 2920 ἐκκαίεις
2003 2857 2130 2920 τοὺς

559 2942 870 3010 ἄνθρακας·
903 2943 970 2996 ἂν
1019 2943 1075 2996 δὲ
1124 2949 1413 3016 προσηνεῖς
1465 2946 1560 3000 καὶ
1615 2947 2126 3018 περιεσταλμένους,

560 3034 688 3102 πρὶν
717 3034 814 3104 τὴν
834 3035 1011 3106 πυρὰν
1038 3034 1289 3106 ἀρθῆναι,
1322 3036 1655 3099 κατέσϐεσας
1677 3036 1772 3108 τὴν
1803 3036 1969 3108 ὀργὴν
1993 3036 2130 3090 ἀπα-

561 3143 680 3177 σαν.
714 3126 804 3196 Μὴ
832 3125 1008 3179 τοίνυν
1033 3127 1183 3192 λέγε,
1217 3129 1297 3180 ὅτι
1320 3129 1400 3183 Τά
1416 3129 1508 3180 καὶ
1556 3128 1623 3180 τά
1657 3127 1875 3192 ἔπαθον,
1935 3128 2002 3181 τά
2035 3129 2129 3181 καὶ

557 3219 624 3270 τὰ
653 3219 859 3288 ἤκουσα
880 3235 892 3246 ·
913 3219 1129 3271 πάντων
1155 3219 1263 3289 γὰρ
1287 3219 1488 3272 τούτων
1515 3221 1578 3274 σὺ
1610 3222 1817 3291 κύριος.
1842 3220 1998 3274 Οὕτω
2019 3221 2128 3291 γάρ

559 3311 748 3382 ὥσπερ
773 3312 1044 3382 σπινθῆρα
1076 3315 1169 3367 καὶ
1209 3315 1393 3366 σϐέσαι
1422 3315 1515 3365 καὶ
1560 3313 1784 3382 ἀνάψαι,
1837 3313 1928 3366 καὶ
1956 3313 2127 3384 θυμὸν

559 3402 822 3456 ἐκκαῦσαι
859 3405 951 3458 καὶ
991 3405 1331 3457 καταστεῖλαι
1385 3405 1544 3457 πάλιν
1569 3406 1623 3456 ἐν
1658 3404 1758 3458 σοί.
1815 3405 1980 3458 Ὅταν
2011 3405 2128 3476 ἴδῃς

557 3496 768 3567 ἐχθρὸν,
810 3497 841 3567 ἣ
869 3496 963 3550 καὶ
984 3499 1063 3562 εἰς
1089 3497 1212 3550 νοῦν
1237 3498 1426 3570 λάϐῃς,
1458 3498 1556 3550 ὅσα
1612 3498 1711 3568 μὲν
1764 3499 2004 3567 ἤκουσας
2032 3499 2126 3552 καὶ

555 3585 755 3651 ἔπαθες
794 3587 1031 3658 λυπηρὰ,
1061 3588 1215 3642 πάντ’
1243 3588 1595 3641 ἐπιλανθάνου
1640 3588 1810 3641 ταῦτα
1829 3607 1840 3617 ·
1869 3588 1995 3640 είδέ
2030 3589 2124 3641 καὶ

555 3678 979 3750 ἀναμνησθείης,
1013 3678 1091 3749 τῷ
1122 3679 1351 3749 διαϐόλῳ
1381 3678 1550 3731 ταῦτα
1598 3677 1834 3747 λογίζου.
1893 3678 2122 3747 Σύλλεγε

554 3769 632 3833 δὲ,
661 3771 714 3822 εἴ
738 3771 789 3823 τί
821 3788 900 3822 σοι
935 3771 1168 3841 χρηστὸν
1201 3767 1320 3823 εἷπε
1356 3770 1593 3833 πώποτε,
1616 3771 1707 3823 καὶ
1741 3771 1979 3842 ἐποίησε.
2003 3773 2122 3826 Κᾶν

554 3864 620 3932 τῇ
654 3861 859 3914 τούτων
907 3862 1246 3933 ἐνδιατρίϐῃς
1304 3864 1512 3934 μνήμῃ.
1545 3863 1754 3933 ταχέως
1803 3863 2124 3927 καταλύσεις

554 3954 652 4024 τὴν
682 3953 898 4024 ἔχθραν.
940 3954 1056 4008 Κάν
1089 3953 1287 4025 μέλλῃς
1337 3955 1586 4023 ἐγκαλεῖν
1617 3955 1710 4008 καὶ
1761 3955 2121 4024 διαλέγεσθαι,

555 4046 817 4117 πρότερον
851 4046 911 4098 τὸ
945 4045 1116 4109 πάθος
1164 4045 1407 4098 ἐκϐαλὼν
1447 4046 1538 4098 καὶ
1575 4047 1663 4098 τὸν
1694 4045 1863 4116 θυμὸν
1903 4047 2120 4112 σϐέσας,

554 4138 724 4202 οὕτως
753 4138 982 4202 εὐθύνας
1035 4138 1272 4200 ἀπαίτει,
1297 4137 1470 4200 οὕτως
1521 4137 1728 4207 ἔλεγχε,
1778 4139 1869 4191 καὶ
1919 4139 2122 4212 δυνήσῃ

553 4231 933 4300 περιγενέσθαι
988 4231 1204 4303 ῥᾳδίως.
1257 4230 1594 4301 Θυμούμενοι
1631 4231 1740 4302 γὰρ
1786 4229 1898 4283 οὐτ’
1929 4232 2120 4295 εἰπεῖν,

552 4321 664 4374 οὐτ’
687 4321 914 4374 ἀκοῦσαί
946 4339 1072 4374 ποτε
1101 4320 1440 4391 δυνησόμεθὰ
1485 4338 1536 4372 τι
1572 4321 1750 4388 ὑγιές·
1781 4319 2119 4389 ἀπαλλαγέν-

553 4430 643 4477 τες
672 4415 727 4467 δέ
777 4414 869 4466 τοῦ
904 4414 1127 4478 πάθους,
1160 4412 1269 4466 οὐτ’
1296 4414 1447 4466 αὐτοὶ
1476 4412 1627 4484 ῥῆμά
1682 4413 1797 4465 ποτ’
1847 4412 2121 4482 ἐξοίσομεν

552 4509 747 4579 τραχὺ,
779 4507 890 4560 οὐθ’
915 4507 1115 4577 ἐτέρων
1145 4506 1410 4573 λεγόντων
1443 4505 1612 4567 οὕτως
1653 4504 2013 4575 ἀκουσόμεθα.
2046 4507 2119 4558 Οὐ

553 4586 723 4673 γάρὴ
755 4601 863 4653 τῶν
901 4601 1204 4670 λεγομένων
1243 4599 1422 4667 φύσις,
1457 4597 1531 4660 ὡς
1567 4601 1598 4668 ἡ
1632 4600 1732 4667 τῆς
1766 4597 1960 4668 ἔχθρας
1992 4599 2121 4668 πρό-

551 4695 711 4768 ληψις
735 4696 880 4764 ἡμᾶς
901 4692 1123 4763 ἀγριοῦν
1148 4691 1320 4745 εἴωθε.
1353 4690 1616 4754 Πολλάκις
1634 4691 1762 4758 γοῦν
1787 4692 1936 4761 παρά
1955 4691 2121 4760 φίλων

550 4789 649 4850 τὰς
681 4784 848 4840 αὐτὰς
903 4783 1231 4844 ἀκούσαντες
1287 4781 1550 4851 λοιδορίας
1582 4781 1899 4846 παιζόντων,
1964 4780 2122 4851 ῆκαὶ

553 4877 1060 4952 χαριεντιζομένων,
1113 4876 1145 4944 ἢ
1182 4877 1274 4927 καὶ
1310 4875 1459 4944 παρά
1511 4875 1739 4927 παιδίων
1772 4872 2001 4945 μικρῶν,
2059 4875 2120 4926 οὐ

554 4974 714 5043 μόνον
762 4971 914 5024 οὐδὲν
949 4968 1221 5038 ἐπάθομεν
1277 4967 1473 5036 ἀηδὲς,
1526 4967 1634 5020 οὐδ’
1687 4966 2118 5037 ἐξηγριώθημεν,

551 5065 686 5117 ἀλλὰ
724 5065 814 5115 καὶ
845 5062 1181 5130 ἐγελάσαμεν
1206 5059 1297 5112 καὶ
1324 5058 1648 5129 διεχύθημεν
1668 5077 1680 5088 ο
1735 5060 1795 5111 οὐ
1828 5059 1935 5128 γὰρ
1983 5059 2120 5128 μετά

551 5154 950 5224 διεφθαρμένης
1003 5152 1314 5223 ἠκούσαμεν
1342 5151 1583 5221 γνώμης,
1619 5149 1737 5202 οὐδέ
1783 5150 1917 5219 μετά
1945 5149 2120 5219 ψυχῆς

552 5246 708 5315 θυμῷ
734 5244 1300 5316 προκατειλημμένης.
1335 5243 1494 5294 Ὥστε
1522 5244 1615 5295 καὶ
1646 5243 1737 5294 ἐπὶ
1762 5242 1869 5295 τῶν
1891 5243 2118 5313 ἐχθρῶν,

552 5341 618 5394 ἂν
648 5340 844 5409 σϐέσῃς
874 5339 962 5390 τὸν
997 5338 1185 5406 θυμὸν,
1217 5337 1282 5390 ἂν
1309 5337 1404 5406 τὴν
1437 5336 1634 5408 ἔχθραν
1679 5337 1933 5408 ἐκϐάλῃς,
1968 5338 2121 5392 οὐδέν

553 5449 610 5482 σε
642 5431 748 5482 τῶν
778 5429 1083 5498 λεγομένων
1111 5430 1351 5497 λυπῆσαι
1379 5429 1684 5497 δυνήσεται.

619 5532 686 5592 η’.
707 5525 816 5576 Καὶ
837 5525 888 5574 τί
915 5523 1196 5590 λέγωπῶν
1224 5522 1527 5591 λεγομένων
1545 5537 1557 5585 ;
1575 5521 1738 5574 Οὐδὲν
1767 5520 1873 5574 τῶν
1899 5523 2117 5592 γινομέ-

610 5659 636 5719 f‘
663 5658 780 5716 Heg.
808 5672 931 5704 unus
966 5658 1195 5719 συντρίϐει
1215 5658 1335 5704 ὀστᾶ

609 5717 636 5784 13
663 5721 730 5784 ﬁlim
761 5717 1195 5784 Rtfgiiduqméhus
1218 5732 1360 5778 quam
1384 5719 1557 5781 ed.qui
1581 5718 1762 5768 habent
1783 5720 1856 5766 διὰ
1877 5721 2114 5784 6:16;)66;

610 5780 635 5810 θ
660 5783 778 5841 Reg.
806 5781 1120 5842 ἐκπορεύεται.

2255 909 2411 979 ’ῌδει
2445 909 2552 980 γὰρ
2576 949 2591 973 ,
2643 911 2758 980 ᾔδει
2795 911 2999 979 σαφῶς,
3033 912 3116 964 ὅτι
3153 912 3250 981 οὐχ
3297 913 3327 963 6
3359 913 3580 982 πάσχων
3610 916 3822 979 κακῶς,

2250 992 2364 1044 ἀλλ’
2393 995 2422 1045 6
2458 993 2646 1056 ποιῶν,
2676 988 2829 1056 οὗτός
2851 995 2967 1046 ἐστι
2995 993 3243 1064 δακρύων
3277 994 3425 1058 ἄξιος
3457 997 3550 1048 καὶ
3583 997 3819 1068 θρήνων.

2246 1076 2439 1128 ἐαυτὸν
2489 1078 2906 1132 καταϐλάπτων.
2942 1078 3040 1132 Διά
3093 1078 3251 1131 τοῦτο
3291 1079 3386 1131 καὶ
3437 1080 3651 1149 μακρὰν
3681 1081 3825 1152 πρὺς

2249 1160 2410 1214 αὐτὸν
2440 1163 2732 1232 συνέθηκεν
2753 1161 3073 1230 ἀπολογίαν,
3096 1164 3190 1214 καὶ
3213 1161 3272 1214 οὐ
3292 1161 3553 1233 πρότερον
3582 1163 3822 1234 ἀπέστη,

2243 1243 2348 1305 ἓως
2406 1244 2498 1297 καὶ
2540 1245 2701 1297 αὐτὸν
2748 1243 3191 1314 ἀπολογήσασθαι
3243 1243 3617 1314 παρεσκεύασε
3674 1246 3823 1313 μετά

2241 1325 2490 1396 δακρύων
2518 1327 2611 1380 καὶ
2638 1327 2866 1396 θρήνων.
2911 1328 3127 1397 Ἐπειδὴ
3157 1327 3264 1396 γὰρ
3304 1326 3563 1397 ἀνῴμωξε
3597 1328 3689 1379 καὶ
3719 1347 3819 1379 πι-

2241 1409 2381 1479 κρὰν
2407 1411 2585 1480 ἀφῆκε
2623 1410 2825 1481 φωνὴν,
2855 1410 2947 1462 καὶ
3007 1411 3148 1480 μέγα
3192 1408 3545 1474 ἀνωλόλυξεν,
3580 1411 3820 1463 ἄκουσον

2240 1493 2293 1546 τί
2317 1510 2469 1562 φησι·
2497 1494 2730 1559 Δίκαιος
2754 1495 2835 1547 σὺ
2863 1494 3016 1560 ὑπὲρ
3043 1492 3166 1561 ἐμὲ,
3191 1493 3274 1546 ὅτι
3314 1493 3395 1546 σὺ
3443 1492 3559 1560 μὲν
3583 1494 3818 1546 ἀνταπ-

2237 1576 2465 1644 ἐδωκὰς
2483 1595 2583 1646 μοι
2601 1578 2811 1646 ἀγαθὰ,
2841 1577 2954 1647 ἐγὼ
2981 1577 3032 1629 δ’
3075 1576 3461 1630 ἁνταπέδωκά
3506 1592 3601 1630 σοι
3629 1576 3817 1631 κακά.

2253 1661 2414 1732 Ὁρᾷς
2448 1661 2564 1724 πῶς
2595 1662 2690 1713 καὶ
2718 1662 2817 1732 τῆς
2865 1660 3068 1724 οἰκείας
3115 1661 3312 1724 κακίας
3361 1659 3761 1727 καταγινώσκει
3799 1698 3816 1720 ,

2239 1746 2332 1797 καὶ
2363 1743 2464 1815 τὴν
2516 1745 2725 1814 ἀρετὴν
2771 1745 3000 1814 ἀνυμνεῖ
3030 1743 3124 1796 τοῦ
3157 1743 3387 1805 δικαίου,
3439 1743 3534 1795 καὶ
3583 1741 3818 1812 μηδενὸς

2237 1828 2636 1896 ἀναγκάζοντος
2691 1827 3068 1895 ἀπολογεῖται;
3117 1825 3274 1879 Οὐτω
3316 1826 3410 1878 καὶ
3448 1827 3512 1880 σὺ
3560 1825 3813 1895 ποίησον.

2249 1909 2498 1964 Ἐπειδὰν
2549 1909 2720 1983 λάϐῃς
2757 1910 2846 1962 τὸν
2880 1910 3093 1980 ἐχθρὸν,
3123 1909 3198 1980 μὴ
3247 1909 3651 1979 κατηγοιὴσῃς,
3690 1908 3816 1961 ἀλλ’

2236 1992 2384 2065 [781]
2413 1994 2767 2064 ἀπολόγησαι,
2804 1995 2889 2047 ἵνα
2918 1993 3345 2065 παρασκευάσῃς
3381 1995 3580 2045 ἐκεῖνον
3611 1993 3814 2045 ἐαυτοῦ

2234 2081 2630 2152 κατηγορῆσαι.
2656 2083 2752 2134 Ἂν
2778 2081 2876 2151 μὲν
2905 2079 3014 2150 γάρ
3043 2081 3201 2150 ἡμεῖς
3230 2082 3645 2149 κατηγορῶμεν,
3668 2095 3816 2148 τρα-

2235 2163 2454 2233 χύνεται
2476 2180 2490 2195 ·
2525 2164 2591 2218 ἂν
2623 2164 2667 2216 δ’
2698 2161 3186 2232 ἀπολογησώμεθα,
3237 2160 3622 2231 ἐντρεπόμενος
3647 2161 3816 2229 ἡμῶν

2231 2248 2330 2313 τὴν
2377 2247 2694 2311 ἐπιείκειαν,
2750 2247 2910 2310 αὐτὸς
2946 2245 3137 2299 ἐαυτοῦ
3188 2245 3554 2315 κατηγορήσει
3594 2243 3810 2298 λοιπόν.

2233 2331 2343 2383 Καὶ
2372 2331 2543 2394 οὕτως
2571 2332 2599 2384 6
2629 2348 2686 2382 τε
2724 2330 2943 2399 ἐλεγχος
2987 2330 3302 2391 ἀνύποπτος·
3323 2328 3549 2396 γίνεται,
3597 2327 3813 2389 ἐκεῖνός

2231 2432 2290 2467 τε
2324 2416 2420 2486 τῆς
2444 2415 2707 2485 πονηρίας
2735 2415 3131 2467 ἀπαλλάττεται
3153 2413 3354 2482 πάσης.
3385 2412 3562 2475 Ὅπερ
3592 2405 3683 2462 οὖν
3709 2411 3814 2463 καὶ

2233 2499 2468 2553 ἐνταῦθα
2521 2499 2747 2569 συνέϐη·
2798 2501 2890 2553 καὶ
2925 2500 3219 2568 κατηγορεῖ
3275 2497 3413 2567 μετά
3459 2495 3660 2563 πολλῆς
3705 2496 3813 2563 τῆς

2234 2583 2590 2655 σφοδρότητος
2619 2586 2648 2636 6
2679 2585 2943 2654 ἀδικήσας
2964 2625 2978 2647 ,
3013 2582 3104 2636 τοῦ
3141 2580 3467 2650 ἠδικημένου
3523 2578 3809 2646 σιγῶντος.

2232 2669 2364 2723 Οὐδέ
2390 2669 2498 2740 γάρ
2523 2663 2675 2722 εἶπεν
2700 2668 2905 2730 ἁπλῶς,
2925 2667 3180 2736 Εἰργάσω
3212 2667 3292 2728 εἰς
3319 2665 3418 2734 ἐμὲ
3442 2663 3641 2730 ἀγαθὰ.
3663 2662 3811 2725 ἀλλ’,

2245 2751 2688 2817 Ἀνταπέδωκάς
2707 2769 2810 2822 μοι
2838 2750 3056 2820 ἀγαθά·
3084 2748 3380 2809 τουτέστιν,
3406 2741 3550 2796 Ἀντὶ
3570 2742 3669 2812 τῆς
3685 2748 3811 2797 ἐπι-

2232 2837 2448 2905 ϐουλῆς,
2485 2837 2603 2889 ἀντὶ
2631 2837 2727 2906 τῆς
2786 2835 3020 2904 σφαγῆς,
3051 2834 3170 2886 ἀντὶ
3205 2829 3313 2884 τῶν
3363 2830 3569 2900 μυρίων
3616 2829 3808 2881 κακῶν

2231 2920 2453 2973 ἐκείνων
2476 2919 2816 2989 εὐεργεσίαις
2841 2920 2988 2988 ἡμᾶς
3008 2915 3225 2987 ἠμείψω
3257 2913 3538 2984 μεγάλαις.
3588 2909 3734 2977 Ἐγὼ
3762 2909 3808 2960 δ’

2230 3006 2338 3058 οὐδ’
2371 3003 2544 3066 οὕτως
2597 3003 2861 3072 ἐγενόμην
2913 3002 3157 3072 βελτίων,
3206 2999 3341 3053 ἀλλά
3382 2997 3476 3050 καὶ
3512 2994 3652 3064 μετά
3706 2995 3808 3055 τὰς

2229 3089 2548 3160 εὐεργεσίας
2585 3086 2798 3146 ἐκείνας
2843 3084 3106 3153 ἐπέμεινα
3131 3085 3196 3152 τῇ
3252 3079 3514 3150 πονηρία·
3560 3077 3658 3130 καὶ
3695 3077 3806 3129 οὐδ’

2229 3173 2371 3226 οὕτω
2396 3171 2713 3242 μετεϐάλου,
2747 3168 2881 3221 ἀλλά
2901 3168 3169 3236 διέμεινας
3187 3164 3275 3217 τὸν
3305 3162 3500 3216 σαυτοῦ
3532 3160 3806 3230 διατηρῶν

2229 3258 2447 3328 τρόπον,
2479 3257 2572 3309 καὶ
2605 3254 2765 3308 πάλιν
2797 3254 2942 3323 ἡμᾶς
2997 3245 3444 3308 ἐπιϐουλεύοντας
3474 3244 3804 3328 εὐεργετῶν,

2229 3325 2417 3393 Πόσων
2448 3340 2547 3392 οὐκ
2579 3338 2643 3391 ἂν
2670 3337 2753 3407 εἴη
2792 3335 3070 3404 στεφάνων
3101 3329 3246 3396 ἄξιος
3271 3329 3390 3382 καθ’
3433 3328 3663 3381 ἕκαστον
3695 3325 3806 3378 τῶν

2230 3423 2491 3494 ῥημάτων
2520 3421 2725 3474 τούτων
2753 3421 2780 3471 6
2807 3418 2998 3478 Δαυῖδ;
3022 3417 3083 3468 Εἰ
3116 3414 3223 3483 γὰρ
3251 3413 3345 3466 καὶ
3374 3411 3435 3464 τὺ
3459 3410 3637 3494 στόμα
3663 3408 3806 3494 αὐτά

2227 3507 2523 3575 ἐφθέγγετο
2551 3504 2644 3556 τοῦ
2682 3501 2853 3556 Σαοὺλ
2877 3541 2891 3565 ,
2922 3499 3036 3552 ἀλλ’
3066 3501 3098 3568 ἡ
3140 3497 3301 3564 σοφία
3337 3495 3430 3548 καὶ
3450 3495 3483 3563 ἠ
3511 3493 3674 3561 τέχνη
3707 3493 3804 3543 τοῦ

2227 3589 2390 3642 Δαυῒδ
2415 3591 2493 3651 εἰς
2525 3589 2620 3656 τὴν
2643 3586 2850 3640 ἐκείνου
2880 3582 3278 3651 κατεφύτευσεν
3303 3578 3441 3631 αὐτά
3465 3575 3667 3645 ψυχήν.
3691 3575 3804 3627 Καὶ

2225 3672 2594 3742 ἀπήγγειλάς
2610 3688 2710 3740 μοι
2733 3669 3032 3737 σήμερον,
3068 3663 3264 3734 φησὶν,
3302 3659 3341 3714 ἃ
3382 3657 3681 3725 ἐποίησάς
3701 3673 3803 3742 μοι

2224 3739 2432 3824 ἁγαόά,
2459 3757 2530 3821 ὡς
2567 3739 2891 3808 ἀπέκλεισέ
2912 3765 2990 3818 με
3022 3748 3237 3814 Κύριος
3263 3744 3530 3812 σήμερον
3559 3742 3648 3802 εἰς
3699 3739 3804 3804 τὰς

2226 3840 2427 3911 χεῖράς
2446 3855 2584 3901 σου,
2615 3837 2714 3891 καὶ
2754 3839 2866 3889 οὐκ
2913 3830 3262 3895 ἀπέκτεινά(
3303 3844 3399 3896 με.
3461 3825 3568 3877 Καὶ
3604 3824 3803 3911 ἑτέραν

2226 3927 2375 3998 αὐτῷ
2405 3925 2672 3996 μαρτυρεῖ
2729 3921 2890 3974 πάλιν
2921 3918 3142 3990 ἀρετὴν,
3169 3916 3250 3968 ὅτι
3291 3911 3653 3998 εὐεργετήσας
3702 3907 3804 3998 οὐκ

2225 3990 2498 4079 ἐσίγησεν,
2539 3990 2646 4060 οὐδ’
2681 4003 2978 4074 ὑπερεῖδεν,
3014 3999 3126 4052 ἀλλ’
3150 3995 3319 4050 ἐλθων
3347 3990 3528 4079 εἶπεν,
3558 3993 3619 4043 οὐ
3663 3990 3802 4079 πρὸς

2226 4074 2479 4158 ἐπίδειξιν
2507 4089 2664 4143 τοῦτο
2698 4086 2887 4149 ποιῶν,
2934 4082 3071 4138 ἀλλά
3102 4081 3272 4147 δεῖξαι
3303 4078 3623 4148 βουλόμενος
3647 4115 3662 4137 ,

2221 4177 2309 4232 διὰ
2331 4156 2437 4230 τῶν
2463 4175 2636 4245 ἔργων
2660 4169 2836 4224 αὐτῶν
2860 4167 3086 4231 διδάξαι,
3116 4163 3323 4217 ὅτιτῶν
3351 4160 3660 4245 κηδομένων
3684 4156 3804 4208 ἐστὶ

2222 4261 2316 4314 καὶ
2347 4241 2732 4329 προνοούντων,
2783 4253 2844 4304 οὐ
2893 4250 3000 4302 τῶν
3027 4245 3471 4300 ἐπιϐουλευόντων
3503 4241 3595 4293 καὶ
3627 4255 3803 4306 πονη-

2227 4324 2548 4416 ρευομένων.
2577 4338 2651 4391 Τὸ
2672 4337 2779 4407 γάρ
2806 4334 2905 4396 τὰς
2933 4332 3069 4394 ιδίας
3091 4328 3408 4416 εὐεργεσίας
3429 4324 3800 4416 λέγεινλὲστιν,

2221 4407 2366 4480 δποό
2388 4425 2448 4475 τὸ
2480 4421 2668 4492 κέρδος
2715 4419 2824 4488 ἔχει
2859 4416 3132 4487 μέγιστον·
3175 4415 3338 4465 Ὅταν
3382 4411 3491 4480 γὰρ
3526 4407 3801 4492 μηδεμιᾶς

2222 4510 2251 4560 6
2261 4508 2528 4568 ποθέσεως
2543 4490 2708 4574 οῠσης
2730 4500 3012 4572 προσφέρῃ
3031 4515 3113 4558 τις
3127 4496 3296 4559 αὐτάς
3311 4495 3404 4548 καὶ
3419 4490 3801 4574 ἀνακηρύττῃ,

2221 4591 2328 4644 τῶν
2357 4571 2718 4652 ὀνειδιζόντων
2747 4571 2898 4637 οὐδὲν
2920 4582 3140 4652 ἄμεινον
3176 4577 3504 4632 διακείσεται
3523 4589 3536 4601 ·
3579 4575 3712 4626 ὅταν
3742 4571 3802 4624 δὲ

2225 4674 2544 4745 βουλόμενος
2595 4671 2776 4722 πεῖσαι
2830 4666 2920 4719 τὸν
2967 4663 3378 4745 διεφθαρμένον,
3413 4659 3507 4711 καὶ
3549 4657 3802 4745 πονηράν

2223 4738 2352 4828 περὶ
2389 4738 2559 4808 ἀὐτοῦ
2614 4750 2883 4821 πρόληψιν
2916 4748 3106 4818 ἔχοντα
3135 4743 3293 4798 τοῦτο
3339 4745 3489 4828 ποιῇ,
3520 4738 3802 4828 ,κηδεμών

2223 4825 2339 4894 ἐστι
2371 4842 2464 4894 καὶ
2485 4837 2804 4906 εὐεργέτης·
2839 4835 2974 4904 ὅπερ
3005 4828 3096 4884 οὖν
3133 4830 3228 4882 καὶ
3257 4831 3284 4881 6
3311 4826 3471 4879 Δαυῒδ
3516 4825 3798 4893 ἐποίησεν,

2222 4925 2281 4978 οὐ
2308 4925 2406 4993 τῆς
2439 4923 2567 4991 παρ’
2600 4917 2764 4971 αὐτοῦ
2791 4917 2944 4986 δόξης
2967 4913 3127 4985 ἐρῶν,
3151 4910 3284 4964 ἀλλά
3305 4911 3396 4963 τὸν
3425 4908 3802 4993 ἐρριζωμένον

2226 5009 2283 5058 ἐν
2313 4990 2462 5074 αὐτῴ
2491 4990 2657 5072 θυμὸν
2682 4999 2990 5053 ἀνασπάσαι
3017 4995 3355 5066 βουλόμενος.
3390 4993 3498 5044 Καὶ
3523 4991 3612 5042 διὰ
3639 4990 3805 5041 τοῦτο

2226 5093 2356 5162 γοῦν
2389 5090 2550 5144 αὐτὸν
2582 5087 2862 5157 ἐπῄνεσεν,
2913 5085 2993 5136 ὅτι
3041 5084 3133 5134 καὶ
3161 5079 3507 5151 εὐεργέτησε,
3557 5077 3654 5128 καὶ
3703 5076 3803 5146 τὴν

2224 5173 2537 5246 εὐεργεσίαν
2569 5168 2740 5224 εἶπεν.

2294 5278 2426 5334 Εἶτα
2451 5277 2628 5348 ζητῶν
2650 5273 2902 5344 ἀμοιϐὴν,
2935 5272 3028 5324 καὶ
3053 5269 3306 5340 οὐδεμίαν
3332 5267 3468 5337 ἔχων
3494 5264 3608 5317 τῶν
3647 5280 3803 5332 γεγε-

2223 5367 2468 5434 νημένων
2504 5361 2622 5429 ἴσην
2661 5360 2859 5426 εὐρεῖν,
2889 5355 2978 5406 τὸν
3008 5353 3138 5406 Θεὸν
3178 5351 3339 5404 αὐτὸν
3386 5348 3534 5418 αὐτῷ
3578 5348 3802 5402 δίδωσιν

2221 5432 2539 5516 ὀφειλέτην,
2591 5440 2788 5493 οὑτωσὶ
2834 5440 3034 5504 λέγων·
3093 5436 3221 5487 ’Ὀτι
3254 5439 3303 5487 εὶ
3337 5434 3494 5501 εὖροι
3547 5449 3638 5497 τις
3691 5432 3804 5483 τόν

2221 5529 2435 5599 ἐχθρὸν
2463 5525 2646 5579 αὑτοῦ
2674 5525 2740 5577 ἐν
2768 5523 2986 5588 θλίψει,
3020 5520 3118 5572 καὶ
3147 5516 3439 5599 ἐκπέμψει
3482 5517 3674 5599 αὑτὸν
3728 5516 3802 5566 ἐν

2222 5597 2340 5677 ὀδῷ
2391 5607 2602 5675 ἀγαθῇ,
2640 5607 2736 5659 καὶ
2767 5605 2982 5670 Κύριος
3017 5598 3333 5663 ἀνταποδῷ
3375 5597 3539 5662 αὐτῷ
3577 5599 3798 5666 ἀγαθὰ,

2221 5694 2417 5758 καθὼς
2441 5691 2770 5755 πεποίηκας
2797 5691 2878 5740 σὺ
2915 5687 3201 5754 σήμερον.
3253 5687 3317 5737 Τί
3359 5685 3466 5754 γὰρ
3505 5683 3600 5734 καὶ
3648 5678 3798 5749 εἶχεν

2221 5781 2369 5843 ἄξιον
2411 5774 2699 5830 ἀποδοῦναι
2755 5774 2864 5827 τῶν
2913 5772 3257 5844 εὐεργεσιῶν,
3302 5772 3349 5824 εἰ
3381 5771 3475 5824 καὶ
3518 5769 3798 5838 βασιλείαν
