4038 6360
204 464 307 520 705

202 581 397 646 ﬁcere,
430 586 488 635 ut
531 590 743 631 omnem
789 574 933 629 illam
983 572 1394 627 amaritudinem
1439 573 1778 642 exstinguat,

206 686 358 740 quem
390 684 497 724 non
523 667 772 723 obscuret
798 665 1059 731 omnium,
1091 665 1180 734 qui
1208 679 1459 734 umquam
1485 679 1644 733 super
1674 663 1791 733 phi-

201 759 456 829 losophiae.
481 758 722 813 doctrina
748 756 949 811 clarum
980 769 1324 824 promeruere
1346 754 1585 809 nomen?

275 850 426 903 Nihil
469 847 780 902 humanitate
819 847 1088 915 potentius.
1139 843 1284 898 Iram
1325 844 1499 898 sedare
1534 845 1589 898 in
1618 854 1791 899 nostra

201 951 274 996 es:
303 950 566 1012 potestate.
593 969 665 979 -—
687 941 750 994 Et
780 948 836 993 tu
862 938 1042 1009 igitur,
1069 939 1113 991 si
1143 938 1356 1008 quando
1386 937 1555 992 hostis
1584 936 1787 991 incide-

202 1036 271 1087 rit
316 1034 368 1086 in
401 1046 589 1085 manus
627 1039 779 1092 tuas,
820 1044 888 1084 ne
927 1028 1054 1084 illud
1104 1038 1281 1097 specta
1307 1069 1321 1093 ,
1348 1026 1615 1098 quomodo
1644 1028 1789 1082 illum

199 1121 477 1177 ulciscaris
502 1164 517 1187 ,
549 1121 945 1190 innumerisque
980 1118 1230 1175 conviciis
1257 1133 1600 1189 conspersum
1627 1119 1788 1174 emit-

204 1228 286 1270 tas
314 1257 327 1279 ,
354 1215 446 1270 sed
485 1213 754 1284 quomodo
794 1227 977 1276 sanes,
1030 1211 1300 1281 quomodo
1345 1211 1411 1264 ad
1451 1211 1793 1266 sobrietatem

198 1309 477 1363 reducas:
524 1321 693 1376 neque
741 1306 887 1375 prius
936 1303 1164 1359 desistas
1206 1304 1383 1359 omnia
1428 1312 1539 1358 tum
1582 1303 1789 1369 facere,

201 1411 315 1455 tum
358 1401 534 1455 dicere
560 1441 574 1465 ,
619 1399 790 1453 donec
836 1408 922 1451 tua
971 1399 1372 1453 mansuetudine
1413 1387 1792 1469 superarisil~

202 1493 306 1546 lius
356 1491 742 1546 truculentiam.
770 1489 909 1543 Nihil
947 1489 1088 1544 enim
1133 1489 1458 1544 humanitate
1502 1490 1789 1559 potentius.

203 1585 358 1653 Quod
423 1584 594 1652 ipsum
660 1582 876 1652 quidam
933 1581 1254 1646 declaravit,
1315 1580 1500 1637 dicens
1551 1598 1564 1634 :
1611 1580 1793 1637 Sermo

204 1676 373 1729 mollis
416 1674 697 1744 confringet
740 1688 854 1726 ossa
897 1670 1096 1741 (Prov.
1138 1671 1227 1725 25.
1272 1672 1337 1727 15
1363 1671 1405 1741 ).
1455 1671 1617 1741 Atqui
1666 1671 1794 1742 quid

205 1784 327 1823 osse
352 1767 574 1822 durius?
601 1765 668 1819 Et
709 1776 882 1818 tamen
915 1765 958 1818 si
1002 1765 1121 1834 quis
1157 1779 1308 1834 aeque
1335 1763 1501 1818 durus
1527 1764 1599 1818 sit
1635 1770 1690 1817 et
1720 1763 1795 1817 ri-

204 1859 358 1928 gidus
385 1873 449 1912 ac
475 1856 782 1927 praefractus
801 1896 815 1919 ,
846 1865 1021 1909 tamen
1067 1854 1212 1908 illum
1258 1854 1411 1908 facile
1451 1854 1674 1921 vicerit,
1704 1854 1793 1924 qui

205 1959 483 2005 mansuete
508 1956 716 2003 tractet.
746 1948 821 2001 Ac
845 1960 1050 2011 rursus,
1074 1946 1348 2014 Responsio
1376 1947 1623 2001 submissa
1651 1962 1793 1999 aver-

205 2051 264 2094 ιιι
291 2042 393 2095 iras
436 2038 617 2109 (Prov.
650 2038 840 2108 15.1).
874 2036 1022 2092 Unde
1047 2037 1211 2106 liquet
1231 2047 1289 2090 ut
1316 2036 1487 2091 hostis
1510 2036 1745 2091 irritetur
1773 2079 1789 2103 ,

207 2142 300 2186 aut
325 2131 697 2186 reconcilietur
721 2171 736 2194 ,
768 2128 935 2198 magis
964 2128 1015 2181 in
1040 2137 1126 2182 tua
1158 2136 1416 2196 potestate
1442 2142 1563 2182 esse
1585 2168 1603 2195 ,
1634 2143 1793 2197 quam

207 2225 368 2278 illius.
388 2222 501 2277 Non
528 2221 671 2276 enim
694 2221 746 2274 in
774 2221 837 2274 iis
856 2220 942 2290 qui
972 2218 1047 2273 ira
1072 2220 1325 2274 commoti
1345 2228 1489 2285 sunt,
1508 2218 1599 2273 sed
1622 2217 1674 2272 in
1692 2232 1791 2272 no-

209 2315 292 2370 bis
319 2315 478 2368 situm
506 2321 609 2380 est,
647 2322 704 2367 ut
731 2312 815 2367 vel
841 2312 1206 2381 exstinguatur
1231 2310 1444 2365 illorum
1471 2311 1571 2376 ira,
1598 2310 1683 2365 vel
1724 2310 1792 2365 ad

208 2406 382 2475 majus
421 2405 653 2459 irritetur
690 2403 1014 2458 incendium.
1046 2402 1112 2456 Et
1158 2401 1260 2456 hoc
1308 2403 1435 2457 item
1482 2402 1572 2472 qui
1615 2401 1792 2471 priora

208 2498 360 2561 dixit,
385 2496 609 2565 simplici
639 2495 925 2550 declaravit
951 2494 1214 2563 exemplo.
1238 2494 1385 2548 Sicut
1405 2494 1571 2561 enim,
1596 2493 1788 2563 inquit,

207 2591 252 2644 si
298 2588 539 2643 insufﬂes
566 2588 619 2642 in
667 2586 950 2642 scintillam
995 2586 1171 2655 ignis,
1202 2586 1401 2640 excitas
1445 2584 1789 2640 incendium:

207 2691 392 2735 contra
418 2721 433 2744 ,
466 2679 510 2732 si
552 2679 767 2747 inspuas
791 2718 804 2738 ,
834 2676 1126 2746 exstingnis
1150 2718 1165 2742 ,
1197 2686 1250 2731 et
1278 2686 1562 2745 utrumque
1600 2675 1691 2729 tibi
1737 2675 1791 2730 in

210 2786 371 2824 tuanu
398 2778 479 2825 est
506 2769 777 2840 (quoniam
811 2765 1105 2837 Utrumque,
1139 2765 1331 2836 inquit,
1360 2781 1423 2819 ea:
1449 2782 1535 2819 ore
1563 2774 1648 2818 tuo
1668 2781 1793 2836 pro-

208 2864 450 2932 ﬁciscitur
476 2862 660 2935 [Eccli.
683 2860 773 2916 28.
806 2859 894 2932 14]
914 2862 931 2930 )
952 2878 965 2914 :
984 2860 1060 2914 sic
1080 2869 1135 2913 et
1164 2859 1217 2912 in
1244 2859 1518 2913 inimicitia
1546 2858 1599 2913 in
1621 2856 1794 2928 proxi-

208 2972 353 3010 mum
375 2995 389 3019 ,
408 2955 452 3008 si
471 2953 678 3007 inﬂatos
699 2967 761 3007 ac
777 2951 1031 3006 vecordes
1050 2951 1257 3020 ingeras
1276 2965 1573 3016 sermones,
1591 2950 1793 3005 excitas

210 3048 385 3118 ignem
416 3046 556 3099 illius
576 3085 591 3110 ,
622 3042 869 3099 accendis
893 3042 1154 3097 carbones
1179 3059 1191 3094 :
1217 3041 1300 3095 sin
1331 3042 1488 3095 mites
1516 3055 1578 3095 ac
1603 3040 1791 3095 mode-

208 3148 355 3192 ratos
402 3136 688 3191 admoveas
731 3149 1005 3189 sermones
1034 3174 1049 3200 ,
1090 3133 1393 3203 priusquam
1441 3132 1789 3200 exardescat,

207 3230 343 3283 iram
368 3242 578 3282 omnem
606 3226 943 3281 exstinxeris.
966 3224 1042 3279 Ne
1069 3224 1269 3278 dixeris
1300 3224 1459 3294 igitur
1483 3242 1495 3278 :
1520 3224 1645 3278 Haec
1670 3240 1793 3295 pas-

208 3336 300 3377 sus
325 3336 467 3385 sum,
496 3326 587 3373 aut
608 3321 722 3373 haec
749 3318 957 3381 audivi,
982 3332 1101 3372 cum
1130 3316 1243 3371 haec
1265 3317 1443 3370 omnia
1473 3316 1579 3372 sint
1606 3317 1657 3370 in
1704 3325 1792 3370 tua

208 3424 490 3482 p0testate.
526 3412 636 3465 Iloc
661 3412 803 3465 enim
833 3418 988 3479 pacto
1012 3410 1143 3463 iram
1170 3408 1327 3464 veluti
1357 3409 1641 3463 scintillam
1666 3450 1682 3475 ,
1706 3408 1791 3463 vel

206 3504 547 3572 exstinguere
590 3501 672 3555 vel
697 3500 1011 3564 accendere,
1042 3498 1379 3568 furoremque
1403 3500 1487 3554 vel
1520 3500 1751 3554 excitare
1772 3540 1787 3563 ,

205 3597 291 3651 vel
310 3604 495 3650 contra
517 3593 702 3648 sedare
721 3634 736 3657 ,
760 3593 811 3646 in
841 3600 892 3647 te
919 3592 1080 3646 situm
1097 3599 1199 3645 est.
1226 3590 1356 3645 Cum
1384 3590 1580 3645 videris
1622 3591 1794 3645 inimi-

130 3704 137 3710 ’
205 3701 351 3751 tum,
378 3683 463 3739 vel
493 3683 538 3737 si
567 3684 619 3737 in
651 3693 881 3737 mentem
902 3683 1079 3736 veniat
1105 3697 1261 3751 quam
1283 3680 1445 3734 multa
1474 3690 1584 3734 tum
1613 3680 1796 3734 audie-

206 3793 318 3843 ns,
346 3787 454 3831 tum
501 3790 779 3846 perpessus
818 3775 891 3828 sis
932 3774 1154 3827 molesta
1183 3814 1198 3837 ,
1230 3772 1312 3828 fac
1336 3773 1573 3827 omnium
1599 3772 1791 3827 horum

206 3869 569 3935 obliviscaris;
594 3868 799 3924 etiamsi
827 3866 1144 3929 recorderis,
1172 3874 1347 3920 tamen
1371 3864 1455 3920 fac
1492 3880 1552 3919 ea
1580 3864 1793 3920 diabolo

207 3961 460 4030 imputes.
482 3960 686 4029 Collige
714 3974 841 4013 vero
876 3959 919 4013 si
949 3957 1075 4028 quid
1102 3972 1350 4025 umquam
1381 3955 1682 4011 humaniter
1707 3957 1791 4010 vel

205 4052 344 4107 dixit
369 4052 451 4108 Vel
476 4052 618 4107 fecit.
648 4051 703 4107 Si
740 4054 791 4106 in
816 4050 1009 4106 horum
1035 4050 1403 4104 recordatione
1429 4059 1787 4104 commoratus

207 4143 408 4211 fueris,
430 4144 578 4200 ocius
606 4143 872 4199 dissolves
908 4141 1259 4195 inimicitiam.
1292 4139 1444 4206 Quod
1472 4140 1516 4194 si
1546 4149 1630 4195 est
1672 4141 1789 4193 ani-

210 4250 333 4290 mus
372 4237 518 4290 illum
557 4235 800 4291 incusare
828 4275 845 4301 ,
892 4247 1120 4303 cumque
1162 4232 1253 4286 illo
1295 4231 1676 4303 expostulare:
1710 4231 1791 4285 fac

207 4326 356 4394 prius
382 4325 598 4395 abjicias
621 4324 783 4379 animi
817 4333 1018 4379 motum
1038 4365 1053 4389 ,
1077 4323 1316 4393 iramque
1358 4314 1663 4393 exstinguas
1686 4365 1700 4389 ,
1728 4339 1791 4378 ac

209 4426 323 4471 tum
352 4431 472 4471 cum
504 4417 593 4472 illo
616 4417 893 4486 expostula
916 4457 931 4483 ,
961 4425 1071 4471 tum
1097 4430 1258 4485 argue
1276 4457 1292 4482 ,
1318 4425 1372 4471 et
1411 4416 1566 4472 facile
1593 4418 1790 4487 poteris

210 4511 448 4565 vincere.
493 4507 768 4578 Siquidem
795 4509 873 4562 ira
898 4508 1155 4563 commoti
1184 4508 1315 4562 nihil
1352 4509 1467 4562 sani
1500 4510 1790 4577 poterimus

210 4616 462 4668 umquam
488 4601 571 4655 vel
598 4600 775 4655 dicere
794 4639 809 4663 ,
834 4598 923 4653 vel
951 4599 1139 4654 audire
1167 4617 1181 4652 :
1214 4599 1308 4654 sed
1333 4614 1364 4653 a
1394 4601 1789 4670 perturbatione

210 4692 384 4754 liberi,
416 4706 515 4746 nec
545 4691 644 4760 ipsi
671 4690 891 4745 verbum
918 4690 1160 4757 asperius
1185 4705 1437 4760 umquam
1462 4691 1785 4758 emittemus,

208 4799 309 4838 nec
340 4783 455 4836 aliis
482 4782 673 4837 acerbe
700 4780 1067 4851 loquentibus,
1094 4781 1281 4837 eodem
1309 4782 1469 4837 modo
1492 4784 1785 4837 audiemus.

205 4873 393 4943 Neque
413 4873 552 4927 enim
581 4872 692 4941 ipsa
716 4871 935 4941 perinde
962 4879 1147 4925 natura
1173 4886 1359 4926 eorum
1380 4887 1497 4942 quae
1518 4872 1784 4939 dicuntur,

206 4977 368 5035 atque
411 4968 619 5019 animus
647 4963 769 5017 odio
810 4971 1099 5032 occupatus
1144 4976 1242 5016 nos
1282 4977 1601 5032 exasperare
1629 4965 1782 5019 solet.

204 5056 540 5125 Frequenter
564 5056 705 5109 enim
733 5055 811 5118 ﬁt,
838 5063 897 5108 ut
920 5069 1039 5108 cum
1066 5053 1251 5109 eadem
1277 5056 1516 5111 convicia
1543 5056 1786 5111 audimus

203 5149 275 5203 ab
298 5146 795 5214 amicisjocantibus
817 5145 1083 5200 facetiisve
1103 5145 1425 5213 ludentibus,
1447 5156 1538 5201 aut
1557 5163 1586 5202 a
1610 5150 1786 5219 pueris

207 5239 467 5308 parvulis,
489 5254 594 5293 non
618 5237 789 5292 solum
810 5237 1007 5292 nullam
1037 5237 1327 5292 sentiamus
1349 5238 1668 5303 molestiam,
1694 5256 1786 5295 ne-

204 5346 312 5399 que
336 5344 732 5398 exasperemur,
760 5328 854 5382 sed
879 5328 1148 5383 rideamus
1173 5329 1331 5383 etiam
1351 5368 1367 5395 ,
1400 5338 1558 5399 atque
1583 5330 1785 5385 exhila-

203 5435 515 5486 rr.mur,eo
565 5418 704 5489 quod
749 5419 837 5472 illa
896 5433 1002 5472 non
1050 5417 1534 5479 audiamus_animi
1591 5419 1783 5476 aﬁ'ectu

203 5519 461 5579 corrupto
485 5523 697 5580 ,neque
738 5518 915 5563 mente
960 5509 1037 5563 ira
1084 5519 1472 5579 praeoccupata.
1502 5509 1689 5565 Itidem
1730 5512 1781 5565 in

205 5604 460 5667 inimicis,
484 5604 529 5658 si
556 5602 880 5657 exstinxeris
908 5602 1061 5667 iram,
1088 5602 1133 5657 si
1164 5602 1343 5656 odium
1373 5602 1617 5671 ejeceris,
1646 5603 1781 5658 nihil

205 5695 494 5749 verborum
521 5709 640 5763 qua:
663 5693 907 5747 dicuntur
934 5703 984 5747 te
1014 5694 1205 5761 poterit
1232 5692 1522 5748 oﬂ'endere.

282 5785 335 5839 8.
370 5783 585 5857 Dignior
608 5786 844 5855 lact-ymis
863 5784 949 5853 qui
964 5784 1086 5853 facit
1107 5785 1581 5853 injuriam.—-Quid
1600 5794 1778 5841 autem

211 5877 404 5949 loquor
450 5878 517 5934 de
567 5878 793 5934 verbis?
828 5876 908 5933 Ne
957 5876 1095 5933 facta
1143 5876 1359 5948 quidem
1415 5878 1772 5949 offenderint,

1196 458 1283 513 DE
1328 456 1581 513 DAVIDE
1622 454 1710 512 ET
1749 455 1972 512 SAULE
2014 452 2296 515 llOMlLlA
2339 455 2425 510 Ill.

3363 455 3475 514 706

1898 569 2349 640 quemadmodum
2390 585 2491 626 nec
2526 571 2739 627 beatum
2777 571 2920 627 hunc
2960 572 3248 643 quidquam
3291 574 3483 632 horum

1898 660 2120 717 offendit
2149 678 2165 720 :
2194 661 2289 718 sed
2327 677 2453 717 cum
2479 662 2688 718 videret
2725 662 2996 718 inimicum
3022 662 3278 719 adversus
3317 665 3484 735 ipsius

1900 753 2316 810 incolumitatem
2351 762 2635 820 armatum,
2663 752 2925 824 hujusque
2954 755 3121 824 gratia
3145 754 3276 810 nihil
3306 756 3483 811 inten-

1900 856 2065 902 tatum
2094 847 2506 918 relinquentem,
2532 862 2639 902 non
2664 847 2839 902 solum
2862 862 2966 914 non
2997 857 3079 903 est
3100 859 3444 919 exasperatus
3464 889 3482 916 ,

1896 955 2086 993 verum
2111 940 2280 1009 magis
2324 940 2462 994 illius
2499 939 2728 994 indoluit
2753 939 2909 994 malis
2937 956 2953 994 :
2981 955 3087 1010 quo
3113 939 3485 995 vehementius

1896 1029 2245 1085 insidiabatur
2270 1030 2379 1098 ille,
2401 1030 2504 1086 hoc
2531 1030 2821 1100 impensius
2841 1045 2963 1086 eum
2985 1031 3217 1087 deﬂevit.
3254 1032 3487 1089 Noverat

1897 1120 2072 1187 enim,
2104 1129 2363 1188 noverat,
2392 1121 2613 1191 inquam
2633 1163 2648 1187 ,
2670 1131 2819 1176 certo
2847 1163 2863 1187 ,
2894 1137 3000 1177 non
3023 1139 3145 1178 eum
3171 1124 3261 1194 qui
3285 1125 3484 1194 patitur

1899 1212 2170 1283 injuriam,
2196 1213 2291 1269 sed
2313 1214 2403 1285 qui
2432 1213 2578 1282 facit,
2611 1215 2860 1287 laerymis
2882 1231 2944 1271 ac
2970 1217 3218 1273 lamentis
3243 1234 3363 1275 esse
3384 1219 3472 1274 di-

1897 1310 2109 1373 gnum,
2142 1313 2202 1359 ut
2232 1306 2322 1375 qui
2357 1305 2513 1361 laedat
2537 1306 2793 1377 seipsum.
2826 1307 2951 1363 Ideo
2980 1307 3137 1378 longa
3171 1310 3310 1379 apud
3335 1310 3487 1365 illum

1898 1398 2242 1453 excusatione
2268 1407 2352 1453 est
2377 1414 2502 1454 usus
2521 1440 2538 1466 ,
2565 1416 2667 1455 nec
2687 1400 2834 1468 prius
2857 1400 3093 1469 destitit,
3120 1417 3281 1472 quam
3298 1412 3353 1458 et
3383 1402 3483 1457 ho-

1899 1498 2038 1544 stem
2071 1500 2432 1547 commoveret
2458 1492 2525 1547 ad
2564 1493 2959 1549 excusationem
2988 1508 3109 1549 cum
3150 1495 3399 1565 lacrymis
3423 1510 3488 1551 ac

1902 1584 2170 1639 lamentis.
2214 1584 2565 1655 Posteaquam
2591 1587 2733 1641 enim
2761 1586 2989 1655 ploravit
3017 1602 3311 1657 vocemque
3336 1603 3490 1643 ama-

1899 1688 2013 1727 ram
2055 1675 2231 1731 emisit
2262 1716 2279 1742 ,
2324 1685 2672 1746 posteaquam
2711 1676 2857 1733 clare
2888 1678 3105 1747 ejulavit
3136 1719 3152 1745 ,
3191 1678 3320 1748 quid
3349 1679 3493 1734 dicat

1897 1764 2042 1818 audi.
2062 1763 2260 1820 Justior
2286 1774 2340 1819 tu
2359 1782 2441 1819 me
2460 1782 2511 1820 es
2532 1807 2547 1831 ,
2564 1767 2804 1836 quoniam
2820 1777 2873 1821 tu
2889 1769 3013 1821 mihi
3036 1769 3311 1823 retribuisti
3332 1770 3490 1837 bona,

1898 1871 1989 1925 ego
2016 1871 2133 1909 vero
2177 1857 2385 1911 retribui
2432 1857 2520 1911 tibi
2549 1859 2685 1912 mala
2712 1858 2787 1930 (l.
2816 1859 2945 1930 Reg.
2972 1858 3063 1914 24.
3089 1860 3201 1931 18).
3246 1860 3409 1916 Vides
3436 1870 3495 1915 ut

1899 1961 2054 2003 suam
2080 1948 2245 2019 ipsius
2270 1950 2487 2005 damnat
2517 1951 2774 2005 malitiam
2798 1993 2812 2016 ,
2840 1966 2903 2005 ac
2927 1952 3058 2020 justi
3079 1954 3329 2007 virtutem
3351 1969 3488 2024 pra:-

1896 2038 2057 2105 dicat,
2086 2040 2337 2111 nulloque
2356 2050 2580 2110 cogente
2608 2041 2781 2111 ipsum
2809 2041 3033 2112 purgat?
3056 2041 3204 2097 Idem
3224 2051 3280 2098 tu
3308 2043 3487 2098 facito.

1896 2130 2025 2186 Cum
2056 2131 2227 2187 hostis
2257 2131 2540 2188 oll'enderit
2566 2133 2618 2187 in
2662 2148 2852 2188 manus
2880 2143 2995 2189 tuas
3019 2176 3034 2201 ,
3079 2135 3191 2189 noli
3230 2149 3485 2190 accusare

1896 2220 2067 2283 illum,
2099 2221 2195 2275 sed
2233 2221 2405 2291 ipsum
2457 2238 2643 2293 purga,
2690 2232 2749 2278 ut
2776 2223 2925 2278 illum
2974 2226 3239 2295 perpellas
3287 2226 3357 2281 ad
3403 2226 3489 2281 sui

1896 2311 2065 2381 ipsius
2093 2308 2614 2369 condemnationem.
2647 2314 2779 2369 Nam
2816 2314 2862 2370 si
2901 2330 3001 2371 nos
3028 2331 3361 2385 accusemus,
3389 2332 3486 2373 ex-

1900 2413 2215 2473 asperatur:
2242 2404 2325 2460 sin
2364 2419 2462 2460 nos
2488 2405 2941 2471 excusaverimus,
2975 2406 3066 2462 ille
3089 2408 3350 2464 reveritus
3387 2422 3490 2464 no-

1896 2504 2059 2549 stram
2087 2496 2471 2551 humanitatem
2494 2536 2509 2560 ,
2537 2511 2664 2551 mox
2689 2497 2925 2568 seipsum
2944 2497 3340 2554 condemnabit.
3370 2500 3488 2556 Hoc

1895 2592 2051 2654 pacto
2079 2586 2238 2641 simul
2266 2594 2321 2641 ct
2347 2586 2649 2658 redargutio
2679 2588 2737 2643 ﬁt
2756 2603 2947 2645 carens
2973 2592 3295 2661 suspicione,
3321 2603 3376 2648 et
3396 2594 3488 2650 ille

1894 2689 2109 2730 omnem
2134 2677 2281 2731 exuit
2308 2676 2587 2732 malitiam.
2631 2677 2787 2744 Quod
2815 2687 2870 2733 et
2900 2679 2985 2734 hic
3009 2681 3222 2737 evenit:
3249 2698 3373 2738 cum
3405 2693 3487 2738 ta-

1895 2774 1983 2820 cet
2012 2766 2056 2821 is
2081 2767 2171 2837 qui
2198 2766 2418 2822 aﬁ‘ectus
2454 2776 2568 2821 erat
2595 2767 2787 2836 injuria
2810 2809 2826 2832 ,
2870 2768 2916 2823 is
2945 2770 3035 2839 qui
3066 2769 3268 2826 fecerat
3306 2773 3477 2829 multa

1895 2872 2021 2913 cum
2062 2858 2396 2914 vehementia
2424 2859 2658 2928 seipsum
2688 2869 2922 2936 accusat.
2964 2860 3149 2931 Neque
3177 2863 3318 2917 enim
3348 2865 3481 2918 sima

1896 2948 2103 3019 pliciter
2129 2949 2282 3015 dixit,
2311 2948 2505 3004 Fecisti
2535 2950 2663 3004 mihi
2692 2950 2852 3017 bona,
2881 2951 2997 3017 sed,
3029 2950 3332 3008 Retribuisti
3359 2956 3485 3009 mihi

1898 3041 2065 3095 bona:
2088 3040 2190 3095 hoc
2217 3050 2319 3105 est,
2348 3040 2454 3096 Pro
2481 3041 2707 3108 insidiis,
2730 3057 2827 3113 pro
2855 3043 3031 3108 caede,
3063 3059 3161 3113 pro
3189 3046 3345 3101 malis
3373 3046 3481 3102 illis

1899 3133 2195 3189 innumeris
2218 3148 2406 3204 magna
2434 3134 2563 3188 mihi
2587 3136 2873 3205 rependisti
2897 3135 3175 3192 beneﬁcia.
3198 3138 3267 3194 At
3286 3154 3386 3210 ego
3415 3156 3484 3197 ne

1900 3225 1979 3279 sic
2007 3224 2226 3295 quidem
2256 3224 2427 3280 factus
2469 3240 2588 3280 sum
2632 3227 2822 3282 melior
2849 3268 2864 3292 ,
2892 3227 2987 3283 sed
3014 3238 3135 3297 post
3163 3229 3250 3285 illa
3282 3239 3367 3285 tua
3395 3232 3489 3286 be-

1896 3315 2105 3371 nefacta
2128 3317 2463 3386 perseveravi
2493 3317 2545 3370 in
2572 3317 2772 3371 malitia
2807 3335 2820 3371 :
2847 3328 2902 3371 tu
2922 3333 3050 3373 vero
3077 3334 3145 3374 ne
3169 3321 3247 3375 sic
3271 3321 3488 3391 quidem

1895 3423 1955 3463 es
1981 3408 2306 3474 immutatus,
2330 3409 2425 3463 sed
2446 3418 2753 3464 constanter
2780 3418 2927 3464 tuum
2954 3410 3231 3468 obtinuiin
3252 3428 3479 3481 morem,

1896 3514 1995 3554 nos
2034 3501 2225 3554 iterum
2265 3499 2361 3554 tibi
2391 3499 2705 3555 insidiantes
2743 3500 3015 3555 beneﬁciis
3044 3517 3392 3573 prosequens.
3418 3505 3478 3561 lu

1897 3588 2045 3644 hisce
2083 3591 2306 3661 singulis
2335 3591 2511 3646 verbis
2536 3631 2550 3652 ,
2591 3600 2721 3661 quot
2765 3593 2979 3646 coronis
3018 3593 3208 3664 dignus
3238 3598 3485 3665 apparuit

1899 3680 2097 3734 David?
2123 3682 2453 3751 Quamquam
2480 3681 2624 3735 enim
2654 3696 2716 3737 os
2750 3682 2925 3737 Sutilis
2962 3684 3062 3738 ista
3092 3685 3349 3750 sonabat,
3379 3701 3475 3741 sa-

1896 3771 2091 3840 pientia
2112 3780 2287 3826 tamen
2308 3780 2364 3826 et
2388 3788 2476 3827 ars
2500 3772 2710 3827 Davidis
2736 3788 2795 3827 ea
2823 3775 2873 3827 in
2900 3774 3137 3829 animum
3164 3774 3304 3831 illius
3327 3778 3477 3832 inse-

1896 3871 2066 3916 verat.
2123 3863 2441 3917 Renuntiasti
2472 3906 2487 3929 ,
2533 3864 2701 3934 inquit
2730 3906 2746 3930 ,
2787 3864 2911 3917 mihi
2941 3866 3087 3918 hodie
3110 3883 3223 3936 qua:
3246 3868 3372 3921 mihi
3399 3873 3481 3939 fe-

1895 3954 2020 4006 ceris
2068 3955 2195 4006 bona
2225 3995 2239 4018 ,
2286 3970 2404 4006 cum
2445 3971 2523 4008 me
2573 3954 2820 4008 Dominus
2869 3956 3018 4009 hodie
3079 3958 3376 4012 concluserit
3422 3961 3479 4013 in

1896 4060 2077 4097 manus
2098 4055 2231 4110 tuas,
2252 4061 2339 4098 nec
2355 4043 2599 4098 occideris
2619 4062 2698 4098 me
2717 4045 2789 4116 (l.
2814 4046 2937 4117 Reg.
2956 4045 3174 4117 24.19).
3195 4047 3274 4101 En
3290 4062 3478 4103 rursus

1895 4134 1964 4189 de
1991 4136 2155 4189 altera
2184 4136 2304 4204 ejus
2330 4135 2526 4188 virtute
2566 4135 2836 4204 perhibuit
2860 4137 3218 4191 testimonium
3240 4180 3255 4204 ,
3285 4138 3477 4195 videli-

1897 4235 2005 4289 cet,
2034 4227 2175 4297 quod
2207 4226 2571 4280 benemeritus
2592 4241 2697 4280 non
2732 4227 2992 4292 tacuerit,
3024 4242 3196 4298 neque
3223 4228 3480 4284 dissimu-

1896 4318 2127 4380 laverit,
2174 4317 2268 4371 sed
2321 4316 2584 4371 accedens
2633 4317 2931 4371 narraverit
2960 4333 2974 4375 ;
3004 4333 3107 4371 non
3149 4318 3364 4388 quidem
3410 4320 3478 4374 ad

1894 4408 2306 4463 ostentationem
2332 4448 2346 4471 ,
2377 4408 2469 4462 sed
2501 4408 2629 4477 ipsis
2660 4407 2812 4462 factis
2839 4407 2986 4462 illum
3014 4409 3209 4464 docere
3228 4412 3473 4480 cupiens,

1894 4516 1951 4555 se
1971 4501 2038 4555 de
2067 4516 2288 4555 numero
2317 4515 2505 4555 eorum
2532 4515 2652 4554 esse
2679 4539 2694 4563 ,
2738 4500 2827 4568 qui
2858 4500 2969 4570 regi
3008 4500 3147 4555 bene
3174 4513 3426 4570 cuperent
3457 4544 3476 4571 ,

1894 4594 2116 4663 ejusque
2142 4592 2435 4648 commodis
2466 4593 2832 4662 prospicerent
2858 4634 2873 4659 ,
2903 4608 3007 4646 non
3028 4608 3214 4648 eorum
3242 4596 3330 4663 qui
3362 4605 3475 4650 ten-

1892 4685 2081 4741 derent
2109 4684 2347 4739 insidias.
2394 4684 2528 4738 Tum
2574 4685 2719 4737 enim
2765 4683 2842 4737 fas
2886 4692 2970 4738 est
2999 4687 3212 4755 propria
3241 4702 3478 4742 comme-

1892 4794 2102 4833 morare
2128 4778 2405 4844 beneﬁcia,
2436 4792 2557 4832 cum
2582 4777 2802 4846 insignis
2823 4776 2949 4833 hinc
2968 4787 3213 4848 speratur
3240 4781 3467 4835 utilitas.

1891 4872 2023 4925 Nam
2076 4871 2285 4940 quoties
2332 4870 2473 4924 nulla
2523 4870 2641 4923 data
2696 4871 2979 4926 occasione
3031 4871 3197 4940 jactat
3238 4872 3355 4941 quis
3411 4887 3475 4928 ac

1893 4963 2147 5034 prtedicat
2192 4976 2286 5015 sua
2333 4962 2384 5015 in
2422 4962 2585 5015 alium
2622 4961 2878 5017 beneﬁcia
2903 5003 2918 5027 ,
2970 4962 3137 5016 nihilo
3169 4963 3361 5017 melior
3390 4972 3475 5018 est

1891 5055 2243 5124 exprobrante
2276 5070 2291 5117 ;
2339 5062 2590 5108 caeterum
2620 5052 2833 5123 quoties
2864 5052 2919 5107 id
2952 5051 3113 5117 facit,
3143 5060 3201 5107 ut
3229 5052 3367 5107 male
3396 5055 3475 5105 af-

1890 5146 2082 5200 fectum
2112 5155 2166 5200 et
2210 5159 2426 5214 pravam
2459 5143 2526 5197 de
2555 5142 2670 5212 ipso
2713 5144 3017 5212 Opinionem
3049 5142 3332 5197 habentem
3379 5142 3472 5196 fle-

1889 5248 1998 5294 otat
2026 5239 2077 5292 in
2104 5237 2395 5300 diversum,
2429 5237 2473 5291 is
2495 5246 2548 5291 et
2578 5246 2792 5290 curator
2818 5246 2897 5289 est
2922 5244 2975 5289 et
2994 5233 3297 5290 beneﬁcus:
3328 5234 3470 5304 qund

1889 5344 2018 5384 sane
2058 5329 2184 5384 fecit
2212 5328 2371 5381 David
2396 5369 2410 5392 ,
2444 5342 2548 5382 non
2576 5342 2605 5381 a
2638 5327 2800 5382 Saﬁle
2824 5326 3050 5394 gloriam
3079 5334 3300 5395 captans
3328 5366 3342 5389 ,
3376 5326 3470 5380 sed

1888 5422 2023 5474 iram
2065 5420 2118 5473 in
2162 5419 2253 5472 illo
2296 5418 2583 5474 radicatam
2621 5417 2850 5472 evellere
2880 5415 3121 5471 studens.
3152 5417 3326 5486 Atque
3352 5415 3471 5469 ideo

1889 5512 2016 5568 Saﬁl
2054 5510 2375 5567 collaudavit
2397 5526 2520 5565 eum
2548 5552 2563 5577 ,
2586 5508 2728 5579 quod
2759 5518 2811 5563 et
2829 5508 3189 5564 benemeritus
3215 5517 3394 5572 esset,
3416 5517 3471 5562 et

1888 5605 2075 5659 merita
2109 5611 2598 5658 commemorasset.

1955 5695 2087 5751 Tum
2118 5696 2334 5751 maxime
2375 5706 2509 5752 certa
2530 5712 2622 5750 nos
2649 5702 2852 5750 manent
2881 5694 3020 5765 apud
3042 5692 3209 5748 Deum
3236 5694 3464 5763 prmia,

1886 5804 2000 5842 cum
2025 5787 2085 5841 ab
2113 5787 2397 5841 hominibus
2421 5796 2690 5859 negantur.
2710 5815 2781 5827 —
2806 5785 2937 5842 Dein
2966 5800 3091 5841 cum
3108 5786 3234 5841 Saitl
3262 5784 3466 5840 referre

1888 5883 2111 5955 gratiam
2131 5881 2353 5953 cupiens
2376 5919 2392 5947 ,
2417 5894 2526 5937 non
2553 5879 2823 5939 inveniret
2849 5877 3015 5936 ullam
3034 5892 3222 5949 parem
3243 5916 3262 5949 ,
3290 5877 3463 5948 ipsum
