  <div class='ocr_page' id='page_1' title='image "/cluster/home/n/w/nwhite01/storage/ocr_20150623/54/nnc1.0046978518/333.png"; bbox 0 0 4038 6360; ppageno 0'>
   <div class='ocr_carea' id='block_1_1' title="bbox 590 448 3103 523">
    <p class='ocr_par' dir='ltr' id='par_1_1' title="bbox 590 448 3103 523">
     <span class='ocr_line' id='line_1_1' title="bbox 590 448 3103 523; baseline 0.01 -26"><span class='ocrx_word' id='word_1_1' title='bbox 590 459 695 515; x_wconf 75' lang='lat'><strong>707</strong></span> <span class='ocrx_word' id='word_1_2' title='bbox 1314 455 1370 511; x_wconf 91' lang='lat' dir='ltr'><strong>S.</strong></span> <span class='ocrx_word' id='word_1_3' title='bbox 1409 453 1684 511; x_wconf 77' lang='lat' dir='ltr'><strong>JOANNIS</strong></span> <span class='ocrx_word' id='word_1_4' title='bbox 1719 448 2189 509; x_wconf 73' lang='lat' dir='ltr'><strong>CHRYSUSTOM!</strong></span> <span class='ocrx_word' id='word_1_5' title='bbox 2231 452 2541 513; x_wconf 69' lang='lat' dir='ltr'><strong>ARClllEP.</strong></span> <span class='ocrx_word' id='word_1_6' title='bbox 2581 461 3103 523; x_wconf 79' lang='lat' dir='ltr'><strong>CONSTANTINOP.</strong></span> 
     </span>
    </p>
   </div>
   <div class='ocr_carea' id='block_1_2' title="bbox 588 568 2150 641">
    <p class='ocr_par' dir='ltr' id='par_1_2' title="bbox 588 568 2150 641">
     <span class='ocr_line' id='line_1_2' title="bbox 588 568 2150 641; baseline -0.004 -14"><span class='ocrx_word' id='word_1_7' title='bbox 588 574 751 627; x_wconf 80' lang='lat' dir='ltr'><strong>Deum</strong></span> <span class='ocrx_word' id='word_1_8' title='bbox 782 571 852 626; x_wconf 90' lang='lat' dir='ltr'><strong>illi</strong></span> <span class='ocrx_word' id='word_1_9' title='bbox 883 585 979 641; x_wconf 90' lang='lat' dir='ltr'><strong>pro</strong></span> <span class='ocrx_word' id='word_1_10' title='bbox 1007 584 1066 624; x_wconf 85' lang='lat' dir='ltr'><strong>se</strong></span> <span class='ocrx_word' id='word_1_11' title='bbox 1104 570 1377 624; x_wconf 87' lang='lat' dir='ltr'><strong>constituit</strong></span> <span class='ocrx_word' id='word_1_12' title='bbox 1411 569 1705 625; x_wconf 78' lang='lat' dir='ltr'><strong>debitorem</strong></span> <span class='ocrx_word' id='word_1_13' title='bbox 1743 610 1759 635; x_wconf 94' lang='lat'><strong>,</strong></span> <span class='ocrx_word' id='word_1_14' title='bbox 1798 568 1869 622; x_wconf 85' lang='lat' dir='ltr'><strong>ita</strong></span> <span class='ocrx_word' id='word_1_15' title='bbox 1896 568 2150 637; x_wconf 87' lang='lat' dir='ltr'><strong>loquens:</strong></span> 
     </span>
    </p>
   </div>
   <div class='ocr_carea' id='block_1_3' title="bbox 585 660 2147 730">
    <p class='ocr_par' dir='ltr' id='par_1_3' title="bbox 585 660 2147 730">
     <span class='ocr_line' id='line_1_3' title="bbox 585 660 2147 730; baseline -0.004 -13"><span class='ocrx_word' id='word_1_16' title='bbox 585 663 648 717; x_wconf 88' lang='lat' dir='ltr'><strong>Si</strong></span> <span class='ocrx_word' id='word_1_17' title='bbox 674 664 887 717; x_wconf 75' lang='lat' dir='ltr'><strong>inveniet</strong></span> <span class='ocrx_word' id='word_1_18' title='bbox 925 661 1106 729; x_wconf 75' lang='lat' dir='ltr'><strong>aliquis</strong></span> <span class='ocrx_word' id='word_1_19' title='bbox 1143 662 1402 715; x_wconf 85' lang='lat' dir='ltr'><strong>inimicum</strong></span> <span class='ocrx_word' id='word_1_20' title='bbox 1426 674 1570 715; x_wconf 72' lang='lat' dir='ltr'><strong>suum</strong></span> <span class='ocrx_word' id='word_1_21' title='bbox 1603 662 1655 714; x_wconf 85' lang='lat' dir='ltr'><strong>in</strong></span> <span class='ocrx_word' id='word_1_22' title='bbox 1680 661 1911 730; x_wconf 67' lang='lat' dir='ltr'><strong>argustia</strong></span> <span class='ocrx_word' id='word_1_23' title='bbox 1942 701 1960 725; x_wconf 93' lang='lat'><strong>,</strong></span> <span class='ocrx_word' id='word_1_24' title='bbox 1990 669 2037 713; x_wconf 89' lang='lat' dir='ltr'><strong>et</strong></span> <span class='ocrx_word' id='word_1_25' title='bbox 2066 660 2147 712; x_wconf 84' lang='lat' dir='ltr'><strong>di-</strong></span> 
     </span>
    </p>
   </div>
   <div class='ocr_carea' id='block_1_4' title="bbox 583 750 2143 817">
    <p class='ocr_par' dir='ltr' id='par_1_4' title="bbox 583 750 2143 817">
     <span class='ocr_line' id='line_1_4' title="bbox 583 750 2143 817; baseline -0.001 -12"><span class='ocrx_word' id='word_1_26' title='bbox 583 759 736 806; x_wconf 83' lang='lat' dir='ltr'><strong>mittet</strong></span> <span class='ocrx_word' id='word_1_27' title='bbox 768 753 914 806; x_wconf 87' lang='lat' dir='ltr'><strong>illum</strong></span> <span class='ocrx_word' id='word_1_28' title='bbox 938 754 991 806; x_wconf 88' lang='lat' dir='ltr'><strong>in</strong></span> <span class='ocrx_word' id='word_1_29' title='bbox 1022 754 1101 807; x_wconf 82' lang='lat' dir='ltr'><strong>via</strong></span> <span class='ocrx_word' id='word_1_30' title='bbox 1128 753 1259 807; x_wconf 84' lang='lat' dir='ltr'><strong>bona</strong></span> <span class='ocrx_word' id='word_1_31' title='bbox 1287 794 1303 817; x_wconf 90' lang='lat'><strong>,</strong></span> <span class='ocrx_word' id='word_1_32' title='bbox 1331 760 1380 805; x_wconf 79' lang='lat' dir='ltr'><strong>et</strong></span> <span class='ocrx_word' id='word_1_33' title='bbox 1406 751 1655 805; x_wconf 82' lang='lat' dir='ltr'><strong>Dominus</strong></span> <span class='ocrx_word' id='word_1_34' title='bbox 1679 752 1851 805; x_wconf 84' lang='lat' dir='ltr'><strong>reddet</strong></span> <span class='ocrx_word' id='word_1_35' title='bbox 1879 750 1959 803; x_wconf 88' lang='lat' dir='ltr'><strong>illi</strong></span> <span class='ocrx_word' id='word_1_36' title='bbox 1985 750 2143 816; x_wconf 84' lang='lat' dir='ltr'><strong>bona,</strong></span> 
     </span>
    </p>
   </div>
   <div class='ocr_carea' id='block_1_5' title="bbox 577 840 2139 913">
    <p class='ocr_par' dir='ltr' id='par_1_5' title="bbox 577 840 2139 913">
     <span class='ocr_line' id='line_1_5' title="bbox 577 840 2139 913; baseline -0.001 -17"><span class='ocrx_word' id='word_1_37' title='bbox 577 842 994 913; x_wconf 75' lang='lat' dir='ltr'><strong>quemadmodum</strong></span> <span class='ocrx_word' id='word_1_38' title='bbox 1024 845 1183 913; x_wconf 73' lang='lat' dir='ltr'><strong>fecisti</strong></span> <span class='ocrx_word' id='word_1_39' title='bbox 1212 852 1265 896; x_wconf 89' lang='lat' dir='ltr'><strong>tu</strong></span> <span class='ocrx_word' id='word_1_40' title='bbox 1288 843 1410 896; x_wconf 77' lang='lat' dir='ltr'><strong>mihi</strong></span> <span class='ocrx_word' id='word_1_41' title='bbox 1438 842 1585 897; x_wconf 80' lang='lat' dir='ltr'><strong>hodie</strong></span> <span class='ocrx_word' id='word_1_42' title='bbox 1615 842 1703 913; x_wconf 81' lang='grc' dir='ltr'><strong>(ι.</strong></span> <span class='ocrx_word' id='word_1_43' title='bbox 1729 841 1854 911; x_wconf 81' lang='lat' dir='ltr'><strong>Reg.</strong></span> <span class='ocrx_word' id='word_1_44' title='bbox 1882 840 1971 895; x_wconf 55' lang='lat' dir='ltr'><strong>9A.</strong></span> <span class='ocrx_word' id='word_1_45' title='bbox 2003 840 2074 897; x_wconf 70' lang='grc'><strong>20</strong></span> <span class='ocrx_word' id='word_1_46' title='bbox 2098 841 2139 911; x_wconf 92' lang='grc'><strong>).</strong></span> 
     </span>
    </p>
   </div>
   <div class='ocr_carea' id='block_1_6' title="bbox 574 930 3772 1013">
    <p class='ocr_par' dir='ltr' id='par_1_6' title="bbox 574 930 3772 1013">
     <span class='ocr_line' id='line_1_6' title="bbox 574 930 3772 1013; baseline 0.005 -27"><span class='ocrx_word' id='word_1_47' title='bbox 574 933 710 999; x_wconf 83' lang='lat' dir='ltr'><strong>Quid</strong></span> <span class='ocrx_word' id='word_1_48' title='bbox 760 934 901 988; x_wconf 89' lang='lat' dir='ltr'><strong>enim</strong></span> <span class='ocrx_word' id='word_1_49' title='bbox 943 942 1149 1003; x_wconf 96' lang='lat' dir='ltr'><strong>poterat</strong></span> <span class='ocrx_word' id='word_1_50' title='bbox 1205 932 1333 989; x_wconf 74' lang='lat' dir='ltr'><strong>Sainl</strong></span> <span class='ocrx_word' id='word_1_51' title='bbox 1394 948 1658 1002; x_wconf 82' lang='lat' dir='ltr'><strong>reponere</strong></span> <span class='ocrx_word' id='word_1_52' title='bbox 1717 932 1933 1001; x_wconf 85' lang='lat' dir='ltr'><strong>dignum</strong></span> <span class='ocrx_word' id='word_1_53' title='bbox 1982 932 2143 987; x_wconf 90' lang='lat' dir='ltr'><strong>meri-</strong></span> <span class='ocrx_word' id='word_1_54' title='bbox 2242 930 2448 984; x_wconf 87' lang='lat' dir='ltr'><strong>etiamsi</strong></span> <span class='ocrx_word' id='word_1_55' title='bbox 2475 932 2601 988; x_wconf 89' lang='lat' dir='ltr'><strong>feris</strong></span> <span class='ocrx_word' id='word_1_56' title='bbox 2626 936 2869 992; x_wconf 90' lang='lat' dir='ltr'><strong>omnibus</strong></span> <span class='ocrx_word' id='word_1_57' title='bbox 2895 937 3115 994; x_wconf 90' lang='lat' dir='ltr'><strong>fuissent</strong></span> <span class='ocrx_word' id='word_1_58' title='bbox 3137 942 3467 1011; x_wconf 91' lang='lat' dir='ltr'><strong>immitiores,</strong></span> <span class='ocrx_word' id='word_1_59' title='bbox 3502 946 3695 1013; x_wconf 88' lang='lat' dir='ltr'><strong>pudore</strong></span> <span class='ocrx_word' id='word_1_60' title='bbox 3720 959 3772 1000; x_wconf 85' lang='lat' dir='ltr'><strong>ta</strong></span> 
     </span>
    </p>
   </div>
   <div class='ocr_carea' id='block_1_7' title="bbox 569 1023 3797 1093">
    <p class='ocr_par' dir='ltr' id='par_1_7' title="bbox 569 1023 3797 1093">
     <span class='ocr_line' id='line_1_7' title="bbox 569 1023 3797 1093; baseline 0.004 -14"><span class='ocrx_word' id='word_1_61' title='bbox 569 1026 640 1081; x_wconf 87' lang='lat' dir='ltr'><strong>tis</strong></span> <span class='ocrx_word' id='word_1_62' title='bbox 668 1067 683 1091; x_wconf 91' lang='lat'><strong>,</strong></span> <span class='ocrx_word' id='word_1_63' title='bbox 730 1026 932 1079; x_wconf 86' lang='lat' dir='ltr'><strong>etiamsi</strong></span> <span class='ocrx_word' id='word_1_64' title='bbox 986 1039 1206 1093; x_wconf 82' lang='lat' dir='ltr'><strong>regnum</strong></span> <span class='ocrx_word' id='word_1_65' title='bbox 1249 1024 1482 1079; x_wconf 86' lang='lat' dir='ltr'><strong>dedisset</strong></span> <span class='ocrx_word' id='word_1_66' title='bbox 1529 1038 1650 1079; x_wconf 83' lang='lat' dir='ltr'><strong>cum</strong></span> <span class='ocrx_word' id='word_1_67' title='bbox 1707 1023 1951 1079; x_wconf 87' lang='lat' dir='ltr'><strong>omnibus</strong></span> <span class='ocrx_word' id='word_1_68' title='bbox 1989 1024 2141 1093; x_wconf 88' lang='lat' dir='ltr'><strong>oppi-</strong></span> <span class='ocrx_word' id='word_1_69' title='bbox 2239 1034 2361 1074; x_wconf 90' lang='lat' dir='ltr'><strong>men</strong></span> <span class='ocrx_word' id='word_1_70' title='bbox 2387 1037 2449 1076; x_wconf 92' lang='lat' dir='ltr'><strong>ac</strong></span> <span class='ocrx_word' id='word_1_71' title='bbox 2497 1023 2692 1080; x_wconf 84' lang='lat' dir='ltr'><strong>rubore</strong></span> <span class='ocrx_word' id='word_1_72' title='bbox 2728 1041 2848 1081; x_wconf 90' lang='lat' dir='ltr'><strong>cum</strong></span> <span class='ocrx_word' id='word_1_73' title='bbox 2895 1030 3137 1084; x_wconf 85' lang='lat' dir='ltr'><strong>omnibus</strong></span> <span class='ocrx_word' id='word_1_74' title='bbox 3185 1031 3415 1087; x_wconf 87' lang='lat' dir='ltr'><strong>inimicis</strong></span> <span class='ocrx_word' id='word_1_75' title='bbox 3452 1035 3705 1089; x_wconf 67' lang='lat' dir='ltr'><strong>redibant&#39;</strong></span> <span class='ocrx_word' id='word_1_76' title='bbox 3738 1039 3797 1092; x_wconf 88' lang='lat' dir='ltr'><strong>in</strong></span> 
     </span>
    </p>
   </div>
   <div class='ocr_carea' id='block_1_8' title="bbox 567 1112 3803 1190">
    <p class='ocr_par' dir='ltr' id='par_1_8' title="bbox 567 1112 3803 1190">
     <span class='ocr_line' id='line_1_8' title="bbox 567 1112 3803 1190; baseline 0.004 -21"><span class='ocrx_word' id='word_1_77' title='bbox 567 1117 697 1169; x_wconf 79' lang='lat' dir='ltr'><strong>dis?</strong></span> <span class='ocrx_word' id='word_1_78' title='bbox 738 1115 918 1185; x_wconf 83' lang='lat' dir='ltr'><strong>Neque</strong></span> <span class='ocrx_word' id='word_1_79' title='bbox 963 1117 1105 1169; x_wconf 87' lang='lat' dir='ltr'><strong>enim</strong></span> <span class='ocrx_word' id='word_1_80' title='bbox 1146 1115 1337 1184; x_wconf 89' lang='lat' dir='ltr'><strong>oppida</strong></span> <span class='ocrx_word' id='word_1_81' title='bbox 1380 1115 1536 1170; x_wconf 90' lang='lat' dir='ltr'><strong>modo</strong></span> <span class='ocrx_word' id='word_1_82' title='bbox 1581 1126 1635 1168; x_wconf 90' lang='lat' dir='ltr'><strong>et</strong></span> <span class='ocrx_word' id='word_1_83' title='bbox 1674 1129 1923 1183; x_wconf 83' lang='lat' dir='ltr'><strong>regnum,</strong></span> <span class='ocrx_word' id='word_1_84' title='bbox 1954 1129 2136 1168; x_wconf 85' lang='lat' dir='ltr'><strong>verum</strong></span> <span class='ocrx_word' id='word_1_85' title='bbox 2236 1112 2477 1179; x_wconf 85' lang='lat' dir='ltr'><strong>gratiam.</strong></span> <span class='ocrx_word' id='word_1_86' title='bbox 2533 1114 2859 1185; x_wconf 85' lang='lat' dir='ltr'><strong>Quamquam</strong></span> <span class='ocrx_word' id='word_1_87' title='bbox 2911 1120 2954 1173; x_wconf 87' lang='lat' dir='ltr'><strong>si</strong></span> <span class='ocrx_word' id='word_1_88' title='bbox 3003 1120 3161 1174; x_wconf 87' lang='lat' dir='ltr'><strong>etiam</strong></span> <span class='ocrx_word' id='word_1_89' title='bbox 3188 1122 3301 1190; x_wconf 89' lang='lat' dir='ltr'><strong>ipse</strong></span> <span class='ocrx_word' id='word_1_90' title='bbox 3331 1122 3545 1187; x_wconf 80' lang='lat' dir='ltr'><strong>aliunde</strong></span> <span class='ocrx_word' id='word_1_91' title='bbox 3595 1126 3667 1179; x_wconf 86' lang='lat' dir='ltr'><strong>illi</strong></span> <span class='ocrx_word' id='word_1_92' title='bbox 3718 1136 3803 1182; x_wconf 81' lang='lat' dir='ltr'><strong>ct-</strong></span> 
     </span>
    </p>
   </div>
   <div class='ocr_carea' id='block_1_9' title="bbox 564 1199 3803 1280">
    <p class='ocr_par' dir='ltr' id='par_1_9' title="bbox 564 1199 3803 1280">
     <span class='ocr_line' id='line_1_9' title="bbox 564 1199 3803 1280; baseline 0.002 -21"><span class='ocrx_word' id='word_1_93' title='bbox 564 1215 622 1259; x_wconf 89' lang='lat' dir='ltr'><strong>et</strong></span> <span class='ocrx_word' id='word_1_94' title='bbox 672 1206 834 1259; x_wconf 88' lang='lat' dir='ltr'><strong>vitam</strong></span> <span class='ocrx_word' id='word_1_95' title='bbox 880 1206 1046 1273; x_wconf 83' lang='lat' dir='ltr'><strong>ipsam</strong></span> <span class='ocrx_word' id='word_1_96' title='bbox 1102 1206 1323 1260; x_wconf 85' lang='lat' dir='ltr'><strong>donarat</strong></span> <span class='ocrx_word' id='word_1_97' title='bbox 1367 1205 1443 1260; x_wconf 87' lang='lat' dir='ltr'><strong>illi</strong></span> <span class='ocrx_word' id='word_1_98' title='bbox 1495 1205 1819 1259; x_wconf 81' lang='lat' dir='ltr'><strong>Davidzhie</strong></span> <span class='ocrx_word' id='word_1_99' title='bbox 1854 1219 1982 1260; x_wconf 89' lang='lat' dir='ltr'><strong>vero</strong></span> <span class='ocrx_word' id='word_1_100' title='bbox 2026 1220 2133 1260; x_wconf 88' lang='lat' dir='ltr'><strong>non</strong></span> <span class='ocrx_word' id='word_1_101' title='bbox 2235 1199 2359 1255; x_wconf 92' lang='lat' dir='ltr'><strong>bum</strong></span> <span class='ocrx_word' id='word_1_102' title='bbox 2446 1202 2560 1258; x_wconf 90' lang='lat' dir='ltr'><strong>dari</strong></span> <span class='ocrx_word' id='word_1_103' title='bbox 2628 1205 2890 1274; x_wconf 88' lang='lat' dir='ltr'><strong>jussisset,</strong></span> <span class='ocrx_word' id='word_1_104' title='bbox 2965 1219 3272 1280; x_wconf 88' lang='lat' dir='ltr'><strong>certumque</strong></span> <span class='ocrx_word' id='word_1_105' title='bbox 3343 1214 3512 1268; x_wconf 91' lang='lat' dir='ltr'><strong>victus</strong></span> <span class='ocrx_word' id='word_1_106' title='bbox 3588 1217 3803 1273; x_wconf 83' lang='lat' dir='ltr'><strong>modum</strong></span> 
     </span>
    </p>
   </div>
   <div class='ocr_carea' id='block_1_10' title="bbox 3717 476 3811 533">
    <p class='ocr_par' dir='ltr' id='par_1_10' title="bbox 3717 476 3811 533">
     <span class='ocr_line' id='line_1_10' title="bbox 3717 476 3811 533; baseline 0.043 -4"><span class='ocrx_word' id='word_1_107' title='bbox 3717 476 3811 533; x_wconf 76' lang='grc'><strong>708</strong></span> 
     </span>
    </p>
   </div>
   <div class='ocr_carea' id='block_1_11' title="bbox 2256 570 3808 655">
    <p class='ocr_par' dir='ltr' id='par_1_11' title="bbox 2256 570 3808 655">
     <span class='ocr_line' id='line_1_11' title="bbox 2256 570 3808 655; baseline 0.016 -36"><span class='ocrx_word' id='word_1_108' title='bbox 2256 576 2384 635; x_wconf 90' lang='lat' dir='ltr'><strong>quot</strong></span> <span class='ocrx_word' id='word_1_109' title='bbox 2407 570 2546 625; x_wconf 90' lang='lat' dir='ltr'><strong>enim</strong></span> <span class='ocrx_word' id='word_1_110' title='bbox 2574 588 2695 628; x_wconf 90' lang='lat' dir='ltr'><strong>cum</strong></span> <span class='ocrx_word' id='word_1_111' title='bbox 2722 576 2809 628; x_wconf 92' lang='lat' dir='ltr'><strong>illo</strong></span> <span class='ocrx_word' id='word_1_112' title='bbox 2844 578 3263 645; x_wconf 77' lang='lat' dir='ltr'><strong>discumbebant,</strong></span> <span class='ocrx_word' id='word_1_113' title='bbox 3315 583 3531 639; x_wconf 80' lang='lat' dir='ltr'><strong>abibant</strong></span> <span class='ocrx_word' id='word_1_114' title='bbox 3574 604 3808 655; x_wconf 82' lang='lat' dir='ltr'><strong>magnam</strong></span> 
     </span>
    </p>
   </div>
   <div class='ocr_carea' id='block_1_12' title="bbox 2253 658 3808 742">
    <p class='ocr_par' dir='ltr' id='par_1_12' title="bbox 2253 658 3808 742">
     <span class='ocr_line' id='line_1_12' title="bbox 2253 658 3808 742; baseline 0.017 -33"><span class='ocrx_word' id='word_1_115' title='bbox 2253 658 2599 729; x_wconf 71' lang='lat' dir='ltr'><strong>philosophia:</strong></span> <span class='ocrx_word' id='word_1_116' title='bbox 2623 665 2916 722; x_wconf 78' lang='lat' dir='ltr'><strong>doctrinam</strong></span> <span class='ocrx_word' id='word_1_117' title='bbox 2949 674 3281 742; x_wconf 76' lang='lat' dir='ltr'><strong>consequuti.</strong></span> <span class='ocrx_word' id='word_1_118' title='bbox 3311 675 3445 730; x_wconf 86' lang='lat' dir='ltr'><strong>Cum</strong></span> <span class='ocrx_word' id='word_1_119' title='bbox 3463 679 3606 732; x_wconf 93' lang='lat' dir='ltr'><strong>enim</strong></span> <span class='ocrx_word' id='word_1_120' title='bbox 3662 681 3808 735; x_wconf 78' lang='lat' dir='ltr'><strong>vide-</strong></span> 
     </span>
    </p>
   </div>
   <div class='ocr_carea' id='block_1_13' title="bbox 2248 750 3807 833">
    <p class='ocr_par' dir='ltr' id='par_1_13' title="bbox 2248 750 3807 833">
     <span class='ocr_line' id='line_1_13' title="bbox 2248 750 3807 833; baseline 0.013 -31"><span class='ocrx_word' id='word_1_121' title='bbox 2248 760 2367 803; x_wconf 89' lang='lat' dir='ltr'><strong>rent</strong></span> <span class='ocrx_word' id='word_1_122' title='bbox 2394 750 2565 807; x_wconf 76' lang='lat' dir='ltr'><strong>Saﬁlis</strong></span> <span class='ocrx_word' id='word_1_123' title='bbox 2588 755 2775 821; x_wconf 89' lang='lat' dir='ltr'><strong>ﬁlium,</strong></span> <span class='ocrx_word' id='word_1_124' title='bbox 2807 758 2947 812; x_wconf 83' lang='lat' dir='ltr'><strong>illius</strong></span> <span class='ocrx_word' id='word_1_125' title='bbox 2969 761 3056 828; x_wconf 86' lang='lat' dir='ltr'><strong>qui</strong></span> <span class='ocrx_word' id='word_1_126' title='bbox 3085 771 3230 816; x_wconf 86' lang='lat' dir='ltr'><strong>tanta</strong></span> <span class='ocrx_word' id='word_1_127' title='bbox 3279 764 3414 818; x_wconf 88' lang='lat' dir='ltr'><strong>mala</strong></span> <span class='ocrx_word' id='word_1_128' title='bbox 3445 777 3673 833; x_wconf 73' lang='lat' dir='ltr'><strong>patrarat</strong></span> <span class='ocrx_word' id='word_1_129' title='bbox 3709 771 3807 822; x_wconf 82' lang='lat' dir='ltr'><strong>ad-</strong></span> 
     </span>
    </p>
   </div>
   <div class='ocr_carea' id='block_1_14' title="bbox 2246 841 3796 925">
    <p class='ocr_par' dir='ltr' id='par_1_14' title="bbox 2246 841 3796 925">
     <span class='ocr_line' id='line_1_14' title="bbox 2246 841 3796 925; baseline 0.015 -35"><span class='ocrx_word' id='word_1_130' title='bbox 2246 853 2428 893; x_wconf 87' lang='lat' dir='ltr'><strong>versus</strong></span> <span class='ocrx_word' id='word_1_131' title='bbox 2458 841 2728 910; x_wconf 85' lang='lat' dir='ltr'><strong>Davidcm,</strong></span> <span class='ocrx_word' id='word_1_132' title='bbox 2757 856 2901 901; x_wconf 84' lang='lat' dir='ltr'><strong>tanto</strong></span> <span class='ocrx_word' id='word_1_133' title='bbox 2922 850 2971 902; x_wconf 92' lang='lat' dir='ltr'><strong>in</strong></span> <span class='ocrx_word' id='word_1_134' title='bbox 2991 849 3192 907; x_wconf 88' lang='lat' dir='ltr'><strong>honore</strong></span> <span class='ocrx_word' id='word_1_135' title='bbox 3214 852 3395 907; x_wconf 85' lang='lat' dir='ltr'><strong>haberi</strong></span> <span class='ocrx_word' id='word_1_136' title='bbox 3423 855 3562 924; x_wconf 91' lang='lat' dir='ltr'><strong>apud</strong></span> <span class='ocrx_word' id='word_1_137' title='bbox 3606 858 3796 925; x_wconf 79' lang='lat' dir='ltr'><strong>ipsum,</strong></span> 
     </span>
    </p>
   </div>
   <div class='ocr_carea' id='block_1_15' title="bbox 566 1295 2130 1365">
    <p class='ocr_par' dir='ltr' id='par_1_15' title="bbox 566 1295 2130 1365">
     <span class='ocr_line' id='line_1_15' title="bbox 566 1295 2130 1365; baseline 0.001 -17"><span class='ocrx_word' id='word_1_138' title='bbox 566 1296 793 1350; x_wconf 85' lang='lat' dir='ltr'><strong>habebat</strong></span> <span class='ocrx_word' id='word_1_139' title='bbox 851 1296 1070 1350; x_wconf 83' lang='lat' dir='ltr'><strong>alteram</strong></span> <span class='ocrx_word' id='word_1_140' title='bbox 1134 1295 1341 1358; x_wconf 88' lang='lat' dir='ltr'><strong>vitam,</strong></span> <span class='ocrx_word' id='word_1_141' title='bbox 1394 1310 1553 1365; x_wconf 88' lang='lat' dir='ltr'><strong>quam</strong></span> <span class='ocrx_word' id='word_1_142' title='bbox 1606 1295 1971 1364; x_wconf 76' lang='lat' dir='ltr'><strong>rependerat:</strong></span> <span class='ocrx_word' id='word_1_143' title='bbox 2021 1310 2130 1349; x_wconf 85' lang='lat' dir='ltr'><strong>co-</strong></span> 
     </span>
    </p>
   </div>
   <div class='ocr_carea' id='block_1_16' title="bbox 562 1386 2129 1457">
    <p class='ocr_par' dir='ltr' id='par_1_16' title="bbox 562 1386 2129 1457">
     <span class='ocr_line' id='line_1_16' title="bbox 562 1386 2129 1457; baseline 0 -15"><span class='ocrx_word' id='word_1_144' title='bbox 562 1402 665 1457; x_wconf 87' lang='lat' dir='ltr'><strong>que</strong></span> <span class='ocrx_word' id='word_1_145' title='bbox 689 1388 836 1443; x_wconf 90' lang='lat' dir='ltr'><strong>illum</strong></span> <span class='ocrx_word' id='word_1_146' title='bbox 860 1387 1059 1457; x_wconf 76' lang='lat' dir='ltr'><strong>relegat</strong></span> <span class='ocrx_word' id='word_1_147' title='bbox 1086 1386 1152 1441; x_wconf 86' lang='lat' dir='ltr'><strong>ad</strong></span> <span class='ocrx_word' id='word_1_148' title='bbox 1176 1387 1368 1452; x_wconf 89' lang='lat' dir='ltr'><strong>Deum,</strong></span> <span class='ocrx_word' id='word_1_149' title='bbox 1396 1394 1451 1442; x_wconf 90' lang='lat' dir='ltr'><strong>et</strong></span> <span class='ocrx_word' id='word_1_150' title='bbox 1475 1388 1543 1441; x_wconf 91' lang='lat' dir='ltr'><strong>ab</strong></span> <span class='ocrx_word' id='word_1_151' title='bbox 1570 1387 1661 1441; x_wconf 92' lang='lat' dir='ltr'><strong>illo</strong></span> <span class='ocrx_word' id='word_1_152' title='bbox 1685 1387 1872 1442; x_wconf 85' lang='lat' dir='ltr'><strong>dandis</strong></span> <span class='ocrx_word' id='word_1_153' title='bbox 1897 1388 2129 1457; x_wconf 66' lang='lat' dir='ltr'><strong>praemiis</strong></span> 
     </span>
    </p>
   </div>
   <div class='ocr_carea' id='block_1_17' title="bbox 562 1477 2120 1547">
    <p class='ocr_par' dir='ltr' id='par_1_17' title="bbox 562 1477 2120 1547">
     <span class='ocr_line' id='line_1_17' title="bbox 562 1477 2120 1547; baseline 0.002 -16"><span class='ocrx_word' id='word_1_154' title='bbox 562 1478 788 1534; x_wconf 88' lang='lat' dir='ltr'><strong>honorat</strong></span> <span class='ocrx_word' id='word_1_155' title='bbox 818 1494 834 1533; x_wconf 89' lang='lat'>:</span> <span class='ocrx_word' id='word_1_156' title='bbox 883 1487 937 1533; x_wconf 92' lang='lat' dir='ltr'><strong>et</strong></span> <span class='ocrx_word' id='word_1_157' title='bbox 966 1477 1105 1532; x_wconf 88' lang='lat' dir='ltr'><strong>hunc</strong></span> <span class='ocrx_word' id='word_1_158' title='bbox 1132 1477 1353 1532; x_wconf 90' lang='lat' dir='ltr'><strong>laudans</strong></span> <span class='ocrx_word' id='word_1_159' title='bbox 1374 1517 1391 1544; x_wconf 91' lang='lat'><strong>,</strong></span> <span class='ocrx_word' id='word_1_160' title='bbox 1438 1486 1493 1533; x_wconf 90' lang='lat' dir='ltr'><strong>et</strong></span> <span class='ocrx_word' id='word_1_161' title='bbox 1522 1479 1799 1534; x_wconf 88' lang='lat' dir='ltr'><strong>universos</strong></span> <span class='ocrx_word' id='word_1_162' title='bbox 1825 1480 2075 1535; x_wconf 85' lang='lat' dir='ltr'><strong>erudiens</strong></span> <span class='ocrx_word' id='word_1_163' title='bbox 2103 1522 2120 1547; x_wconf 94' lang='lat'><strong>,</strong></span> 
     </span>
    </p>
   </div>
   <div class='ocr_carea' id='block_1_18' title="bbox 560 1568 2119 1641">
    <p class='ocr_par' dir='ltr' id='par_1_18' title="bbox 560 1568 2119 1641">
     <span class='ocr_line' id='line_1_18' title="bbox 560 1568 2119 1641; baseline 0.003 -18"><span class='ocrx_word' id='word_1_164' title='bbox 560 1577 668 1623; x_wconf 88' lang='lat' dir='ltr'><strong>tum</strong></span> <span class='ocrx_word' id='word_1_165' title='bbox 694 1569 893 1638; x_wconf 87' lang='lat' dir='ltr'><strong>majora</strong></span> <span class='ocrx_word' id='word_1_166' title='bbox 917 1568 1071 1624; x_wconf 83' lang='lat' dir='ltr'><strong>nobis</strong></span> <span class='ocrx_word' id='word_1_167' title='bbox 1098 1568 1238 1638; x_wconf 84' lang='lat' dir='ltr'><strong>apud</strong></span> <span class='ocrx_word' id='word_1_168' title='bbox 1268 1568 1432 1623; x_wconf 89' lang='lat' dir='ltr'><strong>Deum</strong></span> <span class='ocrx_word' id='word_1_169' title='bbox 1456 1570 1669 1638; x_wconf 62' lang='lat' dir='ltr'><strong>praemia</strong></span> <span class='ocrx_word' id='word_1_170' title='bbox 1699 1573 1930 1641; x_wconf 79' lang='lat' dir='ltr'><strong>reposita</strong></span> <span class='ocrx_word' id='word_1_171' title='bbox 1956 1586 2075 1627; x_wconf 90' lang='lat' dir='ltr'><strong>esse</strong></span> <span class='ocrx_word' id='word_1_172' title='bbox 2104 1614 2119 1638; x_wconf 95' lang='lat'><strong>,</strong></span> 
     </span>
    </p>
   </div>
   <div class='ocr_carea' id='block_1_19' title="bbox 2231 1293 3801 1369">
    <p class='ocr_par' dir='ltr' id='par_1_19' title="bbox 2231 1293 3801 1369">
     <span class='ocr_line' id='line_1_19' title="bbox 2231 1293 3801 1369; baseline 0.012 -24"><span class='ocrx_word' id='word_1_173' title='bbox 2231 1293 2558 1358; x_wconf 89' lang='lat' dir='ltr'><strong>ordinasset,</strong></span> <span class='ocrx_word' id='word_1_174' title='bbox 2585 1297 2739 1353; x_wconf 84' lang='lat' dir='ltr'><strong>valde</strong></span> <span class='ocrx_word' id='word_1_175' title='bbox 2765 1314 3009 1369; x_wconf 87' lang='lat' dir='ltr'><strong>magnum</strong></span> <span class='ocrx_word' id='word_1_176' title='bbox 3062 1310 3176 1356; x_wconf 89' lang='lat' dir='ltr'><strong>erat</strong></span> <span class='ocrx_word' id='word_1_177' title='bbox 3194 1320 3215 1357; x_wconf 77' lang='lat'><strong>,:</strong></span> <span class='ocrx_word' id='word_1_178' title='bbox 3244 1303 3336 1358; x_wconf 89' lang='lat' dir='ltr'><strong>sed</strong></span> <span class='ocrx_word' id='word_1_179' title='bbox 3378 1306 3523 1360; x_wconf 92' lang='lat' dir='ltr'><strong>illum</strong></span> <span class='ocrx_word' id='word_1_180' title='bbox 3552 1307 3616 1361; x_wconf 90' lang='lat' dir='ltr'><strong>ad</strong></span> <span class='ocrx_word' id='word_1_181' title='bbox 3648 1322 3801 1364; x_wconf 88' lang='lat' dir='ltr'><strong>suam</strong></span> 
     </span>
    </p>
   </div>
   <div class='ocr_carea' id='block_1_20' title="bbox 2230 1384 3790 1467">
    <p class='ocr_par' dir='ltr' id='par_1_20' title="bbox 2230 1384 3790 1467">
     <span class='ocr_line' id='line_1_20' title="bbox 2230 1384 3790 1467; baseline 0.01 -29"><span class='ocrx_word' id='word_1_182' title='bbox 2230 1384 2395 1453; x_wconf 88' lang='lat' dir='ltr'><strong>ipsius</strong></span> <span class='ocrx_word' id='word_1_183' title='bbox 2442 1402 2679 1443; x_wconf 78' lang='lat' dir='ltr'><strong>mensam</strong></span> <span class='ocrx_word' id='word_1_184' title='bbox 2740 1392 2997 1460; x_wconf 88' lang='lat' dir='ltr'><strong>recipere,</strong></span> <span class='ocrx_word' id='word_1_185' title='bbox 3043 1394 3248 1448; x_wconf 68' lang='lat' dir='ltr'><strong>eximite</strong></span> <span class='ocrx_word' id='word_1_186' title='bbox 3290 1404 3372 1450; x_wconf 88' lang='lat' dir='ltr'><strong>est</strong></span> <span class='ocrx_word' id='word_1_187' title='bbox 3421 1397 3790 1467; x_wconf 78' lang='lat' dir='ltr'><strong>phi1050pbize.</strong></span> 
     </span>
    </p>
   </div>
   <div class='ocr_carea' id='block_1_21' title="bbox 2228 1476 3789 1558">
    <p class='ocr_par' dir='ltr' id='par_1_21' title="bbox 2228 1476 3789 1558">
     <span class='ocr_line' id='line_1_21' title="bbox 2228 1476 3789 1558; baseline 0.011 -30"><span class='ocrx_word' id='word_1_188' title='bbox 2228 1476 2380 1531; x_wconf 86' lang='lat' dir='ltr'><strong>Scitis</strong></span> <span class='ocrx_word' id='word_1_189' title='bbox 2408 1478 2663 1547; x_wconf 91' lang='lat' dir='ltr'><strong>profecto,</strong></span> <span class='ocrx_word' id='word_1_190' title='bbox 2692 1496 2795 1534; x_wconf 91' lang='lat' dir='ltr'><strong>non</strong></span> <span class='ocrx_word' id='word_1_191' title='bbox 2823 1496 2941 1537; x_wconf 74' lang='lat' dir='ltr'><strong>eSsc</strong></span> <span class='ocrx_word' id='word_1_192' title='bbox 2963 1482 3112 1538; x_wconf 83' lang='lat' dir='ltr'><strong>facile</strong></span> <span class='ocrx_word' id='word_1_193' title='bbox 3136 1484 3367 1539; x_wconf 91' lang='lat' dir='ltr'><strong>hostium</strong></span> <span class='ocrx_word' id='word_1_194' title='bbox 3391 1486 3526 1541; x_wconf 89' lang='lat' dir='ltr'><strong>ﬁlios</strong></span> <span class='ocrx_word' id='word_1_195' title='bbox 3549 1488 3789 1558; x_wconf 77' lang='lat' dir='ltr'><strong>diligere.</strong></span> 
     </span>
    </p>
   </div>
   <div class='ocr_carea' id='block_1_22' title="bbox 2224 1566 3796 1645">
    <p class='ocr_par' dir='ltr' id='par_1_22' title="bbox 2224 1566 3796 1645">
     <span class='ocr_line' id='line_1_22' title="bbox 2224 1566 3796 1645; baseline 0.007 -25"><span class='ocrx_word' id='word_1_196' title='bbox 2224 1566 2359 1632; x_wconf 88' lang='lat' dir='ltr'><strong>Quid</strong></span> <span class='ocrx_word' id='word_1_197' title='bbox 2376 1568 2486 1622; x_wconf 84' lang='lat' dir='ltr'><strong>dixi</strong></span> <span class='ocrx_word' id='word_1_198' title='bbox 2507 1567 2761 1639; x_wconf 82' lang='lat' dir='ltr'><strong>diligere?</strong></span> <span class='ocrx_word' id='word_1_199' title='bbox 2778 1569 2893 1624; x_wconf 90' lang='lat' dir='ltr'><strong>Non</strong></span> <span class='ocrx_word' id='word_1_200' title='bbox 2916 1572 3111 1637; x_wconf 90' lang='lat' dir='ltr'><strong>odisse,</strong></span> <span class='ocrx_word' id='word_1_201' title='bbox 3136 1587 3239 1627; x_wconf 90' lang='lat' dir='ltr'><strong>non</strong></span> <span class='ocrx_word' id='word_1_202' title='bbox 3262 1577 3523 1644; x_wconf 87' lang='lat' dir='ltr'><strong>persequi,</strong></span> <span class='ocrx_word' id='word_1_203' title='bbox 3548 1591 3796 1645; x_wconf 87' lang='lat' dir='ltr'><strong>maguum</strong></span> 
     </span>
    </p>
   </div>
   <div class='ocr_carea' id='block_1_23' title="bbox 555 1658 3795 1731">
    <p class='ocr_par' dir='ltr' id='par_1_23' title="bbox 555 1658 3795 1731">
     <span class='ocr_line' id='line_1_23' title="bbox 555 1658 3795 1731; baseline 0.005 -25"><span class='ocrx_word' id='word_1_204' title='bbox 555 1674 676 1713; x_wconf 87' lang='lat' dir='ltr'><strong>cum</strong></span> <span class='ocrx_word' id='word_1_205' title='bbox 707 1673 804 1729; x_wconf 81' lang='lat' dir='ltr'><strong>pro</strong></span> <span class='ocrx_word' id='word_1_206' title='bbox 847 1659 1137 1714; x_wconf 85' lang='lat' dir='ltr'><strong>innumeris</strong></span> <span class='ocrx_word' id='word_1_207' title='bbox 1178 1658 1452 1715; x_wconf 79' lang='lat' dir='ltr'><strong>beneﬁciis</strong></span> <span class='ocrx_word' id='word_1_208' title='bbox 1480 1660 1533 1714; x_wconf 89' lang='lat' dir='ltr'><strong>in</strong></span> <span class='ocrx_word' id='word_1_209' title='bbox 1565 1659 1771 1716; x_wconf 79' lang='lat' dir='ltr'><strong>hostem</strong></span> <span class='ocrx_word' id='word_1_210' title='bbox 1812 1664 2018 1718; x_wconf 79' lang='lat' dir='ltr'><strong>collatis</strong></span> <span class='ocrx_word' id='word_1_211' title='bbox 2042 1664 2124 1718; x_wconf 77' lang='lat' dir='ltr'><strong>di-</strong></span> <span class='ocrx_word' id='word_1_212' title='bbox 2222 1666 2323 1711; x_wconf 87' lang='lat' dir='ltr'><strong>est.</strong></span> <span class='ocrx_word' id='word_1_213' title='bbox 2351 1658 2529 1728; x_wconf 88' lang='lat' dir='ltr'><strong>Itaque</strong></span> <span class='ocrx_word' id='word_1_214' title='bbox 2562 1660 2710 1713; x_wconf 90' lang='lat' dir='ltr'><strong>multi</strong></span> <span class='ocrx_word' id='word_1_215' title='bbox 2746 1661 3003 1716; x_wconf 78' lang='lat' dir='ltr'><strong>defunctis</strong></span> <span class='ocrx_word' id='word_1_216' title='bbox 3032 1663 3277 1731; x_wconf 88' lang='lat' dir='ltr'><strong>inimicis,</strong></span> <span class='ocrx_word' id='word_1_217' title='bbox 3297 1665 3349 1718; x_wconf 91' lang='lat' dir='ltr'><strong>in</strong></span> <span class='ocrx_word' id='word_1_218' title='bbox 3374 1666 3578 1720; x_wconf 86' lang='lat' dir='ltr'><strong>illorum</strong></span> <span class='ocrx_word' id='word_1_219' title='bbox 3597 1668 3795 1723; x_wconf 81' lang='lat' dir='ltr'><strong>liberos</strong></span> 
     </span>
    </p>
   </div>
   <div class='ocr_carea' id='block_1_24' title="bbox 556 1748 2122 1823">
    <p class='ocr_par' dir='ltr' id='par_1_24' title="bbox 556 1748 2122 1823">
     <span class='ocr_line' id='line_1_24' title="bbox 556 1748 2122 1823; baseline 0.004 -22"><span class='ocrx_word' id='word_1_220' title='bbox 556 1764 708 1807; x_wconf 88' lang='lat' dir='ltr'><strong>versa</strong></span> <span class='ocrx_word' id='word_1_221' title='bbox 750 1750 1051 1818; x_wconf 87' lang='lat' dir='ltr'><strong>recipimus.</strong></span> <span class='ocrx_word' id='word_1_222' title='bbox 1088 1748 1215 1804; x_wconf 89' lang='lat' dir='ltr'><strong>Post</strong></span> <span class='ocrx_word' id='word_1_223' title='bbox 1257 1750 1373 1804; x_wconf 65' lang='lat' dir='ltr'><strong>haec</strong></span> <span class='ocrx_word' id='word_1_224' title='bbox 1398 1750 1509 1805; x_wconf 88' lang='lat' dir='ltr'><strong>ait:</strong></span> <span class='ocrx_word' id='word_1_225' title='bbox 1548 1749 1677 1809; x_wconf 82' lang='lat' dir='ltr'><strong>Ecce</strong></span> <span class='ocrx_word' id='word_1_226' title='bbox 1703 1769 1918 1823; x_wconf 87' lang='lat' dir='ltr'><strong>agnosco</strong></span> <span class='ocrx_word' id='word_1_227' title='bbox 1942 1795 1957 1820; x_wconf 94' lang='lat'><strong>,</strong></span> <span class='ocrx_word' id='word_1_228' title='bbox 1987 1755 2122 1823; x_wconf 86' lang='lat' dir='ltr'><strong>quod</strong></span> 
     </span>
    </p>
   </div>
   <div class='ocr_carea' id='block_1_25' title="bbox 551 1839 2121 1912">
    <p class='ocr_par' dir='ltr' id='par_1_25' title="bbox 551 1839 2121 1912">
     <span class='ocr_line' id='line_1_25' title="bbox 551 1839 2121 1912; baseline 0.003 -18"><span class='ocrx_word' id='word_1_229' title='bbox 551 1856 767 1911; x_wconf 79' lang='lat' dir='ltr'><strong>regnans</strong></span> <span class='ocrx_word' id='word_1_230' title='bbox 802 1842 1029 1912; x_wconf 83' lang='lat' dir='ltr'><strong>regnabis</strong></span> <span class='ocrx_word' id='word_1_231' title='bbox 1048 1879 1063 1906; x_wconf 92' lang='lat'><strong>,</strong></span> <span class='ocrx_word' id='word_1_232' title='bbox 1093 1839 1322 1909; x_wconf 80' lang='lat' dir='ltr'><strong>quodque</strong></span> <span class='ocrx_word' id='word_1_233' title='bbox 1348 1857 1556 1910; x_wconf 81' lang='lat' dir='ltr'><strong>regnum</strong></span> <span class='ocrx_word' id='word_1_234' title='bbox 1594 1840 1757 1896; x_wconf 81' lang='lat' dir='ltr'><strong>Israel</strong></span> <span class='ocrx_word' id='word_1_235' title='bbox 1795 1846 2121 1899; x_wconf 77' lang='lat' dir='ltr'><strong>constituetur</strong></span> 
     </span>
    </p>
   </div>
   <div class='ocr_carea' id='block_1_26' title="bbox 550 1930 2118 2003">
    <p class='ocr_par' dir='ltr' id='par_1_26' title="bbox 550 1930 2118 2003">
     <span class='ocr_line' id='line_1_26' title="bbox 550 1930 2118 2003; baseline 0.004 -22"><span class='ocrx_word' id='word_1_236' title='bbox 550 1931 602 1982; x_wconf 88' lang='lat' dir='ltr'><strong>in</strong></span> <span class='ocrx_word' id='word_1_237' title='bbox 632 1946 784 1982; x_wconf 84' lang='lat' dir='ltr'><strong>manu</strong></span> <span class='ocrx_word' id='word_1_238' title='bbox 814 1939 918 1994; x_wconf 86' lang='lat' dir='ltr'><strong>tua,</strong></span> <span class='ocrx_word' id='word_1_239' title='bbox 945 1939 991 1983; x_wconf 85' lang='lat' dir='ltr'><strong>et</strong></span> <span class='ocrx_word' id='word_1_240' title='bbox 1012 1946 1144 1983; x_wconf 88' lang='lat' dir='ltr'><strong>nunc</strong></span> <span class='ocrx_word' id='word_1_241' title='bbox 1157 1931 1281 1999; x_wconf 83' lang='lat' dir='ltr'><strong>jura</strong></span> <span class='ocrx_word' id='word_1_242' title='bbox 1303 1930 1426 1984; x_wconf 85' lang='lat' dir='ltr'><strong>mihi</strong></span> <span class='ocrx_word' id='word_1_243' title='bbox 1448 1947 1536 1999; x_wconf 82' lang='lat' dir='ltr'><strong>per</strong></span> <span class='ocrx_word' id='word_1_244' title='bbox 1562 1930 1850 1999; x_wconf 87' lang='lat' dir='ltr'><strong>Dominum,</strong></span> <span class='ocrx_word' id='word_1_245' title='bbox 1869 1935 2004 2003; x_wconf 85' lang='lat' dir='ltr'><strong>quod</strong></span> <span class='ocrx_word' id='word_1_246' title='bbox 2019 1951 2118 1988; x_wconf 81' lang='lat' dir='ltr'><strong>non</strong></span> 
     </span>
    </p>
   </div>
   <div class='ocr_carea' id='block_1_27' title="bbox 547 2020 2117 2094">
    <p class='ocr_par' dir='ltr' id='par_1_27' title="bbox 547 2020 2117 2094">
     <span class='ocr_line' id='line_1_27' title="bbox 547 2020 2117 2094; baseline 0.003 -19"><span class='ocrx_word' id='word_1_247' title='bbox 547 2020 820 2075; x_wconf 74' lang='lat' dir='ltr'><strong>aboliturus</strong></span> <span class='ocrx_word' id='word_1_248' title='bbox 834 2023 902 2076; x_wconf 87' lang='lat' dir='ltr'><strong>sis</strong></span> <span class='ocrx_word' id='word_1_249' title='bbox 920 2037 1083 2075; x_wconf 80' lang='lat' dir='ltr'><strong>semen</strong></span> <span class='ocrx_word' id='word_1_250' title='bbox 1101 2036 1265 2075; x_wconf 86' lang='lat' dir='ltr'><strong>meum</strong></span> <span class='ocrx_word' id='word_1_251' title='bbox 1285 2031 1394 2091; x_wconf 87' lang='lat' dir='ltr'><strong>post</strong></span> <span class='ocrx_word' id='word_1_252' title='bbox 1416 2038 1515 2087; x_wconf 89' lang='lat' dir='ltr'><strong>me,</strong></span> <span class='ocrx_word' id='word_1_253' title='bbox 1536 2039 1625 2077; x_wconf 89' lang='lat' dir='ltr'><strong>nec</strong></span> <span class='ocrx_word' id='word_1_254' title='bbox 1642 2026 1920 2094; x_wconf 68' lang='lat' dir='ltr'><strong>exstingues</strong></span> <span class='ocrx_word' id='word_1_255' title='bbox 1938 2041 2117 2080; x_wconf 85' lang='lat' dir='ltr'><strong>nomen</strong></span> 
     </span>
    </p>
   </div>
   <div class='ocr_carea' id='block_1_28' title="bbox 546 2114 2111 2186">
    <p class='ocr_par' dir='ltr' id='par_1_28' title="bbox 546 2114 2111 2186">
     <span class='ocr_line' id='line_1_28' title="bbox 546 2114 2111 2186; baseline 0.004 -21"><span class='ocrx_word' id='word_1_256' title='bbox 546 2130 712 2166; x_wconf 87' lang='lat' dir='ltr'><strong>meum</strong></span> <span class='ocrx_word' id='word_1_257' title='bbox 734 2114 795 2166; x_wconf 83' lang='lat' dir='ltr'><strong>de</strong></span> <span class='ocrx_word' id='word_1_258' title='bbox 819 2114 966 2167; x_wconf 84' lang='lat' dir='ltr'><strong>domo</strong></span> <span class='ocrx_word' id='word_1_259' title='bbox 992 2114 1146 2183; x_wconf 79' lang='lat' dir='ltr'><strong>patris</strong></span> <span class='ocrx_word' id='word_1_260' title='bbox 1174 2116 1268 2167; x_wconf 88' lang='lat' dir='ltr'><strong>mei</strong></span> <span class='ocrx_word' id='word_1_261' title='bbox 1290 2115 1308 2183; x_wconf 93' lang='lat'><strong>(</strong></span> <span class='ocrx_word' id='word_1_262' title='bbox 1338 2114 1473 2167; x_wconf 84' lang='lat' dir='ltr'><strong>Ibid.</strong></span> <span class='ocrx_word' id='word_1_263' title='bbox 1506 2132 1554 2169; x_wconf 83' lang='grc' dir='ltr'><strong>υ.</strong></span> <span class='ocrx_word' id='word_1_264' title='bbox 1581 2115 1667 2169; x_wconf 70' lang='lat'><strong>91.</strong></span> <span class='ocrx_word' id='word_1_265' title='bbox 1686 2116 1756 2169; x_wconf 74' lang='grc'>22</span> <span class='ocrx_word' id='word_1_266' title='bbox 1851 2116 1955 2171; x_wconf 91' lang='lat' dir='ltr'><strong>Sed</strong></span> <span class='ocrx_word' id='word_1_267' title='bbox 1983 2116 2069 2172; x_wconf 82' lang='lat' dir='ltr'><strong>(lic</strong></span> <span class='ocrx_word' id='word_1_268' title='bbox 2096 2157 2111 2181; x_wconf 93' lang='lat'><strong>,</strong></span> 
     </span>
    </p>
   </div>
   <div class='ocr_carea' id='block_1_29' title="bbox 546 2204 2119 2279">
    <p class='ocr_par' dir='ltr' id='par_1_29' title="bbox 546 2204 2119 2279">
     <span class='ocr_line' id='line_1_29' title="bbox 546 2204 2119 2279; baseline 0.005 -23"><span class='ocrx_word' id='word_1_269' title='bbox 546 2207 768 2258; x_wconf 85' lang='lat' dir='ltr'><strong>obsecro</strong></span> <span class='ocrx_word' id='word_1_270' title='bbox 791 2245 807 2267; x_wconf 89' lang='lat'><strong>,</strong></span> <span class='ocrx_word' id='word_1_271' title='bbox 855 2205 993 2259; x_wconf 87' lang='lat' dir='ltr'><strong>unde</strong></span> <span class='ocrx_word' id='word_1_272' title='bbox 1023 2204 1160 2259; x_wconf 74' lang='lat' dir='ltr'><strong>istud</strong></span> <span class='ocrx_word' id='word_1_273' title='bbox 1188 2206 1340 2261; x_wconf 87' lang='lat' dir='ltr'><strong>scis?</strong></span> <span class='ocrx_word' id='word_1_274' title='bbox 1368 2206 1535 2261; x_wconf 89' lang='lat' dir='ltr'><strong>Penes</strong></span> <span class='ocrx_word' id='word_1_275' title='bbox 1563 2217 1617 2261; x_wconf 91' lang='lat' dir='ltr'><strong>te</strong></span> <span class='ocrx_word' id='word_1_276' title='bbox 1643 2216 1768 2261; x_wconf 89' lang='lat' dir='ltr'><strong>sunt</strong></span> <span class='ocrx_word' id='word_1_277' title='bbox 1793 2208 2056 2263; x_wconf 76' lang='lat' dir='ltr'><strong>exercitus</strong></span> <span class='ocrx_word' id='word_1_278' title='bbox 2093 2250 2119 2279; x_wconf 17' lang='grc' dir='ltr'><strong>,ν</strong></span> 
     </span>
    </p>
   </div>
   <div class='ocr_carea' id='block_1_30' title="bbox 546 2297 2110 2368">
    <p class='ocr_par' dir='ltr' id='par_1_30' title="bbox 546 2297 2110 2368">
     <span class='ocr_line' id='line_1_30' title="bbox 546 2297 2110 2368; baseline 0.003 -19"><span class='ocrx_word' id='word_1_279' title='bbox 546 2310 707 2363; x_wconf 89' lang='lat' dir='ltr'><strong>penes</strong></span> <span class='ocrx_word' id='word_1_280' title='bbox 738 2303 789 2349; x_wconf 92' lang='lat' dir='ltr'><strong>te</strong></span> <span class='ocrx_word' id='word_1_281' title='bbox 805 2303 929 2348; x_wconf 88' lang='lat' dir='ltr'><strong>sunt</strong></span> <span class='ocrx_word' id='word_1_282' title='bbox 954 2297 1210 2364; x_wconf 63' lang='lat' dir='ltr'><strong>pecunias,</strong></span> <span class='ocrx_word' id='word_1_283' title='bbox 1240 2311 1408 2363; x_wconf 85' lang='lat' dir='ltr'><strong>arma,</strong></span> <span class='ocrx_word' id='word_1_284' title='bbox 1436 2298 1698 2363; x_wconf 82' lang='lat' dir='ltr'><strong>civitates,</strong></span> <span class='ocrx_word' id='word_1_285' title='bbox 1721 2298 1863 2368; x_wconf 89' lang='lat' dir='ltr'><strong>equi,</strong></span> <span class='ocrx_word' id='word_1_286' title='bbox 1891 2300 2110 2367; x_wconf 87' lang='lat' dir='ltr'><strong>milites,</strong></span> 
     </span>
    </p>
   </div>
   <div class='ocr_carea' id='block_1_31' title="bbox 545 2391 2111 2460">
    <p class='ocr_par' dir='ltr' id='par_1_31' title="bbox 545 2391 2111 2460">
     <span class='ocr_line' id='line_1_31' title="bbox 545 2391 2111 2460; baseline 0.002 -16"><span class='ocrx_word' id='word_1_287' title='bbox 545 2391 782 2446; x_wconf 86' lang='lat' dir='ltr'><strong>breviter</strong></span> <span class='ocrx_word' id='word_1_288' title='bbox 813 2393 1057 2444; x_wconf 85' lang='lat' dir='ltr'><strong>universa</strong></span> <span class='ocrx_word' id='word_1_289' title='bbox 1089 2391 1166 2443; x_wconf 82' lang='lat' dir='ltr'><strong>vis</strong></span> <span class='ocrx_word' id='word_1_290' title='bbox 1191 2399 1471 2459; x_wconf 86' lang='lat' dir='ltr'><strong>apparatus</strong></span> <span class='ocrx_word' id='word_1_291' title='bbox 1497 2391 1625 2460; x_wconf 85' lang='lat' dir='ltr'><strong>regii</strong></span> <span class='ocrx_word' id='word_1_292' title='bbox 1653 2409 1667 2449; x_wconf 90' lang='lat'><strong>:</strong></span> <span class='ocrx_word' id='word_1_293' title='bbox 1694 2391 1779 2446; x_wconf 89' lang='lat' dir='ltr'><strong>hic</strong></span> <span class='ocrx_word' id='word_1_294' title='bbox 1806 2401 1989 2446; x_wconf 90' lang='lat' dir='ltr'><strong>contra</strong></span> <span class='ocrx_word' id='word_1_295' title='bbox 2018 2393 2111 2447; x_wconf 88' lang='lat' dir='ltr'><strong>de-</strong></span> 
     </span>
    </p>
   </div>
   <div class='ocr_carea' id='block_1_32' title="bbox 541 2484 2105 2551">
    <p class='ocr_par' dir='ltr' id='par_1_32' title="bbox 541 2484 2105 2551">
     <span class='ocr_line' id='line_1_32' title="bbox 541 2484 2105 2551; baseline -0.001 -11"><span class='ocrx_word' id='word_1_296' title='bbox 541 2495 714 2540; x_wconf 88' lang='lat' dir='ltr'><strong>sertus</strong></span> <span class='ocrx_word' id='word_1_297' title='bbox 734 2498 797 2538; x_wconf 89' lang='lat' dir='ltr'><strong>ac</strong></span> <span class='ocrx_word' id='word_1_298' title='bbox 822 2484 1013 2548; x_wconf 84' lang='lat' dir='ltr'><strong>nudus,</strong></span> <span class='ocrx_word' id='word_1_299' title='bbox 1042 2498 1139 2537; x_wconf 88' lang='lat' dir='ltr'><strong>nec</strong></span> <span class='ocrx_word' id='word_1_300' title='bbox 1162 2484 1428 2539; x_wconf 87' lang='lat' dir='ltr'><strong>civitatem</strong></span> <span class='ocrx_word' id='word_1_301' title='bbox 1453 2525 1466 2548; x_wconf 93' lang='lat'><strong>,</strong></span> <span class='ocrx_word' id='word_1_302' title='bbox 1502 2500 1599 2539; x_wconf 89' lang='lat' dir='ltr'><strong>nec</strong></span> <span class='ocrx_word' id='word_1_303' title='bbox 1623 2484 1871 2551; x_wconf 89' lang='lat' dir='ltr'><strong>domum,</strong></span> <span class='ocrx_word' id='word_1_304' title='bbox 1897 2499 1995 2540; x_wconf 81' lang='lat' dir='ltr'><strong>nec</strong></span> <span class='ocrx_word' id='word_1_305' title='bbox 2026 2485 2105 2539; x_wconf 57' lang='lat' dir='ltr'><strong>fa.</strong></span> 
     </span>
    </p>
   </div>
   <div class='ocr_carea' id='block_1_33' title="bbox 542 2574 2104 2645">
    <p class='ocr_par' dir='ltr' id='par_1_33' title="bbox 542 2574 2104 2645">
     <span class='ocr_line' id='line_1_33' title="bbox 542 2574 2104 2645; baseline 0 -17"><span class='ocrx_word' id='word_1_306' title='bbox 542 2575 740 2628; x_wconf 88' lang='lat' dir='ltr'><strong>miliam</strong></span> <span class='ocrx_word' id='word_1_307' title='bbox 774 2574 996 2629; x_wconf 87' lang='lat' dir='ltr'><strong>habens.</strong></span> <span class='ocrx_word' id='word_1_308' title='bbox 1026 2574 1175 2629; x_wconf 90' lang='lat' dir='ltr'><strong>Unde</strong></span> <span class='ocrx_word' id='word_1_309' title='bbox 1197 2574 1355 2644; x_wconf 79' lang='lat' dir='ltr'><strong>igitur</strong></span> <span class='ocrx_word' id='word_1_310' title='bbox 1380 2615 1397 2641; x_wconf 92' lang='lat'><strong>,</strong></span> <span class='ocrx_word' id='word_1_311' title='bbox 1423 2590 1605 2644; x_wconf 68' lang='lat' dir='ltr'><strong>quaeso</strong></span> <span class='ocrx_word' id='word_1_312' title='bbox 1634 2615 1650 2640; x_wconf 91' lang='lat'><strong>,</strong></span> <span class='ocrx_word' id='word_1_313' title='bbox 1698 2576 1796 2629; x_wconf 86' lang='lat' dir='ltr'><strong>ista</strong></span> <span class='ocrx_word' id='word_1_314' title='bbox 1823 2575 2055 2645; x_wconf 84' lang='lat' dir='ltr'><strong>loqueris</strong></span> <span class='ocrx_word' id='word_1_315' title='bbox 2080 2576 2104 2629; x_wconf 72' lang='lat'><strong>&#39;3</strong></span> 
     </span>
    </p>
   </div>
   <div class='ocr_carea' id='block_1_34' title="bbox 540 2663 2106 2734">
    <p class='ocr_par' dir='ltr' id='par_1_34' title="bbox 540 2663 2106 2734">
     <span class='ocr_line' id='line_1_34' title="bbox 540 2663 2106 2734; baseline 0.001 -18"><span class='ocrx_word' id='word_1_316' title='bbox 540 2663 798 2717; x_wconf 84' lang='lat' dir='ltr'><strong>Nimirum</strong></span> <span class='ocrx_word' id='word_1_317' title='bbox 823 2679 888 2718; x_wconf 84' lang='lat' dir='ltr'><strong>ex</strong></span> <span class='ocrx_word' id='word_1_318' title='bbox 919 2664 1044 2732; x_wconf 89' lang='lat' dir='ltr'><strong>ipsis</strong></span> <span class='ocrx_word' id='word_1_319' title='bbox 1077 2663 1284 2719; x_wconf 84' lang='lat' dir='ltr'><strong>Davidis</strong></span> <span class='ocrx_word' id='word_1_320' title='bbox 1305 2664 1561 2719; x_wconf 90' lang='lat' dir='ltr'><strong>moribus.</strong></span> <span class='ocrx_word' id='word_1_321' title='bbox 1579 2664 1760 2734; x_wconf 82' lang='lat' dir='ltr'><strong>Neque</strong></span> <span class='ocrx_word' id='word_1_322' title='bbox 1776 2664 1918 2719; x_wconf 91' lang='lat' dir='ltr'><strong>enim</strong></span> <span class='ocrx_word' id='word_1_323' title='bbox 1935 2663 2106 2718; x_wconf 89' lang='lat' dir='ltr'><strong>nudus</strong></span> 
     </span>
    </p>
   </div>
   <div class='ocr_carea' id='block_1_35' title="bbox 538 2754 2106 2826">
    <p class='ocr_par' dir='ltr' id='par_1_35' title="bbox 538 2754 2106 2826">
     <span class='ocr_line' id='line_1_35' title="bbox 538 2754 2106 2826; baseline 0.003 -18"><span class='ocrx_word' id='word_1_324' title='bbox 538 2764 591 2808; x_wconf 89' lang='lat' dir='ltr'><strong>et</strong></span> <span class='ocrx_word' id='word_1_325' title='bbox 615 2754 830 2808; x_wconf 85' lang='lat' dir='ltr'><strong>inermis</strong></span> <span class='ocrx_word' id='word_1_326' title='bbox 852 2768 915 2808; x_wconf 89' lang='lat' dir='ltr'><strong>ac</strong></span> <span class='ocrx_word' id='word_1_327' title='bbox 938 2754 1178 2809; x_wconf 87' lang='lat' dir='ltr'><strong>desertus</strong></span> <span class='ocrx_word' id='word_1_328' title='bbox 1203 2769 1290 2810; x_wconf 91' lang='lat' dir='ltr'><strong>me</strong></span> <span class='ocrx_word' id='word_1_329' title='bbox 1308 2766 1588 2820; x_wconf 84' lang='lat' dir='ltr'><strong>armatum,</strong></span> <span class='ocrx_word' id='word_1_330' title='bbox 1611 2767 1856 2826; x_wconf 87' lang='lat' dir='ltr'><strong>tantaque</strong></span> <span class='ocrx_word' id='word_1_331' title='bbox 1880 2756 2106 2812; x_wconf 84' lang='lat' dir='ltr'><strong>circum-</strong></span> 
     </span>
    </p>
   </div>
   <div class='ocr_carea' id='block_1_36' title="bbox 2222 1750 3793 1829">
    <p class='ocr_par' dir='ltr' id='par_1_36' title="bbox 2222 1750 3793 1829">
     <span class='ocr_line' id='line_1_36' title="bbox 2222 1750 3793 1829; baseline 0.006 -25"><span class='ocrx_word' id='word_1_332' title='bbox 2222 1750 2373 1816; x_wconf 87' lang='lat' dir='ltr'><strong>iram,</strong></span> <span class='ocrx_word' id='word_1_333' title='bbox 2396 1767 2554 1821; x_wconf 90' lang='lat' dir='ltr'><strong>quam</strong></span> <span class='ocrx_word' id='word_1_334' title='bbox 2569 1752 2621 1807; x_wconf 90' lang='lat' dir='ltr'><strong>in</strong></span> <span class='ocrx_word' id='word_1_335' title='bbox 2643 1768 2733 1809; x_wconf 85' lang='lat' dir='ltr'><strong>eos</strong></span> <span class='ocrx_word' id='word_1_336' title='bbox 2757 1753 3037 1821; x_wconf 89' lang='lat' dir='ltr'><strong>habebant,</strong></span> <span class='ocrx_word' id='word_1_337' title='bbox 3060 1754 3373 1811; x_wconf 78' lang='lat' dir='ltr'><strong>eﬁ‘uderunt.</strong></span> <span class='ocrx_word' id='word_1_338' title='bbox 3391 1759 3460 1812; x_wconf 86' lang='lat' dir='ltr'><strong>At</strong></span> <span class='ocrx_word' id='word_1_339' title='bbox 3477 1773 3577 1812; x_wconf 92' lang='lat' dir='ltr'><strong>non</strong></span> <span class='ocrx_word' id='word_1_340' title='bbox 3605 1760 3672 1812; x_wconf 90' lang='lat' dir='ltr'><strong>ita</strong></span> <span class='ocrx_word' id='word_1_341' title='bbox 3695 1776 3793 1829; x_wconf 81' lang='lat' dir='ltr'><strong>ge-</strong></span> 
     </span>
    </p>
   </div>
   <div class='ocr_carea' id='block_1_37' title="bbox 2219 1843 3791 1912">
    <p class='ocr_par' dir='ltr' id='par_1_37' title="bbox 2219 1843 3791 1912">
     <span class='ocr_line' id='line_1_37' title="bbox 2219 1843 3791 1912; baseline 0.004 -14"><span class='ocrx_word' id='word_1_342' title='bbox 2219 1856 2441 1898; x_wconf 80' lang='lat' dir='ltr'><strong>nerosus</strong></span> <span class='ocrx_word' id='word_1_343' title='bbox 2458 1856 2519 1896; x_wconf 90' lang='lat' dir='ltr'><strong>ac</strong></span> <span class='ocrx_word' id='word_1_344' title='bbox 2533 1843 2895 1912; x_wconf 77' lang='lat' dir='ltr'><strong>magnanimus</strong></span> <span class='ocrx_word' id='word_1_345' title='bbox 2910 1845 3028 1909; x_wconf 89' lang='lat' dir='ltr'><strong>iste,</strong></span> <span class='ocrx_word' id='word_1_346' title='bbox 3052 1846 3144 1900; x_wconf 91' lang='lat' dir='ltr'><strong>sed</strong></span> <span class='ocrx_word' id='word_1_347' title='bbox 3169 1855 3219 1900; x_wconf 90' lang='lat' dir='ltr'><strong>et</strong></span> <span class='ocrx_word' id='word_1_348' title='bbox 3240 1846 3497 1901; x_wconf 83' lang='lat' dir='ltr'><strong>viventem</strong></span> <span class='ocrx_word' id='word_1_349' title='bbox 3522 1849 3791 1904; x_wconf 89' lang='lat' dir='ltr'><strong>inimicum</strong></span> 
     </span>
    </p>
   </div>
   <div class='ocr_carea' id='block_1_38' title="bbox 2217 1930 3792 2009">
    <p class='ocr_par' dir='ltr' id='par_1_38' title="bbox 2217 1930 3792 2009">
     <span class='ocr_line' id='line_1_38' title="bbox 2217 1930 3792 2009; baseline 0.006 -25"><span class='ocrx_word' id='word_1_350' title='bbox 2217 1930 2534 1997; x_wconf 88' lang='lat' dir='ltr'><strong>observavit,</strong></span> <span class='ocrx_word' id='word_1_351' title='bbox 2554 1941 2608 1986; x_wconf 91' lang='lat' dir='ltr'><strong>et</strong></span> <span class='ocrx_word' id='word_1_352' title='bbox 2633 1934 2720 1987; x_wconf 91' lang='lat' dir='ltr'><strong>illo</strong></span> <span class='ocrx_word' id='word_1_353' title='bbox 2748 1932 3015 1998; x_wconf 86' lang='lat' dir='ltr'><strong>defuncto,</strong></span> <span class='ocrx_word' id='word_1_354' title='bbox 3038 1934 3453 1990; x_wconf 86' lang='lat' dir='ltr'><strong>benevolentiam</strong></span> <span class='ocrx_word' id='word_1_355' title='bbox 3480 1952 3636 2006; x_wconf 91' lang='lat' dir='ltr'><strong>quam</strong></span> <span class='ocrx_word' id='word_1_356' title='bbox 3659 1954 3792 2009; x_wconf 86' lang='lat' dir='ltr'><strong>erga</strong></span> 
     </span>
    </p>
   </div>
   <div class='ocr_carea' id='block_1_39' title="bbox 2216 2023 3790 2094">
    <p class='ocr_par' dir='ltr' id='par_1_39' title="bbox 2216 2023 3790 2094">
     <span class='ocr_line' id='line_1_39' title="bbox 2216 2023 3790 2094; baseline 0.004 -18"><span class='ocrx_word' id='word_1_357' title='bbox 2216 2023 2364 2077; x_wconf 91' lang='lat' dir='ltr'><strong>illum</strong></span> <span class='ocrx_word' id='word_1_358' title='bbox 2401 2034 2637 2094; x_wconf 81' lang='lat' dir='ltr'><strong>gesserat</strong></span> <span class='ocrx_word' id='word_1_359' title='bbox 2682 2025 2800 2079; x_wconf 90' lang='lat' dir='ltr'><strong>ﬁliis</strong></span> <span class='ocrx_word' id='word_1_360' title='bbox 2823 2025 3079 2080; x_wconf 79' lang='lat' dir='ltr'><strong>exhibuit.</strong></span> <span class='ocrx_word' id='word_1_361' title='bbox 3108 2026 3244 2091; x_wconf 89' lang='lat' dir='ltr'><strong>Quid</strong></span> <span class='ocrx_word' id='word_1_362' title='bbox 3278 2027 3418 2081; x_wconf 89' lang='lat' dir='ltr'><strong>illius</strong></span> <span class='ocrx_word' id='word_1_363' title='bbox 3451 2042 3632 2082; x_wconf 86' lang='lat' dir='ltr'><strong>mensa</strong></span> <span class='ocrx_word' id='word_1_364' title='bbox 3658 2044 3790 2083; x_wconf 88' lang='lat' dir='ltr'><strong>san-</strong></span> 
     </span>
    </p>
   </div>
   <div class='ocr_carea' id='block_1_40' title="bbox 2213 2115 3785 2190">
    <p class='ocr_par' dir='ltr' id='par_1_40' title="bbox 2213 2115 3785 2190">
     <span class='ocr_line' id='line_1_40' title="bbox 2213 2115 3785 2190; baseline 0.004 -21"><span class='ocrx_word' id='word_1_365' title='bbox 2213 2115 2368 2181; x_wconf 83' lang='lat' dir='ltr'><strong>ctius,</strong></span> <span class='ocrx_word' id='word_1_366' title='bbox 2400 2131 2554 2185; x_wconf 90' lang='lat' dir='ltr'><strong>quam</strong></span> <span class='ocrx_word' id='word_1_367' title='bbox 2606 2117 2885 2187; x_wconf 90' lang='lat' dir='ltr'><strong>cingebant</strong></span> <span class='ocrx_word' id='word_1_368' title='bbox 2932 2117 3023 2173; x_wconf 89' lang='lat' dir='ltr'><strong>ﬁlii</strong></span> <span class='ocrx_word' id='word_1_369' title='bbox 3071 2118 3258 2182; x_wconf 89' lang='lat' dir='ltr'><strong>hostis,</strong></span> <span class='ocrx_word' id='word_1_370' title='bbox 3319 2118 3502 2185; x_wconf 89' lang='lat' dir='ltr'><strong>hostis,</strong></span> <span class='ocrx_word' id='word_1_371' title='bbox 3547 2121 3785 2190; x_wconf 87' lang='lat' dir='ltr'><strong>inquam,</strong></span> 
     </span>
    </p>
   </div>
   <div class='ocr_carea' id='block_1_41' title="bbox 2213 2205 3782 2279">
    <p class='ocr_par' dir='ltr' id='par_1_41' title="bbox 2213 2205 3782 2279">
     <span class='ocr_line' id='line_1_41' title="bbox 2213 2205 3782 2279; baseline 0.003 -19"><span class='ocrx_word' id='word_1_372' title='bbox 2213 2205 2453 2261; x_wconf 88' lang='lat' dir='ltr'><strong>occidere</strong></span> <span class='ocrx_word' id='word_1_373' title='bbox 2532 2209 2742 2262; x_wconf 82' lang='lat' dir='ltr'><strong>conati?</strong></span> <span class='ocrx_word' id='word_1_374' title='bbox 2797 2208 2921 2277; x_wconf 90' lang='lat' dir='ltr'><strong>quid</strong></span> <span class='ocrx_word' id='word_1_375' title='bbox 2982 2208 3073 2263; x_wconf 92' lang='lat' dir='ltr'><strong>illo</strong></span> <span class='ocrx_word' id='word_1_376' title='bbox 3128 2209 3371 2264; x_wconf 86' lang='lat' dir='ltr'><strong>convivio</strong></span> <span class='ocrx_word' id='word_1_377' title='bbox 3440 2210 3782 2279; x_wconf 84' lang='lat' dir='ltr'><strong>spiritualius,</strong></span> 
     </span>
    </p>
   </div>
   <div class='ocr_carea' id='block_1_42' title="bbox 2212 2296 3784 2366">
    <p class='ocr_par' dir='ltr' id='par_1_42' title="bbox 2212 2296 3784 2366">
     <span class='ocr_line' id='line_1_42' title="bbox 2212 2296 3784 2366; baseline 0.004 -17"><span class='ocrx_word' id='word_1_378' title='bbox 2212 2296 2264 2350; x_wconf 85' lang='lat' dir='ltr'><strong>in</strong></span> <span class='ocrx_word' id='word_1_379' title='bbox 2337 2311 2442 2366; x_wconf 90' lang='lat' dir='ltr'><strong>quo</strong></span> <span class='ocrx_word' id='word_1_380' title='bbox 2517 2305 2622 2351; x_wconf 87' lang='lat' dir='ltr'><strong>tam</strong></span> <span class='ocrx_word' id='word_1_381' title='bbox 2695 2297 2873 2352; x_wconf 70' lang='lat' dir='ltr'><strong>multm</strong></span> <span class='ocrx_word' id='word_1_382' title='bbox 2944 2298 3280 2353; x_wconf 89' lang='lat' dir='ltr'><strong>abundabant</strong></span> <span class='ocrx_word' id='word_1_383' title='bbox 3350 2298 3784 2355; x_wconf 80' lang='lat' dir='ltr'><strong>bencdictiones?</strong></span> 
     </span>
    </p>
   </div>
   <div class='ocr_carea' id='block_1_43' title="bbox 2209 2387 3782 2457">
    <p class='ocr_par' dir='ltr' id='par_1_43' title="bbox 2209 2387 3782 2457">
     <span class='ocr_line' id='line_1_43' title="bbox 2209 2387 3782 2457; baseline 0.004 -18"><span class='ocrx_word' id='word_1_384' title='bbox 2209 2387 2395 2456; x_wconf 83' lang='lat' dir='ltr'><strong>Angeli</strong></span> <span class='ocrx_word' id='word_1_385' title='bbox 2425 2387 2595 2455; x_wconf 91' lang='lat' dir='ltr'><strong>potius</strong></span> <span class='ocrx_word' id='word_1_386' title='bbox 2620 2404 2776 2457; x_wconf 90' lang='lat' dir='ltr'><strong>quam</strong></span> <span class='ocrx_word' id='word_1_387' title='bbox 2807 2388 3031 2444; x_wconf 89' lang='lat' dir='ltr'><strong>hominis</strong></span> <span class='ocrx_word' id='word_1_388' title='bbox 3057 2388 3396 2444; x_wconf 90' lang='lat' dir='ltr'><strong>convocantis</strong></span> <span class='ocrx_word' id='word_1_389' title='bbox 3434 2400 3573 2445; x_wconf 91' lang='lat' dir='ltr'><strong>erat.</strong></span> <span class='ocrx_word' id='word_1_390' title='bbox 3601 2391 3782 2457; x_wconf 90' lang='lat' dir='ltr'><strong>Siqui-</strong></span> 
     </span>
    </p>
   </div>
   <div class='ocr_carea' id='block_1_44' title="bbox 2208 2478 3778 2551">
    <p class='ocr_par' dir='ltr' id='par_1_44' title="bbox 2208 2478 3778 2551">
     <span class='ocr_line' id='line_1_44' title="bbox 2208 2478 3778 2551; baseline 0.003 -19"><span class='ocrx_word' id='word_1_391' title='bbox 2208 2478 2328 2532; x_wconf 92' lang='lat' dir='ltr'><strong>dem</strong></span> <span class='ocrx_word' id='word_1_392' title='bbox 2355 2480 2549 2533; x_wconf 80' lang='lat' dir='ltr'><strong>inintici</strong></span> <span class='ocrx_word' id='word_1_393' title='bbox 2580 2480 2715 2534; x_wconf 92' lang='lat' dir='ltr'><strong>ﬁlios</strong></span> <span class='ocrx_word' id='word_1_394' title='bbox 2740 2481 2981 2551; x_wconf 83' lang='lat' dir='ltr'><strong>amplecti</strong></span> <span class='ocrx_word' id='word_1_395' title='bbox 3007 2489 3062 2535; x_wconf 90' lang='lat' dir='ltr'><strong>et</strong></span> <span class='ocrx_word' id='word_1_396' title='bbox 3102 2496 3302 2544; x_wconf 89' lang='lat' dir='ltr'><strong>amare,</strong></span> <span class='ocrx_word' id='word_1_397' title='bbox 3333 2494 3385 2536; x_wconf 91' lang='lat' dir='ltr'><strong>et</strong></span> <span class='ocrx_word' id='word_1_398' title='bbox 3427 2481 3565 2536; x_wconf 90' lang='lat' dir='ltr'><strong>illius</strong></span> <span class='ocrx_word' id='word_1_399' title='bbox 3588 2482 3778 2548; x_wconf 91' lang='lat' dir='ltr'><strong>ﬁlium,</strong></span> 
     </span>
    </p>
   </div>
   <div class='ocr_carea' id='block_1_45' title="bbox 2207 2570 3781 2642">
    <p class='ocr_par' dir='ltr' id='par_1_45' title="bbox 2207 2570 3781 2642">
     <span class='ocr_line' id='line_1_45' title="bbox 2207 2570 3781 2642; baseline 0.004 -21"><span class='ocrx_word' id='word_1_400' title='bbox 2207 2571 2295 2639; x_wconf 90' lang='lat' dir='ltr'><strong>qni</strong></span> <span class='ocrx_word' id='word_1_401' title='bbox 2327 2571 2478 2625; x_wconf 89' lang='lat' dir='ltr'><strong>toties</strong></span> <span class='ocrx_word' id='word_1_402' title='bbox 2513 2570 2679 2640; x_wconf 89' lang='lat' dir='ltr'><strong>ipsum</strong></span> <span class='ocrx_word' id='word_1_403' title='bbox 2730 2581 2983 2626; x_wconf 89' lang='lat' dir='ltr'><strong>tentasset</strong></span> <span class='ocrx_word' id='word_1_404' title='bbox 3012 2586 3040 2625; x_wconf 93' lang='lat' dir='ltr'><strong>e</strong></span> <span class='ocrx_word' id='word_1_405' title='bbox 3068 2571 3244 2625; x_wconf 90' lang='lat' dir='ltr'><strong>medio</strong></span> <span class='ocrx_word' id='word_1_406' title='bbox 3269 2572 3470 2638; x_wconf 88' lang='lat' dir='ltr'><strong>tollere,</strong></span> <span class='ocrx_word' id='word_1_407' title='bbox 3520 2582 3677 2642; x_wconf 90' lang='lat' dir='ltr'><strong>atque</strong></span> <span class='ocrx_word' id='word_1_408' title='bbox 3727 2574 3781 2628; x_wconf 88' lang='lat' dir='ltr'><strong>id</strong></span> 
     </span>
    </p>
   </div>
   <div class='ocr_carea' id='block_1_46' title="bbox 2208 2661 3778 2725">
    <p class='ocr_par' dir='ltr' id='par_1_46' title="bbox 2208 2661 3778 2725">
     <span class='ocr_line' id='line_1_46' title="bbox 2208 2661 3778 2725; baseline 0.004 -11"><span class='ocrx_word' id='word_1_409' title='bbox 2208 2661 2429 2716; x_wconf 84' lang='lat' dir='ltr'><strong>moliens</strong></span> <span class='ocrx_word' id='word_1_410' title='bbox 2453 2663 2765 2716; x_wconf 81' lang='lat' dir='ltr'><strong>excessisset</strong></span> <span class='ocrx_word' id='word_1_411' title='bbox 2793 2677 2823 2715; x_wconf 92' lang='lat' dir='ltr'><strong>e</strong></span> <span class='ocrx_word' id='word_1_412' title='bbox 2848 2662 2972 2725; x_wconf 87' lang='lat' dir='ltr'><strong>vita,</strong></span> <span class='ocrx_word' id='word_1_413' title='bbox 2995 2661 3044 2715; x_wconf 92' lang='lat' dir='ltr'><strong>id</strong></span> <span class='ocrx_word' id='word_1_414' title='bbox 3071 2661 3194 2715; x_wconf 91' lang='lat' dir='ltr'><strong>facit</strong></span> <span class='ocrx_word' id='word_1_415' title='bbox 3220 2672 3274 2715; x_wconf 92' lang='lat' dir='ltr'><strong>ut</strong></span> <span class='ocrx_word' id='word_1_416' title='bbox 3304 2662 3354 2715; x_wconf 93' lang='lat' dir='ltr'><strong>in</strong></span> <span class='ocrx_word' id='word_1_417' title='bbox 3382 2663 3526 2717; x_wconf 91' lang='lat' dir='ltr'><strong>illum</strong></span> <span class='ocrx_word' id='word_1_418' title='bbox 3553 2668 3778 2721; x_wconf 85' lang='lat' dir='ltr'><strong>chorum</strong></span> 
     </span>
    </p>
   </div>
   <div class='ocr_carea' id='block_1_47' title="bbox 2205 2752 3777 2823">
    <p class='ocr_par' dir='ltr' id='par_1_47' title="bbox 2205 2752 3777 2823">
     <span class='ocr_line' id='line_1_47' title="bbox 2205 2752 3777 2823; baseline 0.003 -18"><span class='ocrx_word' id='word_1_419' title='bbox 2205 2752 2482 2807; x_wconf 85' lang='lat' dir='ltr'><strong>referatur.</strong></span> <span class='ocrx_word' id='word_1_420' title='bbox 2528 2752 2639 2807; x_wconf 79' lang='lat' dir='ltr'><strong>Hoc</strong></span> <span class='ocrx_word' id='word_1_421' title='bbox 2669 2763 2721 2806; x_wconf 92' lang='lat' dir='ltr'><strong>tu</strong></span> <span class='ocrx_word' id='word_1_422' title='bbox 2750 2769 2958 2823; x_wconf 88' lang='lat' dir='ltr'><strong>quoque</strong></span> <span class='ocrx_word' id='word_1_423' title='bbox 2983 2752 3160 2817; x_wconf 88' lang='lat' dir='ltr'><strong>facito,</strong></span> <span class='ocrx_word' id='word_1_424' title='bbox 3192 2754 3485 2820; x_wconf 83' lang='lat' dir='ltr'><strong>carissime,</strong></span> <span class='ocrx_word' id='word_1_425' title='bbox 3511 2763 3563 2809; x_wconf 79' lang='lat' dir='ltr'><strong>et</strong></span> <span class='ocrx_word' id='word_1_426' title='bbox 3592 2756 3777 2810; x_wconf 66' lang='lat' dir='ltr'><strong>viveno</strong></span> 
     </span>
    </p>
   </div>
   <div class='ocr_carea' id='block_1_48' title="bbox 2205 2841 3773 2914">
    <p class='ocr_par' dir='ltr' id='par_1_48' title="bbox 2205 2841 3773 2914">
     <span class='ocr_line' id='line_1_48' title="bbox 2205 2841 3773 2914; baseline 0.004 -19"><span class='ocrx_word' id='word_1_427' title='bbox 2205 2841 2335 2895; x_wconf 91' lang='lat' dir='ltr'><strong>tium</strong></span> <span class='ocrx_word' id='word_1_428' title='bbox 2363 2849 2417 2895; x_wconf 91' lang='lat' dir='ltr'><strong>et</strong></span> <span class='ocrx_word' id='word_1_429' title='bbox 2441 2853 2767 2897; x_wconf 90' lang='lat' dir='ltr'><strong>mortuorum</strong></span> <span class='ocrx_word' id='word_1_430' title='bbox 2799 2842 2934 2898; x_wconf 90' lang='lat' dir='ltr'><strong>ﬁlios</strong></span> <span class='ocrx_word' id='word_1_431' title='bbox 2960 2843 3139 2899; x_wconf 88' lang='lat' dir='ltr'><strong>fovens</strong></span> <span class='ocrx_word' id='word_1_432' title='bbox 3166 2861 3178 2896; x_wconf 92' lang='lat'><strong>:</strong></span> <span class='ocrx_word' id='word_1_433' title='bbox 3213 2845 3499 2900; x_wconf 88' lang='lat' dir='ltr'><strong>viventium</strong></span> <span class='ocrx_word' id='word_1_434' title='bbox 3526 2847 3773 2914; x_wconf 90' lang='lat' dir='ltr'><strong>quidem,</strong></span> 
     </span>
    </p>
   </div>
   <div class='ocr_carea' id='block_1_49' title="bbox 2203 2930 3776 3003">
    <p class='ocr_par' dir='ltr' id='par_1_49' title="bbox 2203 2930 3776 3003">
     <span class='ocr_line' id='line_1_49' title="bbox 2203 2930 3776 3003; baseline 0.003 -18"><span class='ocrx_word' id='word_1_435' title='bbox 2203 2940 2260 2985; x_wconf 90' lang='lat' dir='ltr'><strong>ut</strong></span> <span class='ocrx_word' id='word_1_436' title='bbox 2283 2930 2382 2986; x_wconf 91' lang='lat' dir='ltr'><strong>hoc</strong></span> <span class='ocrx_word' id='word_1_437' title='bbox 2398 2931 2555 2985; x_wconf 92' lang='lat' dir='ltr'><strong>modo</strong></span> <span class='ocrx_word' id='word_1_438' title='bbox 2578 2942 2822 3003; x_wconf 86' lang='lat' dir='ltr'><strong>parentes</strong></span> <span class='ocrx_word' id='word_1_439' title='bbox 2843 2934 3048 2987; x_wconf 90' lang='lat' dir='ltr'><strong>illorum</strong></span> <span class='ocrx_word' id='word_1_440' title='bbox 3077 2934 3169 2988; x_wconf 88' lang='lat' dir='ltr'><strong>tibi</strong></span> <span class='ocrx_word' id='word_1_441' title='bbox 3191 2934 3439 2990; x_wconf 90' lang='lat' dir='ltr'><strong>concilies</strong></span> <span class='ocrx_word' id='word_1_442' title='bbox 3460 2952 3478 2988; x_wconf 92' lang='lat'><strong><em>:</em></strong></span> <span class='ocrx_word' id='word_1_443' title='bbox 3502 2934 3776 2991; x_wconf 84' lang='lat' dir='ltr'><strong>defuncto-</strong></span> 
     </span>
    </p>
   </div>
   <div class='ocr_carea' id='block_1_50' title="bbox 2202 3021 3771 3094">
    <p class='ocr_par' dir='ltr' id='par_1_50' title="bbox 2202 3021 3771 3094">
     <span class='ocr_line' id='line_1_50' title="bbox 2202 3021 3771 3094; baseline 0.004 -20"><span class='ocrx_word' id='word_1_444' title='bbox 2202 3036 2321 3075; x_wconf 85' lang='lat' dir='ltr'><strong>rum</strong></span> <span class='ocrx_word' id='word_1_445' title='bbox 2362 3036 2491 3076; x_wconf 90' lang='lat' dir='ltr'><strong>vero</strong></span> <span class='ocrx_word' id='word_1_446' title='bbox 2516 3022 2652 3077; x_wconf 90' lang='lat' dir='ltr'><strong>ﬁlios</strong></span> <span class='ocrx_word' id='word_1_447' title='bbox 2699 3037 2913 3087; x_wconf 88' lang='lat' dir='ltr'><strong>curans,</strong></span> <span class='ocrx_word' id='word_1_448' title='bbox 2938 3032 3051 3077; x_wconf 89' lang='lat' dir='ltr'><strong>uta</strong></span> <span class='ocrx_word' id='word_1_449' title='bbox 3080 3021 3189 3079; x_wconf 90' lang='lat' dir='ltr'><strong>Deo</strong></span> <span class='ocrx_word' id='word_1_450' title='bbox 3215 3024 3432 3078; x_wconf 90' lang='lat' dir='ltr'><strong>multum</strong></span> <span class='ocrx_word' id='word_1_451' title='bbox 3476 3024 3567 3079; x_wconf 88' lang='lat' dir='ltr'><strong>tibi</strong></span> <span class='ocrx_word' id='word_1_452' title='bbox 3612 3040 3771 3094; x_wconf 83' lang='lat' dir='ltr'><strong>pares</strong></span> 
     </span>
    </p>
   </div>
   <div class='ocr_carea' id='block_1_51' title="bbox 2199 3110 3767 3183">
    <p class='ocr_par' dir='ltr' id='par_1_51' title="bbox 2199 3110 3767 3183">
     <span class='ocr_line' id='line_1_51' title="bbox 2199 3110 3767 3183; baseline 0.003 -19"><span class='ocrx_word' id='word_1_453' title='bbox 2199 3110 2432 3166; x_wconf 80' lang='lat' dir='ltr'><strong>favorem</strong></span> <span class='ocrx_word' id='word_1_454' title='bbox 2473 3112 2816 3182; x_wconf 88' lang='lat' dir='ltr'><strong>plurimisque</strong></span> <span class='ocrx_word' id='word_1_455' title='bbox 2855 3112 3067 3167; x_wconf 89' lang='lat' dir='ltr'><strong>coronis</strong></span> <span class='ocrx_word' id='word_1_456' title='bbox 3111 3112 3399 3177; x_wconf 87' lang='lat' dir='ltr'><strong>decoreris,</strong></span> <span class='ocrx_word' id='word_1_457' title='bbox 3428 3118 3767 3183; x_wconf 87' lang='lat' dir='ltr'><strong>utqneinnu-</strong></span> 
     </span>
    </p>
   </div>
   <div class='ocr_carea' id='block_1_52' title="bbox 2200 3201 3768 3273">
    <p class='ocr_par' dir='ltr' id='par_1_52' title="bbox 2200 3201 3768 3273">
     <span class='ocr_line' id='line_1_52' title="bbox 2200 3201 3768 3273; baseline 0.003 -18"><span class='ocrx_word' id='word_1_458' title='bbox 2200 3216 2346 3256; x_wconf 85' lang='lat' dir='ltr'><strong>mera</strong></span> <span class='ocrx_word' id='word_1_459' title='bbox 2372 3201 2438 3255; x_wconf 87' lang='lat' dir='ltr'><strong>ab</strong></span> <span class='ocrx_word' id='word_1_460' title='bbox 2462 3202 2707 3256; x_wconf 90' lang='lat' dir='ltr'><strong>omnibus</strong></span> <span class='ocrx_word' id='word_1_461' title='bbox 2735 3210 2853 3255; x_wconf 86' lang='lat' dir='ltr'><strong>vota</strong></span> <span class='ocrx_word' id='word_1_462' title='bbox 2876 3217 3164 3271; x_wconf 85' lang='lat' dir='ltr'><strong>precesque</strong></span> <span class='ocrx_word' id='word_1_463' title='bbox 3189 3205 3548 3273; x_wconf 80' lang='lat' dir='ltr'><strong>cooscquaris,</strong></span> <span class='ocrx_word' id='word_1_464' title='bbox 3569 3220 3674 3258; x_wconf 92' lang='lat' dir='ltr'><strong>non</strong></span> <span class='ocrx_word' id='word_1_465' title='bbox 3701 3205 3768 3259; x_wconf 87' lang='lat' dir='ltr'><strong>ab</strong></span> 
     </span>
    </p>
   </div>
   <div class='ocr_carea' id='block_1_53' title="bbox 2200 3292 3763 3362">
    <p class='ocr_par' dir='ltr' id='par_1_53' title="bbox 2200 3292 3763 3362">
     <span class='ocr_line' id='line_1_53' title="bbox 2200 3292 3763 3362; baseline 0.002 -16"><span class='ocrx_word' id='word_1_466' title='bbox 2200 3293 2265 3348; x_wconf 91' lang='lat' dir='ltr'><strong>iis</strong></span> <span class='ocrx_word' id='word_1_467' title='bbox 2293 3301 2495 3347; x_wconf 90' lang='lat' dir='ltr'><strong>tantum</strong></span> <span class='ocrx_word' id='word_1_468' title='bbox 2521 3292 2610 3362; x_wconf 90' lang='lat' dir='ltr'><strong>qui</strong></span> <span class='ocrx_word' id='word_1_469' title='bbox 2641 3293 2740 3347; x_wconf 89' lang='lat' dir='ltr'><strong>tuis</strong></span> <span class='ocrx_word' id='word_1_470' title='bbox 2761 3293 3032 3348; x_wconf 91' lang='lat' dir='ltr'><strong>beneﬁciis</strong></span> <span class='ocrx_word' id='word_1_471' title='bbox 3056 3293 3217 3360; x_wconf 88' lang='lat' dir='ltr'><strong>adjuti</strong></span> <span class='ocrx_word' id='word_1_472' title='bbox 3239 3305 3378 3358; x_wconf 90' lang='lat' dir='ltr'><strong>sunt,</strong></span> <span class='ocrx_word' id='word_1_473' title='bbox 3398 3310 3583 3349; x_wconf 90' lang='lat' dir='ltr'><strong>verum</strong></span> <span class='ocrx_word' id='word_1_474' title='bbox 3600 3296 3763 3349; x_wconf 87' lang='lat' dir='ltr'><strong>etiam</strong></span> 
     </span>
    </p>
   </div>
   <div class='ocr_carea' id='block_1_54' title="bbox 2197 3382 3773 3455">
    <p class='ocr_par' dir='ltr' id='par_1_54' title="bbox 2197 3382 3773 3455">
     <span class='ocr_line' id='line_1_54' title="bbox 2197 3382 3773 3455; baseline 0.001 -18"><span class='ocrx_word' id='word_1_475' title='bbox 2197 3384 2263 3437; x_wconf 91' lang='lat' dir='ltr'><strong>ab</strong></span> <span class='ocrx_word' id='word_1_476' title='bbox 2291 3384 2352 3437; x_wconf 91' lang='lat' dir='ltr'><strong>iis</strong></span> <span class='ocrx_word' id='word_1_477' title='bbox 2379 3384 2470 3453; x_wconf 89' lang='lat' dir='ltr'><strong>qui</strong></span> <span class='ocrx_word' id='word_1_478' title='bbox 2520 3384 2779 3438; x_wconf 90' lang='lat' dir='ltr'><strong>viderunt.</strong></span> <span class='ocrx_word' id='word_1_479' title='bbox 2809 3382 2920 3439; x_wconf 84' lang='lat' dir='ltr'><strong>Hoc</strong></span> <span class='ocrx_word' id='word_1_480' title='bbox 2946 3398 3039 3453; x_wconf 89' lang='lat' dir='ltr'><strong>pro</strong></span> <span class='ocrx_word' id='word_1_481' title='bbox 3070 3394 3118 3438; x_wconf 90' lang='lat' dir='ltr'><strong>te</strong></span> <span class='ocrx_word' id='word_1_482' title='bbox 3138 3383 3296 3438; x_wconf 90' lang='lat' dir='ltr'><strong>stabit</strong></span> <span class='ocrx_word' id='word_1_483' title='bbox 3322 3385 3411 3439; x_wconf 91' lang='lat' dir='ltr'><strong>illo</strong></span> <span class='ocrx_word' id='word_1_484' title='bbox 3436 3386 3541 3449; x_wconf 90' lang='lat' dir='ltr'><strong>die,</strong></span> <span class='ocrx_word' id='word_1_485' title='bbox 3566 3387 3773 3455; x_wconf 83' lang='lat' dir='ltr'><strong>magni-</strong></span> 
     </span>
    </p>
   </div>
   <div class='ocr_carea' id='block_1_55' title="bbox 2196 3471 3769 3544">
    <p class='ocr_par' dir='ltr' id='par_1_55' title="bbox 2196 3471 3769 3544">
     <span class='ocr_line' id='line_1_55' title="bbox 2196 3471 3769 3544; baseline 0.003 -18"><span class='ocrx_word' id='word_1_486' title='bbox 2196 3488 2298 3541; x_wconf 87' lang='lat' dir='ltr'><strong>que</strong></span> <span class='ocrx_word' id='word_1_487' title='bbox 2322 3472 2412 3527; x_wconf 88' lang='lat' dir='ltr'><strong>tibi</strong></span> <span class='ocrx_word' id='word_1_488' title='bbox 2435 3471 2590 3527; x_wconf 89' lang='lat' dir='ltr'><strong>futuri</strong></span> <span class='ocrx_word' id='word_1_489' title='bbox 2619 3482 2740 3527; x_wconf 89' lang='lat' dir='ltr'><strong>sunt</strong></span> <span class='ocrx_word' id='word_1_490' title='bbox 2760 3475 2964 3543; x_wconf 90' lang='lat' dir='ltr'><strong>patroni</strong></span> <span class='ocrx_word' id='word_1_491' title='bbox 2986 3475 3038 3527; x_wconf 92' lang='lat' dir='ltr'><strong>in</strong></span> <span class='ocrx_word' id='word_1_492' title='bbox 3060 3473 3240 3544; x_wconf 89' lang='lat' dir='ltr'><strong>judicii</strong></span> <span class='ocrx_word' id='word_1_493' title='bbox 3285 3485 3543 3544; x_wconf 89' lang='lat' dir='ltr'><strong>tempore,</strong></span> <span class='ocrx_word' id='word_1_494' title='bbox 3588 3476 3769 3531; x_wconf 84' lang='lat' dir='ltr'><strong>hostes</strong></span> 
     </span>
    </p>
   </div>
   <div class='ocr_carea' id='block_1_56' title="bbox 2198 3564 3774 3636">
    <p class='ocr_par' dir='ltr' id='par_1_56' title="bbox 2198 3564 3774 3636">
     <span class='ocr_line' id='line_1_56' title="bbox 2198 3564 3774 3636; baseline 0.003 -17"><span class='ocrx_word' id='word_1_495' title='bbox 2198 3575 2286 3619; x_wconf 93' lang='lat' dir='ltr'><strong>tuo</strong></span> <span class='ocrx_word' id='word_1_496' title='bbox 2326 3564 2581 3621; x_wconf 89' lang='lat' dir='ltr'><strong>beneﬁcio</strong></span> <span class='ocrx_word' id='word_1_497' title='bbox 2609 3566 2771 3634; x_wconf 89' lang='lat' dir='ltr'><strong>adjuti</strong></span> <span class='ocrx_word' id='word_1_498' title='bbox 2803 3584 2815 3618; x_wconf 93' lang='lat'><strong>:</strong></span> <span class='ocrx_word' id='word_1_499' title='bbox 2844 3566 3003 3620; x_wconf 89' lang='lat' dir='ltr'><strong>multa</strong></span> <span class='ocrx_word' id='word_1_500' title='bbox 3035 3574 3243 3635; x_wconf 87' lang='lat' dir='ltr'><strong>peccata</strong></span> <span class='ocrx_word' id='word_1_501' title='bbox 3273 3568 3525 3636; x_wconf 84' lang='lat' dir='ltr'><strong>expiabis,</strong></span> <span class='ocrx_word' id='word_1_502' title='bbox 3582 3577 3635 3622; x_wconf 88' lang='lat' dir='ltr'><strong>et</strong></span> <span class='ocrx_word' id='word_1_503' title='bbox 3687 3584 3774 3623; x_wconf 87' lang='lat' dir='ltr'><strong>re-</strong></span> 
     </span>
    </p>
   </div>
   <div class='ocr_carea' id='block_1_57' title="bbox 2197 3657 3773 3729">
    <p class='ocr_par' dir='ltr' id='par_1_57' title="bbox 2197 3657 3773 3729">
     <span class='ocr_line' id='line_1_57' title="bbox 2197 3657 3773 3729; baseline 0.001 -17"><span class='ocrx_word' id='word_1_504' title='bbox 2197 3672 2380 3727; x_wconf 87' lang='lat' dir='ltr'><strong>posces</strong></span> <span class='ocrx_word' id='word_1_505' title='bbox 2406 3658 2722 3713; x_wconf 89' lang='lat' dir='ltr'><strong>merccdem.</strong></span> <span class='ocrx_word' id='word_1_506' title='bbox 2750 3657 2963 3713; x_wconf 86' lang='lat' dir='ltr'><strong>Etiamsi</strong></span> <span class='ocrx_word' id='word_1_507' title='bbox 2998 3659 3267 3713; x_wconf 88' lang='lat' dir='ltr'><strong>innumera</strong></span> <span class='ocrx_word' id='word_1_508' title='bbox 3293 3661 3622 3714; x_wconf 87' lang='lat' dir='ltr'><strong>commiseris</strong></span> <span class='ocrx_word' id='word_1_509' title='bbox 3650 3674 3773 3729; x_wconf 88' lang='lat' dir='ltr'><strong>pec-</strong></span> 
     </span>
    </p>
   </div>
   <div class='ocr_carea' id='block_1_58' title="bbox 2195 3749 3772 3820">
    <p class='ocr_par' dir='ltr' id='par_1_58' title="bbox 2195 3749 3772 3820">
     <span class='ocr_line' id='line_1_58' title="bbox 2195 3749 3772 3820; baseline 0.003 -17"><span class='ocrx_word' id='word_1_510' title='bbox 2195 3761 2329 3814; x_wconf 88' lang='lat' dir='ltr'><strong>cata,</strong></span> <span class='ocrx_word' id='word_1_511' title='bbox 2353 3750 2397 3802; x_wconf 90' lang='lat' dir='ltr'><strong>si</strong></span> <span class='ocrx_word' id='word_1_512' title='bbox 2420 3749 2655 3817; x_wconf 87' lang='lat' dir='ltr'><strong>proferas</strong></span> <span class='ocrx_word' id='word_1_513' title='bbox 2672 3750 2811 3803; x_wconf 90' lang='lat' dir='ltr'><strong>illam</strong></span> <span class='ocrx_word' id='word_1_514' title='bbox 2833 3751 3211 3819; x_wconf 88' lang='lat' dir='ltr'><strong>precationem,</strong></span> <span class='ocrx_word' id='word_1_515' title='bbox 3238 3766 3355 3820; x_wconf 72' lang='lat' dir='ltr'><strong>qua:</strong></span> <span class='ocrx_word' id='word_1_516' title='bbox 3380 3750 3509 3805; x_wconf 85' lang='lat' dir='ltr'><strong>dicit</strong></span> <span class='ocrx_word' id='word_1_517' title='bbox 3535 3768 3547 3805; x_wconf 91' lang='lat'>:</span> <span class='ocrx_word' id='word_1_518' title='bbox 3577 3752 3772 3807; x_wconf 79' lang='lat' dir='ltr'><strong>Remit-</strong></span> 
     </span>
    </p>
   </div>
   <div class='ocr_carea' id='block_1_59' title="bbox 2197 3839 3765 3911">
    <p class='ocr_par' dir='ltr' id='par_1_59' title="bbox 2197 3839 3765 3911">
     <span class='ocr_line' id='line_1_59' title="bbox 2197 3839 3765 3911; baseline 0.003 -18"><span class='ocrx_word' id='word_1_519' title='bbox 2197 3842 2282 3895; x_wconf 86' lang='lat' dir='ltr'><strong>tite</strong></span> <span class='ocrx_word' id='word_1_520' title='bbox 2306 3841 2520 3894; x_wconf 88' lang='lat' dir='ltr'><strong>inimicis</strong></span> <span class='ocrx_word' id='word_1_521' title='bbox 2546 3842 2720 3895; x_wconf 83' lang='lat' dir='ltr'><strong>vestris</strong></span> <span class='ocrx_word' id='word_1_522' title='bbox 2744 3881 2759 3904; x_wconf 92' lang='lat'><strong>,</strong></span> <span class='ocrx_word' id='word_1_523' title='bbox 2787 3850 2831 3892; x_wconf 87' lang='lat' dir='ltr'><strong>et</strong></span> <span class='ocrx_word' id='word_1_524' title='bbox 2860 3839 3013 3893; x_wconf 84' lang='lat' dir='ltr'><strong>Pater</strong></span> <span class='ocrx_word' id='word_1_525' title='bbox 3034 3852 3191 3894; x_wconf 85' lang='lat' dir='ltr'><strong>vester</strong></span> <span class='ocrx_word' id='word_1_526' title='bbox 3216 3844 3427 3895; x_wconf 82' lang='lat' dir='ltr'><strong>remittet</strong></span> <span class='ocrx_word' id='word_1_527' title='bbox 3458 3842 3593 3897; x_wconf 84' lang='lat' dir='ltr'><strong>vobis</strong></span> <span class='ocrx_word' id='word_1_528' title='bbox 3641 3861 3765 3911; x_wconf 84' lang='lat' dir='ltr'><strong>pec-</strong></span> 
     </span>
    </p>
   </div>
   <div class='ocr_carea' id='block_1_60' title="bbox 2196 3928 3773 4001">
    <p class='ocr_par' dir='ltr' id='par_1_60' title="bbox 2196 3928 3773 4001">
     <span class='ocr_line' id='line_1_60' title="bbox 2196 3928 3773 4001; baseline 0.002 -18"><span class='ocrx_word' id='word_1_529' title='bbox 2196 3942 2309 3983; x_wconf 89' lang='lat' dir='ltr'><strong>cata</strong></span> <span class='ocrx_word' id='word_1_530' title='bbox 2354 3928 2752 4000; x_wconf 80' lang='lat' dir='ltr'><strong>uestra(Matth.</strong></span> <span class='ocrx_word' id='word_1_531' title='bbox 2785 3930 2839 3985; x_wconf 87' lang='lat'><strong>6.</strong></span> <span class='ocrx_word' id='word_1_532' title='bbox 2870 3931 2972 4001; x_wconf 80' lang='lat' dir='ltr'><strong>M)</strong></span> <span class='ocrx_word' id='word_1_533' title='bbox 3000 3949 3012 3983; x_wconf 90' lang='lat'><strong>:</strong></span> <span class='ocrx_word' id='word_1_534' title='bbox 3039 3931 3200 3984; x_wconf 85' lang='lat' dir='ltr'><strong>multa</strong></span> <span class='ocrx_word' id='word_1_535' title='bbox 3220 3947 3343 3985; x_wconf 88' lang='lat' dir='ltr'><strong>cum</strong></span> <span class='ocrx_word' id='word_1_536' title='bbox 3391 3930 3573 3986; x_wconf 90' lang='lat' dir='ltr'><strong>ﬁducia</strong></span> <span class='ocrx_word' id='word_1_537' title='bbox 3620 3947 3773 3986; x_wconf 88' lang='lat' dir='ltr'><strong>com-</strong></span> 
     </span>
    </p>
   </div>
   <div class='ocr_carea' id='block_1_61' title="bbox 2194 4021 3767 4093">
    <p class='ocr_par' dir='ltr' id='par_1_61' title="bbox 2194 4021 3767 4093">
     <span class='ocr_line' id='line_1_61' title="bbox 2194 4021 3767 4093; baseline 0.002 -18"><span class='ocrx_word' id='word_1_538' title='bbox 2194 4022 2476 4076; x_wconf 89' lang='lat' dir='ltr'><strong>missorum</strong></span> <span class='ocrx_word' id='word_1_539' title='bbox 2507 4022 2741 4075; x_wconf 91' lang='lat' dir='ltr'><strong>omnium</strong></span> <span class='ocrx_word' id='word_1_540' title='bbox 2793 4021 3161 4075; x_wconf 86' lang='lat' dir='ltr'><strong>remissionem</strong></span> <span class='ocrx_word' id='word_1_541' title='bbox 3214 4023 3556 4090; x_wconf 87' lang='lat' dir='ltr'><strong>consequeris</strong></span> <span class='ocrx_word' id='word_1_542' title='bbox 3602 4032 3767 4093; x_wconf 87' lang='lat' dir='ltr'><strong>atque</strong></span> 
     </span>
    </p>
   </div>
   <div class='ocr_carea' id='block_1_62' title="bbox 2197 4112 3772 4181">
    <p class='ocr_par' dir='ltr' id='par_1_62' title="bbox 2197 4112 3772 4181">
     <span class='ocr_line' id='line_1_62' title="bbox 2197 4112 3772 4181; baseline 0.001 -15"><span class='ocrx_word' id='word_1_543' title='bbox 2197 4113 2281 4167; x_wconf 93' lang='lat' dir='ltr'><strong>hic</strong></span> <span class='ocrx_word' id='word_1_544' title='bbox 2307 4113 2518 4168; x_wconf 89' lang='lat' dir='ltr'><strong>interim</strong></span> <span class='ocrx_word' id='word_1_545' title='bbox 2555 4112 2689 4167; x_wconf 91' lang='lat' dir='ltr'><strong>bona</strong></span> <span class='ocrx_word' id='word_1_546' title='bbox 2734 4127 2854 4166; x_wconf 91' lang='lat' dir='ltr'><strong>cum</strong></span> <span class='ocrx_word' id='word_1_547' title='bbox 2895 4126 2990 4181; x_wconf 91' lang='lat' dir='ltr'><strong>spe</strong></span> <span class='ocrx_word' id='word_1_548' title='bbox 3031 4114 3202 4177; x_wconf 87' lang='lat' dir='ltr'><strong>vives,</strong></span> <span class='ocrx_word' id='word_1_549' title='bbox 3258 4112 3528 4167; x_wconf 90' lang='lat' dir='ltr'><strong>habiturus</strong></span> <span class='ocrx_word' id='word_1_550' title='bbox 3580 4128 3772 4169; x_wconf 86' lang='lat' dir='ltr'><strong>omnes</strong></span> 
     </span>
    </p>
   </div>
   <div class='ocr_carea' id='block_1_63' title="bbox 2191 4202 3772 4273">
    <p class='ocr_par' dir='ltr' id='par_1_63' title="bbox 2191 4202 3772 4273">
     <span class='ocr_line' id='line_1_63' title="bbox 2191 4202 3772 4273; baseline 0.001 -15"><span class='ocrx_word' id='word_1_551' title='bbox 2191 4214 2430 4258; x_wconf 87' lang='lat' dir='ltr'><strong>amanter</strong></span> <span class='ocrx_word' id='word_1_552' title='bbox 2448 4219 2570 4273; x_wconf 87' lang='lat' dir='ltr'><strong>erga</strong></span> <span class='ocrx_word' id='word_1_553' title='bbox 2589 4213 2639 4258; x_wconf 90' lang='lat' dir='ltr'><strong>te</strong></span> <span class='ocrx_word' id='word_1_554' title='bbox 2655 4202 2887 4258; x_wconf 67' lang='lat' dir='ltr'><strong>allectos.</strong></span> <span class='ocrx_word' id='word_1_555' title='bbox 2904 4202 3035 4257; x_wconf 88' lang='lat' dir='ltr'><strong>Cum</strong></span> <span class='ocrx_word' id='word_1_556' title='bbox 3045 4203 3185 4257; x_wconf 89' lang='lat' dir='ltr'><strong>enim</strong></span> <span class='ocrx_word' id='word_1_557' title='bbox 3201 4203 3428 4256; x_wconf 88' lang='lat' dir='ltr'><strong>viderint</strong></span> <span class='ocrx_word' id='word_1_558' title='bbox 3448 4213 3498 4257; x_wconf 89' lang='lat' dir='ltr'><strong>te</strong></span> <span class='ocrx_word' id='word_1_559' title='bbox 3524 4204 3772 4259; x_wconf 88' lang='lat' dir='ltr'><strong>inimicos</strong></span> 
     </span>
    </p>
   </div>
   <div class='ocr_carea' id='block_1_64' title="bbox 2192 4292 3774 4362">
    <p class='ocr_par' dir='ltr' id='par_1_64' title="bbox 2192 4292 3774 4362">
     <span class='ocr_line' id='line_1_64' title="bbox 2192 4292 3774 4362; baseline -0.001 -13"><span class='ocrx_word' id='word_1_560' title='bbox 2192 4304 2243 4349; x_wconf 90' lang='lat' dir='ltr'><strong>et</strong></span> <span class='ocrx_word' id='word_1_561' title='bbox 2275 4293 2605 4348; x_wconf 86' lang='lat' dir='ltr'><strong>inimicorum</strong></span> <span class='ocrx_word' id='word_1_562' title='bbox 2631 4292 2766 4348; x_wconf 92' lang='lat' dir='ltr'><strong>ﬁlios</strong></span> <span class='ocrx_word' id='word_1_563' title='bbox 2798 4293 2876 4348; x_wconf 91' lang='lat' dir='ltr'><strong>sic</strong></span> <span class='ocrx_word' id='word_1_564' title='bbox 2903 4292 3142 4362; x_wconf 86' lang='lat' dir='ltr'><strong>diligere,</strong></span> <span class='ocrx_word' id='word_1_565' title='bbox 3166 4294 3254 4361; x_wconf 90' lang='lat' dir='ltr'><strong>qui</strong></span> <span class='ocrx_word' id='word_1_566' title='bbox 3279 4292 3394 4347; x_wconf 89' lang='lat' dir='ltr'><strong>ﬁeri</strong></span> <span class='ocrx_word' id='word_1_567' title='bbox 3448 4294 3665 4362; x_wconf 84' lang='lat' dir='ltr'><strong>peterit,</strong></span> <span class='ocrx_word' id='word_1_568' title='bbox 3714 4304 3774 4349; x_wconf 89' lang='lat' dir='ltr'><strong>ut</strong></span> 
     </span>
    </p>
   </div>
   <div class='ocr_carea' id='block_1_65' title="bbox 2191 4384 3769 4454">
    <p class='ocr_par' dir='ltr' id='par_1_65' title="bbox 2191 4384 3769 4454">
     <span class='ocr_line' id='line_1_65' title="bbox 2191 4384 3769 4454; baseline -0.001 -15"><span class='ocrx_word' id='word_1_569' title='bbox 2191 4402 2296 4440; x_wconf 92' lang='lat' dir='ltr'><strong>non</strong></span> <span class='ocrx_word' id='word_1_570' title='bbox 2322 4384 2565 4440; x_wconf 85' lang='lat' dir='ltr'><strong>aﬁ‘ectent</strong></span> <span class='ocrx_word' id='word_1_571' title='bbox 2590 4385 2681 4438; x_wconf 90' lang='lat' dir='ltr'><strong>tibi</strong></span> <span class='ocrx_word' id='word_1_572' title='bbox 2715 4385 2868 4439; x_wconf 91' lang='lat' dir='ltr'><strong>amici</strong></span> <span class='ocrx_word' id='word_1_573' title='bbox 2891 4386 3067 4454; x_wconf 90' lang='lat' dir='ltr'><strong>tuique</strong></span> <span class='ocrx_word' id='word_1_574' title='bbox 3094 4384 3315 4438; x_wconf 90' lang='lat' dir='ltr'><strong>studiosi</strong></span> <span class='ocrx_word' id='word_1_575' title='bbox 3338 4384 3469 4448; x_wconf 88' lang='lat' dir='ltr'><strong>ﬁeri,</strong></span> <span class='ocrx_word' id='word_1_576' title='bbox 3501 4393 3554 4438; x_wconf 88' lang='lat' dir='ltr'><strong>et</strong></span> <span class='ocrx_word' id='word_1_577' title='bbox 3583 4387 3769 4439; x_wconf 84' lang='lat' dir='ltr'><strong>omnia</strong></span> 
     </span>
    </p>
   </div>
   <div class='ocr_carea' id='block_1_66' title="bbox 2194 4474 3769 4544">
    <p class='ocr_par' dir='ltr' id='par_1_66' title="bbox 2194 4474 3769 4544">
     <span class='ocr_line' id='line_1_66' title="bbox 2194 4474 3769 4544; baseline -0.003 -12"><span class='ocrx_word' id='word_1_578' title='bbox 2194 4489 2278 4532; x_wconf 86' lang='lat' dir='ltr'><strong>tua</strong></span> <span class='ocrx_word' id='word_1_579' title='bbox 2305 4492 2461 4531; x_wconf 87' lang='lat' dir='ltr'><strong>causa</strong></span> <span class='ocrx_word' id='word_1_580' title='bbox 2492 4486 2600 4530; x_wconf 90' lang='lat' dir='ltr'><strong>tum</strong></span> <span class='ocrx_word' id='word_1_581' title='bbox 2637 4475 2810 4529; x_wconf 87' lang='lat' dir='ltr'><strong>facere</strong></span> <span class='ocrx_word' id='word_1_582' title='bbox 2857 4483 2967 4528; x_wconf 91' lang='lat' dir='ltr'><strong>tum</strong></span> <span class='ocrx_word' id='word_1_583' title='bbox 2997 4475 3140 4544; x_wconf 80' lang='lat' dir='ltr'><strong>pati?</strong></span> <span class='ocrx_word' id='word_1_584' title='bbox 3185 4474 3350 4529; x_wconf 86' lang='lat' dir='ltr'><strong>Porro</strong></span> <span class='ocrx_word' id='word_1_585' title='bbox 3381 4490 3500 4528; x_wconf 89' lang='lat' dir='ltr'><strong>eum</strong></span> <span class='ocrx_word' id='word_1_586' title='bbox 3558 4484 3769 4528; x_wconf 83' lang='lat' dir='ltr'><strong>tantum</strong></span> 
     </span>
    </p>
   </div>
   <div class='ocr_carea' id='block_1_67' title="bbox 2192 4564 3770 4637">
    <p class='ocr_par' dir='ltr' id='par_1_67' title="bbox 2192 4564 3770 4637">
     <span class='ocr_line' id='line_1_67' title="bbox 2192 4564 3770 4637; baseline -0.002 -15"><span class='ocrx_word' id='word_1_587' title='bbox 2192 4567 2329 4637; x_wconf 92' lang='lat' dir='ltr'><strong>apud</strong></span> <span class='ocrx_word' id='word_1_588' title='bbox 2361 4568 2526 4621; x_wconf 89' lang='lat' dir='ltr'><strong>Deum</strong></span> <span class='ocrx_word' id='word_1_589' title='bbox 2576 4566 2666 4620; x_wconf 88' lang='lat' dir='ltr'><strong>tibi</strong></span> <span class='ocrx_word' id='word_1_590' title='bbox 2688 4582 2843 4636; x_wconf 89' lang='lat' dir='ltr'><strong>pares</strong></span> <span class='ocrx_word' id='word_1_591' title='bbox 2866 4567 3115 4625; x_wconf 87' lang='lat' dir='ltr'><strong>favorem,</strong></span> <span class='ocrx_word' id='word_1_592' title='bbox 3144 4580 3265 4619; x_wconf 91' lang='lat' dir='ltr'><strong>cum</strong></span> <span class='ocrx_word' id='word_1_593' title='bbox 3293 4576 3511 4619; x_wconf 88' lang='lat' dir='ltr'><strong>cunctus</strong></span> <span class='ocrx_word' id='word_1_594' title='bbox 3564 4564 3770 4621; x_wconf 85' lang='lat' dir='ltr'><strong>habeas</strong></span> 
     </span>
    </p>
   </div>
   <div class='ocr_carea' id='block_1_68' title="bbox 2191 4658 3771 4726">
    <p class='ocr_par' dir='ltr' id='par_1_68' title="bbox 2191 4658 3771 4726">
     <span class='ocr_line' id='line_1_68' title="bbox 2191 4658 3771 4726; baseline -0.001 -13"><span class='ocrx_word' id='word_1_595' title='bbox 2191 4660 2367 4714; x_wconf 89' lang='lat' dir='ltr'><strong>omnia</strong></span> <span class='ocrx_word' id='word_1_596' title='bbox 2393 4660 2526 4715; x_wconf 90' lang='lat' dir='ltr'><strong>bona</strong></span> <span class='ocrx_word' id='word_1_597' title='bbox 2549 4658 2640 4713; x_wconf 93' lang='lat' dir='ltr'><strong>tibi</strong></span> <span class='ocrx_word' id='word_1_598' title='bbox 2666 4664 3082 4726; x_wconf 89' lang='lat' dir='ltr'><strong>comprecantes,</strong></span> <span class='ocrx_word' id='word_1_599' title='bbox 3110 4668 3267 4726; x_wconf 83' lang='lat' dir='ltr'><strong>quam</strong></span> <span class='ocrx_word' id='word_1_600' title='bbox 3296 4670 3551 4710; x_wconf 77' lang='lat' dir='ltr'><strong>sensurus</strong></span> <span class='ocrx_word' id='word_1_601' title='bbox 3571 4671 3631 4711; x_wconf 87' lang='lat' dir='ltr'><strong>es</strong></span> <span class='ocrx_word' id='word_1_602' title='bbox 3655 4673 3771 4711; x_wconf 80' lang='lat' dir='ltr'><strong>mo-</strong></span> 
     </span>
    </p>
   </div>
   <div class='ocr_carea' id='block_1_69' title="bbox 2190 4743 3767 4817">
    <p class='ocr_par' dir='ltr' id='par_1_69' title="bbox 2190 4743 3767 4817">
     <span class='ocr_line' id='line_1_69' title="bbox 2190 4743 3767 4817; baseline -0.003 -13"><span class='ocrx_word' id='word_1_603' title='bbox 2190 4750 2417 4815; x_wconf 87' lang='lat' dir='ltr'><strong>lestiam,</strong></span> <span class='ocrx_word' id='word_1_604' title='bbox 2440 4759 2529 4802; x_wconf 89' lang='lat' dir='ltr'><strong>aut</strong></span> <span class='ocrx_word' id='word_1_605' title='bbox 2570 4748 2686 4817; x_wconf 90' lang='lat' dir='ltr'><strong>quis</strong></span> <span class='ocrx_word' id='word_1_606' title='bbox 2741 4755 2791 4800; x_wconf 89' lang='lat' dir='ltr'><strong>te</strong></span> <span class='ocrx_word' id='word_1_607' title='bbox 2817 4747 2978 4799; x_wconf 89' lang='lat' dir='ltr'><strong>vitam</strong></span> <span class='ocrx_word' id='word_1_608' title='bbox 3002 4746 3143 4799; x_wconf 83' lang='lat' dir='ltr'><strong>vivat</strong></span> <span class='ocrx_word' id='word_1_609' title='bbox 3183 4743 3509 4800; x_wconf 80' lang='lat' dir='ltr'><strong>feliciorem?</strong></span> <span class='ocrx_word' id='word_1_610' title='bbox 3542 4744 3672 4799; x_wconf 68' lang='lat' dir='ltr'><strong>Haec</strong></span> <span class='ocrx_word' id='word_1_611' title='bbox 3715 4747 3767 4800; x_wconf 91' lang='lat' dir='ltr'><strong>in</strong></span> 
     </span>
    </p>
   </div>
   <div class='ocr_carea' id='block_1_70' title="bbox 2194 4838 3771 4900">
    <p class='ocr_par' dir='ltr' id='par_1_70' title="bbox 2194 4838 3771 4900">
     <span class='ocr_line' id='line_1_70' title="bbox 2194 4838 3771 4900; baseline -0.003 -4"><span class='ocrx_word' id='word_1_612' title='bbox 2194 4842 2292 4897; x_wconf 87' lang='lat' dir='ltr'><strong>hac</strong></span> <span class='ocrx_word' id='word_1_613' title='bbox 2317 4844 2422 4896; x_wconf 89' lang='lat' dir='ltr'><strong>vita</strong></span> <span class='ocrx_word' id='word_1_614' title='bbox 2458 4856 2562 4894; x_wconf 90' lang='lat' dir='ltr'><strong>non</strong></span> <span class='ocrx_word' id='word_1_615' title='bbox 2607 4849 2809 4894; x_wconf 89' lang='lat' dir='ltr'><strong>tantum</strong></span> <span class='ocrx_word' id='word_1_616' title='bbox 2849 4839 3140 4900; x_wconf 88' lang='lat' dir='ltr'><strong>laudemus,</strong></span> <span class='ocrx_word' id='word_1_617' title='bbox 3194 4852 3378 4892; x_wconf 86' lang='lat' dir='ltr'><strong>verum</strong></span> <span class='ocrx_word' id='word_1_618' title='bbox 3427 4839 3591 4892; x_wconf 87' lang='lat' dir='ltr'><strong>etiam</strong></span> <span class='ocrx_word' id='word_1_619' title='bbox 3644 4838 3771 4892; x_wconf 87' lang='lat' dir='ltr'><strong>hinc</strong></span> 
     </span>
    </p>
   </div>
   <div class='ocr_carea' id='block_1_71' title="bbox 2190 4928 3769 5005">
    <p class='ocr_par' dir='ltr' id='par_1_71' title="bbox 2190 4928 3769 5005">
     <span class='ocr_line' id='line_1_71' title="bbox 2190 4928 3769 5005; baseline -0.005 -16"><span class='ocrx_word' id='word_1_620' title='bbox 2190 4934 2391 5005; x_wconf 80' lang='lat' dir='ltr'><strong>egressi</strong></span> <span class='ocrx_word' id='word_1_621' title='bbox 2416 4945 2708 4998; x_wconf 88' lang='lat' dir='ltr'><strong>servemus,</strong></span> <span class='ocrx_word' id='word_1_622' title='bbox 2739 4944 2802 4985; x_wconf 89' lang='lat' dir='ltr'><strong>ac</strong></span> <span class='ocrx_word' id='word_1_623' title='bbox 2828 4930 3225 4985; x_wconf 87' lang='lat' dir='ltr'><strong>obambulantes</strong></span> <span class='ocrx_word' id='word_1_624' title='bbox 3252 4928 3493 4981; x_wconf 87' lang='lat' dir='ltr'><strong>inimicos</strong></span> <span class='ocrx_word' id='word_1_625' title='bbox 3517 4942 3769 4995; x_wconf 87' lang='lat' dir='ltr'><strong>perscru-</strong></span> 
     </span>
    </p>
   </div>
   <div class='ocr_carea' id='block_1_72' title="bbox 2195 5018 3772 5095">
    <p class='ocr_par' dir='ltr' id='par_1_72' title="bbox 2195 5018 3772 5095">
     <span class='ocr_line' id='line_1_72' title="bbox 2195 5018 3772 5095; baseline -0.005 -15"><span class='ocrx_word' id='word_1_626' title='bbox 2195 5025 2340 5080; x_wconf 89' lang='lat' dir='ltr'><strong>tandi</strong></span> <span class='ocrx_word' id='word_1_627' title='bbox 2359 5026 2542 5095; x_wconf 86' lang='lat' dir='ltr'><strong>gratia,</strong></span> <span class='ocrx_word' id='word_1_628' title='bbox 2574 5038 2668 5078; x_wconf 92' lang='lat' dir='ltr'><strong>eos</strong></span> <span class='ocrx_word' id='word_1_629' title='bbox 2694 5022 2847 5077; x_wconf 91' lang='lat' dir='ltr'><strong>nobis</strong></span> <span class='ocrx_word' id='word_1_630' title='bbox 2868 5020 3293 5083; x_wconf 87' lang='lat' dir='ltr'><strong>reconciliemus,</strong></span> <span class='ocrx_word' id='word_1_631' title='bbox 3322 5028 3376 5072; x_wconf 87' lang='lat' dir='ltr'><strong>et</strong></span> <span class='ocrx_word' id='word_1_632' title='bbox 3422 5032 3489 5071; x_wconf 82' lang='lat' dir='ltr'><strong>ex</strong></span> <span class='ocrx_word' id='word_1_633' title='bbox 3534 5018 3772 5072; x_wconf 88' lang='lat' dir='ltr'><strong>inimicis</strong></span> 
     </span>
    </p>
   </div>
   <div class='ocr_carea' id='block_1_73' title="bbox 2191 5109 3771 5177">
    <p class='ocr_par' dir='ltr' id='par_1_73' title="bbox 2191 5109 3771 5177">
     <span class='ocr_line' id='line_1_73' title="bbox 2191 5109 3771 5177; baseline -0.005 -7"><span class='ocrx_word' id='word_1_634' title='bbox 2191 5116 2427 5171; x_wconf 87' lang='lat' dir='ltr'><strong>sinceros</strong></span> <span class='ocrx_word' id='word_1_635' title='bbox 2449 5114 2730 5169; x_wconf 88' lang='lat' dir='ltr'><strong>reddamus</strong></span> <span class='ocrx_word' id='word_1_636' title='bbox 2755 5114 2973 5167; x_wconf 89' lang='lat' dir='ltr'><strong>amicos.</strong></span> <span class='ocrx_word' id='word_1_637' title='bbox 2996 5110 3147 5177; x_wconf 92' lang='lat' dir='ltr'><strong>Quod</strong></span> <span class='ocrx_word' id='word_1_638' title='bbox 3174 5109 3220 5163; x_wconf 91' lang='lat' dir='ltr'><strong>si</strong></span> <span class='ocrx_word' id='word_1_639' title='bbox 3246 5109 3402 5162; x_wconf 89' lang='lat' dir='ltr'><strong>etiam</strong></span> <span class='ocrx_word' id='word_1_640' title='bbox 3420 5109 3771 5162; x_wconf 78' lang='lat' dir='ltr'><strong>excusatione</strong></span> 
     </span>
    </p>
   </div>
   <div class='ocr_carea' id='block_1_74' title="bbox 2192 5196 3771 5276">
    <p class='ocr_par' dir='ltr' id='par_1_74' title="bbox 2192 5196 3771 5276">
     <span class='ocr_line' id='line_1_74' title="bbox 2192 5196 3771 5276; baseline -0.007 -14"><span class='ocrx_word' id='word_1_641' title='bbox 2192 5208 2348 5262; x_wconf 86' lang='lat' dir='ltr'><strong>fuerit</strong></span> <span class='ocrx_word' id='word_1_642' title='bbox 2375 5204 2798 5276; x_wconf 90' lang='lat' dir='ltr'><strong>opus,veniaque</strong></span> <span class='ocrx_word' id='word_1_643' title='bbox 2827 5202 2892 5255; x_wconf 89' lang='lat' dir='ltr'><strong>ab</strong></span> <span class='ocrx_word' id='word_1_644' title='bbox 2918 5202 3043 5269; x_wconf 89' lang='lat' dir='ltr'><strong>ipsis</strong></span> <span class='ocrx_word' id='word_1_645' title='bbox 3073 5198 3297 5269; x_wconf 86' lang='lat' dir='ltr'><strong>petenda</strong></span> <span class='ocrx_word' id='word_1_646' title='bbox 3321 5196 3496 5260; x_wconf 83' lang='lat' dir='ltr'><strong>fuerit,</strong></span> <span class='ocrx_word' id='word_1_647' title='bbox 3518 5213 3585 5251; x_wconf 86' lang='lat' dir='ltr'><strong>ne</strong></span> <span class='ocrx_word' id='word_1_648' title='bbox 3615 5212 3771 5253; x_wconf 84' lang='lat' dir='ltr'><strong>recu-</strong></span> 
     </span>
    </p>
   </div>
   <div class='ocr_carea' id='block_1_75' title="bbox 2191 5286 3771 5361">
    <p class='ocr_par' dir='ltr' id='par_1_75' title="bbox 2191 5286 3771 5361">
     <span class='ocr_line' id='line_1_75' title="bbox 2191 5286 3771 5361; baseline -0.008 -7"><span class='ocrx_word' id='word_1_649' title='bbox 2191 5313 2389 5361; x_wconf 90' lang='lat' dir='ltr'><strong>semus,</strong></span> <span class='ocrx_word' id='word_1_650' title='bbox 2420 5297 2579 5351; x_wconf 90' lang='lat' dir='ltr'><strong>etiam</strong></span> <span class='ocrx_word' id='word_1_651' title='bbox 2627 5294 2671 5347; x_wconf 92' lang='lat' dir='ltr'><strong>si</strong></span> <span class='ocrx_word' id='word_1_652' title='bbox 2720 5293 2818 5361; x_wconf 90' lang='lat' dir='ltr'><strong>ipsi</strong></span> <span class='ocrx_word' id='word_1_653' title='bbox 2867 5290 3123 5346; x_wconf 88' lang='lat' dir='ltr'><strong>fuerimus</strong></span> <span class='ocrx_word' id='word_1_654' title='bbox 3172 5287 3361 5356; x_wconf 88' lang='lat' dir='ltr'><strong>injuria</strong></span> <span class='ocrx_word' id='word_1_655' title='bbox 3403 5286 3603 5342; x_wconf 62' lang='lat' dir='ltr'><strong>allecti.</strong></span> <span class='ocrx_word' id='word_1_656' title='bbox 3657 5287 3771 5341; x_wconf 81' lang='lat' dir='ltr'><strong>Hoc</strong></span> 
     </span>
    </p>
   </div>
   <div class='ocr_carea' id='block_1_76' title="bbox 2189 5377 3774 5461">
    <p class='ocr_par' dir='ltr' id='par_1_76' title="bbox 2189 5377 3774 5461">
     <span class='ocr_line' id='line_1_76' title="bbox 2189 5377 3774 5461; baseline -0.005 -18"><span class='ocrx_word' id='word_1_657' title='bbox 2189 5401 2345 5461; x_wconf 89' lang='lat' dir='ltr'><strong>pacto</strong></span> <span class='ocrx_word' id='word_1_658' title='bbox 2385 5388 2647 5457; x_wconf 88' lang='lat' dir='ltr'><strong>copiosior</strong></span> <span class='ocrx_word' id='word_1_659' title='bbox 2700 5385 2851 5439; x_wconf 92' lang='lat' dir='ltr'><strong>nobis</strong></span> <span class='ocrx_word' id='word_1_660' title='bbox 2897 5383 2996 5437; x_wconf 90' lang='lat' dir='ltr'><strong>erit</strong></span> <span class='ocrx_word' id='word_1_661' title='bbox 3023 5393 3247 5443; x_wconf 88' lang='lat' dir='ltr'><strong>merces,</strong></span> <span class='ocrx_word' id='word_1_662' title='bbox 3283 5377 3383 5434; x_wconf 88' lang='lat' dir='ltr'><strong>hoc</strong></span> <span class='ocrx_word' id='word_1_663' title='bbox 3418 5389 3572 5447; x_wconf 79' lang='lat' dir='ltr'><strong>pacto</strong></span> <span class='ocrx_word' id='word_1_664' title='bbox 3596 5379 3774 5448; x_wconf 80' lang='lat' dir='ltr'><strong>major</strong></span> 
     </span>
    </p>
   </div>
   <div class='ocr_carea' id='block_1_77' title="bbox 2193 5468 3771 5546">
    <p class='ocr_par' dir='ltr' id='par_1_77' title="bbox 2193 5468 3771 5546">
     <span class='ocr_line' id='line_1_77' title="bbox 2193 5468 3771 5546; baseline -0.01 -9"><span class='ocrx_word' id='word_1_665' title='bbox 2193 5481 2400 5543; x_wconf 86' lang='lat' dir='ltr'><strong>ﬁducia,</strong></span> <span class='ocrx_word' id='word_1_666' title='bbox 2438 5481 2538 5533; x_wconf 90' lang='lat' dir='ltr'><strong>hoc</strong></span> <span class='ocrx_word' id='word_1_667' title='bbox 2568 5485 2720 5546; x_wconf 91' lang='lat' dir='ltr'><strong>pacto</strong></span> <span class='ocrx_word' id='word_1_668' title='bbox 2748 5475 2998 5529; x_wconf 78' lang='lat' dir='ltr'><strong>caelorum</strong></span> <span class='ocrx_word' id='word_1_669' title='bbox 3021 5484 3246 5541; x_wconf 78' lang='lat' dir='ltr'><strong>regnum</strong></span> <span class='ocrx_word' id='word_1_670' title='bbox 3272 5469 3410 5523; x_wconf 89' lang='lat' dir='ltr'><strong>haud</strong></span> <span class='ocrx_word' id='word_1_671' title='bbox 3437 5468 3602 5523; x_wconf 83' lang='lat' dir='ltr'><strong>dubie</strong></span> <span class='ocrx_word' id='word_1_672' title='bbox 3629 5484 3771 5523; x_wconf 88' lang='lat' dir='ltr'><strong>con-</strong></span> 
     </span>
    </p>
   </div>
   <div class='ocr_carea' id='block_1_78' title="bbox 2195 5561 3771 5642">
    <p class='ocr_par' dir='ltr' id='par_1_78' title="bbox 2195 5561 3771 5642">
     <span class='ocr_line' id='line_1_78' title="bbox 2195 5561 3771 5642; baseline -0.01 -13"><span class='ocrx_word' id='word_1_673' title='bbox 2195 5587 2494 5642; x_wconf 86' lang='lat' dir='ltr'><strong>sequemur,</strong></span> <span class='ocrx_word' id='word_1_674' title='bbox 2525 5568 2689 5639; x_wconf 85' lang='lat' dir='ltr'><strong>gratia</strong></span> <span class='ocrx_word' id='word_1_675' title='bbox 2712 5575 2765 5622; x_wconf 90' lang='lat' dir='ltr'><strong>et</strong></span> <span class='ocrx_word' id='word_1_676' title='bbox 2788 5565 3021 5621; x_wconf 88' lang='lat' dir='ltr'><strong>bonitate</strong></span> <span class='ocrx_word' id='word_1_677' title='bbox 3046 5561 3254 5618; x_wconf 89' lang='lat' dir='ltr'><strong>Domini</strong></span> <span class='ocrx_word' id='word_1_678' title='bbox 3281 5561 3447 5616; x_wconf 89' lang='lat' dir='ltr'><strong>nostri</strong></span> <span class='ocrx_word' id='word_1_679' title='bbox 3464 5561 3594 5617; x_wconf 86' lang='lat' dir='ltr'><strong>Jesu</strong></span> <span class='ocrx_word' id='word_1_680' title='bbox 3612 5561 3771 5615; x_wconf 80' lang='lat' dir='ltr'><strong>Chri-</strong></span> 
     </span>
    </p>
   </div>
   <div class='ocr_carea' id='block_1_79' title="bbox 2197 5653 3767 5731">
    <p class='ocr_par' dir='ltr' id='par_1_79' title="bbox 2197 5653 3767 5731">
     <span class='ocr_line' id='line_1_79' title="bbox 2197 5653 3767 5731; baseline -0.01 -11"><span class='ocrx_word' id='word_1_681' title='bbox 2197 5665 2285 5726; x_wconf 76' lang='lat' dir='ltr'><strong>Sli,</strong></span> <span class='ocrx_word' id='word_1_682' title='bbox 2312 5678 2433 5717; x_wconf 91' lang='lat' dir='ltr'><strong>cum</strong></span> <span class='ocrx_word' id='word_1_683' title='bbox 2458 5677 2561 5731; x_wconf 90' lang='lat' dir='ltr'><strong>quo</strong></span> <span class='ocrx_word' id='word_1_684' title='bbox 2589 5660 2730 5714; x_wconf 81' lang='lat' dir='ltr'><strong>Patri</strong></span> <span class='ocrx_word' id='word_1_685' title='bbox 2755 5657 2907 5712; x_wconf 86' lang='lat' dir='ltr'><strong>simul</strong></span> <span class='ocrx_word' id='word_1_686' title='bbox 2937 5665 2991 5711; x_wconf 90' lang='lat' dir='ltr'><strong>et</strong></span> <span class='ocrx_word' id='word_1_687' title='bbox 3013 5665 3199 5710; x_wconf 89' lang='lat' dir='ltr'><strong>sancto</strong></span> <span class='ocrx_word' id='word_1_688' title='bbox 3211 5653 3425 5725; x_wconf 89' lang='lat' dir='ltr'><strong>Spiritui</strong></span> <span class='ocrx_word' id='word_1_689' title='bbox 3445 5653 3638 5723; x_wconf 81' lang='lat' dir='ltr'><strong>gloria,</strong></span> <span class='ocrx_word' id='word_1_690' title='bbox 3668 5653 3767 5705; x_wconf 84' lang='lat' dir='ltr'><strong>im-</strong></span> 
     </span>
    </p>
   </div>
   <div class='ocr_carea' id='block_1_80' title="bbox 2196 5746 3770 5828">
    <p class='ocr_par' dir='ltr' id='par_1_80' title="bbox 2196 5746 3770 5828">
     <span class='ocr_line' id='line_1_80' title="bbox 2196 5746 3770 5828; baseline -0.008 -17"><span class='ocrx_word' id='word_1_691' title='bbox 2196 5757 2422 5828; x_wconf 87' lang='lat' dir='ltr'><strong>perium,</strong></span> <span class='ocrx_word' id='word_1_692' title='bbox 2455 5754 2625 5809; x_wconf 88' lang='lat' dir='ltr'><strong>honor</strong></span> <span class='ocrx_word' id='word_1_693' title='bbox 2652 5766 2789 5809; x_wconf 87' lang='lat' dir='ltr'><strong>nunc</strong></span> <span class='ocrx_word' id='word_1_694' title='bbox 2818 5759 2871 5809; x_wconf 92' lang='lat' dir='ltr'><strong>et</strong></span> <span class='ocrx_word' id='word_1_695' title='bbox 2897 5764 3126 5821; x_wconf 87' lang='lat' dir='ltr'><strong>semper,</strong></span> <span class='ocrx_word' id='word_1_696' title='bbox 3157 5756 3211 5806; x_wconf 89' lang='lat' dir='ltr'><strong>et</strong></span> <span class='ocrx_word' id='word_1_697' title='bbox 3237 5748 3291 5805; x_wconf 89' lang='lat' dir='ltr'><strong>in</strong></span> <span class='ocrx_word' id='word_1_698' title='bbox 3317 5747 3512 5803; x_wconf 70' lang='lat' dir='ltr'><strong>saecula</strong></span> <span class='ocrx_word' id='word_1_699' title='bbox 3541 5746 3770 5801; x_wconf 65' lang='lat' dir='ltr'><strong>saeculo-</strong></span> 
     </span>
    </p>
   </div>
   <div class='ocr_carea' id='block_1_81' title="bbox 2191 5856 2545 5905">
    <p class='ocr_par' dir='ltr' id='par_1_81' title="bbox 2191 5856 2545 5905">
     <span class='ocr_line' id='line_1_81' title="bbox 2191 5856 2545 5905; baseline -0.017 0"><span class='ocrx_word' id='word_1_700' title='bbox 2191 5863 2328 5905; x_wconf 87' lang='lat' dir='ltr'><strong>rum.</strong></span> <span class='ocrx_word' id='word_1_701' title='bbox 2358 5856 2545 5900; x_wconf 84' lang='lat' dir='ltr'><strong>Amen.</strong></span> 
     </span>
    </p>
   </div>
   <div class='ocr_carea' id='block_1_82' title="bbox 539 2844 2102 2915">
    <p class='ocr_par' dir='ltr' id='par_1_82' title="bbox 539 2844 2102 2915">
     <span class='ocr_line' id='line_1_82' title="bbox 539 2844 2102 2915; baseline 0.004 -19"><span class='ocrx_word' id='word_1_702' title='bbox 539 2844 785 2899; x_wconf 71' lang='lat' dir='ltr'><strong>vallatum</strong></span> <span class='ocrx_word' id='word_1_703' title='bbox 813 2845 1042 2912; x_wconf 72' lang='lat' dir='ltr'><strong>potentia</strong></span> <span class='ocrx_word' id='word_1_704' title='bbox 1069 2856 1373 2915; x_wconf 86' lang='lat' dir='ltr'><strong>superasset</strong></span> <span class='ocrx_word' id='word_1_705' title='bbox 1404 2886 1417 2909; x_wconf 90' lang='lat'><strong>,</strong></span> <span class='ocrx_word' id='word_1_706' title='bbox 1446 2846 1546 2901; x_wconf 89' lang='lat' dir='ltr'><strong>uisi</strong></span> <span class='ocrx_word' id='word_1_707' title='bbox 1578 2846 1740 2901; x_wconf 83' lang='lat' dir='ltr'><strong>Deum</strong></span> <span class='ocrx_word' id='word_1_708' title='bbox 1772 2846 1990 2901; x_wconf 83' lang='lat' dir='ltr'><strong>haberet</strong></span> <span class='ocrx_word' id='word_1_709' title='bbox 2009 2846 2102 2902; x_wconf 83' lang='lat' dir='ltr'><strong>ad-</strong></span> 
     </span>
    </p>
   </div>
   <div class='ocr_carea' id='block_1_83' title="bbox 536 2922 2100 3007">
    <p class='ocr_par' dir='ltr' id='par_1_83' title="bbox 536 2922 2100 3007">
     <span class='ocr_line' id='line_1_83' title="bbox 536 2922 2100 3007; baseline 0.001 -16"><span class='ocrx_word' id='word_1_710' title='bbox 536 2937 764 3006; x_wconf 87' lang='lat' dir='ltr'><strong>jutorem</strong></span> <span class='ocrx_word' id='word_1_711' title='bbox 797 2953 811 3001; x_wconf 91' lang='lat'>;</span> <span class='ocrx_word' id='word_1_712' title='bbox 846 2952 1006 3006; x_wconf 91' lang='lat' dir='ltr'><strong>porro</strong></span> <span class='ocrx_word' id='word_1_713' title='bbox 1026 2939 1115 3007; x_wconf 88' lang='lat' dir='ltr'><strong>qui</strong></span> <span class='ocrx_word' id='word_1_714' title='bbox 1143 2922 1311 2994; x_wconf 80' lang='lat' dir='ltr'><strong>Deum</strong></span> <span class='ocrx_word' id='word_1_715' title='bbox 1334 2939 1491 2994; x_wconf 88' lang='lat' dir='ltr'><strong>habet</strong></span> <span class='ocrx_word' id='word_1_716' title='bbox 1520 2938 1779 2994; x_wconf 84' lang='lat' dir='ltr'><strong>faventem</strong></span> <span class='ocrx_word' id='word_1_717' title='bbox 1804 2981 1820 3005; x_wconf 93' lang='lat'><strong>,</strong></span> <span class='ocrx_word' id='word_1_718' title='bbox 1851 2939 2100 2995; x_wconf 85' lang='lat' dir='ltr'><strong>omnibus</strong></span> 
     </span>
    </p>
   </div>
   <div class='ocr_carea' id='block_1_84' title="bbox 533 3030 2093 3102">
    <p class='ocr_par' dir='ltr' id='par_1_84' title="bbox 533 3030 2093 3102">
     <span class='ocr_line' id='line_1_84' title="bbox 533 3030 2093 3102; baseline 0.001 -17"><span class='ocrx_word' id='word_1_719' title='bbox 533 3039 618 3085; x_wconf 84' lang='lat' dir='ltr'><strong>est</strong></span> <span class='ocrx_word' id='word_1_720' title='bbox 664 3030 948 3099; x_wconf 85' lang='lat' dir='ltr'><strong>potentior.</strong></span> <span class='ocrx_word' id='word_1_721' title='bbox 982 3030 1142 3085; x_wconf 88' lang='lat' dir='ltr'><strong>Vides</strong></span> <span class='ocrx_word' id='word_1_722' title='bbox 1184 3032 1250 3085; x_wconf 87' lang='lat' dir='ltr'><strong>ad</strong></span> <span class='ocrx_word' id='word_1_723' title='bbox 1281 3040 1530 3101; x_wconf 88' lang='lat' dir='ltr'><strong>quantam</strong></span> <span class='ocrx_word' id='word_1_724' title='bbox 1558 3032 1942 3102; x_wconf 72' lang='lat' dir='ltr'><strong>philosophiam</strong></span> <span class='ocrx_word' id='word_1_725' title='bbox 1962 3032 2093 3088; x_wconf 69' lang='lat' dir='ltr'><strong>Sail!</strong></span> 
     </span>
    </p>
   </div>
   <div class='ocr_carea' id='block_1_85' title="bbox 534 3120 2099 3193">
    <p class='ocr_par' dir='ltr' id='par_1_85' title="bbox 534 3120 2099 3193">
     <span class='ocr_line' id='line_1_85' title="bbox 534 3120 2099 3193; baseline 0.003 -19"><span class='ocrx_word' id='word_1_726' title='bbox 534 3131 655 3190; x_wconf 88' lang='lat' dir='ltr'><strong>post</strong></span> <span class='ocrx_word' id='word_1_727' title='bbox 681 3122 897 3176; x_wconf 83' lang='lat' dir='ltr'><strong>insidias</strong></span> <span class='ocrx_word' id='word_1_728' title='bbox 922 3120 1181 3177; x_wconf 86' lang='lat' dir='ltr'><strong>ded-uetus</strong></span> <span class='ocrx_word' id='word_1_729' title='bbox 1224 3125 1343 3177; x_wconf 81' lang='lat' dir='ltr'><strong>sit?</strong></span> <span class='ocrx_word' id='word_1_730' title='bbox 1371 3123 1521 3177; x_wconf 87' lang='lat' dir='ltr'><strong>vides</strong></span> <span class='ocrx_word' id='word_1_731' title='bbox 1546 3124 1639 3192; x_wconf 86' lang='lat' dir='ltr'><strong>qui</strong></span> <span class='ocrx_word' id='word_1_732' title='bbox 1668 3122 1781 3178; x_wconf 89' lang='lat' dir='ltr'><strong>ﬁeri</strong></span> <span class='ocrx_word' id='word_1_733' title='bbox 1804 3125 1969 3193; x_wconf 84' lang='lat' dir='ltr'><strong>possit</strong></span> <span class='ocrx_word' id='word_1_734' title='bbox 1994 3162 2011 3191; x_wconf 93' lang='lat'><strong>,</strong></span> <span class='ocrx_word' id='word_1_735' title='bbox 2042 3131 2099 3177; x_wconf 91' lang='lat' dir='ltr'><strong>ut</strong></span> 
     </span>
    </p>
   </div>
   <div class='ocr_carea' id='block_1_86' title="bbox 534 3212 2097 3287">
    <p class='ocr_par' dir='ltr' id='par_1_86' title="bbox 534 3212 2097 3287">
     <span class='ocr_line' id='line_1_86' title="bbox 534 3212 2097 3287; baseline 0.006 -24"><span class='ocrx_word' id='word_1_736' title='bbox 534 3212 780 3266; x_wconf 78' lang='lat' dir='ltr'><strong>inimicus</strong></span> <span class='ocrx_word' id='word_1_737' title='bbox 803 3228 1012 3268; x_wconf 90' lang='lat' dir='ltr'><strong>omnem</strong></span> <span class='ocrx_word' id='word_1_738' title='bbox 1040 3222 1261 3281; x_wconf 80' lang='lat' dir='ltr'><strong>exspuat</strong></span> <span class='ocrx_word' id='word_1_739' title='bbox 1286 3213 1540 3267; x_wconf 84' lang='lat' dir='ltr'><strong>malitiam</strong></span> <span class='ocrx_word' id='word_1_740' title='bbox 1563 3254 1579 3279; x_wconf 94' lang='lat'><strong>,</strong></span> <span class='ocrx_word' id='word_1_741' title='bbox 1598 3214 2009 3287; x_wconf 84' lang='lat' dir='ltr'><strong>immutatusquo</strong></span> <span class='ocrx_word' id='word_1_742' title='bbox 2029 3216 2097 3272; x_wconf 87' lang='lat' dir='ltr'><strong>ad</strong></span> 
     </span>
    </p>
   </div>
   <div class='ocr_carea' id='block_1_87' title="bbox 532 3303 1184 3371">
    <p class='ocr_par' dir='ltr' id='par_1_87' title="bbox 532 3303 1184 3371">
     <span class='ocr_line' id='line_1_87' title="bbox 532 3303 1184 3371; baseline -0.003 -14"><span class='ocrx_word' id='word_1_743' title='bbox 532 3303 749 3357; x_wconf 89' lang='lat' dir='ltr'><strong>meliora</strong></span> <span class='ocrx_word' id='word_1_744' title='bbox 775 3318 895 3358; x_wconf 87' lang='lat' dir='ltr'><strong>sese</strong></span> <span class='ocrx_word' id='word_1_745' title='bbox 919 3303 1136 3371; x_wconf 86' lang='lat' dir='ltr'><strong>recipiat</strong></span> <span class='ocrx_word' id='word_1_746' title='bbox 1160 3305 1184 3355; x_wconf 84' lang='lat'><strong>?</strong></span> 
     </span>
    </p>
   </div>
   <div class='ocr_carea' id='block_1_88' title="bbox 601 3391 2089 3463">
    <p class='ocr_par' dir='ltr' id='par_1_88' title="bbox 601 3391 2089 3463">
     <span class='ocr_line' id='line_1_88' title="bbox 601 3391 2089 3463; baseline 0.003 -16"><span class='ocrx_word' id='word_1_747' title='bbox 601 3394 654 3447; x_wconf 89' lang='lat'><strong>9.</strong></span> <span class='ocrx_word' id='word_1_748' title='bbox 686 3393 763 3447; x_wconf 87' lang='lat' dir='ltr'><strong>Ne</strong></span> <span class='ocrx_word' id='word_1_749' title='bbox 780 3391 1009 3449; x_wconf 87' lang='lat' dir='ltr'><strong>velimus</strong></span> <span class='ocrx_word' id='word_1_750' title='bbox 1036 3392 1215 3463; x_wconf 90' lang='lat' dir='ltr'><strong>itaque</strong></span> <span class='ocrx_word' id='word_1_751' title='bbox 1242 3393 1311 3450; x_wconf 88' lang='lat' dir='ltr'><strong>de</strong></span> <span class='ocrx_word' id='word_1_752' title='bbox 1338 3402 1521 3449; x_wconf 87' lang='lat' dir='ltr'><strong>nostra</strong></span> <span class='ocrx_word' id='word_1_753' title='bbox 1546 3395 1720 3451; x_wconf 89' lang='lat' dir='ltr'><strong>salute</strong></span> <span class='ocrx_word' id='word_1_754' title='bbox 1754 3393 2089 3463; x_wconf 88' lang='lat' dir='ltr'><strong>despondere</strong></span> 
     </span>
    </p>
   </div>
   <div class='ocr_carea' id='block_1_89' title="bbox 530 3484 2095 3556">
    <p class='ocr_par' dir='ltr' id='par_1_89' title="bbox 530 3484 2095 3556">
     <span class='ocr_line' id='line_1_89' title="bbox 530 3484 2095 3556; baseline 0.002 -18"><span class='ocrx_word' id='word_1_755' title='bbox 530 3484 781 3538; x_wconf 87' lang='lat' dir='ltr'><strong>animum.</strong></span> <span class='ocrx_word' id='word_1_756' title='bbox 806 3484 1237 3553; x_wconf 89' lang='lat' dir='ltr'><strong>Quandoquidem</strong></span> <span class='ocrx_word' id='word_1_757' title='bbox 1265 3486 1471 3541; x_wconf 91' lang='lat' dir='ltr'><strong>etiamsi</strong></span> <span class='ocrx_word' id='word_1_758' title='bbox 1488 3485 1554 3540; x_wconf 91' lang='lat' dir='ltr'><strong>ad</strong></span> <span class='ocrx_word' id='word_1_759' title='bbox 1583 3486 1692 3556; x_wconf 89' lang='lat' dir='ltr'><strong>ipsa</strong></span> <span class='ocrx_word' id='word_1_760' title='bbox 1713 3487 1923 3541; x_wconf 83' lang='lat' dir='ltr'><strong>malitiae</strong></span> <span class='ocrx_word' id='word_1_761' title='bbox 1944 3487 2095 3541; x_wconf 85' lang='lat' dir='ltr'><strong>bara-</strong></span> 
     </span>
    </p>
   </div>
   <div class='ocr_carea' id='block_1_90' title="bbox 533 3575 2091 3649">
    <p class='ocr_par' dir='ltr' id='par_1_90' title="bbox 533 3575 2091 3649">
     <span class='ocr_line' id='line_1_90' title="bbox 533 3575 2091 3649; baseline 0.003 -19"><span class='ocrx_word' id='word_1_762' title='bbox 533 3575 647 3631; x_wconf 90' lang='lat' dir='ltr'><strong>thra</strong></span> <span class='ocrx_word' id='word_1_763' title='bbox 682 3576 935 3630; x_wconf 90' lang='lat' dir='ltr'><strong>fuerimus</strong></span> <span class='ocrx_word' id='word_1_764' title='bbox 964 3576 1197 3643; x_wconf 89' lang='lat' dir='ltr'><strong>deducti,</strong></span> <span class='ocrx_word' id='word_1_765' title='bbox 1230 3577 1343 3633; x_wconf 87' lang='lat' dir='ltr'><strong>ﬁeri</strong></span> <span class='ocrx_word' id='word_1_766' title='bbox 1362 3587 1536 3647; x_wconf 89' lang='lat' dir='ltr'><strong>potest</strong></span> <span class='ocrx_word' id='word_1_767' title='bbox 1559 3588 1615 3633; x_wconf 90' lang='lat' dir='ltr'><strong>ut</strong></span> <span class='ocrx_word' id='word_1_768' title='bbox 1638 3593 1734 3633; x_wconf 89' lang='lat' dir='ltr'><strong>nos</strong></span> <span class='ocrx_word' id='word_1_769' title='bbox 1779 3579 1923 3649; x_wconf 90' lang='lat' dir='ltr'><strong>ipsos</strong></span> <span class='ocrx_word' id='word_1_770' title='bbox 1966 3580 2091 3636; x_wconf 87' lang='lat' dir='ltr'><strong>inde</strong></span> 
     </span>
    </p>
   </div>
   <div class='ocr_carea' id='block_1_91' title="bbox 528 3668 1813 3739">
    <p class='ocr_par' dir='ltr' id='par_1_91' title="bbox 528 3668 1813 3739">
     <span class='ocr_line' id='line_1_91' title="bbox 528 3668 1813 3739; baseline 0 -16"><span class='ocrx_word' id='word_1_771' title='bbox 528 3682 853 3734; x_wconf 80' lang='lat' dir='ltr'><strong>revocemus,</strong></span> <span class='ocrx_word' id='word_1_772' title='bbox 881 3676 936 3725; x_wconf 89' lang='lat' dir='ltr'><strong>et</strong></span> <span class='ocrx_word' id='word_1_773' title='bbox 959 3684 1169 3724; x_wconf 88' lang='lat' dir='ltr'><strong>omnem</strong></span> <span class='ocrx_word' id='word_1_774' title='bbox 1194 3668 1517 3739; x_wconf 90' lang='lat' dir='ltr'><strong>deponamus</strong></span> <span class='ocrx_word' id='word_1_775' title='bbox 1541 3669 1813 3725; x_wconf 87' lang='lat' dir='ltr'><strong>malitiam.</strong></span> 
     </span>
    </p>
   </div>
   <div class='ocr_carea' id='block_1_92' title="bbox 599 3758 2092 3831">
    <p class='ocr_par' dir='ltr' id='par_1_92' title="bbox 599 3758 2092 3831">
     <span class='ocr_line' id='line_1_92' title="bbox 599 3758 2092 3831; baseline -0.001 -14"><span class='ocrx_word' id='word_1_776' title='bbox 599 3759 809 3817; x_wconf 82' lang='lat' dir='ltr'><strong>Hostem</strong></span> <span class='ocrx_word' id='word_1_777' title='bbox 834 3758 963 3814; x_wconf 68' lang='lat' dir='ltr'><strong>Sail</strong></span> <span class='ocrx_word' id='word_1_778' title='bbox 1012 3761 1130 3829; x_wconf 77' lang='lat' dir='ltr'><strong>ﬁliis</strong></span> <span class='ocrx_word' id='word_1_779' title='bbox 1160 3770 1371 3815; x_wconf 87' lang='lat' dir='ltr'><strong>tutorem</strong></span> <span class='ocrx_word' id='word_1_780' title='bbox 1402 3761 1642 3831; x_wconf 87' lang='lat' dir='ltr'><strong>reliquit;</strong></span> <span class='ocrx_word' id='word_1_781' title='bbox 1666 3762 1719 3815; x_wconf 91' lang='lat' dir='ltr'><strong>in</strong></span> <span class='ocrx_word' id='word_1_782' title='bbox 1761 3762 1894 3831; x_wconf 75' lang='lat' dir='ltr'><strong>ﬁlios</strong></span> <span class='ocrx_word' id='word_1_783' title='bbox 1938 3762 2092 3816; x_wconf 79' lang='lat' dir='ltr'><strong>hostis</strong></span> 
     </span>
    </p>
   </div>
   <div class='ocr_carea' id='block_1_93' title="bbox 526 3849 2094 3923">
    <p class='ocr_par' dir='ltr' id='par_1_93' title="bbox 526 3849 2094 3923">
     <span class='ocr_line' id='line_1_93' title="bbox 526 3849 2094 3923; baseline 0.003 -21"><span class='ocrx_word' id='word_1_784' title='bbox 526 3849 786 3904; x_wconf 86' lang='lat' dir='ltr'><strong>benevolus</strong></span> <span class='ocrx_word' id='word_1_785' title='bbox 817 3850 992 3903; x_wconf 81' lang='lat' dir='ltr'><strong>David.</strong></span> <span class='ocrx_word' id='word_1_786' title='bbox 1013 3879 1083 3890; x_wconf 86' lang='lat'><strong>—-—</strong></span> <span class='ocrx_word' id='word_1_787' title='bbox 1106 3851 1365 3920; x_wconf 89' lang='lat' dir='ltr'><strong>Deinceps</strong></span> <span class='ocrx_word' id='word_1_788' title='bbox 1406 3851 1532 3921; x_wconf 91' lang='lat' dir='ltr'><strong>quid</strong></span> <span class='ocrx_word' id='word_1_789' title='bbox 1552 3852 1668 3905; x_wconf 89' lang='lat' dir='ltr'><strong>ait?</strong></span> <span class='ocrx_word' id='word_1_790' title='bbox 1697 3851 1828 3905; x_wconf 75' lang='grc' dir='ltr'><em>,ιω-α</em></span> <span class='ocrx_word' id='word_1_791' title='bbox 1855 3853 1978 3905; x_wconf 78' lang='lat' dir='ltr'><strong>mihi</strong></span> <span class='ocrx_word' id='word_1_792' title='bbox 2006 3870 2094 3923; x_wconf 84' lang='lat' dir='ltr'><strong>per</strong></span> 
     </span>
    </p>
   </div>
   <div class='ocr_carea' id='block_1_94' title="bbox 528 3940 2092 4012">
    <p class='ocr_par' dir='ltr' id='par_1_94' title="bbox 528 3940 2092 4012">
     <span class='ocr_line' id='line_1_94' title="bbox 528 3940 2092 4012; baseline 0.002 -19"><span class='ocrx_word' id='word_1_793' title='bbox 528 3940 707 4007; x_wconf 90' lang='lat' dir='ltr'><strong>Deum,</strong></span> <span class='ocrx_word' id='word_1_794' title='bbox 739 3941 873 4010; x_wconf 88' lang='lat' dir='ltr'><strong>quod</strong></span> <span class='ocrx_word' id='word_1_795' title='bbox 911 3958 1012 3995; x_wconf 92' lang='lat' dir='ltr'><strong>non</strong></span> <span class='ocrx_word' id='word_1_796' title='bbox 1058 3940 1275 3996; x_wconf 85' lang='lat' dir='ltr'><strong>abolebis</strong></span> <span class='ocrx_word' id='word_1_797' title='bbox 1326 3958 1490 3996; x_wconf 88' lang='lat' dir='ltr'><strong>semen</strong></span> <span class='ocrx_word' id='word_1_798' title='bbox 1514 3958 1678 3995; x_wconf 86' lang='lat' dir='ltr'><strong>meum</strong></span> <span class='ocrx_word' id='word_1_799' title='bbox 1710 3952 1821 4012; x_wconf 83' lang='lat' dir='ltr'><strong>post</strong></span> <span class='ocrx_word' id='word_1_800' title='bbox 1854 3960 1950 4008; x_wconf 87' lang='lat' dir='ltr'><strong>me,</strong></span> <span class='ocrx_word' id='word_1_801' title='bbox 2004 3959 2092 3996; x_wconf 88' lang='lat' dir='ltr'><strong>nec</strong></span> 
     </span>
    </p>
   </div>
   <div class='ocr_carea' id='block_1_95' title="bbox 526 4032 2088 4101">
    <p class='ocr_par' dir='ltr' id='par_1_95' title="bbox 526 4032 2088 4101">
     <span class='ocr_line' id='line_1_95' title="bbox 526 4032 2088 4101; baseline 0.001 -16"><span class='ocrx_word' id='word_1_802' title='bbox 526 4032 805 4085; x_wconf 85' lang='lat' dir='ltr'><strong>obliterabis</strong></span> <span class='ocrx_word' id='word_1_803' title='bbox 829 4046 1006 4085; x_wconf 84' lang='lat' dir='ltr'><strong>nomen</strong></span> <span class='ocrx_word' id='word_1_804' title='bbox 1027 4048 1188 4085; x_wconf 88' lang='lat' dir='ltr'><strong>meum</strong></span> <span class='ocrx_word' id='word_1_805' title='bbox 1214 4032 1277 4085; x_wconf 85' lang='lat' dir='ltr'><strong>de</strong></span> <span class='ocrx_word' id='word_1_806' title='bbox 1302 4034 1449 4086; x_wconf 87' lang='lat' dir='ltr'><strong>domo</strong></span> <span class='ocrx_word' id='word_1_807' title='bbox 1483 4033 1639 4101; x_wconf 83' lang='lat' dir='ltr'><strong>patris</strong></span> <span class='ocrx_word' id='word_1_808' title='bbox 1661 4033 1775 4085; x_wconf 88' lang='lat' dir='ltr'><strong>mei.</strong></span> <span class='ocrx_word' id='word_1_809' title='bbox 1822 4033 1934 4087; x_wconf 81' lang='lat' dir='ltr'><strong>Rex</strong></span> <span class='ocrx_word' id='word_1_810' title='bbox 1978 4034 2088 4101; x_wconf 85' lang='lat' dir='ltr'><strong>pri-</strong></span> 
     </span>
    </p>
   </div>
   <div class='ocr_carea' id='block_1_96' title="bbox 525 4122 2091 4193">
    <p class='ocr_par' dir='ltr' id='par_1_96' title="bbox 525 4122 2091 4193">
     <span class='ocr_line' id='line_1_96' title="bbox 525 4122 2091 4193; baseline 0.002 -19"><span class='ocrx_word' id='word_1_811' title='bbox 525 4132 703 4175; x_wconf 88' lang='lat' dir='ltr'><strong>vatum</strong></span> <span class='ocrx_word' id='word_1_812' title='bbox 730 4130 917 4190; x_wconf 85' lang='lat' dir='ltr'><strong>rogat:</strong></span> <span class='ocrx_word' id='word_1_813' title='bbox 954 4122 1043 4189; x_wconf 89' lang='lat' dir='ltr'><strong>qui</strong></span> <span class='ocrx_word' id='word_1_814' title='bbox 1072 4122 1367 4177; x_wconf 84' lang='lat' dir='ltr'><strong>diademate</strong></span> <span class='ocrx_word' id='word_1_815' title='bbox 1407 4123 1609 4177; x_wconf 89' lang='lat' dir='ltr'><strong>cinctus</strong></span> <span class='ocrx_word' id='word_1_816' title='bbox 1648 4131 1747 4186; x_wconf 91' lang='lat' dir='ltr'><strong>est,</strong></span> <span class='ocrx_word' id='word_1_817' title='bbox 1802 4123 2091 4193; x_wconf 87' lang='lat' dir='ltr'><strong>supplicem</strong></span> 
     </span>
    </p>
   </div>
   <div class='ocr_carea' id='block_1_97' title="bbox 524 4213 2091 4282">
    <p class='ocr_par' dir='ltr' id='par_1_97' title="bbox 524 4213 2091 4282">
     <span class='ocr_line' id='line_1_97' title="bbox 524 4213 2091 4282; baseline 0.001 -17"><span class='ocrx_word' id='word_1_818' title='bbox 524 4215 648 4281; x_wconf 79' lang='lat' dir='ltr'><strong>agit,</strong></span> <span class='ocrx_word' id='word_1_819' title='bbox 677 4227 774 4282; x_wconf 90' lang='lat' dir='ltr'><strong>pro</strong></span> <span class='ocrx_word' id='word_1_820' title='bbox 803 4213 922 4266; x_wconf 91' lang='lat' dir='ltr'><strong>ﬁliis</strong></span> <span class='ocrx_word' id='word_1_821' title='bbox 955 4214 1066 4267; x_wconf 89' lang='lat' dir='ltr'><strong>suis</strong></span> <span class='ocrx_word' id='word_1_822' title='bbox 1103 4214 1347 4268; x_wconf 89' lang='lat' dir='ltr'><strong>obsecrat</strong></span> <span class='ocrx_word' id='word_1_823' title='bbox 1392 4216 1646 4267; x_wconf 81' lang='lat' dir='ltr'><strong>exsulem.</strong></span> <span class='ocrx_word' id='word_1_824' title='bbox 1672 4213 1739 4267; x_wconf 86' lang='lat' dir='ltr'><strong>Et</strong></span> <span class='ocrx_word' id='word_1_825' title='bbox 1778 4213 1877 4267; x_wconf 85' lang='lat' dir='ltr'><strong>hoc</strong></span> <span class='ocrx_word' id='word_1_826' title='bbox 1922 4214 2091 4282; x_wconf 91' lang='lat' dir='ltr'><strong>ipsum</strong></span> 
     </span>
    </p>
   </div>
   <div class='ocr_carea' id='block_1_98' title="bbox 524 4302 2089 4373">
    <p class='ocr_par' dir='ltr' id='par_1_98' title="bbox 524 4302 2089 4373">
     <span class='ocr_line' id='line_1_98' title="bbox 524 4302 2089 4373; baseline 0.001 -17"><span class='ocrx_word' id='word_1_827' title='bbox 524 4305 696 4373; x_wconf 83' lang='lat' dir='ltr'><strong>arguit</strong></span> <span class='ocrx_word' id='word_1_828' title='bbox 719 4303 962 4357; x_wconf 88' lang='lat' dir='ltr'><strong>virtutem</strong></span> <span class='ocrx_word' id='word_1_829' title='bbox 1001 4302 1230 4369; x_wconf 86' lang='lat' dir='ltr'><strong>Davidis,</strong></span> <span class='ocrx_word' id='word_1_830' title='bbox 1258 4303 1397 4373; x_wconf 91' lang='lat' dir='ltr'><strong>quod</strong></span> <span class='ocrx_word' id='word_1_831' title='bbox 1427 4303 1591 4357; x_wconf 91' lang='lat' dir='ltr'><strong>hostis</strong></span> <span class='ocrx_word' id='word_1_832' title='bbox 1610 4318 1769 4357; x_wconf 88' lang='lat' dir='ltr'><strong>ausus</strong></span> <span class='ocrx_word' id='word_1_833' title='bbox 1792 4303 1860 4356; x_wconf 89' lang='lat' dir='ltr'><strong>sit</strong></span> <span class='ocrx_word' id='word_1_834' title='bbox 1885 4303 1997 4356; x_wconf 65' lang='lat' dir='ltr'><strong>haec</strong></span> <span class='ocrx_word' id='word_1_835' title='bbox 2022 4304 2089 4358; x_wconf 90' lang='lat' dir='ltr'><strong>ab</strong></span> 
     </span>
    </p>
   </div>
   <div class='ocr_carea' id='block_1_99' title="bbox 526 4394 2088 4465">
    <p class='ocr_par' dir='ltr' id='par_1_99' title="bbox 526 4394 2088 4465">
     <span class='ocr_line' id='line_1_99' title="bbox 526 4394 2088 4465; baseline -0.001 -16"><span class='ocrx_word' id='word_1_836' title='bbox 526 4396 679 4450; x_wconf 90' lang='lat' dir='ltr'><strong>hoste</strong></span> <span class='ocrx_word' id='word_1_837' title='bbox 706 4406 905 4463; x_wconf 89' lang='lat' dir='ltr'><strong>petere.</strong></span> <span class='ocrx_word' id='word_1_838' title='bbox 932 4395 1064 4450; x_wconf 86' lang='lat' dir='ltr'><strong>Nam</strong></span> <span class='ocrx_word' id='word_1_839' title='bbox 1084 4395 1223 4464; x_wconf 89' lang='lat' dir='ltr'><strong>quod</strong></span> <span class='ocrx_word' id='word_1_840' title='bbox 1258 4394 1630 4464; x_wconf 87' lang='lat' dir='ltr'><strong>jusjurandum</strong></span> <span class='ocrx_word' id='word_1_841' title='bbox 1654 4395 1830 4465; x_wconf 81' lang='lat' dir='ltr'><strong>exigit,</strong></span> <span class='ocrx_word' id='word_1_842' title='bbox 1877 4409 1982 4448; x_wconf 90' lang='lat' dir='ltr'><strong>non</strong></span> <span class='ocrx_word' id='word_1_843' title='bbox 2022 4410 2088 4449; x_wconf 91' lang='lat' dir='ltr'><strong>eo</strong></span> 
     </span>
    </p>
   </div>
   <div class='ocr_carea' id='block_1_100' title="bbox 527 4483 2087 4554">
    <p class='ocr_par' dir='ltr' id='par_1_100' title="bbox 527 4483 2087 4554">
     <span class='ocr_line' id='line_1_100' title="bbox 527 4483 2087 4554; baseline -0.001 -16"><span class='ocrx_word' id='word_1_844' title='bbox 527 4483 669 4550; x_wconf 85' lang='lat' dir='ltr'><strong>facit,</strong></span> <span class='ocrx_word' id='word_1_845' title='bbox 697 4484 833 4553; x_wconf 89' lang='lat' dir='ltr'><strong>quod</strong></span> <span class='ocrx_word' id='word_1_846' title='bbox 863 4484 1066 4539; x_wconf 86' lang='lat' dir='ltr'><strong>difﬁdat</strong></span> <span class='ocrx_word' id='word_1_847' title='bbox 1096 4484 1306 4539; x_wconf 87' lang='lat' dir='ltr'><strong>Davidis</strong></span> <span class='ocrx_word' id='word_1_848' title='bbox 1330 4485 1587 4550; x_wconf 87' lang='lat' dir='ltr'><strong>moribus,</strong></span> <span class='ocrx_word' id='word_1_849' title='bbox 1611 4483 1702 4538; x_wconf 91' lang='lat' dir='ltr'><strong>sed</strong></span> <span class='ocrx_word' id='word_1_850' title='bbox 1744 4483 1885 4554; x_wconf 92' lang='lat' dir='ltr'><strong>quod</strong></span> <span class='ocrx_word' id='word_1_851' title='bbox 1929 4499 2087 4552; x_wconf 89' lang='lat' dir='ltr'><strong>repu-</strong></span> 
     </span>
    </p>
   </div>
   <div class='ocr_carea' id='block_1_101' title="bbox 527 4574 2087 4648">
    <p class='ocr_par' dir='ltr' id='par_1_101' title="bbox 527 4574 2087 4648">
     <span class='ocr_line' id='line_1_101' title="bbox 527 4574 2087 4648; baseline -0.003 -16"><span class='ocrx_word' id='word_1_852' title='bbox 527 4588 602 4633; x_wconf 89' lang='lat' dir='ltr'><strong>tet</strong></span> <span class='ocrx_word' id='word_1_853' title='bbox 620 4587 749 4648; x_wconf 89' lang='lat' dir='ltr'><strong>quot</strong></span> <span class='ocrx_word' id='word_1_854' title='bbox 772 4578 923 4632; x_wconf 87' lang='lat' dir='ltr'><strong>malis</strong></span> <span class='ocrx_word' id='word_1_855' title='bbox 954 4578 1101 4632; x_wconf 89' lang='lat' dir='ltr'><strong>illum</strong></span> <span class='ocrx_word' id='word_1_856' title='bbox 1127 4577 1407 4632; x_wconf 69' lang='lat' dir='ltr'><strong>affecisset.</strong></span> <span class='ocrx_word' id='word_1_857' title='bbox 1430 4575 1561 4629; x_wconf 84' lang='lat' dir='ltr'><strong>Jura</strong></span> <span class='ocrx_word' id='word_1_858' title='bbox 1588 4576 1731 4642; x_wconf 76' lang='lat' dir='ltr'><strong>milii,</strong></span> <span class='ocrx_word' id='word_1_859' title='bbox 1753 4585 1800 4629; x_wconf 82' lang='lat' dir='ltr'><strong>te</strong></span> <span class='ocrx_word' id='word_1_860' title='bbox 1830 4593 1932 4629; x_wconf 86' lang='lat' dir='ltr'><strong>non</strong></span> <span class='ocrx_word' id='word_1_861' title='bbox 1967 4574 2087 4629; x_wconf 89' lang='lat' dir='ltr'><strong>abo-</strong></span> 
     </span>
    </p>
   </div>
   <div class='ocr_carea' id='block_1_102' title="bbox 526 4666 2088 4736">
    <p class='ocr_par' dir='ltr' id='par_1_102' title="bbox 526 4666 2088 4736">
     <span class='ocr_line' id='line_1_102' title="bbox 526 4666 2088 4736; baseline -0.003 -12"><span class='ocrx_word' id='word_1_862' title='bbox 526 4671 731 4724; x_wconf 87' lang='lat' dir='ltr'><strong>liturum</strong></span> <span class='ocrx_word' id='word_1_863' title='bbox 776 4684 939 4722; x_wconf 81' lang='lat' dir='ltr'><strong>semen</strong></span> <span class='ocrx_word' id='word_1_864' title='bbox 965 4684 1129 4721; x_wconf 87' lang='lat' dir='ltr'><strong>meum</strong></span> <span class='ocrx_word' id='word_1_865' title='bbox 1152 4677 1263 4736; x_wconf 84' lang='lat' dir='ltr'><strong>post</strong></span> <span class='ocrx_word' id='word_1_866' title='bbox 1288 4684 1382 4721; x_wconf 87' lang='lat' dir='ltr'><strong>me.</strong></span> <span class='ocrx_word' id='word_1_867' title='bbox 1412 4666 1628 4721; x_wconf 85' lang='lat' dir='ltr'><strong>Hostem</strong></span> <span class='ocrx_word' id='word_1_868' title='bbox 1659 4666 1777 4720; x_wconf 87' lang='lat' dir='ltr'><strong>filiis</strong></span> <span class='ocrx_word' id='word_1_869' title='bbox 1797 4666 1906 4720; x_wconf 91' lang='lat' dir='ltr'><strong>suis</strong></span> <span class='ocrx_word' id='word_1_870' title='bbox 1926 4666 2088 4721; x_wconf 89' lang='lat' dir='ltr'><strong>relin-</strong></span> 
     </span>
    </p>
   </div>
   <div class='ocr_carea' id='block_1_103' title="bbox 525 4757 2085 4831">
    <p class='ocr_par' dir='ltr' id='par_1_103' title="bbox 525 4757 2085 4831">
     <span class='ocr_line' id='line_1_103' title="bbox 525 4757 2085 4831; baseline -0.003 -17"><span class='ocrx_word' id='word_1_871' title='bbox 525 4762 899 4831; x_wconf 86' lang='lat' dir='ltr'><strong>quittutorem,</strong></span> <span class='ocrx_word' id='word_1_872' title='bbox 925 4773 1175 4828; x_wconf 90' lang='lat' dir='ltr'><strong>suamque</strong></span> <span class='ocrx_word' id='word_1_873' title='bbox 1197 4757 1396 4826; x_wconf 91' lang='lat' dir='ltr'><strong>prolem</strong></span> <span class='ocrx_word' id='word_1_874' title='bbox 1421 4757 1472 4811; x_wconf 89' lang='lat' dir='ltr'><strong>in</strong></span> <span class='ocrx_word' id='word_1_875' title='bbox 1494 4757 1631 4811; x_wconf 91' lang='lat' dir='ltr'><strong>illius</strong></span> <span class='ocrx_word' id='word_1_876' title='bbox 1647 4757 2085 4826; x_wconf 88' lang='lat' dir='ltr'><strong>deponitmanus,</strong></span> 
     </span>
    </p>
   </div>
   <div class='ocr_carea' id='block_1_104' title="bbox 525 4848 2085 4917">
    <p class='ocr_par' dir='ltr' id='par_1_104' title="bbox 525 4848 2085 4917">
     <span class='ocr_line' id='line_1_104' title="bbox 525 4848 2085 4917; baseline -0.003 -11"><span class='ocrx_word' id='word_1_877' title='bbox 525 4852 651 4906; x_wconf 90' lang='lat' dir='ltr'><strong>dum</strong></span> <span class='ocrx_word' id='word_1_878' title='bbox 678 4851 759 4905; x_wconf 89' lang='lat' dir='ltr'><strong>his</strong></span> <span class='ocrx_word' id='word_1_879' title='bbox 787 4850 960 4905; x_wconf 90' lang='lat' dir='ltr'><strong>verbis</strong></span> <span class='ocrx_word' id='word_1_880' title='bbox 999 4849 1224 4903; x_wconf 91' lang='lat' dir='ltr'><strong>ﬁliorum</strong></span> <span class='ocrx_word' id='word_1_881' title='bbox 1244 4862 1305 4902; x_wconf 89' lang='lat' dir='ltr'><strong>ac</strong></span> <span class='ocrx_word' id='word_1_882' title='bbox 1339 4848 1549 4903; x_wconf 89' lang='lat' dir='ltr'><strong>Davidis</strong></span> <span class='ocrx_word' id='word_1_883' title='bbox 1574 4863 1760 4903; x_wconf 91' lang='lat' dir='ltr'><strong>manus</strong></span> <span class='ocrx_word' id='word_1_884' title='bbox 1788 4848 2085 4917; x_wconf 87' lang='lat' dir='ltr'><strong>apprehen-</strong></span> 
     </span>
    </p>
   </div>
   <div class='ocr_carea' id='block_1_105' title="bbox 527 4938 2088 5011">
    <p class='ocr_par' dir='ltr' id='par_1_105' title="bbox 527 4938 2088 5011">
     <span class='ocr_line' id='line_1_105' title="bbox 527 4938 2088 5011; baseline -0.004 -13"><span class='ocrx_word' id='word_1_885' title='bbox 527 4945 679 5010; x_wconf 89' lang='lat' dir='ltr'><strong>dens,</strong></span> <span class='ocrx_word' id='word_1_886' title='bbox 712 4944 875 4997; x_wconf 89' lang='lat' dir='ltr'><strong>Deum</strong></span> <span class='ocrx_word' id='word_1_887' title='bbox 910 4949 1237 5011; x_wconf 80' lang='lat' dir='ltr'><strong>sequestrem</strong></span> <span class='ocrx_word' id='word_1_888' title='bbox 1277 4939 1493 4994; x_wconf 90' lang='lat' dir='ltr'><strong>inducit.</strong></span> <span class='ocrx_word' id='word_1_889' title='bbox 1520 4939 1654 5007; x_wconf 91' lang='lat' dir='ltr'><strong>Quid</strong></span> <span class='ocrx_word' id='word_1_890' title='bbox 1693 4939 1851 5009; x_wconf 86' lang='lat' dir='ltr'><strong>igitur</strong></span> <span class='ocrx_word' id='word_1_891' title='bbox 1880 4938 2088 4993; x_wconf 81' lang='lat' dir='ltr'><strong>David?</strong></span> 
     </span>
    </p>
   </div>
   <div class='ocr_carea' id='block_1_106' title="bbox 525 5032 2085 5094">
    <p class='ocr_par' dir='ltr' id='par_1_106' title="bbox 525 5032 2085 5094">
     <span class='ocr_line' id='line_1_106' title="bbox 525 5032 2085 5094; baseline -0.004 -1"><span class='ocrx_word' id='word_1_892' title='bbox 525 5040 660 5094; x_wconf 84' lang='lat' dir='ltr'><strong>Num</strong></span> <span class='ocrx_word' id='word_1_893' title='bbox 691 5038 771 5093; x_wconf 90' lang='lat' dir='ltr'><strong>vel</strong></span> <span class='ocrx_word' id='word_1_894' title='bbox 798 5038 982 5092; x_wconf 87' lang='lat' dir='ltr'><strong>leviter</strong></span> <span class='ocrx_word' id='word_1_895' title='bbox 1010 5035 1425 5089; x_wconf 89' lang='lat' dir='ltr'><strong>dissimulatione</strong></span> <span class='ocrx_word' id='word_1_896' title='bbox 1446 5041 1499 5088; x_wconf 87' lang='lat' dir='ltr'><strong>et</strong></span> <span class='ocrx_word' id='word_1_897' title='bbox 1518 5034 1682 5088; x_wconf 89' lang='lat' dir='ltr'><strong>ironia</strong></span> <span class='ocrx_word' id='word_1_898' title='bbox 1706 5033 1771 5087; x_wconf 91' lang='lat' dir='ltr'><strong>ad</strong></span> <span class='ocrx_word' id='word_1_899' title='bbox 1799 5032 1913 5087; x_wconf 65' lang='lat' dir='ltr'><strong>haec</strong></span> <span class='ocrx_word' id='word_1_900' title='bbox 1954 5047 2085 5087; x_wconf 90' lang='lat' dir='ltr'><strong>usus</strong></span> 
     </span>
    </p>
   </div>
   <div class='ocr_carea' id='block_1_107' title="bbox 523 5124 2086 5202">
    <p class='ocr_par' dir='ltr' id='par_1_107' title="bbox 523 5124 2086 5202">
     <span class='ocr_line' id='line_1_107' title="bbox 523 5124 2086 5202; baseline -0.006 -16"><span class='ocrx_word' id='word_1_901' title='bbox 523 5133 644 5187; x_wconf 86' lang='lat' dir='ltr'><strong>est?</strong></span> <span class='ocrx_word' id='word_1_902' title='bbox 668 5130 1005 5202; x_wconf 87' lang='lat' dir='ltr'><strong>Nequaquam</strong></span> <span class='ocrx_word' id='word_1_903' title='bbox 1038 5146 1051 5181; x_wconf 92' lang='lat'>:</span> <span class='ocrx_word' id='word_1_904' title='bbox 1080 5126 1171 5183; x_wconf 89' lang='lat' dir='ltr'><strong>sed</strong></span> <span class='ocrx_word' id='word_1_905' title='bbox 1194 5127 1431 5197; x_wconf 89' lang='lat' dir='ltr'><strong>protinus</strong></span> <span class='ocrx_word' id='word_1_906' title='bbox 1450 5127 1652 5192; x_wconf 91' lang='lat' dir='ltr'><strong>annuit,</strong></span> <span class='ocrx_word' id='word_1_907' title='bbox 1676 5124 1919 5195; x_wconf 90' lang='lat' dir='ltr'><strong>quodque</strong></span> <span class='ocrx_word' id='word_1_908' title='bbox 1941 5132 2086 5193; x_wconf 87' lang='lat' dir='ltr'><strong>pete-</strong></span> 
     </span>
    </p>
   </div>
   <div class='ocr_carea' id='block_1_108' title="bbox 524 5217 2085 5284">
    <p class='ocr_par' dir='ltr' id='par_1_108' title="bbox 524 5217 2085 5284">
     <span class='ocr_line' id='line_1_108' title="bbox 524 5217 2085 5284; baseline -0.006 -5"><span class='ocrx_word' id='word_1_909' title='bbox 524 5226 677 5281; x_wconf 85' lang='lat' dir='ltr'><strong>batur</strong></span> <span class='ocrx_word' id='word_1_910' title='bbox 694 5223 951 5279; x_wconf 89' lang='lat' dir='ltr'><strong>concessit</strong></span> <span class='ocrx_word' id='word_1_911' title='bbox 970 5242 984 5277; x_wconf 90' lang='lat'><strong>:</strong></span> <span class='ocrx_word' id='word_1_912' title='bbox 1006 5237 1068 5277; x_wconf 91' lang='lat' dir='ltr'><strong>ac</strong></span> <span class='ocrx_word' id='word_1_913' title='bbox 1087 5229 1293 5276; x_wconf 90' lang='lat' dir='ltr'><strong>mortuo</strong></span> <span class='ocrx_word' id='word_1_914' title='bbox 1308 5220 1487 5284; x_wconf 74' lang='lat' dir='ltr'><strong>Saﬁle,</strong></span> <span class='ocrx_word' id='word_1_915' title='bbox 1511 5234 1613 5272; x_wconf 92' lang='lat' dir='ltr'><strong>non</strong></span> <span class='ocrx_word' id='word_1_916' title='bbox 1641 5217 1798 5273; x_wconf 90' lang='lat' dir='ltr'><strong>modo</strong></span> <span class='ocrx_word' id='word_1_917' title='bbox 1819 5231 1929 5272; x_wconf 78' lang='lat' dir='ltr'><strong>non</strong></span> <span class='ocrx_word' id='word_1_918' title='bbox 1942 5218 2085 5271; x_wconf 85' lang='lat' dir='ltr'><strong>occi-</strong></span> 
     </span>
    </p>
   </div>
   <div class='ocr_carea' id='block_1_109' title="bbox 523 5308 2086 5384">
    <p class='ocr_par' dir='ltr' id='par_1_109' title="bbox 523 5308 2086 5384">
     <span class='ocr_line' id='line_1_109' title="bbox 523 5308 2086 5384; baseline -0.006 -14"><span class='ocrx_word' id='word_1_919' title='bbox 523 5318 597 5371; x_wconf 87' lang='lat' dir='ltr'><strong>dit</strong></span> <span class='ocrx_word' id='word_1_920' title='bbox 642 5316 782 5369; x_wconf 89' lang='lat' dir='ltr'><strong>illius</strong></span> <span class='ocrx_word' id='word_1_921' title='bbox 803 5323 1061 5384; x_wconf 90' lang='lat' dir='ltr'><strong>posteros,</strong></span> <span class='ocrx_word' id='word_1_922' title='bbox 1093 5311 1187 5367; x_wconf 89' lang='lat' dir='ltr'><strong>sed</strong></span> <span class='ocrx_word' id='word_1_923' title='bbox 1214 5321 1321 5365; x_wconf 91' lang='lat' dir='ltr'><strong>tum</strong></span> <span class='ocrx_word' id='word_1_924' title='bbox 1342 5311 1489 5378; x_wconf 88' lang='lat' dir='ltr'><strong>plura</strong></span> <span class='ocrx_word' id='word_1_925' title='bbox 1513 5308 1754 5378; x_wconf 69' lang='lat' dir='ltr'><strong>praestitit</strong></span> <span class='ocrx_word' id='word_1_926' title='bbox 1772 5323 1930 5377; x_wconf 89' lang='lat' dir='ltr'><strong>quam</strong></span> <span class='ocrx_word' id='word_1_927' title='bbox 1970 5317 2086 5362; x_wconf 89' lang='lat' dir='ltr'><strong>erat</strong></span> 
     </span>
    </p>
   </div>
   <div class='ocr_carea' id='block_1_110' title="bbox 524 5399 2086 5475">
    <p class='ocr_par' dir='ltr' id='par_1_110' title="bbox 524 5399 2086 5475">
     <span class='ocr_line' id='line_1_110' title="bbox 524 5399 2086 5475; baseline -0.006 -12"><span class='ocrx_word' id='word_1_928' title='bbox 524 5408 806 5475; x_wconf 88' lang='lat' dir='ltr'><strong>pollicitus.</strong></span> <span class='ocrx_word' id='word_1_929' title='bbox 837 5405 1106 5475; x_wconf 85' lang='lat' dir='ltr'><strong>Siquidem</strong></span> <span class='ocrx_word' id='word_1_930' title='bbox 1154 5404 1319 5456; x_wconf 85' lang='lat' dir='ltr'><strong>ﬁlium</strong></span> <span class='ocrx_word' id='word_1_931' title='bbox 1337 5402 1473 5471; x_wconf 87' lang='lat' dir='ltr'><strong>ejus,</strong></span> <span class='ocrx_word' id='word_1_932' title='bbox 1524 5416 1646 5455; x_wconf 90' lang='lat' dir='ltr'><strong>cum</strong></span> <span class='ocrx_word' id='word_1_933' title='bbox 1681 5408 1824 5455; x_wconf 90' lang='lat' dir='ltr'><strong>esset</strong></span> <span class='ocrx_word' id='word_1_934' title='bbox 1870 5399 2086 5454; x_wconf 89' lang='lat' dir='ltr'><strong>claudus</strong></span> 
     </span>
    </p>
   </div>
   <div class='ocr_carea' id='block_1_111' title="bbox 522 5489 2082 5564">
    <p class='ocr_par' dir='ltr' id='par_1_111' title="bbox 522 5489 2082 5564">
     <span class='ocr_line' id='line_1_111' title="bbox 522 5489 2082 5564; baseline -0.005 -12"><span class='ocrx_word' id='word_1_935' title='bbox 522 5511 587 5552; x_wconf 90' lang='lat' dir='ltr'><strong>ac</strong></span> <span class='ocrx_word' id='word_1_936' title='bbox 603 5497 793 5551; x_wconf 89' lang='lat' dir='ltr'><strong>debilis</strong></span> <span class='ocrx_word' id='word_1_937' title='bbox 807 5496 1081 5564; x_wconf 86' lang='lat' dir='ltr'><strong>cruribus(</strong></span> <span class='ocrx_word' id='word_1_938' title='bbox 1096 5493 1148 5547; x_wconf 75' lang='grc'><strong>2.</strong></span> <span class='ocrx_word' id='word_1_939' title='bbox 1169 5492 1295 5561; x_wconf 87' lang='lat' dir='ltr'><strong>Reg.</strong></span> <span class='ocrx_word' id='word_1_940' title='bbox 1319 5492 1412 5558; x_wconf 90' lang='lat'><strong>9),</strong></span> <span class='ocrx_word' id='word_1_941' title='bbox 1439 5492 1490 5545; x_wconf 92' lang='lat' dir='ltr'><strong>in</strong></span> <span class='ocrx_word' id='word_1_942' title='bbox 1512 5504 1662 5544; x_wconf 89' lang='lat' dir='ltr'><strong>suam</strong></span> <span class='ocrx_word' id='word_1_943' title='bbox 1683 5490 1845 5559; x_wconf 86' lang='lat' dir='ltr'><strong>ipsius</strong></span> <span class='ocrx_word' id='word_1_944' title='bbox 1864 5489 2082 5544; x_wconf 90' lang='lat' dir='ltr'><strong>domum</strong></span> 
     </span>
    </p>
   </div>
   <div class='ocr_carea' id='block_1_112' title="bbox 528 5581 2087 5655">
    <p class='ocr_par' dir='ltr' id='par_1_112' title="bbox 528 5581 2087 5655">
     <span class='ocr_line' id='line_1_112' title="bbox 528 5581 2087 5655; baseline -0.008 -10"><span class='ocrx_word' id='word_1_945' title='bbox 528 5591 751 5651; x_wconf 75' lang='lat' dir='ltr'><strong>induxit,</strong></span> <span class='ocrx_word' id='word_1_946' title='bbox 789 5602 1003 5655; x_wconf 60' lang='lat' dir='ltr'><strong>suaeque</strong></span> <span class='ocrx_word' id='word_1_947' title='bbox 1027 5600 1225 5640; x_wconf 83' lang='lat' dir='ltr'><strong>mensae</strong></span> <span class='ocrx_word' id='word_1_948' title='bbox 1253 5583 1375 5638; x_wconf 89' lang='lat' dir='ltr'><strong>fecit</strong></span> <span class='ocrx_word' id='word_1_949' title='bbox 1418 5582 1749 5652; x_wconf 85' lang='lat' dir='ltr'><strong>participem,</strong></span> <span class='ocrx_word' id='word_1_950' title='bbox 1770 5595 1976 5636; x_wconf 83' lang='lat' dir='ltr'><strong>summo</strong></span> <span class='ocrx_word' id='word_1_951' title='bbox 2024 5581 2087 5634; x_wconf 88' lang='lat' dir='ltr'><strong>il-</strong></span> 
     </span>
    </p>
   </div>
   <div class='ocr_carea' id='block_1_113' title="bbox 527 5673 2087 5748">
    <p class='ocr_par' dir='ltr' id='par_1_113' title="bbox 527 5673 2087 5748">
     <span class='ocr_line' id='line_1_113' title="bbox 527 5673 2087 5748; baseline -0.006 -11"><span class='ocrx_word' id='word_1_952' title='bbox 527 5683 639 5736; x_wconf 81' lang='lat' dir='ltr'><strong>lum</strong></span> <span class='ocrx_word' id='word_1_953' title='bbox 656 5680 858 5736; x_wconf 79' lang='lat' dir='ltr'><strong>honore</strong></span> <span class='ocrx_word' id='word_1_954' title='bbox 874 5679 1145 5748; x_wconf 83' lang='lat' dir='ltr'><strong>dignatus,</strong></span> <span class='ocrx_word' id='word_1_955' title='bbox 1168 5689 1265 5730; x_wconf 87' lang='lat' dir='ltr'><strong>nec</strong></span> <span class='ocrx_word' id='word_1_956' title='bbox 1285 5674 1511 5735; x_wconf 89' lang='lat' dir='ltr'><strong>erubuit,</strong></span> <span class='ocrx_word' id='word_1_957' title='bbox 1535 5688 1632 5729; x_wconf 91' lang='lat' dir='ltr'><strong>nec</strong></span> <span class='ocrx_word' id='word_1_958' title='bbox 1655 5673 1953 5736; x_wconf 84' lang='lat' dir='ltr'><strong>occultavit,</strong></span> <span class='ocrx_word' id='word_1_959' title='bbox 1987 5687 2087 5728; x_wconf 84' lang='lat' dir='ltr'><strong>nec</strong></span> 
     </span>
    </p>
   </div>
   <div class='ocr_carea' id='block_1_114' title="bbox 529 5762 2087 5837">
    <p class='ocr_par' dir='ltr' id='par_1_114' title="bbox 529 5762 2087 5837">
     <span class='ocr_line' id='line_1_114' title="bbox 529 5762 2087 5837; baseline -0.005 -12"><span class='ocrx_word' id='word_1_960' title='bbox 529 5771 810 5826; x_wconf 83' lang='lat' dir='ltr'><strong>arbitratus</strong></span> <span class='ocrx_word' id='word_1_961' title='bbox 829 5781 911 5824; x_wconf 86' lang='lat' dir='ltr'><strong>est</strong></span> <span class='ocrx_word' id='word_1_962' title='bbox 929 5768 1127 5837; x_wconf 87' lang='lat' dir='ltr'><strong>regiam</strong></span> <span class='ocrx_word' id='word_1_963' title='bbox 1151 5780 1384 5821; x_wconf 89' lang='lat' dir='ltr'><strong>mensam</strong></span> <span class='ocrx_word' id='word_1_964' title='bbox 1400 5763 1782 5820; x_wconf 88' lang='lat' dir='ltr'><strong>claudicatione</strong></span> <span class='ocrx_word' id='word_1_965' title='bbox 1803 5763 1952 5832; x_wconf 90' lang='lat' dir='ltr'><strong>pueri</strong></span> <span class='ocrx_word' id='word_1_966' title='bbox 1995 5762 2087 5817; x_wconf 83' lang='lat' dir='ltr'><strong>do-</strong></span> 
     </span>
    </p>
   </div>
   <div class='ocr_carea' id='block_1_115' title="bbox 522 5853 2085 5925">
    <p class='ocr_par' dir='ltr' id='par_1_115' title="bbox 522 5853 2085 5925">
     <span class='ocr_line' id='line_1_115' title="bbox 522 5853 2085 5925; baseline -0.003 -14"><span class='ocrx_word' id='word_1_967' title='bbox 522 5858 821 5925; x_wconf 85' lang='lat' dir='ltr'><strong>honestari,</strong></span> <span class='ocrx_word' id='word_1_968' title='bbox 834 5857 929 5914; x_wconf 87' lang='lat' dir='ltr'><strong>sed</strong></span> <span class='ocrx_word' id='word_1_969' title='bbox 945 5856 1182 5913; x_wconf 82' lang='lat' dir='ltr'><strong>decorari</strong></span> <span class='ocrx_word' id='word_1_970' title='bbox 1201 5856 1373 5924; x_wconf 88' lang='lat' dir='ltr'><strong>potius</strong></span> <span class='ocrx_word' id='word_1_971' title='bbox 1392 5869 1453 5909; x_wconf 90' lang='lat' dir='ltr'><strong>ac</strong></span> <span class='ocrx_word' id='word_1_972' title='bbox 1470 5854 1744 5911; x_wconf 87' lang='lat' dir='ltr'><strong>lautiorem</strong></span> <span class='ocrx_word' id='word_1_973' title='bbox 1763 5853 1892 5911; x_wconf 89' lang='lat' dir='ltr'><strong>ﬁeri.</strong></span> <span class='ocrx_word' id='word_1_974' title='bbox 1916 5854 2085 5919; x_wconf 88' lang='lat' dir='ltr'><strong>Quot-</strong></span> 
     </span>
    </p>
   </div>
   <div class='ocr_carea' id='block_1_116' title="bbox 1911 6034 2393 6060">
    <p class='ocr_par' dir='ltr' id='par_1_116' title="bbox 1911 6034 2393 6060">
     <span class='ocr_line' id='line_1_116' title="bbox 1911 6034 2393 6060; baseline -0.002 -4"><span class='ocrx_word' id='word_1_975' title='bbox 1911 6034 2393 6060; x_wconf 56' lang='lat' dir='ltr'><strong>———.O.-—--</strong></span> 
     </span>
    </p>
   </div>
  </div>
