4038 6360
286 314 388 368 707

283 427 471 489 ἔδωκε,
494 444 586 481 και
614 427 709 492 τὰς
738 430 920 495 πόλεις
948 431 1163 497 ἁπάσας
1188 451 1203 499 ;
1228 435 1303 488 Οὐ
1332 436 1441 508 γὰρ
1463 439 1645 503 πόλεις
1671 441 1855 504 ἁπλῶς

282 512 376 564 καὶ
409 512 704 581 βασιλείαν,
737 514 875 594 ἀλλά
910 516 1005 569 καὶ
1028 517 1196 588 αὐτὴν
1223 520 1370 588 αὐτῷ
1396 522 1494 591 τὴν
1528 522 1707 594 ψυχὴν
1726 526 1853 594 ἐχα-

286 594 471 663 ρίσατο
486 597 513 647 0
533 597 694 649 Δαυῖδ
713 613 729 626 ⁸
755 591 909 661 οὗτος
931 598 987 651 δέ
1010 598 1185 669 ψυχὴν
1211 601 1515 656 ἀντιδοῦναι
1540 591 1736 676 ἑτέραν
1755 591 1854 659 ούκ

280 674 414 748 εἶχε.
450 679 550 732 Διά
578 680 733 733 τοῦτο
771 683 931 736 αὐτὸν
955 683 1030 755 τῷ
1067 685 1186 756 Θεῷ
1206 688 1585 759 παραπέμπει.
1622 674 1715 746 καὶ
1733 693 1855 755 ταῖς

283 760 491 813 ἐκεῖθεν
537 763 782 834 γεραίρει
830 766 1106 835 ἀμοιϐαῖς,
1162 768 1352 822 τοῦτόν
1388 771 1436 822 τ’
1485 773 1719 825 ἐπαινῶν
1760 773 1855 826 καὶ

281 844 550 898 παιδεύων
599 846 863 913 ἅπαντας,
899 851 981 903 ὅτι
1013 853 1135 904 τότε
1166 852 1387 922 μείζους
1404 856 1538 925 ἡμῖν
1575 857 1727 928 παρά
1755 855 1852 909 τοῦ

280 925 413 979 Θεοῦ
437 929 705 983 κείσονται
728 932 783 983 αἱ
801 932 1114 997 ἀντιδόσεις,
1134 935 1259 989 ὅταν
1290 937 1457 1008 μυρία
1478 939 1604 1002 τοὺς
1629 925 1853 1009 ἐχθροὺς

280 1009 464 1076 ἀγαθὰ
501 1013 827 1082 ποιήσαντες
852 1054 867 1079 ,
920 1016 988 1069 τὰ
1033 1019 1251 1072 ἐναντία
1301 1020 1681 1092 ἀπολάϐωμεν.
1721 1020 1853 1079 Εἶτά

280 1110 465 1160 φησιν,
501 1096 581 1148 ὅτι
624 1096 781 1151 Ἰδοὺ
803 1098 917 1168 ἐγὼ
938 1099 1227 1169 γινώσκω,
1252 1103 1341 1156 ὅτι
1365 1105 1717 1169 βασιλεύων
1738 1108 1854 1171 ,βα-

280 1179 609 1245 σιλεύσεις,
636 1182 735 1235 καί
775 1184 1066 1249 στήσεται
1110 1186 1148 1253 ἡ
1179 1186 1471 1249 ,βασιλεία
1509 1190 1743 1259 Ἰσραὴλ
1783 1192 1853 1245 ἐν

276 1261 430 1327 χειρί
459 1276 594 1316 σου.
613 1264 722 1317 Καὶ
752 1265 870 1319 νῦν
890 1266 1117 1336 ὄμοσόν
1138 1286 1241 1337 μοι
1282 1271 1433 1325 κατὰ
1454 1272 1561 1325 τοῦ
1606 1274 1848 1342 Κυρίου,

280 1342 431 1415 [782]
456 1346 555 1397 ἵνα
575 1345 661 1415 μὴ
683 1348 1125 1418 ἑξολοθρεύσῃς
1140 1351 1205 1404 τὸ
1232 1353 1471 1423 σπέρμα
1502 1373 1622 1425 μου
1659 1359 1853 1412 ὀπίσω

275 1444 413 1495 μου,
440 1431 536 1482 καὶ
553 1429 639 1497 μὴ
662 1432 967 1500 ἀφανίσῃς
992 1435 1056 1487 τὸ
1080 1434 1268 1504 ὄνομά
1284 1455 1405 1505 μου
1431 1439 1499 1491 ἐκ
1533 1439 1640 1494 τοῦ
1679 1442 1850 1497 οἴκου

278 1509 387 1595 to?
435 1515 659 1595 πατρός
701 1532 841 1583 μου.
878 1516 985 1569 Καὶ
1024 1516 1184 1583 πόθεν
1218 1518 1523 1588 γινώσκεις,
1580 1524 1700 1576 είπέ
1738 1542 1848 1595 μοι,

277 1590 469 1660 τοῦ-τος
496 1594 653 1678 ῌαρά
682 1597 764 1650 σοὶ
791 1597 860 1650 τὰ
890 1600 1227 1668 στρατόπεδα
1252 1643 1267 1667 ,
1297 1602 1451 1672 παρά
1496 1604 1580 1657 σοὶ
1615 1603 1685 1658 τὰ
1712 1590 1851 1678 χ’ρή-

280 1690 448 1742 ματα,
474 1676 541 1729 τά
565 1677 726 1741 ὅπλα,
768 1681 822 1733 αἱ
854 1679 1056 1745 πόλεις,
1098 1683 1147 1734 οί
1189 1683 1366 1749 ἵπποι,
1393 1686 1443 1738 οί
1498 1676 1847 1758 στρατιῶται,

277 1756 467 1811 ἆπασα
500 1760 599 1829 τῆς
629 1760 912 1831 βασιλικῆς
940 1768 1293 1838 παρασκευῆς
1320 1768 1353 1838 ἡ
1379 1756 1637 1840 δύναμις·
1695 1764 1852 1836 οὗτος

277 1840 333 1892 δὲ
364 1841 567 1912 ἕρημος
620 1846 714 1897 καὶ
743 1848 967 1917 γυμνὸς,
998 1849 1189 1914 ἄπολις
1235 1851 1329 1904 καὶ
1356 1851 1620 1918 ἀνέστιος,
1646 1854 1847 1920 ἄοικος.

244 1923 447 2011 Ιξόθεν
481 1923 591 2011 *οὖν
618 1928 791 1983 ταῦτα
817 1930 1013 1999 λέγεις,
1064 1934 1187 1987 εἰπέ
1238 1952 1361 2005 μοι;
1406 1937 1525 1990 Ἀπ’
1554 1938 1717 1992 αὐτοῦ
1752 1940 1851 2011 μὲν

274 1997 369 2054 οὖν
414 2004 509 2057 τοῦ
541 2007 763 2077 τρόπου.
793 2010 866 2062 υύ
891 1997 1007 2081 γὰρ
1030 2011 1095 2066 ἂν
1117 2015 1145 2066 ὁ
1168 1997 1375 2085 γυμνὸς
1401 2017 1496 2069 καὶ
1522 2017 1719 2083 ἄοπλος
1752 1997 1852 2074 ’καὶ

276 2084 482 2154 ἔρημος
511 2087 642 2158 ἐμοῦ
671 2090 765 2143 τοῦ
796 2084 1253 2165 καθωπλισμένον
1282 2098 1377 2150 καὶ
1394 2098 1666 2171 τοσαύτην
1689 2119 1849 2173 περι-

276 2166 608 2253 ϐεϐλημένου
672 2172 900 2245 δύναμιν
950 2178 1324 2248 περιεγένετο,
1374 2182 1423 2233 εί
1464 2181 1539 2253 μὴ
1579 2166 1670 2237 τδν
1719 2166 1851 2239 Θεὸν

275 2249 388 2322 εἶχε
422 2255 540 2323 μεθ’
563 2258 755 2311 ἑαυτοῦ
778 2276 791 2290 ’
824 2261 852 2312 0
901 2260 959 2314 δέ
985 2262 1077 2315 τὸν
1131 2262 1263 2316 Θεὸν
1313 2249 1607 2335 ἕχωννμεθ’
1634 2269 1849 2335 ἐαυτοῦ,

276 2338 492 2421 πάντων
526 2341 1065 2415 ἐστὶνιίσχυρότερος.
1099 2341 1253 2408 Εἶδες
1274 2342 1362 2399 οἷα
1408 2347 1690 2419 φιλοσοφεῖ
1714 2352 1851 2421 μετὰ

272 2417 372 2487 τὴν
400 2420 691 2494 ἐπιϐουλὴν
723 2425 753 2476 0
787 2426 993 2490 Σαούλ;
1027 2422 1168 2490 εἶδες
1213 2428 1329 2491 πῶς
1365 2430 1587 2484 δυνατὸν
1611 2417 1851 2487 Ἵᾶπασαν

274 2502 583 2587 ἀποπτύσαι
623 2509 884 2578 πονηρίαν
910 2512 1006 2562 καὶ
1034 2511 1460 2582 μεταϐαλέσθαι,
1509 2512 1603 2571 καὶ
1632 2515 1767 2587 πρὸς
1790 2518 1852 2571 τὸ

277 2582 482 2653 βέλτιον
511 2589 823 2644 ἐπανελθεῖν
845 2607 859 2655 ;

346 2668 410 2721 0'.
442 2671 529 2740 Μὴ
561 2672 738 2725 τοίνυν
754 2675 1271 2747 καταρῤᾳθυμῶμεν
1297 2679 1394 2749 τῆς
1430 2680 1638 2735 ἑαυτῶν
1681 2698 1853 2753 σωτη-

280 2750 418 2836 ρίας.
432 2753 553 2836 ,Κᾶν
572 2754 678 2826 γὰρ
697 2757 830 2827 πρὸς
857 2760 995 2811 αὺτά
1010 2762 1426 2835 κατενεχθῶμεν
1442 2765 1540 2836 τῆς
1565 2764 1762 2829 κακίας
1787 2750 1855 2819 τὰ

276 2835 546 2905 βάραθρα,
578 2837 802 2893 δυνατὸν
832 2842 1057 2905 ἑαυτοὺς
1092 2835 1507 2917 ἀνακτήσασθαι
1542 2850 1727 2914 πάλιν,
1759 2851 1854 2904 καὶ

275 2917 526 2983 γενέσθαι
563 2919 823 2988 βελτίους,
852 2926 947 2977 καὶ
990 2928 1173 2981 πᾶσαν
1202 2931 1500 2986 ἀποθέσθαι
1527 2934 1744 2987 κακίαν.

345 2997 476 3054 Εἶτα
506 3003 558 3055 τί
584 3022 783 3075 φησιν;
819 3008 1085 3077 Ὄμοσόν
1123 3028 1228 3082 μοι
1269 3014 1421 3067 κατὰ
1447 3017 1555 3069 τοῦ
1605 3017 1850 3084 Κυρίου,

274 3082 375 3169 ἵνα
405 3084 492 3169 μὴ
527 3086 969 3160 ἑξολοθρεύσῃς
1000 3092 1066 3145 τὸ
1099 3094 1335 3165 σπέρμα
1350 3116 1470 3166 μου
1503 3082 1703 3153 ὀπίσω-
1711 3117 1852 3169 μου,

274 3167 372 3218 καὶ
392 3167 479 3236 μὴ
520 3170 826 3239 ἀφανίσῃς
862 3173 927 3226 τὸ
960 3174 1147 3243 ὄνομά
1167 3195 1283 3245 μου
1306 3181 1375 3233 ἐκ
1405 3180 1510 3235 τοῦ
1546 3167 1723 3236 οἴκουί
1747 3182 1853 3239 τοῦ

272 3252 496 3319 πατρός
511 3270 651 3340 μου.
683 3255 878 3340 Δέησιν
910 3260 937 3312 0
964 3259 1216 3327 βασιλεὺς
1240 3263 1319 3334 τῷ
1359 3265 1542 3340 ἰδιώτῃ
1564 3268 1851 3337 προσάγει,

274 3337 368 3388 καὶ
397 3336 687 3422 ἱκετηρίαν
711 3339 921 3411 τίθησιν
978 3344 1006 3395 0
1050 3345 1110 3396 τὸ
1154 3345 1394 3418 διάδημα
1456 3336 1850 3422 περικείμενος,

277 3419 417 3490 ὑπὲρ
439 3420 545 3472 τῶν
572 3421 776 3474 παίδων
790 3424 899 3476 τῶν
925 3425 1119 3479 ἐαυτοῦ
1144 3430 1474 3500 παρακαλῶν
1506 3419 1596 3486 τὸν
1618 3419 1851 3502 φυγάδα.

275 3504 386 3590 Κρὶ
419 3504 578 3590 τοῦτο
604 3505 820 3590 τῆς-τοῦ
851 3509 1014 3562 Δαυῒδ
1041 3512 1243 3582 ἀρετῆς
1271 3517 1589 3588 τεκμήριον,
1626 3517 1687 3570 τὸ
1725 3521 1853 3590 περὶ

274 3584 385 3638 τῶν
412 3585 671 3639 τοιούτων
701 3588 968 3660 θαρρῆσαι
989 3592 1080 3645 τὸν
1107 3594 1320 3666 ἐχθρόν.
1353 3584 1476 3652 EB"
1508 3600 1669 3670 ὅρκον
1696 3584 1855 3657 ἀπαι-

275 3674 375 3735 τεῖ,
412 3673 511 3725 οὐκ
539 3674 780 3727 ἀπιστῶν
827 3676 906 3746 τῷ
941 3680 1129 3750 τρόπῳ
1158 3682 1251 3735 τοῦ
1283 3683 1464 3748 Δαυῒδ,
1516 3686 1629 3739 ἀλλ’
1658 3688 1852 3741 ἐννοῶν

275 3756 375 3808 ὅσα
426 3758 505 3841 είς
553 3758 713 3841 αὑτὸν
754 3760 1047 3830 εἰργάσατο
1091 3765 1256 3821 κακά.
1324 3769 1582 3839 Ὄμοσόν
1603 3788 1723 3839 μοι,
1763 3772 1852 3841 μὴ

276 3838 570 3924 ἀφανίσαι
600 3840 667 3893 τὸ
705 3844 943 3912 σπέρμα
964 3863 1084 3914 μου
1111 3848 1302 3903 ὀπίσω
1335 3869 1477 3919 μου.
1527 3838 1852 3924 Ἐπίτροπον

277 3922 370 3975 τὸν
400 3922 656 3993 πολέμιον
685 3926 1082 3998 καταλιμπάνει
1118 3931 1227 3985 τῶν
1257 3934 1449 3988 ἑαυτοῦ
1482 3922 1723 4001 παίδων,
1760 3938 1853 3990 καὶ

278 4008 397 4067 ταῖς
415 4005 632 4091 ⁸ἐκείνου
682 4010 869 4080 χερσὶν
909 4012 1150 4083 ἐντίθησι
1197 4015 1267 4068 τὰ
1314 4016 1533 4086 ἔκγονα,
1573 4021 1854 4091 μονονουχὶ

277 4087 379 4157 τῆς
409 4087 589 4152 δεξιᾶς
616 4091 793 4145 αὐτῶν
834 4092 1131 4165 λαϐόμενος
1157 4097 1244 4151 διὰ
1272 4099 1380 4151 τῶν
1429 4087 1689 4172 ῥημάτων
1730 4087 1854 4157 τού--

281 4187 407 4253 των,
438 4173 532 4225 καὶ
560 4172 649 4226 τὸν
682 4173 814 4228 Θεὸν
845 4178 1069 4249 μεσίτην
1094 4180 1355 4249 εἰσάγων.
1386 4184 1450 4236 Τί
1474 4180 1566 4238 οὖν
1593 4187 1622 4238 0
1649 4188 1853 4253 Δαυῖδ;

278 4248 425 4340 ’Δρα
446 4254 550 4340 κάν
569 4259 761 4328 μικρὸν
790 4248 1149 4331 εἰρωνεύσατο
1171 4248 1306 4335 πρὸς
1332 4266 1503 4320 ταῦτα
1524 4286 1539 4334 ;
1564 4248 1845 4340 Οὐδαμῶξ

278 4336 395 4419 ἀλλ’
422 4338 622 4404 εὐθέως
660 4341 937 4410 ἐπένευσε,
969 4345 1063 4398 καὶ
1091 4348 1189 4418 τὴν
1213 4349 1370 4419 χάριν
1398 4349 1567 4405 ἔδωκε
1586 4368 1599 4382 ⁸
1641 4336 1734 4406 καῖ
1756 4371 1847 4407 τε·

275 4417 637 4492 λευτήσαντος
690 4425 785 4478 τοῦ
819 4427 991 4480 Σαοὺλ
1018 4468 1035 4494 ,
1067 4417 1152 4482 οὺί
1174 4432 1332 4502 μόνον
1364 4434 1464 4486 οὐκ
1508 4436 1850 4505 ἀπέκτεινεν,

275 4504 545 4591 ἀλλὰκαὶ
577 4508 761 4575 πλέον,
804 4505 878 4568 ὧν
909 4512 1247 4586 ὡμολόγησε,
1299 4516 1417 4569 τότε
1447 4520 1707 4591 παρέσχε.
1747 4504 1849 4575 Τὸν

275 4587 385 4658 γὰρ
413 4589 632 4676 ἔκγονον
670 4592 761 4645 τὸν
789 4593 999 4661 τούτου,
1032 4598 1204 4666 χωλὸν
1233 4599 1360 4653 ὄντα
1389 4603 1481 4655 καὶ
1509 4587 1855 4676 πεπηρωμέ-

276 4689 366 4724 νον
394 4673 455 4725 τὸ
476 4674 683 4736 σκέλος,
725 4676 805 4737 είς
830 4677 929 4747 τὴν
958 4679 1137 4733 οίκίαν
1190 4682 1453 4754 εἰσήγαγε
1487 4684 1586 4755 τὴν
1637 4673 1848 4755 ἐαυτοῦ,

276 4756 368 4808 καὶ
400 4755 773 4841 ὁμοτράπεζον
811 4758 1058 4830 ἐποίησε,
1093 4764 1193 4817 καὶ
1230 4768 1328 4837 τῆς
1361 4768 1626 4841 μεγίστης
1651 4770 1851 4840 ἠξίωσε

273 4841 439 4929 τιμῆς
457 4840 595 4929 καὶΔ
615 4842 715 4929 οῦκ
743 4842 999 4929 ήρυθρία,
1025 4846 1135 4899 οὐδ’
1162 4840 1727 4917 ἐνεκαλύπτετο,ούδὲ
1752 4857 1852 4929 τὴν

270 4920 551 5011 τράπεζαν
580 4924 799 5011 ἐνόμιζε
824 4931 1291 5011 λκαταισχυνθῆναι
1315 4933 1413 5005 τὴν
1461 4935 1748 5009 βασιλικὴν
1781 4920 1846 5011 τῇ

273 5004 521 5075 πηρώσει
552 5006 644 5059 τοῦ
678 5008 865 5072 παιδός
885 5026 899 5039 ⁸
931 5011 1045 5064 ἀλλ’
1100 5004 1567 5083 ἐνεκαλλωπίζετο
1604 5004 1715 5074 καὶ-
1761 5004 1849 5076 ἐνΙ

275 5088 543 5160 ηϐρύνετο
571 5091 790 5161 μᾶλλον.
825 5094 934 5147 Καὶ
958 5096 1063 5167 γὰρ
1088 5095 1315 5164 ἕκαστος
1344 5101 1452 5157 τῶν
1480 5104 1851 5159 συνδειπνούν-

272 5188 378 5257 των
401 5172 571 5242 αὐτῷ,
590 5176 831 5247 μεγάλην
853 5177 1166 5248 φιλοσοφίας
1192 5181 1536 5242 διδασκαλίαν
1557 5188 1851 5257 λαμϐάνων

271 5255 459 5327 ἀπῄει.
485 5257 660 5327 Ὁρῶν
679 5258 786 5332 γὰρ
812 5261 901 5316 τὸν
930 5260 1150 5333 ἔκγονον
1167 5265 1259 5320 τοῦ
1276 5268 1467 5335 Σαοὺλ,
1494 5272 1587 5325 τοῦ
1610 5255 1847 5327 τοσαῦτα

1275 322 1360 378 DE
1399 321 1654 381 DAVIDE
1686 326 1774 381 ET
1804 326 2031 386 SAULE
2071 331 2355 390 HOMILIA
2400 336 2488 392 Ill.

3421 340 3524 397 708
3548 348 3557 355 ’

1958 446 2103 499 κακά
2131 450 2511 519 ἐργασαμένου
2555 450 2646 503 τὸν
2673 449 2859 512 Δαυῒδ,
2892 450 3159 520 τοσαύτης
3187 449 3527 505 ἀπολαύοντα
3566 498 3569 499 ν

1955 532 2088 601 παρ’
2124 532 2271 602 αὐτῷ
2297 533 2483 602 τιμῆς,
2514 535 2563 586 εἰ
2597 534 2689 586 καὶ
2720 535 2935 587 πάντων
2958 533 3162 604 θηρίων
3192 532 3526 604 ἀγριώτερος
3567 583 3569 585 ,

1954 609 2042 686 ἦν,
2084 616 2471 685 αἰσχυνόμενος
2522 619 2615 669 καὶ
2647 616 2911 687 ἐρυθριῶν
2942 616 3081 696 πρὸς
3128 615 3373 679 ἅπαντας
3402 616 3529 679 τοὺς

1956 698 2183 770 ἐχθροὺς
2214 700 2519 754 ἐσπένδετο.
2542 700 2733 755 Καίτοι
2760 702 2807 752 εἰ
2824 701 2917 753 καὶ
2946 699 3210 768 ἑτέρωθεν
3235 698 3382 769 αὐτῷ
3404 716 3529 769 τρομ-

1955 782 2061 851 φὴν
2090 782 2340 847 ἐπέταξε,
2370 784 2463 836 καὶ
2487 784 2790 853 σιτηρέσιον
2815 783 2980 852 ὥρισε
3005 782 3336 852 τεταγμένον
3370 782 3526 847 πολὺ,

1958 864 2104 936 μέγα
2127 863 2194 936 ἦν
2210 884 2223 897 ·
2257 868 2315 920 τὸ
2331 866 2386 919 δὲ
2409 869 2501 920 καὶ
2521 868 2601 931 εἰς
2631 866 2799 938 αὐτὴν
2824 867 2993 921 αὐτὸν
3018 867 3244 935 ἀγαγεῖν
3273 866 3373 936 τὴν
3392 865 3529 937 τράρ

1956 952 2129 1016 πεζαν
2158 950 2463 1022 ὑπερϐολὴν
2498 951 2611 1020 ἔχει
2642 951 2979 1021 φιλοσοφίας.
3014 949 3157 1003 Ἴστε
3184 948 3293 1019 γὰρ
3332 949 3529 1018 δήπου,

1954 1033 2032 1097 ὡς
2058 1035 2120 1086 οὐ
2149 1034 2353 1105 σφόδρα
2374 1033 2607 1107 εὔπορον
2629 1033 2840 1105 ἐχθρῶν
2863 1034 3065 1097 παῖδας
3089 1032 3281 1101 φιλεῖν.
3303 1032 3368 1083 Τί
3386 1030 3530 1098 λέγω

1955 1118 2169 1188 φιλεῖν;
2213 1117 2298 1188 Μὴ
2347 1120 2524 1188 μισεῖν
2561 1118 2658 1188 μὲν
2696 1112 2811 1179 οὖν,
2872 1117 2993 1187 μηδ’
3030 1115 3295 1169 ἐλαύνειν.
3339 1113 3531 1166 Πολλοὶ

1954 1200 2086 1269 γοῦν
2125 1199 2271 1272 [785]
2306 1202 2399 1253 καὶ
2426 1200 2865 1269 τελευτησάντων
2897 1199 3004 1253 τῶν
3042 1197 3252 1269 ἐχθρῶν
3296 1197 3385 1260 εἰς
3403 1197 3531 1258 τοὺς

1954 1284 2150 1346 παῖδας
2180 1285 2304 1346 τοὺς
2331 1283 2554 1337 ἐκείνων
2583 1282 2681 1353 τὴν
2709 1282 2844 1352 πρὸς
2893 1282 3138 1345 ἐκείνους
3184 1281 3411 1350 ἀφῆκαν
3434 1278 3529 1348 ὀρ-

1953 1368 2079 1438 γήν.
2127 1365 2264 1419 Ἀλλ’
2292 1365 2388 1436 οὐχ
2416 1366 2444 1419 0
2470 1367 2713 1432 γενναῖος
2739 1359 2911 1428 οὗτος,
2952 1365 3085 1418 ἀλλά
3117 1363 3212 1417 καὶ
3233 1362 3411 1427 ζῶντα
3435 1362 3527 1415 τὸν

1955 1450 2214 1521 πολέμιον
2267 1450 2589 1521 διετήρησε,
2652 1448 2748 1501 καὶ
2786 1448 3111 1512 ἀπελθόντος
3144 1447 3372 1511 ἐκείνου,
3426 1445 3528 1516 τὴν

1956 1535 2083 1605 περὶ
2120 1532 2327 1586 ἐκείνου
2361 1530 2571 1585 εῦνοιαν
2611 1532 2689 1595 είς
2712 1533 2838 1595 τοὺς
2872 1532 3068 1593 παῖδας
3103 1530 3423 1595 ἐνεδείξατο.
3462 1528 3527 1579 Τί

1956 1619 2053 1688 τῆς
2074 1616 2353 1687 τραπέζης
2378 1617 2478 1686 τῆς
2502 1614 2709 1668 ἐκείνου
2736 1613 3054 1683 ἀγιώτερον,
3082 1615 3148 1684 ήν
3177 1611 3373 1683 ἐχθροῦ
3398 1612 3526 1663 παῖ-

1954 1701 2043 1762 δες
2074 1698 2356 1761 ἐκύκλουν,
2383 1700 2477 1751 καὶ
2513 1698 2707 1770 ἐχθροῦ
2742 1698 3032 1767 σφαγέως;
3067 1698 3118 1751 τί
3155 1699 3256 1766 τῆς
3293 1695 3530 1765 εὐωχίας

1953 1781 2169 1853 ἐκείνης
2193 1780 2726 1851 πνευματικώτερον,
2757 1783 2815 1834 ἐν
2913 1779 3175 1834 τοσαῦται
3215 1779 3409 1850 ἔϐρυον
3438 1778 3531 1835 εὑ-

1952 1864 2158 1933 λογίαι;
2202 1864 2458 1933 Ἀγγέλου
2474 1864 2696 1934 μᾶλλον,
2730 1864 2763 1933 ἢ
2788 1862 3079 1951 ἀνθρώπου
3099 1860 3539 1951 συγκρρτοῦντος·

1949 1945 2037 2021 ἦν.
2080 1949 2153 2002 Τὸ
2182 1949 2289 2019 γάρ
2314 1946 2655 2011 ἀσπάζεσθαι
2688 1948 2783 2000 καὶ
2825 1946 2997 2016 φιλεῖν
3033 1948 3160 2010 τοὺς
3200 1945 3393 2008 παῖδας
3434 1945 3541 1996 τοῦ

1956 2034 2217 2105 μυριάκις
2277 2032 2438 2086 αὐτὸν
2471 2031 2682 2087 ἀνελεῖν
2739 2032 3211 2103 ἐπιχειρήσαντος,
3245 2030 3339 2086 καὶ
3386 2027 3531 2081 οὕτω

1951 2118 2051 2188 τὴν
2080 2117 2225 2189 ζωὴν
2279 2115 2704 2183 καταλύσαντος,
2757 2117 2837 2179 είς
2892 2117 3097 2169 ἐκεῖνον
3148 2114 3310 2169 αὐτὸν
3355 2112 3531 2166 τελεῖν

1952 2202 2095 2254 ποιεῖ
2114 2198 2205 2253 τὸν
2227 2198 2406 2270 χορόν.
2440 2197 2610 2252 Τοῦτο
2629 2199 2721 2252 καὶ
2754 2200 2819 2253 σὺ
2850 2198 3096 2270 ποίησον,
3127 2195 3403 2267 ἀγαπητὲ,
3428 2195 3527 2250 καὶ

1952 2284 2170 2350 ζώντων
2202 2284 2297 2339 καὶ
2348 2283 2719 2338 τελευτώντων
2767 2284 2877 2336 τῶν
2927 2282 3135 2354 ἐχθρῶν
3165 2282 3286 2344 τοὺς
3334 2278 3530 2342 παῖδας

1951 2368 2267 2439 θεραπεύων
2290 2385 2304 2397 ·
2340 2365 2555 2432 ζώντων
2577 2368 2695 2439 μέν,
2715 2368 2800 2421 ἵνα
2821 2366 2896 2436 τῷ
2918 2367 3104 2437 τρόπῳ
3128 2364 3302 2434 τούτῳ
3333 2362 3532 2416 καταλ-

1951 2452 2119 2523 λάξῃς
2145 2451 2324 2511 αὐτῶν
2347 2455 2471 2515 τοὺς
2493 2450 2734 2522 πατέρας
2758 2468 2770 2481 ·
2802 2448 3141 2503 ἀπελθόντων
3166 2447 3223 2501 δὲ
3246 2448 3372 2509 τοὺς
3405 2446 3532 2498 παῖ-

1950 2534 2046 2598 δας
2068 2534 2402 2604 θεραπεύων,
2436 2535 2523 2587 ἵνα
2557 2534 2706 2604 παρὰ
2731 2532 2824 2585 τοῦ
2851 2531 2987 2585 Θεοῦ
3017 2530 3219 2602 πολλὴν
3249 2527 3529 2597 ἐπισπάσῃ

1950 2619 2049 2689 τὴν
2076 2617 2307 2683 εὖνοιαν,
2364 2618 2458 2671 καὶ
2513 2617 2741 2690 μυρίους
2799 2615 3039 2687 ἀναδήσῃ
3070 2615 3385 2685 στεφάνους,
3437 2611 3531 2668 καὶ¹

1956 2701 2154 2772 μυρίας
2199 2700 2323 2772 δέξῃ
2356 2701 2507 2771 παρὰ
2547 2701 2763 2754 πάντων
2797 2699 3010 2788 ἐύχάς,
3029 2697 3151 2767 οὐχὶ
3182 2696 3291 2788 τῶν
3323 2691 3382 2788 εὖ
3403 2711 3530 2788 ,πα-

1955 2786 2188 2856 σχόντων
2228 2784 2408 2855 μόνον,
2434 2783 2568 2837 ἀλλὰ
2626 2784 2720 2836 καί
2755 2782 2864 2836 τῶν
2914 2781 3185 2853 ὁρώντων.
3248 2778 3418 2832 Τοῦτό
3448 2794 3531 2830 σοι

1954 2868 2074 2923 κατ’
2110 2867 2324 2937 ἐκείνην
2357 2866 2721 2938 προστήσεται
2771 2865 2871 2934 τὴν
2904 2864 3139 2934 ἡμέραν,
3174 2863 3267 2916 καὶ
3305 2860 3529 2932 μεγάλοι

1957 2951 2245 3022 συνὴγοροί
2295 2967 2391 3003 σου
2424 2952 2473 3003 εί
2514 2948 2965 3038 εὐεργετηθέντες
3009 2947 3195 3038 ἐχθροὶ.
3251 2945 3393 3038 κατά
3438 2943 3530 3038 τρν

1955 3035 2147 3105 καιρὸν
2182 3034 2285 3103 τῆς
2305 3032 2541 3103 κρίσεως
2569 3031 2800 3096 ἔσονται,
2833 3031 2927 3084 καὶ
2964 3029 3135 3083 πολλὰ
3164 3027 3388 3099 διαλύσῃ
3421 3027 3531 3079 τῶν

1948 3119 2385 3189 ἁμαρτημάτων,
2412 3117 2503 3168 καὶ
2529 3115 2851 3186 ἀπαιτήσεις
2871 3114 2959 3167 τὸν
2985 3113 3193 3184 μισθόν.
3220 3112 3339 3165 Κᾶν
3364 3113 3532 3181 μυρία

1955 3198 2437 3271 πεπλημμεληκὼς
2457 3194 2543 3271 ᾖς,
2577 3197 2674 3268 τὴν
2695 3198 2859 3269 εὐχὴν
2881 3197 3093 3267 ἐκείνην
3116 3196 3532 3265 προτεινόμενος

1952 3285 2052 3357 τὴν
2089 3285 2353 3353 λέγουσαν
2379 3324 2393 3347 ,
2442 3284 2644 3351 Ἅφετε
2695 3280 2819 3347 τοῖς
2853 3279 3089 3349 ἐχθροῖς
3131 3276 3319 3348 ὑμῶν,
3359 3277 3457 3329 καὶ
3497 3279 3532 3329 ό

1946 3369 2159 3437 Πατὴρ
2191 3366 2357 3436 ὑμῶν
2376 3365 2597 3434 ἀφήσει
2615 3365 2758 3434 ὑμῖν
2781 3381 2853 3418 τα
2876 3361 3317 3433 παραπτώματα
3339 3361 3530 3431 ὑμῶν,

1959 3454 2097 3526 μετά
2147 3452 2350 3519 πολλῆς
2399 3451 2499 3521 τῆς
2531 3449 2845 3521 παρρησίας
2875 3449 2974 3519 τὴν
3008 3447 3201 3517 ἄφεσιν
3239 3446 3383 3517 λήψῃ
3423 3446 3532 3498 τῶν

1954 3536 2358 3609 ἡμαρτημένων
2392 3534 2647 3588 ἁπάντων
2672 3573 2686 3596 ,
2724 3532 2818 3585 καὶ
2849 3530 3080 3585 ἐνταῦθα
3125 3531 3177 3584 δέ
3212 3529 3351 3600 μετά
3393 3546 3532 3599 χρη-

1944 3621 2087 3688 στῆς
2122 3618 2291 3689 βιώσῃ
2315 3618 2413 3687 τῆς
2439 3616 2673 3679 ἐλπίδος,
2702 3617 2796 3669 καὶ
2845 3616 3054 3677 πάντας
3094 3613 3236 3680 ἐξεις
3275 3612 3545 3676 εὐνοϊκῶς.

1953 3702 2089 3773 πρὸς
2114 3702 2173 3754 σὲ
2194 3699 2588 3769 διακειμένους.
2611 3699 2674 3753 OE
2691 3699 2797 3768 γάρ
2816 3697 3048 3769 ὁρῶντες
3064 3697 3145 3749 ὅτι
3160 3698 3285 3759 τοὺς
3304 3695 3530 3766 ἐχθροὺς

1953 3785 2049 3838 καὶ
2079 3785 2204 3846 τοὺς
2230 3782 2458 3835 ἐκείνων
2493 3781 2685 3846 παῖδας
2718 3780 2859 3834 οὕτω
2890 3779 3084 3848 φιλεῖς,
3119 3777 3234 3840 πῶς
3256 3779 3353 3847 οὐχ
3383 3778 3534 3848 αἱρή-

1955 3883 2139 3921 σονται
2173 3866 2317 3935 φίλοι
2349 3864 2599 3933 γενέσθαι
2627 3864 2721 3916 καὶ
2748 3863 3062 3929 ἐπιτήδειοι,
3096 3862 3189 3915 καὶ
3215 3861 3372 3914 πάνθ’
3392 3861 3532 3932 ὑπὲρ

1954 3951 2047 4004 σοῦ
2072 3951 2166 4004 καὶ
2193 3949 2418 4019 ποιῆσαι
2449 3948 2541 4001 καὶ
2569 3946 2760 4001 παθεῖν
2785 3963 2798 4012 ;
2831 3947 3000 4000 ’Ὀταν
3022 3941 3114 3999 οῦν
3132 3944 3399 4015 τοσαύτης
3430 3943 3553 4015 μὲν.

1954 4034 2104 4105 παρὰ
2125 4032 2219 4085 τοῦ
2247 4031 2383 4086 Θεοῦ
2412 4034 2512 4097 τῆς
2547 4030 2758 4095 εὐνοίας
2791 4029 3094 4101 ἀπολαύῃς,
3131 4029 3275 4083 οὕτω
3304 4029 3362 4083 δὲ
3393 4030 3541 4083 πάν-η

1953 4135 2055 4180 τας
2098 4115 2228 4188 ἔχῃς
2264 4114 2477 4182 τάγαθά
2511 4130 2593 4167 σοι
2641 4113 3061 4184 συνευχομένους
3120 4112 3356 4177 ἅπαντα,
3390 4111 3534 4174 τίνος

1957 4199 2194 4270 αἰσθήσῃ
2218 4197 2486 4269 λυπηροῦ,
2517 4197 2679 4250 τίνων
2706 4197 2748 4249 δ’
2779 4199 2839 4250 οὐ
2872 4196 3089 4267 βιώσεις
3121 4195 3534 4268 μακαριώτερον

1959 4282 2103 4353 βίον;
2135 4279 2321 4333 Ταῦτα
2379 4280 2454 4351 μὴ
2505 4279 2737 4335 ἐνταῦθα
2775 4279 3142 4350 θαυμάζωμεν
3170 4280 3352 4349 μόνον,
3397 4278 3541 4335 ἀλλά

1957 4366 2053 4417 καὶ
2097 4362 2404 4429 ἐξελθόντες
2450 4362 2828 4433 φυλάττωμεν,
2883 4362 2975 4415 καὶ
3011 4362 3406 4434 περιελθόντες,
3438 4364 3542 4415 καὶ

1956 4446 2583 4518 διερευνησάμενοιτοὺς
2615 4445 2842 4517 ἐχθροὺς
2889 4445 3119 4509 ’έκαστος
3146 4447 3271 4509 τοὺς
3317 4446 3531 4510 ἑαυτοῦ,

1956 4528 2381 4598 καταλλάξωμεν
2412 4531 2542 4599 ήμῖν
2566 4530 2798 4593 ἑαυτοῖς,
2837 4528 2930 4582 καὶ
2976 4528 3164 4597 φίλους
3215 4530 3533 4599 ποιήσωμεν

1955 4613 2230 4683 γνησίους.
2264 4612 2381 4665 Κᾶν
2426 4612 2867 4683 ἀπολογήσασθαι
2896 4612 3012 4683 δέῃ,
3060 4613 3155 4666 καὶ
3203 4612 3531 4683 συγγνώμην

1954 4696 2175 4767 αἰτῆσαι
2224 4695 2353 4765 παρ’
2389 4695 2631 4763 ἐκείνων,
2684 4697 2757 4767 μὴ
2798 4695 3210 4766 παραιτώμεθα,
3243 4697 3345 4750 κᾶν
3379 4697 3533 4749 αὐτοὶ

1954 4763 2102 4849 ὦμεν
2133 4763 2471 4848 ήδικημένοι.
2505 4779 2660 4831 Οὕτω
2685 4763 2902 4849 ’μὲιςων
2928 4763 3065 4850 ἡμῖν’
3087 4783 3114 4833 0
3146 4780 3355 4848 μισθὸς,
3390 4779 3532 4831 οὕτω

1956 4863 2154 4916 πλείων
2189 4864 2220 4932 ἡ
2254 4862 2560 4934 παρρησία,
2597 4863 2738 4916 οὕτω
2774 4865 2872 4934 τῆς
2912 4863 3189 4933 βασιλείας
3233 4864 3343 4918 τῶν
3371 4866 3532 4935 οὐρα·

1954 4947 2059 5001 νῶν
2086 4945 2480 5017 ἐπιτευξόμεθα
2510 4947 2749 5012 πάντως,
2797 4950 2979 5019 χάριτι
3027 4948 3120 5003 καὶ
3153 4946 3532 5017 φιλανθρωπίᾳ

1953 5029 2046 5084 τοῦ
2084 5030 2291 5100 Κυρίου
2328 5028 2483 5099 ἡμῶν
2524 5030 2697 5101 Ἰησοῦ
2717 5030 2974 5103 Χριστοῦ,
3003 5031 3121 5101 μεθ’
3156 5022 3217 5082 οῦ
3252 5028 3331 5100 τῷ
3357 5030 3531 5100 Πατρὶ

1955 5115 2071 5183 ἅμα
2097 5113 2174 5183 τῷ
2203 5112 2343 5184 ἁγίῳ
2372 5112 2647 5184 Πνεύματι
2668 5114 2814 5180 δόξα,
2851 5116 3072 5186 κράτος,
3117 5114 3250 5185 τιμὴ
3307 5113 3401 5171 νῦν
3435 5114 3531 5167 καὶ

1954 5198 2059 5263 ἀεὶ,
2096 5197 2187 5251 καὶ
2216 5200 2294 5262 εἰς
2319 5198 2445 5262 τοὺς
2487 5198 2687 5263 αἰῶνας
2714 5198 2823 5254 τῶν
2841 5198 3070 5254 αἰώνων.
3124 5200 3316 5271 Ἀμήν.
