4060 6430
409 445 510 503 εεε

1203 444 1260 501 S.
1297 441 1581 501 ιοΑΝΝιε
1625 399 2116 500 CIIRYSOSTOMI
2167 443 2480 499 ARCIIIEP.
2525 441 3067 501 CONSTANTINOP.

1667 627 1816 699 μεθ]
1891 639 2283 724 ΟΜΙΛΙΑ
2358 633 2548 722 ΜΒ’.

848 791 1320 860 Ἐξανασεάντες
1356 790 1424 844 δὲ
1464 795 1520 845 οἰ
1543 791 1758 860 ἄνδρες
1785 791 2133 862 ἐπέϐλεψαν
2159 794 2257 847 ὲπί
2287 794 2608 861 πρόσωπον
2633 791 2914 864 Σοδόμων
2946 791 3042 846 καί
3075 791 3406 861 Γομόῤῥας.

471 935 544 986 α’.
581 925 889 996 Ἐμάθομεν
916 925 980 976 ἐκ
1010 922 1119 976 τῶν
1147 921 1273 990 χθὲς
1291 921 1737 991 ἀνεγνωσμένων,
1770 923 2062 993 ἀγαπητοί,

401 1021 500 1090 τὴν
530 1018 834 1091 ὑπερϐολὴν
863 1017 962 1086 τῆς
989 1014 1080 1067 τοῦ
1105 1014 1313 1068 δικαίου
1351 1012 1683 1083 φιλοξενίας⁶
1717 1015 1848 1084 φέρε
1881 1014 1943 1086 δὴ
1975 1015 2070 1067 καὶ

402 1115 640 1184 σήμερον
687 1110 756 1163 τά
806 1108 932 1178 ἐξῆς
981 1107 1315 1170 ἐπελθόντες,
1352 1106 1512 1161 πάλιν
1542 1109 1941 1178 καταμάθωμεν
1974 1108 2068 1161 τοῦ

401 1207 737 1278 πατριάρχου
763 1204 826 1257 τδ
855 1202 1206 1272 φιλόστοργον
1233 1200 1328 1254 καὶ
1353 1201 1652 1270 συμπαθές.
1671 1203 1939 1272 Ἐκάστην
1961 1202 2068 1274 γάρ

401 1303 508 1357 τῶν
540 1300 747 1373 ἀρετῶν
799 1298 915 1370 μεθ’
936 1297 1240 1368 ὑπερϐολῆς
1272 1297 1300 1349 0
1335 1296 1543 1360 δίκαιος
1592 1292 1743 1361 οὗτος
1787 1297 2066 1368 ἐκέκτητο.

402 1397 536 1450 Ούδέ
587 1395 696 1465 γάρ
757 1394 917 1464 μόνον
968 1392 1338 1462 φιλόστοργος,
1369 1391 1489 1444 οὐδὲ
1536 1392 1810 1460 φιλόξενος
1858 1388 1926 1463 ἦν
1977 1394 2071 1447 καί⁸

402 1488 714 1560 συμπαθὴς,
750 1487 885 1540 ἀλλά
934 1487 1025 1540 καὶ
1071 1484 1169 1548 τάς
1210 1484 1372 1548 ἄλλας
1419 1485 1618 1555 ἀρετάς
1664 1487 1881 1551 ἁπάσας
1933 1487 2071 1557 μετά

401 1583 678 1653 δαψιλείας
711 1582 1071 1635 ἐπεδείκνυτο.
1095 1580 1192 1631 Ἀν
1219 1595 1279 1631 τε
1315 1577 1423 1649 γάρ
1456 1579 1727 1649 ὑπομονὴν
1752 1580 1847 1653 δέῃ
1875 1581 2073 1634 ἐπιδει-

404 1677 620 1741 ξασθαι,
667 1675 921 1746 εὑρήσεις
953 1674 1115 1726 αὑτὸν
1139 1673 1218 1734 εἰς
1250 1671 1420 1741 αὐτὴν
1459 1672 1558 1743 τὴν
1607 1673 1780 1742 ἀκραν
1829 1675 2070 1747 κορυφὴν

402 1771 816 1841 ἀναϐεϐηκότα·
855 1770 922 1822 ἀν
957 1785 1016 1820 τε
1061 1766 1576 1837 ταπεινοφροσύνην,
1605 1767 1724 1836 ὄψει
1771 1768 1932 1822 πάλιν
1976 1768 2072 1823 καὶ

403 1862 636 1917 ἐνταῦθα
667 1861 844 1916 οὐδενὶ
878 1858 1329 1932 παραχωροῦντα,
1359 1859 1495 1912 ἀλλά
1535 1859 1740 1922 πάντας
1773 1862 2073 1931 ὑπερακον-

401 1957 618 2020 τίζοντα
637 1973 652 1986 '
684 1957 788 2009 κᾶν
817 1955 996 2007 πίστιν
1025 1952 1391 2017 ἐπιδείξασθαι
1417 1953 1532 2025 δέῃ,
1567 1955 1658 2007 καὶ
1685 1956 1741 2007 ἐν
1773 1954 1947 2025 τούτῳ
1975 1957 2074 2010 πά-

402 2054 487 2108 λιν
516 2052 713 2123 μάλλον
744 2049 1095 2122 εὑρεθήσεται
1119 2049 1227 2102 τῶν
1255 2048 1429 2103 ἀλλων
1466 2049 1718 2102 ἁπάντων
1747 2050 2066 2120 εὐδοκιμῶν.

403 2147 669 2215 Καθάπερ
695 2146 799 2215 γὰρ
827 2143 989 2196 εἰκών
1028 2160 1113 2205 τις
1155 2142 1391 2214 ἔμψυχός
1430 2145 1575 2196 ἐστιν
1606 2145 1639 2211 ή
1679 2143 1870 2197 τούτου
1899 2143 2065 2215 ψυχὴ,

405 2242 472 2295 τὰ
509 2242 738 2312 διάφορα
782 2239 882 2308 τῆς
927 2239 1128 2308 ἀρετῆς
1158 2236 1421 2308 χρώματα
1449 2237 1508 2291 ἐν
1539 2239 1704 2308 ἐαυτῇ
1729 2237 2066 2294 δεικνύουσα.

405 2337 539 2390 Ποία
587 2331 679 2388 οῦν
723 2336 853 2404 ἡμῖν
880 2332 1230 2385 ὑπολείπεται
1258 2331 1446 2385 λοιπὸν
1484 2333 1770 2400 ἀπολογία,
1798 2334 1924 2388 ὅταν
1952 2335 2071 2399 ἐνὸς

403 2428 690 2502 ἀνθρώπου
730 2430 906 2491 πάσας
946 2429 1043 2491 τὰς
1091 2429 1290 2499 ἀρετὰς
1334 2429 1391 2480 ἐν
1436 2427 1615 2497 ἐαυτῷ
1662 2429 2068 2501 περιφέροντος,

401 2528 564 2597 ἡμεῖς
591 2524 762 2587 οὕτως
797 2525 991 2595 ἔρημοι
1033 2523 1410 2594 τυγχάνωμεν,
1451 2523 1526 2586 ώς
1569 2524 1836 2594 μηδεμίαν
1868 2527 2071 2597 ἀρετὴν

406 2622 688 2694 βούλεσθαι
719 2619 1016 2690 κατορθοῦν
1038 2638 1052 2686 ;
1073 2621 1197 2673 Ὅτι
1220 2619 1326 2690 γάρ
1352 2619 1411 2672 οὐ
1442 2618 1594 2690 παρά
1613 2619 1674 2671 τδ
1697 2620 1773 2690 μὴ
1790 2619 2068 2685 δύνασθαι,

402 2719 539 2773 ἀλλά
569 2717 719 2788 παρὰ
761 2715 822 2770 τδ
863 2716 936 2787 μὴ
976 2714 1259 2784 βούλεσθαι
1289 2714 1486 2785 ἐρημοι
1519 2713 1736 2767 πάντων
1771 2716 1936 2785 ἐσμὲν
1961 2716 2072 2769 τῶν

404 2814 642 2882 ἀγαθῶν,
675 2812 848 2882 σαφὴς
875 2810 1144 2878 ἀπόδειξις
1171 2810 1230 2863 τὸ
1257 2808 1483 2873 πολλοὺς
1509 2809 1618 2862 τῶν
1643 2810 1920 2879 ὁμογενῶν
1940 2811 2070 2881 ἡμῖν

404 2909 579 2978 εὑρεῖν
611 2905 1010 2974 διαλάμποντας
1047 2907 1104 2958 ἐν
1131 2905 1317 2976 ἀρετῇ.
1358 2904 1468 2958 Kal
1500 2903 1630 2956 αὐτὸ
1661 2902 1717 2956 δὲ
1749 2904 1907 2959 τοῦτο
1921 2918 1969 2970 ι,
2009 2908 2070 2960 τὸ

403 3002 494 3055 τὸν
523 2999 865 3071 πατριάρχην
887 3000 982 3053 καὶ
1012 2999 1118 3070 πρὸ
1140 3000 1239 3069 τῆς
1263 2998 1502 3069 χάριτος,
1531 2999 1627 3051 καὶ
1655 2999 1762 3070 πρὸ
1789 3001 1882 3054 τοῦ
1910 3002 2071 3072 νόμου

319 3142 329 3151 .
401 3097 686 3166 γεγονότα,
733 3094 942 3147 οἴκοθεν
981 3094 1075 3148 καὶ
1113 3093 1222 3147 ἀπὺ
1263 3093 1363 3164 τῆς
1411 3094 1470 3145 ἐν
1500 3095 1564 3163 τῇ
1611 3093 1770 3162 φύσει
1816 3096 2074 3167 κειμένης

404 3192 658 3268 γνώσεως
681 3190 761 3254 εἰς
781 3187 1031 3243 τοσοῦτον
1062 3189 1254 3260 μέτρον
1276 3189 1478 3261 ἀρετῆς
1504 3188 1698 3253 ἐλθεῖν,
1730 3192 1908 3263 πάσης
1926 3194 2073 3264 ημᾶς

406 3284 705 3352 ἀπολογίας
753 3282 1125 3352 ἀποστερῆσαι
1175 3283 1481 3353 δυνήσεται.
1523 3283 1661 3335 Ἀλλ’
1716 3284 1844 3347 ῐσως
1889 3285 2073 3355 ἐροῦσι

408 3397 574 3443 τινες,
607 3379 685 3430 ὅτι
716 3377 916 3448 πολλῆς
941 3376 1215 3430 ἀπέλαυσε
1242 3376 1342 3445 τῆς
1373 3377 1524 3447 παρὰ
1553 3377 1649 3430 τοῦ
1678 3377 1812 3431 Θεοῦ
1840 3380 2072 3451 κηδεμο-

409 3475 527 3538 νίας
555 3475 582 3526 0
609 3472 768 3542 ἀνὴρ,
791 3471 884 3524 καί⁸
914 3469 1111 3541 πολλὴν
1137 3470 1449 3534 ἐπεδείξατο
1475 3471 1572 3543 τὴν
1603 3473 1727 3543 περὶ
1759 3473 1919 3527 αὐτὸν
1948 3475 2076 3544 πρό-

407 3584 555 3622 νοιαν
586 3569 614 3620 0
638 3565 746 3618 τῶν
787 3564 922 3617 ὅλων
946 3563 1096 3627 Θεός.
1131 3561 1255 3628 Ναὶ,
1288 3565 1533 3634 ὁμολογῶ
1557 3583 1569 3598 ·
1605 3567 1720 3620 ἀλλ’
1747 3569 1796 3620 εἰ
1844 3567 1918 3638 μὴ
1945 3567 2077 3637 πρό-

407 3680 560 3734 τερος
591 3661 658 3715 τὰ
688 3659 817 3728 παρ’
839 3658 1028 3712 ἑαυτοῦ
1060 3659 1153 3712 καὶ
1183 3659 1344 3721 αὐτὸς
1375 3659 1705 3725 ἐπεδείξατο,
1739 3662 1838 3714 οὐκ
1874 3663 1939 3716 ἂν
1967 3663 2074 3715 τῶν
2144 3668 2168 3679 “

407 3760 556 3830 παρὰ
595 3755 686 3810 τοῦ
731 3755 997 3808 Δεσπότου
1047 3754 1347 3826 ἀπήλαυσε.
1385 3756 1477 3826 Μὴ
1509 3756 1689 3810 τοίνυν
1718 3758 1876 3811 τοῦτο
1915 3760 2074 3829 μόνον

407 3857 530 3924 ὅρα,
581 3851 716 3906 ἀλλά
765 3849 1136 3903 καθ’ἓκαστον
1175 3847 1442 3914 ἐξετάζων
1494 3852 1899 3921 καταμάνθανε,
1959 3854 2076 3918 πῶς

411 3948 670 4018 πρότερον
694 3945 790 4016 τῆς
818 3944 1017 4006 οἰκείας
1044 3943 1244 4016 ἀρετῆς
1273 3945 1332 3998 ἐν
1361 3945 1495 3998 πᾶσι
1527 3946 1623 4015 τὴν
1653 3945 1884 4016 βάσανον
1934 3965 2075 4019 παρ-

409 4041 680 4112 εσχηκὼς,
717 4037 888 4103 οὕτως
915 4038 1128 4108 ἠξιοῦτο
1154 4039 1251 4109 τῆς
1281 4039 1430 4110 παρά
1458 4040 1552 4093 τοῦ
1577 4039 1710 4094 Θεοῦ
1737 4043 2072 4113 συμμαχίας.

408 4138 521 4190 Καὶ
548 4135 720 4188 ταῦτα
751 4134 1006 4197 πολλάκις
1033 4134 1160 4204 ὑμῖν
1187 4134 1490 4204 ἐδείξαμεν,
1522 4135 1686 4204 ἡνίκα
1714 4136 1781 4188 τά
1816 4137 1956 4190 κατά
1977 4137 2075 4209 τὴν

416 4230 740 4302 μετάστασιν
773 4227 936 4280 αὑτοῦ
968 4228 1064 4295 τὴν
1112 4230 1176 4280 ἐκ
1220 4228 1323 4298 γῆς
1371 4229 1470 4299 τῆς
1513 4229 1770 4300 πατρῴας
1818 4231 2052 4284 ἐποιετ;ο

413 4329 557 4388 ὅπως
580 4324 700 4378 οὐδὲ
719 4323 825 4376 ἀπὸ
846 4323 1122 4392 προγόνων
1143 4323 1430 4392 σπέρματα
1455 4324 1734 4387 εὐσεϐείας
1762 4323 2073 4393 δεξάμενος,

411 4421 620 4475 οἴκοθεν
644 4418 738 4472 καὶ
767 4418 897 4487 παρ’
927 4416 1124 4471 ἐαυτοῦ
1160 4417 1292 4470 πολὺ
1324 4416 1385 4470 τὸ
1423 4417 1668 4486 φιλόθεον
1711 4418 2071 4484 ἐπεδείκνυτο,

413 4517 506 4569 καὶ
553 4515 837 4584 ἄνθρωπος
884 4512 1008 4582 ἀρτι
1057 4513 1155 4583 τῆς
1191 4511 1462 4574 Χαλδαίας
1495 4511 1856 4579 μεταναστὰς.
1883 4513 2075 4584 ἀθρόον

413 4601 764 4669 κελευόμενος
813 4599 910 4670 τὴν
952 4597 1237 4668 ἀλλοτρίαν
1265 4598 1363 4667 τῆς
1391 4599 1597 4660 οἰκείας
1622 4599 2070 4664 ἀνταλλάξασθαι,

412 4689 513 4741 οὐκ
541 4686 858 4750 ἐνεδοίασεν,
886 4685 986 4737 οὐκ
1008 4681 1349 4746 ἀνεϐάλλετο,
1379 4682 1493 4736 ἀλλ’
1517 4682 1717 4746 εὐθέως
1753 4683 1988 4754 ἐπλήρου
2013 4685 2074 4738 τὸ

413 4772 722 4841 ἐπιταχθὲν,
756 4771 850 4824 καὶ
878 4769 1048 4822 ταῦτα
1075 4769 1174 4822 οὐκ
1205 4768 1360 4831 εἰδὼς
1385 4768 1519 4822 ὅπου
1546 4769 1799 4840 στήσεται
1824 4769 1973 4839 αὐτῷ
2006 4771 2073 4823 τά

412 4860 510 4930 τῆς
556 4857 782 4926 πλάνης,
821 4857 915 4910 καὶ
943 4855 1165 4908 ἔσπευδε
1195 4856 1289 4907 καὶ
1326 4855 1603 4923 ἠπείγετο,
1635 4854 1711 4918 ώς
1744 4855 1834 4908 ἐπὶ
1865 4856 2072 4926 ὡμολο-

415 4945 693 5015 γημένοις,
718 4946 829 5006 τοῖς
863 4943 1098 5011 ἀδήλοις,
1127 4941 1190 4996 τὸ
1213 4941 1304 4995 τοῦ
1339 4941 1474 4994 Θεοῦ
1501 4942 1827 5012 πρόσταγμα
1861 4944 2073 4998 πάντων

414 5025 804 5098 προτιμότερον
841 5023 1157 5093 ἡγούμενος.
1192 5018 1345 5086 Είδες
1378 5022 1493 5086 πῶς
1543 5023 1601 5089 ἐξ
1644 5023 1822 5094 ἀρχῆς
1869 5024 1962 5076 καὶ
2009 5026 2073 5077 ἐκ

415 5115 711 5186 προοιμίων
753 5113 821 5166 τά
861 5113 988 5183 παρ’
1023 5110 1215 5164 ἐαυτοῦ
1248 5111 1517 5182 εἰσέφερε,
1547 5113 1641 5165 καὶ
1667 5112 1759 5164 διὰ
1787 5113 1944 5167 τοῦτο
1979 5115 2072 5166 καὶ

414 5203 485 5254 τά
512 5199 659 5268 παρά
689 5199 781 5251 τοῦ
807 5197 941 5250 Θεοῦ
972 5197 1090 5250 καθ’
1122 5197 1356 5266 ἐκάστην
1378 5197 1685 5268 ἐκαρποῦτο
1714 5199 1851 5268 μετὰ
1876 5199 2072 5269 πολλῆς

418 5283 518 5352 τῆς
557 5281 867 5347 δαψιλείαςς
914 5277 1065 5349 [εει]
1099 5278 1203 5330 Τὸν
1230 5278 1390 5330 αὐτὸν
1419 5277 1480 5348 δὴ
1508 5280 1708 5349 τρόπον
1758 5280 1851 5333 καὶ
1891 5283 2068 5350 ἡμεῖς,

417 5364 711 5433 ἀγαπητοὶ,
738 5364 786 5414 εἰ
819 5361 1139 5431 βουλοίμεθα
1167 5362 1268 5431 τῆς
1293 5360 1496 5414 ἀνωθεν
1519 5362 1812 5416 ἀπολαύειν
1838 5363 2068 5427 εὐνοίας,

419 5450 752 5521 ζηλώσωμεν
777 5449 869 5501 τὸν
900 5447 1258 5518 πατριάρχην,
1291 5447 1381 5499 καὶ
1429 5447 1502 5516 μὴ
1545 5447 1900 5517 ἀναδυώμεθα
1937 5449 2070 5518 πρὸς

417 5533 516 5602 τὴν
563 5530 781 5602 ἀρετὴν,
827 5530 940 5583 ἀλλ’
982 5529 1214 5598 ἑκάστην
1257 5528 1639 5595 ἀπολαϐόντες,
1684 5529 1828 5582 οὕτω
1871 5531 2069 5600 ταύτην

423 5618 559 5683 μετά
592 5617 822 5685 σπουδῆς
858 5616 1276 5686 μετερχώμεθα,
1308 5615 1382 5677 ὡς
1417 5612 1506 5667 τὸν
1540 5615 1838 5685 ἀκοίμητον
1866 5619 2070 5670 ἐκεῖνον

421 5700 689 5770 ὀφθαλμὸν
711 5698 1112 5753 ἐπισπάσασθαι
1135 5701 1267 5769 πρὸς
1287 5697 1383 5768 τὴν
1409 5699 1503 5766 τῆς
1530 5701 1762 5770 ἀμοιϐῆς
1781 5701 2065 5756 ἀντίδοσιν.

429 5790 488 5840 ὐ
532 5787 638 5856 γὰρ
683 5786 746 5838 τὰ
781 5786 1065 5856 ἀπόρρητα
1093 5788 1189 5855 τῆς
1217 5785 1448 5847 διανοίας
1494 5785 1646 5854 ἡμῶν
1690 5787 2066 5858 ἐπιστάμενος,

476 5894 508 5924 ⁸
532 5892 660 5942 δθτιι
702 5897 748 5941 et
773 5887 846 5942 ali;
887 5896 954 5940 καί
984 5892 1097 5939 αὶτὸ
1119 5893 1204 5953 γὰρ
1229 5891 1387 5939 τοῦτο.

2173 926 2391 979 ἐπειδὰν
2421 925 2504 996 ίδη
2529 925 2655 995 ὑγιῆ
2682 924 2906 996 γνώμην
2937 924 3433 993 ἐπιδεικνυμένους,
3451 923 3544 976 καὶ
3566 920 3705 994 πρὸς
3723 924 3845 990 τοὺς

2171 1025 2273 1095 τῆς
2321 1027 2522 1098 ἀρετῆς
2575 1026 2793 1095 ἀγῶνας
2838 1024 3169 1079 ἀποδύεσθαι
3207 1021 3630 1088 ἐσπουδακότας,
3666 1038 3850 1094 παρα-

2172 1127 2358 1198 χρῆμα
2403 1126 2494 1179 καὶ
2525 1125 2625 1196 τὴν
2661 1127 2791 1197 παρ’
2816 1124 3011 1179 ἐαυτοῦ
3057 1123 3286 1194 παρέχει
3332 1121 3528 1193 ῥοπὴν,
3575 1121 3714 1193 ὁμοῦ
3755 1122 3850 1176 καὶ

2169 1225 2295 1288 τοὺς
2323 1223 2515 1288 πόνους
2543 1225 2674 1294 ἡμῖν
2703 1223 3090 1292 ἐπικουφίζων,
3114 1223 3206 1275 καὶ
3238 1221 3298 1274 τὸ
3331 1219 3552 1283 ἀσθενὲς
3583 1220 3686 1290 τῆς
3715 1221 3850 1293 ηρ...

2170 1325 2335 1399 τέρας
2378 1324 2592 1394 φύσεως
2625 1323 2982 1395 ἐπιρῤωννὺς,
3023 1321 3120 1375 καὶ
3163 1318 3406 1388 δαψιλεῖς
3452 1319 3552 1382 τάς
3602 1319 3848 1390 ἀμοιϐάς

2171 1422 2438 1494 χορηγῶν.
2471 1423 2580 1476 Kal
2625 1422 2719 1474 ἐπὶ
2767 1420 2866 1490 μὲν
2906 1420 3014 1473 τῶν
3051 1417 3438 1489 Ὀλυμπιακῶν
3472 1417 3702 1485 ἀγώνοιν
3748 1419 3850 1474 οὐκ

2169 1525 2235 1579 ἄν
2273 1541 2402 1577 ποτε
2451 1524 2630 1594 εὕροις
2681 1541 2733 1576 τι
2781 1521 3020 1576 τοιοῦτον
3061 1520 3378 1591 γινόμενονο
3414 1519 3778 1590 ἀλλ’ἐστηκεν
3820 1520 3850 1573 ό

2172 1622 2543 1694 παιδοτρίϐης,
2565 1621 2762 1692 θεατὴς
2787 1621 2945 1692 μόνον
2966 1619 3248 1690 γινόμενος
3275 1619 3383 1673 τῶν
3407 1617 3847 1688 ἀγωνιζομένων,

2171 1721 2268 1776 καὶ
2296 1723 2448 1775 οὐδὲν
2481 1722 2669 1792 ἓτερον
2705 1721 3133 1786 συνεισενεγκεῖν
3160 1718 3475 1789 δυνάμενος,
3505 1718 3620 1771 ἀλλ’
3642 1716 3847 1787 ἀναμέ-

2171 1837 2278 1874 νων
2307 1821 2406 1890 τὴν
2433 1819 2588 1889 νίκην
2615 1817 2866 1887 γενέσθαι
2891 1833 2906 1849 ο
2935 1818 2964 1869 0
2989 1816 3046 1869 δέ
3075 1815 3353 1886 Δεσπότης
3385 1817 3414 1869 0
3444 1814 3720 1888 ἡμέτερος
3746 1816 3849 1886 οὐχ

2172 1918 2363 1982 οὕτως,
2387 1918 2522 1972 ἀλλά
2565 1918 2659 1972 καὶ
2693 1915 3135 1985 συναγωνίζεται,
3171 1915 3267 1969 καὶ
3309 1917 3468 1987 χεῖρα
3512 1915 3715 1986 ὀρέγει,
3753 1915 3849 1968 καὶ

2174 2015 2593 2084 συνεφάπτεται,
2623 2015 2716 2068 καὶ
2751 2013 3037 2084 μονονουχὶ
3068 2012 3405 2083 πανταχόθεν
3437 2013 3529 2065 τὸν
3555 2012 3848 2067 ἀντίπαλον

2172 2116 2603 2186 ὑποτεταγμένον
2649 2116 2780 2185 ἡμῖν
2828 2111 3186 2184 παραδίδωσι,
3226 2111 3320 2164 καὶ
3354 2111 3531 2165 πάντα
3579 2111 3724 2163 ποιεῖ
3753 2109 3849 2163 καὶ

2176 2213 2642 2284 πραγματεύεται,
2676 2211 2817 2266 ὥστε
2844 2210 3137 2281 δυνηθῆναι
3164 2210 3314 2281 ἡμᾶς
3349 2209 3849 2278 καταγωνίσασθαι,

2175 2313 2268 2365 καὶ
2310 2313 2408 2383 τὴν
2458 2313 2614 2383 νίκην
2662 2311 2918 2385 ἀρασθαι,
2952 2310 3040 2362 ἵνα
3070 2309 3162 2362 τὸν
3196 2308 3559 2379 ἀμαράντινον
3589 2310 3851 2378 στέφανον

2175 2411 2334 2482 ἐπιθῇ
2363 2413 2430 2482 τῇ
2462 2411 2706 2482 ἡμετέρᾳ
2744 2409 2974 2479 κεφαλῇ.
3012 2407 3324 2475 Στέφανον
3355 2407 3483 2475 γὰρ,
3517 2405 3704 2475 φησὶν,
3739 2423 3851 2474 χα-

2168 2509 2349 2577 ρίτων
2377 2508 2520 2576 δέξῃ
2551 2507 2636 2576 σῇ
2670 2506 2924 2577 κορυφῇ.
2955 2507 3066 2561 Kal
3100 2508 3157 2558 ἐν
3186 2505 3284 2575 μὲν
3311 2507 3423 2569 τοῖς
3459 2504 3852 2575 Ὀλυμπιακοῖς

2175 2607 2381 2671 τούτοις
2417 2606 2623 2675 ἀγῶσιν
2647 2609 2676 2660 0
2702 2607 2965 2676 στέφανος
3000 2604 3138 2676 μετά
3173 2603 3272 2676 τὴν
3300 2604 3456 2674 νίκην
3484 2604 3636 2657 ούδέν
3661 2604 3851 2676 ἐτερόν

2176 2703 2402 2776 ἐστιν,ἢ
2445 2704 2619 2774 φύλλα
2661 2704 2886 2774 δάφνης,
2927 2702 3022 2757 καὶ⁵
3053 2703 3265 2774 κρότος,
3298 2703 3394 2756 καί⁸
3431 2701 3527 2773 βοὴ
3572 2700 3724 2773 παρὰ
3753 2699 3852 2755 τοῦ

2174 2803 2347 2873 δήμου
2380 2803 2656 2873 γινομένη,
2678 2803 2819 2873 άπερ
2849 2801 3087 2865 ἄπαντα,
3118 2801 3217 2874 τῆς
3245 2802 3485 2872 ἑσπέρας
3509 2799 3850 2855 καταλαϐού-

2179 2917 2298 2972 σης,
2323 2902 2708 2973 κατεμαράνθη
2741 2902 2835 2954 καὶ
2865 2901 3110 2956 ἀπώλετο
3129 2917 3144 2934 ·
3194 2904 3222 2956 0
3262 2903 3319 2956 δέ
3353 2903 3494 2972 ὑπὲρ
3522 2902 3624 2972 τῆς
3648 2903 3852 2975 ἀρετῆς

2178 2984 2272 3054 καὶ
2298 3000 2404 3053 τῶν
2429 3001 2641 3070 «ταύτης
2671 3000 2906 3073 ἰδρώτων
2939 3002 3198 3070 στέφανος
3227 3001 3379 3055 οὐδὲν
3424 3001 3684 3073 αἰσθητὸν
3712 2999 3852 3072 ἔχει,

2177 3097 2296 3151 οὐδὲ
2323 3100 2380 3152 ἐν
2400 3099 2476 3170 τῷ
2500 3100 2654 3153 αἰῶνι
2672 3101 2847 3171 τούτῳ
2868 3102 3395 3173 συγκαταλυόμενον,
3416 3102 3554 3158 ἀλλά
3572 3101 3850 3174 διηνεκὴς.

2178 3197 2459 3261 ἀθάνατος,
2490 3198 2662 3252 ἀπασι
2694 3200 2806 3260 τοῖς
2845 3198 3004 3251 αἰῶσι
3031 3200 3660 3269 συμπαρεκτεινόμενος.
3689 3197 3796 3251 Kal
3822 3199 3857 3252 ὁ

2183 3297 2281 3366 μὲν
2326 3297 2488 3361 πόνος
2533 3297 2668 3368 πρὸς
2696 3297 2884 3368 χρόνον
2920 3297 3148 3368 βραχὺν,
3179 3300 3213 3368 ὴ
3243 3298 3302 3351 δὲ
3331 3298 3472 3368 ὑπὲρ
3514 3298 3625 3351 τῶν
3672 3297 3857 3350 πόνων

2181 3393 2380 3465 ἀμοιϐὴ
2406 3395 2558 3459 τέλος
2600 3395 2698 3449 οὐκ
2743 3391 2904 3460 οἶδεν,
2934 3397 3053 3450 οὑδέ
3086 3397 3222 3450 εἴκει
3249 3395 3330 3467 τῷ
3355 3396 3560 3468 χρόνῳ,
3592 3396 3713 3450 οὐδὲ
3742 3413 3854 3471 μα-

2180 3501 2437 3572 ραίνεται.
2465 3501 2576 3554 Καὶ
2606 3502 2691 3554 ῖνα
2728 3501 2954 3571 μάθητε,
2991 3501 3100 3554 ἰδοὺ
3124 3501 3265 3554 πόσα
3299 3500 3396 3570 ἐτη
3424 3499 3724 3570 διελήλυθε,
3756 3499 3856 3553 καὶ

2177 3598 2339 3652 πόσαι
2383 3600 2585 3667 γενεαὶ,
2614 3598 2675 3663 ἐξ
2702 3594 2764 3653 οῦ
2796 3599 3138 3672 πατριάρχης
3182 3592 3336 3662 οὗτος
3381 3598 3601 3667 γέγονεο
3639 3599 3732 3650 καὶ
3772 3598 3854 3664 ὡς

2177 3697 2301 3768 χθές
2328 3699 2422 3751 καὶ
2452 3700 2708 3770 σήμερον,
2740 3699 2882 3752 οὕτω
2911 3698 3305 3768 διαλάμπουσιν
3327 3697 3490 3752 αὑτοῦ
3517 3697 3567 3752 οἰ
3589 3697 3728 3768 ὑπὲρ
3749 3697 3856 3768 τῆς

2175 3797 2374 3867 ἀρετῆς
2407 3797 2679 3866 στέφανοι,
2713 3799 2807 3851 καὶ
2842 3797 3003 3868 μέχρι
3035 3795 3136 3863 τῆς
3174 3795 3484 3860 συντελείας
3513 3795 3690 3866 αὐτῆς
3711 3797 3854 3850 πᾶσι

2176 3896 2286 3958 τοῖς
2323 3888 2384 3948 εὖ
2411 3893 2667 3967 φρονοῦσι
2695 3894 3045 3958 διδασκαλίας
3075 3894 3335 3957 ὑπόθεσις
3361 3893 3593 3961 γίνεται.

2246 3993 2311 4063 β’.
2356 3993 2509 4047 Ἐπεὶ
2527 3988 2620 4046 οὖν
2646 3994 2869 4063 τοιαύτη
2891 3993 2984 4047 τοῦ
3007 3993 3218 4046 δικαίου
3256 3992 3448 4046 τούτου
3478 3995 3510 4062 ἡ
3539 3991 3731 4064 ἀρετὴ,
3769 3990 3854 4056 εις

2176 4092 2332 4163 ζῆλον
2354 4091 2543 4144 τούτου
2568 4091 2956 4164 διεγερθῶμεν,
2987 4093 3081 4146 καὶ
3100 4093 3197 4161 6ψέ
3219 4091 3349 4162 γοῦν
3370 4107 3500 4144 ποτε
3523 4090 3622 4162 τὴν
3641 4090 3852 4144 οἰκείαν

2175 4191 2485 4258 ἐπιγνόντες
2516 4191 2812 4259 εὐγένειαν,
2841 4193 2933 4247 τὸν
2961 4193 3306 4266 πατριάρχην
3336 4189 3726 4264 μιμησώμεθα,
3750 4192 3852 4245 καὶ

2173 4287 2381 4343 ἐννοιάν
2404 4305 2526 4342 τινα
2557 4288 2808 4360 λάϐωμεν
2847 4290 2946 4361 τῆς
2990 4290 3262 4362 σωτηρίας
3296 4291 3395 4360 τῆς
3425 4289 3722 4361 ἡμετέρας,
3751 4289 3850 4343 καὶ

2175 4388 2372 4459 πολλὴν
2415 4386 2730 4458 ἐπιμέλειαν
2777 4388 3081 4459 ποιώμεθα,
3125 4388 3268 4442 ὥστε
3303 4389 3377 4460 μὴ
3403 4387 3466 4441 τὸ
3495 4388 3652 4458 σῶμα
3684 4387 3850 4459 μόνον

2173 4485 2454 4551 ὑγιαίνειν,
2490 4485 2626 4538 ἀλλά
2653 4487 2746 4540 καὶ
2768 4487 2868 4558 τῆς
2893 4487 3071 4557 ψυχῆς
3096 4487 3166 4541 τὰ
3187 4487 3418 4558 διάφορα
3441 4487 3726 4557 νοσήματα
3760 4488 3848 4540 ἰα-

2175 4585 2550 4656 τρεύειν.Ἑάν
2588 4585 2696 4657 γὰρ
2723 4585 3040 4658 βουλώμεθα
3069 4589 3260 4660 νήφειν
3309 4588 3402 4641 καὶ
3454 4586 3846 4657 ἐγρηγορέναι,

2174 4686 2281 4739 τῶν
2326 4685 2418 4739 τοῦ
2465 4684 2716 4757 σώματος
2758 4687 2946 4740 παθῶν
3003 4687 3368 4757 εὐκολώτερον
3407 4686 3475 4739 τὰ
3520 4685 3620 4754 τῆς
3665 4684 3849 4755 ψυχῆς

2180 4786 2436 4854 ἰασόμεθα
2465 4788 2764 4857 νοσήματα.
2795 4781 2920 4840 Οἰον
2941 4786 3049 4857 γάρ
3076 4785 3143 4839 ἀν
3169 4785 3358 4856 ἐνοχλῇ
3388 4787 3520 4854 ⁴ἡμῖν
3544 4783 3732 4846 πάθος,
3750 4783 3847 4837 ἐὰν

2175 4877 2444 4948 ἐθέλωμεν
2473 4879 2687 4932 εὐσεϐεῖ
2711 4880 2955 4950 λογισμῴ
2981 4880 3038 4931 ἐν
3071 4877 3146 4948 νῷ
3167 4876 3453 4931 ἀναλαϐεῖν
3477 4876 3534 4928 τὸ
3563 4877 3848 4945 κριτήριον

2172 4973 2272 5042 τῆς
2301 4974 2534 5044 φοϐερᾶς
2573 4975 2782 5044 ἐκείνης
2807 4975 3036 5046 ἡμέρας,
3063 4976 3157 5027 καὶ
3189 4973 3264 5044 μὴ
3298 4971 3429 5044 πρὸς
3461 4971 3520 5024 τὸ
3545 4971 3718 5041 παρὸν
3741 4969 3843 5040 ἡδὺ

2174 5067 2401 5130 ἀπιδεῖν,
2437 5067 2570 5121 ἀλλά
2594 5067 2690 5138 τὴν
2719 5069 2855 5138 μετά
2881 5069 3051 5122 ταῦτα
3073 5068 3263 5139 ὀδύνην
3294 5067 3647 5138 ἐγγινομένην
3685 5067 3840 5136 ἡμῖν,

2174 5162 2514 5232 παραχρῆμα
2538 5165 2908 5235 ἀποπτήσεται
2935 5165 3027 5218 καὶ
3043 5164 3385 5234 ἀποπηδήσει
3404 5163 3431 5202 δ
3453 5165 3549 5232 τῆς
3569 5163 3840 5232 ἡμετέρας

2171 5255 2368 5327 ψυχῆς.
2394 5259 2483 5326 Μὴ
2508 5259 2685 5312 τοίνυν
2711 5259 3063 5330 ρᾳθυμῶμεν,
3085 5258 3198 5312 ἀλλ’
3222 5259 3417 5320 εἰδότες
3442 5260 3522 5311 ὅτι
3553 5257 3698 5324 ἀγών
3721 5259 3840 5314 ἐστι

2172 5344 2264 5394 καὶ
2293 5343 2663 5413 παλαίσματα,
2696 5348 2825 5398 καὶο
2861 5347 2942 5398 δεῖ
2979 5344 3384 5416 παρατετάχθαι
3438 5342 3570 5413 πρὸς
3603 5344 3701 5412 τὴν
3737 5344 3840 5412 μά-

2171 5446 2291 5498 χην,
2322 5429 2443 5481 καθ’
2464 5431 2695 5501 ἑκάστην
2717 5431 2970 5502 ἡμέρανὴ
2980 5432 3095 5500 μῶν
3123 5431 3213 5483 τὸν
3239 5429 3494 5500 λογισμὸν
3525 5430 3840 5498 ἀκμάζοντα

2173 5515 2262 5567 καὶ
2290 5517 2480 5586 νεαρὸν
2502 5517 2731 5588 ἔχωμεν,
2751 5519 2838 5572 ἵνα
2858 5519 2955 5589 τῆς
2978 5518 3181 5571 ἀνωθεν
3208 5516 3522 5588 συμμαχίας
3543 5515 3842 5568 ἀπολαύον-

2170 5618 2280 5664 τες,
2313 5601 2402 5653 τοῦ
2451 5604 2682 5674 πονηροῦ
2732 5605 2921 5657 τούτου
2960 5605 3171 5676 θηρίου,
3208 5602 3360 5674 [4‘25]
3400 5602 3490 5654 τοῦ
3551 5600 3838 5654 ἐπιϐούλου

2170 5687 2311 5756 λέγω
2333 5689 2427 5758 τῆς
2450 5691 2718 5762 σωτηρίας
2743 5692 2840 5760 τῆς
2862 5693 3153 5762 ἡμετέρας,
3171 5691 3264 5760 τὴν
3294 5690 3530 5759 κεφαλὴν
3554 5687 3839 5757 συντρῖψαι

2234 5837 2260 5906 ‘3
2282 5839 2430 5906 §a\i_|.
2463 5844 2717 5906 el_aliquol
2734 5857 2858 5906 mss.
2882 5852 3168 5906 παραχρῆμα
3187 5843 3454 5906 -ἁφῖπταται
3486 5842 3563 5886 καὶ
3588 5842 3832 5906 ἀποπηδᾷ.

2239 5901 2259 5927 ε
2283 5900 2595 5960 Conjunciiva
2619 5900 2854 5964 particula
2876 5919 2902 5953 ε
2928 5900 3071 5955 (ξυιεί.
3100 5911 3148 5950 rl
3173 5900 3263 5950 Sal
3312 5903 3538 5960 suplvlvta
3564 5912 3657 5949 εςι.
3694 5900 3812 5951 limi
