4060 6454
1183 444 1253 501 IN
1289 441 1443 500 CAP.
1482 437 1670 497 XVIII.
1713 434 1956 493 GFNES.
1998 429 2233 490 IIOMIL.
2273 421 2438 480 XLII.

1329 779 1860 877 HOMILIA
1928 775 2238 864 XLII.

383 1056 517 1115 Cum
553 1051 909 1109 surrexissent
940 1053 1122 1102 autem
1145 1043 1269 1108 viri,
1311 1040 1659 1108 respexerunt
1683 1033 1741 1087 in
1771 1031 1962 1101 facient
1996 1025 2349 1088 Sodomorum
2384 1030 2437 1078 et
2473 1017 2782 1080 Gomorrlta
2820 1012 2973 1089 (Gen.
3011 1009 3099 1068 18.
3138 1007 3252 1082 16).

263 1320 317 1378 ι.
348 1316 642 1376 Didicimus
666 1325 733 1369 ex
769 1309 1021 1366 hesterna
1051 1301 1304 1368 lectione,
1334 1293 1624 1361 carissimi,
1664 1288 1782 1346 exi-

194 1413 350 1471 miam
388 1408 516 1480 justi
554 1402 968 1476 hospitalitatem
996 1415 1026 1488 εξ
1039 1411 1138 1488 age
1170 1403 1225 1488 et
1253 1406 1316 1448 ea
1345 1401 1464 1462 qua:
1485 1392 1784 1488 sequuntur

195 1508 504 1564 tractantes,
535 1494 696 1550 hodie
714 1494 985 1550 discamus
1013 1484 1394 1556 hcttignitatem
1421 1487 1478 1535 et
1494 1484 1783 1564 commise-

197 1591 456 1648 rationem
471 1563 808 1657 patriarchae.
831 1576 1080 1636 Possedit
1104 1575 1250 1631 enim
1276 1570 1474 1628 eximie
1495 1569 1673 1640 justus
1697 1563 1787 1619 ille

198 1683 422 1739 virtutes
466 1690 675 1734 omnes.
722 1673 908 1743 Neque
953 1669 1098 1726 enim
1145 1673 1350 1721 tantum
1387 1661 1525 1718 bene
1567 1657 1788 1712 aﬁ’ectus

196 1782 314 1832 erat
338 1773 391 1827 in
420 1770 714 1842 proximos,
747 1778 920 1835 neque
945 1743 1226 1830 hospitalis
1257 1763 1462 1810 tantum
1489 1747 1790 1842 etimiseri-

201 1880 344 1931 cors,
390 1841 485 1918 sed
516 1869 572 1916 et
597 1859 730 1913 alias
759 1856 983 1910 virtutes
1010 1864 1200 1908 omnes
1225 1845 1458 1902 ubertim
1480 1841 1785 1931 exhibebat.

205 1929 339 2013 Nam
376 1953 490 2008 sive
531 1947 840 2020 patientiam
882 1941 1138 2000 exhibere
1176 1951 1313 2009 opus
1340 1935 1432 2003 sit,
1459 1931 1698 1988 invenies
1723 1929 1792 1985 il-

205 2047 314 2104 lum
345 2044 398 2100 in
419 2055 688 2099 summum
709 2038 848 2093 illius
872 2033 1128 2092 verticem
1151 2041 1492 2104 progressum
1521 2043 1536 2080 :
1567 2025 1681 2080 sive
1693 2021 1796 2077 hu-

206 2137 482 2194 militatem
505 2131 767 2203 requiras,
797 2127 1006 2184 videbis
1033 2134 1089 2182 et
1118 2125 1170 2179 in
1201 2124 1302 2178 hac
1328 2120 1462 2176 nulli
1491 2117 1793 2182 cedentem,

207 2226 298 2284 sed
320 2239 508 2280 omnes
528 2219 994 2278 transcendentem
1019 2236 1032 2272 :
1062 2217 1177 2272 sive
1206 2214 1340 2270 ﬁdes
1364 2209 1686 2269 declaranda
1702 2207 1795 2276 sit,

207 2319 342 2374 etin
379 2316 489 2371 hoc.
526 2329 640 2384 pra:
666 2311 914 2368 omnibus
958 2309 1075 2364 aliis
1101 2307 1314 2362 laudem
1356 2303 1671 2359 merebitur.
1702 2299 1801 2355 Est

205 2407 349 2463 enim
377 2405 553 2460 anima
582 2403 699 2475 ejus
727 2402 902 2472 imago
927 2399 1171 2471 quaedam
1202 2397 1458 2462 animata,
1487 2394 1670 2450 varios
1687 2393 1802 2448 vir-

213 2507 380 2553 tutum
405 2495 612 2551 colores
631 2494 684 2549 in
706 2507 765 2550 se
791 2499 1091 2548 ostentans.
1122 2489 1255 2557 Quae
1279 2487 1438 2558 igitur
1466 2485 1622 2540 nobis
1648 2491 1800 2554 post-

213 2587 314 2643 hac
340 2587 523 2642 relicta
562 2593 647 2641 est
673 2582 968 2649 excusatio,
1012 2595 1134 2637 cum
1175 2593 1312 2634 unus
1362 2578 1525 2632 homo
1581 2582 1803 2631 cunctas

211 2677 265 2732 iu
293 2691 352 2732 se
383 2676 605 2730 virtutes
633 2673 925 2744 possideat,
955 2685 1054 2727 nos
1082 2685 1210 2725 vero
1241 2670 1311 2723 ita
1339 2675 1590 2738 expertes
1616 2679 1803 2722 earum

212 2769 401 2834 simus,
436 2776 494 2823 ut
533 2775 606 2822 ne
653 2780 814 2821 unam
844 2764 1058 2836 quidem
1111 2774 1367 2818 exercere
1409 2758 1604 2829 juvet?
1649 2756 1804 2827 Quod

209 2859 358 2914 enim
402 2871 508 2912 non
547 2856 669 2926 quia
722 2869 828 2910 non
862 2866 1163 2923 possumus,
1198 2850 1293 2905 sed
1322 2851 1442 2920 quia
1473 2849 1744 2915 nolumus,
1773 2862 1805 2902 a

215 2948 373 3004 bouis
419 2946 667 3002 omnibus
701 2946 871 3000 simus
899 2943 1076 3008 alieni,
1112 2942 1244 2997 illud
1276 2940 1561 2997 manifeste
1607 2940 1809 2995 indicat

211 3039 357 3110 quod
383 3038 531 3093 multi
558 3035 797 3106 ejusdem
821 3044 1027 3090 naturae
1057 3034 1304 3089 homines
1331 3033 1670 3088 inveniantur
1693 3032 1806 3088 vir-

215 3129 417 3184 tutibus
458 3127 754 3196 conspicui.
789 3127 855 3180 Et
881 3139 1008 3180 vero
1036 3125 1174 3179 istud
1201 3127 1374 3194 ipsum
1406 3124 1548 3192 quod
1576 3123 1808 3192 patriar-

213 3219 336 3285 cha,
385 3218 475 3288 qui
520 3225 646 3270 ante
691 3217 879 3287 gratiae
915 3207 1140 3284 tempus
1181 3223 1236 3268 et
1273 3222 1396 3268 ante
1431 3214 1600 3282 legem
1633 3211 1750 3278 fuit,
1778 3227 1811 3267 a

214 3311 396 3379 seipse
418 3315 472 3362 et
495 3322 525 3361 a
553 3305 775 3362 scientia
807 3321 926 3376 quae
971 3313 1176 3359 natura:
1204 3304 1361 3358 insita
1389 3313 1493 3370 est,
1523 3303 1574 3358 in
1603 3311 1809 3358 tantum

216 3399 460 3470 pervenit
483 3397 694 3452 virtutis
731 3395 1022 3466 fastigium,
1060 3394 1256 3450 sufﬁcit
1282 3405 1339 3449 ut
1383 3409 1572 3448 omnes
1601 3404 1811 3450 nostras

214 3491 591 3547 excusationes
621 3488 836 3544 refutet.
870 3490 939 3543 At
969 3488 1105 3543 forte
1134 3488 1313 3542 dicent
1338 3487 1502 3556 aliqui
1536 3505 1550 3540 :
1585 3487 1678 3541 Vir
1723 3487 1813 3542 ille

215 3580 442 3637 multam
469 3594 498 3633 a
543 3579 652 3634 Deo
676 3579 901 3649 gratiam
930 3589 1293 3650 consequutus
1331 3588 1414 3633 est
1446 3619 1460 3641 ,
1493 3587 1548 3633 et
1573 3578 1811 3632 omnium

219 3673 479 3730 Dominus
501 3673 619 3742 ejus
642 3673 969 3743 singularem
996 3673 1178 3726 habuit
1208 3687 1410 3726 curam.
1445 3670 1644 3735 Etiam,
1676 3670 1729 3724 id
1759 3678 1816 3725 et

215 3781 320 3836 ego
347 3765 517 3820 fateor
563 3782 578 3818 :
629 3781 814 3820 verum
861 3766 964 3820 nisi
1007 3767 1212 3836 primus
1253 3773 1311 3819 et
1339 3765 1454 3834 ipse
1483 3764 1625 3834 quod
1655 3778 1815 3819 suum

217 3865 336 3912 erat
378 3854 609 3922 fecisset,
658 3871 764 3911 non
793 3865 936 3911 tanta
977 3871 1008 3911 a
1055 3857 1281 3911 Domino
1319 3855 1661 3911 obtinuisset.
1711 3855 1817 3910 Ea-

217 3955 442 4016 propter
467 3961 575 4000 non
604 3947 704 4000 hoc
729 3947 903 4002 solum
932 3947 1161 4016 respice,
1185 3946 1279 4001 sed
1303 3947 1354 4000 in
1382 3960 1704 4016 unoquoque
1733 3945 1816 4001 di-

219 4035 451 4105 ligenter
491 4037 727 4101 attende,
761 4037 1029 4107 quomodo
1076 4037 1306 4107 primum
1339 4037 1390 4091 in
1429 4037 1678 4092 omnibus
1704 4036 1816 4091 vir-

219 4128 354 4184 tutis
383 4141 493 4182 sua:
512 4129 1270 4198 experimentumcxhibuerit,
1294 4139 1454 4200 atque
1477 4131 1555 4184 sic
1573 4129 1814 4185 divinum

217 4219 480 4274 meruerit
508 4220 833 4288 praesidium.
877 4219 1002 4276 ilzec
1042 4236 1184 4290 sape
1211 4221 1362 4276 vobis
1405 4221 1813 4290 declaravimus,

217 4309 372 4365 illum
417 4323 628 4380 nempe,
657 4310 870 4380 quando
914 4325 950 4364 a.
977 4312 1142 4381 patria
1174 4324 1269 4366 sua
1305 4313 1586 4383 migrabat,
1629 4328 1739 4368 non
1784 4327 1815 4366 a

215 4399 654 4471 progenitoribus
691 4415 876 4456 semen
920 4401 1043 4457 ﬁdei
1091 4401 1386 4472 accepisse,
1441 4402 1535 4456 scd
1574 4418 1604 4457 a
1633 4403 1817 4472 seipse

216 4490 378 4545 valde
411 4490 714 4561 religiosam
735 4502 895 4563 atque
924 4494 1063 4562 piam
1103 4502 1340 4548 mentem
1376 4493 1685 4550 exhibuisse
1715 4511 1731 4562 ;
1762 4504 1819 4552 et

217 4581 498 4638 hominem
527 4582 698 4649 illum,
730 4598 853 4638 cum
879 4599 1050 4653 nuper
1074 4599 1102 4638 a
1123 4583 1376 4640 Chaldzea
1409 4585 1700 4641 translatus
1725 4601 1819 4642 es-

215 4681 321 4732 set.
377 4673 571 4727 iterum
617 4674 795 4728 subito
837 4677 1048 4742 jussum
1083 4675 1190 4729 alio
1217 4691 1459 4746 pergere,
1507 4686 1560 4731 et
1584 4677 1818 4733 alienam

216 4759 422 4817 terram
439 4777 550 4818 suae
574 4763 848 4832 praeferre,
881 4781 986 4820 non
1012 4767 1299 4821 ﬁuctuasse
1319 4767 1498 4822 animo
1518 4808 1533 4834 ,
1566 4784 1671 4822 non
1700 4769 1818 4824 dis-

215 4851 431 4914 tulisse.
463 4853 558 4908 sed
605 4854 784 4909 statim
812 4857 1067 4924 imperata
1109 4856 1299 4912 fecisse
1324 4898 1338 4923 ,
1373 4857 1530 4926 idque
1573 4874 1695 4913 cum
1725 4875 1822 4915 ne-

213 4944 383 4998 sciret
398 4943 615 4999 ubinam
641 4946 853 5000 errandi
876 4947 1083 5001 futurus
1108 4957 1249 5002 esset
1276 4947 1416 5012 ﬁnis,
1439 4959 1492 5003 et
1516 4951 1814 5015 festinasse,

216 5045 274 5092 et
304 5047 638 5106 properasse,
683 5045 741 5090 ut
768 5038 856 5107 qui
897 5039 949 5092 in
981 5039 1044 5092 iis
1068 5055 1186 5109 qua:
1216 5041 1370 5109 plane
1403 5041 1603 5095 incerta
1634 5052 1812 5110 erant,

223 5149 499 5211 tamquam
525 5150 671 5195 certa
712 5151 911 5204 essent,
944 5145 1253 5198 mandatum
1286 5144 1374 5198 Dei
1401 5142 1650 5197 omnibus
1674 5155 1812 5213 pm-

216 5229 501 5286 ferendum
525 5229 763 5286 duceret.

299 5422 536 5476 Facient:
561 5422 695 5488 quod
721 5420 773 5471 in
801 5435 853 5471 se
883 5428 956 5470 est
998 5417 1130 5469 Deus
1149 5419 1398 5470 auxilium
1428 5435 1528 5472 non
1554 5429 1719 5486 negat.
1749 5446 1818 5459 -ν

228 5515 418 5569 Vidisti
443 5510 714 5582 quomodo
744 5511 810 5563 ab
846 5511 994 5563 initio
1023 5526 1142 5579 qua:
1186 5525 1216 5563 a
1246 5512 1534 5578 semetipso
1563 5520 1716 5565 erant
1743 5518 1820 5565 at-

225 5603 432 5668 tuli-rit,
459 5609 516 5655 et
536 5608 815 5670 propterea
839 5599 1017 5652 divina
1045 5599 1285 5667 quotidie
1313 5599 1543 5654 ubertim
1570 5614 1817 5669 suscepe-

226 5696 342 5749 rit?
385 5693 592 5747 Eodem
637 5691 818 5755 modo,
857 5690 1057 5755 dilecti,
1088 5691 1248 5743 etiam
1281 5706 1397 5752 nos,
1424 5692 1466 5745 si
1499 5693 1826 5745 voluerimus

227 5800 462 5855 superna
516 5783 615 5837 frui
657 5783 848 5853 gratia,
898 5783 1166 5835 imitemur
1217 5786 1595 5852 patriarcham,
1653 5794 1707 5838 et
1761 5799 1827 5840 ne

230 5885 554 5933 cunctcmur
605 5875 754 5930 obire
807 5876 1082 5940 virtutem,
1132 5876 1224 5929 scd
1275 5892 1701 5951 unamquamque
1759 5878 1827 5931 ita

1885 1301 2256 1353 exerceamus,
2285 1295 2343 1342 ut
2370 1286 2586 1343 oculum
2609 1287 2780 1353 illum,
2808 1279 2899 1356 qui
2925 1286 3090 1356 sopiri
3116 1287 3310 1356 nescit,
3350 1301 3483 1344 con-

1887 1378 2132 1432 ciliemus
2156 1376 2310 1432 nobis
2337 1375 2404 1431 ad
2431 1377 2739 1432 mercedem
2762 1375 3117 1432 tribuendam.
3152 1377 3368 1432 Etenim
3397 1373 3491 1446 qui

1887 1469 1990 1523 scit
2016 1482 2213 1524 arcana
2263 1470 2462 1522 mentis
2503 1477 2722 1532 nostrae,
2749 1482 2874 1523 cum
2904 1466 3098 1523 viderit
3122 1482 3311 1523 sanam
3336 1483 3492 1524 men-

1889 1566 1999 1614 tem
2046 1567 2308 1625 nostram,
2339 1568 2395 1615 et
2423 1575 2522 1615 nos
2550 1558 2734 1614 conari
2764 1567 2819 1614 et
2858 1559 2987 1615 eniti
3017 1559 3084 1614 ad
3125 1560 3340 1615 virtutis
3364 1574 3493 1617 cer-

1891 1655 2110 1723 tamina,
2137 1655 2319 1710 statim
2342 1663 2472 1709 nutu
2489 1653 2795 1709 etsuhsidio
2819 1667 2917 1709 suo
2941 1667 3042 1709 nos
3066 1652 3305 1724 adjuvat,
3330 1653 3494 1710 simul

1889 1757 1945 1804 et
1985 1748 2198 1804 labores
2226 1756 2440 1803 nostros
2468 1746 2826 1813 imminuens,
2867 1755 2922 1802 et
2948 1745 3216 1803 inﬁmam
3246 1756 3495 1804 naturam

1891 1849 2133 1895 nostram
2161 1838 2443 1904 roborans,
2480 1838 2782 1908 uberesque
2827 1837 3211 1894 retributiones
3236 1837 3497 1910 suppedi-

1895 1941 2038 1989 tans.
2069 1931 2212 1988 Sane
2243 1931 2297 1986 in
2317 1929 2615 2003 Olympieis
2637 1929 3021 1986 certaminibus
3041 1931 3355 2002 neutiquam
3372 1930 3497 2004 quis

1897 2025 2000 2081 tale
2021 2024 2149 2096 quid
2181 2024 2419 2080 inveniet
2445 2042 2461 2079 :
2493 2023 2590 2080 sed
2613 2031 2720 2079 stat
2746 2023 3063 2095 paedotriba,
3100 2024 3265 2097 ﬁtque
3285 2034 3499 2097 specta-

1897 2127 1982 2171 tor
2003 2126 2212 2172 tantum
2240 2116 2580 2182 certantium,
2611 2129 2786 2186 neque
2815 2116 2870 2171 in
2917 2116 3023 2172 ulla
3049 2131 3110 2171 re
3135 2125 3308 2187 potest
3339 2117 3499 2188 adju-

1896 2223 2045 2273 vare,
2075 2207 2171 2263 sed
2201 2216 2482 2278 exspectat
2526 2207 2701 2263 donec
2742 2207 2966 2263 victoria
3008 2207 3313 2264 declaretur
3341 2225 3356 2262 :
3385 2209 3500 2266 Do-

1898 2301 2076 2356 minus
2120 2310 2302 2358 autem
2345 2310 2531 2357 noster
2567 2316 2674 2356 non
2720 2302 2815 2370 ita,
2865 2300 2962 2356 sed
3011 2301 3169 2356 simul
3219 2301 3504 2360 nobiscum

1899 2403 2090 2462 certat,
2131 2403 2188 2450 et
2235 2409 2451 2449 manum
2491 2394 2734 2466 porrigit,
2768 2403 2823 2449 ct
2859 2393 3020 2449 simul
3048 2394 3417 2466 congreditur,
3449 2402 3506 2454 et

1899 2485 2050 2555 quasi
2076 2485 2313 2555 undique
2337 2485 2558 2540 enititur
2584 2494 2642 2540 ut
2675 2484 3043 2541 adversarium
3065 2495 3312 2554 nostrum
3342 2486 3502 2544 nobis

1905 2576 2097 2639 tradat,
2131 2575 2368 2646 nihilque
2410 2590 2518 2630 non
2562 2575 2693 2646 agit,
2743 2586 2991 2648 satagens
3021 2577 3159 2632 utin
3210 2578 3508 2636 certamine

1907 2669 2309 2738 praevaleamus,
2334 2677 2390 2723 et
2412 2668 2711 2734 vincamus,
2738 2683 2847 2738 quo
2871 2668 3032 2738 capiti
3073 2677 3261 2726 nostro
3283 2670 3505 2728 immor-

1905 2761 2210 2817 cescibilem
2238 2760 2478 2830 imponat
2515 2774 2793 2815 coronam.
2825 2761 3080 2815 Coronam
3109 2762 3276 2828 enim,
3313 2762 3509 2834 inquit,

1907 2852 2190 2924 gratiarum
2227 2851 2450 2922 accipies
2493 2852 2547 2905 in
2582 2851 2750 2922 capite
2778 2859 2865 2905 tuo
2895 2849 3081 2923 (Prov.
3113 2852 3165 2907 l.
3198 2850 3276 2915 9).
3309 2851 3428 2909 Jatn
3455 2853 3513 2912 in

1911 2943 2017 2997 illis
2064 2941 2361 3013 Olympicis
2402 2941 2792 2997 certaminibus
2827 2957 3026 2999 corona
3073 2953 3196 3014 post
3229 2945 3515 3003 victoriam

1909 3033 2042 3089 nihil
2083 3033 2226 3088 aliud
2264 3042 2368 3101 est,
2399 3049 2563 3105 quam
2593 3034 2716 3088 folia
2747 3036 2907 3102 lauri,
2936 3050 3096 3106 quam
3136 3037 3429 3105 applausus
3457 3047 3517 3097 et

1909 3127 2228 3183 acclamatio
2253 3127 2421 3198 vulgi,
2443 3143 2565 3198 quae
2595 3127 2775 3183 omnia
2805 3136 3092 3198 appetente
3119 3144 3342 3199 vespera
3372 3145 3516 3187 mar-

1911 3226 2132 3272 cescunt
2155 3226 2208 3273 et
2236 3227 2502 3288 pereunt:
2531 3227 2586 3272 at
2611 3233 2809 3274 corona
2835 3232 2956 3289 quae
2979 3233 3075 3287 pro
3100 3219 3296 3276 virtute
3308 3229 3362 3277 et
3392 3222 3514 3291 ejus

1913 3307 2200 3364 sudoribus
2227 3308 2404 3375 datur,
2444 3308 2576 3363 nihil
2621 3307 2784 3364 habet
2817 3309 3096 3376 sensibile,
3127 3325 3300 3381 neque
3329 3314 3382 3367 in
3414 3312 3520 3375 hoc

1913 3399 2110 3452 erectan
2140 3398 2421 3452 nobiscum
2447 3398 2786 3465 dissolvitur,
2816 3399 2913 3454 sed
2944 3409 3201 3470 perpetua
3228 3412 3311 3456 est
3339 3413 3394 3458 et
3417 3403 3522 3459 im-

1915 3488 2179 3555 mortalis,
2222 3487 2523 3543 extendens
2561 3503 2620 3543 se
2670 3488 2726 3543 in
2775 3489 2955 3544 omnia
3008 3491 3226 3546 sarcula.
3273 3492 3340 3547 Et
3369 3493 3522 3551 labor

1916 3579 2130 3648 quidem
2172 3588 2256 3635 est
2292 3580 2442 3649 parvi
2471 3581 2732 3650 temporis
2760 3597 2776 3646 ;
2805 3596 3018 3638 merces
3045 3592 3224 3640 autem
3276 3585 3521 3645 laborum

1917 3667 2078 3724 ﬁnem
2121 3684 2228 3724 non
2255 3669 2436 3737 habet,
2477 3685 2653 3742 neque
2683 3671 2826 3727 cedit
2856 3674 3106 3743 tempori,
3155 3690 3329 3745 neque
3371 3692 3522 3733 mar-

1917 3763 2103 3818 cescit.
2133 3763 2203 3818 Et
2244 3772 2301 3817 ut
2329 3763 2570 3830 discetis,
2620 3778 2748 3820 ecce
2791 3774 2923 3836 quot
2961 3766 3088 3820 anni
3121 3770 3521 3837 praeterierunt,

1917 3862 2050 3924 quot
2063 3854 2461 3924 generationes,
2485 3869 2516 3909 a
2543 3869 2649 3924 quo
2676 3854 2974 3923 patriarcha
3008 3856 3095 3911 hic
3127 3857 3179 3912 in
3211 3858 3348 3915 vivis
3376 3858 3476 3915 fuit
3504 3878 3520 3915 :

1918 3952 1973 3998 et
1995 3944 2134 3999 sicut
2150 3943 2268 3999 heri
2293 3952 2346 3998 et
2374 3943 2557 4009 hodie,
2586 3944 2656 3998 ita
2680 3944 2884 4016 fulgent
2921 3945 3038 4016 ejus
3068 3962 3164 4016 pro
3196 3949 3390 4005 virtute
3416 3964 3518 4007 co-

1920 4049 2090 4102 ronae,
2123 4041 2178 4090 et
2204 4048 2374 4104 usque
2399 4034 2468 4089 ad
2507 4036 3029 4093 consummationem
3055 4039 3237 4093 surculi
3271 4040 3524 4098 omnibus

1918 4129 2010 4199 qui
2056 4136 2202 4184 recte
2252 4127 2492 4198 sapiunt,
2523 4137 2896 4200 argumentum
2926 4139 3011 4186 est
3051 4132 3320 4187 sermonis
3346 4143 3402 4189 et
3423 4132 3524 4189 do-

1919 4219 2127 4274 ctrinte.

1990 4310 2048 4364 2.
2077 4309 2309 4364 Facilius
2333 4311 2593 4364 medemur
2615 4311 2803 4366 anime
2825 4352 2839 4376 ,
2871 4328 3025 4382 quam
3051 4314 3281 4385 corporis
3307 4317 3520 4374 morbis.

1920 4433 1993 4443 —
2021 4401 2253 4458 Proinde
2269 4403 2391 4472 quia
2422 4402 2545 4456 talis
2568 4411 2652 4457 est
2678 4403 2851 4458 virtus
2874 4403 3028 4472 justi,
3061 4407 3127 4460 ad
3159 4409 3526 4466 :emulandum

1923 4493 2075 4548 illum
2123 4494 2581 4564 expcrgiscamur,
2631 4500 2688 4548 et
2723 4494 2806 4548 vel
2851 4509 2976 4551 sero
3025 4495 3240 4552 tandem
3286 4509 3524 4556 nostram

1926 4593 2286 4655 agnoscentes
2330 4583 2687 4651 nobilitatem,
2730 4585 3085 4654 patriarcham
3151 4587 3442 4658 imitemur,
3475 4603 3531 4647 et

1923 4677 1992 4732 de
2021 4676 2192 4732 salute
2223 4686 2404 4731 nostra
2447 4678 2767 4747 cogitemus,
2799 4677 2968 4732 multa
3016 4677 3253 4733 adhibita
3297 4681 3526 4753 diligen-

1926 4769 2020 4834 tia,
2053 4776 2110 4821 ut
2139 4781 2245 4820 non
2277 4767 2449 4821 solum
2481 4781 2676 4836 corpus
2706 4784 2897 4823 sanum
2924 4770 3012 4832 sit,
3044 4770 3137 4824 sed
3162 4778 3215 4824 ct
3242 4782 3299 4824 ut
3322 4771 3525 4829 diversi

1925 4861 2119 4915 animae
2137 4860 2309 4916 morbi
2337 4867 2608 4936 curentur.
2649 4858 2782 4913 Nam
2804 4859 2850 4914 si
2873 4858 3200 4950 voluerimus
3213 4861 3380 4916 sobrii
3410 4878 3531 4920 esse

1925 4968 1988 5007 ac
2004 4953 2207 5023 vigiles,
2226 4951 2434 5006 facilius
2449 4952 2670 5006 morbos
2688 4951 2881 5004 animat
2899 4965 3059 5021 quam
3080 4953 3325 5022 corporis
3338 4968 3529 5010 emcn-

1924 5043 2192 5099 dabimus.
2243 5040 2378 5097 Nam
2405 5043 2617 5110 quoties
2647 5056 2749 5096 nos
2775 5041 2991 5096 aﬁ‘ectio
3020 5043 3284 5113 quaepiam
3317 5053 3535 5114 pertur-

1927 5137 2039 5203 bat,
2071 5137 2116 5191 si
2144 5135 2472 5190 voluerimus
2512 5135 2598 5203 pia
2649 5135 3008 5204 religiosaque
3048 5145 3230 5191 mente
3288 5139 3528 5207 cogitare

1921 5229 2180 5298 judicium
2209 5227 2316 5281 diei
2363 5227 2509 5281 illius
2543 5226 2819 5292 terribilis,
2863 5235 2918 5281 et
2960 5239 3067 5281 non
3104 5227 3172 5282 ad
3201 5235 3525 5300 praesentem

1926 5322 2256 5391 voluptatem
2290 5328 2559 5389 spectare,
2609 5318 2704 5374 sed
2746 5317 2814 5373 ad
2837 5320 3108 5375 cruciatus
3143 5335 3283 5391 quos
3313 5332 3535 5394 propter

1930 5413 2079 5468 illam
2101 5411 2351 5473 feremus,
2381 5412 2562 5466 statim
2592 5410 2662 5467 ab
2680 5411 2858 5465 anima
2887 5419 3072 5467 nostra
3105 5413 3308 5470 resiliet
3327 5423 3381 5471 et
3399 5430 3535 5472 avo-

1928 5502 2078 5556 labit.
2124 5502 2422 5572 Eapropter
2450 5517 2520 5557 ne
2562 5500 2736 5556 simus
2763 5502 3120 5573 negligentes,
3159 5504 3254 5559 sed
3301 5507 3535 5563 scientes

1929 5606 2157 5662 agonem
2184 5606 2305 5647 esse
2345 5601 2401 5647 et
2430 5601 2728 5658 certamen,
2759 5600 2817 5646 ut
2859 5592 2913 5646 in
2942 5593 3128 5663 praelia
3157 5593 3404 5651 hostibus
3435 5613 3536 5653 nos

1928 5685 2246 5754 objiciamus
2289 5693 2540 5754 oportet,
2571 5686 2814 5757 quotidie
2854 5696 3168 5755 renovetur,
3202 5703 3266 5744 ac
3291 5690 3532 5761 vigorem

1927 5779 2217 5849 juvenilem
2263 5780 2488 5837 recipiat
2518 5780 2732 5835 animus
2774 5790 2979 5847 noster,
3028 5791 3087 5837 ut
3131 5798 3367 5853 superno
3413 5784 3535 5841 freti

1935 5869 2204 5939 praesidio,
2238 5871 2390 5924 malm
2421 5870 2578 5941 hujus
2612 5873 2817 5940 bestiae,
2845 5872 3174 5930 insidiatoris
3202 5875 3322 5932 dico
3346 5876 3538 5932 salutis

1695 6097 2314 6216 1.158857
