4060 6472
581 438 686 511 se;

586 563 801 621 nostrtn,
825 560 986 623 caput
1012 552 1197 609 statim
1234 563 1511 610 conterere
1550 554 1838 610 valeamus.
1866 554 1984 625 ipse
2009 554 2151 610 enim

586 644 846 699 Dominus
874 642 1025 698 nobis
1041 643 1311 714 promisit,
1334 643 1518 698 dicens
1545 658 1560 697 :
1592 628 1723 698 Ecce
1757 643 1872 697 dedi
1898 644 2035 698 vobis
2061 659 2156 712 po-

583 744 804 788 testatem
830 733 1060 786 calcandi
1080 750 1233 803 super
1258 742 1509 804 serpentes
1529 742 1575 787 et
1601 736 1910 804 scorpiones,
1938 742 1987 788 et
2004 750 2159 804 super

580 825 1034 878 cuinam-uirtutem
1061 825 1254 879 inimici
1282 824 1431 895 (Luc.
1467 824 1554 880 10.
1586 825 1700 897 19).
1732 827 2016 898 \‘igilemus
2054 827 2155 897 igi-

572 926 686 980 tur,
717 916 960 977 obsecro,
990 923 1052 969 ut
1084 915 1306 985 vestigia
1332 915 1487 986 hujus
1527 916 1841 984 patriarchae
1870 925 2158 987 sequentes

574 1006 643 1060 ad
690 1005 938 1061 virtutem
977 1006 1331 1061 exercendam
1366 1048 1383 1075 ,
1426 1006 1642 1063 easdem
1685 1020 1913 1063 coronas
1962 1007 2156 1062 mereri

573 1098 864 1166 possimus,
888 1107 943 1153 et
967 1095 1032 1153 ad
1057 1097 1173 1168 ejus
1210 1099 1358 1154 sinus
1395 1098 1691 1171 pervenire,
1725 1107 1777 1153 et
1802 1097 2035 1169 ellugere
2065 1114 2157 1169 ge-

574 1186 1035 1258 hennteposnam,
1059 1198 1116 1244 et
1157 1190 1371 1260 assequi
1420 1190 1558 1244 bona
1587 1189 1675 1245 illa
1706 1188 2008 1245 ineffabilia.
2040 1189 2153 1247 Ve-

573 1294 694 1334 rum
720 1288 778 1334 ut
815 1280 1042 1349 amplior
1085 1280 1177 1334 ﬁat
1217 1289 1393 1336 vestra
1441 1280 1731 1348 aemulatio,
1771 1288 1827 1337 ct
1871 1282 2040 1352 magis
2083 1281 2153 1337 ad

566 1370 887 1427 imitandum
916 1372 1057 1427 hunc
1069 1371 1268 1441 justum
1288 1386 1384 1426 vos
1411 1386 1767 1442 provocemus
1797 1390 1811 1426 :
1835 1387 1936 1443 age
1959 1372 2149 1429 iterum

568 1479 633 1519 ex
657 1464 875 1541 historia
895 1464 1037 1521 illius
1056 1479 1177 1520 cum
1193 1474 1373 1520 vestra
1398 1465 1623 1521 caritate
1650 1465 2039 1535 colloquentes,
2063 1481 2148 1521 se-

569 1556 784 1625 quentia
818 1555 1206 1626 aggrediamur.
1241 1555 1401 1627 Igitur
1430 1565 1547 1626 post
1578 1556 1776 1626 largam
1798 1555 1941 1611 illam
1969 1556 2151 1627 hospi-

565 1648 850 1715 talitatem,
883 1663 1041 1719 quam
1067 1648 1304 1703 exercuit
1323 1689 1338 1712 ,
1370 1664 1476 1703 non
1510 1648 1712 1704 lautitia
1732 1648 1817 1704 vel
1848 1647 2151 1719 multiplici-

564 1747 680 1794 tate
704 1738 1022 1794 ferculorum
1046 1779 1064 1803 ,
1096 1737 1188 1793 sed
1217 1735 1491 1793 alacritate
1516 1747 1569 1794 et
1611 1738 1928 1795 liberalitate
1954 1739 2148 1796 mentis

566 1828 902 1894 aestimatam,
933 1828 1112 1883 statim
1137 1827 1508 1898 hospitalitatis
1537 1828 1838 1885 mercedem
1863 1829 2092 1885 obtinuit
2128 1847 2143 1884 :

563 1927 621 1974 et
646 1917 830 1974 didicit
853 1918 1095 1989 quisnam
1126 1933 1362 1988 premens
1405 1918 1495 1975 ille
1520 1929 1695 1985 esset,
1718 1928 1773 1976 et
1795 1928 1992 1992 quanta
2031 1920 2149 1990 ejus

558 2010 757 2065 virtus.
788 2009 1039 2064 Abituros
1068 2009 1213 2065 illinc
1237 2009 1305 2065 ad
1332 2009 1685 2066 subvertenda
1718 2009 1948 2065 Sodoma
1968 2010 2149 2081 sequi-

565 2109 651 2154 tur
674 2098 968 2170 patriarcha
993 2140 1009 2166 ,
1039 2109 1097 2155 et
1137 2098 1355 2156 honoris
1392 2114 1553 2156 causa
1590 2101 1908 2166 comitatur,
1951 2100 2143 2171 inquit.

565 2188 698 2244 Vide
726 2188 934 2243 Domini
952 2189 1287 2243 clementiam
1315 2197 1369 2245 et
1397 2198 1594 2260 quanta
1615 2189 1949 2261 benignitate
1964 2189 2141 2245 indul-

560 2283 844 2352 gentiaque
864 2296 1011 2347 usus,
1034 2281 1198 2336 simul
1214 2281 1358 2350 justo
1380 2280 1639 2338 honorem
1668 2282 1945 2352 impendit,
1964 2292 2019 2338 et
2034 2282 2144 2338 vir-

564 2381 729 2429 tutem
758 2373 813 2427 in
849 2373 1024 2426 anima
1060 2372 1179 2443 ejus
1218 2373 1470 2429 latentem
1508 2372 1759 2444 detegere
1810 2374 1995 2430 voluit.
2051 2376 2139 2431 i6.

562 2464 688 2521 Cum
712 2465 1043 2519 surrexissent
1060 2475 1244 2531 autem,
1274 2465 1465 2535 inquit,
1492 2466 1611 2533 uiri,
1639 2474 1963 2537 respexerunt
1987 2467 2039 2521 in
2054 2471 2144 2538 {a-

560 2556 686 2610 ciem
716 2554 1054 2611 Sodomorum
1079 2565 1127 2611 et
1151 2554 1467 2611 Gomorrae.

633 2648 773 2704 Deus
791 2648 1048 2702 Abraliam
1059 2647 1387 2702 consiliorum
1406 2663 1613 2702 mum
1624 2648 1917 2718 participat.
1939 2648 2143 2717 Quanto

559 2739 752 2795 honore
764 2740 963 2811 justum
981 2739 1221 2809 dignatur
1239 2736 1398 2793 Deus.
1421 2766 1495 2779 -—
1524 2738 1598 2794 De
1616 2739 1820 2809 angelis
1844 2738 1993 2794 dicit.
2007 2738 2139 2795 Nam

562 2831 651 2889 hic
674 2831 888 2904 quidem
916 2831 969 2886 in
999 2829 1618 2906 tabemaculoqubrahaz,
1660 2838 1716 2886 et
1744 2830 1939 2901 angeli,
1963 2838 2020 2887 et
2044 2845 2140 2886 eo-

561 2937 679 2977 rum
708 2922 963 2977 Dominus
991 2937 1088 2993 per
1101 2921 1242 2977 idem
1272 2908 1481 2991 ternpus
1509 2922 1606 2976 visi
1622 2929 1746 2977 sunt
1768 2938 1782 2974 :
1808 2930 1990 2991 postea
2012 2935 2141 2977 vero

561 3012 639 3067 illi
678 3012 893 3084 quidem
924 3020 981 3067 ut
1009 3006 1237 3067 ministri
1267 3012 1412 3067 missi
1455 3019 1582 3066 sunt
1626 3010 1694 3066 ad
1736 3011 2140 3067 subverslonem

561 3103 769 3160 illarum
821 3103 1114 3171 civitatum,
1165 3102 1279 3173 ipse
1320 3110 1501 3157 autem
1551 3100 1805 3157 Dominus
1844 3102 2059 3168 mansit,
2089 3114 2144 3156 et

561 3195 712 3264 quasi
732 3193 933 3249 amicus
961 3194 1135 3249 amico
1155 3193 1302 3262 justo
1327 3192 1754 3248 communicabat
1780 3200 2026 3262 quamam
2064 3189 2144 3246 fa-

569 3293 753 3341 cturus
778 3292 941 3341 esset.
967 3282 1121 3340 Unde
1163 3283 1268 3338 illis
1304 3280 1578 3352 proiectis,
1615 3282 1703 3338 i7.
1741 3280 1905 3349 Dixit,
1950 3282 2138 3353 inquit,

561 3373 817 3429 Dominus
845 3388 864 3427 :
909 3371 1032 3427 Non
1067 3371 1240 3427 celabo
1264 3371 1519 3426 Abraham
1545 3386 1761 3443 puerum
1802 3387 1986 3438 meum,
2030 3386 2144 3441 quae

560 3484 650 3538 ego
669 3467 872 3537 faciam.
900 3464 1087 3537 Magna
1114 3464 1206 3520 Dei
1235 3462 1580 3535 indulgentia,
1611 3471 1666 3518 et
1688 3475 1900 3519 omnem
1937 3476 2146 3519 sermo-

562 3576 685 3615 nem
724 3573 981 3629 superans
1006 3556 1150 3628 justo
1198 3557 1370 3612 honor
1394 3555 1703 3611 exhibetur.
1746 3552 1884 3610 Vide
1913 3568 2143 3624 namque

556 3664 667 3722 quo
704 3658 859 3723 pacto
892 3650 1066 3720 ipsum
1106 3646 1407 3718 alloquatur
1448 3646 1601 3715 quasi
1644 3645 1807 3702 homo
1843 3644 2141 3714 hominem,

559 3742 941 3799 demonstrans
968 3739 1144 3806 nobis,
1173 3748 1373 3811 quanto
1397 3739 1602 3795 honore
1625 3738 1874 3810 dignetur
1900 3738 2145 3793 homines

563 3834 756 3889 virtute
778 3830 1046 3901 prmditos.
1070 3831 1133 3885 Et
1153 3840 1209 3885 ut
1234 3844 1302 3885 ne
1319 3838 1472 3901 putes
1496 3829 1756 3884 honorem
1778 3836 1982 3883 tantum
1996 3827 2144 3897 justo

562 3937 876 3980 emicessum
888 3922 1056 3978 solius
1076 3920 1271 3978 divinae
1299 3935 1420 3977 esse
1446 3912 1718 3985 bonitatis,
1740 3918 1859 3974 vide
1878 3918 2147 3989 quomodo

562 4014 741 4071 divina
770 4013 1040 4085 Scriptura
1084 4014 1273 4070 doceat
1318 4028 1441 4082 nos,
1469 4012 1641 4082 ipsum
1669 4012 1769 4067 sibi
1799 4011 1897 4082 ipsi
1928 4012 2147 4067 honoris

568 4109 734 4162 luisse
765 4117 1072 4173 auctorem,
1113 4104 1378 4161 mandatis
1404 4119 1596 4174 nempe
1623 4103 1817 4159 divinis
1843 4117 2034 4173 magna
2060 4116 2150 4157 se-

562 4197 788 4255 dulitate
816 4197 1195 4267 obsequutum.
1220 4197 1510 4265 Postquam
1534 4194 1679 4249 enim
1711 4193 1846 4247 dixit
1873 4209 1887 4245 :
1918 4192 2041 4247 Non
2056 4208 2145 4247 ce-

563 4289 679 4345 labo
703 4288 959 4343 Abraham
982 4304 1194 4357 puerum
1221 4303 1405 4351 meum,
1435 4301 1550 4356 quae
1572 4302 1663 4356 ego
1686 4284 1894 4355 faciam,
1921 4298 2028 4338 non
2041 4293 2151 4337 sta—

558 4381 657 4437 tim
699 4380 829 4436 dicit
856 4378 982 4449 quid
1026 4376 1261 4432 futurum
1304 4376 1372 4430 sit
1406 4393 1420 4430 :
1465 4388 1799 4445 consequens
1825 4373 1969 4429 enim
2008 4382 2146 4441 erat,

565 4480 624 4525 ut
647 4484 871 4542 pergens
893 4469 1095 4523 diceret
1111 4482 1171 4523 se
1198 4471 1539 4523 incensurum
1562 4464 1816 4521 Sodoma.
1839 4464 1910 4518 At
1933 4463 2148 4534 dignum

566 4569 668 4627 cst,
696 4568 754 4615 ut
777 4574 952 4630 neque
981 4558 1111 4612 illud
1150 4565 1531 4627 praetereamus
1563 4574 1577 4609 :
1610 4570 1785 4625 neque
1808 4555 1951 4609 enim
1979 4554 2147 4626 sylla-

567 4654 710 4717 bam,
764 4664 940 4720 neque
980 4646 1186 4718 apicem
1230 4648 1283 4701 in
1330 4646 1508 4702 divina
1554 4645 1828 4715 Scriptura
1874 4644 2150 4714 praeterire

567 4748 796 4810 oportet.
840 4739 1064 4806 Quantae
1111 4738 1255 4793 enim
1279 4735 1553 4808 dignitatis
1586 4749 1706 4791 esse
1746 4741 1899 4804 putas
1928 4734 1978 4788 id
2007 4734 2149 4805 quod

568 4831 718 4891 dicit.
746 4829 1002 4883 Abraham
1021 4844 1239 4899 puerum
1267 4844 1431 4881 meum
1449 4828 1477 4882 .9
1489 4827 1671 4896 quanti
1685 4825 1947 4881 allectus?
1968 4829 2148 4895 quanti

572 4920 813 4975 amoris?
841 4919 951 4975 lloc
974 4920 1117 4974 enim
1151 4919 1482 4987 potissimum
1506 4927 1771 4972 monstrat
1794 4916 2041 4973 eximiam
2068 4919 2148 4973 di-

572 5015 826 5083 gnitatem
852 5025 904 5067 et
926 5010 1183 5065 honorem
1205 5011 1349 5080 justo
1371 5010 1687 5065 exhibitum.
1715 5009 1918 5064 Deinde
1938 5009 1989 5063 id
2010 5010 2149 5078 quod

571 5103 837 5167 dicebam,
866 5110 1143 5174 postquam
1174 5100 1328 5168 dixit,
1364 5100 1482 5161 Non
1508 5101 1678 5156 celabo
1707 5117 1725 5155 :
1753 5116 1856 5156 non
1882 5103 2059 5155 statim
2077 5104 2153 5155 af-

574 5199 675 5250 iert
699 5206 752 5249 et
777 5193 904 5248 dicit
932 5193 1073 5261 quod
1098 5203 1211 5247 erat
1242 5192 1472 5247 futurum
1497 5210 1511 5259 ;
1546 5193 1639 5248 sed
1668 5192 1827 5264 quid?
1870 5193 1934 5249 Ut
1974 5191 2146 5247 disca-

573 5302 691 5342 mus
720 5304 822 5342 non
870 5288 1069 5356 absque
1107 5300 1285 5350 causa,
1320 5300 1492 5356 neque
1528 5296 1730 5342 temere
1756 5286 1919 5340 Deum
1950 5295 2151 5340 tantum

572 5396 697 5451 erga
744 5381 888 5435 illum
926 5378 1199 5432 declarare
1225 5378 1480 5444 studium,
1523 5379 1689 5449 inquit
1720 5397 1732 5431 :
1766 5378 1851 5434 l8.
1897 5380 2153 5432 Abraham

576 5482 741 5523 autem
766 5472 963 5537 futurus
991 5476 1060 5520 est
1102 5469 1154 5520 in
1188 5477 1384 5538 gentem
1412 5483 1645 5539 magnam
1683 5478 1727 5522 et
1755 5470 1986 5532 multam,
2019 5482 2065 5523 et
2102 5472 2154 5522 in

576 5563 686 5628 ipso
724 5561 1076 5616 benedicentur
1103 5576 1275 5614 omnes
1300 5570 1472 5632 gentes
1510 5571 1674 5616 terra.
1710 5561 1793 5617 19.
1845 5562 1980 5616 Novi
2024 5564 2155 5617 enim

582 5658 711 5722 quod
734 5656 1001 5708 constituet
1022 5653 1143 5723 ﬁliis
1169 5664 1214 5706 et
1235 5653 1409 5708 domui
1429 5670 1536 5708 sua:
1554 5664 1663 5725 post
1690 5671 1763 5715 se,
1793 5667 1838 5709 et
1875 5657 2155 5709 custodiant

578 5748 689 5798 eius
734 5749 934 5802 Domini
973 5748 1089 5813 Dei,
1132 5756 1183 5801 ut
1230 5749 1419 5819 faciant
1442 5749 1696 5817 justitiam
1737 5758 1781 5801 et
1801 5750 2073 5818 judicium,
2105 5761 2157 5801 nt

575 5843 801 5899 adducat
829 5842 1072 5897 Dominus
1093 5858 1241 5913 super
1264 5841 1523 5896 Abraham
1550 5843 1718 5895 omnia
1741 5856 2063 5910 quan-umque
2082 5844 2157 5896 to-

1322 435 1380 495 8.
1419 435 1695 498 JOANNIS
1730 434 2195 495 CHRYSOS‘I‘OSN
2236 437 2550 498 A‘BClllEP.
2592 441 3125 503 CONSTANTINOP.

3748 450 3848 509 38!

2268 564 2454 622 quatas
2478 568 2551 612 est
2575 559 2645 611 ad
2668 575 2801 613 eunt.
2832 559 3010 631 Paptc,
3040 568 3237 631 quanta
3263 561 3606 633 benignitatis
3636 561 3850 622 Domini

2268 646 2603 715 magnitudo!
2635 647 2894 717 Quoniam
2914 660 3097 720 postea
3125 651 3437 708 inducturus
3453 664 3569 710 erat
3582 657 3849 714 excidium

2265 734 2643 801 Sodomorum,
2692 754 2833 795 nunc
2880 741 3027 809 prius
3068 743 3428 811 patriarcham
3477 745 3545 799 ad
3598 745 3849 803 ﬁduciam

2263 827 2521 892 concitat,
2549 826 2705 881 simul
2730 828 2987 897 pollicens
3010 831 3059 884 ei
3079 831 3509 889 benedictionem
3534 837 3841 901 maximam,

2265 917 2543 986 ipsumque
2583 918 2635 971 in
2676 933 2923 987 magnam
2964 920 3355 977 multitudinem
3397 924 3631 979 futurum
3682 941 3804 981 esse
3829 944 3848 982 :

2261 1004 2462 1061 docens
2506 1022 2628 1062 cum
2680 1010 2823 1078 quod
2871 1011 3176 1068 mercedem
3215 1011 3355 1069 hanc
3388 1015 3490 1083 piat
3516 1032 3628 1072 sua:
3655 1017 3850 1075 mentis

2259 1107 2579 1166 accepturus
2623 1098 2713 1154 sit.
2758 1100 2942 1172 Cogita
2986 1103 3129 1157 enim
3169 1113 3365 1173 quanta
3415 1105 3486 1159 sit
3531 1107 3847 1176 patriarcha

2259 1189 2449 1255 virtus,
2488 1190 2702 1261 quando
2730 1192 2869 1247 Deus
2890 1192 3019 1250 dicit
3046 1210 3063 1250 :
3092 1193 3214 1251 Scio
3240 1196 3374 1250 enim
3402 1202 3539 1268 quod
3580 1196 3849 1255 constituet

2257 1279 2379 1349 ﬁliis
2406 1279 2511 1334 suis
2536 1290 2648 1351 post
2685 1297 2759 1349 se,
2789 1291 2836 1337 et
2862 1283 3143 1339 custodierit
3161 1284 3270 1340 uias
3291 1283 3501 1340 Domini
3519 1284 3636 1342 Dei.
3660 1287 3844 1361 Magna

2255 1370 2372 1428 haec
2389 1383 2473 1431 est
2490 1376 2698 1431 virtutis
2720 1376 2991 1432 accessio:
3014 1391 3120 1433 non
3146 1378 3291 1435 enim
3316 1386 3518 1436 tantum
3542 1380 3847 1437 mercedem

2247 1465 2448 1535 accipit
2470 1466 2593 1535 quia
2614 1466 2730 1537 ipse
2754 1467 2892 1523 bene
2909 1468 3052 1539 egit;
3079 1469 3177 1525 sed
3202 1478 3259 1525 et
3283 1470 3407 1541 quia
3433 1473 3687 1542 praecepit
3707 1472 3848 1528 natis

2250 1554 2387 1622 suis,
2420 1555 2592 1627 largas
2620 1557 2997 1615 retributiones
3038 1560 3250 1630 accipit,
3290 1559 3454 1631 idque
3479 1562 3672 1619 merito
3714 1579 3732 1618 :
3762 1562 3843 1619 si—

2252 1645 2467 1714 quidem
2514 1646 2628 1718 ipse
2665 1649 2915 1706 omnibus
2952 1649 3206 1721 deinceps
3245 1650 3501 1723 magister
3552 1662 3609 1708 et
3655 1652 3847 1710 doctor

2249 1739 2439 1793 evasit.
2458 1739 2519 1795 .ls
2540 1742 2683 1796 enim
2706 1743 2795 1812 qui
2819 1742 3139 1813 principium
3171 1743 3376 1814 praebet
3400 1758 3465 1800 ac
3483 1744 3653 1811 initia,
3680 1744 3845 1802 etiam

2251 1843 2438 1885 eorum
2472 1846 2591 1901 quae
2608 1840 2789 1901 postea
2806 1833 2940 1887 llunt
2956 1841 3142 1889 auctor
3174 1842 3281 1888 est.

2322 1920 2377 1976 3.
2417 1920 2484 1976 Et
2507 1920 2629 1977 vide
2657 1921 2865 1977 Domini
2894 1923 3207 1979 bonitatem.
3230 1922 3350 1979 Non
3374 1924 3548 1981 solum
3576 1940 3675 1997 pro
3702 1939 3844 1996 pm-

2252 2010 2406 2065 terita
2438 2011 2655 2079 virtute,
2682 2012 2776 2067 sed
2803 2022 2860 2068 et
2886 2027 2985 2083 pro
3012 2012 3189 2069 futura
3220 2014 3422 2083 justtun
3439 2023 3837 2072 remuneratur.

2250 2098 2372 2155 Scio
2399 2100 2554 2166 enim,
2578 2101 2775 2172 inquit,
2798 2103 2935 2172 quod
2958 2104 3223 2159 constituet
3249 2104 3373 2173 ﬁliis
3393 2106 3523 2160 suis.
3553 2103 3840 2173 Quoniam,

2248 2190 2450 2260 inquit,
2503 2192 2736 2262 pmnovi
2757 2192 2889 2261 justi
2914 2202 3173 2259 mentem,
3215 2193 3418 2250 idcirco
3446 2195 3843 2251 remuneratio-

2250 2280 2406 2336 nibus
2434 2281 2723 2350 praevenio.
2750 2281 2863 2338 Scit
2904 2283 3049 2338 enim
3088 2282 3267 2339 abdita
3307 2285 3486 2340 cordis
3528 2287 3734 2353 nostri,
3783 2295 3845 2342 et

2248 2372 2462 2437 quando
2502 2374 2646 2429 videt
2686 2374 3031 2431 consulentes
3060 2384 3117 2430 ut
3141 2384 3353 2445 Oportet
3394 2391 3457 2431 ac
3500 2391 3683 2432 sanam
3729 2393 3846 2447 prae

2244 2476 2306 2517 se
2335 2462 2567 2519 terentes
2592 2474 2849 2530 mentem,
2880 2479 3095 2519 manum
3122 2465 3364 2536 porrigit,
3398 2474 3453 2520 et
3478 2476 3600 2521 ante
3627 2467 3846 2522 labores

2247 2554 2551 2611 mercedem
2584 2554 2788 2622 tribuit,
2838 2556 3128 2612 alacriores
3175 2556 3279 2617 hac.
3314 2556 3520 2612 ratione
3551 2555 3791 2612 efﬁciens
3824 2576 3840 2611 :

2246 2645 2300 2700 id
2337 2646 2478 2716 quod
2527 2646 2582 2701 in
2620 2645 2783 2717 justis
2824 2647 3070 2703 omnibus
3097 2647 3209 2703 lieri
3237 2647 3493 2704 invenies.
3543 2647 3674 2702 Nam
3714 2663 3841 2703 cum

2244 2736 2381 2791 sciat
2401 2734 2816 2792 imbecillitatem
2840 2736 3088 2793 humana:
3114 2745 3338 2805 naturae,
3357 2747 3416 2793 ut
3442 2752 3549 2793 non
3578 2740 3633 2794 in
3656 2737 3843 2795 arduis

2246 2824 2410 2881 homo
2427 2826 2664 2880 animum
2690 2826 3037 2896 despondeat,
3056 2827 3196 2883 inter
3215 2827 3563 2883 laborandum
3588 2828 3659 2884 ita
3679 2843 3843 2885 suum

2244 2915 2501 2974 auxilium
2535 2924 2592 2972 et
2618 2917 3080 2973 remunerationes
3105 2918 3324 2989 praebet,
3370 2926 3428 2974 ut
3451 2927 3509 2975 et
3531 2918 3680 2975 labor
3708 2920 3840 2974 sub-

2245 3009 2473 3074 levetur,
2523 3017 2579 3063 et
2626 3006 2801 3061 fervor
2842 3014 3068 3062 crescat.
3124 3006 3260 3063 Noui
3282 3010 3440 3075 enim,
3465 3008 3657 3078 inquit,
3700 3011 3841 3078 quod

2245 3102 2510 3157 constituet
2535 3100 2657 3167 ﬁliis
2683 3100 2807 3158 suis.
2836 3107 2883 3153 et
2900 3100 3187 3154 custodierit
3204 3099 3318 3155 aias
3348 3099 3556 3155 Domini
3577 3100 3691 3154 Dei.
3718 3100 3839 3155 Non

2245 3192 2417 3247 solum
2443 3191 2512 3247 de
2537 3189 2655 3262 ipso
2677 3188 2938 3260 praedicit,
2952 3187 3249 3254 Constituet,
3276 3191 3369 3247 sed
3390 3189 3533 3247 etde
3555 3190 3674 3245 filiis
3697 3189 3839 3260 ejus,

2242 3282 2537 3339 Cnstodient
2560 3283 2673 3338 vias
2704 3281 2906 3336 Domini
2934 3279 3052 3347 Dei,
3095 3281 3240 3337 Isaac
3264 3292 3320 3337 et
3347 3281 3512 3337 Jacob
3540 3282 3836 3339 insinuans.

2256 3373 2377 3429 Vias
2419 3372 2646 3437 Domini,
2693 3371 2795 3427 hoc
2821 3380 2925 3437 est,
2973 3373 3223 3428 mandata
3247 3382 3304 3429 et
3332 3369 3637 3444 pmcepta.’
3667 3373 3733 3429 Ut
3759 3377 3845 3446 fa-

2245 3466 2402 3531 ciant,
2444 3464 2633 3533 inquit,
2651 3462 2905 3534 judicium
2937 3470 2987 3517 el
3004 3464 3261 3532 justitiam
3292 3480 3307 3518 :
3340 3462 3473 3519 nihil
3509 3462 3845 3533 praeferendo

2244 3555 2479 3626 justitim,
2529 3563 2585 3611 ct
2625 3554 2855 3611 vivendo
2901 3554 3035 3610 citra
3075 3568 3291 3610 omnem
3332 3552 3666 3625 injustitiam.
3712 3553 3845 3610 ll.cc

2247 3650 2394 3705 enim
2432 3648 2670 3704 maxima
2695 3648 2864 3704 virtus
2888 3656 2974 3704 est
2999 3664 3015 3701 :
3045 3658 3327 3718 promeres
3365 3648 3615 3703 evenient
3661 3647 3842 3703 omnia

2248 3754 2370 3810 quas
2409 3739 2664 3811 loquutus
2692 3748 2775 3794 est
2795 3739 2846 3794 ei
2878 3737 3152 3793 Dominus.
3182 3737 3386 3805 Opinor
3409 3745 3589 3792 autem
3615 3747 3668 3791 et
3694 3734 3843 3791 aliud

2248 3830 2505 3901 quiddam
2538 3829 2860 3901 signiﬁcem,
2887 3843 3015 3885 cum
3051 3828 3182 3883 dicit
3211 3845 3223 3880 :
3252 3828 3511 3881 Abraham
3552 3837 3718 3882 autem
3750 3831 3839 3898 [u-

2250 3930 2397 3977 turus
2419 3930 2491 3976 est
2521 3922 2575 3976 in
2613 3929 2812 3991 gentem
2849 3934 3089 3990 magnam
3116 3928 3164 3973 et
3194 3920 3407 3972 multam
3438 3934 3457 3973 :
3481 3920 3631 3989 quasi
3659 3918 3840 3975 dicat:

2248 4012 2330 4069 Tu
2358 4012 2574 4084 quidem
2601 4012 2693 4083 qui
2716 4010 2970 4067 virtutem
2999 4010 3340 4080 amplexaris,
3371 4018 3427 4064 et
3453 4010 3590 4064 meis
3627 4010 3840 4066 obtem-

2252 4120 2409 4177 peras
2438 4105 2737 4176 praeceptis,
2760 4102 3223 4171 obedientiamqne
3246 4116 3355 4171 pne
3385 4110 3437 4156 te
3466 4100 3590 4163 fers,
3628 4100 3680 4155 in
3708 4115 3844 4171 geu-

2254 4208 2363 4255 ιω
2401 4210 2650 4268 magnam
2686 4208 2741 4251 et
2765 4196 2989 4250 multam
3011 4194 3119 4249 eris
3149 4212 3162 4248 :
3191 4194 3337 4263 impii
3362 4201 3539 4247 autem
3567 4192 3643 4247 illi
3671 4192 3846 4249 Sodo-

2253 4302 2465 4342 morum
2525 4286 2800 4356 regionem
2847 4282 3203 4339 inbabitantes
3243 4281 3579 4350 ἀὶεῃοτὶδυιιι
3627 4295 3838 4340 omnes.

2248 4378 2388 4434 Nam
2426 4378 2564 4435 sicut
2605 4378 2776 4431 virtus
2812 4375 3002 4431 salutis
3028 4389 3188 4429 causa
3213 4383 3296 4429 est
3329 4388 3448 4427 eam
3474 4372 3841 4442 operantibus,

2255 4471 2329 4526 ita
2352 4479 2405 4525 et
2429 4470 2627 4525 malitia
2654 4467 2917 4523 interitus.
2947 4465 3117 4521 Porro
3147 4472 3427 4537 postquam
3452 4464 3844 4520 benedictioni-

2255 4563 2356 4618 bus
2382 4572 2436 4617 ct
2464 4560 2708 4617 laudibus
2734 4559 2981 4615 ﬁduciam
2999 4557 3259 4627 majorem
3286 4555 3489 4610 addidit
3512 4556 3679 4625 justo,
3706 4556 3843 4611 inci-

2254 4654 2333 4726 pit
2368 4653 2420 4709 id
2465 4652 2605 4724 quod
2648 4651 2891 4707 dicturus
2935 4658 3071 4714 erat,
3102 4658 3155 4703 et
3180 4648 3252 4701 ait
3278 4664 3291 4701 :
3320 4647 3409 4702 20.
3444 4645 3649 4701 Clamor
3674 4647 3848 4702 Sodo-

2254 4761 2453 4800 morum
2498 4752 2546 4798 et
2590 4741 2890 4798 Gomorrhtz
2926 4740 3287 4809 multiplicatus
3324 4748 3399 4792 est
3439 4738 3578 4809 apud
3621 4755 3735 4804 me,
3796 4748 3845 4793 et

2256 4844 2459 4907 peccata
2482 4848 2655 4887 eorum
2680 4835 2865 4901 magna
2880 4828 3045 4883 ualde.
3067 4829 3157 4883 21.
3177 4827 3303 4883 Cant
3331 4828 3485 4898 igitur
3514 4827 3839 4894 descendere,

2256 4926 2427 4981 uidebo
2448 4934 2619 4979 utrum
2638 4924 2791 4993 juxta
2815 4921 3088 4976 clamorem
3109 4921 3281 4991 ipson:
3292 4940 3357 4983 ιη,
3393 4920 3480 4988 qui
3507 4921 3575 4972 ad
3596 4936 3672 4973 me
3690 4921 3845 4989 venit,

2259 5017 2550 5088 perﬁciunt,
2592 5031 2682 5069 nec
2725 5030 2805 5079 ne,
2859 5023 2914 5066 ut
2960 5013 3137 5067 sciam.
3184 5011 3461 5065 Tcsi'ihiiia
3508 5012 3688 5065 verba.
3729 5010 3851 5065 (Ila-

2257 5124 2389 5175 mor,
2441 5106 2639 5175 inquit,
2690 5104 3030 5177 Sodomorum
3071 5113 3117 5155 et
3159 5100 3471 5157 Gonmrhm.
3503 5101 3756 5169 Quamvis
3796 5112 3852 5155 et

2257 5199 2374 5252 aliae
2421 5197 2664 5251 civitates
2707 5194 2865 5248 simul
2914 5192 3188 5263 perierint,
3240 5193 3331 5245 sed
3371 5196 3490 5260 quia
3520 5192 3601 5245 hic
3636 5191 3850 5247 fuerunt

2260 5292 2543 5353 clariores,
2594 5289 2735 5357 ipsas
2773 5286 2948 5340 solum
2982 5286 3437 5339 commemcmit.
3476 5283 3850 5353 Multipli‘catns

2258 5393 2330 5437 est
2355 5381 2494 5451 apud
2520 5395 2618 5445 me,
2650 5388 2695 5431 et
2724 5372 2929 5445 peccata
2955 5392 3125 5428 eorum
3152 5392 3295 5443 magn
3322 5394 3329 5421 2
3364 5376 3526 5427 valde.
3556 5374 3687 5429 Vide
3712 5392 3848 5445 qun-

2261 5474 2421 5528 modo
2445 5471 2583 5527 mala
2610 5477 3009 5524 coacert'entnr.
3041 5466 3155 5519 Non
3180 5466 3349 5518 solum
3390 5480 3573 5533 magna
3604 5474 3685 5518 est
3716 5467 3852 5519 mul—

2265 5565 2434 5620 titudo
2498 5562 2779 5623 clamOris,
2827 5558 2922 5613 sed
2975 5559 3133 5611 etiam
3165 5556 3455 5625 injustitigc.
3512 5556 3647 5610 Nam
3697 5556 3850 5625 illud,

2264 5656 2466 5709 Clamor
2507 5653 2847 5707 Sodomorum
2892 5659 2936 5702 et
2979 5648 3276 5709 Gomorrhte
3327 5648 3687 5717 multiplicatus
3736 5662 3850 5717 est,

2264 5751 2452 5817 Opinor
2491 5744 2821 5814 signiﬁcare,
2852 5743 2995 5811 ipsos
3026 5755 3147 5793 cum
3187 5740 3519 5794 ineuanabili
3550 5752 3605 5795 et
3641 5743 3855 5797 veniam

2267 5840 2467 5895 nullam
2509 5845 2749 5892 merente
2791 5835 3067 5904 iniquitate
3112 5834 3305 5887 multas
3353 5833 3510 5887 etiam
3568 5836 3855 5905 injustttias
