4060 6432
539 515 612 571 ob
654 498 858 569 tanti!»
900 502 1209 579 patientia!
1249 494 1411 574 atque
1455 497 1835 571 indulgentiam
1865 494 1991 553 :vel
2035 492 2123 564 jn-

539 613 684 658 stum
706 599 923 657 beatum
947 590 1272 668 pratdlcarit,
1294 589 1750 665 tantumditum
1779 584 2005 645 ﬁducia?
2026 582 2121 641 29.

543 691 614 748 Et
657 689 873 764 adjecit,
919 687 1111 760 inquit,
1156 683 1476 755 uttratoqui,
1522 688 1571 739 et
1608 682 1738 737 dixit
1770 697 1790 737 :
1835 680 1898 737 Si
1936 677 2125 735 inventi

541 786 728 854 fuerint
751 782 820 836 ibi
847 775 1229 854 quadrayinta!
1272 773 1340 831 Et
1366 774 1497 830 dixit
1539 788 1560 831 :
1598 772 1719 828 Non
1747 770 1961 845 perdat!
2000 784 2123 840 pra-

541 848 654 948 pter
700 848 1061 947 quadraginta:
1106 848 1243 925 Exin
1285 867 1441 940 Quasi
1483 865 1747 924 reveritus
1795 859 2121 920 ineﬂhbllem

540 968 636 1024 Dei
684 965 988 1038 patientiam
1029 961 1227 1035 justus,
1277 968 1333 1016 et
1374 956 1569 1015 tinens
1591 968 1661 1012 ne
1689 954 1829 1011 forte
1855 950 2123 1025 precando

539 1058 783 1115 videatur
826 1054 1211 1112 transcendere
1237 1051 1478 1118 modum,
1507 1047 1636 1106 dicit
1666 1065 1683 1105 :
1709 1047 1801 1105 ω.
1833 1038 2118 1117 Numquis,

540 1147 779 1216 Domine,
819 1146 867 1201 si
903 1147 1082 1219 imor
1120 1160 1142 1201 :
1190 1132 1253 1200 Si
1294 1140 1485 1198 inventi
1528 1139 1717 1213 fuerint
1754 1136 1826 1193 ibi
1875 1134 2124 1219 triginta?

537 1238 675 1307 Quia
715 1238 963 1309 paratum
999 1235 1203 1292 invenit
1244 1232 1313 1289 a‘d
1351 1228 1773 1288 misericordiam
1794 1270 1810 1294 ,
1868 1240 1975 1282 non
2008 1224 2121 1295 iam

538 1331 793 1402 paulatim
833 1324 1103 1393 diminuit,
1153 1330 1326 1397 neque
1369 1322 1606 1396 quinque
1644 1320 1819 1390 justos
1847 1314 2119 1383 detrahit,

537 1423 631 1480 sed
682 1419 891 1489 decem,
949 1428 1003 1477 et
1051 1419 1132 1476 sic
1170 1415 1341 1474 affert.
1370 1412 1728 1487 patrocinium
1768 1427 1782 1467 :
1830 1408 1894 1466 Si
1936 1410 2123 1464 inuenti

538 1517 724 1589 fuerint
752 1515 863 1571 ittic
881 1513 1088 1585 triginta
1109 1509 1137 1566 2
1160 1506 1231 1566 Et
1256 1508 1385 1565 dicit
1409 1523 1429 1563 :
1450 1504 1573 1562 Non
1593 1504 1826 1577 perdam,
1852 1502 1897 1558 si
1916 1501 2120 1557 irruens-

538 1609 635 1661 rim
660 1607 765 1661 illic
806 1604 1035 1676 triginta.
1077 1598 1459 1658 Animadverte
1485 1596 1683 1669 quanta
1707 1593 1840 1666 justi
1865 1600 2120 1650 constan-

538 1698 609 1752 tia
700 1695 854 1768 quasi
880 1697 995 1766 ipse
1024 1691 1163 1749 foret
1190 1688 1453 1747 obnoxius
1478 1686 1782 1750 sententia,
1806 1684 1878 1740 ita
1913 1684 2124 1753 eripere

539 1786 716 1843 studet
762 1800 796 1841 a
840 1784 996 1856 pana
1028 1776 1423 1839 Sodomitarum
1449 1787 1683 1850 gentem.
1711 1777 1799 1833 Si.
1852 1775 1925 1830 Et
1950 1774 2119 1843 dixit,

538 1876 777 1941 quoniam
802 1880 1008 1945 possunt
1028 1872 1167 1943 loqui
1190 1870 1260 1926 ad
1285 1866 1560 1925 Dominum
1594 1884 1614 1925 :
1639 1866 1702 1924 Si
1724 1866 1911 1923 inventi
1935 1866 2123 1939 fuerint

538 1966 607 2021 ibi
632 1964 849 2037 viginti?
896 1961 968 2018 Et
1009 1961 1138 2017 dixit
1189 1976 1210 2017 :
1252 1958 1374 2016 Non
1419 1960 1628 2031 perdam
1686 1966 1893 2030 propter
1922 1957 2117 2030 viginti.

538 2056 763 2113 Omnem
793 2067 1094 2110 sermonem
1124 2050 1452 2109 transcendit
1493 2059 1548 2109 et
1590 2065 1803 2107 omnem
1843 2050 2123 2122 cogitatio-

538 2159 663 2200 nem
692 2142 901 2199 Domini
926 2142 1153 2199 bonitas.
1184 2142 1315 2212 Quis
1342 2143 1483 2198 enim
1510 2151 1772 2206 nostrum,
1811 2141 1901 2211 qui
1929 2139 1982 2195 in
2010 2154 2125 2195 me-

536 2235 632 2291 dio
670 2232 998 2290 inﬁnitarum
1044 2230 1307 2288 malorum
1351 2246 1649 2298 versamur,
1696 2229 1859 2286 vellet
1902 2228 2122 2286 terendo

537 2324 855 2381 sententiam
884 2330 1072 2381 contra
1099 2322 1373 2393 proximos
1403 2329 1553 2378 tanta
1580 2322 1658 2377 uti
1684 2319 2012 2393 indulgentia
2036 2328 2123 2376 at-

535 2428 643 2485 que
663 2408 942 2469 clementia
957 2413 984 2468 τ

607 2504 663 2559 5.
702 2501 1083 2559 Verumtamen
1105 2503 1283 2573 justus
1311 2502 1401 2557 ille
1438 2500 1626 2557 videns
1650 2499 1863 2557 divitias
1885 2499 2122 2556 clemen-

534 2592 624 2646 tia:
654 2590 768 2659 Dei,
795 2606 902 2646 non
920 2592 1179 2656 subsistit,
1203 2590 1295 2647 sed
1318 2592 1512 2647 iterum
1531 2592 1660 2647 dicit
1682 2610 1696 2647 :
1718 2592 1808 2647 52.
1835 2592 2121 2663 Numquid,

533 2681 756 2737 Domine
777 2722 793 2749 ,
824 2683 868 2736 si
896 2682 1076 2754 loquar
1102 2682 1271 2736 adhuc
1298 2682 1491 2737 semei?
1518 2682 1650 2738 Nam
1694 2683 1815 2754 quia
1843 2682 2124 2739 ineﬂ‘ahilis

538 2782 656 2827 erat
691 2772 993 2837 tolerantia,
1022 2780 1239 2842 propter
1262 2772 1365 2829 hoc
1403 2772 1664 2831 reveritus
1687 2789 1755 2830 ne
1782 2784 1838 2830 et
1879 2775 2121 2845 indigna-

542 2848 741 2919 tionem
765 2862 1023 2918 adversus
1049 2877 1109 2919 se
1124 2871 1363 2919 moveret
1378 2865 1496 2933 ejus
1519 2863 1610 2933 qui
1639 2865 1942 2935 rogabatur,
1970 2865 2120 2922 dicit:

546 2953 835 3026 Numquid,
862 2952 1121 3009 Domine?
1145 2953 1281 3009 Num
1304 2955 1643 3011 temerarium
1668 2957 1915 3027 quiddam
1942 2958 2123 3014 iacio?

541 3042 670 3099 dicit
700 3061 713 3097 :
742 3058 870 3099 num
914 3043 1295 3114 impudentiam
1337 3060 1450 3117 pm
1492 3060 1581 3101 me
1622 3046 1776 3103 iero?
1822 3063 1948 3103 num
1987 3063 2122 3119 Opus

540 3132 987 3189 condemnatione
1017 3132 1233 3203 dignum
1262 3134 1418 3198 facio,
1442 3134 1486 3189 si
1504 3134 1690 3203 loquar
1716 3136 1891 3193 adhuc
1915 3138 2123 3193 semel?

534 3223 642 3277 Pro
663 3238 853 3291 magna
866 3230 919 3277 ct
938 3222 1275 3279 inenarrabili
1289 3224 1523 3280 bonitate
1536 3240 1625 3280 tua
1635 3238 1808 3282 annue
1822 3242 1981 3282 unam
2001 3242 2121 3284 ora-

533 3317 730 3370 tionem
746 3314 971 3384 accipito
990 3330 1019 3369 a
1031 3314 1207 3380 me,Si
1221 3326 1387 3370 autem
1405 3318 1588 3373 inventi
1599 3318 1788 3388 luerim
1805 3318 1912 3374 illic
1926 3319 2123 3376 decem?

529 3404 599 3465 Et
623 3405 754 3459 dixit
772 3420 791 3459 :
822 3403 943 3458 Non
965 3404 1174 3475 perdam
1188 3416 1394 3477 prapter
1412 3408 1602 3462 decem.
1622 3407 1689 3464 Et
1718 3410 1838 3480 quia
1861 3412 2011 3480 prius
2034 3410 2120 3467 di-

530 3499 613 3552 xit
644 3516 658 3552 :
688 3498 869 3553 Adhuc
892 3499 1045 3552 semet
1071 3500 1294 3569 loquar?
1321 3502 1409 3557 55.
1432 3501 1588 3571 Abiit,
1646 3504 1838 3574 inquit,
1870 3503 2119 3560 Dominus

530 3600 795 3659 postquam
813 3600 1090 3645 cessauerat
1110 3592 1245 3663 loqui
1263 3592 1516 3661 Abrahae;
1537 3606 1583 3649 et
1608 3594 1864 3649 Abraham
1893 3613 2120 3653 reversus

528 3690 599 3736 est
619 3684 671 3735 in
706 3681 871 3737 locum
900 3700 1066 3738 suum.
1091 3683 1308 3740 Vidistis
1337 3686 1621 3741 Dominum
1656 3686 1723 3741 ad
1762 3696 1999 3743 nostram
2028 3690 2118 3743 in.

528 3772 831 3827 ﬁrmitatem
860 3789 919 3829 se
951 3773 1347 3832 demittentem?
1385 3776 1591 3834 vidistis
1611 3788 1664 3833 et
1686 3780 1957 3852 justierga
1985 3782 2117 3837 alios

525 3860 812 3917 allectum?
860 3862 1118 3918 didicistis
1160 3874 1357 3935 quanta
1384 3867 1466 3949 vis
1502 3868 1572 3922 sit
1600 3883 1786 3924 eorum
1813 3873 1901 3940 qui
1941 3874 2111 3927 virtu-

504 3961 635 4007 .tcm
661 3955 953 4009 exercent?
977 3954 1032 4010 Si
1059 3956 1202 4011 enim
1234 3954 1437 4013 inventi
1462 3957 1676 4024 fuerint,
1705 3962 1896 4031 inquit,
1927 3963 2112 4019 decem

520 4040 681 4108 justi,
732 4051 951 4112 propter
1001 4044 1125 4100 illos
1159 4046 1406 4103 omnibus
1458 4050 1827 4107 remissionem
1875 4056 2113 4110 concedo

530 4140 897 4201 peccatorum.
929 4133 1043 4188 Non
1069 4134 1207 4193 bene
1234 4137 1494 4204 dicebam,
1516 4140 1631 4196 hare
1651 4144 1829 4197 omnia
1857 4144 1995 4200 facta
2020 4161 2109 4201 es-

527 4238 608 4289 se,
641 4232 701 4279 ut
730 4224 872 4279 nulla
898 4235 1085 4295 postea
1111 4229 1446 4298 relinquatur
1475 4218 1816 4301 impudenter
1845 4234 2109 4304 loquenti-

522 4314 624 4371 bus
648 4316 1044 4373 contradicendi
1072 4321 1320 4375 occasio?
1346 4320 1478 4377 Sunt
1493 4323 1635 4377 enim
1653 4323 1807 4378 multi
1832 4324 2107 4383 insanien-

522 4407 795 4479 tium,qui
841 4408 1035 4465 infreni
1086 4410 1261 4481 lingua
1284 4420 1340 4467 et
1384 4410 1781 4483 reprehendere
1820 4425 1877 4471 et
1924 4416 2105 4475 dicere

478 4516 487 4526 ·
519 4499 719 4555 audent
752 4517 767 4554 :
810 4500 987 4568 Quare
1034 4501 1253 4557 incensa
1294 4512 1418 4558 sunt
1460 4503 1730 4561 Sodoma?
1759 4507 1814 4564 Si
1842 4510 2105 4577 patienter

520 4588 729 4645 tulisset
769 4604 864 4645 eos
914 4591 1200 4658 Dominus,
1253 4592 1388 4649 forte
1430 4597 1801 4665 pcenitentiam
1846 4601 2097 4671 egissent.

522 4680 748 4751 Propter
777 4681 879 4737 hoc
904 4683 1245 4739 ostendittihi
1278 4686 1525 4755 nequitia:
1551 4693 1998 4759 exsuperantiam;
2027 4695 2100 4750 ita

517 4779 577 4826 ut
603 4773 657 4827 in
689 4781 831 4828 tanta
869 4774 1207 4829 multitudine
1255 4785 1397 4830 tanta
1434 4768 1659 4833 virtutis.
1673 4783 1889 4849 penuria
1918 4783 2095 4853 fuerit,

511 4870 576 4918 nt
604 4862 708 4916 alio
732 4863 962 4932 quodam
1004 4864 1206 4920 diluvio
1234 4866 1513 4938 indigeret,
1557 4878 1613 4926 et
1656 4874 1812 4941 quale
1854 4875 2001 4945 prius
2043 4879 2095 4933 in

521 4951 717 5009 mundo
753 4951 870 5007 fuit.
906 4953 1008 5008 Sed
1059 4956 1181 5025 quia
1204 4958 1486 5027 promissio
1506 4959 1601 5015 Dei
1634 4972 1739 5031 est,
1786 4973 1841 5019 ut
1871 4980 1977 5021 non
2018 4970 2098 5025 ul-

518 5050 595 5095 tra
624 5042 729 5097 tale
764 5042 1020 5101 inferatur
1059 5048 1401 5117 supplicium,
1431 5062 1712 5123 propterea
1739 5057 1903 5114 alium
1920 5074 2093 5130 pinna:

513 5133 731 5187 modum
759 5134 1043 5203 excogitat,
1071 5136 1227 5191 simul
1248 5138 1316 5193 de
1340 5141 1443 5197 illis
1469 5158 1653 5212 paruas
1675 5160 1895 5204 sumens
1919 5158 1973 5205 et
1994 5168 2093 5223 po-

513 5224 672 5278 steris
701 5224 950 5279 omnibus
983 5238 1293 5296 perpetuam
1320 5234 1559 5299 praebens
1589 5237 1907 5298 doctrinam.
1947 5244 2093 5313 Quo-

512 5314 655 5368 niam
674 5316 815 5370 enim
836 5325 1038 5372 natura
1058 5318 1200 5388 leges
1227 5322 1616 5395 subverterant,
1664 5341 1718 5387 et
1758 5335 1961 5391 alienos
1986 5339 2061 5393 illi

509 5405 751 5504 citusque
772 5410 1141 5479 excogitarant
1165 5415 1355 5482 coitus,
1381 5418 1579 5476 idcirco
1597 5423 1865 5484 insolitum
1886 5434 2089 5504 suppli-

1249 383 1309 444 8.
1346 382 1624 443 JOANMS
1659 373 2134 439 CIIRYSOSTOII
2171 372 2492 437 Αηαιιειι.
2528 376 3067 439 CONSTANTINOP.

3704 389 3815 450 θος

2231 504 2362 564 gere
2384 491 2570 552 videre
2598 493 2768 564 ipsam
2797 505 2995 553 terram
3014 538 3029 564 ,
3057 504 3115 552 ut
3149 495 3221 552 ita
3248 494 3457 566 theam,
3496 496 3823 558 clamantem

2229 592 2285 641 et
2309 580 2684 643 ostendentem
2712 588 2956 659 supplicii
2973 590 3194 660 vestigia
3210 597 3334 661 post
3358 598 3467 647 tam
3492 590 3694 648 multos
3717 605 3821 649 an-

2228 691 2351 746 nos,
2382 680 2535 749 quasi
2565 679 2681 736 heri
2724 681 2809 737 vel
2849 681 3011 738 hodie
3049 682 3352 752 impressa:
3396 693 3505 739 tam
3536 683 3823 742 manifesta

2227 769 2527 826 ostenditur
2553 771 2868 844 indignatio.
2892 772 3016 830 Ideo
3034 774 3284 844 obsecro,
3302 783 3361 831 ut
3386 775 3547 832 alieni
3573 774 3821 847 supplicii

2226 860 2473 932 exemplo
2503 876 2603 917 nos
2617 862 2957 933 castigentur.

2302 951 2403 1008 Hic
2419 954 2624 1026 impiare
2642 963 2899 1025 peccantes
2912 956 3144 1012 acerbius
3162 956 3498 1027 punienturin
3518 955 3679 1014 altera
3695 958 3828 1027 rite:

2227 1041 2500 1112 proborum
2527 1060 2683 1099 causa
2721 1044 2861 1101 Deus
2890 1047 3137 1117 patienter
3159 1050 3260 1119 fert
3289 1058 3685 1119 peecatores.—
3710 1048 3821 1106 Sed

2226 1132 2363 1189 forte
2403 1134 2599 1191 dixerit
2637 1136 2829 1207 aliquis
2857 1154 2871 1191 :
2903 1137 3044 1207 Quid
3071 1139 3237 1210 ergo?
3263 1154 3360 1195 eur
3385 1139 3461 1194 illi
3496 1154 3685 1211 ponas
3721 1142 3821 1200 de-

2226 1223 2443 1281 derunt?
2464 1217 2647 1283 nonne
2669 1236 2795 1283 sunt
2819 1229 2983 1284 etiam
3003 1242 3145 1286 nunc
3173 1230 3327 1285 multi
3345 1230 3435 1301 qui
3456 1230 3646 1288 eadem
3665 1245 3824 1289 com-

2224 1314 2443 1371 mittunt
2461 1316 2686 1383 scelera,
2720 1331 2895 1387 neque
2923 1327 3100 1374 tamen
3121 1319 3449 1389 puniuntur?
3476 1320 3657 1377 Etiam
3683 1339 3701 1378 :
3724 1322 3823 1379 sed

2225 1405 2331 1462 hoc
2368 1406 2701 1478 potissimum
2728 1409 2992 1481 majorem
3020 1424 3237 1480 poenam
3274 1410 3584 1467 conciliabit
3613 1412 3681 1468 iis
3728 1413 3823 1484 qui

2227 1494 2351 1550 talia
2375 1505 2685 1568 perpetrant
2707 1496 2747 1553 ί.
2767 1497 2994 1568 Quando
3019 1500 3165 1556 enim
3189 1515 3297 1556 non
3321 1502 3645 1572 castigamur
3659 1518 3728 1559 ex
3754 1502 3828 1561 iis

2225 1584 2473 1654 quasillis
2490 1586 2833 1654 acciderunt,
2858 1596 2914 1644 et
2938 1602 3041 1646 nec
3077 1588 3351 1661 quidpiam
3381 1591 3535 1648 nobis
3577 1594 3828 1663 provenit

2224 1673 2359 1730 lucri
2384 1688 2451 1731 ex
2472 1676 2725 1748 patientia
2737 1677 2854 1744 Dei,
2884 1678 3058 1750 cegita
3082 1680 3352 1749 quomodo
3378 1681 3528 1737 illum
3559 1682 3829 1739 inexstin-

2226 1767 2480 1838 guibilem
2505 1769 2684 1840 ignem
2715 1770 3084 1827 vehementius
3107 1771 3511 1843 nobismetipsis
3540 1773 3829 1831 succendi-

2227 1872 2365 1927 mus,
2416 1867 2473 1915 et
2516 1859 2771 1916 acerbum
2814 1876 3054 1918 vermem
3098 1877 3369 1934 paramus.
3414 1863 3823 1935 Verumtamen,

2226 1948 2349 2020 quia
2370 1957 2589 2022 propter
2608 1952 2833 2023 gratiam
2863 1952 2960 2011 Dei
2986 1962 3113 2010 sunt
3151 1964 3210 2010 et
3256 1969 3400 2010 nunc
3428 1955 3581 2010 multi
3624 1956 3829 2015 virtute

2228 2041 2456 2112 prmditi,
2486 2043 2578 2115 qui
2625 2043 2843 2113 placare
2880 2054 3105 2115 possunt
3143 2045 3460 2113 Dominum,
3508 2048 3647 2103 sicut
3696 2057 3828 2107 tunc

2226 2131 2524 2201 patriarcha
2556 2149 2569 2185 :
2603 2134 2810 2189 tametsi
2838 2148 2958 2200 nos,
2989 2149 3113 2190 cum
3143 2150 3246 2191 nos
3272 2137 3419 2207 ipsos
3458 2138 3823 2209 attendimus,

2226 2227 2283 2277 et
2307 2230 2544 2276 nostram
2574 2223 2814 2279 videmus
2839 2224 3121 2293 desidiam,
3152 2234 3403 2297 putamus
3431 2230 3623 2285 miram
3646 2232 3824 2287 virtu-

2230 2312 2297 2367 tis
2318 2312 2599 2369 raritatem
2627 2331 2640 2367 :
2668 2324 2905 2372 attamen
2933 2325 3155 2386 propter
3185 2317 3401 2373 illorum
3433 2318 3709 2387 virtutem,
3734 2335 3826 2377 er-

2226 2418 2293 2477 ga
2314 2405 2447 2460 alios
2474 2406 2615 2462 Deus
2657 2408 2963 2477 patientiam
3002 2407 3239 2465 exhibet.
3272 2407 3343 2464 Et
3367 2417 3425 2464 ut
3457 2412 3599 2468 scias
3635 2411 3825 2470 talium

2228 2498 2505 2555 hominum
2567 2500 2760 2556 ﬁducia
2807 2502 2964 2557 nobis
3003 2500 3096 2557 Dei
3155 2500 3468 2571 patientiam
3517 2503 3821 2575 conciliari,

2227 2588 2349 2642 audi
2386 2604 2454 2644 ex
2506 2590 2607 2645 hac
2652 2591 2766 2661 ipsa
2810 2590 3053 2659 historia,
3085 2592 3213 2661 quid
3256 2592 3401 2649 dicat
3447 2594 3768 2663 patriarcha:
3803 2613 3820 2651 :

2228 2680 2292 2736 Si
2320 2681 2489 2735 decem
2525 2682 2690 2753 justo:
2733 2684 2968 2739 invenero
2991 2725 3006 2749 ,
3040 2700 3142 2738 non
3192 2685 3403 2756 perdam
3437 2687 3707 2743 civitatem.
3754 2688 3824 2747 Et

2227 2770 2353 2841 quid
2382 2771 2503 2827 dico
2529 2771 2714 2828 decem
2740 2774 2952 2843 iustos?
2980 2774 3165 2831 Nullus
3192 2776 3438 2833 inventus
3468 2777 3574 2833 illic
3617 2779 3686 2834 ab
3714 2779 3823 2837 ini-

2228 2862 2429 2931 quitate
2469 2863 2695 2929 alienus,
2727 2865 2831 2921 nisi
2856 2866 3003 2921 solus
3031 2865 3131 2921 Lot
3146 2863 3342 2937 justus,
3373 2877 3427 2922 et
3461 2870 3577 2939 ejus
3599 2870 3720 2927 duas
3750 2869 3821 2928 ii-

2229 2953 2332 3007 liae.
2365 2953 2514 3009 Uxor
2541 2955 2686 3010 enim
2720 2966 2939 3027 propter
2967 2957 3139 3028 ipsum
3181 2958 3319 3015 torte
3348 2973 3565 3028 pmnam
3588 2962 3820 3020 ciritatis

2227 3043 2429 3114 etl'ugit,
2456 3054 2641 3115 postea
2667 3055 3080 3118 tamenpcenam
3095 3048 3241 3104 dedit
3254 3048 3478 3120 ignavia:
3501 3065 3631 3105 suae.
3663 3051 3820 3111 Nunc

2227 3143 2404 3191 autem
2440 3145 2662 3206 propter
2700 3137 3022 3195 ineﬂ'abilem
3052 3140 3149 3196 Dei
3187 3141 3647 3210 misericordiam,
3692 3143 3816 3214 quia

2226 3230 2396 3298 pietas
2428 3229 2817 3286 incrementum
2861 3231 3111 3301 sumpsit,
3158 3228 3499 3290 multi/etiam
3541 3236 3593 3290 in
3623 3236 3819 3295 mediis

2225 3322 2529 3376 civitatibus
2556 3323 2780 3377 latentes
2814 3333 3039 3393 possunt
3079 3324 3290 3393 placare
3318 3325 3505 3390 Deum,
3536 3335 3590 3398 et
3622 3326 3711 3381 alii
3760 3327 3816 3385 in

2226 3413 2495 3467 montibus
2519 3421 2572 3467 et
2591 3413 2877 3483 speluncis,
2908 3428 3304 3486 paucorumque
3334 3416 3501 3471 virtus
3528 3418 3816 3479 multorum

2224 3510 2403 3573 tegere
2420 3504 2561 3558 valet
2578 3504 2857 3559 malitiam.
2882 3504 3043 3559 Multa
3069 3505 3212 3559 enim
3234 3506 3443 3561 Domini
3474 3508 3681 3562 bonitas
3702 3520 3810 3579 est,

2223 3604 2276 3647 et
2302 3610 2443 3664 saepe
2491 3595 2627 3649 solet
2646 3595 2806 3649 etiam
2832 3604 3048 3666 propter
3074 3611 3273 3665 paucos
3304 3597 3486 3652 multis
3510 3598 3637 3654 dare
3663 3599 3813 3654 salu-

2224 3694 2351 3740 tem.
2393 3686 2460 3741 Et
2486 3685 2612 3756 quid
2655 3686 2795 3751 dico,
2850 3698 3069 3758 pr0pter
3112 3702 3313 3757 paucos
3357 3689 3570 3758 justos?
3624 3690 3808 3762 Saepe,

2222 3779 2433 3849 quando
2458 3794 2563 3833 non
2590 3778 2838 3834 inventus
2862 3790 2944 3834 est
2974 3780 3027 3833 in
3058 3781 3309 3849 praesenti
3345 3781 3653 3849 vitajustns,
3686 3795 3812 3852 pro-

2220 3882 2340 3942 pter
2377 3872 2747 3928 defunctorum
2773 3874 3059 3940 virtutem,
3100 3874 3389 3928 viventium
3428 3874 3716 3930 miseretur
3755 3884 3812 3932 et

2218 3979 2399 4019 curam
2428 3964 2589 4020 habet
2614 3980 2629 4015 :
2654 3963 2794 4019 unde
2810 3965 3004 4019 clamat
3022 3964 3207 4019 dicens
3228 3981 3241 4017 :
3264 3962 3537 4036 Protegam
3558 3967 3811 4021 civitatem

2218 4055 2348 4108 lianc
2393 4065 2598 4125 propter
2626 4072 2723 4120 me,
2761 4064 2808 4109 et
2852 4064 3059 4125 propter
3105 4054 3271 4109 Dauid
3301 4072 3514 4125 puerum
3556 4073 3721 4111 meum
3752 4058 3810 4127 (4

2215 4142 2346 4215 Reg.
2376 4144 2464 4199 l9.
2495 4146 2632 4213 54);
2676 4145 2825 4214 quasi
2856 4144 3059 4200 diceret
3089 4162 3103 4197 :
3136 4145 3287 4199 Licet
3326 4146 3423 4215 ipsi
3457 4146 3656 4217 indigni
3700 4148 3810 4204 sint

2215 4235 2303 4305 qui
2329 4244 2630 4299 serventur,
2652 4244 2706 4290 et
2731 4236 2929 4290 nullam
2957 4237 3143 4290 salutis
3169 4234 3403 4291 habeant
3430 4238 3805 4294 occasionem:

2213 4342 2397 4382 verum
2423 4328 2547 4398 quia
2577 4328 2764 4383 solitus
2804 4342 2922 4381 sum
2964 4327 3382 4383 misericorditer
3428 4343 3609 4397 agere,
3650 4337 3707 4384 et
3733 4330 3805 4386 ad

2212 4417 2573 4472 miserandum
2624 4428 2901 4487 promptus
2924 4433 3040 4473 sum
3067 4428 3122 4473 et
3143 4418 3211 4472 ad
3246 4419 3578 4488 eripiendum
3607 4435 3638 4473 e
3662 4420 3806 4476 eata-

2209 4510 2499 4575 mitatibus,
2533 4518 2751 4579 propter
2768 4511 3052 4578 meipsum,
3073 4517 3129 4565 et
3143 4520 3363 4580 prOpter
3381 4526 3605 4581 puerum
3622 4526 3801 4570 meum

2211 4600 2376 4655 David
2408 4610 2682 4671 protegam
2708 4618 2721 4652 :
2746 4610 2799 4656 et
2819 4601 2909 4671 qui
2946 4608 3069 4656 ante
3097 4608 3175 4656 tot
3214 4616 3385 4657 annos
3410 4617 3441 4657 e
3466 4603 3572 4658 vita
3599 4607 3804 4675 migra-

2206 4692 2300 4756 vit,
2336 4691 2424 4746 hlc
2449 4699 2634 4747 auctor
2662 4700 2745 4747 est
2773 4692 2957 4747 salutis
2986 4692 3051 4747 iis
3076 4693 3163 4762 qui
3190 4708 3284 4747 sua
3310 4708 3430 4749 sese
3456 4694 3802 4763 perdiderant

2206 4782 2428 4838 desidia.
2447 4783 2637 4839 Vidisti
2660 4778 2997 4839 dementiam
3025 4784 3260 4851 Domini,
3279 4786 3547 4855 quomodo
3576 4802 3669 4841 eos
3707 4789 3796 4859 qui

2208 4874 2411 4930 virtute
2469 4876 2705 4944 pollent,
2772 4876 2975 4929 honore
3015 4876 3215 4943 afﬁcit,
3256 4878 3550 4947 praponit,
3590 4889 3646 4933 et
3699 4880 3795 4936 toti

2204 4964 2531 5019 multitudini
2552 4965 2881 5035 mquiparat?
2906 4964 3243 5036 Quapropter
3263 4980 3316 5022 et
3340 4966 3534 5023 Paulus
3559 4969 3794 5027 diccbat:

2207 5054 2668 5110 Obambulaeerunt
2688 5057 2741 5109 in
2767 5056 2929 5111 oviltis
2945 5058 3265 5127 caprinisque
3289 5058 3526 5127 pellibus,
3545 5061 3794 5129 destituti,

2204 5149 2382 5217 pressi,
2410 5146 2601 5219 amicti,
2635 5148 2814 5217 quibus
2839 5148 3081 5220 indignus
3102 5158 3208 5203 erat
3231 5150 3448 5204 mundus
3478 5148 3499 5223 (
3523 5150 3679 5205 Hebr.
3703 5153 3794 5209 ii.

2202 5240 2289 5295 57.
2314 5239 2425 5310 38).
2458 5239 2627 5294 Totus
2648 5281 2663 5305 ,
2698 5240 2895 5310 inquit,
2942 5241 3043 5296 iste
3088 5240 3321 5295 mundus
3344 5282 3360 5309 ,
3389 5251 3443 5295 et
3474 5252 3615 5297 totus
3648 5241 3794 5301 orbis

2202 5345 2308 5385 non
2330 5344 2411 5386 eet
2438 5330 2793 5387 conferendus
2823 5333 2888 5387 iis
2917 5331 3007 5403 qui
3052 5333 3106 5387 in
3147 5332 3528 5388 atﬂictionibus
3554 5341 3609 5388 et
3642 5347 3793 5402 pres-

2208 5423 2366 5489 suris,
2397 5431 2451 5477 et
2470 5422 2708 5477 nuditate
2732 5432 2895 5493 agunt
2920 5431 2974 5477 et
3016 5422 3380 5489 obambulant,
3408 5433 3461 5478 et
3497 5422 3550 5478 in
3577 5422 3793 5494 spelun-

509 5495 579 5549 cii
627 5496 845 5589 modum
875 5500 1083 5557 induxit
1124 5516 1345 5576 propter
1391 5508 1605 5569 illorum
1632 5495 2003 5589 iniquitatem;
2033 5537 2089 5583 et
2198 5514 2276 5569 eis
2301 5523 2583 5569 versam“?
2604 5523 2819 5583 [ποριεῖ
2846 5513 3035 5569 θωπί·

511 5593 668 5678 terrae
690 5587 891 5643 viscera
923 5590 1125 5649 inutilia
1155 5596 1402 5666 reddens,
1434 5612 1487 5657 et
1515 5604 1702 5663 relicto
1725 5587 1950 5678 posteris
1972 5630 2086 5670 mo-

2263 5629 2278 5658 ¹
2314 5628 2452 5676 Savil.
2480 5635 2534 5691 et
2555 5635 2763 5691 quatuor
2778 5634 2881 5691 Mss.
2909 5624 3096 5691 :Etiam
3116 5625 3236 5691 {sed
3256 5623 3343 5677 hoc
3368 5625 3666 5691 potissimum
3684 5639 3790 5691 ma-

507 5674 747 5733 ιιιωοηιο
775 5690 1049 5751 perpetuo,
1078 5694 1135 5741 ut
1173 5704 1242 5744 ne
1280 5692 1469 5748 eadem
1496 5674 1739 5767 aggressi
1774 5703 1825 5758 in
1870 5703 2084 5764 easdem
2187 5674 2668 5767 mammam:
2877 5674 3789 5767 eaeeaeaestimes

505 5764 740 5823 incidant
766 5783 969 5842 pinnas.
1003 5774 1341 5845 Licetautcm
1366 5764 1657 5848 volenti—ad
1682 5792 1795 5850 loca
1830 5798 1913 5853 illa
1953 5815 2077 5871 per:

2194 5763 2307 5800 nem
2332 5750 2528 5806 Morelli.
2554 5763 2665 5812 qua:
2688 5751 2859 5801 melior
2883 5750 3091 5812 videtur.
3118 5750 3414 5812 retinemus;
3438 5750 3529 5801 sub
3553 5750 3655 5801 haec
3676 5763 3784 5801 ma-

2195 5825 2291 5874 gna
2316 5810 2599 5863 observatur
2628 5814 2675 5861 in
2697 5819 2801 5861 Mss.
2831 5820 2884 5863 et
2900 5810 3024 5875 apud
3044 5811 3183 5862 savii.
3210 5813 3437 5862 varietas.
