4060 6456
346 534 404 591 6.
444 530 631 606 Igitur,
649 529 866 601 dilecte,
888 529 1104 603 quando
1119 528 1318 588 videris
1339 529 1516 584 virum
1538 525 1630 582 vili
1653 531 1882 582 externo

277 623 466 681 habitu
504 623 780 693 vestitum,
831 624 1032 680 virtute
1061 635 1194 679 vero
1222 619 1554 676 intrinsecus
1599 616 1880 682 amictum,

273 731 344 774 ne
363 713 512 774 hunc
535 715 879 787 vilipenderis
917 720 1138 787 propter
1183 711 1240 769 id
1287 709 1437 783 quod
1479 714 1704 780 apparet
1738 723 1753 761 :
1784 704 1882 762 sed

273 812 471 866 anima:
523 809 740 867 divitias
766 808 935 875 disce,
972 816 1028 864 et
1052 808 1320 864 internum
1375 803 1628 876 gloriam,
1669 810 1726 855 et
1753 807 1883 854 tunc

275 901 484 957 videbis
501 901 740 971 undique
772 899 1062 970 fulgentem
1080 898 1364 953 virtutem.
1385 893 1530 950 Talis
1551 899 1673 949 erat
1692 891 1882 946 beatus

273 993 444 1061 Elias,
470 993 563 1064 qui
603 991 858 1048 melotem
892 999 1099 1046 tantum
1139 988 1356 1053 habuit;
1411 994 1468 1042 et
1507 983 1600 1055 qui
1641 995 1878 1054 purpura

272 1083 505 1139 vestitus
542 1089 659 1136 erat
685 1080 891 1147 Achab,
925 1079 1071 1135 illius
1099 1077 1299 1134 melote
1339 1073 1634 1144 indigebat.
1685 1069 1880 1127 Vidisti

272 1170 479 1229 Acbabi
509 1169 766 1241 inopiam,
799 1170 931 1227 Elia
972 1177 1153 1225 autem
1169 1166 1420 1223 divitias?
1464 1164 1600 1219 Vide
1624 1171 1680 1219 et
1704 1176 1878 1232 quan-

273 1270 387 1318 tum
414 1269 682 1332 potestate
723 1261 944 1318 distent.
995 1259 1194 1316 Melete
1236 1257 1397 1328 hujus
1424 1255 1618 1312 cmlum
1661 1252 1875 1318 clausit,

270 1349 578 1424 pluviarum
634 1350 958 1407 descensum
1015 1348 1276 1414 inhibuit;
1340 1347 1522 1418 lingua
1598 1342 1877 1417 propheta

271 1441 490 1500 frenum
530 1443 631 1500 fuit
685 1445 840 1512 culo,
867 1443 1135 1515 annisque
1178 1442 1351 1498 tribus
1374 1448 1432 1496 et
1459 1453 1575 1513 sesi
1598 1435 1879 1493 mensibus

271 1533 453 1604 pluvia
483 1547 592 1588 non
613 1531 712 1589 luit
730 1551 752 1589 .:
781 1534 872 1590 ille
899 1542 1104 1601 autem,
1149 1545 1385 1603 purpura
1404 1531 1635 1585 amictus
1657 1537 1716 1584 et
1755 1526 1877 1582 dia-

269 1625 485 1682 demate
512 1625 816 1695 redimitus,
854 1625 1176 1682 circumibat
1209 1637 1464 1695 quarens
1511 1620 1830 1692 prophetam
1854 1657 1874 1686 ,

269 1725 329 1774 et
379 1715 515 1772 nihil
555 1717 690 1772 lucri
718 1732 786 1773 ex
826 1726 972 1772 tanta
1009 1725 1272 1788 potestate
1301 1713 1553 1770 habebat.
1603 1711 1875 1776 Caeterum

269 1806 395 1865 vide
425 1809 636 1865 Domini
655 1809 1016 1865 clementiam.
1045 1807 1179 1876 Quia
1203 1805 1335 1862 vidit
1358 1803 1677 1875 prophetam
1707 1801 1877 1858 multo

268 1898 387 1957 seio
402 1909 458 1957 et
477 1899 688 1957 fervore
716 1900 942 1970 moveri,
963 1908 1019 1955 et
1034 1911 1278 1969 magnam
1301 1897 1439 1952 hanc
1464 1909 1679 1967 prunam
1692 1891 1878 1950 inferri

268 2000 458 2048 contra
486 1999 654 2046 totam
683 1999 903 2058 terram,
923 2005 991 2046 ne
1017 1997 1074 2045 et
1118 1987 1234 2059 ipse
1258 1987 1420 2042 simul
1469 1986 1526 2041 in
1554 1981 1877 2055 supplicium

268 2081 534 2140 incideret
556 2097 680 2137 cum
737 2081 865 2150 illis,
911 2089 967 2137 ct
997 2094 1185 2137 eorum
1207 2078 1457 2150 nequitia:
1487 2089 1675 2147 prunas
1698 2072 1876 2140 daret,

267 2172 400 2232 dicit
424 2173 476 2232 ei
501 2188 518 2228 :
545 2173 735 2246 Surge,
758 2182 808 2229 et
844 2172 974 2229 uade
1015 2173 1070 2227 in
1108 2171 1333 2242 Sat-epla
1374 2167 1728 2225 Sidoniorum.
1755 2162 1878 2220 Illic

268 2265 404 2322 cuius
433 2267 730 2338 prccipiant
755 2262 961 2320 mulieri
973 2263 1158 2328 vidua,
1181 2272 1235 2316 ut
1252 2271 1301 2316 te
1321 2267 1518 2332 pascat.
1541 2257 1608 2313 Et
1632 2257 1874 2328 surrcuit,

269 2356 450 2416 rtebiit
463 2359 546 2430 (δ.
565 2357 691 2430 Reg.
713 2358 799 2413 i7.
815 2353 1375 2429 9.!0).VideSpiritus
1395 2351 1642 2425 gratiam,
1659 2349 1875 2404 dilecm.

269 2447 484 2508 Etenim
508 2457 565 2506 ct
593 2448 711 2506 heri
726 2447 884 2506 nobis
912 2456 1056 2505 totus
1083 2461 1267 2504 sermo
1291 2445 1436 2502 circa
1454 2439 1875 2515 hospitalitatem

269 2540 576 2613 insumptus
601 2549 705 2608 est,
744 2550 800 2597 et
824 2539 986 2597 hodie
1024 2539 1305 2611 hospitalis
1331 2536 1435 2593 ista
1462 2535 1622 2592 vidua
1653 2531 1732 2606 (α)
1756 2546 1879 2589 ser-

269 2647 486 2692 monem
539 2643 782 2691 nostrum
811 2633 1122 2705 complebit.
1157 2631 1228 2687 Et
1255 2632 1413 2700 venit,
1461 2630 1666 2701 inquit,
1695 2627 1768 2683 ad
1800 2627 1879 2682 oi-

267 2725 449 2795 duatu,
471 2738 520 2782 et
547 2727 734 2782 invenit
771 2743 884 2781 εαιιι
901 2726 1224 2799 colligentem
1246 2725 1408 2797 ligna,
1435 2732 1484 2778 et
1515 2721 1642 2777 dicit
1667 2722 1716 2776 ei
1741 2736 1762 2774 :
1793 2718 1880 2776 Da

268 2817 396 2874 utilti
433 2833 617 2890 parum
635 2832 804 2887 aqua,
832 2827 880 2873 et
910 2818 1095 2872 bibam.
1127 2817 1235 2892 Illa
1268 2813 1528 2871 obedivit.
1562 2813 1630 2870 Et
1655 2813 1788 2868 diuit
1807 2811 1878 2867 ad

269 2922 382 2968 eam
399 2910 586 2967 iterum
609 2927 627 2965 :
647 2909 758 2966 Fac
774 2911 900 2966 milii
946 2910 1309 2966 subcinericios
1348 2924 1526 2981 panes,
1547 2916 1594 2964 et
1615 2906 1879 2963 comedam

269 3001 450 3076 (Ibid.
476 3019 527 3059 v.
578 3002 700 3077 ιι).
757 3003 847 3059 Illa
893 3017 1021 3059 vero
1063 3011 1248 3073 postea
1291 3000 1493 3072 detegit
1535 2998 1878 3055 immodicam

268 3102 751 3167 stramegcstatem,
771 3093 880 3150 imo
894 3092 1282 3150 inenarrabiles
1293 3088 1720 3159 divitiasjiagna
1732 3091 1878 3144 enim

270 3193 558 3257 paupertas
585 3184 789 3241 indicat
816 3183 1127 3240 divitiarum
1164 3183 1307 3240 illius
1331 3179 1775 3254 magnitudinem.
1809 3179 1880 3236 Et

269 3276 402 3335 dicit
426 3293 443 3332 :
473 3276 598 3333 Non
632 3287 709 3333 est
746 3277 950 3333 ancilla!
974 3286 1077 3333 tua:
1099 3277 1199 3332 nisi
1240 3277 1465 3350 pugillus
1486 3275 1692 3346 rm,
1714 3284 1761 3331 et
1782 3291 1880 3348 pa-

269 3385 387 3425 runt
404 3369 505 3427 olei
527 3369 581 3424 in
606 3369 877 3440 ampliora,
904 3377 952 3424 et
978 3369 1299 3424 comedentus
1325 3383 1420 3440 ego
1440 3378 1488 3423 et
1518 3369 1750 3439 pueri,“
1765 3384 1880 3424 mo.

270 3461 463 3517 rietuur
494 3459 659 3532 (Ibid.
701 3475 753 3515 υ.
785 3459 900 3533 η).
941 3459 1264 3517 Iliserahilia
1297 3459 1462 3516 verba
1485 3500 1500 3525 ,
1540 3474 1663 3530 quae
1706 3459 1880 3531 ipsam

271 3553 536 3627 lapideam
569 3555 804 3612 animam
856 3552 1133 3611 inﬂectere
1160 3564 1401 3626 possent.
1453 3552 1608 3610 Nulla
1654 3553 1882 3625 posthac

271 3644 430 3703 nobis
465 3659 593 3719 spes
637 3645 844 3702 salutis.
875 3644 1021 3702 bIors
1050 3645 1104 3701 in
1145 3643 1355 3702 foribus
1391 3653 1496 3702 est.
1547 3644 1664 3702 Hoc
1703 3647 1880 3703 solum

247 3727 431 3799 nobis
456 3739 707 3799 relictum
754 3750 840 3799 est
867 3741 937 3798 ad
968 3741 1154 3810 vitam,
1185 3741 1329 3815 quod
1354 3743 1445 3799 vix
1485 3741 1722 3800 sufﬁciet
1746 3742 1881 3800 mihi

272 3841 330 3890 et
353 3833 612 3906 puerulis.
636 3831 694 3889 Id
714 3831 861 3904 quod
875 3841 994 3890 erat
1018 3834 1073 3889 in
1099 3833 1219 3890 mea
1245 3841 1512 3908 potestate
1533 3834 1656 3900 feci;
1683 3849 1880 3906 aquam

270 3926 688 3984 communicavi.
719 3925 920 3984 Verum
962 3934 1023 3983 ut
1049 3925 1320 3984 discamus
1346 3936 1402 3983 et
1429 3925 1671 3992 mulieris
1691 3926 1881 3999 hospi-

273 4020 556 4090 talitatem,
588 4027 646 4078 et
665 4020 796 4092 justi
824 4034 1078 4092 magnam
1120 4017 1408 4089 ﬁduciam,
1435 4019 1563 4078 vide
1598 4019 1727 4093 quid
1763 4019 1877 4076 tiat.

274 4111 378 4172 libi
405 4113 670 4186 propheta
713 4112 1000 4186 diligenter
1033 4111 1150 4170 hoc
1176 4111 1357 4169 omnia
1377 4111 1584 4181 didicit,
1631 4122 1690 4170 ut
1730 4113 1883 4170 dete-

273 4212 429 4278 geret
448 4205 606 4263 nobis
629 4205 882 4262 virtutem
911 4204 1152 4264 mulieris
1174 4205 1321 4281 (nam
1353 4205 1495 4263 Deus
1523 4205 1616 4278 qui
1640 4205 1878 4263 dixerat:

277 4293 515 4368 Pracepi
536 4295 764 4365 mulieri,
783 4305 839 4351 ut
860 4305 910 4352 te
932 4305 1110 4369 pascat
1131 4294 1296 4370 (Ibid.
1315 4311 1366 4353 υ.
1397 4297 1482 4369 9),
1514 4296 1630 4368 ipse
1647 4305 1766 4353 erat
1788 4297 1883 4368 qui

275 4395 405 4444 tunc
445 4401 548 4458 per
574 4385 892 4459 prophetam
913 4388 1238 4459 Operabatur
1255 4393 1298 4460 ),
1327 4387 1458 4444 dicit
1479 4387 1531 4445 ei
1559 4401 1574 4443 :
1608 4385 1721 4442 Fac
1753 4387 1884 4442 mihi

275 4480 520 4552 primum,
547 4489 597 4534 et
613 4479 898 4549 comedam,
925 4489 973 4536 et
992 4489 1113 4536 tunc
1134 4480 1259 4551 ﬁliis
1281 4481 1402 4536 tuis.
1427 4480 1646 4546 Audite.
1683 4481 1881 4538 mulie-

276 4585 386 4638 res,
412 4583 534 4642 qua
558 4568 760 4627 divitiis
786 4569 1031 4640 amuitis,
1062 4579 1118 4627 et
1141 4572 1197 4628 in
1227 4571 1396 4627 multa
1433 4573 1643 4629 inutilia
1672 4583 1883 4632 vestras

275 4659 562 4718 facultates
591 4662 883 4729 insumitis,
910 4676 976 4718 ac
1011 4672 1134 4734 post
1181 4663 1268 4718 illa
1298 4665 1478 4721 omnia
1522 4664 1660 4722 duos
1693 4665 1886 4723 obolos

275 4751 661 4826 indigentibus,
684 4753 770 4810 vel
785 4754 902 4810 viro
926 4755 1159 4827 cuipiam
1181 4756 1383 4814 virtute
1409 4757 1636 4829 praedito
1662 4769 1887 4832 propter

281 4842 450 4902 Deum
471 4859 665 4917 egeno,
698 4846 1012 4918 impendere
1054 4862 1164 4904 non
1190 4849 1373 4906 vultis.
1405 4849 1511 4906 ista
1539 4859 1722 4909 autem
1747 4854 1886 4910 nihil

277 4933 472 4993 horum
490 4937 793 5008 possidens,
817 4940 915 4996 sed
939 4948 1142 4996 tantum
1166 4942 1424 5014 pugillum
1439 4941 1650 5012 farinae,
1676 4956 1727 5002 et
1754 4961 1888 5018 pau-

277 5026 333 5085 lo
370 5039 496 5102 post
534 5031 829 5088 secundum
859 5049 1013 5089 suam
1038 5026 1349 5106 opinionem
1381 5035 1612 5094 ﬁliorum
1653 5049 1887 5096 mortem

279 5132 606 5195 spectatura,
639 5134 698 5180 ut
720 5126 927 5182 audivit
945 5143 978 5184 a
1007 5127 1270 5200 propheta
1300 5147 1315 5184 :
1347 5128 1461 5184 Fac
1485 5132 1612 5186 mihi
1635 5133 1883 5203 primum,

279 5225 328 5272 et
353 5225 474 5272 tunc
505 5217 596 5272 tibi
623 5225 671 5272 et
701 5217 927 5288 puerulis
956 5221 1058 5275 tuis
1084 5238 1105 5275 :
1131 5237 1242 5278 non
1269 5237 1414 5294 aegre
1439 5224 1579 5291 tulit,
1611 5239 1720 5280 non
1749 5240 1885 5283 cun-

279 5317 422 5364 ctata
464 5318 571 5374 est,
622 5308 718 5366 sed
758 5308 1170 5382 fecitimperata
1197 5331 1214 5368 :
1243 5314 1500 5372 erudiens
1533 5331 1726 5373 omnes
1765 5332 1887 5386 nos,

282 5398 653 5472 praeferendos
673 5411 872 5459 nostra:
900 5401 1279 5461 reiecillationi
1307 5420 1497 5462 servos
1528 5408 1623 5464 Dei
1656 5425 1672 5463 :
1700 5416 1887 5465 etnon

284 5499 491 5550 temere
512 5493 636 5548 talia
655 5494 801 5550 lucra
819 5495 1212 5566 prmiereunda,
1226 5495 1325 5554 sed
1345 5499 1728 5556 attendendum
1740 5499 1888 5555 mul-

285 5595 394 5642 tam
422 5585 550 5644 hinc
573 5587 732 5644 nobis
761 5587 993 5644 futuram
1035 5603 1158 5646 esse
1194 5589 1524 5646 mercedem.
1558 5589 1695 5649 Vide
1725 5591 1889 5664 igitur

347 5741 425 5808 (ιι)
457 5752 587 5796 Hanc
608 5751 933 5814 Sareptauam
955 5743 1667 5814 viduam_pluribtis__ceiehrat_
1686 5748 1888 5814 chryso-

283 5807 1292 5922 m'romom'suprainuomﬂiade
1321 5808 1460 5864 Helia
1499 5816 1552 5863 et
1591 5807 1891 5867 viduaéircv

1280 427 1349 489 I3
1383 425 1543 487 CAP.
1584 423 1775 486 XVIII.
1813 422 2067 484 GENES.
2109 423 2348 484 ιισιιιι..
2390 423 2557 485 χιιι.

1990 520 2132 578 hanc
2161 520 2410 590 viduam,
2452 536 2554 594 pro
2589 519 2790 595 pugillo
2809 519 3033 592 Iarba,
3087 529 3156 582 et
3193 523 3433 596 pauxillo
3477 515 3604 586 oleo

1988 609 2262 683 quomodo
2283 620 2605 685 perpetuum
2640 611 2897 669 horreum
2944 613 3050 671 sibi
3078 618 3476 686 comparaverit
3526 619 3600 691 (8

1986 704 2121 777 Reg.
2151 704 2243 760 l7.
2267 705 2379 776 ιι).
2404 704 2540 762 Nam
2565 715 2852 778 postquam
2877 708 3022 778 pavit
3049 709 3402 781 prophetam,
3423 727 3603 785 neque

1988 795 2218 866 pugillus
2244 794 2431 852 farinae
2455 796 2674 862 deiecit,
2708 813 2887 870 neque
2913 798 3175 871 amphora
3217 801 3348 869 olei,
3370 818 3495 859 cum
3516 805 3602 860 in-

1989 887 2146 942 terim
2171 885 2314 942 fame
2345 898 2486 942 terra
2523 888 2701 944 omnis
2732 900 3166 949 consumeretur.
3199 892 3298 949 Est
3323 903 3504 951 autem
3543 908 3602 953 et

1987 975 2092 1033 hoc
2117 977 2433 1034 admirabile
2465 987 2522 1034 et
2558 979 2884 1050 stupendum
2930 995 3052 1038 eam
3101 997 3277 1055 neque
3321 984 3602 1044 laboribus

1984 1075 2171 1136 postea
2199 1082 2336 1138 Opus
2361 1068 2648 1135 habuisse,
2680 1070 2776 1126 sed
2813 1078 3060 1141 paratum
3117 1082 3382 1145 perpetuo
3431 1076 3602 1134 fuisse

1983 1156 2212 1213 farinam
2267 1168 2322 1215 et
2363 1159 2566 1230 oleum,
2603 1170 2659 1216 et
2701 1176 2877 1234 neque
2909 1163 3238 1236 agricultura
3281 1166 3599 1240 indiguisse,

1984 1263 2164 1318 neque
2209 1249 2375 1306 boum
2424 1251 2848 1322 cooperatione,
2903 1269 3082 1326 neque
3130 1257 3239 1313 ulla
3285 1259 3394 1314 alia
3429 1273 3597 1327 cura;

1983 1340 2081 1396 sed
2106 1341 2289 1398 videre
2318 1351 2437 1399 erat
2483 1345 2665 1400 omnia
2698 1355 2894 1415 prteter
2947 1357 3200 1405 naturam
3243 1351 3484 1409 evenire.
3527 1353 3600 1414 Bt

1982 1446 2106 1487 cum
2153 1448 2272 1501 rex,
2302 1435 2394 1505 qui
2432 1450 2688 1492 coronam
2715 1439 2890 1508 capite
2914 1439 3181 1509 gestabat,
3208 1442 3403 1499 anxius
3427 1453 3598 1517 esset,

1982 1531 2040 1576 et
2087 1521 2231 1579 fame
2270 1523 2580 1592 laboraret,
2627 1525 2784 1599 inope:
2822 1527 2981 1584 vidua
3020 1530 3275 1586 euntibus
3314 1533 3596 1604 destituta,

1981 1611 2106 1682 quia
2131 1614 2447 1682 prophetam
2465 1627 2800 1686 susceperat,
2828 1619 2883 1672 iu
2913 1628 3226 1690 perpetuam
3248 1624 3395 1680 venit
3421 1624 3600 1682 abun-

1982 1700 2241 1757 dantiam.
2272 1703 2564 1775 Propterea
2593 1706 2918 1763 etChristus
2931 1707 3190 1766 dicebat:
3222 1711 3327 1780 Qui
3352 1729 3591 1786 suscepco

1980 1793 2048 1846 rit
2085 1795 2387 1864 prophetam
2431 1795 2486 1849 in
2527 1798 2732 1852 nomine
2749 1797 3038 1868 prophetat,
3061 1803 3343 1858 mrtem
3369 1807 3601 1876 prophe-

1983 1893 2050 1940 ta
2075 1887 2285 1958 recipiet
2315 1885 2534 1960 (Matth.
2567 1882 2993 1955 i0.il).Vidisti
3005 1887 3122 1947 beri
3136 1892 3268 1963 quid
3285 1897 3593 1964 patriarcha

1981 1979 2242 2037 meruerit
2265 1979 2418 2052 larga
2441 1995 2544 2040 sua
2572 1979 2942 2054 hospitalitate
2995 1991 3052 2037 et
3066 1979 3270 2038 fervida
3291 1982 3594 2043 alacritate:

1981 2064 2105 2122 vide
2127 2074 2183 2121 et
2212 2081 2356 2123 nunc
2385 2068 2525 2123 hanc
2552 2066 2832 2126 Sidoniam
2862 2081 3089 2142 repente
3109 2073 3356 2145 ingentes
3379 2075 3598 2135 divitias

1981 2158 2368 2228 possidentem.
2390 2159 2595 2233 Lingua
2611 2145 2755 2218 enim
2772 2164 3053 2237 propheta:
3071 2181 3192 2236 qua:
3207 2168 3328 2222 cali
3356 2167 3598 2229 habenas

1980 2250 2383 2320 moderabatur,
2411 2252 2539 2310 fecit
2564 2263 2624 2310 ut
2646 2253 2838 2313 farina:
2857 2256 3091 2330 pugilius
3114 2268 3172 2316 et
3194 2259 3302 2318 olei
3327 2261 3593 2336 amphora

1977 2340 2178 2412 jugiter
2228 2345 2571 2402 scaturirent.

2054 2437 2110 2492 7.
2151 2436 2376 2494 Herulis
2404 2440 2787 2498 exhortatio.—
2808 2441 2961 2499 lianc
3008 2459 3202 2502 omnes
3235 2446 3520 2506 imitentur
3538 2457 3599 2508 ct

1980 2530 2082 2587 viri
2109 2538 2167 2586 et
2187 2531 2464 2588 mulieres.
2494 2531 2611 2604 Ego
2629 2535 2848 2604 quidem
2875 2536 3070 2593 vellem
3100 2551 3198 2596 vos
3218 2541 3286 2595 ad
3314 2541 3597 2613 propheta

1980 2621 2178 2690 selum,
2205 2634 2262 2680 et
2281 2621 2350 2678 ad
2375 2622 2495 2694 ejus
2521 2623 2736 2680 virtutis
2759 2625 3116 2684 imitationem
3144 2628 3417 2687 deducere
3446 2646 3463 2684 :
3494 2632 3596 2690 sed

1980 2718 2104 2787 quia
2127 2715 2231 2773 hoc
2249 2732 2542 2775 onerosum
2587 2718 2742 2777 vobis
2793 2719 3009 2777 videtur
3051 2736 3196 2789 esse,
3246 2725 3497 2796 quamvis
3537 2735 3599 2784 et

1980 2810 2074 2867 ille
2101 2808 2266 2867 homo
2293 2819 2432 2879 erat,
2460 2826 2792 2886 carnemque
2834 2815 2977 2872 sicut
3009 2828 3111 2873 nos
3152 2816 3595 2889 circumferebat,

1982 2911 2037 2959 et
2059 2902 2305 2959 eamdem
2328 2918 2490 2975 quam
2531 2919 2633 2961 nos
2673 2904 2905 2962 habebat
2930 2915 3179 2973 naturam
3211 2928 3228 2967 :
3255 2925 3443 2967 verum
3469 2912 3596 2982 quia

1981 3009 2102 3066 qua:
2128 3009 2224 3051 sua
2243 3005 2402 3054 erant
2424 2997 2648 3070 largiter
2661 3000 2861 3070 attulit,
2888 3011 3052 3074 atque
3101 3003 3354 3062 virtutem
3380 3005 3596 3076 ample-

1983 3095 2140 3142 xatus
2166 3097 2272 3157 est,
2303 3104 2596 3160 supernam
2627 3107 2840 3163 quoque
2862 3094 3090 3165 gratiam
3116 3107 3440 3169 assequutus
3468 3107 3593 3168 est;

1982 3188 2239 3237 cznterum
2264 3181 2481 3239 interim
2523 3198 2626 3240 nos
2657 3169 2757 3240 vel.
2781 3185 3070 3243 mulierem
3122 3189 3264 3246 hanc
3296 3190 3595 3260 imitemur,

1982 3280 2039 3327 et
2061 3272 2142 3328 sic
2162 3273 2420 3344 paulatim
2449 3263 2518 3332 eo
2545 3275 2846 3346 veniemus,
2887 3280 3132 3336 utetiam
3160 3281 3442 3353 propheta:
3468 3282 3579 3341 imi~

1983 3372 2188 3420 tutores
2206 3365 2392 3422 simus.
2427 3365 2772 3424 Emulemur
2801 3370 2982 3442 itaque
3006 3371 3126 3442 ejus
3150 3372 3595 3444 hospitalitatem,

1983 3466 2050 3514 et‘
2084 3458 2265 3517 nullus
2301 3459 2528 3532 pesthae
2558 3462 2794 3542 inopiam
2823 3473 3105 3534 praetexat.
3129 3465 3264 3522 Nam
3302 3477 3599 3539 quantum-

1982 3551 2067 3608 vis
2088 3551 2252 3624 -inops
2280 3554 2353 3610 sit
2397 3554 2612 3626 aliquis,
2647 3570 2756 3612 non
2801 3559 2906 3612 erit
2944 3555 3046 3613 hac
3093 3559 3363 3630 egentior,
3386 3561 3475 3619 cui
3526 3560 3598 3619 ad

1985 3656 2152 3698 unum
2185 3652 2392 3699 tantum
2435 3644 2579 3701 diem
2631 3654 2750 3701 erat
2797 3645 3158 3706 alimentum:
3190 3659 3246 3706 et
3293 3665 3473 3723 neque
3518 3651 3602 3710 sic

1983 3731 2085 3789 fuit
2109 3734 2328 3805 segnior
2353 3736 2420 3791 ad
2447 3735 2761 3806 petitionem
2793 3738 3096 3810 propheta,
3138 3741 3234 3798 sed
3263 3757 3457 3814 magna
3480 3743 3600 3800 ala-

1984 3827 2181 3884 critate
2203 3827 2253 3884 ei
2282 3829 2479 3898 paruit,
2531 3837 2587 3887 et
2615 3831 2923 3889 mercedem
2959 3833 3204 3905 protinus
3241 3837 3467 3908 recepit.
3493 3836 3603 3894 Ta-

1985 3919 2056 3977 Iia
2084 3921 2232 3976 enim
2253 3930 2401 3989 sunt,
2441 3938 2561 3994 qua:
2585 3937 2617 3979 a
2664 3923 2775 3980 Deo
2804 3924 2959 3982 tium.
3005 3924 3122 3984 hius
3151 3927 3200 3984 ei
3227 3927 3361 3986 dare
3404 3944 3600 4004 magna

1986 4026 2087 4083 pro
2107 4013 2307 4084 parvis.
2334 4013 2474 4083 Quid
2497 4015 2665 4084 enim,
2693 4015 2806 4086 dic,
2827 4032 2948 4087 oro,
2973 4027 3177 4076 tantum
3199 4022 3396 4092 attulit,
3420 4038 3597 4095 quau-

1987 4112 2101 4160 tum
2140 4103 2400 4176 accepit?
2456 4105 2656 4163 Verum
2715 4109 2980 4167 Dominus
3019 4119 3207 4168 noster
3250 4127 3357 4169 non
3400 4124 3603 4186 quanta

1985 4195 2185 4254 dentur
2227 4199 2510 4256 consuevit
2548 4200 2851 4271 attendere,
2901 4202 2998 4260 sed
3049 4204 3344 4263 voluntatis
3383 4206 3606 4280 largita-

1988 4298 2134 4356 tem;
2179 4300 2236 4346 et
2283 4290 2355 4347 ab
2399 4290 2504 4348 hac
2527 4308 2650 4364 qua:
2678 4307 2841 4366 parva
2884 4305 3013 4353 sunt
3035 4313 3230 4370 magna
3273 4299 3601 4369 redduntur,

1986 4389 2043 4438 et
2067 4371 2260 4454 magna
2299 4396 2448 4453 saepe
2497 4383 2624 4440 vilia
2652 4384 2993 4454 emciuntur,
3046 4390 3265 4460 quando
3306 4406 3414 4448 non
3440 4391 3602 4450 hilari

1987 4483 2172 4541 animo
2206 4500 2330 4557 qua
2376 4485 2513 4543 iiunt
2566 4497 2914 4560 peraguntur.
2969 4488 3272 4561 Eapropter
3299 4491 3460 4548 vidua
3511 4491 3604 4548 illa

1988 4576 2323 4649 evangelica,
2345 4578 2532 4635 multis
2570 4579 2739 4636 multa
2790 4580 2845 4636 in
2873 4581 3317 4655 gazOphyIacium
3343 4584 3608 4642 mittenti-

1989 4670 2112 4735 bus,
2166 4669 2422 4744 projectis
2467 4671 2684 4730 duobus
2710 4674 2933 4731 minutis
2957 4689 3148 4732 omnes
3170 4675 3299 4731 vicit
3325 4675 3481 4747 (Luc.
3507 4676 3601 4735 ει.

1989 4762 2045 4820 3.
2072 4763 2150 4834 ι),
2181 4779 2290 4820 non
2319 4763 2465 4836 quod
2511 4764 2797 4822 immiserit
2823 4767 2975 4838 plura
2995 4768 3138 4836 aliis,
3167 4769 3264 4826 sed
3294 4770 3440 4842 quod
3467 4770 3605 4828 libe-

1989 4855 2246 4912 raliorem
2293 4856 2628 4913 voluntatem
2676 4859 2999 4916 ostenderit.
3031 4861 3140 4917 Alii
3184 4862 3363 4928 enim,
3410 4863 3603 4936 inquit,

1990 4963 2062 5004 ex
2107 4964 2175 5005 eo
2201 4948 2344 5021 quod
2379 4950 2484 5006 sibi
2527 4951 2838 5008 abundabat
2867 4954 3267 5028 eleemosynam
3288 4957 3607 5030 erogabant,

1992 5039 2094 5095 ista
2119 5049 2300 5096 autem
2359 5043 2544 5098 omnia
2592 5059 2950 5117 quascumque
2998 5048 3312 5117 possidebat
3361 5049 3603 5107 immisit.

1993 5131 2222 5188 Omnem
2274 5134 2421 5190 enim
2446 5136 2646 5191 victum
2692 5151 2870 5205 suum,
2907 5139 3099 5211 inquit,
3143 5141 3348 5214 injecit.

2059 5223 2407 5307 Elccmosyna
2428 5229 2931 5303 eroganda.—Ergo
2947 5233 3202 5290 mulieres
3222 5237 3414 5294 saltem
3441 5236 3610 5293 imiteo

1995 5333 2118 5374 mur
2136 5318 2260 5387 viri,
2278 5327 2330 5377 et
2345 5333 2450 5375 non
2469 5320 2842 5379 inferioreseis
2857 5325 3163 5382 videamur:
3184 5328 3280 5384 sed
3298 5330 3612 5386 studeamus

1996 5425 2107 5468 non
2124 5412 2301 5468 solum
2319 5412 2387 5468 ad
2421 5422 2669 5470 nostrum
2694 5431 2853 5471 usum
2879 5433 3097 5474 omnem
3123 5420 3480 5478 substantiam
3510 5437 3613 5476 nn-

1996 5513 2165 5558 stram
2195 5503 2530 5573 impendere,
2571 5505 2669 5561 sed
2713 5517 2767 5562 et
2809 5523 3104 5579 egenorum
3130 5526 3384 5583 magnam
3412 5511 3614 5568 habere

1996 5609 2219 5662 curam,
2269 5593 2434 5664 idque
2471 5610 2596 5652 cum
2642 5597 2921 5656 alacritate
2970 5610 3027 5658 et
3063 5599 3354 5659 hilaritate.
3397 5602 3613 5660 Etenim

1999 5685 2233 5756 agricola
2261 5693 2420 5743 terrae
2457 5688 2795 5746 concredens
2820 5691 3049 5760 semina,
3078 5708 3188 5757 non
3227 5692 3332 5751 hoc
3351 5707 3485 5749 eum
3514 5693 3614 5750 tri-

2000 5777 2144 5835 stitia
2171 5776 2317 5848 facit,
2346 5778 2442 5836 sed
2469 5780 2713 5852 gaudens
2759 5792 2816 5839 et
2842 5782 3202 5854 laetabundus,
3237 5794 3294 5843 et
3320 5786 3475 5860 quasi
3500 5785 3614 5859 jam

2004 5885 2102 5943 spe
2122 5871 2428 5945 manipulos
2446 5870 2632 5934 videre
2655 5888 2716 5936 sc
2741 5875 3078 5952 existimans,
3107 5876 3163 5938 in
3192 5885 3335 5939 terra
3358 5871 3613 5935 seminat.
