4060 6450
518 429 629 490 895

520 541 588 598 Et
618 550 695 608 tu,
725 535 939 604 dilecte,
974 551 1043 593 ne
1079 534 1253 593 scium
1282 532 1582 604 respexeris
1607 529 1673 585 ad
1700 545 1825 586 eum
1849 528 1939 600 qui
1967 523 2103 581 reci-

520 631 617 701 pit.
645 644 820 699 neque
853 626 921 684 ad
960 634 1201 696 sumptus
1224 624 1313 695 qui
1361 621 1529 686 fiunt;
1575 619 1671 676 sed
1704 618 1911 692 cogita,
1957 617 2108 673 illum

517 720 734 791 quidem
762 720 853 790 qui
881 733 912 774 a
943 728 995 774 te
1017 717 1209 787 accipit
1251 729 1371 773 esse
1393 714 1656 771 visibilem
1678 755 1691 777 ,
1732 713 1894 767 alium
1927 718 2106 765 autem

516 825 640 881 qua:
666 811 718 866 in
740 811 888 866 illum
923 808 1073 872 fiunt.
1104 807 1205 863 sibi
1241 807 1379 863 facta
1407 807 1722 868 declarare;
1755 819 1930 874 neque
1955 803 2107 857 illum

517 902 788 970 vulgarem
828 898 1131 971 quempiam
1185 912 1340 965 esse,
1386 898 1482 955 sed
1524 898 1759 952 omnium
1802 894 2101 960 Dominum,

516 989 634 1046 caeli
672 1001 935 1059 terraeque
975 987 1350 1055 Conditorem;
1379 996 1434 1043 et
1471 994 1741 1056 sumptum
1766 984 1918 1039 illum
1965 983 2106 1038 redi-

518 1088 669 1134 tuum
694 1078 873 1134 locum
900 1079 1163 1146 obtinere,
1195 1093 1293 1135 nec
1331 1077 1504 1134 solum
1546 1092 1651 1130 non
1692 1078 1934 1131 minuere
1972 1076 2103 1130 sub-

515 1168 768 1224 stantiam
797 1176 963 1236 tuam,
989 1169 1082 1225 sed
1110 1183 1305 1241 augere
1326 1167 1494 1239 magis
1530 1168 1573 1222 si
1618 1181 1742 1223 cum
1766 1165 1873 1221 fide
1899 1177 1953 1221 et
1992 1165 2098 1220 ala-

513 1258 704 1313 critate
747 1256 849 1313 hoc
876 1257 1087 1314 feceris.
1129 1258 1337 1314 Addam
1383 1258 1435 1313 id
1476 1257 1616 1327 quod
1658 1256 1987 1327 prmcipuum
2023 1265 2102 1312 cst

514 1345 751 1402 bonum:
782 1358 979 1418 preter
1006 1348 1104 1405 hos
1133 1346 1334 1405 reditus
1361 1358 1416 1404 et
1456 1348 1627 1416 lucra,
1652 1363 1771 1419 qua:
1798 1363 1864 1403 ex
1890 1356 2107 1417 sumptu

518 1446 792 1504 parantur,
827 1446 1040 1507 peccata
1068 1438 1229 1494 etiam
1256 1440 1624 1495 condonantur
1656 1457 1668 1493 :
1696 1439 1779 1494 cui
1808 1439 1950 1493 bono
1976 1437 2103 1508 quid

515 1538 611 1594 par
638 1539 757 1583 esse
783 1528 1013 1598 patet-it?
1055 1528 1112 1584 Si
1143 1528 1302 1601 igitur
1327 1529 1574 1585 volumus
1602 1544 1730 1585 vere
1766 1528 2099 1599 locupletari,

514 1625 571 1672 et
600 1631 717 1672 cum
746 1617 943 1674 divitiis
980 1620 1142 1675 etiam
1176 1629 1515 1691 peccatorum
1557 1619 1804 1680 invenire
1834 1617 2101 1675 remissio-

517 1722 661 1774 nem,
703 1709 1035 1768 cﬂ‘undamus
1082 1727 1170 1768 res
1210 1720 1419 1768 nostras
1466 1712 1519 1768 in
1563 1726 1854 1783 egenorum
1891 1725 2101 1776 manus,

518 1799 901 1868 prmmittamus
926 1814 1017 1855 cas
1048 1801 1103 1856 in
1130 1801 1341 1869 caelum,
1375 1802 1463 1858 ubi
1493 1816 1668 1873 neque
1695 1802 1803 1867 fur,
1828 1817 2001 1872 neque
2022 1802 2100 1857 la-

517 1896 621 1955 tro,
653 1904 827 1959 neque
856 1890 1115 1960 parietum
1158 1890 1401 1960 elfossor,
1445 1906 1618 1962 neque
1660 1890 1847 1946 famuli
1878 1892 2101 1958 malitia,

515 1992 688 2049 neque
716 1978 861 2035 aliud
888 1981 1175 2052 quidquam
1216 1996 1413 2038 nocere
1436 1984 1633 2053 peterit
1658 1982 1855 2037 divitiis
1886 1982 2099 2057 nostris.

514 2068 682 2140 Regio
707 2071 850 2126 enim
880 2071 965 2127 illa
1005 2072 1255 2127 omnibus
1298 2071 1833 2137 istiusmodidamnis
1863 2073 2103 2142 superior

513 2169 617 2215 est.
644 2160 871 2215 Tantum
897 2176 965 2217 ne
994 2177 1182 2217 vanam
1208 2163 1429 2233 gloriam
1460 2173 1745 2224 sectemur.
1774 2162 1868 2218 sed
1906 2178 2101 2233 sequa-

513 2265 638 2306 mur
664 2251 809 2322 leges
845 2266 875 2305 a
917 2250 1130 2307 Christo
1174 2252 1413 2320 traditas,
1460 2262 1518 2307 ut
1553 2268 1661 2308 non
1694 2253 1761 2309 ab
1801 2253 2102 2310 hominibus

513 2341 700 2398 laudes
721 2343 1100 2412 percipiamus,
1123 2343 1218 2399 sed
1239 2360 1267 2397 a
1293 2343 1563 2399 communi
1588 2343 1826 2397 omnium
1856 2343 2098 2411 Domino,

512 2447 583 2489 ne
609 2441 664 2489 et
702 2442 946 2504 sumptus
988 2432 1244 2490 faciamus
1270 2475 1284 2496 .
1332 2443 1387 2488 et
1428 2434 1578 2488 lucro
1618 2432 1989 2489 destituamur.
2032 2433 2103 2488 Ut

509 2522 653 2577 enim
681 2522 749 2579 ab
777 2522 982 2577 insidiis
1006 2522 1124 2576 aliis
1147 2522 1395 2578 erunibus
1436 2531 1562 2577 tutae
1599 2530 1722 2577 sunt
1766 2522 1963 2577 divitia:
2006 2536 2103 2591 per

510 2629 698 2670 manus
726 2628 1019 2684 pauperum
1046 2628 1113 2669 co
1143 2615 1432 2680 translatzr,
1473 2614 1544 2667 ita
1582 2628 1679 2683 per
1710 2629 1899 2669 vanam
1928 2613 2098 2669 solum

511 2703 731 2780 gloriam
771 2701 1158 2770 absumuntur;
1209 2713 1263 2758 et
1292 2712 1348 2758 ut
1393 2704 1531 2760 tiuea
1575 2714 1629 2760 et
1665 2719 1874 2760 vermes
1920 2713 2099 2760 vestes

509 2802 879 2862 corrumpunt,
925 2793 995 2846 ita
1043 2803 1096 2848 ct
1136 2793 1307 2849 inanis
1334 2794 1499 2864 gloria
1539 2794 1748 2849 divitias
1773 2810 1891 2864 qum
1934 2794 2098 2850 mise-

510 2884 737 2939 ricordia
768 2884 1108 2954 colliguntur.
1138 2883 1358 2951 Idcirco,
1392 2885 1635 2951 obsecro,
1676 2900 1781 2940 non
1808 2886 1978 2941 solum
2014 2885 2095 2939 fa-

510 2977 710 3031 ciamus
734 2977 1122 3047 elcemosynas,
1148 2977 1241 3031 scd
1272 2986 1324 3031 et
1349 2986 1501 3031 caute
1524 2975 1798 3041 faciamus,
1827 2985 1883 3031 ut
1909 2991 2098 3047 magna

511 3067 649 3125 bona
675 3070 1026 3140 percipiamus
1050 3084 1145 3139 pro
1164 3068 1358 3140 parvis,
1400 3078 1455 3125 ct
1500 3084 1594 3140 pro
1623 3068 1891 3140 fragilibus
1919 3070 2099 3123 incor-

510 3160 800 3229 ruptibilia,
842 3170 897 3215 ct
944 3176 1043 3231 pro
1088 3162 1464 3230 temporalibus
1506 3170 1727 3227 aeterna,
1775 3171 1974 3215 etcum
2016 3158 2100 3215 bis

512 3253 761 3309 omnibus
788 3255 945 3307 etiam
976 3263 1309 3322 peccatorum
1340 3255 1707 3309 remissionem
1734 3254 1940 3324 assequi
1968 3267 2100 3323 pos-

512 3342 700 3406 simus,
742 3342 986 3412 bonaque
1025 3343 1111 3397 illa
1153 3344 1438 3399 ineffabilia
1487 3361 1501 3403 :
1545 3345 1735 3415 quibus
1773 3360 1871 3399 nos
1911 3360 2100 3401 omnes

511 3431 667 3504 potiri
713 3433 1006 3503 contingat,
1045 3433 1209 3502 gratia
1247 3442 1301 3487 ct
1346 3434 1708 3489 misericordia
1753 3433 1961 3489 Domini
2004 3449 2101 3488 no-

510 3524 605 3579 stri
634 3522 761 3579 Jesu
784 3524 1004 3589 Christi,
1031 3524 1115 3580 cui
1146 3539 1271 3580 cum
1312 3523 1469 3579 Patre
1498 3534 1553 3580 ct
1578 3535 1763 3581 sancto
1789 3523 2100 3594 vivificoque

510 3617 710 3690 Spiritu
738 3617 805 3671 sit
824 3618 1010 3687 gloria,
1043 3630 1183 3671 nunc
1209 3624 1261 3671 et
1282 3630 1512 3685 semper,
1543 3624 1598 3671 ct
1625 3618 1676 3669 iu
1703 3617 1899 3671 smcula
1926 3630 2101 3670 saecu-

513 3707 706 3763 lorum.
737 3708 931 3762 Amen.

1058 3835 1331 3890 IIOSIILIA
1368 3833 1549 3889 XLIII.

527 3942 773 4002 Venerunt
800 3958 989 4016 autem,
1033 3947 1216 4015 inquit,
1264 3947 1366 3999 duo
1400 3946 1569 4017 angeli
1600 3946 1827 4002 Sodoma
1874 3964 2101 4017 vespere.

1118 4037 1269 4105 (Gen.
1303 4038 1389 4093 l9.
1426 4037 1498 4107 I).

586 4187 637 4238 Ι.
667 4179 1120 4249 Quemadmodum
1137 4178 1379 4230 floridum
1394 4173 1661 4242 quoddam
1679 4181 1892 4240 pratum
1906 4172 2088 4228 varios

516 4286 569 4329 et
597 4272 909 4340 omnigenos
928 4266 1085 4321 flores
1112 4266 1164 4319 in
1193 4274 1251 4319 se
1279 4271 1540 4326 ostentat,
1571 4262 1641 4315 ita
1670 4272 1724 4314 et
1745 4260 1925 4316 divina
1945 4261 2089 4317 Scri-

513 4373 670 4433 plura
704 4359 972 4427 justorum
1009 4355 1235 4408 virtutes
1271 4352 1426 4406 nobis
1455 4350 1786 4404 demonstrat
1817 4366 1832 4403 :
1862 4366 1967 4404 non
2005 4360 2085 4417 ut,

514 4453 652 4506 sicut
680 4450 889 4503 illorum
916 4444 1103 4498 ﬂorum
1134 4441 1447 4512 fragrantia,
1472 4454 1640 4509 parvo
1668 4446 1909 4507 tempore
1940 4438 2087 4493 ιἰιυι-

515 4556 657 4602 mur,
696 4537 789 4592 sed
816 4545 872 4590 ut
898 4541 1211 4604 perpetuam
1263 4531 1384 4585 inde
1425 4529 1709 4583 utilitatem
1738 4528 2083 4597 recipiamus.

516 4628 627 4683 Illic
652 4643 811 4681 manu
846 4634 1047 4680 tantum
1078 4623 1347 4693 carpimus
1377 4621 1558 4683 liores,
1584 4629 1639 4674 et
1671 4618 1917 4687 protinus
1943 4632 2087 4671 mar-

517 4727 792 4774 cescentcs
807 4731 957 4772 suam
980 4715 1207 4785 gratiam
1238 4712 1487 4767 amittunt
1506 4710 1623 4765 :-hic
1646 4720 1821 4764 autem
1840 4726 1947 4765 non
1972 4709 2084 4764 sic:

516 4808 609 4863 sed
634 4806 848 4877 quando
876 4804 1097 4859 auribus
1127 4805 1397 4873 justorum
1428 4801 1654 4855 virtutes
1684 4799 2003 4869 accipimus,
2032 4808 2089 4852 et

513 4915 605 4954 eas
638 4898 690 4951 in
718 4898 839 4952 sinu
876 4897 1076 4950 mentis
1100 4894 1429 4964 reponimus,
1462 4906 1559 4962 per
1586 4905 1747 4951 omne
1778 4898 2011 4960 tempus,
2040 4890 2085 4946 si

514 4992 759 5045 volumus
788 5030 803 5055 ,
858 5004 1041 5045 eorum
1083 4989 1230 5043 suavi
1274 4989 1439 5044 odore
1485 4987 1587 5042 frui
1635 4984 1947 5056 poterimus.
1996 4986 2105 5054 Ago

511 5096 663 5151 ergo,
697 5081 820 5150 quia
864 5089 1006 5135 tanta
1047 5087 1353 5135 sanctorum
1384 5082 1435 5133 iu
1462 5079 1638 5134 divina
1674 5078 1951 5149 Scriptura
1995 5075 2108 5132 fra-

513 5171 721 5243 grantia
747 5179 847 5237 est,
878 5169 1035 5227 hodie
1065 5169 1182 5224 Loti
1208 5170 1403 5225 bonum
1431 5169 1649 5225 odorem
1676 5171 2025 5241 lnquiramus,
2048 5176 2106 5224 ut

514 5262 741 5318 sciamus
768 5261 984 5331 liquido,
1014 5261 1215 5329 justum
1246 5260 1386 5314 hunc
1429 5261 1479 5314 in
1521 5270 1724 5315 tantum
1753 5263 1963 5316 virtutis
1989 5262 2105 5329 api-

513 5366 629 5405 cem
662 5360 906 5405 evectum
933 5366 1052 5405 esse
1083 5351 1398 5420 patriarchae
1437 5352 1843 5418 consuetudine,
1883 5368 2003 5423 quae
2030 5351 2103 5405 ef—

511 5443 637 5499 fecit
664 5453 721 5497 ut
757 5444 977 5514 vestigia
1021 5446 1161 5501 illius
1202 5454 1532 5515 sequeretur,
1562 5457 1617 5501 et
1648 5448 1984 5515 peculiariter
2011 5447 2103 5501 ho-

511 5536 848 5605 spitalitatem
877 5550 1169 5594 exerceret.
1192 5540 1385 5593 Verum
1410 5548 1466 5593 ut
1492 5540 1819 5595 manifestior
1844 5540 2104 5595 sitsermo

514 5639 709 5693 noster,
736 5644 913 5699 oper-re
934 5632 1160 5699 pretium
1198 5632 1355 5687 fuerit
1395 5631 1683 5702 Scriptura:
1712 5632 1873 5687 verba
1895 5631 2099 5686 audire.

521 5716 828 5775 LVmcramt
849 5731 1035 5785 autem,
1057 5723 1245 5791 inquit,
1278 5724 1379 5777 duo
1406 5724 1575 5793 attgeli
1607 5725 1834 5780 Sodoma
1852 5724 2101 5795 (Cap.l9)

515 5810 725 5883 vesperi.
760 5811 936 5881 Quare
981 5812 1057 5868 sic
1101 5813 1296 5886 incepit
1336 5824 1389 5873 et
1418 5813 1593 5872 dixit:
1636 5814 1890 5870 Venerunt
1936 5823 2103 5872 autem

1289 417 1351 481 5.
1390 416 1668 480 JOANNIS
1704 405 2191 474 CIIRYSOSTOMI
2222 401 2538 464 ARCHIEP.
2579 402 3113 462 CONSTANTINOP.

2216 519 2321 576 duo
2347 518 2518 583 angeli
2539 517 2765 576 Sodoma
2783 520 2975 590 uesperi
2995 519 3022 574 2
3045 517 3309 588 Quoniam
3326 529 3605 594 postquam
3622 521 3813 581 diver-

2214 609 2315 667 sati
2344 616 2469 665 sunt
2495 607 2634 675 apud
2679 602 3059 679 patrias-thalia,
3087 615 3145 664 et
3184 608 3309 665 inde
3346 619 3626 681 surgentes
3654 613 3814 670 aliis.

2212 712 2369 767 runt;
2411 717 2475 757 ac
2511 700 2747 757 clemens
2783 700 3041 756 Dominus
3066 710 3120 755 et
3144 709 3379 767 curator,
3407 716 3505 772 pro
3529 718 3624 759 sua
3652 704 3811 762 boui-

2215 802 2325 850 tate
2369 795 2418 847 in
2463 792 2693 847 humana
2728 790 2894 862 figura
2934 791 3104 859 visus,
3152 793 3349 848 mansit
3394 794 3536 863 apud
3580 797 3808 864 patriar-

2212 885 2388 948 cham,
2421 884 2644 954 loquens
2666 896 2789 940 cum
2819 898 2907 950 eo,
2938 884 3079 939 sicut
3122 885 3236 940 heri
3264 885 3540 942 audivistis
3573 906 3586 942 :
3619 890 3807 946 volens

2213 988 2310 1027 nos
2334 988 2521 1029 ornues
2549 973 2745 1029 docere
2770 981 2825 1029 et
2864 974 3135 1045 ingentem
3182 976 3489 1044 patientiam
3531 982 3709 1046 suam,
3748 989 3810 1036 et

2212 1064 2526 1133 patriarchae
2548 1064 2846 1133 caritatem,
2864 1065 3038 1136 angeli
3064 1073 3242 1120 autem
3264 1067 3658 1124 contendebant
3677 1078 3805 1126 tunc

2211 1169 2397 1209 versus
2420 1154 2652 1210 Sodoma
2676 1173 2691 1209 :
2721 1169 2944 1210 servans
2966 1154 3240 1226 Scriptura
3269 1168 3427 1211 suum
3447 1156 3695 1215 ordinem
3716 1160 3802 1216 di-

2209 1245 2283 1299 cit
2304 1246 2494 1300 iterum
2520 1264 2535 1299 :
2576 1243 2823 1300 Venerunt
2850 1253 3017 1299 autem
3041 1246 3144 1299 duo
3173 1246 3344 1318 angeli
3369 1247 3600 1303 Sodoma
3625 1262 3797 1319 uespe-

2207 1338 2274 1406 ri,
2301 1335 2491 1391 facturi
2510 1336 2653 1407 quod
2682 1336 2998 1407 imperatum
3028 1345 3164 1392 erat.

2281 1425 2397 1480 ιοιὶ
2424 1425 2742 1495 hospitalitas
2770 1426 3173 1481 laudatur—Et
3204 1426 3322 1483 vide
3339 1427 3671 1500 diligentiam
3699 1432 3807 1495 ob-

2209 1519 2671 1589 scrvationcmque
2697 1517 2891 1573 divina:
2928 1518 3240 1588 Scriptura,
3279 1521 3549 1588 quomodo
3589 1530 3808 1591 tempus

2226 1640 2334 1696 quo
2353 1624 2686 1683 advenerunt
2713 1624 2868 1679 nobis
2892 1622 3209 1678 declararit:
3228 1621 3356 1676 dicit
3372 1620 3542 1686 enim,
3566 1618 3801 1689 νέφει-τ.

2222 1720 2292 1777 Et
2320 1734 2489 1791 quare
2526 1727 2737 1788 tempus
2764 1714 3122 1787 significavit?
3148 1722 3203 1770 et
3231 1728 3398 1784 quare
3424 1713 3491 1769 ad
3519 1727 3804 1783 vesperam

2222 1825 2288 1866 eo
2312 1809 2615 1865 venerunt?
2644 1807 2713 1864 Ut
2740 1806 3126 1862 ostenderetur
3146 1804 3302 1860 nobis
3326 1818 3519 1873 magna
3548 1801 3667 1857 Loti
3695 1803 3805 1858 ho-

2219 1897 2504 1968 spitalitas.
2531 1897 2681 1953 Sicut
2699 1898 2841 1951 enim
2867 1893 3172 1964 patriarcha
3195 1894 3389 1949 sedens
3417 1901 3661 1963 tempore
3685 1906 3806 1947 men-

2219 1986 2394 2051 ridiei,
2416 1987 2738 2043 observabat
2756 1993 3145 2056 praetereuntes
3159 2026 3174 2050 ,
3203 1993 3257 2038 et
3283 1985 3619 2039 venationem
3642 1999 3804 2039 suam

2216 2075 2355 2129 hanc
2392 2074 2631 2129 studiose
2672 2074 2981 2138 exercebat,
3022 2082 3078 2129 et
3120 2076 3439 2129 occurrebat
3483 2088 3550 2128 ac
3600 2089 3805 2145 magno

2214 2163 2410 2233 gaudio
2436 2162 2669 2217 viatores
2703 2162 3033 2232 suscipiebat
3071 2180 3089 2215 τ
3132 2161 3302 2216 simili
3328 2162 3489 2217 modo
3530 2172 3585 2218 et
3616 2161 3803 2231 justus

2214 2252 2324 2316 ille,
2349 2253 2605 2322 quoniam
2626 2249 2831 2306 sciebat
2853 2252 3267 2321 perversitatem
3290 2266 3478 2306 eorum
3501 2252 3590 2321 qui
3617 2252 3670 2306 in
3695 2249 3803 2308 So-

2211 2341 2386 2397 domis
2416 2341 2733 2396 habitabant
2759 2354 2938 2408 neque
2957 2342 3167 2409 vesperi
3190 2340 3523 2406 discedebat,
3552 2342 3647 2397 sed
3680 2356 3800 2397 ma-

2210 2433 2391 2496 nebat,
2422 2446 2490 2487 ne
2519 2432 2805 2488 thesaurus
2824 2431 3018 2500 aliquis
3046 2430 3144 2500 ipsi
3168 2428 3489 2496 elaberetur,
3520 2441 3576 2486 et
3607 2443 3665 2485 ut
3693 2432 3797 2487 ho-

2209 2523 2516 2592 spitalitatis
2542 2522 2775 2579 fructum
2814 2523 3104 2591 decerpere
3131 2530 3333 2593 posset.
3364 2521 3503 2579 Vere
3530 2523 3790 2578 admirari

2206 2617 2556 2672 vehementer
2575 2614 2698 2671 licet
2718 2614 2850 2683 justi
2876 2615 3038 2684 huius
3058 2614 3333 2681 virtutem,
3364 2616 3457 2685 qui
3480 2630 3708 2671 versans
3734 2617 3791 2671 in

2205 2708 2384 2765 medio
2412 2720 2518 2764 tam
2546 2710 2829 2779 impiorum
2858 2709 3157 2775 hominum,
3187 2724 3294 2763 non
3332 2708 3503 2766 solum
3530 2727 3641 2767 non
3672 2711 3805 2770 inde

2204 2801 2556 2870 negligentior
2582 2808 2664 2854 est
2699 2801 2889 2866 factus,
2919 2798 3013 2855 sed
3043 2808 3097 2855 et
3129 2799 3390 2870 majorem
3414 2802 3663 2860 virtutem
3687 2818 3805 2874 pra

2203 2906 2263 2944 se
2290 2890 2407 2944 tulit
2442 2907 2455 2943 :
2486 2905 2715 2961 cumque
2758 2906 2965 2958 omnes,
3016 2900 3075 2945 ut
3125 2891 3202 2945 ita
3222 2893 3418 2960 dicam,
3470 2894 3524 2949 in
3559 2910 3801 2967 praeceps

2202 2993 2440 3050 ruerent,
2471 2986 2583 3054 ipse
2609 2984 2753 3039 solus
2781 2985 2831 3037 iu
2854 2992 2996 3038 tanta
3022 2984 3358 3042 multitudine
3385 2996 3583 3043 rectam
3610 2989 3802 3045 ambu-

2203 3074 2332 3129 lavit
2351 3075 2511 3128 viam.
2531 3073 2630 3130 Ubi
2658 3088 2799 3129 nunc
2824 3083 2952 3129 sunt
2967 3074 3057 3144 qui
3081 3075 3282 3139 dicunt,
3308 3093 3411 3130 non
3439 3093 3595 3147 posse
3614 3093 3806 3148 quem-

2206 3166 2345 3235 piam
2362 3166 2414 3219 in
2438 3165 2608 3221 media
2620 3167 3145 3223 civitateversantem
3165 3169 3412 3223 virtutem
3439 3184 3682 3226 servare:
3703 3171 3802 3228 sed

2206 3274 2339 3329 opus
2351 3273 2471 3314 esse
2488 3272 2727 3325 secessu,
2739 3268 2792 3313 et
2816 3268 3064 3314 montana
3082 3260 3306 3331 quadam
3326 3259 3650 3319 habitatione
3668 3282 3681 3317 :
3700 3279 3806 3321 nec

2210 3364 2366 3417 posse
2404 3348 2585 3404 domui
2631 3364 2742 3404 sum
2785 3350 3117 3419 praefectum,
3155 3361 3209 3407 et
3240 3368 3462 3407 uxorem
3493 3353 3805 3427 habentem,

2206 3451 2259 3494 et
2288 3439 2426 3495 filios
2448 3451 2725 3497 curantem
2745 3456 2809 3496 ac
2830 3440 3077 3507 famulos,
3108 3443 3304 3497 virtute
3332 3445 3611 3513 praeditum
3638 3447 3816 3503 esse?

2205 3528 2433 3585 Videant
2459 3546 2588 3601 ergo
2612 3531 2814 3600 justum
2856 3533 3004 3587 illum
3051 3547 3173 3589 cum
3216 3535 3459 3601 muliere,
3518 3537 3719 3605 pueris,
3747 3545 3807 3595 et

2204 3620 2439 3688 famulis.
2470 3624 2525 3677 in
2552 3623 2768 3679 civitate
2794 3622 3100 3695 degentem,
3136 3633 3295 3696 atque
3316 3626 3455 3680 inter
3484 3635 3589 3681 tam
3633 3626 3809 3684 malos

2206 3729 2269 3769 ac
2300 3715 2489 3785 impios
2512 3725 2915 3773 conversantem
2943 3726 2997 3772 et
3021 3718 3171 3786 quasi
3195 3718 3478 3773 scintillam
3510 3718 3797 3788 quamdam

2208 3808 2261 3862 in
2288 3807 2465 3862 medio
2494 3809 2626 3863 mari
2670 3809 2953 3875 lucentem,
3000 3824 3101 3864 nec
3137 3810 3313 3864 solum
3361 3825 3464 3864 non
3511 3812 3805 3883 exstingui,

2207 3898 2302 3954 sed
2332 3898 2567 3968 quotidie
2608 3900 2779 3956 lucem
2807 3900 3088 3955 clariorem
3117 3902 3380 3957 emittere.
3427 3901 3492 3957 Et
3534 3902 3646 3959 haec
3684 3903 3808 3960 dico

2212 4004 2317 4042 non
2349 3987 2635 4057 prohibens
2664 4005 2936 4046 secessum
2961 3992 3029 4044 ab
3065 3992 3306 4058 urbibus,
3340 4008 3515 4063 neque
3543 3994 3808 4052 interdico

2207 4079 2465 4133 montium
2494 4090 2547 4134 ct
2572 4081 2919 4135 solitudinum
2946 4084 3444 4149 conversationem;
3463 4083 3553 4138 sed
3579 4085 3805 4141 ostendo

2214 4170 2414 4227 volenti
2444 4170 2623 4225 sobrie
2650 4184 2810 4239 agere
2842 4178 2896 4223 et
2920 4170 3173 4238 vigilare,
3208 4170 3338 4224 nihil
3371 4171 3495 4225 inde
3531 4170 3799 4227 obstaculi

2214 4275 2352 4316 esse.
2388 4259 2541 4314 Sicut
2571 4258 2731 4328 igitur
2760 4258 3045 4328 negligenti
3073 4272 3137 4313 ac
3172 4258 3363 4327 supino
3408 4257 3541 4312 nihil
3578 4258 3803 4327 prodest

2214 4348 2479 4404 solitudo:
2503 4362 2675 4415 neque
2698 4347 2841 4401 enim
2863 4348 3013 4403 locus
3041 4364 3136 4402 nos
3157 4349 3357 4403 virtute
3371 4347 3499 4402 facit
3519 4348 3800 4417 praeditos,

2218 4440 2311 4495 sed
2344 4453 2495 4494 mens
2525 4448 2580 4493 et
2619 4452 2799 4495 mores
2830 4458 2842 4493 :
2886 4440 2957 4493 ita
2990 4449 3043 4494 et
3064 4440 3303 4508 prudens
3330 4446 3491 4507 atque
3521 4439 3647 4509 vigil
3687 4454 3798 4496 non

2219 4529 2522 4593 offenditur,
2554 4530 2717 4584 etiam
2744 4529 2797 4583 in
2828 4530 2999 4585 media
3030 4530 3246 4585 civitate
3274 4529 3493 4600 degens.
3531 4528 3796 4597 Quocirca

2216 4618 2428 4687 vellem,
2450 4618 2590 4673 sicut
2614 4617 2829 4673 beatum
2852 4618 3020 4683 illum,
3042 4620 3241 4674 virtute
3264 4629 3584 4688 praestantes
3606 4621 3660 4675 in
3684 4636 3801 4675 me-

2216 4710 2320 4767 diis
2349 4710 2657 4765 civitatibus
2684 4725 2835 4774 esse,
2863 4719 2924 4765 ut
2953 4712 3106 4781 quasi
3142 4712 3465 4767 fermentum
3491 4712 3615 4767 facti
3651 4712 3801 4777 aliis,

2211 4800 2408 4855 multos
2450 4803 2517 4855 ad
2557 4802 2637 4857 sui
2692 4802 3051 4857 imitationem
3080 4804 3379 4859 traherent.
3419 4805 3621 4858 Verum
3666 4804 3797 4871 quia

2212 4892 2314 4947 hoc
2337 4891 2549 4947 difﬁcile
2597 4894 2806 4948 videtur
2835 4909 2979 4960 esse,
3021 4896 3211 4950 saltem
3254 4896 3381 4951 illud
3412 4896 3641 4951 alterum
3681 4895 3796 4950 fiat.

2210 4985 2420 5041 Transit
2459 4987 2593 5040 enim
2638 4988 2810 5055 ﬁgura
2860 4989 3042 5041 mundi
3084 4990 3240 5058 hujus
3270 4988 3323 5054 (Ι
3357 4988 3481 5044 Cor.
3508 4990 3563 5043 7.
3594 4988 3711 5058 5i),
3741 4998 3795 5042 et

2208 5078 2387 5133 brevis
2429 5086 2515 5131 est
2551 5078 2659 5132 vita
2698 5092 2935 5145 praesens
2974 5093 2987 5131 :
3020 5088 3073 5133 et
3112 5079 3212 5133 nisi
3245 5095 3403 5141 nunc,
3445 5095 3570 5135 cum
3614 5081 3795 5135 adhuc

2208 5172 2259 5224 in
2286 5170 2459 5225 stadio
2474 5185 2681 5236 sumus,
2706 5170 2917 5225 labores
2940 5172 3204 5227 virtutum
3227 5173 3621 5243 aggrediamur,
3637 5181 3692 5227 et
3714 5172 3793 5227 la-

2207 5276 2375 5329 queos
2415 5259 2630 5314 malitiae
2654 5260 2992 5332 effugiemus,
3021 5272 3209 5332 postea
3242 5264 3295 5317 iu
3324 5278 3527 5317 vanum
3550 5271 3793 5318 nosmet-

2208 5349 2349 5420 ipsos
2378 5352 2831 5419 reprehendemus
2852 5394 2864 5417 ,
2895 5356 3108 5422 quando
3152 5353 3295 5408 nulla
3320 5354 3425 5408 erit
3451 5354 3791 5423 paenitentis

2210 5441 2437 5495 utilitas.
2480 5440 2611 5494 Nam
2629 5444 2862 5511 quandiu
2889 5444 2941 5497 in
2966 5444 3215 5515 praesenti
3232 5445 3337 5499 vita
3360 5443 3639 5508 fuerimus,
3660 5458 3789 5513 pos-

2205 5543 2330 5587 sunt
2374 5532 2494 5586 inde
2544 5534 2865 5601 pcenitentes
2914 5534 3123 5591 lucrum
3172 5537 3437 5604 accipere,
3482 5544 3537 5589 et
3586 5535 3788 5593 ablutis

2206 5624 2475 5691 prioribus
2519 5627 2752 5691 peccatis
2793 5625 3219 5681 misericordiam
3266 5610 3475 5681 Domini
3515 5627 3732 5697 assequi
3766 5644 3782 5683 :

2206 5716 2345 5785 quod
2389 5714 2431 5770 si
2469 5716 2892 5784 praeterierimus
2929 5726 3139 5788 tempus
3168 5732 3425 5788 praesens,
3458 5728 3787 5789 repenteque

2208 5808 2413 5880 abrepti
2436 5806 2730 5865 fuerimus:
2759 5810 3080 5883 paenitentia
3104 5810 3321 5885 quidem
3350 5820 3475 5867 tunc
3505 5811 3783 5879 ducemur.
