4060 6418
516 675 831 747 prophetam
857 666 1162 722 dicentem:
1192 656 1256 711 In
1282 654 1483 723 inferno
1504 655 1672 747 autem
1688 640 1801 712 quis

193 739 666 842 βολιέιώἱωνίἱιί(
695 761 837 818 Psal.
867 759 922 816 6.
949 757 1022 828 6)
1050 755 1075 809 ἲ
1120 761 1189 842 et
1446 762 1460 798 :
1698 749 1800 842 non

429 823 822 914 iredimet‘ltomo
841 823 1014 922 (Psal;
1036 844 1126 901 48.
1143 840 1200 911 8)
1213 838 1236 894 ?
1251 835 1473 926 Nullus,
1483 827 1750 926 inquit,-
1763 823 1803 875 it

328 914 997 1025 postea,quieripiat‘eum
1022 949 1184 1008 quem
1211 945 1305 986 sua
1324 923 1530 983 desidia
1559 914 1804 1021 produco

184 1009 460 1116 rit,neque
481 1009 532 1097 si
549 1009 710 1095 frater
734 1009 910 1099 fuerit,
945 1043 1116 1100 neque
1137 1025 1184 1082 si
1210 1029 1381 1094 pater,
1413 1027 1589 1116 neque
1618 1009 1668 1113 si
1690 1022 1805 1110 ma-

186 1099 291 1193 ter;
413 1131 541 1205 quid
563 1130 707 1195 dico,
726 1126 914 1190 fmter,
934 1099 1106 1193 pater,
1139 1124 1195 1172 et
1215 1121 1388 1170 mater
1406 1110 1430 1162 ‘l
1448 1105 1633 1175 Neque
1649 1099 1800 1205 justi,

186 1191 387 1299 quibus
417 1191 562 1280 tanta
605 1191 745 1293 apud
778 1191 949 1272 Deum
987 1209 1183 1267 ﬁducia
1226 1212 1326 1270 est,
1360 1204 1613 1299 poterunt
1648 1191 1804 1299 nobis

191 1284 323 1374 time
348 1314 553 1385 aliquid
585 1284 862 1385 prodesse,
902 1305 948 1360 si
984 1315 1126 1359 nunc
1154 1295 1370 1354 desides
1399 1291 1677 1385 fuerimus.
1709 1284 1802 1337 Di-

188 1412 265 1466 cit
289 1381 474 1466 animi:
501 1406 561 1462 Si
572 1381 815 1460 steterint
861 1396 976 1453 Noe
1007 1405 1053 1451 et
1081 1390 1181 1447 Job
1207 1398 1254 1444 et
1279 1383 1487 1448 Daniel,
1520 1381 1655 1450 ﬁlios
1683 1392 1804 1430 suos

190 1512 242 1556 et
264 1501 404 1567 ﬁlias
429 1515 530 1553 non
557 1496 770 1568 eripient
792 1490 1004 1565 (Emit.
1025 1487 1114 1542 ll.
1141 1483 1258 1551 20).
1294 1479 1361 1534 Et
1384 1475 1508 1531 vide
1537 1471 1801 1568 minarum

203 1561 548 1666 gravitatem,
577 1561 871 1659 qualesque
912 1583 1086 1652 iustos
1127 1578 1182 1633 in
1223 1571 1457 1629 medium
1485 1561 1800 1666 adduxerit.

191 1687 460 1755 Quoniam
501 1682 576 1737 illi
598 1657 716 1736 suis
739 1673 1069 1746 temporibus
1094 1669 1256 1725 etiam
1283 1663 1400 1718 aliis
1424 1657 1613 1715 salutis
1641 1665 1804 1708 causa

191 1750 412 1835 fiterunt
439 1792 452 1827 :
483 1774 595 1830 Noe
619 1772 786 1835 enim,
817 1757 940 1823 eum
983 1759 1238 1818 terribilis
1267 1756 1353 1811 illa
1385 1750 1569 1807 diluvii
1603 1756 1807 1813 tempe—

192 1879 308 1926 stas
335 1878 532 1923 terram
559 1868 892 1932 occupasset,
921 1867 976 1913 et
1004 1867 1252 1912 uxorem,
1278 1857 1331 1903 et
1362 1846 1499 1900 ﬁlios
1529 1839 1760 1898 servavit
1789 1854 1802 1888 :

192 1971 251 2018 et
268 1959 372 2017 Joh
397 1958 646 2014 similiter
665 1953 786 2008 aliis
814 1949 1004 2004 salutis
1022 1954 1210 2001 auctor
1231 1940 1326 1996 fuit
1351 1957 1363 1992 :
1389 1934 1575 1991 Daniel
1595 1943 1808 2003 quoque

194 2050 396 2107 multos
439 2047 634 2119 eripuit
676 2059 706 2098 2
739 2048 933 2106 morte,
975 2035 1190 2107 quando
1221 2030 1480 2087 barbarus
1512 2025 1599 2080 ille
1630 2021 1808 2092 inqui-

195 2141 355 2199 rcbat
399 2109 540 2211 qua;
568 2149 728 2207 supra
776 2133 1063 2187 humanam
1109 2133 1234 2180 sunt
1281 2129 1526 2176 naturam
1553 2156 1570 2183 ,
1618 2109 1807 2168 et-in-

198 2207 457 2290 terimer'e
491 2222 704 2286 volebat
739 2224 1026 2282 Clialdmos
1050 2262 1064 2288 ,
1111 2228 1164 2276 et
1207 2216 1388 2286 Magos
1436 2219 1597 2281 atque
1635 2207 1807 2263 Gaza-

303 2339 387 2379 05.

303 2341 387 2379 os.

198 2341 328 2471 m2.
351 2414 417 2468 In
443 2417 616 2486 futuro
643 2407 830 2463 steculo
847 2403 1189 2474 unusquisque
1211 2412 1303 2468 pro
1333 2390 1812 2464 sejudicabitur.—-

201 2508 270 2564 Et
299 2521 368 2561 ne
395 2477 641 2574 putemus
670 2500 724 2554 in
756 2498 935 2552 futuro
960 2491 1159 2548 saeculo
1189 2488 1306 2544 fore
1345 2485 1488 2547 talia,
1520 2493 1571 2538 et
1597 2495 1692 2536 eos
1721 2477 1810 2548 qni

201 2571 410 2654 virtute
423 2592 631 2666 przrditi
652 2597 795 2653 sunt,
813 2597 868 2643 et
889 2585 1135 2640 ﬁduciam
1159 2580 1359 2634 habent
1375 2578 1426 2630 in
1447 2575 1634 2635 Deum,
1655 2571 1809 2635 alios,

200 2692 296 2762 qui
323 2690 413 2745 hic
432 2685 764 2758 negligenter
781 2681 1048 2744 vixerunt,
1074 2673 1406 2732 necessarios
1433 2683 1562 2724 suos
1583 2667 1813 2721 liberare

202 2758 316 2839 illic
339 2797 369 2836 a
401 2777 661 2849 supplicio
688 2789 847 2846 posse
870 2790 884 2826 :
910 2779 1194 2842 propterea
1224 2763 1444 2821 adduxit
1462 2759 1618 2817 nobis
1639 2758 1815 2828 justas

202 2875 352 2940 illos,
388 2883 649 2927 terrorem
680 2866 836 2922 nobis
878 2863 1133 2926 inferens,
1164 2867 1219 2914 et
1259 2857 1462 2911 docens
1505 2852 1556 2905 in
1583 2846 1816 2920 prepriis

203 2966 365 3022 bonis
389 2961 646 3033 Operibus
672 2973 793 3014 cum
824 2968 1055 3026 superna
1093 2949 1265 3021 gratia
1294 2960 1448 3017 spem
1481 2941 1671 3033 salutis
1713 2952 1814 2993 no.

212 3068 334 3113 εῖναι
352 3031 676 3116 habendam,
699 3059 878 3104 etnon
902 3048 956 3101 in
975 3041 1373 3114 progenitornm
1395 3031 1700 3095 virtutibus,
1725 3043 1819 3084 ne-

207 3163 314 3218 que
345 3147 398 3200 in
425 3144 531 3198 alio
555 3141 808 3212 qu0piam
831 3132 1272 3207 superbiendum,
1295 3127 1381 3182 vel
1410 3121 1813 3185 conﬁdendum,

208 3215 256 3293 si
287 3252 387 3292 nos
414 3237 466 3289 in
493 3232 738 3303 peccatis
761 3242 884 3285 esse
912 3241 1019 3281 non
1050 3221 1371 3283 desinimus,
1405 3215 1500 3271 sed
1529 3215 1631 3269 hoc
1651 3226 1818 3265 unum

208 3325 532 3388 curandum,
568 3331 625 3378 ut
653 3322 700 3376 si
741 3325 990 3391 parentes
1020 3312 1366 3369 habuerimus
1393 3308 1595 3363 virtute
1619 3306 1816 3366 claros,

211 3420 487 3475 imitemur
505 3430 693 3473 eorum
718 3413 1006 3468 virtutem:
1037 3417 1093 3464 et
1119 3407 1164 3462 si
1188 3421 1220 3462 e
1249 3405 1465 3459 diverso
1495 3399 1726 3464 accidat,
1765 3407 1819 3451 et

210 3528 277 3569 ex
306 3509 565 3580 improbis
594 3508 763 3562 simus
794 3501 1138 3574 parentibus,
1173 3511 1280 3551 non
1313 3490 1613 3564 putandum
1661 3487 1818 3543 nobis

211 3600 414 3672 aliquid
467 3596 713 3653 accidere
758 3590 1087 3654 nocumenti,
1132 3584 1428 3644 dummodo
1472 3592 1822 3637 exerceamur

212 3692 282 3746 ad
312 3671 583 3744 virtutum
627 3688 873 3741 labores:
912 3682 1118 3738 nullum
1159 3679 1302 3734 enim
1361 3675 1484 3730 hinc
1530 3672 1686 3728 nobis
1723 3671 1822 3726 da-

215 3797 401 3837 mnum
428 3779 551 3835 erit.
571 3777 700 3832 Nam
725 3775 1089 3845 unusquisque
1103 3787 1200 3841 per
1219 3783 1280 3823 ca
1301 3768 1383 3823 vel
1407 3775 1716 3828 coronatur,
1736 3761 1824 3817 vel

215 3875 633 3937 condemnatur,
687 3885 807 3940 qua:
860 3870 974 3938 ipse
1013 3865 1202 3936 gessit,
1259 3857 1717 3933 quemadmodum
1771 3862 1826 3908 et

216 3967 407 4023 beatus
446 3963 642 4018 Paulus
669 3962 840 4031 inquit
863 3976 876 4012 :
914 3955 982 4012 Ut
1008 3962 1228 4026 reportet
1257 3951 1601 4019 unusquisque
1625 3963 1683 4001 ea
1711 3960 1826 4016 qua:

219 4075 313 4130 per
342 4072 528 4126 corpus
569 4055 718 4123 ﬁunt,
757 4053 911 4121 juxta
938 4049 992 4102 id
1021 4047 1156 4118 quod
1181 4045 1322 4118 fecit,
1354 4043 1457 4098 sive
1483 4039 1692 4102 bonum,
1723 4039 1827 4091 sive

220 4129 642 4215 ntalunt(2.Cor.
670 4143 854 4212 5J0);
887 4149 941 4195 et
967 4139 1197 4194 iterum:
1235 4135 1334 4202 Qui
1358 4132 1533 4187 reddet
1560 4129 1825 4192 unicuique

210 4244 368 4316 juxta
391 4257 547 4311 opera
574 4255 667 4293 sua
690 4237 708 4308 (
734 4236 884 4289 Rom.
912 4233 966 4288 2.
997 4230 1094 4304 6).
1126 4229 1258 4297 Qua:
1289 4227 1470 4283 omnia
1521 4239 1643 4279 cum
1682 4222 1824 4277 scia-

220 4351 364 4402 mus,
409 4346 634 4389 excussa
689 4329 837 4385 omni
889 4324 1232 4397 negligentia,
1283 4319 1496 4375 virtutis
1535 4315 1825 4371 maximam

219 4428 518 4486 habeamus
555 4425 836 4479 rationem.
870 4420 935 4474 Et
971 4433 1093 4472 cum
1125 4415 1300 4469 adhuc
1327 4413 1380 4466 in
1413 4409 1588 4466 stadio
1615 4421 1823 4472 sumus,

219 4529 278 4578 et
300 4515 540 4576 certandi
572 4523 782 4584 tempus
805 4521 909 4578 est,
938 4508 1248 4579 priusquam
1275 4502 1602 4559 dissolvatur
1624 4505 1828 4568 specta-

222 4612 424 4675 culum,
475 4608 691 4663 solliciti
717 4607 888 4660 simus
927 4602 996 4658 de
1037 4610 1220 4656 nostra
1261 4597 1453 4662 salute,
1492 4603 1550 4648 ut
1585 4593 1636 4647 in
1676 4589 1826 4646 brevi

226 4700 320 4758 i'lo
350 4711 592 4770 tempore
618 4697 850 4751 virtutes
873 4691 1197 4755 exercendo,
1241 4689 1295 4742 in
1335 4686 1535 4741 saeculo
1565 4691 1828 4754 perpetuo

219 4793 436 4849 illarum
489 4789 766 4846 mercedes
811 4786 1131 4854 recipiamus
1164 4800 1176 4834 :
1228 4782 1365 4838 sicut
1406 4789 1460 4834 et
1501 4778 1678 4847 justus
1715 4774 1826 4840 ille,

222 4886 313 4944 nui
355 4884 410 4938 in
457 4882 636 4938 medio
679 4887 759 4934 tot
795 4877 1058 4932 malorum
1102 4873 1370 4935 habitans,
1402 4880 1456 4926 et
1492 4870 1695 4924 nullum
1730 4867 1825 4920 ha-

220 4977 359 5032 bens
385 4975 477 5045 qui
504 4986 656 5028 suam
683 4970 981 5025 imitaretur
1007 4968 1280 5028 virtutem,
1301 4962 1396 5018 sed
1423 4962 1612 5017 videns
1640 4972 1829 5013 omnes

222 5067 516 5122 iii-identes
539 5072 595 5119 et
618 5060 1013 5117 subsannantes
1038 5099 1052 5123 ,
1081 5072 1186 5112 non
1218 5056 1390 5111 solum
1421 5069 1526 5109 non
1556 5051 1724 5106 factus
1749 5057 1833 5104 est

228 5160 466 5229 segnior,
512 5167 700 5209 verum
747 5159 892 5206 tanta
939 5151 1135 5203 virtute
1165 5146 1406 5210 emicuit,
1446 5153 1503 5198 ut
1530 5152 1584 5198 et
1611 5141 1831 5210 angelos

223 5252 501 5322 suscipere
524 5245 781 5303 meruerit
808 5252 1002 5312 :atque
1027 5255 1149 5295 cum
1178 5239 1252 5295 illi
1285 5238 1443 5293 simul
1475 5249 1663 5290 omnes
1697 5247 1826 5304 pcr-

226 5346 402 5408 ient,
441 5340 588 5394 solus
629 5337 743 5406 ipse
771 5350 891 5389 cum
921 5332 1129 5387 ﬁliabus
1181 5329 1429 5400 effugerit
1457 5342 1671 5400 poenam
1712 5339 1832 5393 qum

229 5435 336 5488 illis
381 5431 528 5486 illata
568 5436 671 5483 est.
705 5425 969 5480 Caeterum
1005 5423 1071 5478 ad
1109 5422 1304 5478 seriem
1347 5422 1612 5480 sermonis
1638 5417 1831 5479 redea-

231 5539 370 5579 mus.
411 5521 665 5576 Venerunt
705 5527 876 5572 autem
927 5517 1029 5570 duo
1055 5515 1222 5585 angeli
1265 5515 1318 5568 in
1356 5513 1584 5568 Sodoma
1618 5509 1831 5580 vesperi.

227 5616 362 5672 iusti
391 5613 552 5683 hujus
572 5609 926 5667 excellentem
953 5607 1208 5662 virtutem
1240 5615 1451 5675 tempus
1495 5604 1596 5658 hoc
1625 5601 1835 5674 potissi-

232 5721 376 5762 mum
425 5703 645 5770 indicat,
679 5701 800 5772 quia
841 5709 898 5755 et
937 5700 1218 5770 ingruente
1256 5711 1480 5767 vespera
1521 5692 1833 5767 permansit,

230 5814 279 5856 cl
324 5813 433 5854 non
478 5794 705 5852 destitit.
745 5792 877 5847 Nam
914 5793 1037 5864 quia
1069 5792 1269 5848 sciebat
1295 5792 1500 5849 lucrum
1532 5791 1672 5861 quod
1715 5787 1839 5842 inde

234 5891 573 5957 nascebatur,
601 5886 723 5942 ideo
745 5885 908 5940 hasce
938 5888 1148 5945 divitias
1178 5889 1390 5959 assequi
1414 5889 1655 5960 cupiens,
1679 5882 1834 5940 valde

1239 446 1306 505 IN
1333 441 1493 503 CAP.
1530 433 1680 495 XIX.
1719 427 1968 490 BENES.
2010 422 2247 482 IIOIIIL.
2280 418 2466 478 XLIII.

1913 539 2136 599 sedulus
2184 546 2321 602 erat,
2363 543 2421 590 et
2464 543 2639 602 neque
2683 527 2772 584 die
2816 524 3038 597 impleto
3078 521 3408 579 discedebat.
3445 518 3518 576 Ita

1910 634 2056 691 enim
2096 646 2157 689 se
2196 629 2359 686 habet
2406 627 2585 681 anima
2635 619 2839 678 fervida
2878 629 2934 674 ct
2977 617 3222 686 vigilans,
3261 625 3320 670 nt
3358 612 3520 668 nullis

1911 722 2312 796 impedimentis
2361 715 2742 790 prmpediatur,
2787 712 3076 782 quominus
3106 723 3257 764 suam
3284 706 3518 762 declaret

1910 819 2163 874 virtutem
2197 834 2211 871 :
2242 814 2370 884 quin
2409 819 2466 868 et
2509 811 2698 865 isthu-e
2736 806 2851 877 ipsa
2881 820 3000 875 qua:
3033 802 3320 872 prohibent
3347 798 3517 854 maxio

1913 925 2022 975 me,
2054 908 2225 978 magis
2249 906 2497 968 incitant,
2528 911 2584 956 et
2609 912 2870 968 majorem
2899 892 3208 964 cupiditatis
3248 890 3524 945 flammam

1911 998 2232 1054 accendunt.
2269 994 2338 1051 Ut
2381 1003 2549 1048 autem
2589 989 2745 1055 vidit,
2776 987 2982 1055 inquit,
3029 982 3165 1048 Lot,
3207 979 3426 1034 surrexit
3467 979 3524 1034 in

1913 1108 2181 1147 occursum
2207 1090 2332 1143 illis.
2367 1086 2601 1142 Audiant
2631 1082 2664 1137 ii
2687 1081 2776 1152 qui
2808 1079 3044 1133 advenas
3070 1084 3292 1130 orantes
3315 1080 3371 1126 et
3396 1085 3518 1140 sup-

1912 1183 2205 1253 plicantes,
2242 1193 2303 1232 ac
2329 1175 2522 1232 sedulo
2561 1189 2621 1228 se
2656 1185 2839 1227 coram
2871 1165 3326 1223 cisdemittentes
3357 1159 3522 1217 multa

1913 1251 2304 1329 inhumanitate
2353 1275 2673 1322 aversantur
2729 1272 2783 1316 et
2837 1258 3127 1328 repellunt.
3191 1253 3327 1308 Vide
3376 1251 3522 1307 enim

1912 1363 2186 1436 quomodo
2209 1362 2386 1430 justus
2416 1358 2504 1413 ille
2535 1371 2642 1411 non
2667 1350 3000 1422 exspectavit
3029 1348 3205 1402 donec
3230 1345 3296 1400 ad
3327 1359 3388 1399 se
3427 1358 3527 1399 ve-

1913 1435 2112 1520 nirent,
2141 1452 2237 1509 sed
2267 1453 2404 1506 sicut
2430 1448 2733 1519 patriarcha
2755 1488 2768 1510 ,
2799 1444 3053 1514 ignorans
3102 1439 3190 1510 qui
3219 1445 3404 1494 essent
3428 1435 3523 1491 bo-

1914 1547 2101 1615 Spitcs,
2132 1553 2188 1600 et
2214 1542 2496 1612 suSpicans
2520 1541 2757 1593 viatores
2785 1534 3045 1606 quosdam
3078 1547 3220 1596 esse,
3245 1529 3394 1600 quasi
3414 1543 3526 1599 prie

1911 1638 2108 1708 gaulio
2150 1635 2398 1699 saltabat,
2436 1633 2556 1703 quia
2587 1639 2907 1700 assequutus
2935 1635 3053 1682 erat
3078 1626 3358 1695 quasitam
3389 1636 3528 1693 pra:-

1912 1729 2058 1794 dam,
2103 1737 2290 1783 etnon
2331 1726 2612 1780 aberrarat
2649 1721 2719 1777 ab
2749 1733 2816 1776 eo
2841 1719 2983 1789 quod
3016 1716 3285 1786 cupiebat.
3327 1713 3395 1769 Ut
3432 1729 3530 1767 au-

1913 1830 2012 1874 tem
2036 1819 2180 1883 uidit,
2223 1817 2417 1887 inquit,
2458 1814 2677 1870 surrexit
2719 1816 2774 1866 in
2814 1826 3077 1865 occursum
3105 1808 3230 1874 illis,
3261 1815 3308 1860 et
3335 1805 3525 1859 adora-

1916 1913 1998 1970 bat
2047 1911 2177 1982 facie
2222 1924 2378 1980 super
2413 1917 2619 1960 terram.
2661 1903 2874 1960 Gratias
2911 1901 3019 1971 egit
3069 1899 3202 1961 Deo,
3256 1895 3400 1967 quod
3445 1893 3529 1949 di-

1913 2010 2108 2074 gnatus
2148 2011 2294 2058 esset
2328 2015 2452 2056 eum
2483 1998 2926 2069 praetereuntium
2948 1993 3314 2061 susceptione.
3339 1989 3530 2044 Anim-

1913 2095 2140 2151 adverte
2186 2094 2326 2149 illius
2370 2093 2565 2146 anima:
2608 2091 2885 2144 virtutem.
2929 2085 3179 2155 Magnum
3224 2082 3319 2138 Dei
3354 2082 3529 2137 bene-

1918 2189 2093 2243 ﬁcium
2122 2187 2484 2242 arbitrabatur
2511 2183 2767 2239 incidisse
2815 2181 2870 2235 in
2913 2179 3013 2234 hos
3042 2179 3187 2234 viros
3208 2218 3222 2241 ,
3255 2184 3315 2230 ut
3343 2189 3529 2231 susce-

1917 2279 2023 2349 ptis
2048 2279 2154 2332 illis
2187 2293 2342 2332 suum
2368 2275 2651 2346 perliceret
2671 2271 3024 2329 desiderium.
3055 2269 3175 2324 Jam
3206 2282 3276 2322 ne
3302 2264 3530 2330 dixeris,

1917 2373 2065 2442 ipsos
2106 2371 2332 2442 angelos
2375 2370 2573 2425 fuisse:
2619 2367 2717 2422 sed
2762 2367 2864 2422 hoc
2903 2365 3083 2436 potius
3111 2371 3286 2416 tecum
3315 2368 3531 2429 reputa,

1913 2464 2119 2534 justum
2167 2464 2317 2518 illum
2349 2461 2588 2516 nondum
2632 2459 2738 2514 hoc
2777 2458 3023 2522 scivisse,
3053 2453 3149 2510 sed
3173 2451 3324 2524 quasi
3351 2450 3534 2504 homi-

1920 2571 2016 2610 nes
2043 2555 2259 2626 ignotos
2280 2564 2333 2609 et
2361 2559 2753 2622 praetereuntes
2789 2547 3112 2618 suscipiens,
3155 2545 3228 2600 ita
3274 2542 3532 2597 aﬁ'ectum

1920 2647 2106 2703 fuisse.
2152 2647 2209 2701 2.
2241 2646 2312 2700 Et
2345 2645 2519 2700 dixit:
2549 2640 2704 2711 Ecce,
2732 2638 2947 2706 domini,
2979 2637 3206 2692 divertite
3237 2634 3292 2688 in
3323 2632 3534 2687 domum

1920 2740 2066 2808 pueri
2103 2739 2283 2804 vestri,
2319 2745 2366 2791 et
2409 2744 2625 2800 manete,
2675 2731 2935 2805 quiescite,
2969 2740 3014 2784 et
3054 2729 3220 2782 lavate
3254 2724 3407 2796 pedes
3447 2738 3535 2778 ω-

1919 2838 2072 2892 stros,
2101 2839 2149 2882 et
2183 2827 2410 2882 diluculo
2439 2831 2578 2897 facta
2607 2821 3004 2896 proﬁciscemini
3037 2821 3091 2873 in
3121 2818 3257 2872 uiam
3292 2825 3533 2869 uestram.

1925 2920 2212 2977 Sufﬁciunt
2259 2921 2377 2976 haec
2416 2919 2580 2975 verba
2613 2917 2681 2972 ad
2726 2913 3086 2985 detegendam
3129 2912 3385 2965 virtutem
3413 2921 3537 2976 qua

1923 3013 1976 3069 in
2004 3023 2222 3083 pectore
2242 3009 2372 3082 justi
2403 3010 2617 3067 latebat.
2647 3009 2719 3064 Et
2737 3006 2864 3079 quid
2894 3005 3090 3061 mirum
3113 3004 3158 3059 si
3187 3002 3310 3072 quis
3342 2999 3539 3056 obstu-

1923 3113 2111 3176 pescat
2145 3104 2407 3160 eximiam
2454 3101 2837 3165 humilitatem,
2884 3111 2947 3152 ae
2987 3096 3259 3151 fervorem
3292 3107 3452 3164 quem
3481 3090 3539 3149 in

1926 3195 2296 3265 hospitalitate
2323 3193 2635 3248 declarabat
2660 3191 2684 3243 ?
2714 3189 2864 3251 Ecce,
2895 3187 3090 3256 inquit,
3124 3181 3338 3249 domini,
3369 3182 3540 3238 diver-

1925 3287 2013 3341 tite
2038 3286 2092 3339 in
2129 3286 2337 3338 domum
2363 3282 2504 3353 pueri
2531 3281 2701 3335 uestri.
2731 3279 2797 3334 Et
2824 3278 2944 3333 illos
2969 3275 3222 3330 dominos
3253 3280 3432 3339 vocat,
3474 3284 3541 3329 se

1925 3377 2164 3444 seipsum
2214 3375 2428 3429 illorum
2469 3386 2686 3428 servum
2713 3368 2972 3439 appellat.
3005 3365 3308 3421 Audiamus
3333 3370 3542 3421 attente

1927 3467 2044 3522 hare
2071 3467 2255 3531 verba,
2292 3465 2653 3528 dilectissimi,
2685 3471 2743 3518 et
2784 3461 2984 3517 similia
3028 3473 3130 3514 nos
3155 3471 3372 3528 quoque
3399 3471 3542 3527 prat-

1929 3568 2073 3615 stare
2099 3559 2395 3614 discamus.
2417 3556 2508 3611 Vir
2537 3557 2828 3626 gloriosus,
2852 3553 3071 3616 nobilis,
3101 3563 3208 3608 tam
3233 3550 3540 3616 abundans,

1931 3661 2112 3708 tantus
2159 3649 2571 3722 paterfamilias,
2627 3649 2887 3713 viatores,
2931 3645 3194 3716 hOSpites,
3221 3645 3455 3714 ignotos,
3484 3651 3546 3698 ut

1929 3743 2282 3815 apparebant,
2321 3741 2478 3806 viles,
2511 3748 2926 3810 pratereuntes,
2958 3735 3200 3805 nihilque
3231 3733 3300 3788 ad
3329 3748 3389 3789 se
3413 3733 3543 3789 atti-

1932 3845 2143 3900 nentes,
2182 3833 2434 3889 dominos
2471 3832 2736 3895 nominat,
2773 3837 2829 3884 et
2862 3827 3035 3898 inquit
3063 3845 3077 3881 :
3105 3825 3354 3880 Dtuertite
3377 3824 3431 3879 in
3449 3822 3546 3878 do-

1931 3947 2070 3984 mum
2103 3929 2243 3998 pueri
2282 3927 2453 3991 uestri,
2495 3934 2540 3978 et
2567 3923 2829 3993 quiescite.
2858 3921 3094 3990 Vespera
3135 3918 3304 3982 enim,
3347 3916 3540 3985 inquit,

1932 4021 2153 4094 ingruit.
2187 4019 2392 4075 Morem
2425 4015 2558 4071 mihi
2589 4015 2784 4085 gerite,
2828 4021 2884 4069 et
2924 4009 3296 4066 lassitudinem
3322 4006 3429 4062 diei
3457 4019 3546 4059 so-

1934 4115 2117 4172 lamini
2149 4115 2200 4169 in
2229 4112 2449 4168 domum
2490 4108 2635 4164 servi
2674 4106 2839 4162 vestri
2878 4104 3237 4160 divertentes.
3275 4096 3545 4170 Numquid

1932 4221 2186 4278 magnum
2218 4204 2374 4260 vobis
2403 4199 2704 4273 promitto?
2731 4197 2924 4252 Lavate
2959 4195 3111 4267 pedes
3135 4202 3324 4247 uestros
3353 4191 3549 4247 itinere

1934 4300 2092 4369 longo
2133 4297 2405 4368 fatigatos,
2449 4304 2498 4351 et
2523 4291 2766 4348 diluculo
2798 4288 3014 4360 pergetis
3048 4287 3102 4341 in
3137 4287 3271 4340 viam
3305 4292 3543 4338 uestram.

1937 4391 2087 4446 lianc
2113 4391 2338 4460 gratiam
2379 4387 2579 4441 donate
2627 4383 2781 4446 mihi,
2812 4388 2870 4435 et
2908 4379 3228 4449 petitionem
3271 4389 3448 4430 meam
3479 4387 3548 4430 ne

1938 4481 2291 4538 frustremini.
2323 4478 2388 4532 Et
2418 4478 2681 4542 dixerunt,
2714 4471 2908 4542 inquit,
2945 4467 3181 4532 Minime,
3217 4466 3308 4520 sed
3341 4466 3398 4519 in
3432 4465 3548 4537 pla-

1941 4585 2020 4662 tea
2070 4573 2402 4626 manebimus.
2456 4569 2632 4622 Etiam
2684 4571 2808 4636 post
2861 4569 3073 4624 tantum
3113 4558 3552 4616 exhortationem

1936 4651 2096 4738 qquam
2135 4665 2362 4727 fecerat,
2391 4677 2514 4717 cum
2546 4659 2681 4714 vidit
2708 4673 2804 4712 eos
2833 4669 3087 4718 renuere,
3113 4668 3220 4708 non
3252 4651 3549 4719 obtorpuit,

1937 4773 2112 4828 neque
2148 4758 2215 4811 ab
2256 4758 2504 4810 instituto
2547 4765 2648 4806 suo
2693 4749 2926 4812 destitit,
2970 4760 3147 4815 neque
3190 4744 3314 4799 fecit
3345 4743 3420 4797 uti
3452 4757 3554 4798 nos

1939 4849 2208 4906 interdum
2268 4845 2494 4901 facimus
2541 4861 2555 4898 :
2602 4841 2695 4913 qui
2747 4841 2792 4896 si
2853 4837 3069 4909 quando
3125 4836 3358 4904 aliquem
3425 4831 3552 4887 hor-

1940 4946 2042 5000 tari
2089 4943 2392 5013 dignamur,
2435 4946 2492 4994 et
2530 4944 2717 5006 postea
2752 4932 2998 4986 videmus
3035 4943 3323 4999 parumper
3374 4925 3553 4981 detrw

1938 5048 2172 5095 ctantem
2219 5045 2275 5090 et
2325 5039 2666 5094 renuentem,
2715 5025 2896 5082 statim
2942 5023 3259 5078 desistimus
3290 5019 3378 5075 :id
3407 5017 3554 5090 quod

1940 5129 2225 5198 contingit,
2280 5125 2402 5196 quia
2457 5123 2588 5178 citra
2655 5116 2990 5174 desiderium
3032 5125 3090 5169 et
3131 5112 3403 5168 fervorem
3445 5111 3549 5166 hoc

1941 5222 2170 5292 agimus,
2200 5227 2254 5273 et
2278 5216 2512 5272 maxime
2539 5211 2662 5282 quia
2694 5218 2944 5281 putamus
2974 5205 3228 5262 sufﬁcere
3250 5205 3552 5259 excusatio-

1942 5332 2090 5379 nem,
2110 5315 2152 5368 si
2175 5314 2356 5367 dicere
2379 5308 2652 5380 possimus
2680 5304 2875 5359 fecisse
2895 5316 2994 5356 nos
3019 5298 3256 5354 officium
3281 5306 3548 5352 nostrum.

2017 5408 2070 5461 3.
2100 5404 2237 5474 Quid
2268 5403 2371 5469 ais,
2402 5400 2641 5455 ofﬁcium
2683 5404 2737 5450 te
2771 5404 2920 5448 tuum
2952 5389 3188 5446 fecisse?
3216 5388 3458 5443 Amisisti
3494 5387 3547 5441 in

1947 5500 2232 5557 venatione
2250 5492 2508 5567 pradam;
2533 5489 2795 5546 aberrasti
2811 5503 2840 5542 a
2861 5486 3136 5549 thesauro;
3160 5491 3214 5538 et
3232 5492 3326 5537 tuo
3340 5480 3553 5535 functus

1945 5609 2006 5650 es
2017 5587 2391 5646 officiol'l‘unc
2404 5595 2496 5640 tuo
2513 5582 2729 5638 functus
2745 5593 2895 5636 esses
2916 5575 3115 5641 ofﬁcio,
3134 5574 3178 5628 si
3196 5589 3302 5628 non
3321 5572 3554 5639 abiecis-

1944 5701 2081 5742 sese
2107 5682 2351 5738 manibus
2382 5673 2780 5740 thesaurum,si
2811 5685 2919 5725 non
2947 5667 3282 5739 praeterisses
3309 5666 3362 5719 in
3393 5677 3546 5717 vena-

1951 5782 2096 5836 tione
2109 5775 2367 5850 prmdam,
2387 5772 2430 5827 si
2461 5784 2570 5825 non
2587 5763 2955 5837 perfunctorie
2985 5769 3038 5816 ct
3064 5759 3230 5814 verbo
3258 5767 3410 5811 tenus
3445 5764 3559 5810 tan-

1956 5885 2066 5931 tum
2095 5847 2517 5944 hospitalitatem
2545 5861 2862 5918 iudicasses.
2889 5858 2955 5913 At
2991 5869 3096 5910 non
3131 5852 3307 5925 justus
3334 5847 3424 5906 ille
3442 5848 3556 5907 sic:
