  <div class='ocr_page' id='page_1' title='image "/cluster/home/n/w/nwhite01/storage/ocr_20150623/54/ien.35556001660810/031.png"; bbox 0 0 4060 6430; ppageno 0'>
   <div class='ocr_carea' id='block_1_1' title="bbox 594 400 704 459">
    <p class='ocr_par' dir='ltr' id='par_1_1' title="bbox 594 400 704 459">
     <span class='ocr_line' id='line_1_1' title="bbox 594 400 704 459; baseline 0 0"><span class='ocrx_word' id='word_1_1' title='bbox 594 400 704 459; x_wconf 68' lang='grc' dir='ltr'><strong>’ὅση</strong></span> 
     </span>
    </p>
   </div>
   <div class='ocr_carea' id='block_1_2' title="bbox 601 520 2180 613">
    <p class='ocr_par' dir='ltr' id='par_1_2' title="bbox 601 520 2180 613">
     <span class='ocr_line' id='line_1_2' title="bbox 601 520 2180 613; baseline 0.004 -30"><span class='ocrx_word' id='word_1_2' title='bbox 601 520 697 576; x_wconf 76' lang='lat' dir='ltr'><strong>ch</strong></span> <span class='ocrx_word' id='word_1_3' title='bbox 720 521 887 594; x_wconf 69' lang='lat' dir='ltr'><strong>Quid?</strong></span> <span class='ocrx_word' id='word_1_4' title='bbox 919 524 1137 584; x_wconf 84' lang='lat' dir='ltr'><strong>Videbat</strong></span> <span class='ocrx_word' id='word_1_5' title='bbox 1155 529 1489 594; x_wconf 79' lang='lat' dir='ltr'><strong>obiectantes</strong></span> <span class='ocrx_word' id='word_1_6' title='bbox 1503 526 1617 595; x_wconf 89' lang='lat' dir='ltr'><strong>suis</strong></span> <span class='ocrx_word' id='word_1_7' title='bbox 1628 540 1898 613; x_wconf 77' lang='lat' dir='ltr'><strong>precibus,</strong></span> <span class='ocrx_word' id='word_1_8' title='bbox 1915 538 2041 597; x_wconf 91' lang='lat' dir='ltr'><strong>etin</strong></span> <span class='ocrx_word' id='word_1_9' title='bbox 2067 537 2180 609; x_wconf 82' lang='lat' dir='ltr'><strong>pla-</strong></span> 
     </span>
    </p>
   </div>
   <div class='ocr_carea' id='block_1_3' title="bbox 602 617 2183 702">
    <p class='ocr_par' dir='ltr' id='par_1_3' title="bbox 602 617 2183 702">
     <span class='ocr_line' id='line_1_3' title="bbox 602 617 2183 702; baseline 0.013 -38"><span class='ocrx_word' id='word_1_10' title='bbox 602 618 686 666; x_wconf 86' lang='lat' dir='ltr'><strong>tea</strong></span> <span class='ocrx_word' id='word_1_11' title='bbox 709 626 926 671; x_wconf 88' lang='lat' dir='ltr'><strong>manere</strong></span> <span class='ocrx_word' id='word_1_12' title='bbox 949 617 1210 676; x_wconf 85' lang='lat' dir='ltr'><strong>volentes.</strong></span> <span class='ocrx_word' id='word_1_13' title='bbox 1232 621 1345 680; x_wconf 80' lang='lat' dir='ltr'><strong>Hoc</strong></span> <span class='ocrx_word' id='word_1_14' title='bbox 1374 634 1551 683; x_wconf 85' lang='lat' dir='ltr'><strong>autem</strong></span> <span class='ocrx_word' id='word_1_15' title='bbox 1577 629 1842 693; x_wconf 86' lang='lat' dir='ltr'><strong>faciebant</strong></span> <span class='ocrx_word' id='word_1_16' title='bbox 1862 631 2056 702; x_wconf 93' lang='lat' dir='ltr'><strong>angeli,</strong></span> <span class='ocrx_word' id='word_1_17' title='bbox 2073 631 2183 685; x_wconf 86' lang='lat' dir='ltr'><strong>vir-</strong></span> 
     </span>
    </p>
   </div>
   <div class='ocr_carea' id='block_1_4' title="bbox 601 703 2181 787">
    <p class='ocr_par' dir='ltr' id='par_1_4' title="bbox 601 703 2181 787">
     <span class='ocr_line' id='line_1_4' title="bbox 601 703 2181 787; baseline 0.012 -29"><span class='ocrx_word' id='word_1_18' title='bbox 601 710 769 769; x_wconf 74' lang='lat' dir='ltr'><strong>tatem</strong></span> <span class='ocrx_word' id='word_1_19' title='bbox 777 703 906 774; x_wconf 87' lang='lat' dir='ltr'><strong>justi</strong></span> <span class='ocrx_word' id='word_1_20' title='bbox 925 707 1100 777; x_wconf 84' lang='lat' dir='ltr'><strong>palam</strong></span> <span class='ocrx_word' id='word_1_21' title='bbox 1122 709 1301 771; x_wconf 89' lang='lat' dir='ltr'><strong>facere</strong></span> <span class='ocrx_word' id='word_1_22' title='bbox 1320 717 1581 787; x_wconf 89' lang='lat' dir='ltr'><strong>volentes,</strong></span> <span class='ocrx_word' id='word_1_23' title='bbox 1596 729 1649 776; x_wconf 88' lang='lat' dir='ltr'><strong>et</strong></span> <span class='ocrx_word' id='word_1_24' title='bbox 1669 736 1768 777; x_wconf 89' lang='lat' dir='ltr'><strong>nos</strong></span> <span class='ocrx_word' id='word_1_25' title='bbox 1780 736 1967 778; x_wconf 88' lang='lat' dir='ltr'><strong>omnes</strong></span> <span class='ocrx_word' id='word_1_26' title='bbox 1986 721 2181 777; x_wconf 85' lang='lat' dir='ltr'><strong>docere</strong></span> 
     </span>
    </p>
   </div>
   <div class='ocr_carea' id='block_1_5' title="bbox 597 794 2181 882">
    <p class='ocr_par' dir='ltr' id='par_1_5' title="bbox 597 794 2181 882">
     <span class='ocr_line' id='line_1_5' title="bbox 597 794 2181 882; baseline 0.013 -37"><span class='ocrx_word' id='word_1_27' title='bbox 597 802 795 860; x_wconf 80' lang='lat' dir='ltr'><strong>quanta</strong></span> <span class='ocrx_word' id='word_1_28' title='bbox 816 794 934 866; x_wconf 84' lang='lat' dir='ltr'><strong>ejus</strong></span> <span class='ocrx_word' id='word_1_29' title='bbox 958 796 1121 856; x_wconf 87' lang='lat' dir='ltr'><strong>fuerit</strong></span> <span class='ocrx_word' id='word_1_30' title='bbox 1145 801 1498 876; x_wconf 89' lang='lat' dir='ltr'><strong>hospitalitas.</strong></span> <span class='ocrx_word' id='word_1_31' title='bbox 1529 810 1720 867; x_wconf 86' lang='lat' dir='ltr'><strong>Postea</strong></span> <span class='ocrx_word' id='word_1_32' title='bbox 1744 822 1922 868; x_wconf 87' lang='lat' dir='ltr'><strong>autem</strong></span> <span class='ocrx_word' id='word_1_33' title='bbox 1943 827 2050 869; x_wconf 91' lang='lat' dir='ltr'><strong>non</strong></span> <span class='ocrx_word' id='word_1_34' title='bbox 2066 812 2181 882; x_wconf 87' lang='lat' dir='ltr'><strong>jam</strong></span> 
     </span>
    </p>
   </div>
   <div class='ocr_carea' id='block_1_6' title="bbox 598 883 2181 967">
    <p class='ocr_par' dir='ltr' id='par_1_6' title="bbox 598 883 2181 967">
     <span class='ocr_line' id='line_1_6' title="bbox 598 883 2181 967; baseline 0.016 -34"><span class='ocrx_word' id='word_1_35' title='bbox 598 883 777 939; x_wconf 78' lang='lat' dir='ltr'><strong>verbis</strong></span> <span class='ocrx_word' id='word_1_36' title='bbox 794 897 1078 947; x_wconf 88' lang='lat' dir='ltr'><strong>contentus</strong></span> <span class='ocrx_word' id='word_1_37' title='bbox 1100 902 1185 950; x_wconf 91' lang='lat' dir='ltr'><strong>est</strong></span> <span class='ocrx_word' id='word_1_38' title='bbox 1201 896 1493 967; x_wconf 77' lang='lat' dir='ltr'><strong>exhortari,</strong></span> <span class='ocrx_word' id='word_1_39' title='bbox 1520 901 1618 957; x_wconf 88' lang='lat' dir='ltr'><strong>sed</strong></span> <span class='ocrx_word' id='word_1_40' title='bbox 1653 914 1710 958; x_wconf 90' lang='lat' dir='ltr'><strong>et</strong></span> <span class='ocrx_word' id='word_1_41' title='bbox 1734 903 1840 959; x_wconf 90' lang='lat' dir='ltr'><strong>vim</strong></span> <span class='ocrx_word' id='word_1_42' title='bbox 1868 903 2014 959; x_wconf 80' lang='lat' dir='ltr'><strong>facit.</strong></span> <span class='ocrx_word' id='word_1_43' title='bbox 2047 903 2181 959; x_wconf 87' lang='lat' dir='ltr'><strong>Pro-</strong></span> 
     </span>
    </p>
   </div>
   <div class='ocr_carea' id='block_1_7' title="bbox 596 976 2181 1067">
    <p class='ocr_par' dir='ltr' id='par_1_7' title="bbox 596 976 2181 1067">
     <span class='ocr_line' id='line_1_7' title="bbox 596 976 2181 1067; baseline 0.015 -39"><span class='ocrx_word' id='word_1_44' title='bbox 596 979 784 1067; x_wconf 72' lang='lat' dir='ltr'><strong>pterea</strong></span> <span class='ocrx_word' id='word_1_45' title='bbox 804 986 859 1067; x_wconf 79' lang='lat' dir='ltr'><strong>et</strong></span> <span class='ocrx_word' id='word_1_46' title='bbox 878 976 1119 1038; x_wconf 76' lang='lat' dir='ltr'><strong>Christus</strong></span> <span class='ocrx_word' id='word_1_47' title='bbox 1133 982 1370 1043; x_wconf 79' lang='lat' dir='ltr'><strong>dicebat:</strong></span> <span class='ocrx_word' id='word_1_48' title='bbox 1390 988 1604 1048; x_wconf 86' lang='lat' dir='ltr'><strong>l’iolenti</strong></span> <span class='ocrx_word' id='word_1_49' title='bbox 1627 995 1832 1065; x_wconf 76' lang='lat' dir='ltr'><strong>rapiunt</strong></span> <span class='ocrx_word' id='word_1_50' title='bbox 1851 1010 2061 1067; x_wconf 78' lang='lat' dir='ltr'><strong><em>regnum</em></strong></span> <span class='ocrx_word' id='word_1_51' title='bbox 2079 1009 2181 1049; x_wconf 82' lang='lat' dir='ltr'><strong>cte-</strong></span> 
     </span>
    </p>
   </div>
   <div class='ocr_carea' id='block_1_8' title="bbox 596 1059 2179 1155">
    <p class='ocr_par' dir='ltr' id='par_1_8' title="bbox 596 1059 2179 1155">
     <span class='ocr_line' id='line_1_8' title="bbox 596 1059 2179 1155; baseline 0.016 -40"><span class='ocrx_word' id='word_1_52' title='bbox 596 1059 763 1155; x_wconf 70' lang='lat' dir='ltr'><strong>lorunt</strong></span> <span class='ocrx_word' id='word_1_53' title='bbox 801 1066 1013 1137; x_wconf 70' lang='lat' dir='ltr'><strong>(Matth.</strong></span> <span class='ocrx_word' id='word_1_54' title='bbox 1046 1073 1135 1127; x_wconf 80' lang='grc' dir='ltr'><strong>Η.</strong></span> <span class='ocrx_word' id='word_1_55' title='bbox 1170 1072 1284 1147; x_wconf 65' lang='grc'><strong>19).</strong></span> <span class='ocrx_word' id='word_1_56' title='bbox 1315 1078 1417 1135; x_wconf 88' lang='lat' dir='ltr'><strong>Ubi</strong></span> <span class='ocrx_word' id='word_1_57' title='bbox 1446 1080 1591 1138; x_wconf 89' lang='lat' dir='ltr'><strong>enim</strong></span> <span class='ocrx_word' id='word_1_58' title='bbox 1620 1059 1894 1155; x_wconf 85' lang='lat' dir='ltr'><strong>spirituale</strong></span> <span class='ocrx_word' id='word_1_59' title='bbox 1907 1059 2179 1141; x_wconf 63' lang='lat' dir='ltr'><strong>affulserit</strong></span> 
     </span>
    </p>
   </div>
   <div class='ocr_carea' id='block_1_9' title="bbox 596 1149 2180 1239">
    <p class='ocr_par' dir='ltr' id='par_1_9' title="bbox 596 1149 2180 1239">
     <span class='ocr_line' id='line_1_9' title="bbox 596 1149 2180 1239; baseline 0.016 -33"><span class='ocrx_word' id='word_1_60' title='bbox 596 1149 823 1223; x_wconf 87' lang='lat' dir='ltr'><strong>lucrum,</strong></span> <span class='ocrx_word' id='word_1_61' title='bbox 846 1163 1156 1231; x_wconf 83' lang='lat' dir='ltr'><strong>tempestiva</strong></span> <span class='ocrx_word' id='word_1_62' title='bbox 1191 1168 1351 1223; x_wconf 87' lang='lat' dir='ltr'><strong>fuerit</strong></span> <span class='ocrx_word' id='word_1_63' title='bbox 1386 1149 1670 1239; x_wconf 59' lang='lat' dir='ltr'><strong>violentia,</strong></span> <span class='ocrx_word' id='word_1_64' title='bbox 1682 1182 1737 1230; x_wconf 91' lang='lat' dir='ltr'><strong>et</strong></span> <span class='ocrx_word' id='word_1_65' title='bbox 1772 1173 2052 1229; x_wconf 86' lang='lat' dir='ltr'><strong>laudabilis</strong></span> <span class='ocrx_word' id='word_1_66' title='bbox 2086 1188 2180 1231; x_wconf 89' lang='lat' dir='ltr'><strong>co-</strong></span> 
     </span>
    </p>
   </div>
   <div class='ocr_carea' id='block_1_10' title="bbox 592 1241 2178 1330">
    <p class='ocr_par' dir='ltr' id='par_1_10' title="bbox 592 1241 2178 1330">
     <span class='ocr_line' id='line_1_10' title="bbox 592 1241 2178 1330; baseline 0.016 -34"><span class='ocrx_word' id='word_1_67' title='bbox 592 1241 758 1299; x_wconf 88' lang='lat' dir='ltr'><strong>actio.</strong></span> <span class='ocrx_word' id='word_1_68' title='bbox 788 1245 927 1303; x_wconf 79' lang='lat' dir='ltr'><strong>5.Et</strong></span> <span class='ocrx_word' id='word_1_69' title='bbox 953 1255 1300 1326; x_wconf 76' lang='lat' dir='ltr'><strong>contpellebat,</strong></span> <span class='ocrx_word' id='word_1_70' title='bbox 1331 1259 1523 1330; x_wconf 89' lang='lat' dir='ltr'><strong>inquit,</strong></span> <span class='ocrx_word' id='word_1_71' title='bbox 1538 1278 1645 1319; x_wconf 87' lang='lat' dir='ltr'><strong>eos.</strong></span> <span class='ocrx_word' id='word_1_72' title='bbox 1673 1264 1799 1319; x_wconf 75' lang='lat' dir='ltr'><strong>Mihi</strong></span> <span class='ocrx_word' id='word_1_73' title='bbox 1826 1272 2007 1321; x_wconf 88' lang='lat' dir='ltr'><strong>autem</strong></span> <span class='ocrx_word' id='word_1_74' title='bbox 2029 1265 2178 1322; x_wconf 82' lang='lat' dir='ltr'><strong>vide-</strong></span> 
     </span>
    </p>
   </div>
   <div class='ocr_carea' id='block_1_11' title="bbox 594 1338 2177 1427">
    <p class='ocr_par' dir='ltr' id='par_1_11' title="bbox 594 1338 2177 1427">
     <span class='ocr_line' id='line_1_11' title="bbox 594 1338 2177 1427; baseline 0.015 -39"><span class='ocrx_word' id='word_1_75' title='bbox 594 1340 686 1391; x_wconf 91' lang='lat' dir='ltr'><strong>tur</strong></span> <span class='ocrx_word' id='word_1_76' title='bbox 715 1343 771 1393; x_wconf 88' lang='lat' dir='ltr'><strong>et</strong></span> <span class='ocrx_word' id='word_1_77' title='bbox 803 1338 997 1397; x_wconf 90' lang='lat' dir='ltr'><strong>invitos</strong></span> <span class='ocrx_word' id='word_1_78' title='bbox 1025 1359 1120 1402; x_wconf 88' lang='lat' dir='ltr'><strong>eos</strong></span> <span class='ocrx_word' id='word_1_79' title='bbox 1145 1351 1441 1408; x_wconf 82' lang='lat' dir='ltr'><strong>attrahere.</strong></span> <span class='ocrx_word' id='word_1_80' title='bbox 1475 1353 1681 1411; x_wconf 86' lang='lat' dir='ltr'><strong>Deinde</strong></span> <span class='ocrx_word' id='word_1_81' title='bbox 1702 1353 1797 1411; x_wconf 92' lang='lat' dir='ltr'><strong>ubi</strong></span> <span class='ocrx_word' id='word_1_82' title='bbox 1817 1355 2069 1413; x_wconf 88' lang='lat' dir='ltr'><strong>viderunt</strong></span> <span class='ocrx_word' id='word_1_83' title='bbox 2090 1355 2177 1427; x_wconf 83' lang='lat' dir='ltr'><strong>ju-</strong></span> 
     </span>
    </p>
   </div>
   <div class='ocr_carea' id='block_1_12' title="bbox 590 1428 2175 1515">
    <p class='ocr_par' dir='ltr' id='par_1_12' title="bbox 590 1428 2175 1515">
     <span class='ocr_line' id='line_1_12' title="bbox 590 1428 2175 1515; baseline 0.015 -35"><span class='ocrx_word' id='word_1_84' title='bbox 590 1433 735 1482; x_wconf 85' lang='lat' dir='ltr'><strong>stum</strong></span> <span class='ocrx_word' id='word_1_85' title='bbox 765 1428 838 1484; x_wconf 91' lang='lat' dir='ltr'><strong>ita</strong></span> <span class='ocrx_word' id='word_1_86' title='bbox 877 1432 1192 1505; x_wconf 81' lang='lat' dir='ltr'><strong>ferventem,</strong></span> <span class='ocrx_word' id='word_1_87' title='bbox 1220 1440 1599 1515; x_wconf 89' lang='lat' dir='ltr'><strong>nolentemque</strong></span> <span class='ocrx_word' id='word_1_88' title='bbox 1623 1444 1905 1513; x_wconf 73' lang='lat' dir='ltr'><strong>desistere,</strong></span> <span class='ocrx_word' id='word_1_89' title='bbox 1933 1446 2039 1505; x_wconf 91' lang='lat' dir='ltr'><strong>nisi</strong></span> <span class='ocrx_word' id='word_1_90' title='bbox 2063 1449 2175 1503; x_wconf 86' lang='lat' dir='ltr'><strong>voti</strong></span> 
     </span>
    </p>
   </div>
   <div class='ocr_carea' id='block_1_13' title="bbox 589 1520 2175 1608">
    <p class='ocr_par' dir='ltr' id='par_1_13' title="bbox 589 1520 2175 1608">
     <span class='ocr_line' id='line_1_13' title="bbox 589 1520 2175 1608; baseline 0.016 -39"><span class='ocrx_word' id='word_1_91' title='bbox 589 1529 812 1589; x_wconf 85' lang='lat' dir='ltr'><strong>compos</strong></span> <span class='ocrx_word' id='word_1_92' title='bbox 851 1520 1021 1591; x_wconf 72' lang='lat' dir='ltr'><strong>fleret,</strong></span> <span class='ocrx_word' id='word_1_93' title='bbox 1065 1527 1495 1601; x_wconf 40' lang='lat' dir='ltr'><strong>Declinaeerttnt,’</strong></span> <span class='ocrx_word' id='word_1_94' title='bbox 1522 1536 1712 1608; x_wconf 82' lang='lat' dir='ltr'><strong>inquit,</strong></span> <span class='ocrx_word' id='word_1_95' title='bbox 1752 1539 1822 1593; x_wconf 83' lang='lat' dir='ltr'><strong>ad</strong></span> <span class='ocrx_word' id='word_1_96' title='bbox 1857 1556 1992 1607; x_wconf 83' lang='lat' dir='ltr'><strong>eum,</strong></span> <span class='ocrx_word' id='word_1_97' title='bbox 2023 1549 2067 1594; x_wconf 90' lang='lat' dir='ltr'><strong>et</strong></span> <span class='ocrx_word' id='word_1_98' title='bbox 2095 1540 2175 1595; x_wconf 87' lang='lat' dir='ltr'><strong>in-</strong></span> 
     </span>
    </p>
   </div>
   <div class='ocr_carea' id='block_1_14' title="bbox 590 1613 2174 1697">
    <p class='ocr_par' dir='ltr' id='par_1_14' title="bbox 590 1613 2174 1697">
     <span class='ocr_line' id='line_1_14' title="bbox 590 1613 2174 1697; baseline 0.015 -38"><span class='ocrx_word' id='word_1_99' title='bbox 590 1614 848 1665; x_wconf 68' lang='lat' dir='ltr'><strong>trauerunt</strong></span> <span class='ocrx_word' id='word_1_100' title='bbox 870 1613 924 1666; x_wconf 87' lang='lat' dir='ltr'><strong>in</strong></span> <span class='ocrx_word' id='word_1_101' title='bbox 939 1614 1146 1672; x_wconf 81' lang='lat' dir='ltr'><strong>domum</strong></span> <span class='ocrx_word' id='word_1_102' title='bbox 1170 1621 1300 1689; x_wconf 79' lang='lat' dir='ltr'><strong>ejus.</strong></span> <span class='ocrx_word' id='word_1_103' title='bbox 1321 1620 1392 1676; x_wconf 85' lang='lat' dir='ltr'><strong>Et</strong></span> <span class='ocrx_word' id='word_1_104' title='bbox 1405 1624 1525 1692; x_wconf 86' lang='lat' dir='ltr'><strong>fecit</strong></span> <span class='ocrx_word' id='word_1_105' title='bbox 1544 1628 1618 1682; x_wconf 85' lang='lat' dir='ltr'><strong>eis</strong></span> <span class='ocrx_word' id='word_1_106' title='bbox 1645 1629 1947 1697; x_wconf 76' lang='lat' dir='ltr'><strong>convivium,</strong></span> <span class='ocrx_word' id='word_1_107' title='bbox 1973 1638 2021 1683; x_wconf 87' lang='lat' dir='ltr'><strong>et</strong></span> <span class='ocrx_word' id='word_1_108' title='bbox 2040 1630 2174 1684; x_wconf 71' lang='lat' dir='ltr'><strong>coxit</strong></span> 
     </span>
    </p>
   </div>
   <div class='ocr_carea' id='block_1_15' title="bbox 590 1698 2171 1791">
    <p class='ocr_par' dir='ltr' id='par_1_15' title="bbox 590 1698 2171 1791">
     <span class='ocr_line' id='line_1_15' title="bbox 590 1698 2171 1791; baseline 0.015 -40"><span class='ocrx_word' id='word_1_109' title='bbox 590 1698 991 1773; x_wconf 84' lang='lat' dir='ltr'><strong>infennentatos,</strong></span> <span class='ocrx_word' id='word_1_110' title='bbox 1022 1718 1072 1762; x_wconf 84' lang='lat' dir='ltr'><strong>et</strong></span> <span class='ocrx_word' id='word_1_111' title='bbox 1099 1713 1439 1782; x_wconf 82' lang='lat' dir='ltr'><strong>comederunt,</strong></span> <span class='ocrx_word' id='word_1_112' title='bbox 1479 1719 1529 1774; x_wconf 72' lang='grc' dir='ltr'><strong>ι.</strong></span> <span class='ocrx_word' id='word_1_113' title='bbox 1575 1730 1844 1791; x_wconf 81' lang='lat' dir='ltr'><strong>antequam</strong></span> <span class='ocrx_word' id='word_1_114' title='bbox 1878 1723 2006 1775; x_wconf 82' lang='lat' dir='ltr'><strong>irent</strong></span> <span class='ocrx_word' id='word_1_115' title='bbox 2032 1720 2171 1775; x_wconf 81' lang='lat' dir='ltr'><strong>cubi-</strong></span> 
     </span>
    </p>
   </div>
   <div class='ocr_carea' id='block_1_16' title="bbox 590 1791 2170 1883">
    <p class='ocr_par' dir='ltr' id='par_1_16' title="bbox 590 1791 2170 1883">
     <span class='ocr_line' id='line_1_16' title="bbox 590 1791 2170 1883; baseline 0.016 -40"><span class='ocrx_word' id='word_1_116' title='bbox 590 1798 718 1883; x_wconf 69' lang='lat' dir='ltr'><strong>tant.</strong></span> <span class='ocrx_word' id='word_1_117' title='bbox 754 1791 938 1851; x_wconf 85' lang='lat' dir='ltr'><strong>Vidisti</strong></span> <span class='ocrx_word' id='word_1_118' title='bbox 970 1808 1026 1854; x_wconf 89' lang='lat' dir='ltr'><strong>et</strong></span> <span class='ocrx_word' id='word_1_119' title='bbox 1055 1803 1142 1857; x_wconf 91' lang='lat' dir='ltr'><strong>hic</strong></span> <span class='ocrx_word' id='word_1_120' title='bbox 1170 1820 1276 1861; x_wconf 89' lang='lat' dir='ltr'><strong>non</strong></span> <span class='ocrx_word' id='word_1_121' title='bbox 1302 1807 1355 1862; x_wconf 89' lang='lat' dir='ltr'><strong>in</strong></span> <span class='ocrx_word' id='word_1_122' title='bbox 1382 1820 1695 1882; x_wconf 88' lang='lat' dir='ltr'><strong>sumptuosa</strong></span> <span class='ocrx_word' id='word_1_123' title='bbox 1721 1826 1904 1868; x_wconf 85' lang='lat' dir='ltr'><strong>mensa</strong></span> <span class='ocrx_word' id='word_1_124' title='bbox 1928 1812 2170 1883; x_wconf 86' lang='lat' dir='ltr'><strong>hospita-</strong></span> 
     </span>
    </p>
   </div>
   <div class='ocr_carea' id='block_1_17' title="bbox 590 1879 2173 1968">
    <p class='ocr_par' dir='ltr' id='par_1_17' title="bbox 590 1879 2173 1968">
     <span class='ocr_line' id='line_1_17' title="bbox 590 1879 2173 1968; baseline 0.015 -33"><span class='ocrx_word' id='word_1_125' title='bbox 590 1879 793 1940; x_wconf 84' lang='lat' dir='ltr'><strong>litatem</strong></span> <span class='ocrx_word' id='word_1_126' title='bbox 844 1891 1077 1960; x_wconf 82' lang='lat' dir='ltr'><strong>ostendi,</strong></span> <span class='ocrx_word' id='word_1_127' title='bbox 1130 1895 1223 1951; x_wconf 86' lang='lat' dir='ltr'><strong>sed</strong></span> <span class='ocrx_word' id='word_1_128' title='bbox 1261 1899 1440 1968; x_wconf 83' lang='lat' dir='ltr'><strong>potius</strong></span> <span class='ocrx_word' id='word_1_129' title='bbox 1492 1879 1544 1957; x_wconf 76' lang='lat' dir='ltr'><strong>in</strong></span> <span class='ocrx_word' id='word_1_130' title='bbox 1582 1902 1900 1958; x_wconf 81' lang='lat' dir='ltr'><strong>liberalitate</strong></span> <span class='ocrx_word' id='word_1_131' title='bbox 1928 1879 2173 1958; x_wconf 76' lang='lat' dir='ltr'><strong>mentis?</strong></span> 
     </span>
    </p>
   </div>
   <div class='ocr_carea' id='block_1_18' title="bbox 587 1971 2165 2063">
    <p class='ocr_par' dir='ltr' id='par_1_18' title="bbox 587 1971 2165 2063">
     <span class='ocr_line' id='line_1_18' title="bbox 587 1971 2165 2063; baseline 0.013 -35"><span class='ocrx_word' id='word_1_132' title='bbox 587 1971 721 2062; x_wconf 81' lang='lat' dir='ltr'><strong>Nam</strong></span> <span class='ocrx_word' id='word_1_133' title='bbox 748 1980 926 2035; x_wconf 80' lang='lat' dir='ltr'><strong>statim</strong></span> <span class='ocrx_word' id='word_1_134' title='bbox 952 1992 1010 2038; x_wconf 93' lang='lat' dir='ltr'><strong>ut</strong></span> <span class='ocrx_word' id='word_1_135' title='bbox 1037 1999 1132 2040; x_wconf 83' lang='lat' dir='ltr'><strong>eos</strong></span> <span class='ocrx_word' id='word_1_136' title='bbox 1157 1986 1409 2046; x_wconf 88' lang='lat' dir='ltr'><strong>inducere</strong></span> <span class='ocrx_word' id='word_1_137' title='bbox 1446 1995 1619 2063; x_wconf 89' lang='lat' dir='ltr'><strong>potuit</strong></span> <span class='ocrx_word' id='word_1_138' title='bbox 1654 1995 1707 2048; x_wconf 90' lang='lat' dir='ltr'><strong>in</strong></span> <span class='ocrx_word' id='word_1_139' title='bbox 1743 1994 1959 2050; x_wconf 89' lang='lat' dir='ltr'><strong>domum</strong></span> <span class='ocrx_word' id='word_1_140' title='bbox 1992 2009 2165 2059; x_wconf 89' lang='lat' dir='ltr'><strong>suam,</strong></span> 
     </span>
    </p>
   </div>
   <div class='ocr_carea' id='block_1_19' title="bbox 589 2066 2170 2155">
    <p class='ocr_par' dir='ltr' id='par_1_19' title="bbox 589 2066 2170 2155">
     <span class='ocr_line' id='line_1_19' title="bbox 589 2066 2170 2155; baseline 0.013 -35"><span class='ocrx_word' id='word_1_141' title='bbox 589 2066 795 2123; x_wconf 89' lang='lat' dir='ltr'><strong>nullum</strong></span> <span class='ocrx_word' id='word_1_142' title='bbox 838 2069 1218 2143; x_wconf 81' lang='lat' dir='ltr'><strong>hospitalitatis</strong></span> <span class='ocrx_word' id='word_1_143' title='bbox 1263 2078 1499 2136; x_wconf 78' lang='lat' dir='ltr'><strong>ofﬁcium</strong></span> <span class='ocrx_word' id='word_1_144' title='bbox 1543 2086 1907 2153; x_wconf 57' lang='lat' dir='ltr'><strong>praetermisit.</strong></span> <span class='ocrx_word' id='word_1_145' title='bbox 1945 2085 2013 2140; x_wconf 87' lang='lat' dir='ltr'><strong>Et</strong></span> <span class='ocrx_word' id='word_1_146' title='bbox 2057 2088 2170 2155; x_wconf 82' lang='lat' dir='ltr'><strong>ipse</strong></span> 
     </span>
    </p>
   </div>
   <div class='ocr_carea' id='block_1_20' title="bbox 586 2156 2167 2249">
    <p class='ocr_par' dir='ltr' id='par_1_20' title="bbox 586 2156 2167 2249">
     <span class='ocr_line' id='line_1_20' title="bbox 586 2156 2167 2249; baseline 0.02 -40"><span class='ocrx_word' id='word_1_147' title='bbox 586 2156 801 2249; x_wconf 81' lang='lat' dir='ltr'><strong>quidem</strong></span> <span class='ocrx_word' id='word_1_148' title='bbox 829 2159 883 2216; x_wconf 92' lang='lat' dir='ltr'><strong>in</strong></span> <span class='ocrx_word' id='word_1_149' title='bbox 914 2164 1211 2222; x_wconf 89' lang='lat' dir='ltr'><strong>ministerio</strong></span> <span class='ocrx_word' id='word_1_150' title='bbox 1239 2181 1531 2243; x_wconf 84' lang='lat' dir='ltr'><strong>occupatus</strong></span> <span class='ocrx_word' id='word_1_151' title='bbox 1555 2184 1690 2241; x_wconf 90' lang='lat' dir='ltr'><strong>erat,</strong></span> <span class='ocrx_word' id='word_1_152' title='bbox 1721 2184 1777 2231; x_wconf 90' lang='lat' dir='ltr'><strong>et</strong></span> <span class='ocrx_word' id='word_1_153' title='bbox 1806 2177 1956 2234; x_wconf 87' lang='lat' dir='ltr'><strong>cibos</strong></span> <span class='ocrx_word' id='word_1_154' title='bbox 1998 2190 2167 2249; x_wconf 79' lang='lat' dir='ltr'><strong>appo-</strong></span> 
     </span>
    </p>
   </div>
   <div class='ocr_carea' id='block_1_21' title="bbox 587 2247 2171 2341">
    <p class='ocr_par' dir='ltr' id='par_1_21' title="bbox 587 2247 2171 2341">
     <span class='ocr_line' id='line_1_21' title="bbox 587 2247 2171 2341; baseline 0.015 -40"><span class='ocrx_word' id='word_1_155' title='bbox 587 2247 713 2341; x_wconf 71' lang='lat' dir='ltr'><strong>suit,</strong></span> <span class='ocrx_word' id='word_1_156' title='bbox 751 2258 809 2341; x_wconf 78' lang='lat' dir='ltr'><strong>et</strong></span> <span class='ocrx_word' id='word_1_157' title='bbox 841 2266 1055 2311; x_wconf 90' lang='lat' dir='ltr'><strong>omnem</strong></span> <span class='ocrx_word' id='word_1_158' title='bbox 1078 2256 1338 2317; x_wconf 88' lang='lat' dir='ltr'><strong>honorem</strong></span> <span class='ocrx_word' id='word_1_159' title='bbox 1368 2264 1676 2338; x_wconf 88' lang='lat' dir='ltr'><strong>cultumque</strong></span> <span class='ocrx_word' id='word_1_160' title='bbox 1704 2267 1963 2339; x_wconf 86' lang='lat' dir='ltr'><strong>impendit</strong></span> <span class='ocrx_word' id='word_1_161' title='bbox 1988 2247 2171 2341; x_wconf 84' lang='lat' dir='ltr'><strong>hospi-</strong></span> 
     </span>
    </p>
   </div>
   <div class='ocr_carea' id='block_1_22' title="bbox 590 2335 2166 2430">
    <p class='ocr_par' dir='ltr' id='par_1_22' title="bbox 590 2335 2166 2430">
     <span class='ocr_line' id='line_1_22' title="bbox 590 2335 2166 2430; baseline 0.017 -40"><span class='ocrx_word' id='word_1_162' title='bbox 590 2335 752 2430; x_wconf 38' lang='lat' dir='ltr'><strong>ti-bus,</strong></span> <span class='ocrx_word' id='word_1_163' title='bbox 786 2338 1032 2400; x_wconf 89' lang='lat' dir='ltr'><strong>homines</strong></span> <span class='ocrx_word' id='word_1_164' title='bbox 1056 2361 1151 2403; x_wconf 90' lang='lat' dir='ltr'><strong>eos</strong></span> <span class='ocrx_word' id='word_1_165' title='bbox 1175 2358 1231 2404; x_wconf 90' lang='lat' dir='ltr'><strong>et</strong></span> <span class='ocrx_word' id='word_1_166' title='bbox 1264 2352 1495 2410; x_wconf 79' lang='lat' dir='ltr'><strong>viatores</strong></span> <span class='ocrx_word' id='word_1_167' title='bbox 1517 2335 1926 2426; x_wconf 38' lang='lat' dir='ltr'><strong>quosdam&#39;csse</strong></span> <span class='ocrx_word' id='word_1_168' title='bbox 1952 2335 2166 2430; x_wconf 76' lang='lat' dir='ltr'><strong>putans.</strong></span> 
     </span>
    </p>
   </div>
   <div class='ocr_carea' id='block_1_23' title="bbox 596 2424 2169 2508">
    <p class='ocr_par' dir='ltr' id='par_1_23' title="bbox 596 2424 2169 2508">
     <span class='ocr_line' id='line_1_23' title="bbox 596 2424 2169 2508; baseline 0.018 -28"><span class='ocrx_word' id='word_1_169' title='bbox 596 2424 707 2482; x_wconf 83' lang='lat' dir='ltr'><strong>Viri</strong></span> <span class='ocrx_word' id='word_1_170' title='bbox 728 2440 895 2488; x_wconf 74' lang='lat' dir='ltr'><strong>autem</strong></span> <span class='ocrx_word' id='word_1_171' title='bbox 934 2437 1149 2494; x_wconf 80' lang='lat' dir='ltr'><strong>civitatis</strong></span> <span class='ocrx_word' id='word_1_172' title='bbox 1175 2440 1456 2501; x_wconf 67' lang='lat' dir='ltr'><strong>Sodomita:</strong></span> <span class='ocrx_word' id='word_1_173' title='bbox 1492 2424 1928 2506; x_wconf 72' lang='lat' dir='ltr'><strong>circstitdederunt</strong></span> <span class='ocrx_word' id='word_1_174' title='bbox 1952 2424 2169 2508; x_wconf 64' lang='lat' dir='ltr'><strong>domum</strong></span> 
     </span>
    </p>
   </div>
   <div class='ocr_carea' id='block_1_24' title="bbox 583 2517 2168 2608">
    <p class='ocr_par' dir='ltr' id='par_1_24' title="bbox 583 2517 2168 2608">
     <span class='ocr_line' id='line_1_24' title="bbox 583 2517 2168 2608; baseline 0.017 -37"><span class='ocrx_word' id='word_1_175' title='bbox 583 2531 619 2571; x_wconf 75' lang='grc' dir='ltr'><strong><em>ο</em></strong></span> <span class='ocrx_word' id='word_1_176' title='bbox 648 2517 837 2589; x_wconf 73' lang='lat' dir='ltr'><strong>juvene</strong></span> <span class='ocrx_word' id='word_1_177' title='bbox 860 2539 1017 2596; x_wconf 75' lang='lat' dir='ltr'><strong>usque</strong></span> <span class='ocrx_word' id='word_1_178' title='bbox 1052 2527 1122 2582; x_wconf 84' lang='lat' dir='ltr'><strong>ad</strong></span> <span class='ocrx_word' id='word_1_179' title='bbox 1157 2546 1345 2602; x_wconf 86' lang='lat' dir='ltr'><strong>senem,</strong></span> <span class='ocrx_word' id='word_1_180' title='bbox 1380 2537 1545 2591; x_wconf 83' lang='lat' dir='ltr'><strong>omnis</strong></span> <span class='ocrx_word' id='word_1_181' title='bbox 1582 2538 1800 2608; x_wconf 81' lang='lat' dir='ltr'><strong>populus</strong></span> <span class='ocrx_word' id='word_1_182' title='bbox 1828 2541 1999 2606; x_wconf 79' lang='lat' dir='ltr'><strong>sintut,</strong></span> <span class='ocrx_word' id='word_1_183' title='bbox 2040 2543 2094 2601; x_wconf 81' lang='lat'><strong>5.</strong></span> <span class='ocrx_word' id='word_1_184' title='bbox 2118 2552 2168 2598; x_wconf 87' lang='lat' dir='ltr'><strong>et</strong></span> 
     </span>
    </p>
   </div>
   <div class='ocr_carea' id='block_1_25' title="bbox 582 2614 2167 2705">
    <p class='ocr_par' dir='ltr' id='par_1_25' title="bbox 582 2614 2167 2705">
     <span class='ocr_line' id='line_1_25' title="bbox 582 2614 2167 2705; baseline 0.018 -44"><span class='ocrx_word' id='word_1_185' title='bbox 582 2621 910 2705; x_wconf 72' lang='lat' dir='ltr'><strong>evocaverunt</strong></span> <span class='ocrx_word' id='word_1_186' title='bbox 929 2614 1048 2686; x_wconf 86' lang='lat' dir='ltr'><strong>Lot,</strong></span> <span class='ocrx_word' id='word_1_187' title='bbox 1079 2630 1128 2674; x_wconf 88' lang='lat' dir='ltr'><strong>et</strong></span> <span class='ocrx_word' id='word_1_188' title='bbox 1156 2622 1390 2680; x_wconf 70' lang='lat' dir='ltr'><strong>dixerunt</strong></span> <span class='ocrx_word' id='word_1_189' title='bbox 1414 2627 1492 2682; x_wconf 90' lang='lat' dir='ltr'><strong>ei:</strong></span> <span class='ocrx_word' id='word_1_190' title='bbox 1523 2624 1623 2684; x_wconf 83' lang='lat' dir='ltr'><strong>Ubi</strong></span> <span class='ocrx_word' id='word_1_191' title='bbox 1649 2640 1767 2685; x_wconf 86' lang='lat' dir='ltr'><strong>sunt</strong></span> <span class='ocrx_word' id='word_1_192' title='bbox 1789 2633 1904 2697; x_wconf 81' lang='lat' dir='ltr'><strong>uiri,</strong></span> <span class='ocrx_word' id='word_1_193' title='bbox 1932 2634 2019 2705; x_wconf 87' lang='lat' dir='ltr'><strong>qui</strong></span> <span class='ocrx_word' id='word_1_194' title='bbox 2049 2646 2167 2690; x_wconf 80' lang='lat' dir='ltr'><strong>sunt</strong></span> 
     </span>
    </p>
   </div>
   <div class='ocr_carea' id='block_1_26' title="bbox 584 2699 2165 2785">
    <p class='ocr_par' dir='ltr' id='par_1_26' title="bbox 584 2699 2165 2785">
     <span class='ocr_line' id='line_1_26' title="bbox 584 2699 2165 2785; baseline 0.017 -33"><span class='ocrx_word' id='word_1_195' title='bbox 584 2699 799 2771; x_wconf 79' lang='lat' dir='ltr'><strong>ingressi</strong></span> <span class='ocrx_word' id='word_1_196' title='bbox 817 2706 888 2758; x_wconf 81' lang='lat' dir='ltr'><strong>ad</strong></span> <span class='ocrx_word' id='word_1_197' title='bbox 914 2716 963 2762; x_wconf 87' lang='lat' dir='ltr'><strong>te</strong></span> <span class='ocrx_word' id='word_1_198' title='bbox 989 2712 1175 2766; x_wconf 73' lang='lat' dir='ltr'><strong>nocte?</strong></span> <span class='ocrx_word' id='word_1_199' title='bbox 1192 2712 1342 2769; x_wconf 73' lang='lat' dir='ltr'><strong>Edita</strong></span> <span class='ocrx_word' id='word_1_200' title='bbox 1366 2732 1449 2771; x_wconf 89' lang='lat' dir='ltr'><strong>eos</strong></span> <span class='ocrx_word' id='word_1_201' title='bbox 1471 2718 1541 2771; x_wconf 83' lang='lat' dir='ltr'><strong>ad</strong></span> <span class='ocrx_word' id='word_1_202' title='bbox 1569 2734 1680 2785; x_wconf 85' lang='lat' dir='ltr'><strong>nos,</strong></span> <span class='ocrx_word' id='word_1_203' title='bbox 1710 2730 1768 2773; x_wconf 84' lang='lat' dir='ltr'><strong>ut</strong></span> <span class='ocrx_word' id='word_1_204' title='bbox 1800 2699 2035 2777; x_wconf 74' lang='lat' dir='ltr'><strong>coeamus</strong></span> <span class='ocrx_word' id='word_1_205' title='bbox 2051 2740 2165 2779; x_wconf 77' lang='lat' dir='ltr'><strong>cum</strong></span> 
     </span>
    </p>
   </div>
   <div class='ocr_carea' id='block_1_27' title="bbox 581 2789 2167 2880">
    <p class='ocr_par' dir='ltr' id='par_1_27' title="bbox 581 2789 2167 2880">
     <span class='ocr_line' id='line_1_27' title="bbox 581 2789 2167 2880; baseline 0.017 -36"><span class='ocrx_word' id='word_1_206' title='bbox 581 2789 674 2845; x_wconf 82' lang='lat' dir='ltr'><strong>eis.</strong></span> <span class='ocrx_word' id='word_1_207' title='bbox 705 2792 782 2849; x_wconf 86' lang='lat' dir='ltr'><strong>Ne</strong></span> <span class='ocrx_word' id='word_1_208' title='bbox 810 2796 1167 2865; x_wconf 85' lang='lat' dir='ltr'><strong>perfunctorie</strong></span> <span class='ocrx_word' id='word_1_209' title='bbox 1195 2812 1527 2862; x_wconf 83' lang='lat' dir='ltr'><strong>transeamus</strong></span> <span class='ocrx_word' id='word_1_210' title='bbox 1555 2824 1675 2880; x_wconf 72' lang='lat' dir='ltr'><strong>qua:</strong></span> <span class='ocrx_word' id='word_1_211' title='bbox 1700 2809 1843 2867; x_wconf 88' lang='lat' dir='ltr'><strong>dicta</strong></span> <span class='ocrx_word' id='word_1_212' title='bbox 1873 2821 2032 2880; x_wconf 90' lang='lat' dir='ltr'><strong>sunt,</strong></span> <span class='ocrx_word' id='word_1_213' title='bbox 2076 2828 2167 2871; x_wconf 85' lang='lat' dir='ltr'><strong>ca-</strong></span> 
     </span>
    </p>
   </div>
   <div class='ocr_carea' id='block_1_28' title="bbox 582 2880 2164 2960">
    <p class='ocr_par' dir='ltr' id='par_1_28' title="bbox 582 2880 2164 2960">
     <span class='ocr_line' id='line_1_28' title="bbox 582 2880 2164 2960; baseline 0.016 -25"><span class='ocrx_word' id='word_1_214' title='bbox 582 2880 802 2951; x_wconf 88' lang='lat' dir='ltr'><strong>rissimi,</strong></span> <span class='ocrx_word' id='word_1_215' title='bbox 843 2897 899 2942; x_wconf 90' lang='lat' dir='ltr'><strong>et</strong></span> <span class='ocrx_word' id='word_1_216' title='bbox 944 2903 1049 2945; x_wconf 88' lang='lat' dir='ltr'><strong>non</strong></span> <span class='ocrx_word' id='word_1_217' title='bbox 1095 2893 1267 2949; x_wconf 90' lang='lat' dir='ltr'><strong>solum</strong></span> <span class='ocrx_word' id='word_1_218' title='bbox 1318 2896 1542 2953; x_wconf 90' lang='lat' dir='ltr'><strong>istorum</strong></span> <span class='ocrx_word' id='word_1_219' title='bbox 1585 2900 1857 2958; x_wconf 78' lang='lat' dir='ltr'><strong>videamus</strong></span> <span class='ocrx_word' id='word_1_220' title='bbox 1900 2904 2164 2960; x_wconf 84' lang='lat' dir='ltr'><strong>insaniam</strong></span> 
     </span>
    </p>
   </div>
   <div class='ocr_carea' id='block_1_29' title="bbox 581 2972 2166 3065">
    <p class='ocr_par' dir='ltr' id='par_1_29' title="bbox 581 2972 2166 3065">
     <span class='ocr_line' id='line_1_29' title="bbox 581 2972 2166 3065; baseline 0.016 -39"><span class='ocrx_word' id='word_1_221' title='bbox 581 2972 729 3065; x_wconf 79' lang='lat' dir='ltr'><strong>nulla</strong></span> <span class='ocrx_word' id='word_1_222' title='bbox 757 2977 908 3032; x_wconf 88' lang='lat' dir='ltr'><strong>venia</strong></span> <span class='ocrx_word' id='word_1_223' title='bbox 941 2978 1263 3052; x_wconf 81' lang='lat' dir='ltr'><strong>dignandam</strong></span> <span class='ocrx_word' id='word_1_224' title='bbox 1297 3003 1312 3053; x_wconf 92' lang='lat'><strong>;</strong></span> <span class='ocrx_word' id='word_1_225' title='bbox 1344 2988 1440 3043; x_wconf 89' lang='lat' dir='ltr'><strong>sed</strong></span> <span class='ocrx_word' id='word_1_226' title='bbox 1470 2998 1526 3045; x_wconf 89' lang='lat' dir='ltr'><strong>et</strong></span> <span class='ocrx_word' id='word_1_227' title='bbox 1548 2992 1864 3062; x_wconf 74' lang='lat' dir='ltr'><strong>cogitemus,</strong></span> <span class='ocrx_word' id='word_1_228' title='bbox 1895 2994 2166 3065; x_wconf 81' lang='lat' dir='ltr'><strong>quomodo</strong></span> 
     </span>
    </p>
   </div>
   <div class='ocr_carea' id='block_1_30' title="bbox 580 3062 2166 3141">
    <p class='ocr_par' dir='ltr' id='par_1_30' title="bbox 580 3062 2166 3141">
     <span class='ocr_line' id='line_1_30' title="bbox 580 3062 2166 3141; baseline 0.016 -24"><span class='ocrx_word' id='word_1_229' title='bbox 580 3062 755 3134; x_wconf 74' lang='lat' dir='ltr'><strong>iustus</strong></span> <span class='ocrx_word' id='word_1_230' title='bbox 795 3066 849 3122; x_wconf 92' lang='lat' dir='ltr'><strong>in</strong></span> <span class='ocrx_word' id='word_1_231' title='bbox 894 3071 1073 3127; x_wconf 91' lang='lat' dir='ltr'><strong>medio</strong></span> <span class='ocrx_word' id='word_1_232' title='bbox 1099 3084 1204 3130; x_wconf 88' lang='lat' dir='ltr'><strong>tam</strong></span> <span class='ocrx_word' id='word_1_233' title='bbox 1237 3079 1657 3137; x_wconf 87' lang='lat' dir='ltr'><strong>trueulentarum</strong></span> <span class='ocrx_word' id='word_1_234' title='bbox 1686 3062 1978 3141; x_wconf 78' lang='lat' dir='ltr'><strong>bestiarum</strong></span> <span class='ocrx_word' id='word_1_235' title='bbox 2010 3086 2166 3141; x_wconf 83' lang='lat' dir='ltr'><strong>habi-</strong></span> 
     </span>
    </p>
   </div>
   <div class='ocr_carea' id='block_1_31' title="bbox 582 3161 2166 3251">
    <p class='ocr_par' dir='ltr' id='par_1_31' title="bbox 582 3161 2166 3251">
     <span class='ocr_line' id='line_1_31' title="bbox 582 3161 2166 3251; baseline 0.016 -38"><span class='ocrx_word' id='word_1_236' title='bbox 582 3166 725 3226; x_wconf 85' lang='lat' dir='ltr'><strong>taus,</strong></span> <span class='ocrx_word' id='word_1_237' title='bbox 751 3161 820 3217; x_wconf 86' lang='lat' dir='ltr'><strong>ita</strong></span> <span class='ocrx_word' id='word_1_238' title='bbox 839 3166 1121 3224; x_wconf 77' lang='lat' dir='ltr'><strong>excellenti</strong></span> <span class='ocrx_word' id='word_1_239' title='bbox 1145 3169 1338 3229; x_wconf 79' lang='lat' dir='ltr'><strong>virtute</strong></span> <span class='ocrx_word' id='word_1_240' title='bbox 1364 3172 1591 3243; x_wconf 87' lang='lat' dir='ltr'><strong>fulserit,</strong></span> <span class='ocrx_word' id='word_1_241' title='bbox 1619 3177 1890 3247; x_wconf 89' lang='lat' dir='ltr'><strong>quomodo</strong></span> <span class='ocrx_word' id='word_1_242' title='bbox 1911 3179 2052 3236; x_wconf 88' lang='lat' dir='ltr'><strong>ferre</strong></span> <span class='ocrx_word' id='word_1_243' title='bbox 2072 3195 2166 3251; x_wconf 89' lang='lat' dir='ltr'><strong>po-</strong></span> 
     </span>
    </p>
   </div>
   <div class='ocr_carea' id='block_1_32' title="bbox 585 3252 2163 3342">
    <p class='ocr_par' dir='ltr' id='par_1_32' title="bbox 585 3252 2163 3342">
     <span class='ocr_line' id='line_1_32' title="bbox 585 3252 2163 3342; baseline 0.016 -38"><span class='ocrx_word' id='word_1_244' title='bbox 585 3252 746 3308; x_wconf 90' lang='lat' dir='ltr'><strong>tuerit</strong></span> <span class='ocrx_word' id='word_1_245' title='bbox 776 3254 1103 3326; x_wconf 76' lang='lat' dir='ltr'><strong>iniquitatem</strong></span> <span class='ocrx_word' id='word_1_246' title='bbox 1135 3276 1345 3333; x_wconf 88' lang='lat' dir='ltr'><strong>eorum,</strong></span> <span class='ocrx_word' id='word_1_247' title='bbox 1386 3268 1657 3338; x_wconf 85' lang='lat' dir='ltr'><strong>quomodo</strong></span> <span class='ocrx_word' id='word_1_248' title='bbox 1693 3285 1798 3325; x_wconf 90' lang='lat' dir='ltr'><strong>non</strong></span> <span class='ocrx_word' id='word_1_249' title='bbox 1830 3270 2025 3342; x_wconf 88' lang='lat' dir='ltr'><strong>fugerit</strong></span> <span class='ocrx_word' id='word_1_250' title='bbox 2065 3289 2163 3329; x_wconf 83' lang='lat' dir='ltr'><strong>eo-</strong></span> 
     </span>
    </p>
   </div>
   <div class='ocr_carea' id='block_1_33' title="bbox 582 3345 2161 3433">
    <p class='ocr_par' dir='ltr' id='par_1_33' title="bbox 582 3345 2161 3433">
     <span class='ocr_line' id='line_1_33' title="bbox 582 3345 2161 3433; baseline 0.015 -38"><span class='ocrx_word' id='word_1_251' title='bbox 582 3355 699 3397; x_wconf 86' lang='lat' dir='ltr'><strong>rum</strong></span> <span class='ocrx_word' id='word_1_252' title='bbox 718 3345 1008 3433; x_wconf 82' lang='lat' dir='ltr'><strong>civitatem,</strong></span> <span class='ocrx_word' id='word_1_253' title='bbox 1032 3352 1301 3421; x_wconf 88' lang='lat' dir='ltr'><strong>quomodo</strong></span> <span class='ocrx_word' id='word_1_254' title='bbox 1325 3355 1404 3412; x_wconf 91' lang='lat' dir='ltr'><strong>eis</strong></span> <span class='ocrx_word' id='word_1_255' title='bbox 1432 3357 1574 3428; x_wconf 91' lang='lat' dir='ltr'><strong>loqui</strong></span> <span class='ocrx_word' id='word_1_256' title='bbox 1603 3362 2161 3433; x_wconf 83' lang='lat' dir='ltr'><strong>potuerit.Quomodo,</strong></span> 
     </span>
    </p>
   </div>
   <div class='ocr_carea' id='block_1_34' title="bbox 580 3431 2163 3523">
    <p class='ocr_par' dir='ltr' id='par_1_34' title="bbox 580 3431 2163 3523">
     <span class='ocr_line' id='line_1_34' title="bbox 580 3431 2163 3523; baseline 0.015 -37"><span class='ocrx_word' id='word_1_257' title='bbox 580 3444 682 3523; x_wconf 74' lang='lat' dir='ltr'><strong>ego</strong></span> <span class='ocrx_word' id='word_1_258' title='bbox 710 3431 906 3489; x_wconf 89' lang='lat' dir='ltr'><strong>dicam.</strong></span> <span class='ocrx_word' id='word_1_259' title='bbox 936 3437 1180 3495; x_wconf 86' lang='lat' dir='ltr'><strong>Universi</strong></span> <span class='ocrx_word' id='word_1_260' title='bbox 1212 3442 1468 3502; x_wconf 88' lang='lat' dir='ltr'><strong>Dominus</strong></span> <span class='ocrx_word' id='word_1_261' title='bbox 1510 3450 1813 3518; x_wconf 67' lang='lat' dir='ltr'><strong>praevidens</strong></span> <span class='ocrx_word' id='word_1_262' title='bbox 1846 3431 2163 3523; x_wconf 75' lang='lat' dir='ltr'><strong>stupendum</strong></span> 
     </span>
    </p>
   </div>
   <div class='ocr_carea' id='block_1_35' title="bbox 584 3522 2163 3610">
    <p class='ocr_par' dir='ltr' id='par_1_35' title="bbox 584 3522 2163 3610">
     <span class='ocr_line' id='line_1_35' title="bbox 584 3522 2163 3610; baseline 0.014 -32"><span class='ocrx_word' id='word_1_263' title='bbox 584 3522 793 3581; x_wconf 90' lang='lat' dir='ltr'><strong>illorum</strong></span> <span class='ocrx_word' id='word_1_264' title='bbox 827 3529 1137 3599; x_wconf 86' lang='lat' dir='ltr'><strong>nequitiam,</strong></span> <span class='ocrx_word' id='word_1_265' title='bbox 1167 3531 1514 3605; x_wconf 88' lang='lat' dir='ltr'><strong>dispensavit,</strong></span> <span class='ocrx_word' id='word_1_266' title='bbox 1544 3546 1603 3593; x_wconf 95' lang='lat' dir='ltr'><strong>ut</strong></span> <span class='ocrx_word' id='word_1_267' title='bbox 1631 3539 1809 3610; x_wconf 77' lang='lat' dir='ltr'><strong>justus</strong></span> <span class='ocrx_word' id='word_1_268' title='bbox 1835 3555 1902 3597; x_wconf 90' lang='lat' dir='ltr'><strong>eo</strong></span> <span class='ocrx_word' id='word_1_269' title='bbox 1930 3542 2033 3598; x_wconf 88' lang='lat' dir='ltr'><strong>loci</strong></span> <span class='ocrx_word' id='word_1_270' title='bbox 2061 3542 2163 3600; x_wconf 88' lang='lat' dir='ltr'><strong>do-</strong></span> 
     </span>
    </p>
   </div>
   <div class='ocr_carea' id='block_1_36' title="bbox 584 3614 2165 3698">
    <p class='ocr_par' dir='ltr' id='par_1_36' title="bbox 584 3614 2165 3698">
     <span class='ocr_line' id='line_1_36' title="bbox 584 3614 2165 3698; baseline 0.013 -28"><span class='ocrx_word' id='word_1_271' title='bbox 584 3614 840 3672; x_wconf 85' lang='lat' dir='ltr'><strong>micilium</strong></span> <span class='ocrx_word' id='word_1_272' title='bbox 872 3618 1123 3687; x_wconf 85' lang='lat' dir='ltr'><strong>haberet,</strong></span> <span class='ocrx_word' id='word_1_273' title='bbox 1153 3631 1212 3678; x_wconf 91' lang='lat' dir='ltr'><strong>ut</strong></span> <span class='ocrx_word' id='word_1_274' title='bbox 1248 3625 1385 3682; x_wconf 89' lang='lat' dir='ltr'><strong>sicut</strong></span> <span class='ocrx_word' id='word_1_275' title='bbox 1414 3628 1648 3698; x_wconf 89' lang='lat' dir='ltr'><strong>optimus</strong></span> <span class='ocrx_word' id='word_1_276' title='bbox 1677 3630 1918 3688; x_wconf 90' lang='lat' dir='ltr'><strong>medicus</strong></span> <span class='ocrx_word' id='word_1_277' title='bbox 1946 3633 2165 3690; x_wconf 82' lang='lat' dir='ltr'><strong>morbos</strong></span> 
     </span>
    </p>
   </div>
   <div class='ocr_carea' id='block_1_37' title="bbox 580 3709 2163 3779">
    <p class='ocr_par' dir='ltr' id='par_1_37' title="bbox 580 3709 2163 3779">
     <span class='ocr_line' id='line_1_37' title="bbox 580 3709 2163 3779; baseline 0.014 -22"><span class='ocrx_word' id='word_1_278' title='bbox 580 3716 765 3759; x_wconf 86' lang='lat' dir='ltr'><strong>eorum</strong></span> <span class='ocrx_word' id='word_1_279' title='bbox 807 3709 1136 3766; x_wconf 90' lang='lat' dir='ltr'><strong>emendaret.</strong></span> <span class='ocrx_word' id='word_1_280' title='bbox 1170 3712 1367 3769; x_wconf 78' lang='lat' dir='ltr'><strong>Verum</strong></span> <span class='ocrx_word' id='word_1_281' title='bbox 1405 3716 1594 3774; x_wconf 89' lang='lat' dir='ltr'><strong>videns</strong></span> <span class='ocrx_word' id='word_1_282' title='bbox 1632 3734 1694 3775; x_wconf 89' lang='lat' dir='ltr'><strong>se</strong></span> <span class='ocrx_word' id='word_1_283' title='bbox 1736 3735 1863 3775; x_wconf 87' lang='lat' dir='ltr'><strong>cura</strong></span> <span class='ocrx_word' id='word_1_284' title='bbox 1893 3736 1989 3777; x_wconf 86' lang='lat' dir='ltr'><strong>sua</strong></span> <span class='ocrx_word' id='word_1_285' title='bbox 2031 3723 2163 3779; x_wconf 84' lang='lat' dir='ltr'><strong>nihil</strong></span> 
     </span>
    </p>
   </div>
   <div class='ocr_carea' id='block_1_38' title="bbox 582 3794 2160 3881">
    <p class='ocr_par' dir='ltr' id='par_1_38' title="bbox 582 3794 2160 3881">
     <span class='ocr_line' id='line_1_38' title="bbox 582 3794 2160 3881; baseline 0.014 -35"><span class='ocrx_word' id='word_1_286' title='bbox 582 3794 863 3863; x_wconf 87' lang='lat' dir='ltr'><strong>prolicere,</strong></span> <span class='ocrx_word' id='word_1_287' title='bbox 910 3807 967 3854; x_wconf 91' lang='lat' dir='ltr'><strong>et</strong></span> <span class='ocrx_word' id='word_1_288' title='bbox 1007 3799 1129 3856; x_wconf 90' lang='lat' dir='ltr'><strong>illos</strong></span> <span class='ocrx_word' id='word_1_289' title='bbox 1170 3803 1369 3859; x_wconf 86' lang='lat' dir='ltr'><strong>nullam</strong></span> <span class='ocrx_word' id='word_1_290' title='bbox 1400 3806 1538 3861; x_wconf 90' lang='lat' dir='ltr'><strong>velle</strong></span> <span class='ocrx_word' id='word_1_291' title='bbox 1574 3809 1838 3864; x_wconf 78' lang='lat' dir='ltr'><strong>medelam</strong></span> <span class='ocrx_word' id='word_1_292' title='bbox 1864 3812 2160 3881; x_wconf 87' lang='lat' dir='ltr'><strong>suscipere,</strong></span> 
     </span>
    </p>
   </div>
   <div class='ocr_carea' id='block_1_39' title="bbox 581 3893 2161 3959">
    <p class='ocr_par' dir='ltr' id='par_1_39' title="bbox 581 3893 2161 3959">
     <span class='ocr_line' id='line_1_39' title="bbox 581 3893 2161 3959; baseline 0.015 -22"><span class='ocrx_word' id='word_1_293' title='bbox 581 3896 688 3938; x_wconf 87' lang='lat' dir='ltr'><strong>non</strong></span> <span class='ocrx_word' id='word_1_294' title='bbox 720 3896 1002 3956; x_wconf 87' lang='lat' dir='ltr'><strong>propterea</strong></span> <span class='ocrx_word' id='word_1_295' title='bbox 1023 3904 1053 3943; x_wconf 91' lang='lat' dir='ltr'><strong>a</strong></span> <span class='ocrx_word' id='word_1_296' title='bbox 1083 3905 1212 3947; x_wconf 87' lang='lat' dir='ltr'><strong>cura</strong></span> <span class='ocrx_word' id='word_1_297' title='bbox 1240 3893 1463 3951; x_wconf 80' lang='lat' dir='ltr'><strong>destitit.</strong></span> <span class='ocrx_word' id='word_1_298' title='bbox 1508 3897 1680 3955; x_wconf 82' lang='lat' dir='ltr'><strong>Habet</strong></span> <span class='ocrx_word' id='word_1_299' title='bbox 1704 3902 1846 3956; x_wconf 87' lang='lat' dir='ltr'><strong>enim</strong></span> <span class='ocrx_word' id='word_1_300' title='bbox 1880 3902 2021 3959; x_wconf 88' lang='lat' dir='ltr'><strong>hunc</strong></span> <span class='ocrx_word' id='word_1_301' title='bbox 2046 3920 2161 3959; x_wconf 88' lang='lat' dir='ltr'><strong>mo-</strong></span> 
     </span>
    </p>
   </div>
   <div class='ocr_carea' id='block_1_40' title="bbox 580 3978 2163 4065">
    <p class='ocr_par' dir='ltr' id='par_1_40' title="bbox 580 3978 2163 4065">
     <span class='ocr_line' id='line_1_40' title="bbox 580 3978 2163 4065; baseline 0.015 -37"><span class='ocrx_word' id='word_1_302' title='bbox 580 3986 697 4029; x_wconf 86' lang='lat' dir='ltr'><strong>rem</strong></span> <span class='ocrx_word' id='word_1_303' title='bbox 717 3978 994 4038; x_wconf 81' lang='lat' dir='ltr'><strong>medieus:</strong></span> <span class='ocrx_word' id='word_1_304' title='bbox 1018 3984 1263 4053; x_wconf 82' lang='lat' dir='ltr'><strong>quamvis</strong></span> <span class='ocrx_word' id='word_1_305' title='bbox 1288 3987 1461 4044; x_wconf 84' lang='lat' dir='ltr'><strong>videat</strong></span> <span class='ocrx_word' id='word_1_306' title='bbox 1499 3993 1715 4065; x_wconf 79' lang='lat' dir='ltr'><strong>morbqs</strong></span> <span class='ocrx_word' id='word_1_307' title='bbox 1743 4008 1861 4048; x_wconf 82' lang='lat' dir='ltr'><strong>esse</strong></span> <span class='ocrx_word' id='word_1_308' title='bbox 1888 3996 2163 4065; x_wconf 88' lang='lat' dir='ltr'><strong>graviores</strong></span> 
     </span>
    </p>
   </div>
   <div class='ocr_carea' id='block_1_41' title="bbox 579 4007 2162 4147">
    <p class='ocr_par' dir='ltr' id='par_1_41' title="bbox 579 4007 2162 4147">
     <span class='ocr_line' id='line_1_41' title="bbox 580 4007 2162 4138; baseline 0.015 -109"><span class='ocrx_word' id='word_1_309' title='bbox 580 4007 697 4029; x_wconf 75' lang='grc' dir='ltr'>ιυιιι</span> <span class='ocrx_word' id='word_1_310' title='bbox 717 4007 960 4038; x_wconf 65' lang='lat' dir='ltr'><strong>&quot;Iw-cun</strong></span> <span class='ocrx_word' id='word_1_311' title='bbox 977 4007 994 4036; x_wconf 76' lang='lat' dir='ltr'><strong><em>z</em></strong></span> <span class='ocrx_word' id='word_1_312' title='bbox 1018 4007 1263 4053; x_wconf 72' lang='lat' dir='ltr'><strong>quantus</strong></span> <span class='ocrx_word' id='word_1_313' title='bbox 1288 4007 1461 4044; x_wconf 77' lang='lat' dir='ltr'><strong>vnueat</strong></span> <span class='ocrx_word' id='word_1_314' title='bbox 1499 4007 1715 4138; x_wconf 49' lang='lat' dir='ltr'><strong>morbis</strong></span> <span class='ocrx_word' id='word_1_315' title='bbox 1743 4008 1861 4048; x_wconf 78' lang='lat' dir='ltr'><strong>esse</strong></span> <span class='ocrx_word' id='word_1_316' title='bbox 1888 4010 2162 4065; x_wconf 79' lang='lat' dir='ltr'><strong>graviores</strong></span> 
     </span>
     <span class='ocr_line' id='line_1_42' title="bbox 579 4076 2162 4147; baseline 0.015 -28"><span class='ocrx_word' id='word_1_317' title='bbox 579 4079 739 4135; x_wconf 89' lang='lat' dir='ltr'><strong>quam</strong></span> <span class='ocrx_word' id='word_1_318' title='bbox 771 4079 827 4124; x_wconf 91' lang='lat' dir='ltr'><strong>ut</strong></span> <span class='ocrx_word' id='word_1_319' title='bbox 857 4079 973 4128; x_wconf 88' lang='lat' dir='ltr'><strong>arte</strong></span> <span class='ocrx_word' id='word_1_320' title='bbox 1001 4076 1175 4131; x_wconf 88' lang='lat' dir='ltr'><strong>curari</strong></span> <span class='ocrx_word' id='word_1_321' title='bbox 1216 4079 1440 4147; x_wconf 84' lang='lat' dir='ltr'><strong>possint,</strong></span> <span class='ocrx_word' id='word_1_322' title='bbox 1477 4097 1582 4137; x_wconf 89' lang='lat' dir='ltr'><strong>non</strong></span> <span class='ocrx_word' id='word_1_323' title='bbox 1613 4098 1648 4139; x_wconf 87' lang='grc' dir='ltr'>ο</span> <span class='ocrx_word' id='word_1_324' title='bbox 1686 4084 1810 4140; x_wconf 81' lang='lat' dir='ltr'><strong>iittit</strong></span> <span class='ocrx_word' id='word_1_325' title='bbox 1832 4096 2009 4145; x_wconf 87' lang='lat' dir='ltr'><strong>tamen</strong></span> <span class='ocrx_word' id='word_1_326' title='bbox 2038 4087 2162 4142; x_wconf 81' lang='lat' dir='ltr'><strong>offi-</strong></span> 
     </span>
    </p>
   </div>
   <div class='ocr_carea' id='block_1_42' title="bbox 581 4153 2161 4249">
    <p class='ocr_par' dir='ltr' id='par_1_42' title="bbox 581 4153 2161 4249">
     <span class='ocr_line' id='line_1_43' title="bbox 581 4153 2161 4249; baseline 0.019 -42"><span class='ocrx_word' id='word_1_327' title='bbox 581 4153 725 4214; x_wconf 69' lang='lat' dir='ltr'><strong>cium</strong></span> <span class='ocrx_word' id='word_1_328' title='bbox 752 4171 931 4227; x_wconf 84' lang='lat' dir='ltr'><strong>suum,</strong></span> <span class='ocrx_word' id='word_1_329' title='bbox 954 4171 1031 4231; x_wconf 90' lang='lat' dir='ltr'><strong>ut,</strong></span> <span class='ocrx_word' id='word_1_330' title='bbox 1057 4166 1105 4219; x_wconf 88' lang='lat' dir='ltr'><strong>si</strong></span> <span class='ocrx_word' id='word_1_331' title='bbox 1136 4166 1272 4223; x_wconf 88' lang='lat' dir='ltr'><strong>forte</strong></span> <span class='ocrx_word' id='word_1_332' title='bbox 1300 4172 1469 4239; x_wconf 89' lang='lat' dir='ltr'><strong>possit</strong></span> <span class='ocrx_word' id='word_1_333' title='bbox 1495 4188 1696 4244; x_wconf 80' lang='lat' dir='ltr'><strong>aegrum</strong></span> <span class='ocrx_word' id='word_1_334' title='bbox 1724 4176 1805 4229; x_wconf 82' lang='lat' dir='ltr'><strong>vel</strong></span> <span class='ocrx_word' id='word_1_335' title='bbox 1836 4176 1995 4249; x_wconf 89' lang='lat' dir='ltr'><strong>longo</strong></span> <span class='ocrx_word' id='word_1_336' title='bbox 2025 4189 2161 4235; x_wconf 88' lang='lat' dir='ltr'><strong>tem-</strong></span> 
     </span>
    </p>
   </div>
   <div class='ocr_carea' id='block_1_43' title="bbox 581 4259 2163 4337">
    <p class='ocr_par' dir='ltr' id='par_1_43' title="bbox 581 4259 2163 4337">
     <span class='ocr_line' id='line_1_44' title="bbox 581 4259 2163 4337; baseline 0.015 -38"><span class='ocrx_word' id='word_1_337' title='bbox 581 4260 711 4337; x_wconf 87' lang='lat' dir='ltr'><strong>pore</strong></span> <span class='ocrx_word' id='word_1_338' title='bbox 729 4262 1001 4318; x_wconf 86' lang='lat' dir='ltr'><strong>reparare,</strong></span> <span class='ocrx_word' id='word_1_339' title='bbox 1029 4259 1390 4324; x_wconf 74' lang='lat' dir='ltr'><strong>prtcstantiam</strong></span> <span class='ocrx_word' id='word_1_340' title='bbox 1407 4262 1539 4316; x_wconf 88' lang='lat' dir='ltr'><strong>artis</strong></span> <span class='ocrx_word' id='word_1_341' title='bbox 1554 4263 1796 4320; x_wconf 85' lang='lat' dir='ltr'><strong>ostendat</strong></span> <span class='ocrx_word' id='word_1_342' title='bbox 1814 4284 1828 4320; x_wconf 88' lang='lat'>:</span> <span class='ocrx_word' id='word_1_343' title='bbox 1847 4268 1989 4337; x_wconf 90' lang='lat' dir='ltr'><strong>quod</strong></span> <span class='ocrx_word' id='word_1_344' title='bbox 2011 4270 2056 4324; x_wconf 88' lang='lat' dir='ltr'><strong>si</strong></span> <span class='ocrx_word' id='word_1_345' title='bbox 2082 4271 2163 4325; x_wconf 84' lang='lat' dir='ltr'><strong>ni-</strong></span> 
     </span>
    </p>
   </div>
   <div class='ocr_carea' id='block_1_44' title="bbox 580 4336 2157 4429">
    <p class='ocr_par' dir='ltr' id='par_1_44' title="bbox 580 4336 2157 4429">
     <span class='ocr_line' id='line_1_45' title="bbox 580 4336 2157 4429; baseline 0.015 -38"><span class='ocrx_word' id='word_1_346' title='bbox 580 4336 655 4392; x_wconf 91' lang='lat' dir='ltr'><strong>hil</strong></span> <span class='ocrx_word' id='word_1_347' title='bbox 682 4340 907 4410; x_wconf 88' lang='lat' dir='ltr'><strong>amplius</strong></span> <span class='ocrx_word' id='word_1_348' title='bbox 935 4348 1196 4417; x_wconf 78' lang='lat' dir='ltr'><strong>proliciat,</strong></span> <span class='ocrx_word' id='word_1_349' title='bbox 1229 4349 1420 4408; x_wconf 88' lang='lat' dir='ltr'><strong>habeat</strong></span> <span class='ocrx_word' id='word_1_350' title='bbox 1452 4356 1850 4414; x_wconf 72' lang='lat' dir='ltr'><strong>excusationem</strong></span> <span class='ocrx_word' id='word_1_351' title='bbox 1870 4336 2157 4429; x_wconf 81' lang='lat' dir='ltr'><strong>majorem,</strong></span> 
     </span>
    </p>
   </div>
   <div class='ocr_carea' id='block_1_45' title="bbox 578 4432 2087 4517">
    <p class='ocr_par' dir='ltr' id='par_1_45' title="bbox 578 4432 2087 4517">
     <span class='ocr_line' id='line_1_46' title="bbox 578 4432 2087 4517; baseline 0.014 -35"><span class='ocrx_word' id='word_1_352' title='bbox 578 4441 646 4483; x_wconf 90' lang='lat' dir='ltr'><strong>eo</strong></span> <span class='ocrx_word' id='word_1_353' title='bbox 669 4432 809 4499; x_wconf 91' lang='lat' dir='ltr'><strong>quod</strong></span> <span class='ocrx_word' id='word_1_354' title='bbox 840 4434 972 4489; x_wconf 87' lang='lat' dir='ltr'><strong>nihil</strong></span> <span class='ocrx_word' id='word_1_355' title='bbox 995 4441 1402 4506; x_wconf 61' lang='lat' dir='ltr'><strong>prmtermiserit</strong></span> <span class='ocrx_word' id='word_1_356' title='bbox 1426 4445 1566 4514; x_wconf 91' lang='lat' dir='ltr'><strong>quod</strong></span> <span class='ocrx_word' id='word_1_357' title='bbox 1594 4446 1660 4501; x_wconf 91' lang='lat' dir='ltr'><strong>ad</strong></span> <span class='ocrx_word' id='word_1_358' title='bbox 1687 4460 1747 4503; x_wconf 89' lang='lat' dir='ltr'><strong>se</strong></span> <span class='ocrx_word' id='word_1_359' title='bbox 1776 4450 2087 4517; x_wconf 85' lang='lat' dir='ltr'><strong>pertineret.</strong></span> 
     </span>
    </p>
   </div>
   <div class='ocr_carea' id='block_1_46' title="bbox 652 4520 2164 4604">
    <p class='ocr_par' dir='ltr' id='par_1_46' title="bbox 652 4520 2164 4604">
     <span class='ocr_line' id='line_1_47' title="bbox 652 4520 2164 4604; baseline 0.015 -29"><span class='ocrx_word' id='word_1_360' title='bbox 652 4520 983 4579; x_wconf 69' lang='lat' dir='ltr'><strong>Enen-cndu</strong></span> <span class='ocrx_word' id='word_1_361' title='bbox 1009 4528 1388 4586; x_wconf 82' lang='lat' dir='ltr'><strong>Sodomitarum</strong></span> <span class='ocrx_word' id='word_1_362' title='bbox 1406 4536 1644 4604; x_wconf 82' lang='lat' dir='ltr'><strong>nequitia.</strong></span> <span class='ocrx_word' id='word_1_363' title='bbox 1673 4567 1744 4578; x_wconf 93' lang='lat'>—</span> <span class='ocrx_word' id='word_1_364' title='bbox 1772 4538 1825 4593; x_wconf 82' lang='lat' dir='ltr'><strong>id</strong></span> <span class='ocrx_word' id='word_1_365' title='bbox 1848 4556 1975 4595; x_wconf 85' lang='lat' dir='ltr'><strong>sane</strong></span> <span class='ocrx_word' id='word_1_366' title='bbox 1995 4552 2045 4593; x_wconf 83' lang='lat' dir='ltr'><strong>et</strong></span> <span class='ocrx_word' id='word_1_367' title='bbox 2078 4543 2164 4598; x_wconf 91' lang='lat' dir='ltr'><strong>hic</strong></span> 
     </span>
    </p>
   </div>
   <div class='ocr_carea' id='block_1_47' title="bbox 582 4612 2160 4694">
    <p class='ocr_par' dir='ltr' id='par_1_47' title="bbox 582 4612 2160 4694">
     <span class='ocr_line' id='line_1_48' title="bbox 582 4612 2160 4694; baseline 0.015 -30"><span class='ocrx_word' id='word_1_368' title='bbox 582 4612 777 4671; x_wconf 81' lang='lat' dir='ltr'><strong>factum</strong></span> <span class='ocrx_word' id='word_1_369' title='bbox 799 4624 903 4669; x_wconf 87' lang='lat' dir='ltr'><strong>est.</strong></span> <span class='ocrx_word' id='word_1_370' title='bbox 928 4615 1114 4673; x_wconf 82' lang='lat' dir='ltr'><strong>Justus</strong></span> <span class='ocrx_word' id='word_1_371' title='bbox 1143 4621 1285 4675; x_wconf 89' lang='lat' dir='ltr'><strong>enim</strong></span> <span class='ocrx_word' id='word_1_372' title='bbox 1314 4622 1403 4678; x_wconf 93' lang='lat' dir='ltr'><strong>hic</strong></span> <span class='ocrx_word' id='word_1_373' title='bbox 1438 4625 1528 4694; x_wconf 88' lang='lat' dir='ltr'><strong>qui</strong></span> <span class='ocrx_word' id='word_1_374' title='bbox 1559 4627 1869 4683; x_wconf 85' lang='lat' dir='ltr'><strong>versabatur</strong></span> <span class='ocrx_word' id='word_1_375' title='bbox 1890 4630 1943 4685; x_wconf 90' lang='lat' dir='ltr'><strong>in</strong></span> <span class='ocrx_word' id='word_1_376' title='bbox 1986 4633 2160 4687; x_wconf 75' lang='lat' dir='ltr'><strong>medio</strong></span> 
     </span>
    </p>
   </div>
   <div class='ocr_carea' id='block_1_48' title="bbox 581 4702 2161 4792">
    <p class='ocr_par' dir='ltr' id='par_1_48' title="bbox 581 4702 2161 4792">
     <span class='ocr_line' id='line_1_49' title="bbox 581 4702 2161 4792; baseline 0.015 -36"><span class='ocrx_word' id='word_1_377' title='bbox 581 4702 819 4771; x_wconf 89' lang='lat' dir='ltr'><strong>illorum,</strong></span> <span class='ocrx_word' id='word_1_378' title='bbox 850 4708 1009 4761; x_wconf 87' lang='lat' dir='ltr'><strong>etiam</strong></span> <span class='ocrx_word' id='word_1_379' title='bbox 1040 4709 1116 4763; x_wconf 89' lang='lat' dir='ltr'><strong>sic</strong></span> <span class='ocrx_word' id='word_1_380' title='bbox 1135 4714 1329 4768; x_wconf 87' lang='lat' dir='ltr'><strong>mansit</strong></span> <span class='ocrx_word' id='word_1_381' title='bbox 1348 4714 1545 4785; x_wconf 84' lang='lat' dir='ltr'><strong>justus,</strong></span> <span class='ocrx_word' id='word_1_382' title='bbox 1577 4719 1903 4791; x_wconf 83' lang='lat' dir='ltr'><strong>multamque</strong></span> <span class='ocrx_word' id='word_1_383' title='bbox 1928 4723 2161 4792; x_wconf 84' lang='lat' dir='ltr'><strong>philoso-</strong></span> 
     </span>
    </p>
   </div>
   <div class='ocr_carea' id='block_1_49' title="bbox 580 4794 2159 4880">
    <p class='ocr_par' dir='ltr' id='par_1_49' title="bbox 580 4794 2159 4880">
     <span class='ocr_line' id='line_1_50' title="bbox 580 4794 2159 4880; baseline 0.016 -35"><span class='ocrx_word' id='word_1_384' title='bbox 580 4794 763 4859; x_wconf 82' lang='lat' dir='ltr'><strong>phiam</strong></span> <span class='ocrx_word' id='word_1_385' title='bbox 811 4797 1094 4854; x_wconf 69' lang='lat' dir='ltr'><strong>exhibuit:</strong></span> <span class='ocrx_word' id='word_1_386' title='bbox 1128 4802 1203 4856; x_wconf 84' lang='lat' dir='ltr'><strong>illi</strong></span> <span class='ocrx_word' id='word_1_387' title='bbox 1256 4812 1433 4860; x_wconf 86' lang='lat' dir='ltr'><strong>autem</strong></span> <span class='ocrx_word' id='word_1_388' title='bbox 1481 4818 1763 4880; x_wconf 82' lang='lat' dir='ltr'><strong>propterea</strong></span> <span class='ocrx_word' id='word_1_389' title='bbox 1815 4814 1962 4867; x_wconf 88' lang='lat' dir='ltr'><strong>omni</strong></span> <span class='ocrx_word' id='word_1_390' title='bbox 2006 4818 2159 4871; x_wconf 78' lang='lat' dir='ltr'><strong>venia</strong></span> 
     </span>
    </p>
   </div>
   <div class='ocr_carea' id='block_1_50' title="bbox 578 4888 2157 4963">
    <p class='ocr_par' dir='ltr' id='par_1_50' title="bbox 578 4888 2157 4963">
     <span class='ocr_line' id='line_1_51' title="bbox 578 4888 2157 4963; baseline 0.015 -24"><span class='ocrx_word' id='word_1_391' title='bbox 578 4894 700 4941; x_wconf 85' lang='lat' dir='ltr'><strong>sunt</strong></span> <span class='ocrx_word' id='word_1_392' title='bbox 731 4888 987 4958; x_wconf 89' lang='lat' dir='ltr'><strong>destituti,</strong></span> <span class='ocrx_word' id='word_1_393' title='bbox 1035 4893 1175 4963; x_wconf 89' lang='lat' dir='ltr'><strong>quod</strong></span> <span class='ocrx_word' id='word_1_394' title='bbox 1216 4910 1320 4951; x_wconf 90' lang='lat' dir='ltr'><strong>non</strong></span> <span class='ocrx_word' id='word_1_395' title='bbox 1369 4899 1539 4954; x_wconf 88' lang='lat' dir='ltr'><strong>solum</strong></span> <span class='ocrx_word' id='word_1_396' title='bbox 1562 4916 1594 4955; x_wconf 90' lang='lat' dir='ltr'><strong>a</strong></span> <span class='ocrx_word' id='word_1_397' title='bbox 1620 4902 1821 4957; x_wconf 87' lang='lat' dir='ltr'><strong>malitia</strong></span> <span class='ocrx_word' id='word_1_398' title='bbox 1851 4920 1956 4958; x_wconf 85' lang='lat' dir='ltr'><strong>non</strong></span> <span class='ocrx_word' id='word_1_399' title='bbox 1979 4921 2157 4961; x_wconf 82' lang='lat' dir='ltr'><strong>cessa-</strong></span> 
     </span>
    </p>
   </div>
   <div class='ocr_carea' id='block_1_51' title="bbox 579 4977 2162 5051">
    <p class='ocr_par' dir='ltr' id='par_1_51' title="bbox 579 4977 2162 5051">
     <span class='ocr_line' id='line_1_52' title="bbox 579 4977 2162 5051; baseline 0.014 -22"><span class='ocrx_word' id='word_1_400' title='bbox 579 4977 704 5043; x_wconf 82' lang='lat' dir='ltr'><strong>rint,</strong></span> <span class='ocrx_word' id='word_1_401' title='bbox 736 4979 827 5033; x_wconf 86' lang='lat' dir='ltr'><strong>sed</strong></span> <span class='ocrx_word' id='word_1_402' title='bbox 857 4990 911 5036; x_wconf 88' lang='lat' dir='ltr'><strong>et</strong></span> <span class='ocrx_word' id='word_1_403' title='bbox 932 4984 1101 5051; x_wconf 80' lang='lat' dir='ltr'><strong>magis</strong></span> <span class='ocrx_word' id='word_1_404' title='bbox 1122 4998 1237 5040; x_wconf 87' lang='lat' dir='ltr'><strong>eam</strong></span> <span class='ocrx_word' id='word_1_405' title='bbox 1263 4990 1524 5043; x_wconf 77' lang='lat' dir='ltr'><strong>auxerint.</strong></span> <span class='ocrx_word' id='word_1_406' title='bbox 1559 4990 1692 5047; x_wconf 82' lang='lat' dir='ltr'><strong>Vide</strong></span> <span class='ocrx_word' id='word_1_407' title='bbox 1718 4994 1858 5048; x_wconf 85' lang='lat' dir='ltr'><strong>enim</strong></span> <span class='ocrx_word' id='word_1_408' title='bbox 1894 5013 1904 5047; x_wconf 88' lang='lat'><strong><em>:</em></strong></span> <span class='ocrx_word' id='word_1_409' title='bbox 1937 4995 2162 5050; x_wconf 79' lang='lat' dir='ltr'><strong>Circum-</strong></span> 
     </span>
    </p>
   </div>
   <div class='ocr_carea' id='block_1_52' title="bbox 577 5069 2155 5155">
    <p class='ocr_par' dir='ltr' id='par_1_52' title="bbox 577 5069 2155 5155">
     <span class='ocr_line' id='line_1_53' title="bbox 577 5069 2155 5155; baseline 0.013 -35"><span class='ocrx_word' id='word_1_410' title='bbox 577 5069 845 5134; x_wconf 84' lang='lat' dir='ltr'><strong>dederunt,</strong></span> <span class='ocrx_word' id='word_1_411' title='bbox 894 5072 1078 5142; x_wconf 86' lang='lat' dir='ltr'><strong>inquit,</strong></span> <span class='ocrx_word' id='word_1_412' title='bbox 1122 5076 1327 5131; x_wconf 84' lang='lat' dir='ltr'><strong>domum</strong></span> <span class='ocrx_word' id='word_1_413' title='bbox 1360 5095 1391 5132; x_wconf 83' lang='lat' dir='ltr'><strong>tt</strong></span> <span class='ocrx_word' id='word_1_414' title='bbox 1422 5081 1609 5151; x_wconf 82' lang='lat' dir='ltr'><strong>juvene</strong></span> <span class='ocrx_word' id='word_1_415' title='bbox 1652 5099 1804 5152; x_wconf 73' lang='lat' dir='ltr'><strong>usque</strong></span> <span class='ocrx_word' id='word_1_416' title='bbox 1856 5086 1922 5138; x_wconf 84' lang='lat' dir='ltr'><strong>ad</strong></span> <span class='ocrx_word' id='word_1_417' title='bbox 1972 5096 2155 5155; x_wconf 64' lang='grc' dir='ltr'><strong>δίήοἱηι,</strong></span> 
     </span>
    </p>
   </div>
   <div class='ocr_carea' id='block_1_53' title="bbox 580 5161 2158 5245">
    <p class='ocr_par' dir='ltr' id='par_1_53' title="bbox 580 5161 2158 5245">
     <span class='ocr_line' id='line_1_54' title="bbox 580 5161 2158 5245; baseline 0.013 -32"><span class='ocrx_word' id='word_1_418' title='bbox 580 5161 743 5216; x_wconf 83' lang='lat' dir='ltr'><strong>cumis</strong></span> <span class='ocrx_word' id='word_1_419' title='bbox 769 5164 990 5234; x_wconf 82' lang='lat' dir='ltr'><strong>populus</strong></span> <span class='ocrx_word' id='word_1_420' title='bbox 1012 5168 1181 5222; x_wconf 85' lang='lat' dir='ltr'><strong>simul.</strong></span> <span class='ocrx_word' id='word_1_421' title='bbox 1210 5168 1423 5225; x_wconf 89' lang='lat' dir='ltr'><strong>Summa</strong></span> <span class='ocrx_word' id='word_1_422' title='bbox 1450 5173 1670 5229; x_wconf 66' lang='lat' dir='ltr'><strong>malitia)</strong></span> <span class='ocrx_word' id='word_1_423' title='bbox 1693 5178 2037 5245; x_wconf 80' lang='lat' dir='ltr'><strong>conspiratio,</strong></span> <span class='ocrx_word' id='word_1_424' title='bbox 2068 5197 2158 5233; x_wconf 61' lang='lat' dir='ltr'><strong>ut-</strong></span> 
     </span>
    </p>
   </div>
   <div class='ocr_carea' id='block_1_54' title="bbox 581 5250 2154 5340">
    <p class='ocr_par' dir='ltr' id='par_1_54' title="bbox 581 5250 2154 5340">
     <span class='ocr_line' id='line_1_55' title="bbox 581 5250 2154 5340; baseline 0.015 -37"><span class='ocrx_word' id='word_1_425' title='bbox 581 5250 801 5307; x_wconf 71' lang='lat' dir='ltr'><strong>lzctueus</strong></span> <span class='ocrx_word' id='word_1_426' title='bbox 838 5256 978 5311; x_wconf 83' lang='lat' dir='ltr'><strong>male</strong></span> <span class='ocrx_word' id='word_1_427' title='bbox 1013 5259 1203 5327; x_wconf 85' lang='lat' dir='ltr'><strong>agendi</strong></span> <span class='ocrx_word' id='word_1_428' title='bbox 1234 5262 1489 5330; x_wconf 90' lang='lat' dir='ltr'><strong>studium,</strong></span> <span class='ocrx_word' id='word_1_429' title='bbox 1542 5265 1908 5323; x_wconf 87' lang='lat' dir='ltr'><strong>inenarrabilis</strong></span> <span class='ocrx_word' id='word_1_430' title='bbox 1940 5286 2154 5340; x_wconf 68' lang='lat' dir='ltr'><strong>perver-</strong></span> 
     </span>
    </p>
   </div>
   <div class='ocr_carea' id='block_1_55' title="bbox 581 5342 2155 5431">
    <p class='ocr_par' dir='ltr' id='par_1_55' title="bbox 581 5342 2155 5431">
     <span class='ocr_line' id='line_1_56' title="bbox 581 5342 2155 5431; baseline 0.013 -38"><span class='ocrx_word' id='word_1_431' title='bbox 581 5342 754 5398; x_wconf 80' lang='lat' dir='ltr'><strong>sitatis</strong></span> <span class='ocrx_word' id='word_1_432' title='bbox 796 5347 1125 5416; x_wconf 78' lang='lat' dir='ltr'><strong>magnitudo,</strong></span> <span class='ocrx_word' id='word_1_433' title='bbox 1177 5360 1400 5408; x_wconf 75' lang='lat' dir='ltr'><strong>conatus</strong></span> <span class='ocrx_word' id='word_1_434' title='bbox 1428 5356 1569 5410; x_wconf 86' lang='lat' dir='ltr'><strong>nulla</strong></span> <span class='ocrx_word' id='word_1_435' title='bbox 1590 5359 1741 5412; x_wconf 84' lang='lat' dir='ltr'><strong>venia</strong></span> <span class='ocrx_word' id='word_1_436' title='bbox 1773 5360 1979 5425; x_wconf 62' lang='lat' dir='ltr'><strong>dignus.</strong></span> <span class='ocrx_word' id='word_1_437' title='bbox 2008 5364 2047 5413; x_wconf 80' lang='grc' dir='ltr'><em>Α</em></span> <span class='ocrx_word' id='word_1_438' title='bbox 2068 5368 2155 5431; x_wconf 76' lang='lat' dir='ltr'><strong>ju-</strong></span> 
     </span>
    </p>
   </div>
   <div class='ocr_carea' id='block_1_56' title="bbox 582 5432 2154 5519">
    <p class='ocr_par' dir='ltr' id='par_1_56' title="bbox 582 5432 2154 5519">
     <span class='ocr_line' id='line_1_57' title="bbox 582 5432 2154 5519; baseline 0.015 -37"><span class='ocrx_word' id='word_1_439' title='bbox 582 5446 735 5497; x_wconf 65' lang='lat' dir='ltr'><strong>vene,</strong></span> <span class='ocrx_word' id='word_1_440' title='bbox 774 5432 964 5503; x_wconf 80' lang='lat' dir='ltr'><strong>inquit,</strong></span> <span class='ocrx_word' id='word_1_441' title='bbox 1021 5453 1175 5509; x_wconf 83' lang='lat' dir='ltr'><strong>usque</strong></span> <span class='ocrx_word' id='word_1_442' title='bbox 1216 5440 1285 5494; x_wconf 85' lang='lat' dir='ltr'><strong>ad</strong></span> <span class='ocrx_word' id='word_1_443' title='bbox 1319 5459 1504 5497; x_wconf 83' lang='lat' dir='ltr'><strong>senem.</strong></span> <span class='ocrx_word' id='word_1_444' title='bbox 1546 5444 1661 5501; x_wconf 84' lang='lat' dir='ltr'><strong>Non</strong></span> <span class='ocrx_word' id='word_1_445' title='bbox 1692 5449 1895 5513; x_wconf 50' lang='lat' dir='ltr'><strong>solum,</strong></span> <span class='ocrx_word' id='word_1_446' title='bbox 1948 5452 2154 5519; x_wconf 80' lang='lat' dir='ltr'><strong>inquit,</strong></span> 
     </span>
    </p>
   </div>
   <div class='ocr_carea' id='block_1_57' title="bbox 583 5523 2157 5609">
    <p class='ocr_par' dir='ltr' id='par_1_57' title="bbox 583 5523 2157 5609">
     <span class='ocr_line' id='line_1_58' title="bbox 583 5523 2157 5609; baseline 0.013 -33"><span class='ocrx_word' id='word_1_447' title='bbox 583 5523 829 5589; x_wconf 77' lang='lat' dir='ltr'><strong>juvtntus</strong></span> <span class='ocrx_word' id='word_1_448' title='bbox 862 5534 973 5582; x_wconf 65' lang='lat' dir='ltr'><strong>haec</strong></span> <span class='ocrx_word' id='word_1_449' title='bbox 996 5531 1131 5585; x_wconf 86' lang='lat' dir='ltr'><strong>mala</strong></span> <span class='ocrx_word' id='word_1_450' title='bbox 1157 5532 1457 5603; x_wconf 86' lang='lat' dir='ltr'><strong>inquirebat</strong></span> <span class='ocrx_word' id='word_1_451' title='bbox 1486 5554 1496 5585; x_wconf 73' lang='grc' dir='ltr'><strong><em>τ</em></strong></span> <span class='ocrx_word' id='word_1_452' title='bbox 1537 5538 1627 5592; x_wconf 84' lang='lat' dir='ltr'><strong>scd</strong></span> <span class='ocrx_word' id='word_1_453' title='bbox 1651 5548 1703 5592; x_wconf 89' lang='lat' dir='ltr'><strong>et</strong></span> <span class='ocrx_word' id='word_1_454' title='bbox 1744 5552 2006 5609; x_wconf 72' lang='lat' dir='ltr'><strong>provectae</strong></span> <span class='ocrx_word' id='word_1_455' title='bbox 2030 5557 2157 5596; x_wconf 63' lang='lat' dir='ltr'><strong>(Citl-</strong></span> 
     </span>
    </p>
   </div>
   <div class='ocr_carea' id='block_1_58' title="bbox 586 5620 2155 5703">
    <p class='ocr_par' dir='ltr' id='par_1_58' title="bbox 586 5620 2155 5703">
     <span class='ocr_line' id='line_1_59' title="bbox 586 5620 2155 5703; baseline 0.013 -33"><span class='ocrx_word' id='word_1_456' title='bbox 586 5622 653 5673; x_wconf 85' lang='lat' dir='ltr'><strong>iis</strong></span> <span class='ocrx_word' id='word_1_457' title='bbox 704 5620 795 5672; x_wconf 69' lang='lat' dir='ltr'><strong>viri</strong></span> <span class='ocrx_word' id='word_1_458' title='bbox 836 5620 1088 5685; x_wconf 85' lang='lat' dir='ltr'><strong>aderant.</strong></span> <span class='ocrx_word' id='word_1_459' title='bbox 1148 5634 1202 5679; x_wconf 89' lang='lat' dir='ltr'><strong>et</strong></span> <span class='ocrx_word' id='word_1_460' title='bbox 1254 5627 1428 5681; x_wconf 86' lang='lat' dir='ltr'><strong>omnis</strong></span> <span class='ocrx_word' id='word_1_461' title='bbox 1480 5633 1705 5700; x_wconf 81' lang='lat' dir='ltr'><strong>populus</strong></span> <span class='ocrx_word' id='word_1_462' title='bbox 1749 5635 1925 5687; x_wconf 81' lang='lat' dir='ltr'><strong>simul.</strong></span> <span class='ocrx_word' id='word_1_463' title='bbox 1975 5636 2155 5703; x_wconf 64' lang='lat' dir='ltr'><strong>Neque</strong></span> 
     </span>
    </p>
   </div>
   <div class='ocr_carea' id='block_1_59' title="bbox 582 5708 2152 5793">
    <p class='ocr_par' dir='ltr' id='par_1_59' title="bbox 582 5708 2152 5793">
     <span class='ocr_line' id='line_1_60' title="bbox 582 5708 2152 5793; baseline 0.011 -31"><span class='ocrx_word' id='word_1_464' title='bbox 582 5708 967 5764; x_wconf 72' lang='lat' dir='ltr'><strong>erubescebant</strong></span> <span class='ocrx_word' id='word_1_465' title='bbox 990 5723 1094 5766; x_wconf 84' lang='lat' dir='ltr'><strong>tam</strong></span> <span class='ocrx_word' id='word_1_466' title='bbox 1124 5727 1294 5785; x_wconf 82' lang='lat' dir='ltr'><strong>turpe.</strong></span> <span class='ocrx_word' id='word_1_467' title='bbox 1322 5726 1533 5787; x_wconf 84' lang='lat' dir='ltr'><strong>tamque</strong></span> <span class='ocrx_word' id='word_1_468' title='bbox 1562 5722 1839 5791; x_wconf 80' lang='lat' dir='ltr'><strong>impudens</strong></span> <span class='ocrx_word' id='word_1_469' title='bbox 1876 5725 2152 5793; x_wconf 76' lang='lat' dir='ltr'><strong>ﬂagitium,</strong></span> 
     </span>
    </p>
   </div>
   <div class='ocr_carea' id='block_1_60' title="bbox 582 5801 2153 5886">
    <p class='ocr_par' dir='ltr' id='par_1_60' title="bbox 582 5801 2153 5886">
     <span class='ocr_line' id='line_1_61' title="bbox 582 5801 2153 5886; baseline 0.013 -33"><span class='ocrx_word' id='word_1_470' title='bbox 582 5811 755 5871; x_wconf 77' lang='lat' dir='ltr'><strong>neque</strong></span> <span class='ocrx_word' id='word_1_471' title='bbox 786 5801 1081 5858; x_wconf 82' lang='lat' dir='ltr'><strong>insomnem</strong></span> <span class='ocrx_word' id='word_1_472' title='bbox 1109 5807 1317 5861; x_wconf 87' lang='lat' dir='ltr'><strong>oculum</strong></span> <span class='ocrx_word' id='word_1_473' title='bbox 1360 5809 1694 5880; x_wconf 78' lang='lat' dir='ltr'><strong>cogitabant,</strong></span> <span class='ocrx_word' id='word_1_474' title='bbox 1736 5828 1909 5886; x_wconf 78' lang='lat' dir='ltr'><strong>neque</strong></span> <span class='ocrx_word' id='word_1_475' title='bbox 1954 5815 2153 5883; x_wconf 77' lang='lat' dir='ltr'><strong>jusmm</strong></span> 
     </span>
    </p>
   </div>
   <div class='ocr_carea' id='block_1_61' title="bbox 1310 407 3122 478">
    <p class='ocr_par' dir='ltr' id='par_1_61' title="bbox 1310 407 3122 478">
     <span class='ocr_line' id='line_1_62' title="bbox 1310 407 3122 478; baseline -0.005 -3"><span class='ocrx_word' id='word_1_476' title='bbox 1310 420 1368 476; x_wconf 88' lang='lat' dir='ltr'><strong>S.</strong></span> <span class='ocrx_word' id='word_1_477' title='bbox 1410 413 1687 478; x_wconf 72' lang='lat' dir='ltr'><strong>JOANNIS</strong></span> <span class='ocrx_word' id='word_1_478' title='bbox 1722 407 2200 469; x_wconf 71' lang='lat' dir='ltr'><strong>CHRYSOSTOMI</strong></span> <span class='ocrx_word' id='word_1_479' title='bbox 2244 407 2560 466; x_wconf 78' lang='lat' dir='ltr'><strong>ARCHlEP.</strong></span> <span class='ocrx_word' id='word_1_480' title='bbox 2592 407 3122 468; x_wconf 72' lang='lat' dir='ltr'><strong>CONSTANTINOP.</strong></span> 
     </span>
    </p>
   </div>
   <div class='ocr_carea' id='block_1_62' title="bbox 3782 410 3890 469">
    <p class='ocr_par' dir='ltr' id='par_1_62' title="bbox 3782 410 3890 469">
     <span class='ocr_line' id='line_1_63' title="bbox 3782 410 3890 469; baseline 0 0"><span class='ocrx_word' id='word_1_481' title='bbox 3782 410 3890 469; x_wconf 72' lang='grc' dir='ltr'><strong>ως</strong></span> 
     </span>
    </p>
   </div>
   <div class='ocr_carea' id='block_1_63' title="bbox 2291 520 3891 593">
    <p class='ocr_par' dir='ltr' id='par_1_63' title="bbox 2291 520 3891 593">
     <span class='ocr_line' id='line_1_64' title="bbox 2291 520 3891 593; baseline 0 -18"><span class='ocrx_word' id='word_1_482' title='bbox 2291 520 2697 586; x_wconf 85' lang='lat' dir='ltr'><strong>reverebantur.</strong></span> <span class='ocrx_word' id='word_1_483' title='bbox 2721 537 2893 593; x_wconf 82' lang='lat' dir='ltr'><strong>neque</strong></span> <span class='ocrx_word' id='word_1_484' title='bbox 2918 523 2983 577; x_wconf 87' lang='lat' dir='ltr'><strong>iis</strong></span> <span class='ocrx_word' id='word_1_485' title='bbox 3008 536 3143 592; x_wconf 90' lang='lat' dir='ltr'><strong>quos</strong></span> <span class='ocrx_word' id='word_1_486' title='bbox 3172 520 3413 593; x_wconf 89' lang='lat' dir='ltr'><strong>hospites</strong></span> <span class='ocrx_word' id='word_1_487' title='bbox 3432 521 3843 577; x_wconf 83' lang='lat' dir='ltr'><strong>arbitrabantur</strong></span> <span class='ocrx_word' id='word_1_488' title='bbox 3871 561 3891 586; x_wconf 90' lang='lat'><strong>,</strong></span> 
     </span>
    </p>
   </div>
   <div class='ocr_carea' id='block_1_64' title="bbox 2290 613 3891 685">
    <p class='ocr_par' dir='ltr' id='par_1_64' title="bbox 2290 613 3891 685">
     <span class='ocr_line' id='line_1_65' title="bbox 2290 613 3891 685; baseline 0.001 -18"><span class='ocrx_word' id='word_1_489' title='bbox 2290 613 2490 684; x_wconf 88' lang='lat' dir='ltr'><strong>quique</strong></span> <span class='ocrx_word' id='word_1_490' title='bbox 2544 614 2684 684; x_wconf 87' lang='lat' dir='ltr'><strong>apud</strong></span> <span class='ocrx_word' id='word_1_491' title='bbox 2728 614 2934 685; x_wconf 83' lang='lat' dir='ltr'><strong>justum</strong></span> <span class='ocrx_word' id='word_1_492' title='bbox 2964 614 3296 671; x_wconf 90' lang='lat' dir='ltr'><strong>divertcrant</strong></span> <span class='ocrx_word' id='word_1_493' title='bbox 3330 614 3704 685; x_wconf 87' lang='lat' dir='ltr'><strong>hospitalitate</strong></span> <span class='ocrx_word' id='word_1_494' title='bbox 3754 614 3891 670; x_wconf 87' lang='lat' dir='ltr'><strong>insi-</strong></span> 
     </span>
    </p>
   </div>
   <div class='ocr_carea' id='block_1_65' title="bbox 2286 704 3891 775">
    <p class='ocr_par' dir='ltr' id='par_1_65' title="bbox 2286 704 3891 775">
     <span class='ocr_line' id='line_1_66' title="bbox 2286 704 3891 775; baseline 0.001 -18"><span class='ocrx_word' id='word_1_495' title='bbox 2286 717 2446 773; x_wconf 87' lang='lat' dir='ltr'><strong>gnem</strong></span> <span class='ocrx_word' id='word_1_496' title='bbox 2470 743 2486 769; x_wconf 91' lang='lat'><strong>,</strong></span> <span class='ocrx_word' id='word_1_497' title='bbox 2531 705 2822 773; x_wconf 82' lang='lat' dir='ltr'><strong>parcebant</strong></span> <span class='ocrx_word' id='word_1_498' title='bbox 2853 723 2867 759; x_wconf 88' lang='lat'><strong>:</strong></span> <span class='ocrx_word' id='word_1_499' title='bbox 2901 704 2997 760; x_wconf 88' lang='lat' dir='ltr'><strong>sed</strong></span> <span class='ocrx_word' id='word_1_500' title='bbox 3030 705 3235 775; x_wconf 85' lang='lat' dir='ltr'><strong>absque</strong></span> <span class='ocrx_word' id='word_1_501' title='bbox 3254 704 3475 771; x_wconf 88' lang='lat' dir='ltr'><strong>rubore,</strong></span> <span class='ocrx_word' id='word_1_502' title='bbox 3507 714 3562 760; x_wconf 89' lang='lat' dir='ltr'><strong>et</strong></span> <span class='ocrx_word' id='word_1_503' title='bbox 3592 704 3779 771; x_wconf 91' lang='lat' dir='ltr'><strong>nudo,</strong></span> <span class='ocrx_word' id='word_1_504' title='bbox 3828 713 3891 759; x_wconf 89' lang='lat' dir='ltr'><strong>ut</strong></span> 
     </span>
    </p>
   </div>
   <div class='ocr_carea' id='block_1_66' title="bbox 2285 794 3889 863">
    <p class='ocr_par' dir='ltr' id='par_1_66' title="bbox 2285 794 3889 863">
     <span class='ocr_line' id='line_1_67' title="bbox 2285 794 3889 863; baseline 0.003 -14"><span class='ocrx_word' id='word_1_505' title='bbox 2285 794 2471 859; x_wconf 84' lang='lat' dir='ltr'><strong>aiunt,</strong></span> <span class='ocrx_word' id='word_1_506' title='bbox 2503 796 2699 863; x_wconf 87' lang='lat' dir='ltr'><strong>capite,</strong></span> <span class='ocrx_word' id='word_1_507' title='bbox 2731 795 2967 852; x_wconf 89' lang='lat' dir='ltr'><strong>libidinis</strong></span> <span class='ocrx_word' id='word_1_508' title='bbox 2992 810 3107 851; x_wconf 75' lang='lat' dir='ltr'><strong>sum</strong></span> <span class='ocrx_word' id='word_1_509' title='bbox 3143 796 3305 852; x_wconf 90' lang='lat' dir='ltr'><strong>verba</strong></span> <span class='ocrx_word' id='word_1_510' title='bbox 3333 796 3597 863; x_wconf 73' lang='lat' dir='ltr'><strong>dicebtes,</strong></span> <span class='ocrx_word' id='word_1_511' title='bbox 3623 810 3889 853; x_wconf 83' lang='lat' dir='ltr'><strong>accesse-</strong></span> 
     </span>
    </p>
   </div>
   <div class='ocr_carea' id='block_1_67' title="bbox 2287 887 3890 960">
    <p class='ocr_par' dir='ltr' id='par_1_67' title="bbox 2287 887 3890 960">
     <span class='ocr_line' id='line_1_68' title="bbox 2287 887 3890 960; baseline 0.001 -19"><span class='ocrx_word' id='word_1_512' title='bbox 2287 895 2432 953; x_wconf 89' lang='lat' dir='ltr'><strong>runt,</strong></span> <span class='ocrx_word' id='word_1_513' title='bbox 2460 896 2515 942; x_wconf 88' lang='lat' dir='ltr'><strong>et</strong></span> <span class='ocrx_word' id='word_1_514' title='bbox 2561 896 2752 944; x_wconf 86' lang='lat' dir='ltr'><strong>vocato</strong></span> <span class='ocrx_word' id='word_1_515' title='bbox 2775 887 2945 958; x_wconf 81' lang='lat' dir='ltr'><strong>justo,</strong></span> <span class='ocrx_word' id='word_1_516' title='bbox 2978 888 3340 945; x_wconf 79' lang='lat' dir='ltr'><strong>dixeruntei:</strong></span> <span class='ocrx_word' id='word_1_517' title='bbox 3377 887 3477 944; x_wconf 77' lang='lat' dir='ltr'><strong>Ubi</strong></span> <span class='ocrx_word' id='word_1_518' title='bbox 3502 897 3622 943; x_wconf 84' lang='lat' dir='ltr'><strong>sunt</strong></span> <span class='ocrx_word' id='word_1_519' title='bbox 3646 888 3753 942; x_wconf 72' lang='lat' dir='ltr'><strong>viri</strong></span> <span class='ocrx_word' id='word_1_520' title='bbox 3796 890 3890 960; x_wconf 74' lang='lat' dir='ltr'><strong>qui</strong></span> 
     </span>
    </p>
   </div>
   <div class='ocr_carea' id='block_1_68' title="bbox 2285 978 3885 1053">
    <p class='ocr_par' dir='ltr' id='par_1_68' title="bbox 2285 978 3885 1053">
     <span class='ocr_line' id='line_1_69' title="bbox 2285 978 3885 1053; baseline -0.001 -19"><span class='ocrx_word' id='word_1_521' title='bbox 2285 980 2499 1050; x_wconf 81' lang='lat' dir='ltr'><strong>ingressi</strong></span> <span class='ocrx_word' id='word_1_522' title='bbox 2522 988 2641 1034; x_wconf 75' lang='lat' dir='ltr'><strong>sunt</strong></span> <span class='ocrx_word' id='word_1_523' title='bbox 2684 982 2755 1034; x_wconf 82' lang='lat' dir='ltr'><strong>ad</strong></span> <span class='ocrx_word' id='word_1_524' title='bbox 2782 980 2909 1034; x_wconf 79' lang='lat' dir='ltr'><strong>vos?</strong></span> <span class='ocrx_word' id='word_1_525' title='bbox 2929 978 3081 1034; x_wconf 84' lang='lat' dir='ltr'><strong>Educ</strong></span> <span class='ocrx_word' id='word_1_526' title='bbox 3123 996 3209 1035; x_wconf 90' lang='lat' dir='ltr'><strong>eos</strong></span> <span class='ocrx_word' id='word_1_527' title='bbox 3228 1020 3244 1045; x_wconf 94' lang='lat'><strong>,</strong></span> <span class='ocrx_word' id='word_1_528' title='bbox 3284 988 3340 1033; x_wconf 74' lang='lat' dir='ltr'><strong>iit</strong></span> <span class='ocrx_word' id='word_1_529' title='bbox 3364 995 3735 1053; x_wconf 77' lang='lat' dir='ltr'><strong>cognoscamus</strong></span> <span class='ocrx_word' id='word_1_530' title='bbox 3773 994 3885 1035; x_wconf 84' lang='lat' dir='ltr'><strong>eos.</strong></span> 
     </span>
    </p>
   </div>
   <div class='ocr_carea' id='block_1_69' title="bbox 2284 1070 3883 1143">
    <p class='ocr_par' dir='ltr' id='par_1_69' title="bbox 2284 1070 3883 1143">
     <span class='ocr_line' id='line_1_70' title="bbox 2284 1070 3883 1143; baseline 0.002 -19"><span class='ocrx_word' id='word_1_531' title='bbox 2284 1070 2514 1140; x_wconf 86' lang='lat' dir='ltr'><strong>Propter</strong></span> <span class='ocrx_word' id='word_1_532' title='bbox 2552 1071 2695 1128; x_wconf 91' lang='lat' dir='ltr'><strong>hunc</strong></span> <span class='ocrx_word' id='word_1_533' title='bbox 2735 1086 2921 1128; x_wconf 86' lang='lat' dir='ltr'><strong>eorum</strong></span> <span class='ocrx_word' id='word_1_534' title='bbox 2971 1072 3215 1128; x_wconf 91' lang='lat' dir='ltr'><strong>illicitum</strong></span> <span class='ocrx_word' id='word_1_535' title='bbox 3239 1081 3524 1139; x_wconf 88' lang='lat' dir='ltr'><strong>conatum,</strong></span> <span class='ocrx_word' id='word_1_536' title='bbox 3552 1082 3611 1129; x_wconf 89' lang='lat' dir='ltr'><strong>et</strong></span> <span class='ocrx_word' id='word_1_537' title='bbox 3654 1071 3883 1143; x_wconf 82' lang='lat' dir='ltr'><strong>impiam</strong></span> 
     </span>
    </p>
   </div>
   <div class='ocr_carea' id='block_1_70' title="bbox 2284 1160 3883 1234">
    <p class='ocr_par' dir='ltr' id='par_1_70' title="bbox 2284 1160 3883 1234">
     <span class='ocr_line' id='line_1_71' title="bbox 2284 1160 3883 1234; baseline 0.004 -20"><span class='ocrx_word' id='word_1_538' title='bbox 2284 1160 2697 1229; x_wconf 86' lang='lat' dir='ltr'><strong>perversitatem</strong></span> <span class='ocrx_word' id='word_1_539' title='bbox 2720 1203 2737 1229; x_wconf 94' lang='lat'><strong>,</strong></span> <span class='ocrx_word' id='word_1_540' title='bbox 2791 1162 2982 1232; x_wconf 87' lang='lat' dir='ltr'><strong>opinor</strong></span> <span class='ocrx_word' id='word_1_541' title='bbox 3020 1162 3224 1232; x_wconf 84' lang='lat' dir='ltr'><strong>justum</strong></span> <span class='ocrx_word' id='word_1_542' title='bbox 3259 1175 3431 1233; x_wconf 90' lang='lat' dir='ltr'><strong>usque</strong></span> <span class='ocrx_word' id='word_1_543' title='bbox 3466 1162 3533 1216; x_wconf 87' lang='lat' dir='ltr'><strong>ad</strong></span> <span class='ocrx_word' id='word_1_544' title='bbox 3586 1176 3883 1234; x_wconf 80' lang='lat' dir='ltr'><strong>vesperam</strong></span> 
     </span>
    </p>
   </div>
   <div class='ocr_carea' id='block_1_71' title="bbox 2282 1248 3883 1324">
    <p class='ocr_par' dir='ltr' id='par_1_71' title="bbox 2282 1248 3883 1324">
     <span class='ocr_line' id='line_1_72' title="bbox 2282 1248 3883 1324; baseline 0.004 -20"><span class='ocrx_word' id='word_1_545' title='bbox 2282 1248 2508 1317; x_wconf 88' lang='lat' dir='ltr'><strong>sedisse,</strong></span> <span class='ocrx_word' id='word_1_546' title='bbox 2542 1259 2602 1305; x_wconf 90' lang='lat' dir='ltr'><strong>ut</strong></span> <span class='ocrx_word' id='word_1_547' title='bbox 2624 1265 2691 1307; x_wconf 91' lang='lat' dir='ltr'><strong>ne</strong></span> <span class='ocrx_word' id='word_1_548' title='bbox 2715 1251 2919 1308; x_wconf 88' lang='lat' dir='ltr'><strong>sineret</strong></span> <span class='ocrx_word' id='word_1_549' title='bbox 2947 1254 3181 1308; x_wconf 83' lang='lat' dir='ltr'><strong>viatores</strong></span> <span class='ocrx_word' id='word_1_550' title='bbox 3206 1253 3420 1324; x_wconf 86' lang='lat' dir='ltr'><strong>ignaros</strong></span> <span class='ocrx_word' id='word_1_551' title='bbox 3444 1250 3689 1312; x_wconf 85' lang='lat' dir='ltr'><strong>incidere</strong></span> <span class='ocrx_word' id='word_1_552' title='bbox 3718 1254 3777 1313; x_wconf 85' lang='lat' dir='ltr'><strong>in</strong></span> <span class='ocrx_word' id='word_1_553' title='bbox 3802 1253 3883 1311; x_wconf 79' lang='lat' dir='ltr'><strong>il-</strong></span> 
     </span>
    </p>
   </div>
   <div class='ocr_carea' id='block_1_72' title="bbox 2282 1339 3886 1415">
    <p class='ocr_par' dir='ltr' id='par_1_72' title="bbox 2282 1339 3886 1415">
     <span class='ocr_line' id='line_1_73' title="bbox 2282 1339 3886 1415; baseline 0.006 -21"><span class='ocrx_word' id='word_1_554' title='bbox 2282 1339 2457 1395; x_wconf 91' lang='lat' dir='ltr'><strong>lorum</strong></span> <span class='ocrx_word' id='word_1_555' title='bbox 2480 1340 2721 1411; x_wconf 86' lang='lat' dir='ltr'><strong>laqueos.</strong></span> <span class='ocrx_word' id='word_1_556' title='bbox 2747 1341 2819 1397; x_wconf 87' lang='lat' dir='ltr'><strong>Et</strong></span> <span class='ocrx_word' id='word_1_557' title='bbox 2836 1340 3015 1413; x_wconf 89' lang='lat' dir='ltr'><strong>justus</strong></span> <span class='ocrx_word' id='word_1_558' title='bbox 3040 1342 3258 1415; x_wconf 87' lang='lat' dir='ltr'><strong>quidem</strong></span> <span class='ocrx_word' id='word_1_559' title='bbox 3282 1358 3406 1399; x_wconf 89' lang='lat' dir='ltr'><strong>cum</strong></span> <span class='ocrx_word' id='word_1_560' title='bbox 3426 1342 3796 1413; x_wconf 85' lang='lat' dir='ltr'><strong>hospitalitate</strong></span> <span class='ocrx_word' id='word_1_561' title='bbox 3820 1352 3886 1402; x_wconf 80' lang='lat' dir='ltr'><strong>et</strong></span> 
     </span>
    </p>
   </div>
   <div class='ocr_carea' id='block_1_73' title="bbox 2281 1430 3887 1505">
    <p class='ocr_par' dir='ltr' id='par_1_73' title="bbox 2281 1430 3887 1505">
     <span class='ocr_line' id='line_1_74' title="bbox 2281 1430 3887 1505; baseline 0.004 -22"><span class='ocrx_word' id='word_1_562' title='bbox 2281 1443 2471 1500; x_wconf 83' lang='lat' dir='ltr'><strong>magna</strong></span> <span class='ocrx_word' id='word_1_563' title='bbox 2498 1430 2748 1501; x_wconf 88' lang='lat' dir='ltr'><strong>pudicitia</strong></span> <span class='ocrx_word' id='word_1_564' title='bbox 2774 1430 2912 1487; x_wconf 82' lang='lat' dir='ltr'><strong>hanc</strong></span> <span class='ocrx_word' id='word_1_565' title='bbox 2936 1446 3151 1503; x_wconf 88' lang='lat' dir='ltr'><strong>quoque</strong></span> <span class='ocrx_word' id='word_1_566' title='bbox 3175 1430 3419 1489; x_wconf 89' lang='lat' dir='ltr'><strong>adhibuit</strong></span> <span class='ocrx_word' id='word_1_567' title='bbox 3437 1433 3802 1505; x_wconf 83' lang='lat' dir='ltr'><strong>diligentiam,</strong></span> <span class='ocrx_word' id='word_1_568' title='bbox 3820 1442 3887 1490; x_wconf 86' lang='lat' dir='ltr'><strong>ut</strong></span> 
     </span>
    </p>
   </div>
   <div class='ocr_carea' id='block_1_74' title="bbox 2278 1523 3881 1595">
    <p class='ocr_par' dir='ltr' id='par_1_74' title="bbox 2278 1523 3881 1595">
     <span class='ocr_line' id='line_1_75' title="bbox 2278 1523 3881 1595; baseline 0.005 -20"><span class='ocrx_word' id='word_1_569' title='bbox 2278 1533 2468 1577; x_wconf 87' lang='lat' dir='ltr'><strong>omnes</strong></span> <span class='ocrx_word' id='word_1_570' title='bbox 2493 1530 2879 1591; x_wconf 64' lang='lat' dir='ltr'><strong>praetereuntes</strong></span> <span class='ocrx_word' id='word_1_571' title='bbox 2907 1525 3225 1594; x_wconf 86' lang='lat' dir='ltr'><strong>susciperet,</strong></span> <span class='ocrx_word' id='word_1_572' title='bbox 3259 1523 3542 1595; x_wconf 87' lang='lat' dir='ltr'><strong>nullusque</strong></span> <span class='ocrx_word' id='word_1_573' title='bbox 3580 1541 3708 1581; x_wconf 89' lang='lat' dir='ltr'><strong>eum</strong></span> <span class='ocrx_word' id='word_1_574' title='bbox 3740 1525 3881 1584; x_wconf 63' lang='lat' dir='ltr'><strong>lateo</strong></span> 
     </span>
    </p>
   </div>
   <div class='ocr_carea' id='block_1_75' title="bbox 2278 1614 3881 1686">
    <p class='ocr_par' dir='ltr' id='par_1_75' title="bbox 2278 1614 3881 1686">
     <span class='ocr_line' id='line_1_76' title="bbox 2278 1614 3881 1686; baseline 0.004 -18"><span class='ocrx_word' id='word_1_575' title='bbox 2278 1621 2395 1679; x_wconf 88' lang='lat' dir='ltr'><strong>ret,</strong></span> <span class='ocrx_word' id='word_1_576' title='bbox 2426 1614 2551 1670; x_wconf 91' lang='lat' dir='ltr'><strong>licet</strong></span> <span class='ocrx_word' id='word_1_577' title='bbox 2577 1628 2673 1671; x_wconf 91' lang='lat' dir='ltr'><strong>eos</strong></span> <span class='ocrx_word' id='word_1_578' title='bbox 2710 1623 2834 1671; x_wconf 93' lang='lat' dir='ltr'><strong>tunc</strong></span> <span class='ocrx_word' id='word_1_579' title='bbox 2880 1630 2987 1671; x_wconf 91' lang='lat' dir='ltr'><strong>non</strong></span> <span class='ocrx_word' id='word_1_580' title='bbox 3018 1615 3238 1686; x_wconf 75' lang='lat' dir='ltr'><strong>angelos</strong></span> <span class='ocrx_word' id='word_1_581' title='bbox 3270 1657 3284 1682; x_wconf 90' lang='lat'><strong>,</strong></span> <span class='ocrx_word' id='word_1_582' title='bbox 3326 1615 3420 1673; x_wconf 88' lang='lat' dir='ltr'><strong>sed</strong></span> <span class='ocrx_word' id='word_1_583' title='bbox 3467 1616 3717 1674; x_wconf 86' lang='lat' dir='ltr'><strong>homines</strong></span> <span class='ocrx_word' id='word_1_584' title='bbox 3752 1632 3881 1675; x_wconf 83' lang='lat' dir='ltr'><strong>esse</strong></span> 
     </span>
    </p>
   </div>
   <div class='ocr_carea' id='block_1_76' title="bbox 2282 1706 3882 1779">
    <p class='ocr_par' dir='ltr' id='par_1_76' title="bbox 2282 1706 3882 1779">
     <span class='ocr_line' id='line_1_77' title="bbox 2282 1706 3882 1779; baseline 0.003 -18"><span class='ocrx_word' id='word_1_585' title='bbox 2282 1713 2516 1775; x_wconf 88' lang='lat' dir='ltr'><strong>putaret.</strong></span> <span class='ocrx_word' id='word_1_586' title='bbox 2551 1706 2703 1777; x_wconf 89' lang='lat' dir='ltr'><strong>lmpii</strong></span> <span class='ocrx_word' id='word_1_587' title='bbox 2730 1714 2909 1762; x_wconf 87' lang='lat' dir='ltr'><strong>autem</strong></span> <span class='ocrx_word' id='word_1_588' title='bbox 2936 1707 3011 1763; x_wconf 92' lang='lat' dir='ltr'><strong>illi</strong></span> <span class='ocrx_word' id='word_1_589' title='bbox 3040 1716 3395 1779; x_wconf 74' lang='lat' dir='ltr'><strong>prmterquam</strong></span> <span class='ocrx_word' id='word_1_590' title='bbox 3433 1708 3575 1779; x_wconf 90' lang='lat' dir='ltr'><strong>quod</strong></span> <span class='ocrx_word' id='word_1_591' title='bbox 3599 1709 3736 1765; x_wconf 85' lang='lat' dir='ltr'><strong>nihil</strong></span> <span class='ocrx_word' id='word_1_592' title='bbox 3769 1709 3882 1766; x_wconf 81' lang='lat' dir='ltr'><strong>tals</strong></span> 
     </span>
    </p>
   </div>
   <div class='ocr_carea' id='block_1_77' title="bbox 2277 1798 3877 1871">
    <p class='ocr_par' dir='ltr' id='par_1_77' title="bbox 2277 1798 3877 1871">
     <span class='ocr_line' id='line_1_78' title="bbox 2277 1798 3877 1871; baseline 0.003 -18"><span class='ocrx_word' id='word_1_593' title='bbox 2277 1798 2524 1867; x_wconf 77' lang='lat' dir='ltr'><strong>agebant,</strong></span> <span class='ocrx_word' id='word_1_594' title='bbox 2556 1798 2714 1871; x_wconf 89' lang='lat' dir='ltr'><strong>quale</strong></span> <span class='ocrx_word' id='word_1_595' title='bbox 2742 1798 2921 1871; x_wconf 82' lang='lat' dir='ltr'><strong>justus</strong></span> <span class='ocrx_word' id='word_1_596' title='bbox 2948 1798 3057 1865; x_wconf 91' lang='lat' dir='ltr'><strong>ille,</strong></span> <span class='ocrx_word' id='word_1_597' title='bbox 3088 1815 3149 1855; x_wconf 90' lang='lat' dir='ltr'><strong>ea</strong></span> <span class='ocrx_word' id='word_1_598' title='bbox 3181 1799 3356 1854; x_wconf 90' lang='lat' dir='ltr'><strong>solum</strong></span> <span class='ocrx_word' id='word_1_599' title='bbox 3400 1808 3721 1870; x_wconf 85' lang='lat' dir='ltr'><strong>perpetrare</strong></span> <span class='ocrx_word' id='word_1_600' title='bbox 3749 1807 3877 1856; x_wconf 79' lang='lat' dir='ltr'><strong>stu-</strong></span> 
     </span>
    </p>
   </div>
   <div class='ocr_carea' id='block_1_78' title="bbox 2276 1888 3881 1963">
    <p class='ocr_par' dir='ltr' id='par_1_78' title="bbox 2276 1888 3881 1963">
     <span class='ocr_line' id='line_1_79' title="bbox 2276 1888 3881 1963; baseline 0.004 -21"><span class='ocrx_word' id='word_1_601' title='bbox 2276 1888 2477 1944; x_wconf 88' lang='lat' dir='ltr'><strong>debant</strong></span> <span class='ocrx_word' id='word_1_602' title='bbox 2501 1930 2516 1955; x_wconf 89' lang='lat'><strong>,</strong></span> <span class='ocrx_word' id='word_1_603' title='bbox 2556 1905 2677 1961; x_wconf 65' lang='lat' dir='ltr'><strong>quas</strong></span> <span class='ocrx_word' id='word_1_604' title='bbox 2702 1891 2993 1962; x_wconf 88' lang='lat' dir='ltr'><strong>nequitiam</strong></span> <span class='ocrx_word' id='word_1_605' title='bbox 3016 1906 3230 1947; x_wconf 88' lang='lat' dir='ltr'><strong>omnem</strong></span> <span class='ocrx_word' id='word_1_606' title='bbox 3260 1891 3421 1963; x_wconf 90' lang='lat' dir='ltr'><strong>longo</strong></span> <span class='ocrx_word' id='word_1_607' title='bbox 3449 1891 3734 1948; x_wconf 87' lang='lat' dir='ltr'><strong>intervallo</strong></span> <span class='ocrx_word' id='word_1_608' title='bbox 3781 1905 3881 1949; x_wconf 85' lang='lat' dir='ltr'><strong>stt-</strong></span> 
     </span>
    </p>
   </div>
   <div class='ocr_carea' id='block_1_79' title="bbox 2278 1981 3881 2054">
    <p class='ocr_par' dir='ltr' id='par_1_79' title="bbox 2278 1981 3881 2054">
     <span class='ocr_line' id='line_1_80' title="bbox 2278 1981 3881 2054; baseline 0.004 -19"><span class='ocrx_word' id='word_1_609' title='bbox 2278 1989 2549 2049; x_wconf 87' lang='lat' dir='ltr'><strong>perarent.</strong></span> <span class='ocrx_word' id='word_1_610' title='bbox 2597 1981 2824 2052; x_wconf 87' lang='lat' dir='ltr'><strong>Propter</strong></span> <span class='ocrx_word' id='word_1_611' title='bbox 2844 1983 2947 2038; x_wconf 91' lang='lat' dir='ltr'><strong>hoc</strong></span> <span class='ocrx_word' id='word_1_612' title='bbox 2970 1997 3100 2054; x_wconf 90' lang='lat' dir='ltr'><strong>ergo</strong></span> <span class='ocrx_word' id='word_1_613' title='bbox 3133 1983 3185 2038; x_wconf 90' lang='lat' dir='ltr'><strong>in</strong></span> <span class='ocrx_word' id='word_1_614' title='bbox 3212 1984 3385 2054; x_wconf 87' lang='lat' dir='ltr'><strong>platea</strong></span> <span class='ocrx_word' id='word_1_615' title='bbox 3411 1982 3661 2039; x_wconf 86' lang='lat' dir='ltr'><strong>volebant</strong></span> <span class='ocrx_word' id='word_1_616' title='bbox 3684 1997 3881 2041; x_wconf 77' lang='lat' dir='ltr'><strong>mane-</strong></span> 
     </span>
    </p>
   </div>
   <div class='ocr_carea' id='block_1_80' title="bbox 2276 2072 3877 2146">
    <p class='ocr_par' dir='ltr' id='par_1_80' title="bbox 2276 2072 3877 2146">
     <span class='ocr_line' id='line_1_81' title="bbox 2276 2072 3877 2146; baseline 0.002 -18"><span class='ocrx_word' id='word_1_617' title='bbox 2276 2088 2354 2139; x_wconf 90' lang='lat' dir='ltr'><strong>re,</strong></span> <span class='ocrx_word' id='word_1_618' title='bbox 2387 2082 2443 2127; x_wconf 93' lang='lat' dir='ltr'><strong>ut</strong></span> <span class='ocrx_word' id='word_1_619' title='bbox 2473 2072 2667 2128; x_wconf 89' lang='lat' dir='ltr'><strong>darent</strong></span> <span class='ocrx_word' id='word_1_620' title='bbox 2697 2072 2851 2144; x_wconf 83' lang='lat' dir='ltr'><strong>justo</strong></span> <span class='ocrx_word' id='word_1_621' title='bbox 2875 2073 3219 2129; x_wconf 86' lang='lat' dir='ltr'><strong>occasionem</strong></span> <span class='ocrx_word' id='word_1_622' title='bbox 3238 2072 3548 2130; x_wconf 88' lang='lat' dir='ltr'><strong>declarandi</strong></span> <span class='ocrx_word' id='word_1_623' title='bbox 3580 2073 3877 2146; x_wconf 82' lang='lat' dir='ltr'><strong>hospitali-</strong></span> 
     </span>
    </p>
   </div>
   <div class='ocr_carea' id='block_1_81' title="bbox 2276 2158 3877 2246">
    <p class='ocr_par' dir='ltr' id='par_1_81' title="bbox 2276 2158 3877 2246">
     <span class='ocr_line' id='line_1_82' title="bbox 2276 2158 3877 2246; baseline 0.005 -27"><span class='ocrx_word' id='word_1_624' title='bbox 2276 2174 2439 2221; x_wconf 87' lang='lat' dir='ltr'><strong>tatem</strong></span> <span class='ocrx_word' id='word_1_625' title='bbox 2466 2181 2591 2237; x_wconf 87' lang='lat' dir='ltr'><strong>erga</strong></span> <span class='ocrx_word' id='word_1_626' title='bbox 2618 2166 2764 2237; x_wconf 87' lang='lat' dir='ltr'><strong>ipsos</strong></span> <span class='ocrx_word' id='word_1_627' title='bbox 2784 2181 2958 2232; x_wconf 83' lang='lat' dir='ltr'><strong>suam,</strong></span> <span class='ocrx_word' id='word_1_628' title='bbox 2976 2175 3035 2246; x_wconf 78' lang='lat' dir='ltr'><strong>et</strong></span> <span class='ocrx_word' id='word_1_629' title='bbox 3057 2158 3419 2225; x_wconf 73' lang='lat' dir='ltr'><strong>monstrarent</strong></span> <span class='ocrx_word' id='word_1_630' title='bbox 3445 2168 3496 2226; x_wconf 87' lang='lat' dir='ltr'><strong>ei</strong></span> <span class='ocrx_word' id='word_1_631' title='bbox 3511 2170 3686 2240; x_wconf 87' lang='lat' dir='ltr'><strong>reipsa</strong></span> <span class='ocrx_word' id='word_1_632' title='bbox 3705 2183 3877 2241; x_wconf 83' lang='lat' dir='ltr'><strong>quam</strong></span> 
     </span>
    </p>
   </div>
   <div class='ocr_carea' id='block_1_82' title="bbox 2272 2256 3875 2332">
    <p class='ocr_par' dir='ltr' id='par_1_82' title="bbox 2272 2256 3875 2332">
     <span class='ocr_line' id='line_1_83' title="bbox 2272 2256 3875 2332; baseline 0.004 -21"><span class='ocrx_word' id='word_1_633' title='bbox 2272 2256 2429 2328; x_wconf 85' lang='lat' dir='ltr'><strong>digne</strong></span> <span class='ocrx_word' id='word_1_634' title='bbox 2447 2256 2725 2328; x_wconf 88' lang='lat' dir='ltr'><strong>suppliciis</strong></span> <span class='ocrx_word' id='word_1_635' title='bbox 2747 2257 2823 2313; x_wconf 89' lang='lat' dir='ltr'><strong>illi</strong></span> <span class='ocrx_word' id='word_1_636' title='bbox 2847 2257 3206 2328; x_wconf 85' lang='lat' dir='ltr'><strong>plecterentur</strong></span> <span class='ocrx_word' id='word_1_637' title='bbox 3233 2258 3329 2330; x_wconf 86' lang='lat' dir='ltr'><strong>qui</strong></span> <span class='ocrx_word' id='word_1_638' title='bbox 3363 2259 3416 2315; x_wconf 91' lang='lat' dir='ltr'><strong>in</strong></span> <span class='ocrx_word' id='word_1_639' title='bbox 3446 2268 3555 2315; x_wconf 87' lang='lat' dir='ltr'><strong>tam</strong></span> <span class='ocrx_word' id='word_1_640' title='bbox 3582 2259 3875 2332; x_wconf 79' lang='lat' dir='ltr'><strong>stupenda</strong></span> 
     </span>
    </p>
   </div>
   <div class='ocr_carea' id='block_1_83' title="bbox 2272 2346 3241 2420">
    <p class='ocr_par' dir='ltr' id='par_1_83' title="bbox 2272 2346 3241 2420">
     <span class='ocr_line' id='line_1_84' title="bbox 2272 2346 3241 2420; baseline 0.001 -18"><span class='ocrx_word' id='word_1_641' title='bbox 2272 2346 2471 2418; x_wconf 81' lang='lat' dir='ltr'><strong>ﬂagitia</strong></span> <span class='ocrx_word' id='word_1_642' title='bbox 2515 2357 2943 2420; x_wconf 85' lang='lat' dir='ltr'><strong>prorumperent.</strong></span> <span class='ocrx_word' id='word_1_643' title='bbox 3236 2372 3241 2375; x_wconf 55' lang='grc' dir='ltr'>λ</span> 
     </span>
    </p>
   </div>
   <div class='ocr_carea' id='block_1_84' title="bbox 2342 2437 3874 2513">
    <p class='ocr_par' dir='ltr' id='par_1_84' title="bbox 2342 2437 3874 2513">
     <span class='ocr_line' id='line_1_85' title="bbox 2342 2437 3874 2513; baseline 0.003 -20"><span class='ocrx_word' id='word_1_644' title='bbox 2342 2439 2402 2493; x_wconf 75' lang='grc'><strong>4.</strong></span> <span class='ocrx_word' id='word_1_645' title='bbox 2446 2437 2555 2495; x_wconf 87' lang='lat' dir='ltr'><strong>Sed</strong></span> <span class='ocrx_word' id='word_1_646' title='bbox 2599 2438 2876 2503; x_wconf 86' lang='lat' dir='ltr'><strong>videamus</strong></span> <span class='ocrx_word' id='word_1_647' title='bbox 2931 2440 3000 2497; x_wconf 88' lang='lat' dir='ltr'><strong>de</strong></span> <span class='ocrx_word' id='word_1_648' title='bbox 3034 2450 3233 2497; x_wconf 62' lang='lat' dir='ltr'><strong>caetero</strong></span> <span class='ocrx_word' id='word_1_649' title='bbox 3281 2441 3549 2513; x_wconf 83' lang='lat' dir='ltr'><strong>ingentem</strong></span> <span class='ocrx_word' id='word_1_650' title='bbox 3590 2441 3721 2512; x_wconf 79' lang='lat' dir='ltr'><strong>justi</strong></span> <span class='ocrx_word' id='word_1_651' title='bbox 3768 2441 3874 2499; x_wconf 88' lang='lat' dir='ltr'><strong>viri</strong></span> 
     </span>
    </p>
   </div>
   <div class='ocr_carea' id='block_1_85' title="bbox 2272 2528 3871 2601">
    <p class='ocr_par' dir='ltr' id='par_1_85' title="bbox 2272 2528 3871 2601">
     <span class='ocr_line' id='line_1_86' title="bbox 2272 2528 3871 2601; baseline 0.003 -20"><span class='ocrx_word' id='word_1_652' title='bbox 2272 2528 2544 2585; x_wconf 80' lang='lat' dir='ltr'><strong>virtutem.</strong></span> <span class='ocrx_word' id='word_1_653' title='bbox 2578 2528 2631 2585; x_wconf 85' lang='lat'><strong>6.</strong></span> <span class='ocrx_word' id='word_1_654' title='bbox 2658 2528 2926 2601; x_wconf 82' lang='lat' dir='ltr'><strong>Egressus,</strong></span> <span class='ocrx_word' id='word_1_655' title='bbox 2957 2530 3155 2601; x_wconf 86' lang='lat' dir='ltr'><strong>inquit,</strong></span> <span class='ocrx_word' id='word_1_656' title='bbox 3186 2531 3255 2585; x_wconf 82' lang='lat' dir='ltr'><strong>ad</strong></span> <span class='ocrx_word' id='word_1_657' title='bbox 3278 2546 3363 2585; x_wconf 86' lang='lat' dir='ltr'><strong>eos</strong></span> <span class='ocrx_word' id='word_1_658' title='bbox 3405 2532 3475 2586; x_wconf 83' lang='lat' dir='ltr'><strong>ad</strong></span> <span class='ocrx_word' id='word_1_659' title='bbox 3516 2531 3817 2586; x_wconf 72' lang='lat' dir='ltr'><strong>vestibulum</strong></span> <span class='ocrx_word' id='word_1_660' title='bbox 3848 2572 3871 2599; x_wconf 80' lang='grc'><em>,</em></span> 
     </span>
    </p>
   </div>
   <div class='ocr_carea' id='block_1_86' title="bbox 2263 2621 3875 2693">
    <p class='ocr_par' dir='ltr' id='par_1_86' title="bbox 2263 2621 3875 2693">
     <span class='ocr_line' id='line_1_87' title="bbox 2263 2621 3875 2693; baseline 0.004 -19"><span class='ocrx_word' id='word_1_661' title='bbox 2263 2623 2483 2692; x_wconf 81' lang='lat' dir='ltr'><strong>januam</strong></span> <span class='ocrx_word' id='word_1_662' title='bbox 2527 2621 2731 2693; x_wconf 81' lang='lat' dir='ltr'><strong>quidem</strong></span> <span class='ocrx_word' id='word_1_663' title='bbox 2757 2622 2940 2677; x_wconf 83' lang='lat' dir='ltr'><strong>clausit</strong></span> <span class='ocrx_word' id='word_1_664' title='bbox 2966 2633 3079 2693; x_wconf 85' lang='lat' dir='ltr'><strong>post</strong></span> <span class='ocrx_word' id='word_1_665' title='bbox 3098 2638 3172 2689; x_wconf 87' lang='lat' dir='ltr'><strong>se,</strong></span> <span class='ocrx_word' id='word_1_666' title='bbox 3202 2623 3428 2693; x_wconf 63' lang='lat' dir='ltr'><strong>dixitque</strong></span> <span class='ocrx_word' id='word_1_667' title='bbox 3474 2623 3543 2678; x_wconf 81' lang='lat' dir='ltr'><strong>ad</strong></span> <span class='ocrx_word' id='word_1_668' title='bbox 3570 2639 3677 2679; x_wconf 88' lang='lat' dir='ltr'><strong>eos.</strong></span> <span class='ocrx_word' id='word_1_669' title='bbox 3728 2622 3875 2680; x_wconf 76' lang='lat' dir='ltr'><strong>Vide</strong></span> 
     </span>
    </p>
   </div>
   <div class='ocr_carea' id='block_1_87' title="bbox 2269 2709 3874 2785">
    <p class='ocr_par' dir='ltr' id='par_1_87' title="bbox 2269 2709 3874 2785">
     <span class='ocr_line' id='line_1_88' title="bbox 2269 2709 3874 2785; baseline 0.004 -19"><span class='ocrx_word' id='word_1_670' title='bbox 2269 2709 2545 2782; x_wconf 89' lang='lat' dir='ltr'><strong>quomodo</strong></span> <span class='ocrx_word' id='word_1_671' title='bbox 2574 2712 2727 2768; x_wconf 87' lang='lat' dir='ltr'><strong>timet</strong></span> <span class='ocrx_word' id='word_1_672' title='bbox 2749 2713 2948 2783; x_wconf 81' lang='lat' dir='ltr'><strong>justus,</strong></span> <span class='ocrx_word' id='word_1_673' title='bbox 2980 2722 3033 2771; x_wconf 88' lang='lat' dir='ltr'><strong>et</strong></span> <span class='ocrx_word' id='word_1_674' title='bbox 3064 2713 3243 2770; x_wconf 87' lang='lat' dir='ltr'><strong>tremit</strong></span> <span class='ocrx_word' id='word_1_675' title='bbox 3266 2728 3365 2785; x_wconf 84' lang='lat' dir='ltr'><strong>pro</strong></span> <span class='ocrx_word' id='word_1_676' title='bbox 3409 2714 3680 2784; x_wconf 86' lang='lat' dir='ltr'><strong>hospitum</strong></span> <span class='ocrx_word' id='word_1_677' title='bbox 3708 2729 3874 2772; x_wconf 85' lang='lat' dir='ltr'><strong>secu-</strong></span> 
     </span>
    </p>
   </div>
   <div class='ocr_carea' id='block_1_88' title="bbox 2270 2802 3867 2876">
    <p class='ocr_par' dir='ltr' id='par_1_88' title="bbox 2270 2802 3867 2876">
     <span class='ocr_line' id='line_1_89' title="bbox 2270 2802 3867 2876; baseline 0.003 -19"><span class='ocrx_word' id='word_1_678' title='bbox 2270 2804 2443 2858; x_wconf 86' lang='lat' dir='ltr'><strong>ritate.</strong></span> <span class='ocrx_word' id='word_1_679' title='bbox 2482 2802 2666 2873; x_wconf 87' lang='lat' dir='ltr'><strong>Neque</strong></span> <span class='ocrx_word' id='word_1_680' title='bbox 2708 2804 2853 2859; x_wconf 90' lang='lat' dir='ltr'><strong>enim</strong></span> <span class='ocrx_word' id='word_1_681' title='bbox 2882 2811 3088 2860; x_wconf 90' lang='lat' dir='ltr'><strong>tantum</strong></span> <span class='ocrx_word' id='word_1_682' title='bbox 3113 2804 3329 2875; x_wconf 86' lang='lat' dir='ltr'><strong>januam</strong></span> <span class='ocrx_word' id='word_1_683' title='bbox 3378 2805 3570 2860; x_wconf 89' lang='lat' dir='ltr'><strong>clausit</strong></span> <span class='ocrx_word' id='word_1_684' title='bbox 3615 2813 3741 2876; x_wconf 82' lang='lat' dir='ltr'><strong>post</strong></span> <span class='ocrx_word' id='word_1_685' title='bbox 3780 2818 3867 2872; x_wconf 84' lang='lat' dir='ltr'><strong>sc.</strong></span> 
     </span>
    </p>
   </div>
   <div class='ocr_carea' id='block_1_89' title="bbox 2268 2890 3871 2967">
    <p class='ocr_par' dir='ltr' id='par_1_89' title="bbox 2268 2890 3871 2967">
     <span class='ocr_line' id='line_1_90' title="bbox 2268 2890 3871 2967; baseline 0.002 -20"><span class='ocrx_word' id='word_1_686' title='bbox 2268 2890 2364 2947; x_wconf 88' lang='lat' dir='ltr'><strong>sed</strong></span> <span class='ocrx_word' id='word_1_687' title='bbox 2383 2892 2560 2947; x_wconf 88' lang='lat' dir='ltr'><strong>sciens</strong></span> <span class='ocrx_word' id='word_1_688' title='bbox 2583 2907 2768 2947; x_wconf 88' lang='lat' dir='ltr'><strong>eorum</strong></span> <span class='ocrx_word' id='word_1_689' title='bbox 2799 2893 3061 2949; x_wconf 84' lang='lat' dir='ltr'><strong>insaniam</strong></span> <span class='ocrx_word' id='word_1_690' title='bbox 3088 2904 3144 2949; x_wconf 92' lang='lat' dir='ltr'><strong>et</strong></span> <span class='ocrx_word' id='word_1_691' title='bbox 3172 2894 3475 2961; x_wconf 85' lang='lat' dir='ltr'><strong>audaciam,</strong></span> <span class='ocrx_word' id='word_1_692' title='bbox 3504 2903 3559 2950; x_wconf 91' lang='lat' dir='ltr'><strong>et</strong></span> <span class='ocrx_word' id='word_1_693' title='bbox 3581 2894 3871 2967; x_wconf 82' lang='lat' dir='ltr'><strong>suspicans</strong></span> 
     </span>
    </p>
   </div>
   <div class='ocr_carea' id='block_1_90' title="bbox 2269 2984 3869 3057">
    <p class='ocr_par' dir='ltr' id='par_1_90' title="bbox 2269 2984 3869 3057">
     <span class='ocr_line' id='line_1_91' title="bbox 2269 2984 3869 3057; baseline 0.001 -17"><span class='ocrx_word' id='word_1_694' title='bbox 2269 2999 2457 3041; x_wconf 88' lang='lat' dir='ltr'><strong>eorum</strong></span> <span class='ocrx_word' id='word_1_695' title='bbox 2489 2985 2869 3053; x_wconf 87' lang='lat' dir='ltr'><strong>temeritatem,</strong></span> <span class='ocrx_word' id='word_1_696' title='bbox 2897 2984 3094 3042; x_wconf 89' lang='lat' dir='ltr'><strong>deinde</strong></span> <span class='ocrx_word' id='word_1_697' title='bbox 3143 2986 3315 3056; x_wconf 90' lang='lat' dir='ltr'><strong>inquit</strong></span> <span class='ocrx_word' id='word_1_698' title='bbox 3361 2985 3429 3041; x_wconf 89' lang='lat' dir='ltr'><strong>ad</strong></span> <span class='ocrx_word' id='word_1_699' title='bbox 3473 3001 3610 3041; x_wconf 88' lang='lat' dir='ltr'><strong>eos:</strong></span> <span class='ocrx_word' id='word_1_700' title='bbox 3644 2984 3869 3057; x_wconf 77' lang='lat' dir='ltr'><strong>Nequa-</strong></span> 
     </span>
    </p>
   </div>
   <div class='ocr_carea' id='block_1_91' title="bbox 2272 3076 3867 3148">
    <p class='ocr_par' dir='ltr' id='par_1_91' title="bbox 2272 3076 3867 3148">
     <span class='ocr_line' id='line_1_92' title="bbox 2272 3076 3867 3148; baseline 0.003 -19"><span class='ocrx_word' id='word_1_701' title='bbox 2272 3092 2446 3147; x_wconf 84' lang='lat' dir='ltr'><strong>quam,</strong></span> <span class='ocrx_word' id='word_1_702' title='bbox 2479 3080 2686 3148; x_wconf 78' lang='lat' dir='ltr'><strong>fratres.</strong></span> <span class='ocrx_word' id='word_1_703' title='bbox 2735 3078 2781 3131; x_wconf 90' lang='grc' dir='ltr'>Ο</span> <span class='ocrx_word' id='word_1_704' title='bbox 2804 3076 2932 3147; x_wconf 91' lang='lat' dir='ltr'><strong>justi</strong></span> <span class='ocrx_word' id='word_1_705' title='bbox 2976 3078 3079 3132; x_wconf 88' lang='lat' dir='ltr'><strong>viri</strong></span> <span class='ocrx_word' id='word_1_706' title='bbox 3129 3077 3499 3133; x_wconf 87' lang='lat' dir='ltr'><strong>tolerantiam!</strong></span> <span class='ocrx_word' id='word_1_707' title='bbox 3528 3092 3563 3133; x_wconf 86' lang='grc' dir='ltr'><strong>ο</strong></span> <span class='ocrx_word' id='word_1_708' title='bbox 3588 3077 3867 3148; x_wconf 80' lang='lat' dir='ltr'><strong>ingentem</strong></span> 
     </span>
    </p>
   </div>
   <div class='ocr_carea' id='block_1_92' title="bbox 2269 3168 3868 3234">
    <p class='ocr_par' dir='ltr' id='par_1_92' title="bbox 2269 3168 3868 3234">
     <span class='ocr_line' id='line_1_93' title="bbox 2269 3168 3868 3234; baseline 0.003 -12"><span class='ocrx_word' id='word_1_709' title='bbox 2269 3168 2660 3224; x_wconf 84' lang='lat' dir='ltr'><strong>humilitatem!</strong></span> <span class='ocrx_word' id='word_1_710' title='bbox 2698 3168 2823 3225; x_wconf 70' lang='lat' dir='ltr'><strong>Hzcc</strong></span> <span class='ocrx_word' id='word_1_711' title='bbox 2859 3183 2989 3225; x_wconf 87' lang='lat' dir='ltr'><strong>vera</strong></span> <span class='ocrx_word' id='word_1_712' title='bbox 3016 3169 3185 3224; x_wconf 82' lang='lat' dir='ltr'><strong>virtus</strong></span> <span class='ocrx_word' id='word_1_713' title='bbox 3209 3177 3313 3234; x_wconf 90' lang='lat' dir='ltr'><strong>est,</strong></span> <span class='ocrx_word' id='word_1_714' title='bbox 3351 3170 3422 3225; x_wconf 85' lang='lat' dir='ltr'><strong>ita</strong></span> <span class='ocrx_word' id='word_1_715' title='bbox 3457 3177 3738 3225; x_wconf 85' lang='lat' dir='ltr'><strong>mansuete</strong></span> <span class='ocrx_word' id='word_1_716' title='bbox 3780 3169 3868 3226; x_wconf 86' lang='lat' dir='ltr'><strong>al-</strong></span> 
     </span>
    </p>
   </div>
   <div class='ocr_carea' id='block_1_93' title="bbox 2269 3260 3867 3332">
    <p class='ocr_par' dir='ltr' id='par_1_93' title="bbox 2269 3260 3867 3332">
     <span class='ocr_line' id='line_1_94' title="bbox 2269 3260 3867 3332; baseline 0.001 -17"><span class='ocrx_word' id='word_1_717' title='bbox 2269 3260 2413 3331; x_wconf 91' lang='lat' dir='ltr'><strong>loqui</strong></span> <span class='ocrx_word' id='word_1_718' title='bbox 2447 3262 2581 3317; x_wconf 86' lang='lat' dir='ltr'><strong>tales</strong></span> <span class='ocrx_word' id='word_1_719' title='bbox 2616 3261 2886 3317; x_wconf 88' lang='lat' dir='ltr'><strong>homines.</strong></span> <span class='ocrx_word' id='word_1_720' title='bbox 2916 3261 3105 3317; x_wconf 83' lang='lat' dir='ltr'><strong>Nullus</strong></span> <span class='ocrx_word' id='word_1_721' title='bbox 3150 3262 3292 3317; x_wconf 89' lang='lat' dir='ltr'><strong>enim</strong></span> <span class='ocrx_word' id='word_1_722' title='bbox 3324 3260 3525 3332; x_wconf 77' lang='lat' dir='ltr'><strong>:cgrum</strong></span> <span class='ocrx_word' id='word_1_723' title='bbox 3549 3262 3737 3317; x_wconf 87' lang='lat' dir='ltr'><strong>volens</strong></span> <span class='ocrx_word' id='word_1_724' title='bbox 3764 3276 3867 3317; x_wconf 81' lang='lat' dir='ltr'><strong>cu-</strong></span> 
     </span>
    </p>
   </div>
   <div class='ocr_carea' id='block_1_94' title="bbox 2269 3350 3871 3422">
    <p class='ocr_par' dir='ltr' id='par_1_94' title="bbox 2269 3350 3871 3422">
     <span class='ocr_line' id='line_1_95' title="bbox 2269 3350 3871 3422; baseline 0.001 -17"><span class='ocrx_word' id='word_1_725' title='bbox 2269 3365 2410 3417; x_wconf 87' lang='lat' dir='ltr'><strong>rare,</strong></span> <span class='ocrx_word' id='word_1_726' title='bbox 2436 3360 2490 3407; x_wconf 90' lang='lat' dir='ltr'><strong>et</strong></span> <span class='ocrx_word' id='word_1_727' title='bbox 2530 3351 2884 3407; x_wconf 88' lang='lat' dir='ltr'><strong>insanientem</strong></span> <span class='ocrx_word' id='word_1_728' title='bbox 2911 3354 3195 3422; x_wconf 85' lang='lat' dir='ltr'><strong>castigare,</strong></span> <span class='ocrx_word' id='word_1_729' title='bbox 3226 3367 3348 3407; x_wconf 93' lang='lat' dir='ltr'><strong>cum</strong></span> <span class='ocrx_word' id='word_1_730' title='bbox 3383 3350 3659 3408; x_wconf 88' lang='lat' dir='ltr'><strong>iracundia</strong></span> <span class='ocrx_word' id='word_1_731' title='bbox 3686 3363 3747 3408; x_wconf 86' lang='lat' dir='ltr'><strong>et</strong></span> <span class='ocrx_word' id='word_1_732' title='bbox 3768 3366 3871 3407; x_wconf 75' lang='lat' dir='ltr'><strong>au-</strong></span> 
     </span>
    </p>
   </div>
   <div class='ocr_carea' id='block_1_95' title="bbox 2267 3439 3866 3515">
    <p class='ocr_par' dir='ltr' id='par_1_95' title="bbox 2267 3439 3866 3515">
     <span class='ocr_line' id='line_1_96' title="bbox 2267 3439 3866 3515; baseline 0.001 -18"><span class='ocrx_word' id='word_1_733' title='bbox 2267 3441 2509 3497; x_wconf 83' lang='lat' dir='ltr'><strong>steritate</strong></span> <span class='ocrx_word' id='word_1_734' title='bbox 2541 3440 2645 3496; x_wconf 89' lang='lat' dir='ltr'><strong>hoc</strong></span> <span class='ocrx_word' id='word_1_735' title='bbox 2672 3439 2819 3496; x_wconf 85' lang='lat' dir='ltr'><strong>facit.</strong></span> <span class='ocrx_word' id='word_1_736' title='bbox 2852 3440 2919 3497; x_wconf 85' lang='lat' dir='ltr'><strong>Et</strong></span> <span class='ocrx_word' id='word_1_737' title='bbox 2944 3442 3309 3498; x_wconf 87' lang='lat' dir='ltr'><strong>animadverte</strong></span> <span class='ocrx_word' id='word_1_738' title='bbox 3338 3442 3610 3513; x_wconf 88' lang='lat' dir='ltr'><strong>quomodo</strong></span> <span class='ocrx_word' id='word_1_739' title='bbox 3630 3456 3746 3507; x_wconf 87' lang='lat' dir='ltr'><strong>eos,</strong></span> <span class='ocrx_word' id='word_1_740' title='bbox 3770 3444 3866 3515; x_wconf 79' lang='lat' dir='ltr'><strong>qui</strong></span> 
     </span>
    </p>
   </div>
   <div class='ocr_carea' id='block_1_96' title="bbox 2269 3531 3871 3602">
    <p class='ocr_par' dir='ltr' id='par_1_96' title="bbox 2269 3531 3871 3602">
     <span class='ocr_line' id='line_1_97' title="bbox 2269 3531 3871 3602; baseline 0.002 -14"><span class='ocrx_word' id='word_1_741' title='bbox 2269 3539 2379 3588; x_wconf 88' lang='lat' dir='ltr'><strong>tam</strong></span> <span class='ocrx_word' id='word_1_742' title='bbox 2415 3531 2645 3589; x_wconf 83' lang='lat' dir='ltr'><strong>absurda</strong></span> <span class='ocrx_word' id='word_1_743' title='bbox 2699 3542 2913 3602; x_wconf 89' lang='lat' dir='ltr'><strong>patrare</strong></span> <span class='ocrx_word' id='word_1_744' title='bbox 2959 3532 3238 3599; x_wconf 86' lang='lat' dir='ltr'><strong>volebant,</strong></span> <span class='ocrx_word' id='word_1_745' title='bbox 3264 3532 3460 3591; x_wconf 87' lang='lat' dir='ltr'><strong>fratres</strong></span> <span class='ocrx_word' id='word_1_746' title='bbox 3496 3543 3671 3598; x_wconf 88' lang='lat' dir='ltr'><strong>vocat,</strong></span> <span class='ocrx_word' id='word_1_747' title='bbox 3706 3542 3769 3590; x_wconf 87' lang='lat' dir='ltr'><strong>ut</strong></span> <span class='ocrx_word' id='word_1_748' title='bbox 3812 3544 3871 3591; x_wconf 85' lang='lat' dir='ltr'><strong>et</strong></span> 
     </span>
    </p>
   </div>
   <div class='ocr_carea' id='block_1_97' title="bbox 2267 3623 3871 3697">
    <p class='ocr_par' dir='ltr' id='par_1_97' title="bbox 2267 3623 3871 3697">
     <span class='ocr_line' id='line_1_98' title="bbox 2267 3623 3871 3697; baseline 0.003 -19"><span class='ocrx_word' id='word_1_749' title='bbox 2267 3636 2455 3679; x_wconf 84' lang='lat' dir='ltr'><strong>eorum</strong></span> <span class='ocrx_word' id='word_1_750' title='bbox 2484 3623 2843 3680; x_wconf 88' lang='lat' dir='ltr'><strong>conscientias</strong></span> <span class='ocrx_word' id='word_1_751' title='bbox 2874 3634 3135 3696; x_wconf 85' lang='lat' dir='ltr'><strong>tangeret,</strong></span> <span class='ocrx_word' id='word_1_752' title='bbox 3161 3635 3215 3681; x_wconf 92' lang='lat' dir='ltr'><strong>et</strong></span> <span class='ocrx_word' id='word_1_753' title='bbox 3239 3642 3269 3680; x_wconf 90' lang='lat' dir='ltr'><strong>a</strong></span> <span class='ocrx_word' id='word_1_754' title='bbox 3288 3626 3489 3681; x_wconf 85' lang='lat' dir='ltr'><strong>nefario</strong></span> <span class='ocrx_word' id='word_1_755' title='bbox 3509 3625 3711 3697; x_wconf 80' lang='lat' dir='ltr'><strong>ﬂagitio</strong></span> <span class='ocrx_word' id='word_1_756' title='bbox 3738 3625 3871 3683; x_wconf 88' lang='lat' dir='ltr'><strong>illos</strong></span> 
     </span>
    </p>
   </div>
   <div class='ocr_carea' id='block_1_98' title="bbox 2267 3712 3871 3788">
    <p class='ocr_par' dir='ltr' id='par_1_98' title="bbox 2267 3712 3871 3788">
     <span class='ocr_line' id='line_1_99' title="bbox 2267 3712 3871 3788; baseline 0.001 -19"><span class='ocrx_word' id='word_1_757' title='bbox 2267 3712 2576 3771; x_wconf 87' lang='lat' dir='ltr'><strong>abduceret.</strong></span> <span class='ocrx_word' id='word_1_758' title='bbox 2612 3713 2985 3787; x_wconf 81' lang='lat' dir='ltr'><strong>Nequaquam,</strong></span> <span class='ocrx_word' id='word_1_759' title='bbox 3043 3716 3231 3787; x_wconf 86' lang='lat' dir='ltr'><strong>inquit,</strong></span> <span class='ocrx_word' id='word_1_760' title='bbox 3268 3720 3483 3788; x_wconf 82' lang='lat' dir='ltr'><strong>fratres;</strong></span> <span class='ocrx_word' id='word_1_761' title='bbox 3512 3716 3669 3771; x_wconf 84' lang='lat' dir='ltr'><strong>nolite</strong></span> <span class='ocrx_word' id='word_1_762' title='bbox 3691 3717 3871 3788; x_wconf 75' lang='lat' dir='ltr'><strong>inique</strong></span> 
     </span>
    </p>
   </div>
   <div class='ocr_carea' id='block_1_99' title="bbox 2271 3808 3871 3880">
    <p class='ocr_par' dir='ltr' id='par_1_99' title="bbox 2271 3808 3871 3880">
     <span class='ocr_line' id='line_1_100' title="bbox 2271 3808 3871 3880; baseline 0.004 -19"><span class='ocrx_word' id='word_1_763' title='bbox 2271 3823 2436 3879; x_wconf 73' lang='lat' dir='ltr'><strong>agere.</strong></span> <span class='ocrx_word' id='word_1_764' title='bbox 2490 3808 2633 3865; x_wconf 82' lang='lat' dir='ltr'><strong>Nihil</strong></span> <span class='ocrx_word' id='word_1_765' title='bbox 2666 3810 2773 3865; x_wconf 87' lang='lat' dir='ltr'><strong>tale</strong></span> <span class='ocrx_word' id='word_1_766' title='bbox 2802 3810 3049 3879; x_wconf 77' lang='lat' dir='ltr'><strong>cogitetis</strong></span> <span class='ocrx_word' id='word_1_767' title='bbox 3074 3852 3089 3877; x_wconf 95' lang='lat'><strong>,</strong></span> <span class='ocrx_word' id='word_1_768' title='bbox 3119 3825 3188 3864; x_wconf 84' lang='lat' dir='ltr'><strong>ne</strong></span> <span class='ocrx_word' id='word_1_769' title='bbox 3214 3809 3510 3865; x_wconf 87' lang='lat' dir='ltr'><strong>admittatis</strong></span> <span class='ocrx_word' id='word_1_770' title='bbox 3541 3817 3645 3863; x_wconf 88' lang='lat' dir='ltr'><strong>tam</strong></span> <span class='ocrx_word' id='word_1_771' title='bbox 3695 3824 3871 3880; x_wconf 80' lang='lat' dir='ltr'><strong>grave</strong></span> 
     </span>
    </p>
   </div>
   <div class='ocr_carea' id='block_1_100' title="bbox 2267 3900 3867 3970">
    <p class='ocr_par' dir='ltr' id='par_1_100' title="bbox 2267 3900 3867 3970">
     <span class='ocr_line' id='line_1_101' title="bbox 2267 3900 3867 3970; baseline -0.003 -12"><span class='ocrx_word' id='word_1_772' title='bbox 2267 3901 2444 3958; x_wconf 78' lang='lat' dir='ltr'><strong>scelus</strong></span> <span class='ocrx_word' id='word_1_773' title='bbox 2469 3900 2521 3956; x_wconf 92' lang='lat' dir='ltr'><strong>in</strong></span> <span class='ocrx_word' id='word_1_774' title='bbox 2553 3910 2786 3957; x_wconf 89' lang='lat' dir='ltr'><strong>mentem</strong></span> <span class='ocrx_word' id='word_1_775' title='bbox 2814 3910 3071 3966; x_wconf 83' lang='lat' dir='ltr'><strong>vestram,</strong></span> <span class='ocrx_word' id='word_1_776' title='bbox 3102 3916 3171 3956; x_wconf 90' lang='lat' dir='ltr'><strong>ne</strong></span> <span class='ocrx_word' id='word_1_777' title='bbox 3192 3909 3437 3956; x_wconf 89' lang='lat' dir='ltr'><strong>naturam</strong></span> <span class='ocrx_word' id='word_1_778' title='bbox 3477 3901 3646 3970; x_wconf 83' lang='lat' dir='ltr'><strong>ipsam</strong></span> <span class='ocrx_word' id='word_1_779' title='bbox 3672 3901 3867 3955; x_wconf 87' lang='lat' dir='ltr'><strong>tradu-</strong></span> 
     </span>
    </p>
   </div>
   <div class='ocr_carea' id='block_1_101' title="bbox 2268 3992 3869 4065">
    <p class='ocr_par' dir='ltr' id='par_1_101' title="bbox 2268 3992 3869 4065">
     <span class='ocr_line' id='line_1_102' title="bbox 2268 3992 3869 4065; baseline 0.001 -15"><span class='ocrx_word' id='word_1_780' title='bbox 2268 3995 2426 4061; x_wconf 87' lang='lat' dir='ltr'><strong>catis,</strong></span> <span class='ocrx_word' id='word_1_781' title='bbox 2472 4008 2540 4050; x_wconf 90' lang='lat' dir='ltr'><strong>ne</strong></span> <span class='ocrx_word' id='word_1_782' title='bbox 2565 3995 2782 4051; x_wconf 82' lang='lat' dir='ltr'><strong>illicitos</strong></span> <span class='ocrx_word' id='word_1_783' title='bbox 2812 3994 3125 4065; x_wconf 79' lang='lat' dir='ltr'><strong>excogitetis</strong></span> <span class='ocrx_word' id='word_1_784' title='bbox 3150 3995 3323 4049; x_wconf 90' lang='lat' dir='ltr'><strong>coitus</strong></span> <span class='ocrx_word' id='word_1_785' title='bbox 3353 4010 3365 4046; x_wconf 94' lang='lat'>:</span> <span class='ocrx_word' id='word_1_786' title='bbox 3390 3992 3485 4049; x_wconf 90' lang='lat' dir='ltr'><strong>sed</strong></span> <span class='ocrx_word' id='word_1_787' title='bbox 3512 3993 3556 4049; x_wconf 89' lang='lat' dir='ltr'><strong>si</strong></span> <span class='ocrx_word' id='word_1_788' title='bbox 3584 3994 3869 4051; x_wconf 87' lang='lat' dir='ltr'><strong>volueritis</strong></span> 
     </span>
    </p>
   </div>
   <div class='ocr_carea' id='block_1_102' title="bbox 2269 4083 3867 4154">
    <p class='ocr_par' dir='ltr' id='par_1_102' title="bbox 2269 4083 3867 4154">
     <span class='ocr_line' id='line_1_103' title="bbox 2269 4083 3867 4154; baseline 0 -14"><span class='ocrx_word' id='word_1_789' title='bbox 2269 4083 2491 4141; x_wconf 74' lang='lat' dir='ltr'><strong>insania:</strong></span> <span class='ocrx_word' id='word_1_790' title='bbox 2542 4094 2734 4141; x_wconf 81' lang='lat' dir='ltr'><strong>vestrae</strong></span> <span class='ocrx_word' id='word_1_791' title='bbox 2783 4085 3019 4141; x_wconf 86' lang='lat' dir='ltr'><strong>furorem</strong></span> <span class='ocrx_word' id='word_1_792' title='bbox 3066 4084 3409 4151; x_wconf 84' lang='lat' dir='ltr'><strong>demulcere,</strong></span> <span class='ocrx_word' id='word_1_793' title='bbox 3451 4098 3552 4154; x_wconf 87' lang='lat' dir='ltr'><strong>ego</strong></span> <span class='ocrx_word' id='word_1_794' title='bbox 3603 4083 3867 4154; x_wconf 85' lang='lat' dir='ltr'><strong>quiddam</strong></span> 
     </span>
    </p>
   </div>
   <div class='ocr_carea' id='block_1_103' title="bbox 2264 4174 3869 4246">
    <p class='ocr_par' dir='ltr' id='par_1_103' title="bbox 2264 4174 3869 4246">
     <span class='ocr_line' id='line_1_104' title="bbox 2264 4174 3869 4246; baseline -0.001 -13"><span class='ocrx_word' id='word_1_795' title='bbox 2264 4174 2539 4246; x_wconf 67' lang='lat' dir='ltr'><strong>pmbebo,</strong></span> <span class='ocrx_word' id='word_1_796' title='bbox 2584 4190 2693 4245; x_wconf 88' lang='lat' dir='ltr'><strong>quo</strong></span> <span class='ocrx_word' id='word_1_797' title='bbox 2739 4176 2999 4246; x_wconf 84' lang='lat' dir='ltr'><strong>ﬂagitium</strong></span> <span class='ocrx_word' id='word_1_798' title='bbox 3024 4184 3261 4230; x_wconf 88' lang='lat' dir='ltr'><strong>vestrum</strong></span> <span class='ocrx_word' id='word_1_799' title='bbox 3289 4175 3461 4231; x_wconf 88' lang='lat' dir='ltr'><strong>levius</strong></span> <span class='ocrx_word' id='word_1_800' title='bbox 3488 4175 3596 4229; x_wconf 81' lang='lat' dir='ltr'><strong>fiat.</strong></span> <span class='ocrx_word' id='word_1_801' title='bbox 3633 4176 3685 4230; x_wconf 83' lang='lat'><strong>8.</strong></span> <span class='ocrx_word' id='word_1_802' title='bbox 3723 4175 3869 4231; x_wconf 78' lang='lat' dir='ltr'><strong>Sunt</strong></span> 
     </span>
    </p>
   </div>
   <div class='ocr_carea' id='block_1_104' title="bbox 2267 4264 3871 4336">
    <p class='ocr_par' dir='ltr' id='par_1_104' title="bbox 2267 4264 3871 4336">
     <span class='ocr_line' id='line_1_105' title="bbox 2267 4264 3871 4336; baseline 0.003 -19"><span class='ocrx_word' id='word_1_803' title='bbox 2267 4264 2391 4318; x_wconf 75' lang='lat' dir='ltr'><strong>mihi</strong></span> <span class='ocrx_word' id='word_1_804' title='bbox 2420 4265 2535 4320; x_wconf 69' lang='lat' dir='ltr'><strong>dum</strong></span> <span class='ocrx_word' id='word_1_805' title='bbox 2561 4267 2703 4334; x_wconf 75' lang='lat' dir='ltr'><strong>ﬁlite,</strong></span> <span class='ocrx_word' id='word_1_806' title='bbox 2725 4282 2837 4335; x_wconf 76' lang='lat' dir='ltr'><strong>quo:</strong></span> <span class='ocrx_word' id='word_1_807' title='bbox 2863 4267 2996 4321; x_wconf 83' lang='lat' dir='ltr'><strong>viros</strong></span> <span class='ocrx_word' id='word_1_808' title='bbox 3024 4282 3123 4321; x_wconf 84' lang='lat' dir='ltr'><strong>non</strong></span> <span class='ocrx_word' id='word_1_809' title='bbox 3150 4275 3507 4336; x_wconf 82' lang='lat' dir='ltr'><strong>cognoverunt.</strong></span> <span class='ocrx_word' id='word_1_810' title='bbox 3539 4264 3749 4333; x_wconf 85' lang='lat' dir='ltr'><strong>Adhuc,</strong></span> <span class='ocrx_word' id='word_1_811' title='bbox 3778 4266 3871 4322; x_wconf 90' lang='lat' dir='ltr'><strong>in-</strong></span> 
     </span>
    </p>
   </div>
   <div class='ocr_carea' id='block_1_105' title="bbox 2267 4357 3867 4429">
    <p class='ocr_par' dir='ltr' id='par_1_105' title="bbox 2267 4357 3867 4429">
     <span class='ocr_line' id='line_1_106' title="bbox 2267 4357 3867 4429; baseline 0.001 -15"><span class='ocrx_word' id='word_1_812' title='bbox 2267 4358 2412 4427; x_wconf 86' lang='lat' dir='ltr'><strong>quit,</strong></span> <span class='ocrx_word' id='word_1_813' title='bbox 2443 4357 2740 4429; x_wconf 76' lang='lat' dir='ltr'><strong>inexperta:</strong></span> <span class='ocrx_word' id='word_1_814' title='bbox 2794 4366 2922 4415; x_wconf 86' lang='lat' dir='ltr'><strong>sunt</strong></span> <span class='ocrx_word' id='word_1_815' title='bbox 2972 4358 3226 4427; x_wconf 85' lang='lat' dir='ltr'><strong>nuptialis</strong></span> <span class='ocrx_word' id='word_1_816' title='bbox 3253 4372 3599 4429; x_wconf 88' lang='lat' dir='ltr'><strong>congressus,</strong></span> <span class='ocrx_word' id='word_1_817' title='bbox 3644 4358 3867 4416; x_wconf 68' lang='lat' dir='ltr'><strong>intactae</strong></span> 
     </span>
    </p>
   </div>
   <div class='ocr_carea' id='block_1_106' title="bbox 2268 4448 3867 4518">
    <p class='ocr_par' dir='ltr' id='par_1_106' title="bbox 2268 4448 3867 4518">
     <span class='ocr_line' id='line_1_107' title="bbox 2268 4448 3867 4518; baseline 0.001 -15"><span class='ocrx_word' id='word_1_818' title='bbox 2268 4458 2413 4516; x_wconf 87' lang='lat' dir='ltr'><strong>sunt,</strong></span> <span class='ocrx_word' id='word_1_819' title='bbox 2437 4448 2661 4518; x_wconf 83' lang='lat' dir='ltr'><strong>juvenes</strong></span> <span class='ocrx_word' id='word_1_820' title='bbox 2687 4458 2832 4516; x_wconf 88' lang='lat' dir='ltr'><strong>sunt,</strong></span> <span class='ocrx_word' id='word_1_821' title='bbox 2863 4457 2918 4503; x_wconf 90' lang='lat' dir='ltr'><strong>et</strong></span> <span class='ocrx_word' id='word_1_822' title='bbox 2947 4449 3121 4503; x_wconf 87' lang='lat' dir='ltr'><strong>adhuc</strong></span> <span class='ocrx_word' id='word_1_823' title='bbox 3150 4448 3202 4502; x_wconf 89' lang='lat' dir='ltr'><strong>in</strong></span> <span class='ocrx_word' id='word_1_824' title='bbox 3233 4448 3364 4503; x_wconf 86' lang='lat' dir='ltr'><strong>ﬂore</strong></span> <span class='ocrx_word' id='word_1_825' title='bbox 3387 4448 3561 4503; x_wconf 78' lang='lat' dir='ltr'><strong>mtatis</strong></span> <span class='ocrx_word' id='word_1_826' title='bbox 3590 4465 3605 4503; x_wconf 89' lang='lat'><strong>:</strong></span> <span class='ocrx_word' id='word_1_827' title='bbox 3635 4462 3729 4503; x_wconf 86' lang='lat' dir='ltr'><strong>eas</strong></span> <span class='ocrx_word' id='word_1_828' title='bbox 3743 4464 3867 4505; x_wconf 81' lang='lat' dir='ltr'><strong>om-</strong></span> 
     </span>
    </p>
   </div>
   <div class='ocr_carea' id='block_1_107' title="bbox 2266 4539 3861 4611">
    <p class='ocr_par' dir='ltr' id='par_1_107' title="bbox 2266 4539 3861 4611">
     <span class='ocr_line' id='line_1_108' title="bbox 2266 4539 3861 4611; baseline 0.003 -19"><span class='ocrx_word' id='word_1_829' title='bbox 2266 4539 2425 4593; x_wconf 83' lang='lat' dir='ltr'><strong>uibus</strong></span> <span class='ocrx_word' id='word_1_830' title='bbox 2456 4542 2725 4611; x_wconf 76' lang='lat' dir='ltr'><strong>expositas</strong></span> <span class='ocrx_word' id='word_1_831' title='bbox 2756 4541 2848 4607; x_wconf 85' lang='lat' dir='ltr'><strong>do,</strong></span> <span class='ocrx_word' id='word_1_832' title='bbox 2896 4550 2948 4595; x_wconf 91' lang='lat' dir='ltr'><strong>et</strong></span> <span class='ocrx_word' id='word_1_833' title='bbox 2974 4541 3181 4596; x_wconf 88' lang='lat' dir='ltr'><strong>utimini</strong></span> <span class='ocrx_word' id='word_1_834' title='bbox 3208 4542 3285 4595; x_wconf 90' lang='lat' dir='ltr'><strong>eis</strong></span> <span class='ocrx_word' id='word_1_835' title='bbox 3310 4541 3447 4596; x_wconf 88' lang='lat' dir='ltr'><strong>sicut</strong></span> <span class='ocrx_word' id='word_1_836' title='bbox 3476 4540 3632 4595; x_wconf 82' lang='lat' dir='ltr'><strong>vobis</strong></span> <span class='ocrx_word' id='word_1_837' title='bbox 3658 4540 3861 4611; x_wconf 83' lang='lat' dir='ltr'><strong>placet.</strong></span> 
     </span>
    </p>
   </div>
   <div class='ocr_carea' id='block_1_108' title="bbox 2271 4632 3866 4703">
    <p class='ocr_par' dir='ltr' id='par_1_108' title="bbox 2271 4632 3866 4703">
     <span class='ocr_line' id='line_1_109' title="bbox 2271 4632 3866 4703; baseline 0.002 -17"><span class='ocrx_word' id='word_1_838' title='bbox 2271 4632 2521 4701; x_wconf 81' lang='lat' dir='ltr'><strong>Acceptis</strong></span> <span class='ocrx_word' id='word_1_839' title='bbox 2569 4632 2675 4687; x_wconf 89' lang='lat' dir='ltr'><strong>illis</strong></span> <span class='ocrx_word' id='word_1_840' title='bbox 2701 4674 2715 4698; x_wconf 91' lang='lat'><strong>,</strong></span> <span class='ocrx_word' id='word_1_841' title='bbox 2748 4633 2935 4703; x_wconf 87' lang='lat' dir='ltr'><strong>inquit,</strong></span> <span class='ocrx_word' id='word_1_842' title='bbox 2969 4633 3178 4701; x_wconf 81' lang='lat' dir='ltr'><strong>explete</strong></span> <span class='ocrx_word' id='word_1_843' title='bbox 3210 4643 3440 4688; x_wconf 47' lang='lat' dir='ltr'><strong>Vestram</strong></span> <span class='ocrx_word' id='word_1_844' title='bbox 3472 4633 3524 4686; x_wconf 93' lang='lat' dir='ltr'><strong>in</strong></span> <span class='ocrx_word' id='word_1_845' title='bbox 3566 4632 3645 4687; x_wconf 85' lang='lat' dir='ltr'><strong>eis</strong></span> <span class='ocrx_word' id='word_1_846' title='bbox 3678 4632 3866 4689; x_wconf 85' lang='lat' dir='ltr'><strong>libidi-</strong></span> 
     </span>
    </p>
   </div>
   <div class='ocr_carea' id='block_1_109' title="bbox 2270 4724 3862 4799">
    <p class='ocr_par' dir='ltr' id='par_1_109' title="bbox 2270 4724 3862 4799">
     <span class='ocr_line' id='line_1_110' title="bbox 2270 4724 3862 4799; baseline 0.001 -22"><span class='ocrx_word' id='word_1_847' title='bbox 2270 4738 2431 4787; x_wconf 88' lang='lat' dir='ltr'><strong>nem,</strong></span> <span class='ocrx_word' id='word_1_848' title='bbox 2481 4731 2534 4779; x_wconf 87' lang='lat' dir='ltr'><strong>ct</strong></span> <span class='ocrx_word' id='word_1_849' title='bbox 2604 4724 2872 4793; x_wconf 79' lang='lat' dir='ltr'><strong>indulgete</strong></span> <span class='ocrx_word' id='word_1_850' title='bbox 2925 4735 3117 4779; x_wconf 71' lang='grc' dir='ltr'><strong>νοείτω</strong></span> <span class='ocrx_word' id='word_1_851' title='bbox 3158 4726 3314 4778; x_wconf 78' lang='lat' dir='ltr'><strong>malm</strong></span> <span class='ocrx_word' id='word_1_852' title='bbox 3365 4724 3862 4799; x_wconf 79' lang='lat' dir='ltr'><strong>concupiscentim:</strong></span> 
     </span>
    </p>
   </div>
   <div class='ocr_carea' id='block_1_110' title="bbox 2268 4812 3865 4887">
    <p class='ocr_par' dir='ltr' id='par_1_110' title="bbox 2268 4812 3865 4887">
     <span class='ocr_line' id='line_1_111' title="bbox 2268 4812 3865 4887; baseline 0.001 -18"><span class='ocrx_word' id='word_1_853' title='bbox 2268 4812 2490 4871; x_wconf 81' lang='lat' dir='ltr'><strong>Tantum</strong></span> <span class='ocrx_word' id='word_1_854' title='bbox 2529 4816 2735 4871; x_wconf 72' lang='lat' dir='ltr'><strong>inritos</strong></span> <span class='ocrx_word' id='word_1_855' title='bbox 2760 4817 2876 4870; x_wconf 87' lang='lat' dir='ltr'><strong>illos</strong></span> <span class='ocrx_word' id='word_1_856' title='bbox 2906 4818 3032 4869; x_wconf 79' lang='lat' dir='ltr'><strong>nihil</strong></span> <span class='ocrx_word' id='word_1_857' title='bbox 3065 4818 3281 4887; x_wconf 74' lang='lat' dir='ltr'><strong>feceritis</strong></span> <span class='ocrx_word' id='word_1_858' title='bbox 3310 4815 3558 4886; x_wconf 84' lang='lat' dir='ltr'><strong>iniquum,</strong></span> <span class='ocrx_word' id='word_1_859' title='bbox 3590 4826 3865 4886; x_wconf 76' lang='lat' dir='ltr'><strong>propterea</strong></span> 
     </span>
    </p>
   </div>
   <div class='ocr_carea' id='block_1_111' title="bbox 2265 4906 3861 4979">
    <p class='ocr_par' dir='ltr' id='par_1_111' title="bbox 2265 4906 3861 4979">
     <span class='ocr_line' id='line_1_112' title="bbox 2265 4906 3861 4979; baseline 0.003 -17"><span class='ocrx_word' id='word_1_860' title='bbox 2265 4909 2400 4979; x_wconf 83' lang='lat' dir='ltr'><strong>quod</strong></span> <span class='ocrx_word' id='word_1_861' title='bbox 2424 4910 2732 4967; x_wconf 66' lang='lat' dir='ltr'><strong>intraverunt</strong></span> <span class='ocrx_word' id='word_1_862' title='bbox 2762 4908 2852 4961; x_wconf 85' lang='lat' dir='ltr'><strong>sub</strong></span> <span class='ocrx_word' id='word_1_863' title='bbox 2875 4918 3001 4962; x_wconf 80' lang='lat' dir='ltr'><strong>tectu</strong></span> <span class='ocrx_word' id='word_1_864' title='bbox 3032 4910 3281 4979; x_wconf 75' lang='lat' dir='ltr'><strong>tignorum</strong></span> <span class='ocrx_word' id='word_1_865' title='bbox 3306 4925 3546 4961; x_wconf 70' lang='lat' dir='ltr'><strong>utrorum.</strong></span> <span class='ocrx_word' id='word_1_866' title='bbox 3569 4906 3861 4977; x_wconf 81' lang='lat' dir='ltr'><strong>Quoniam.</strong></span> 
     </span>
    </p>
   </div>
   <div class='ocr_carea' id='block_1_112' title="bbox 2269 4998 3865 5069">
    <p class='ocr_par' dir='ltr' id='par_1_112' title="bbox 2269 4998 3865 5069">
     <span class='ocr_line' id='line_1_113' title="bbox 2269 4998 3865 5069; baseline 0.001 -17"><span class='ocrx_word' id='word_1_867' title='bbox 2269 4999 2457 5069; x_wconf 87' lang='lat' dir='ltr'><strong>inquit,</strong></span> <span class='ocrx_word' id='word_1_868' title='bbox 2488 5000 2636 5067; x_wconf 78' lang='lat' dir='ltr'><strong>coegi</strong></span> <span class='ocrx_word' id='word_1_869' title='bbox 2669 5013 2762 5053; x_wconf 90' lang='lat' dir='ltr'><strong>eos</strong></span> <span class='ocrx_word' id='word_1_870' title='bbox 2786 5007 2841 5053; x_wconf 91' lang='lat' dir='ltr'><strong>et</strong></span> <span class='ocrx_word' id='word_1_871' title='bbox 2880 4998 3061 5054; x_wconf 83' lang='lat' dir='ltr'><strong>induxi</strong></span> <span class='ocrx_word' id='word_1_872' title='bbox 3093 4998 3191 5053; x_wconf 87' lang='lat' dir='ltr'><strong>sub</strong></span> <span class='ocrx_word' id='word_1_873' title='bbox 3224 5007 3417 5053; x_wconf 87' lang='lat' dir='ltr'><strong>tectum</strong></span> <span class='ocrx_word' id='word_1_874' title='bbox 3456 5014 3653 5064; x_wconf 88' lang='lat' dir='ltr'><strong>meum,</strong></span> <span class='ocrx_word' id='word_1_875' title='bbox 3687 5008 3745 5053; x_wconf 85' lang='lat' dir='ltr'><strong>ut</strong></span> <span class='ocrx_word' id='word_1_876' title='bbox 3789 5017 3865 5054; x_wconf 85' lang='lat' dir='ltr'><strong>uc</strong></span> 
     </span>
    </p>
   </div>
   <div class='ocr_carea' id='block_1_113' title="bbox 2268 5088 3863 5159">
    <p class='ocr_par' dir='ltr' id='par_1_113' title="bbox 2268 5088 3863 5159">
     <span class='ocr_line' id='line_1_114' title="bbox 2268 5088 3863 5159; baseline 0.003 -17"><span class='ocrx_word' id='word_1_877' title='bbox 2268 5090 2397 5143; x_wconf 83' lang='lat' dir='ltr'><strong>mihi</strong></span> <span class='ocrx_word' id='word_1_878' title='bbox 2438 5089 2779 5143; x_wconf 66' lang='lat' dir='ltr'><strong>adscribatur</strong></span> <span class='ocrx_word' id='word_1_879' title='bbox 2829 5088 3078 5159; x_wconf 86' lang='lat' dir='ltr'><strong>iniquitas</strong></span> <span class='ocrx_word' id='word_1_880' title='bbox 3111 5089 3162 5143; x_wconf 89' lang='lat' dir='ltr'><strong>in</strong></span> <span class='ocrx_word' id='word_1_881' title='bbox 3190 5104 3283 5145; x_wconf 84' lang='lat' dir='ltr'><strong>eos</strong></span> <span class='ocrx_word' id='word_1_882' title='bbox 3312 5099 3538 5157; x_wconf 81' lang='lat' dir='ltr'><strong>patrata,</strong></span> <span class='ocrx_word' id='word_1_883' title='bbox 3566 5097 3622 5144; x_wconf 89' lang='lat' dir='ltr'><strong>et</strong></span> <span class='ocrx_word' id='word_1_884' title='bbox 3648 5104 3749 5159; x_wconf 80' lang='lat' dir='ltr'><strong>ego</strong></span> <span class='ocrx_word' id='word_1_885' title='bbox 3778 5092 3863 5146; x_wconf 69' lang='lat' dir='ltr'><strong>eis</strong></span> 
     </span>
    </p>
   </div>
   <div class='ocr_carea' id='block_1_114' title="bbox 2268 5175 3876 5247">
    <p class='ocr_par' dir='ltr' id='par_1_114' title="bbox 2268 5175 3876 5247">
     <span class='ocr_line' id='line_1_115' title="bbox 2268 5175 3876 5247; baseline 0.002 -17"><span class='ocrx_word' id='word_1_886' title='bbox 2268 5190 2453 5233; x_wconf 85' lang='lat' dir='ltr'><strong>auctor</strong></span> <span class='ocrx_word' id='word_1_887' title='bbox 2474 5179 2571 5232; x_wconf 79' lang='lat' dir='ltr'><strong>Silii</strong></span> <span class='ocrx_word' id='word_1_888' title='bbox 2598 5182 2955 5245; x_wconf 66' lang='lat' dir='ltr'><strong>emuumeliie,</strong></span> <span class='ocrx_word' id='word_1_889' title='bbox 2989 5179 3188 5234; x_wconf 78' lang='lat' dir='ltr'><strong>idcirco</strong></span> <span class='ocrx_word' id='word_1_890' title='bbox 3232 5194 3327 5247; x_wconf 88' lang='lat' dir='ltr'><strong>pro</strong></span> <span class='ocrx_word' id='word_1_891' title='bbox 3354 5180 3433 5233; x_wconf 88' lang='lat' dir='ltr'><strong>eis</strong></span> <span class='ocrx_word' id='word_1_892' title='bbox 3454 5179 3587 5233; x_wconf 87' lang='lat' dir='ltr'><strong>duas</strong></span> <span class='ocrx_word' id='word_1_893' title='bbox 3612 5194 3762 5235; x_wconf 88' lang='lat' dir='ltr'><strong>meas</strong></span> <span class='ocrx_word' id='word_1_894' title='bbox 3798 5175 3876 5229; x_wconf 80' lang='lat' dir='ltr'><strong>li-</strong></span> 
     </span>
    </p>
   </div>
   <div class='ocr_carea' id='block_1_115' title="bbox 2268 5269 3868 5335">
    <p class='ocr_par' dir='ltr' id='par_1_115' title="bbox 2268 5269 3868 5335">
     <span class='ocr_line' id='line_1_116' title="bbox 2268 5269 3868 5335; baseline 0.003 -14"><span class='ocrx_word' id='word_1_895' title='bbox 2268 5270 2364 5323; x_wconf 74' lang='lat' dir='ltr'><strong>lius</strong></span> <span class='ocrx_word' id='word_1_896' title='bbox 2392 5269 2481 5329; x_wconf 84' lang='lat' dir='ltr'><strong>do,</strong></span> <span class='ocrx_word' id='word_1_897' title='bbox 2517 5280 2572 5321; x_wconf 89' lang='lat' dir='ltr'><strong>ut</strong></span> <span class='ocrx_word' id='word_1_898' title='bbox 2610 5270 2679 5323; x_wconf 75' lang='lat' dir='ltr'><strong>iiii</strong></span> <span class='ocrx_word' id='word_1_899' title='bbox 2727 5286 2753 5321; x_wconf 85' lang='lat' dir='ltr'><strong>a</strong></span> <span class='ocrx_word' id='word_1_900' title='bbox 2785 5270 3031 5324; x_wconf 86' lang='lat' dir='ltr'><strong>manibus</strong></span> <span class='ocrx_word' id='word_1_901' title='bbox 3062 5269 3253 5323; x_wconf 84' lang='lat' dir='ltr'><strong>vestris</strong></span> <span class='ocrx_word' id='word_1_902' title='bbox 3299 5269 3617 5323; x_wconf 78' lang='lat' dir='ltr'><strong>liberentur.</strong></span> <span class='ocrx_word' id='word_1_903' title='bbox 3644 5270 3868 5335; x_wconf 84' lang='lat' dir='ltr'><strong>Quanta</strong></span> 
     </span>
    </p>
   </div>
   <div class='ocr_carea' id='block_1_116' title="bbox 2262 5362 3864 5433">
    <p class='ocr_par' dir='ltr' id='par_1_116' title="bbox 2262 5362 3864 5433">
     <span class='ocr_line' id='line_1_117' title="bbox 2262 5362 3864 5433; baseline 0.002 -18"><span class='ocrx_word' id='word_1_904' title='bbox 2262 5362 2389 5431; x_wconf 87' lang='lat' dir='ltr'><strong>justi</strong></span> <span class='ocrx_word' id='word_1_905' title='bbox 2422 5364 2629 5414; x_wconf 73' lang='lat' dir='ltr'><strong>virtus?</strong></span> <span class='ocrx_word' id='word_1_906' title='bbox 2660 5378 2867 5416; x_wconf 58' lang='lat' dir='ltr'><strong>onlnem</strong></span> <span class='ocrx_word' id='word_1_907' title='bbox 2920 5365 3167 5419; x_wconf 73' lang='lat' dir='ltr'><strong>virtutem</strong></span> <span class='ocrx_word' id='word_1_908' title='bbox 3226 5363 3604 5427; x_wconf 79' lang='lat' dir='ltr'><strong>hospitalitatis</strong></span> <span class='ocrx_word' id='word_1_909' title='bbox 3632 5377 3864 5433; x_wconf 85' lang='lat' dir='ltr'><strong>supcra-</strong></span> 
     </span>
    </p>
   </div>
   <div class='ocr_carea' id='block_1_117' title="bbox 2266 5453 3865 5524">
    <p class='ocr_par' dir='ltr' id='par_1_117' title="bbox 2266 5453 3865 5524">
     <span class='ocr_line' id='line_1_118' title="bbox 2266 5453 3865 5524; baseline 0.004 -21"><span class='ocrx_word' id='word_1_910' title='bbox 2266 5454 2357 5505; x_wconf 82' lang='lat' dir='ltr'><strong>vit.</strong></span> <span class='ocrx_word' id='word_1_911' title='bbox 2397 5453 2531 5517; x_wconf 81' lang='lat' dir='ltr'><strong>Quid</strong></span> <span class='ocrx_word' id='word_1_912' title='bbox 2564 5455 2703 5507; x_wconf 75' lang='lat' dir='ltr'><strong>enim</strong></span> <span class='ocrx_word' id='word_1_913' title='bbox 2754 5454 2872 5523; x_wconf 85' lang='lat' dir='ltr'><strong>quis</strong></span> <span class='ocrx_word' id='word_1_914' title='bbox 2919 5455 3047 5524; x_wconf 86' lang='lat' dir='ltr'><strong>justi</strong></span> <span class='ocrx_word' id='word_1_915' title='bbox 3109 5454 3263 5520; x_wconf 69' lang='lat' dir='ltr'><strong>hujus</strong></span> <span class='ocrx_word' id='word_1_916' title='bbox 3293 5454 3619 5523; x_wconf 68' lang='lat' dir='ltr'><strong>benignitate</strong></span> <span class='ocrx_word' id='word_1_917' title='bbox 3648 5464 3731 5509; x_wconf 85' lang='lat' dir='ltr'><strong>sat</strong></span> <span class='ocrx_word' id='word_1_918' title='bbox 3768 5455 3865 5510; x_wconf 81' lang='lat' dir='ltr'><strong>di-</strong></span> 
     </span>
    </p>
   </div>
   <div class='ocr_carea' id='block_1_118' title="bbox 2266 5545 3856 5614">
    <p class='ocr_par' dir='ltr' id='par_1_118' title="bbox 2266 5545 3856 5614">
     <span class='ocr_line' id='line_1_119' title="bbox 2266 5545 3856 5614; baseline 0.004 -21"><span class='ocrx_word' id='word_1_919' title='bbox 2266 5559 2425 5613; x_wconf 76' lang='lat' dir='ltr'><strong>gnum</strong></span> <span class='ocrx_word' id='word_1_920' title='bbox 2461 5545 2760 5611; x_wconf 57' lang='lat' dir='ltr'><strong>protulerit,</strong></span> <span class='ocrx_word' id='word_1_921' title='bbox 2791 5545 2883 5614; x_wconf 84' lang='lat' dir='ltr'><strong>qui</strong></span> <span class='ocrx_word' id='word_1_922' title='bbox 2934 5561 3105 5611; x_wconf 70' lang='lat' dir='ltr'><strong>neque</strong></span> <span class='ocrx_word' id='word_1_923' title='bbox 3134 5545 3341 5598; x_wconf 77' lang='lat' dir='ltr'><strong>ﬁliabus</strong></span> <span class='ocrx_word' id='word_1_924' title='bbox 3383 5559 3605 5613; x_wconf 67' lang='lat' dir='ltr'><strong>pascere</strong></span> <span class='ocrx_word' id='word_1_925' title='bbox 3636 5547 3806 5600; x_wconf 80' lang='lat' dir='ltr'><strong>voluit</strong></span> <span class='ocrx_word' id='word_1_926' title='bbox 3836 5586 3856 5614; x_wconf 85' lang='grc'><em>,</em></span> 
     </span>
    </p>
   </div>
   <div class='ocr_carea' id='block_1_119' title="bbox 2267 5636 3857 5699">
    <p class='ocr_par' dir='ltr' id='par_1_119' title="bbox 2267 5636 3857 5699">
     <span class='ocr_line' id='line_1_120' title="bbox 2267 5636 3857 5699; baseline 0.006 -14"><span class='ocrx_word' id='word_1_927' title='bbox 2267 5646 2323 5687; x_wconf 86' lang='lat' dir='ltr'><strong>ut</strong></span> <span class='ocrx_word' id='word_1_928' title='bbox 2350 5636 2623 5689; x_wconf 58' lang='lat' dir='ltr'><strong>exhiberet</strong></span> <span class='ocrx_word' id='word_1_929' title='bbox 2656 5638 2697 5687; x_wconf 61' lang='grc' dir='ltr'><strong>Ιπι</strong></span> <span class='ocrx_word' id='word_1_930' title='bbox 2728 5636 2949 5699; x_wconf 53' lang='lat' dir='ltr'><strong>mitibus</strong></span> <span class='ocrx_word' id='word_1_931' title='bbox 2978 5637 3259 5697; x_wconf 66' lang='lat' dir='ltr'><strong>honorem,</strong></span> <span class='ocrx_word' id='word_1_932' title='bbox 3292 5646 3339 5689; x_wconf 72' lang='lat' dir='ltr'><strong>et</strong></span> <span class='ocrx_word' id='word_1_933' title='bbox 3396 5636 3643 5691; x_wconf 62' lang='lat' dir='ltr'><strong>iiberarcl</strong></span> <span class='ocrx_word' id='word_1_934' title='bbox 3687 5652 3783 5693; x_wconf 84' lang='lat' dir='ltr'><strong>eos</strong></span> <span class='ocrx_word' id='word_1_935' title='bbox 3824 5654 3857 5694; x_wconf 83' lang='lat' dir='ltr'><strong>tt</strong></span> 
     </span>
    </p>
   </div>
   <div class='ocr_carea' id='block_1_120' title="bbox 2270 5726 3861 5795">
    <p class='ocr_par' dir='ltr' id='par_1_120' title="bbox 2270 5726 3861 5795">
     <span class='ocr_line' id='line_1_121' title="bbox 2270 5726 3861 5795; baseline 0.006 -18"><span class='ocrx_word' id='word_1_936' title='bbox 2270 5741 2361 5795; x_wconf 85' lang='lat' dir='ltr'><strong>per</strong></span> <span class='ocrx_word' id='word_1_937' title='bbox 2380 5726 2615 5781; x_wconf 68' lang='lat' dir='ltr'><strong>rersitate</strong></span> <span class='ocrx_word' id='word_1_938' title='bbox 2642 5727 2710 5781; x_wconf 66' lang='lat' dir='ltr'><strong>Se</strong></span> <span class='ocrx_word' id='word_1_939' title='bbox 2742 5752 2745 5757; x_wconf 63' lang='grc' dir='ltr'>ν</span> <span class='ocrx_word' id='word_1_940' title='bbox 2778 5728 3079 5781; x_wconf 40' lang='lat' dir='ltr'><strong>tantarum?</strong></span> <span class='ocrx_word' id='word_1_941' title='bbox 3112 5728 3173 5780; x_wconf 81' lang='lat' dir='ltr'><strong>Et</strong></span> <span class='ocrx_word' id='word_1_942' title='bbox 3210 5728 3295 5781; x_wconf 86' lang='lat' dir='ltr'><strong>ille</strong></span> <span class='ocrx_word' id='word_1_943' title='bbox 3332 5728 3545 5795; x_wconf 66' lang='lat' dir='ltr'><strong>quidem</strong></span> <span class='ocrx_word' id='word_1_944' title='bbox 3578 5728 3711 5781; x_wconf 77' lang='lat' dir='ltr'><strong>tilias</strong></span> <span class='ocrx_word' id='word_1_945' title='bbox 3729 5742 3861 5786; x_wconf 67' lang='lat' dir='ltr'><strong>sua!</strong></span> 
     </span>
    </p>
   </div>
   <div class='ocr_carea' id='block_1_121' title="bbox 2271 5816 3854 5891">
    <p class='ocr_par' dir='ltr' id='par_1_121' title="bbox 2271 5816 3854 5891">
     <span class='ocr_line' id='line_1_122' title="bbox 2271 5816 3854 5891; baseline 0.002 -19"><span class='ocrx_word' id='word_1_946' title='bbox 2271 5816 2558 5889; x_wconf 77' lang='lat' dir='ltr'><strong>prostituit,</strong></span> <span class='ocrx_word' id='word_1_947' title='bbox 2605 5828 2659 5874; x_wconf 81' lang='lat' dir='ltr'><strong>ut</strong></span> <span class='ocrx_word' id='word_1_948' title='bbox 2714 5830 2719 5867; x_wconf 74' lang='lat'>1</span> <span class='ocrx_word' id='word_1_949' title='bbox 2749 5819 2948 5891; x_wconf 59' lang='lat' dir='ltr'><strong>estates</strong></span> <span class='ocrx_word' id='word_1_950' title='bbox 2979 5818 3207 5877; x_wconf 85' lang='lat' dir='ltr'><strong>viatores</strong></span> <span class='ocrx_word' id='word_1_951' title='bbox 3240 5820 3453 5889; x_wconf 69' lang='lat' dir='ltr'><strong>(iterum</strong></span> <span class='ocrx_word' id='word_1_952' title='bbox 3487 5821 3627 5874; x_wconf 86' lang='lat' dir='ltr'><strong>enim</strong></span> <span class='ocrx_word' id='word_1_953' title='bbox 3658 5818 3854 5877; x_wconf 79' lang='lat' dir='ltr'><strong>eadem</strong></span> 
     </span>
    </p>
   </div>
  </div>
