4060 6420
203 331 313 387 399

195 444 596 507 ἀντιτείνοντας
627 446 720 499 καὶ
744 447 822 508 εἰς
851 446 949 515 τὴν
987 447 1242 498 πλατεῖαν
1278 445 1580 500 καταλῦσαι
1617 445 1878 515 βουλομέ-

201 548 328 593 νους
351 530 530 596 (τοῦτο
559 532 614 584 δὲ
650 534 865 585 ἐποίουν
891 535 940 584 οί
971 533 1211 600 ἄγγελοι,
1260 535 1352 585 ἐπὶ
1381 533 1541 586 πλέον
1577 533 1881 600 ἐκκαλύψαι

194 616 300 686 τὴν
322 618 520 687 ἀρετὴν
547 618 856 688 βουλόμενοι
908 619 998 671 τοῦ
1049 619 1281 682 δικαίου,
1310 620 1403 672 καὶ
1428 619 1715 672 παιδεῦσαι
1748 619 1884 672 πάν-

193 705 301 765 τας
324 706 489 774 ἡμᾶς,
527 707 624 774 ὅση
655 705 818 758 αὐτοῦ
845 708 878 775 ἡ
914 707 1229 774 φιλοξενία),
1265 707 1451 760 λοιπὸν
1481 708 1640 768 αὐτὸς
1671 706 1770 758 οὐκ
1801 705 1882 757 ἔτι

195 791 455 860 ἀνέχεται
483 793 568 844 διὰ
596 792 769 859 λόγων
799 794 894 862 τὴν
927 793 1270 863 παράκλησιν
1295 794 1583 855 ποιεῖσθαι,
1615 792 1750 844 ἀλλά
1789 793 1882 844 καὶ

197 876 325 945 βίαν
355 878 646 948 ἐπιτίθησι.
673 879 770 932 Διά
800 880 953 931 τοῦτο
975 880 1067 931 καὶ
1094 881 1121 932 ό
1151 880 1383 948 Χριστὸς
1424 879 1597 946 ἐλεγεο
1627 876 1879 930 Βιασταὶ

195 963 529 1030 ἁρπάζουσι
576 965 692 1032 τὴν
729 967 1058 1029 βασιλείαν
1095 965 1214 1018 τῶν
1247 964 1535 1032 οὐρανῶν.
1572 964 1737 1017 Ἔνθα
1769 968 1877 1033 γὰρ

196 1051 268 1102 ἂν
305 1053 674 1121 πνευματικὸν
712 1053 996 1122 πρόκειται
1042 1052 1254 1121 κέρδος.
1297 1051 1551 1121 εῦκαιρος
1595 1053 1628 1120 ἡ
1662 1051 1876 1119 ἀνάγκη

195 1137 295 1190 καὶ
323 1139 354 1206 ή
392 1137 480 1206 βία
514 1139 789 1209 ἐπαινετή.
823 1139 931 1192 Καὶ
959 1137 1344 1202 κατεϐιὰζετο,
1394 1137 1579 1206 φησὶν,
1632 1137 1875 1201 αὐτούς.

209 1222 368 1292 Ἐμοὶ
399 1223 545 1276 δοκεῖ
569 1226 661 1276 καὶ
684 1223 912 1286 ἀκοντας
936 1225 1131 1286 αὐτοὺς
1153 1223 1276 1276 ἐλκε
1286 1241 1350 1275 ιν.
1382 1218 1514 1275 Εἶτα
1535 1222 1725 1292 ἐπειδὴ
1741 1219 1879 1274 εἶδον

191 1308 289 1360 τὸν
313 1309 517 1363 δίκαιον
537 1310 697 1379 ἔργον
735 1309 891 1362 τοῦτο
915 1309 1218 1378 τιθέμενον,
1250 1310 1345 1362 καὶ
1373 1309 1433 1361 οὐ
1459 1308 1728 1378 πρότερον
1771 1309 1880 1376 ἀφ-

195 1396 514 1467 ιστάμενον,
550 1398 597 1447 εἰ
627 1396 702 1466 μὴ
733 1396 792 1448 τὸ
819 1396 1251 1465 σπουδαζόμενον
1282 1394 1432 1464 αὐτῷ
1457 1397 1535 1458 είς
1556 1394 1716 1464 ἔργον
1743 1393 1882 1462 ἀγά-

191 1496 308 1547 γοι,
355 1479 719 1542 Ἐξέκλιναν,
755 1479 907 1548 φησι,
933 1478 1081 1545 πρὸς
1108 1477 1315 1542 αὐτὸν,
1350 1477 1449 1532 καί
1483 1477 1773 1544 εἰσῆλθον
1794 1478 1881 1541 είς

191 1568 304 1620 τὸν
334 1567 504 1621 οἷκον
520 1567 728 1622 αὐτοῦ.
776 1566 887 1620 Καὶ
931 1553 1456 1632 ἐποίησενάὑτοῒς
1485 1563 1636 1636 [459]
1669 1565 1877 1626 πότον,

190 1652 298 1707 καὶ
327 1651 586 1722 ἀζύμους
635 1655 866 1721 ἕπεψεν
926 1651 1154 1716 αὐτοῖς,
1191 1650 1290 1703 καί
1347 1651 1576 1720 ἔφαγον
1614 1651 1729 1719 πρὸ
1770 1651 1878 1706 τοῦ

189 1734 573 1804 κοιμηθῆναι.
630 1731 784 1799 Εἶδες
818 1735 912 1788 καὶ
939 1734 1173 1788 ἐνταῦθα
1203 1736 1305 1788 οὐκ
1329 1736 1386 1788 ἐν
1429 1735 1495 1803 τῇ
1558 1734 1878 1804 πολυτελείᾳ

188 1821 294 1891 τῆς
326 1821 605 1893 τραπέζης
628 1822 724 1891 τὴν
747 1822 1052 1891 φιλοξενίαν
1072 1821 1541 1891 ἐπιδεικνυμένην,
1573 1821 1708 1874 ἀλλά
1723 1822 1779 1874 ἐν
1810 1823 1876 1892 τῇ

187 1907 448 1979 δαψιλείᾳ.
472 1910 570 1979 τῆς
598 1907 852 1980 γνώμηςς
895 1909 1112 1980 Ἐπειδὴ
1141 1909 1248 1980 γὰρ
1270 1911 1492 1978 ῐσχυσεν
1521 1909 1719 1971 αὐτοὺς
1768 1910 1878 1962 είσ-

188 1997 426 2063 αγαγεῖν
459 1997 539 2058 είς
573 1996 662 2049 τὸν
693 1989 840 2048 οἷκον
869 1995 1056 2057 αὐτοῦ,
1082 1995 1285 2059 εὐθέως
1314 1996 1383 2049 τά
1428 1996 1529 2066 τῆς
1576 1994 1876 2064 φιλοξενίας

187 2081 558 2136 ἐπεδείκνυτο.
584 2083 696 2135 Kal
722 2083 930 2145 ἐκεῖνος
965 2083 1064 2152 μὲν
1097 2082 1233 2152 πρὸς
1261 2082 1360 2152 τὴν
1381 2081 1677 2153 θεραπείαν
1697 2081 1876 2135 αὐτῶν

187 2169 656 2240 παρεσκευάζετο,
691 2169 783 2220 καὶ
803 2168 872 2221 τά
909 2169 1008 2238 τῆς
1036 2169 1334 2232 ἑστιάσεως
1359 2170 1612 2239 παρεῖχε,
1643 2171 1739 2222 καὶ
1770 2170 1877 2223 πᾶ-

187 2273 290 2311 σαν
312 2255 654 2310 ἐπεδείκνυτο
677 2255 844 2326 τιμὴν
891 2256 986 2308 καὶ
1019 2254 1316 2327 θεραπείαν
1375 2255 1512 2326 πρὸς
1544 2257 1671 2320 τοὺς
1697 2273 1879 2328 παρα-

184 2343 538 2412 γενομένους,
583 2341 903 2413 ἀνθρώπους
943 2341 1143 2405 αὐτούς
1203 2358 1356 2405 τινας
1386 2341 1566 2406 όδίτας
1606 2339 1748 2395 εἶναι
1791 2359 1879 2395 νο-

187 2428 385 2500 μίζων.
416 2431 481 2482 οι
517 2428 587 2481 δὲ
624 2427 840 2495 ἄνδρες
868 2427 981 2498 τῆς
1003 2429 1236 2493 πόλεως
1257 2429 1311 2479 οὶ
1348 2427 1655 2496 Σοδομῖται
1717 2441 1879 2495 περι-

182 2517 549 2572 οκύκλωσαν
575 2515 690 2582 τὴν
725 2516 922 2569 οὶκίαν
967 2514 1087 2569 ἀπὸ
1127 2516 1457 2571 νεανίσκου
1484 2517 1595 2581 ἕως
1625 2518 1879 2584 πρεσϐυ-

182 2600 383 2670 τέρου,
418 2601 538 2668 πᾶς
564 2603 598 2656 ό
622 2603 772 2668 λαὸς
802 2601 944 2670 ἅμα,
975 2601 1072 2654 καί
1119 2601 1524 2665 ἐξεκαλοῦντο
1559 2601 1670 2655 τόν
1719 2601 1874 2670 Λὼτ,

181 2690 284 2744 καὶ
319 2691 534 2760 ἔλεγον
565 2691 714 2757 πρὸς
751 2692 956 2744 αὐτόν·
992 2689 1118 2743 Ποῦ
1155 2693 1313 2746 εἰσιν
1340 2693 1395 2744 οί
1422 2690 1638 2760 ἄνδρες
1666 2694 1718 2746 οι
1749 2693 1876 2745 εισ-

178 2777 466 2842 σλθόντες
547 2777 698 2843 πρὸς
751 2776 828 2829 σὲ
877 2776 994 2845 τὴν
1025 2777 1218 2831 νύκτα
1233 2793 1252 2840 ;
1323 2778 1607 2846 Ἐεάγαγε
1651 2777 1878 2846 αὐτοὺς

180 2863 338 2932 πρὸς
362 2861 541 2932 ἡμᾶς,
577 2865 678 2916 ἵνα
713 2863 1138 2932 συγγενώμεθα
1157 2863 1380 2928 αὐτοῖς.
1418 2863 1510 2934 Μὴ
1541 2863 1729 2928 ἁπλῶς
1775 2881 1877 2918 πα-

184 2949 582 3021 ραδράμωμεν,
617 2950 915 3019 ἀγαπητοὶ,
947 2949 1018 3002 τά
1047 2949 1331 3020 εἰρημένα,
1368 2950 1503 3020 μηδέ
1539 2951 1698 3020 μόνον
1752 2948 1878 3004 τού⁴

180 3051 298 3089 των
324 3036 524 3105 ἴδωμεν
550 3035 646 3105 τὴν
683 3037 882 3106 μανίαν
908 3035 1006 3106 τὴν
1059 3037 1242 3106 πάσης
1265 3036 1596 3107 συγγνώμης
1643 3039 1876 3093 ἀπεστε-

186 3122 461 3194 ρημένηνο
513 3121 627 3174 ἀλλ’
685 3123 1072 3195 ἐννοήσωμεν,
1119 3123 1237 3186 πῶς
1289 3125 1317 3177 ό
1363 3123 1570 3187 δίκαιος
1627 3126 1684 3178 ἐν
1725 3126 1876 3197 μέσῳ

181 3209 445 3263 τοιούτων
478 3207 684 3281 θηρίων
706 3211 878 3273 οὕτως
911 3209 1216 3263 ἀλλοκότων
1237 3209 1422 3275 οίκῶν,
1440 3209 1583 3264 οὕτω
1613 3210 1875 3284 διέλαμψε

182 3299 283 3353 καὶ
309 3297 573 3368 τοσαύτης
595 3299 796 3370 ἀρετῆς
819 3298 1124 3369 ὑπερϐολὴν
1149 3299 1476 3365 ἐπεδείξατο,
1495 3300 1613 3364 πῶς
1633 3301 1875 3369 ἐνεγκεῖν

183 3384 426 3456 ἠδυνήθη
453 3385 552 3456 τὴν
576 3384 807 3454 ἀνομίαν
839 3385 1042 3450 αὐτῶν,
1084 3386 1201 3448 πῶς
1221 3387 1323 3438 οὐκ
1361 3387 1530 3455 ἔφυγε
1556 3389 1655 3459 τὴν
1688 3388 1876 3442 αὐτόθι

180 3471 426 3542 οίκησιν,
457 3472 574 3535 πῶς
593 3473 692 3543 τῆς
722 3472 861 3544 πρὸς
881 3473 1078 3535 αὐτοὺς
1105 3472 1391 3538 διαλέξεως
1437 3474 1700 3544 ἠνείχετο.
1731 3476 1874 3540 Πῶς,

183 3558 303 3628 ἐγὼ
316 3558 481 3628 λέγω.
513 3558 787 3631 Προειδὼς
821 3560 976 3612 ότῶν
1001 3559 1140 3612 ὅλων
1173 3561 1451 3631 Δεσπότης
1472 3561 1570 3632 τὴν
1601 3562 1878 3634 ὑπερϐάλ-

183 3645 387 3700 λουσαν
428 3645 606 3699 αὐτῶν
633 3646 919 3718 πονηρίαν,
972 3645 1293 3716 ᾠκονόμησε
1325 3647 1418 3699 τὸν
1443 3648 1652 3701 δίκαιον
1687 3650 1876 3704 τοῦτον

185 3731 378 3786 αὐτόθι
405 3733 750 3803 κατοικῆσαι,
775 3732 863 3785 ἴνα
890 3732 1144 3803 καθάπερ
1180 3734 1363 3804 ἰατρὸς
1388 3735 1611 3805 ἀριστος
1649 3736 1757 3789 τῶν
1773 3738 1876 3809 ἀρ-

187 3819 566 3889 ρωστημάτων
621 3819 802 3872 αὐτῶν
842 3819 1225 3890 περιγενέσθαι
1268 3821 1494 3892 δυνηθῇ.
1554 3823 1694 3876 Ἀλλ’
1732 3822 1877 3894 ὁρῶν

185 3905 389 3968 αὐτοὺς
418 3906 611 3958 ἀνίατα
652 3905 966 3970 νοσοῦντας,
999 3905 1093 3959 καὶ
1134 3907 1402 3977 μηδεμίαν
1433 3907 1730 3980 θεραπείαν
1756 3911 1876 3963 ἐπιο

184 3990 444 4056 δέξασθαι
478 3991 864 4062 βουλομένους,
890 3991 1012 4045 οὐδὲ
1038 3992 1211 4055 οὕτως
1256 3993 1571 4062 ἀφίσταται.
1625 3995 1877 4051 Τοιοῦτον

186 4073 301 4144 γὰρ
327 4073 356 4125 ὁ
391 4075 592 4144 ιατρόςο
633 4075 739 4128 κᾶν
769 4075 851 4145 ίδη
887 4075 954 4128 τά
984 4074 1132 4145 πάθη
1168 4075 1407 4130 νικῶντα
1431 4078 1531 4147 τὴν
1562 4079 1779 4150 τέχνην,
1813 4080 1874 4133 οὐ

188 4154 428 4208 παύεται
454 4156 522 4209 τά
550 4159 679 4228 παρ’
725 4159 922 4210 ἐαυτοῦ
953 4157 1198 4229 πληρῶν,
1225 4158 1333 4226 ἵνα,
1369 4159 1436 4211 ἀν
1469 4161 1569 4229 μὲν
1599 4161 1678 4230 τῷ
1701 4163 1877 4234 χρόνῳ

185 4237 598 4309 ἀνακτήσασθαι
615 4251 639 4280 ⁸
681 4239 881 4312 δυνηθῇ
904 4240 996 4294 τὸν
1029 4238 1328 4311 κᾶμνοντα,
1351 4243 1500 4314 δείξῃ
1525 4245 1625 4314 τὴν
1652 4263 1875 4317 περιουι-

189 4318 316 4372 σίαν
344 4319 443 4390 τῆς
463 4320 678 4390 τέχνης·
719 4322 766 4374 εί
818 4321 876 4375 δέ
907 4322 1075 4392 μηδὲν
1106 4321 1268 4375 πλέον
1297 4323 1472 4387 ἀνύει,
1515 4324 1612 4395 ἔχῃ
1646 4326 1746 4395 τὴν
1776 4343 1875 4396 με-

185 4401 382 4470 γίστην
415 4401 829 4469 ἀπολογίαν,ὅτι
857 4404 1010 4456 οὐδὲν
1043 4404 1152 4457 τῶν
1185 4405 1574 4475 προσηκόντων
1605 4409 1684 4469 είς
1715 4407 1875 4459 αὐτὸν

186 4483 508 4553 παρέλιπεν·
541 4482 568 4535 δ
589 4483 653 4552 δὴ
681 4484 771 4535 καὶ
803 4485 1038 4538 ἐνταῦθα
1078 4485 1388 4555 γεγένηται.
1431 4487 1488 4540 '0
1539 4487 1637 4557 μὲν
1661 4487 1770 4558 γὰρ
1793 4487 1873 4540 δί-

185 4577 342 4625 καιος
366 4559 520 4626 οὗτος
554 4565 648 4617 καὶ
691 4565 898 4618 τούτων
932 4567 990 4618 ἐν
1045 4567 1196 4636 μέσῳ
1248 4568 1742 4638 ἀναστρεφόμενος.
1783 4570 1874 4623 καὶ

184 4643 361 4708 οὕτως
394 4646 551 4717 ἔμενε
592 4647 800 4710 δίκαιος
836 4649 1039 4720 πολλὴν
1088 4650 1187 4719 τὴν
1238 4649 1556 4718 φιλοσοφίαν
1598 4651 1874 4706 ἐκδεικνύ-

188 4744 370 4798 μενος·
412 4731 684 4784 ἐκεῖνοιδέ
728 4732 822 4785 καὶ
853 4732 941 4784 διὰ
966 4732 1125 4785 τοῦτο
1153 4728 1295 4802 ἦσαν
1321 4733 1502 4804 πάσης
1543 4735 1874 4808 συγγνώμης

185 4811 648 4883 ἀπεστερημένοι,
695 4813 776 4867 ὅτι
806 4814 867 4866 οὐ
924 4814 1086 4885 μόνον
1119 4815 1218 4867 οὐκ
1249 4814 1446 4885 ἔληξαν
1500 4817 1601 4887 τῆς
1651 4820 1870 4886 κακίας,

187 4891 322 4944 ἀλλά
343 4892 436 4944 καὶ
467 4893 665 4962 μᾶλλον
699 4893 869 4966 αὐτὴν
901 4895 1204 4949 ἐπέτειναν.
1245 4897 1386 4966 Ὅρα
1435 4899 1566 4968 γάρ·
1598 4902 1873 4967 Περιεκύ-

191 4980 454 5043 κλωσαν,
476 4979 629 5049 φησὶ,
645 4979 760 5045 τὴν
775 4983 972 5034 οὶκίαν
998 4981 1117 5036 ἀπὸ
1133 4983 1461 5038 νεανίσκου
1483 4985 1591 5051 ἕως
1615 4990 1874 5053 πρεσϐύ-

185 5068 386 5153 του-,ᾲό
413 5065 563 5153 liam;
600 5067 740 5153 ἅμα.
795 5069 1040 5153 Μεγίστη
1077 5069 1176 5137 τῆς
1214 5071 1531 5153 πονηρίαςή
1559 5076 1869 5142 συμφωνία,

188 5146 358 5216 πολλὴ
402 5149 501 5217 τῆς
530 5149 732 5212 κακίας
781 5152 816 5219 ή
847 5150 1010 5220 φορά,
1051 5153 1258 5219 ἀφατος
1286 5146 1386 5222 τῆς
1434 5156 1784 5226 παρανομίας
1838 5161 1872 5230 ή

188 5231 484 5305 ὑπερϐολὴ,
535 5234 919 5303 ἀσύγδριωστος
967 5239 1000 5306 ή
1051 5237 1414 5309 ἐπιχείρησις.
1481 5241 1625 5294 Ἀπὸ
1676 5245 1874 5297 νεανί-

189 5329 373 5396 σκοιί,
405 5317 590 5386 φησὶν,
621 5318 732 5384 ἕως
773 5321 1134 5386 πρεσϐύτου.
1169 5323 1245 5374 Οὐ
1280 5323 1440 5390 μόνον
1468 5325 1500 5393 ἡ
1534 5325 1744 5392 νεότης,
1766 5343 1866 5396 φη-

189 5398 297 5458 σὶν,
327 5394 396 5467 ἦν
430 5400 464 5470 ὴ
500 5400 570 5453 τά
594 5402 883 5471 παράνομα
915 5403 1088 5457 ταῦτα
1122 5403 1475 5474 ἐπιζητοῦσα,
1537 5405 1674 5458 ἀλλά
1701 5408 1794 5460 καὶ
1822 5394 1870 5460 οί

188 5479 492 5550 πρεσϐῦται
529 5483 627 5553 τὴν
651 5483 888 5553 ἡλικίαν,
937 5487 1032 5538 καὶ
1071 5489 1227 5548 πᾶςό
1270 5487 1398 5550 λαὸς
1432 5488 1568 5556 ἀμα.
1607 5489 1717 5542 Kal
1748 5490 1871 5544 οὐτε

186 5559 289 5632 τὴν
314 5561 519 5632 τόλμαν
549 5564 647 5633 τὴν
677 5566 867 5636 ἀναιδῆ
899 5569 993 5620 καὶ
1015 5569 1370 5638 ἀναίσχυντον
1391 5569 1595 5639 ταύτην
1624 5571 1869 5640 ᾐδοῦντο,

186 5641 314 5696 οὕτε
335 5643 425 5697 τὸν
449 5645 746 5717 ἀκοίμητον
769 5649 1047 5720 ὀφθαλμὸν
1063 5653 1144 5713 είς
1169 5651 1378 5704 ἔννοιαν
1401 5651 1726 5721 ἐλάμϐανον,
1744 5654 1869 5711 οὔτε

259 5776 283 5804 ⁸
328 5775 782 5846 s._n1._ptqu§dam
812 5784 1020 5846 ωεφτῷ
1045 5784 1204 5846 χρόνῳ
1231 5785 1552 5846 περιγένηται,
1593 5784 1867 5843 ἀνακτήσα-

195 5833 442 5908 “anhele.
473 5837 533 5886 Et
557 5833 704 5900 pa'ulo
727 5852 838 5904 post.
874 5833 1023 5892 iidem
1045 5833 1257 5907 ’Ξκιιύοι
1279 5833 1563 5896 distribuat
1603 5833 1868 5909 pumic-

195 5904 349 5946 lneuu
375 5899 626 5950 exhlht‘nl.
1060 5948 1085 5950 α

585 5979 858 6043 Pauor"
905 5985 1023 6047 Gn.
1045 5948 1234 6048 ἰιν.

1327 332 1393 386 ΙΝ
1435 332 1588 389 CAP.
1631 331 1750 386 XIX
1791 329 2038 387 GENES.
2084 327 2318 385 HOMIL.
2360 329 2538 385 XLIII.

3567 325 3670 380 £00

1990 445 2080 498 τὸν
2109 445 2315 498 δίκαιον
2343 446 2658 516 ᾐσχύνοντο,
2711 442 2833 496 οὗτε
2867 441 2974 495 τῶν
3003 441 3168 506 ξένων
3189 437 3556 510 νομιζομένων
3581 443 3675 492 καὶ

1987 530 2080 582 ἐπὶ
2128 531 2227 600 τὴν
2281 531 2376 583 τοῦ
2434 530 2645 583 δικαίου
2680 528 2986 598 φιλοξενίαν
3039 526 3225 580 αὐτόθι
3257 523 3674 578 καταλυσάντων

1985 617 2297 682 ὲφείδοντο,
2343 617 2471 670 ἀλλ’
2523 615 3061 687 όγπηρυθριασμένως
3107 613 3201 666 καὶ
3238 615 3443 682 γυμνῇ,
3475 610 3551 672 ῶς
3594 610 3674 661 εἰ-

1985 705 2125 765 πεῖν,
2178 706 2244 772 τῇ
2279 703 2484 772 κεφαλῇ
2518 703 2586 756 τὰ
2639 705 2739 772 τῆς
2785 702 3073 767 ἀσελγείας
3112 703 3295 752 ἐκεῖνα
3341 702 3559 768 ῥήματα
3588 695 3676 746 λέ-

1984 805 2172 856 γοντες
2203 789 2353 862 [410]
2381 791 2658 861 προσίασι,
2701 791 2795 842 καὶ
2825 789 3156 850 καλέσαντες
3188 787 3279 839 τὸν
3313 787 3541 839 δίκαιον.
3567 782 3676 834 ἕλε-

1984 893 2079 943 γεν
2117 877 2256 946 πρὸς
2283 877 2467 929 αὐτόν’
2500 877 2623 930 Ποῦ
2666 878 2824 929 εἰσιν
2863 878 2914 927 οἱ
2961 874 3178 942 ἄνδρες
3204 876 3257 925 οὶ
3291 871 3677 934 εἰσελθόντες

1983 964 2135 1029 πρὸς
2156 963 2311 1031 ὑμᾶς
2336 983 2354 1028 ;
2398 963 2686 1033 Ἐξὰγαγε
2719 962 2963 1026 αὐτοὺς,
2991 964 3092 1015 ἵνα
3123 960 3546 1029 συγγενώμεθα
3567 959 3677 1010 αὑ·

1982 1051 2126 1116 τοῖς.
2154 1051 2255 1104 Διά
2285 1052 2490 1123 ταύτην
2522 1053 2704 1106 αὐτῶν
2727 1047 2879 1122 οἴμαι
2903 1053 3002 1120 τὴν
3047 1051 3415 1119 ἐπιχείρησιν,
3442 1048 3536 1100 καὶ
3575 1044 3675 1114 τὴν

1981 1140 2299 1209 παράνομον
2333 1139 2620 1210 πονηρίαν,
2657 1139 2868 1192 καὶτὸν
2899 1139 3106 1191 δίκαιον
3144 1135 3306 1206 μέχρι
3370 1133 3468 1203 τῆς
3510 1130 3676 1185 ἐσπέ-

1986 1241 2085 1295 ρας
2124 1225 2574 1296 παρακαθῆσθαι,
2623 1225 2765 1278 ὥστε
2805 1225 2998 1295 μηδενὶ
3035 1223 3393 1292 συγχωρῆσαι
3423 1219 3532 1272 τῶν
3565 1219 3678 1271 όδιο

1981 1313 2089 1365 τῶν
2119 1313 2398 1380 ἀγνοοῦντι
2432 1316 2751 1382 περιπεσεῖν
2803 1314 2923 1374 ταῖς
2956 1310 3183 1363 ἐκείνων
3217 1310 3445 1375 πάγαις.
3497 1306 3605 1358 Καὶ
3646 1305 3676 1358 ό

1983 1398 2084 1468 μὲν
2121 1398 2326 1462 δίκαιος
2357 1400 2495 1469 μετά
2522 1399 2622 1466 τῆς
2675 1397 3004 1466 φιλοξενίας,
3063 1396 3157 1448 καὶ
3184 1395 3284 1464 τῆς
3315 1391 3674 1463 σωφροσύνης

1979 1483 2079 1556 τῆς
2143 1486 2349 1548 οίκείας
2400 1485 2844 1555 ἐπιδεικνύμενος
2905 1483 3002 1554 τὴν
3053 1481 3403 1553 ὑπερϐολὴν,
3463 1477 3672 1546 ταύτην

1979 1571 2217 1624 ἐποιεῖτο
2248 1572 2347 1640 τὴν
2381 1571 2614 1642 σπουδὴν
2656 1570 2798 1624 ὥστε
2853 1571 3064 1632 πάντας
3094 1571 3222 1631 τοὺς
3273 1565 3672 1638 παροδεύοντας

1979 1656 2356 1728 ὑποδέχεσθαι,
2391 1658 2488 1711 καὶ
2540 1658 2732 1728 μηδεὶς
2760 1657 2924 1712 αὐτὸν
2981 1655 3157 1712 λάθοι.
3193 1654 3243 1706 εί
3273 1654 3369 1706 καὶ
3410 1652 3545 1714 τέως
3571 1651 3674 1704 οὐκ

1979 1743 2265 1811 ἀγγέλους,
2299 1743 2415 1796 ἀλλ’
2451 1743 2776 1814 ἀνθρώπους
2805 1739 2943 1795 εἶναι
2980 1741 3255 1811 ἐνόμιζεν.
3288 1739 3352 1791 Οἱ
3385 1738 3443 1791 δέ
3495 1736 3674 1806 παρά-

1979 1845 2133 1898 νομοι
2157 1831 2353 1883 ἐκεῖνοι
2376 1829 2516 1900 μετά
2543 1829 2638 1882 τοῦ
2668 1830 2834 1900 μηδὲν
2857 1826 3099 1882 τοιοῦτον
3124 1823 3532 1879 ἐπιδείκνυσθαι
3559 1817 3672 1875 οἷον

1977 1914 2006 1966 ό
2043 1915 2273 1978 δίκαιος,
2298 1917 2368 1968 τά
2395 1917 2576 1968 πᾶσαν
2601 1916 2802 1968 κακίαν
2829 1912 3257 1982 ἀποκρύπτοντα
3295 1911 3433 1980 μόνα
3465 1907 3672 1978 τολμᾷν

1977 2002 2322 2072 ἐπετήδευον.
2365 2003 2464 2055 Διά
2506 2001 2664 2054 τοῦτο
2705 1998 2800 2054 οὖν
2838 2002 2917 2063 είς
2957 2001 3058 2069 τὴν
3090 1999 3352 2052 πλατεῖαν
3385 1995 3671 2050 ἐϐούλοντο

1976 2088 2298 2152 καταλῦσαι,
2323 2090 2410 2142 ἵνα
2446 2089 2773 2159 παράσχωσι
2795 2086 2872 2158 τῷ
2893 2087 3089 2156 δικαίῳ
3111 2080 3672 2157 ἀφορμὴν.‹ἐπιδείξαο

1979 2175 2104 2228 σθαι
2131 2176 2229 2246 τὴν
2257 2179 2386 2245 περὶ
2415 2176 2613 2238 αὐτοὺς
2639 2174 2970 2243 φιλοξενίαν,
2999 2173 3096 2226 καὶ
3134 2160 3384 2237 δείξωσιν
3409 2168 3559 2238 αὐτῷ
3583 2167 3674 2220 διὰ

1976 2261 2086 2314 τῶν
2115 2262 2292 2334 ἔργων
2313 2263 2387 2325 ὡς
2415 2262 2574 2328 ἀξίαν
2601 2261 2888 2331 μέλλουσιν
2913 2259 3244 2327 ὑφίστασθαι
3259 2257 3358 2327 τὴν
3377 2254 3671 2326 τιμωρίαν,

1975 2346 2122 2402 οὕτω
2147 2349 2245 2418 τήν
2279 2347 2624 2418 παρανομίαν
2657 2347 2775 2416 μεθ’
2803 2345 3109 2416 ὑπερϐολῆς
3143 2341 3598 2412 ἐπιδεικνύμενοι.

2047 2433 2106 2487 δ’.
2163 2433 2303 2487 Ἀλλ’
2338 2435 2538 2503 ἴδωμεν
2590 2433 2777 2486 λοιπὸν
2821 2431 2916 2484 τοῦ
2958 2430 3167 2485 δικαίου
3215 2432 3316 2500 τῆς
3359 2429 3566 2499 ἀρετῆς
3610 2423 3679 2480 τὸ

1979 2519 2228 2590 μέγεθος.
2247 2520 2565 2583 Ἐξελθὼν,
2580 2519 2736 2590 φησὶ,
2756 2517 2906 2586 πρὸς
2935 2517 3161 2582 αὐτοὺς
3190 2516 3341 2584 πρὸς
3367 2513 3435 2568 τὸ
3453 2513 3676 2580 πρόθυ-

1969 2622 2105 2673 ρον,
2124 2604 2241 2673 τὴν
2261 2606 2380 2674 μὲν
2406 2607 2598 2673 θύραν
2625 2599 3140 2673 προσέῳξεν,εῐπε
3170 2601 3238 2655 δὲ
3253 2599 3404 2668 πρὸς
3425 2598 3674 2663 αὐτούς.

1979 2692 2122 2762 Ὅρα
2169 2691 2287 2755 πῶς
2314 2692 2557 2746 δέδοικεν
2600 2693 2630 2744 ό
2655 2691 2862 2755 δίκαιος
2890 2691 2984 2744 καὶ
3021 2689 3216 2761 τρέμει
3241 2687 3383 2758 ὐπέρ
3413 2687 3515 2756 τῆς
3559 2683 3675 2739 τῶν

1977 2778 2146 2844 ξένων
2187 2778 2508 2849 ἀσφαλείας.
2553 2779 2688 2833 Οὐδὲ
2735 2777 2844 2848 γὰρ
2895 2764 3106 2839 ἁπλῶς
3134 2775 3234 2846 τὴν
3292 2773 3464 2845 θύραν
3503 2787 3675 2844 προσ·

1975 2865 2142 2936 έῳξεν
2175 2866 2351 2919 ὀπίσω
2387 2864 2580 2930 αὐτοῦ,
2606 2863 2722 2918 ἀλλ’
2752 2864 2916 2928 είδὼς
2960 2863 3144 2917 αὐτῶν
3190 2862 3288 2933 τὴν
3330 2859 3530 2932 μανίαν
3576 2855 3678 2913 καὶ

1973 2952 2036 3006 τὸ
2057 2953 2348 3026 τολμηρὸν,
2386 2956 2481 3008 καὶ
2513 2953 2867 3025 ὑφορώμενος
2908 2953 3091 3006 αὐτῶν
3142 2951 3243 3021 τὴν
3301 2949 3672 3021 προπέτειαν,

1975 3035 2097 3094 εῐτά
2125 3057 2258 3111 φησι
2289 3041 2428 3111 πρὸς
2452 3039 2655 3103 αὐτούς
2679 3056 2692 3070 ο
2725 3038 3044 3107 Μηδαμῶς,
3067 3036 3342 3106 ἀδελφοί.
3367 3037 3432 3089 Ὢ
3453 3035 3553 3106 τῆς
3572 3034 3688 3090 τοῦ.

1973 3126 2184 3182 δικαίου
2239 3125 2652 3198 μακροθυμίας,
2691 3126 2739 3179 ὣ
2788 3124 3300 3195 ταπεινοφροσύνης
3359 3121 3665 3194 ὑπερϐολή.

1980 3213 2155 3267 Τοῦτο
2187 3213 2405 3283 ἀληθῶς
2436 3211 2640 3284 ἀρετὴ,
2662 3211 2723 3265 τὸ
2765 3211 2882 3282 μετ’
2915 3212 3220 3274 ἐπιεικείας
3262 3211 3380 3273 τοῖς
3407 3207 3675 3273 τοιούτοις

1981 3299 2413 3370 προσφέρεσθαι.
2473 3299 2664 3362 Οὐδεὶς
2716 3299 2826 3368 γὰρ
2872 3298 2964 3350 τὸν
3030 3295 3294 3352 νοσοῦντα
3334 3294 3675 3367 θεραπεῦσαι

1978 3384 2321 3455 βουλόμενος,
2352 3385 2445 3438 καὶ
2475 3384 2568 3438 τὸν
2600 3385 2923 3456 μαινόμενον
2951 3384 3310 3457 σωφρονίσαι,
3331 3383 3471 3454 μετά
3496 3382 3674 3454 θυμοῦ

1975 3473 2070 3525 καὶ
2106 3473 2405 3544 αὐστηρίας
2451 3472 2609 3526 τοῦτο
2658 3474 2799 3525 ποεῖ.
2855 3472 3058 3526 Σκόπει
3114 3470 3244 3543 γὰρ,
3287 3469 3407 3534 πῶς
3439 3467 3568 3531 τοὺς
3602 3467 3676 3522 τά

1974 3557 2202 3612 τοιαῦτα
2247 3562 2587 3630 παρανομεῖν
2642 3559 3001 3630 βουλομένους
3043 3558 3311 3628 ἀδελφοὺς
3359 3555 3554 3621 καλεῖ,
3581 3555 3677 3610 ιν-

1974 3645 2171 3718 τρέψαι
2200 3645 2396 3710 αὐτοὺς
2428 3645 2773 3717 βουλόμενος,
2829 3645 2926 3699 καὶ
2970 3644 3296 3700 καθικέσθαι
3345 3642 3528 3698 αὐτῶν
3565 3640 3672 3713 τῆς

1978 3731 2357 3803 συνειδήσεως,
2389 3733 2485 3786 καὶ
2537 3732 2848 3804 ἀποστῆσαι
2885 3733 3084 3796 αὐτοὺς
3128 3733 3227 3804 τῆς
3270 3731 3674 3802 ἐπιχειρήσεως

1974 3819 2072 3890 τῆς
2108 3820 2327 3889 μιαρᾶς.
2358 3818 2676 3889 Μηδαμῶς,
2713 3818 2898 3890 φησὶν,
2925 3819 3182 3889 ἀδελφοί
3215 3834 3229 3850 ο
3253 3817 3341 3888 μὴ
3370 3816 3677 3885 πονηρεύ-

1975 3908 2191 3973 σησθε.
2218 3906 2423 3976 Μηδὲν,
2458 3907 2615 3977 φησὶ,
2643 3906 2884 3960 τοιοῦτον
2915 3905 3231 3977 λογίσησθε,
3264 3904 3339 3975 μὴ
3367 3903 3470 3974 τὴν
3503 3919 3676 3972 πονηο

1981 3994 2080 4065 ράν
2118 3993 2326 4065 ταύτην
2356 3994 2557 4064 πρᾶξιν
2582 3995 2911 4065 ἐννοήσητε,
2956 3995 3091 4066 μηδὲ
3137 3992 3238 4063 τὴν
3290 3990 3455 4061 φύσιν
3500 3989 3677 4060 αὐτὴν

1974 4080 2544 4151 παραδειγματίσητε,
2582 4080 2718 4152 μηδὲ
2769 4081 3045 4150 ἀθέσμους
3085 4081 3414 4150 ἐπινοήσητε
3444 4077 3620 4150 μίξεις
3656 4091 3672 4107 ⁶

1979 4169 2096 4221 ἀλλ’
2134 4169 2181 4221 εί
2206 4169 2301 4222 καὶ
2336 4167 2595 4236 βούλεσθε
2623 4169 2724 4238 τῆς
2756 4169 2954 4238 μανίας
2992 4167 3150 4238 ὐμῶν
3188 4167 3281 4219 τὸν
3311 4164 3530 4236 οἶστρον
3569 4182 3675 4219 πα-

1983 4254 2426 4325 ραμυθήσασθαι,
2467 4254 2580 4322 ἐγὼ
2619 4255 2777 4308 τοῦτο
2838 4253 3099 4325 παρέξω,
3153 4254 3296 4307 ὥστε
3341 4252 3677 4322 κουφότερον

1979 4342 2134 4411 ὐμῶν
2165 4342 2421 4409 γενέσθαι
2449 4342 2511 4394 τὺ
2538 4341 2816 4412 τόλμημα.
2839 4341 2977 4394 Εἰσί
2987 4358 3085 4410 μοι
3107 4340 3218 4394 δύο
3247 4338 3593 4410 θυγατέρες,
3611 4337 3677 4390 αι

1977 4428 2091 4480 οὐκ
2115 4427 2392 4495 ἔγνωσαν
2422 4426 2672 4494 ἄνδρας.
2722 4426 2866 4492 Ἔτι,
2921 4428 3113 4494 φησὶν,
3155 4425 3374 4498 ἄπειροί
3419 4427 3526 4478 είσι
3561 4440 3678 4492 γα-

1980 4514 2146 4583 μικῆς
2179 4514 2503 4576 συνουσίας,
2557 4514 2830 4582 ἀνέπαφοι
2871 4514 3266 4582 τυγχάνουσιν,
3315 4514 3373 4566 ἐν
3419 4513 3558 4583 αὐτῇ
3607 4514 3674 4583 τῇ

1976 4600 2130 4670 ἀκμῇ
2159 4599 2261 4669 τῆς
2294 4600 2510 4672 ήλικίας
2528 4600 2656 4664 εἰσὶ,
2684 4600 3000 4670 λάμπουσαι
3021 4602 3088 4670 τῇ
3108 4598 3252 4672 ὥρᾳ⁸
3288 4598 3488 4663 ταύτας
3507 4601 3675 4652 πᾶσιν

1977 4685 2229 4749 ἐκδότους
2272 4686 2486 4757 δίδωμι,
2515 4687 2611 4740 καὶ
2660 4687 2863 4757 χρᾶσθε
2900 4687 3092 4751 αὐταῖς
3128 4687 3206 4750 ὼς
3239 4686 3463 4756 ἀρέσκει
3522 4687 3674 4756 ὑμῖν.

1976 4772 2250 4836 Λαϐόντες
2277 4773 2469 4838 αὐτὰς,
2505 4773 2662 4844 φησὶ,
2689 4773 3016 4844 πληρώσατε
3062 4772 3218 4844 ὑμῶν
3253 4774 3334 4837 είς
3377 4773 3552 4835 αὐτάς
3577 4773 3678 4844 τὴν

1975 4859 2285 4928 ἀσέλγειαν,
2307 4863 2400 4915 καὶ
2430 4861 2782 4933 ἐμφορήθητε
2819 4863 2922 4932 τῆς
2949 4861 3246 4932 ἐπιθυμίας
3273 4861 3428 4930 ὐμῶν
3455 4862 3555 4932 τῆς
3579 4877 3679 4916 πο·

1980 4948 2172 5019 νηράς.
2215 4949 2422 5003 Μόνον
2450 4951 2538 5014 εις
2567 4949 2708 5015 τοὺς
2747 4949 2979 5018 ἄνδρας
3007 4951 3262 5015 τούτους
3278 4949 3476 5018 μηδὲν
3512 4947 3680 5014 ποιή-

1978 5048 2132 5102 σητε
2157 5034 2388 5101 ἄδικον,
2426 5031 2498 5090 οὗ
2533 5035 2770 5088 ετνεκεν
2823 5033 3124 5101 είσῆλθον
3145 5035 3266 5090 ὑπὸ
3286 5035 3404 5104 τὴν
3430 5035 3676 5104 σκέπην

1975 5121 2096 5174 τῶν
2116 5119 2315 5175 δοκῶν
2334 5140 2476 5191 μου.
2515 5122 2736 5194 Ἐπειδὴ
2764 5121 3097 5195 ἐϐιασάμην,
3117 5123 3303 5201 φησὶν,
3322 5123 3546 5189 αὐτοὺς,
3575 5123 3674 5177 καὶ

1976 5210 2268 5279 εἰσήγαγον
2302 5209 2408 5261 ὐπὸ
2431 5209 2531 5272 τάς
2552 5209 2744 5274 δοκούς
2784 5228 2907 5281 μου,
2925 5211 3014 5264 ἵνα
3051 5211 3126 5281 μὴ
3167 5211 3292 5278 ἐμοὶ
3317 5212 3596 5283 ἐπιγραφῇ
3638 5213 3674 5283 ἡ

1978 5295 2059 5358 είς
2092 5295 2294 5358 αὐτοὺς
2326 5296 2589 5367 γινομένη
2621 5296 2938 5368 παρανομία
2959 5336 2973 5360 ,
3005 5297 3100 5349 καὶ
3131 5295 3245 5363 ἐγὼ
3284 5297 3468 5358 αὐτοῖς
3501 5297 3675 5363 αἴτιος

1974 5380 2077 5450 τῆς
2124 5380 2337 5453 ὕϐρεως
2369 5383 2575 5455 ταύτης
2625 5385 2903 5456 γένωμαι,
2951 5383 3042 5438 διά
3102 5381 3262 5437 τοῦτο
3314 5384 3458 5454 ὑπὲρ
3491 5385 3675 5440 αὐτῶν

1975 5467 2074 5530 τὰς
2106 5468 2200 5521 δύο
2224 5486 2327 5539 μου
2343 5468 2650 5542 θυγατέρας
2671 5471 2886 5542 δίδωμι,
2908 5470 3048 5524 ὥστε
3060 5470 3285 5532 τούτους
3310 5469 3671 5541 ἐλευθερῶσαι

1976 5554 2084 5607 τῶν
2114 5557 2400 5627 ὐμετέρων
2414 5559 2633 5628 χειρῶν.
2658 5560 2807 5630 ῐῙόση
2834 5558 2928 5612 τοῦ
2953 5558 3164 5612 δικαίου
3201 5560 3234 5628 ή
3253 5559 3454 5629 ἀρετ-ης
3489 5560 3671 5612 πᾶσαν

1979 5644 2186 5713 ἀρετὴν
2216 5645 2528 5712 φιλοξενίας
2557 5647 2797 5716 ἐνίκησε,
2835 5649 2900 5700 Τί
2952 5647 3063 5718 γὰρ
3117 5647 3182 5701 ἄν
3230 5663 3316 5709 τις
3361 5646 3507 5699 είποι
3546 5649 3670 5700 κατ’

1982 5729 2142 5794 ἀξίαν
2168 5732 2266 5801 τῆς
2294 5734 2388 5786 τοῦ
2418 5733 2628 5788 δικαίου
2653 5735 2844 5787 τούτου
2876 5733 3298 5806 φιλοφροσύνης,
3328 5733 3386 5798 ὃς
3417 5734 3538 5786 οὐδὲ
3560 5734 3669 5787 τῶν

1982 5815 2301 5889 θυγατέρων
2327 5821 2616 5887 φείσασθαι
2650 5822 2931 5891 ήνέσχετο,
2972 5823 3060 5875 ἵνα
3095 5821 3192 5892 τὴν
3223 5823 3302 5883 εἰς
3328 5823 3454 5884 τούς
3484 5821 3666 5887 ξένους

1980 5904 2150 5975 τιμὴν
2175 5907 2533 5979 ἐπιδείξηται,
2560 5911 2654 5964 καὶ
2676 5909 3020 5982 ἐλευθερώσῃ
3057 5910 3156 5979 τῆς
3185 5909 3536 5979 παρανομίας
3556 5910 3661 5964 τίυν
