4060 6418
252 339 351 399 ιοί

251 451 400 527 dico)
421 453 646 512 omnino
673 455 884 530 ignotos
901 456 1138 529 eriperet
1155 458 1227 516 ab
1253 459 1543 531 impiorum
1569 467 1856 518 contume-

251 541 321 599 lia
349 561 366 599 :
395 559 497 602 nos
519 555 700 604 autem
727 548 974 606 videntes
987 562 1134 620 saepe
1151 548 1350 608 fratres
1363 559 1580 609 nostros
1605 551 1661 608 in
1677 550 1854 623 ipsum

250 633 546 706 impietatis
573 638 920 710 profundum,
956 649 1013 698 et
1049 655 1217 713 prope
1271 642 1501 699 dixerim
1523 683 1540 708 ,
1570 642 1626 699 in
1671 642 1857 700 fauces

246 723 451 782 diaboli
487 728 705 796 cadere,
731 743 908 801 neque
932 744 1186 787 sermone
1224 745 1322 788 eos
1347 731 1653 803 dignamur,
1680 747 1857 804 neque

246 815 557 884 consulere,
588 833 767 889 neque
809 820 989 878 verbis
1012 820 1336 886 admonere,
1362 831 1418 878 ct
1440 822 1654 894 eripere
1677 839 1709 879 a
1733 839 1854 880 ma-

251 903 402 973 litia,
426 914 482 962 et
499 907 567 963 ad
594 907 853 966 virtutem
889 911 1272 969 manuducere.
1301 913 1529 982 Qualem
1557 914 1719 986 igitur
1750 917 1851 971 ha-

245 993 494 1053 bebimus
521 1001 928 1058 excusationem
958 1042 974 1068 ,
1020 1017 1145 1059 cum
1187 1003 1370 1075 iustus
1409 1019 1585 1077 neque
1638 1007 1852 1063 filiabus

246 1096 454 1157 parcat,
477 1099 536 1145 ut
555 1089 826 1163 hospitum
857 1103 1039 1152 servet
1061 1110 1249 1152 curam
1273 1114 1287 1151 :
1311 1113 1413 1154 nos
1441 1107 1624 1156 autem
1654 1101 1728 1156 ita
1749 1101 1852 1156 im-

247 1175 676 1239 misericorditer
696 1197 822 1254 erga
837 1183 1035 1242 fratres
1061 1193 1274 1261 nostros
1296 1187 1616 1258 afficiamur,
1633 1199 1687 1248 et
1707 1205 1854 1262 saepe

245 1263 440 1338 frigida
469 1269 558 1326 illa
596 1281 654 1329 et
683 1263 1052 1332 ‘absurditatis
1076 1277 1238 1348 plena
1282 1279 1446 1336 verba
1476 1281 1808 1352 proferamus
1827 1283 1853 1337 ἲ

243 1355 386 1426 Quid
413 1362 593 1430 enim,
650 1363 826 1437 inquit
849 1405 867 1433 ,
921 1367 1054 1424 mihi
1096 1385 1222 1426 cum
1248 1385 1316 1427 eo
1355 1374 1681 1431 commune?
1717 1373 1850 1432 mihi

244 1462 356 1505 non
385 1458 470 1506 est
491 1467 657 1519 cum,
687 1455 820 1512 nihil
851 1459 984 1514 mihi
1027 1461 1225 1532 negotii
1258 1477 1382 1519 cum
1402 1478 1488 1521 eo.
1514 1464 1654 1535 Quid
1672 1464 1808 1523 dicis
1829 1505 1847 1534 ,

246 1536 455 1596 homo?
481 1540 624 1599 Nihil
643 1545 738 1603 tibi
755 1560 1044 1607 commune
1068 1566 1193 1607 cum
1232 1554 1344 1610 eo?
1381 1554 1573 1612 Frater
1596 1564 1721 1614 tuus
1741 1566 1846 1627 est,

241 1628 488 1701 eiusdem
519 1641 700 1692 tecum
752 1647 978 1707 naturae,
1034 1643 1138 1700 sub
1163 1643 1357 1702 eodem
1393 1649 1526 1705 estis
1577 1648 1844 1718 Domino,

245 1733 398 1794 sape
420 1725 585 1782 etiam
612 1727 857 1799 eiusdem
885 1734 1177 1805 participes
1202 1751 1426 1804 mense,
1461 1739 1756 1810 spiritualis
1775 1742 1843 1798 il-

244 1812 384 1884 lius,
424 1817 666 1891 inquam,
696 1829 753 1877 et
785 1825 1061 1894 terribilis,
1093 1837 1149 1884 et
1181 1827 1319 1885 dicis
1349 1848 1364 1885 :
1395 1830 1541 1888 Nihil
1556 1847 1846 1892 commune

245 1904 423 1964 habeo
453 1924 577 1966 cum
601 1927 697 1980 eo;
724 1923 780 1970 et
807 1915 1308 1978 immisericorditer
1335 1924 1600 1994 praeteris,
1639 1934 1698 1982 et
1735 1941 1844 1983 non

241 1996 474 2088 porrigis
496 1999 699 2071 iacenti
731 2019 949 2062 manum
965 2005 990 2060 ?
1008 2007 1076 2064 Et
1102 2007 1303 2067 ludatis
1324 2012 1543 2084 quidem
1563 2015 1653 2072 lex
1676 2018 1846 2088 impe-

244 2087 423 2178 rabat,
483 2106 556 2148 ne
625 2094 968 2153 inimicorum
1005 2098 1155 2169 lapsa
1202 2101 1448 2172 iumenta
1510 2087 1848 2178 negligerent

238 2175 442 2247 (Exod.
473 2181 566 2239 εδ.
589 2184 650 2255 5)
675 2203 690 2240 ε
723 2193 780 2241 ιιι
799 2196 982 2244 autem
1005 2189 1227 2248 fratrem
1241 2200 1389 2250 tuum
1417 2210 1447 2251 a
1463 2175 1680 2254 diabolo
1698 2213 1845 2269 saepe

237 2271 538 2328 sauciatum
558 2283 615 2332 et
648 2275 917 2348 iacentem
961 2297 1069 2339 non
1116 2299 1280 2356 super
1310 2294 1532 2358 terram,
1555 2290 1652 2347 sed
1680 2305 1863 2363 super.

241 2363 448 2431 peccati
470 2364 784 2426 barathrum
821 2371 1034 2441 videns,
1064 2383 1152 2431 tua
1181 2375 1560 2436 exhortatione
1599 2396 1707 2437 non
1755 2399 1843 2439 re-

244 2453 434 2520 trahis,
465 2470 572 2513 non
593 2458 1014 2520 admonitionem
1040 2475 1182 2521 tuam
1210 2468 1454 2538 adhibes,
1485 2486 1592 2526 non
1627 2473 1766 2529 alios
1788 2473 1843 2532 in

241 2546 500 2630 auxilium
545 2564 731 2620 vocas,
762 2560 825 2609 ut
847 2557 892 2610 si
923 2555 1040 2611 fieri
1074 2559 1264 2628 possit,
1299 2574 1329 2614 a
1364 2559 1607 2620 faucibus
1653 2563 1843 2622 bestia:

241 2636 543 2693 membrum
567 2647 716 2701 tuum
741 2658 934 2701 eruere
950 2646 1159 2714 valeas,
1189 2659 1244 2706 et
1268 2651 1338 2706 ad
1364 2668 1518 2710 suam
1565 2654 1832 2713 reducere

243 2724 578 2818 nobilitatem
609 2747 623 2785 :
652 2741 711 2788 ut
760 2742 816 2790 et
865 2736 1004 2808 ipse,
1055 2739 1099 2795 si
1125 2742 1343 2810 quando
1390 2744 1674 2811 cecideris,
1695 2747 1842 2818 quod

239 2815 418 2906 absit,
451 2819 506 2876 in
526 2822 748 2893 laqueos
774 2827 900 2883 mali
916 2828 1178 2887 daemonis
1207 2833 1390 2900 illius,
1437 2837 1615 2906 possis
1640 2815 1842 2896 habere

239 2905 456 2977 aliquos
486 2911 576 2981 qui
601 2921 654 2968 te
676 2912 892 2984 iuvent,
925 2927 983 2973 et
1009 2919 1240 2976 libemut
1265 2938 1294 2975 a
1320 2905 1572 2982 manibus
1603 2927 1841 2985 diaboli!

241 2994 336 3094 Sic
352 3006 409 3053 et
432 2999 631 3060 Paulus
655 3008 903 3066 excitare
934 3011 1124 3068 volens
1164 3014 1402 3083 Galatas,
1429 3026 1488 3073 ut
1514 3020 1628 3076 suis
1654 3023 1841 3094 provi-

238 3085 405 3145 deant
423 3093 708 3160 membris,
735 3097 911 3170 inquit
941 3117 955 3155 :
989 3101 1335 3161 Considerans
1368 3085 1686 3179 temetipsum
1715 3154 1733 3181 ,
1779 3130 1845 3171 ns

239 3187 289 3232 et
309 3188 365 3234 tu
389 3184 593 3275 tenteris
626 3184 823 3255 (Galat.
865 3188 922 3245 6.
977 3189 1034 3263 f)
1059 3209 1074 3246 :
1096 3195 1251 3264 quasi
1281 3196 1510 3264 diceret,
1544 3200 1604 3257 Si
1635 3203 1840 3275 absque

239 3271 714 3333 commiseratione
738 3286 796 3335 et
819 3278 1113 3340 inhumane
1140 3285 1361 3344 fratrem
1391 3294 1661 3363 praeteris,
1700 3271 1842 3355 forte

240 3368 297 3414 et
327 3363 787 3434 te,'sicecideris,
815 3370 953 3427 alius
982 3373 1232 3433 similiter
1255 3381 1570 3448 praeteribit.
1602 3384 1657 3441 Si
1679 3386 1842 3457 igitur

244 3454 330 3548 vis
362 3469 468 3511 non
507 3458 711 3530 despici
757 3465 931 3520 sicubi
976 3465 1211 3536 labaris,
1245 3486 1314 3526 ne
1362 3472 1480 3543 ipse
1523 3454 1840 3548 despexeris

241 3542 409 3599 alium
437 3548 563 3603 :sed
591 3565 840 3622 magnam
867 3569 981 3624 pra;
1013 3565 1068 3613 te
1087 3557 1170 3614 fer
1194 3542 1602 3636 benignitatem,
1625 3542 1686 3625 et
1722 3569 1840 3626 the-

241 3649 462 3721 saurum
483 3641 648 3698 crede
677 3647 1004 3716 maximum,
1032 3649 1077 3705 si
1114 3665 1336 3710 servare
1372 3659 1548 3727 possis
1592 3659 1835 3719 fratrem.

240 3725 380 3823 Nihil
411 3731 555 3788 enim
583 3733 709 3792 huic
749 3753 1002 3810 umquam
1043 3757 1140 3812 par
1179 3744 1293 3800 fieri
1348 3725 1566 3817 poterit,
1597 3753 1738 3823 quod
1767 3754 1836 3810 ad

241 3819 492 3878 virtutem
521 3826 734 3882 attinet.
762 3828 897 3885 Nam
937 3831 983 3886 si
1031 3833 1208 3892 solum
1265 3837 1588 3908 cogitaveris
1613 3819 1832 3912 tilium,

241 3925 403 3980 quem
423 3913 657 3984 despicis
681 3926 736 3973 et
772 3921 1040 3990 praeteris,
1063 3938 1094 3978 a
1117 3923 1346 3982 Domino
1377 3936 1470 3984 tuo
1491 3939 1640 3987 tanto
1656 3933 1709 3988 in
1732 3933 1836 3990 ho-

245 4015 380 4096 nore
423 4002 664 4062 habitum
710 4009 896 4078 fuisse,
931 4021 992 4067 ut
1016 4024 1258 4084 ‘prOpter
1289 4017 1462 4088 ipsum
1491 4035 1599 4077 non
1627 4022 1839 4096 refuge-

240 4092 312 4149 rit
335 4105 390 4151 et
411 4101 723 4169 sanguinem
747 4118 906 4159 suum
937 4105 1241 4176 eﬂ‘undere,
1268 4111 1410 4166 sicut
1435 4122 1492 4168 et
1515 4113 1712 4173 Paulus
1748 4092 1836 4174 di-

241 4184 358 4240 cit:
491 4190 670 4257 peribit
718 4192 956 4262 inﬁrmus
981 4186 1139 4267 frater
1183 4199 1236 4253 in
1267 4209 1354 4255 tua
1373 4204 1602 4270 scientia,
1632 4218 1840 4279 prapter

237 4291 387 4348 qustu
425 4276 657 4336 Christus
685 4294 910 4341 mortuus
934 4296 1008 4342 est
1055 4288 1132 4360 (l.
1165 4289 1286 4345 Cor.
1313 4292 1368 4348 8.
1405 4294 1534 4366 il):
1565 4276 1838 4366 quomodo

239 4386 348 4428 non
391 4390 500 4444 pra:
539 4373 746 4446 pudore
779 4376 882 4435 sub
911 4385 1056 4436 terra
1112 4388 1166 4440 te
1197 4380 1545 4440 abscondes?
1572 4386 1631 4442 Si
1674 4389 1839 4460 igitur

238 4473 460 4553 propter
488 4466 637 4522 illum
682 4469 926 4528 Christus
970 4476 1286 4546 sanguinem
1326 4472 1532 4549 effudit,
1561 4478 1688 4553 quid
1731 4495 1838 4542 tua-

235 4565 400 4622 gnum
427 4551 614 4624 facies,
646 4557 690 4613 si
724 4569 867 4615 tuam
897 4562 951 4616 in
976 4577 1099 4618 eum
1128 4563 1374 4622 declares
1404 4551 1834 4631 benevolentiam

237 4650 294 4699 et
318 4645 692 4704 exhortatione
710 4651 995 4708 verborum
1020 4653 1290 4724 iacentem
1315 4659 1514 4730 erigas,
1531 4671 1585 4716 et
1600 4666 1834 4723 animam

235 4749 469 4792 mersam
496 4739 635 4814 forte
670 4750 724 4797 et
751 4743 1088 4800 submersam
1118 4748 1319 4805 referas
1348 4766 1414 4807 ex
1441 4754 1707 4823 profundo
1723 4774 1838 4812 ma-

235 4830 388 4897 litim,
420 4840 478 4888 et
505 4833 639 4889 illud
665 4845 878 4908 satagas
898 4847 957 4893 ut
982 4839 1155 4895 videat
1185 4844 1400 4902 virtutis
1421 4843 1621 4917 lucem,
1647 4864 1714 4905 ac
1726 4865 1836 4907 non

235 4932 482 4977 recurrat
507 4923 575 4977 ad
606 4925 860 4994 vitiorum
896 4928 1222 5001 caliginem?

305 5011 362 5066 5.
396 5011 682 5069 Imitemur
706 5017 886 5086 igitur,
928 5021 1176 5088 obsecro,
1203 5023 1409 5094 iustum
1441 5027 1593 5083 illum
1615 5071 1632 5104 ,
1683 5040 1739 5086 et
1789 5035 1835 5090 si

233 5100 652 5171 periclitandum
691 5107 852 5161 etiam
881 5106 1047 5164 fuerit
1077 5127 1176 5181 pro
1207 5116 1381 5171 salute
1420 5100 1673 5188 proximi,
1727 5138 1834 5180 non

235 5192 340 5250 hoc
364 5197 838 5269 subterfugiamus.
865 5200 1002 5258 Nam
1023 5204 1128 5261 tale
1153 5208 1450 5276 periculum
1477 5213 1632 5269 nobis
1647 5215 1836 5274 salutis

232 5284 395 5344 fuerit
413 5290 646 5358 occasio,
671 5292 1004 5365 multamque
1031 5297 1339 5356 conciliabit
1384 5303 1656 5362 fiduciam.
1685 5309 1834 5365 Con-

234 5378 412 5435 sidera
440 5382 607 5448 enim,
640 5384 892 5452 obsecro,
937 5389 1212 5458 quomodo
1232 5392 1410 5465 iustus
1436 5397 1528 5453 ille
1548 5402 1646 5455 toti
1665 5416 1836 5473 popa,-

236 5470 321 5538 lo,.
350 5473 441 5543 qui
473 5474 544 5529 ita
570 5475 624 5530 in
649 5477 910 5533 malitiam
941 5481 1374 5552 conspirarent,
1405 5501 1466 5542 se
1485 5470 1833 5564 opposuerit,

231 5573 289 5622 et
313 5580 560 5638 magnam
590 5569 934 5626 clementiam
983 5573 1420 5649 ineﬂ'abilemque
1463 5581 1834 5642 fortitudinem

235 5671 349 5728 pra:
375 5671 437 5714 se
464 5659 670 5724 tulerit,
692 5663 939 5732 quamvis
984 5678 1162 5735 neque
1205 5667 1286 5723 sic
1305 5671 1578 5743 corrigere
1599 5676 1838 5745 potuerit

237 5749 552 5817 indomitam
575 5753 786 5811 illorum
813 5755 1099 5812 insaniam.
1125 5757 1332 5832 Quippe
1358 5773 1482 5834 post
1511 5766 1794 5844 verbalilia
1811 5805 1830 5838 ,

1242 344 1336 412 ,ΙΝ
1370 345 1525 404 CAP.
1566 344 1714 405 XIX.
1753 344 2001 405 GENES.
2043 345 2280 406 BOIIL.
2321 347 2508 408 ιιιιι.

3465 359 3573 418 ωε

1965 467 2024 516 et
2054 468 2166 517 tam
2209 460 2462 518 eximiam
2513 461 3025 533 mansuetudinem,
3080 479 3204 524 eum
3253 466 3439 526 verbis
3466 473 3581 524 suis

1960 550 2114 622 quasi
2139 550 2389 609 manibus
2403 552 2774 623 prostituisset
2789 553 2950 625 filias,
2975 556 3106 630 quid
3131 557 3319 616 dicunt
3331 558 3402 615 ad
3419 561 3580 616 eum?

1961 641 2019 698 9.
2044 642 2246 699 Recede
2291 643 2437 701 ilius.
2467 643 2515 701 0
2553 659 2774 717 gravem
2818 647 3176 708 ebrietatem!
3212 665 3249 708 o
3299 652 3577 724 ingentem

1961 731 2360 805 insipientiam!
2394 732 2452 791 in
2497 734 2642 792 hunc
2688 737 2909 794 modum
2939 754 2999 796 se
3045 740 3212 798 habet
3269 742 3495 800 efferata
3521 754 3578 800 ct

1961 823 2102 878 mala
2130 824 2302 882 bestia
2330 827 2768 897 concupiscentia
2792 846 2805 883 :
2833 831 3049 900 quando
3069 832 3337 889 rationem
3357 833 3576 901 vicerit,

1960 913 2096 971 nihil
2119 915 2381 973 decorum
2401 925 2457 973 et
2484 919 2791 975 honestum
2809 921 2996 979 videre
3022 922 3173 990 sinit,
3205 923 3305 980 sed
3329 926 3485 997 quasi
3520 926 3575 983 in

1960 1004 2205 1062 tenebris
2230 1017 2286 1062 et
2312 1022 2487 1078 pugna
2520 1019 2786 1066 nocturna
2811 1011 2992 1066 omnia
3018 1011 3164 1068 facit.
3202 1012 3399 1070 Recede
3421 1015 3571 1081 ilius,

1956 1095 2176 1153 dicunt:
2200 1099 2379 1154 uenisti
2405 1109 2460 1153 ut
2487 1115 2621 1175 esses
2639 1101 2862 1170 aduersa,
2885 1104 3134 1176 numquid
3160 1105 3318 1160 stiam
3339 1114 3397 1161 ut
3413 1107 3571 1178 judi-

1954 1187 2092 1242 cium
2120 1189 2325 1259 iudices
2344 1189 2376 1243 .’
2397 1187 2539 1262 Ergo
2565 1207 2702 1248 nunc
2723 1201 2772 1248 te
2789 1193 3068 1266 eligemus
3096 1197 3283 1268 magis,
3314 1213 3472 1265 quam
3499 1199 3573 1253 it-

1957 1277 2054 1334 los.
2085 1278 2222 1336 Vide
2249 1281 2522 1352 quomodo
2545 1283 2725 1353 iustus
2746 1295 3027 1343 mansuete
3052 1301 3176 1343 cum
3193 1288 3274 1345 eis
3295 1289 3556 1360 loquitur,

1955 1368 2034 1425 illi
2070 1380 2251 1428 autem
2281 1384 2482 1444 quanta
2519 1374 2804 1432 ferocitate
2837 1377 3190 1448 respondent.
3239 1379 3402 1436 Enim
3434 1395 3569 1438 vero

1953 1460 2107 1531 quasi
2133 1476 2164 1517 a
2187 1460 2407 1521 diabolo
2444 1456 2724 1538 exagitati,
2765 1474 2824 1524 et
2845 1482 2916 1524 eo
2963 1468 3218 1527 ducatum
3245 1471 3562 1544 praebente,

1953 1553 2027 1609 ita
2049 1562 2238 1611 contra
2261 1554 2471 1626 iustum
2499 1558 2803 1630 insurgunt,
2833 1568 2892 1617 et
2913 1559 3102 1619 dicunt
3128 1579 3144 1617 :
3172 1560 3370 1619 Venisti
3388 1572 3445 1619 ut
3468 1563 3568 1618 atl-

1952 1659 2081 1699 uena
2107 1661 2261 1715 esses,
2288 1647 2541 1719 numquid
2562 1649 2717 1709 etiam
2735 1659 2792 1706 ut
2819 1649 3078 1723 judicium
3092 1653 3301 1727 iudices
3321 1655 3349 1709 ?
3374 1653 3562 1712 Adve-

1953 1749 2076 1791 nam
2133 1745 2206 1806 te,
2237 1737 2505 1809 inquiunt,
2543 1741 2882 1812 suscepimus
2912 1759 2928 1797 :
2953 1758 3082 1798 num
3102 1751 3159 1800 et
3181 1743 3348 1816 iudex
3375 1755 3567 1803 noster

1951 1839 2013 1881 es
2064 1825 2281 1883 factust
2319 1827 2368 1884 0
2407 1837 2707 1886 extremam
2775 1831 3218 1903 improbitatem!
3263 1833 3564 1906 Oportebat

1949 1919 2292 1987 erubescere,
2319 1921 2606 1993 oportebat
2624 1923 2859 1980 revereri
2879 1925 3164 1984 consilium
3175 1925 3306 1998 iusti
3332 1945 3348 1983 :
3370 1942 3560 1983 verum

1951 2009 2091 2065 sicut
2114 2011 2290 2068 insani
2309 2014 2472 2069 etiam
2496 2013 2767 2070 medicum
2809 2015 3073 2087 impetere
3094 2027 3381 2085 conantur,
3406 2019 3478 2073 ita
3503 2028 3564 2074 et

1950 2099 2029 2156 illi
2062 2116 2077 2154 :
2109 2100 2202 2168 Te,
2231 2105 2403 2169 aiunt,
2450 2105 2614 2176 magis
2639 2105 2938 2179 emimus,
2967 2124 3123 2180 quam
3167 2108 3306 2166 illos.
3361 2108 3418 2166 Si
3449 2124 3559 2165 non

1949 2193 2053 2260 vis,
2076 2193 2246 2262 aiunt,
2273 2196 2439 2253 silere
2461 2205 2517 2253 et
2547 2197 2852 2269 quiescere,
2882 2199 3064 2258 disces
3080 2209 3132 2258 te
3149 2203 3448 2273 patrocinio
3465 2210 3561 2259 tuo

1949 2283 2085 2340 nihil
2111 2285 2258 2344 aliud
2281 2285 2623 2358 eﬂ'ecturum,
2651 2300 3013 2361 praeterquam
3058 2293 3206 2363 quod
3228 2293 3307 2350 illi
3336 2295 3557 2366 quidem

1947 2374 2248 2444 periculum
2268 2375 2552 2447 effugient,
2585 2387 2641 2434 tu
2661 2387 2841 2436 autem
2869 2381 2922 2436 in
2963 2381 3141 2453 ipsum
3168 2382 3399 2446 incides.
3440 2383 3557 2439 Fo-

1946 2465 2145 2522 ciebant
2169 2479 2338 2523 utens
2358 2471 2458 2525 sim
2487 2470 2584 2526 Lot
2613 2473 2778 2528 estde.
2804 2473 2940 2530 Vide
2959 2475 3162 2545 iustum
3194 2476 3346 2532 illum
3375 2491 3554 2547 quan-

1949 2565 2058 2615 tam
2083 2559 2451 2616 fortitudinem
2486 2563 2760 2631 declarat,
2796 2573 2852 2620 et
2904 2574 3066 2621 tantte
3090 2566 3420 2623 multitudini
3450 2582 3552 2638 op-

1946 2664 2150 2720 ponere
2177 2666 2239 2708 se
2274 2655 2471 2709 'tentat.
2508 2653 2574 2707 Et
2613 2656 3178 2727 appmpinquaosrunt,
3227 2657 3438 2730 inquit,
3498 2667 3556 2712 ut

1951 2749 2266 2797 contererent
2281 2744 2525 2814 ianuam.
2553 2744 2688 2801 Nam
2715 2749 2970 2817 quoniam
3002 2763 3341 2819 egressurus,
3369 2758 3425 2805 et
3453 2747 3554 2804 ho-

1950 2847 2070 2889 rum
2099 2833 2362 2890 insaniam
2384 2837 2688 2907 prmvidcns
2713 2837 2908 2894 clausit
2933 2849 3055 2910 post
3082 2853 3144 2897 se
3168 2839 3413 2909 ianuam,
3445 2855 3554 2896 non

1946 2923 2182 2982 ferentes
2227 2925 2378 2996 impii
2415 2935 2472 2984 et
2517 2928 2732 2986 scelesti
2795 2930 2875 2986 illi
2926 2930 3353 2987 admonitionem
3394 2931 3552 3001 iusti,

1947 3014 2121 3084 ipsum
2149 3017 2198 3072 vi
2225 3017 2563 3087 premebant,
2601 3027 2657 3075 et
2671 3018 2894 3090 ianuam
2939 3027 3224 3076 conterere
3252 3021 3554 3077 molieban-

1948 3113 2054 3160 tur.
2088 3104 2196 3163 Sed
2227 3107 2355 3179 quia
2380 3110 2639 3179 operibus
2665 3111 2798 3165 satis
2822 3110 3192 3167 demonstrata
3221 3110 3398 3167 fuerat
3416 3112 3549 3183 iusti

1946 3197 2137 3266 virtus,
2181 3208 2238 3254 et
2274 3200 2613 3272 hospitalitas
2649 3217 2776 3273 erga
2827 3217 2925 3260 eos
2953 3203 3044 3273 qui
3095 3204 3364 3275 peregrini
3390 3215 3550 3276 puta-

1947 3287 2160 3354 bantur,
2187 3304 2288 3346 ucc
2330 3307 2438 3347 non
2461 3302 2518 3346 et
2555 3292 2887 3362 conspiratio
2929 3293 3093 3350 totius
3120 3294 3304 3365 pepuli
3343 3295 3397 3350 in
3429 3309 3550 3350 ma-

1946 3377 2076 3444 lum,
2112 3388 2243 3435 tunc
2263 3389 2319 3436 et
2349 3381 2384 3436 ii
2414 3382 2507 3452 qui
2527 3381 2882 3450 advenerant,
2914 3383 3332 3455 manifestaruut
3369 3399 3449 3442 se.
3478 3385 3551 3442 Et

1946 3471 2070 3540 quia
2110 3472 2354 3529 viderant
2385 3473 2589 3544 iustum
2618 3488 2781 3530 omne
2805 3474 3046 3532 officium
3069 3492 3226 3533 suum
3254 3478 3508 3549 implesse
3530 3519 3548 3545 ,

1944 3578 2098 3621 suam
2127 3564 2470 3622 declarantes
2520 3568 2835 3637 potentiam,
2857 3570 3133 3642 suppetias
3157 3569 3338 3626 ferunt
3360 3569 3510 3641 iusto
3531 3611 3550 3638 ,

1944 3654 2032 3710 cui
2064 3654 2147 3710 vis
2177 3654 2342 3710 fiebat
2367 3656 2438 3711 ab
2471 3657 2685 3712 illorum
2735 3657 2964 3714 insania.
2997 3658 3085 3714 l0.
3119 3658 3324 3729 Itaque,
3353 3661 3550 3731 inquit,

1943 3746 2037 3800 uiri
2064 3746 2297 3801 manibus
2322 3750 2536 3804 utentis
2577 3758 2894 3806 attraxerunt
2923 3750 3021 3806 Lot
3045 3752 3116 3807 ad
3134 3769 3190 3808 se
3217 3753 3271 3808 in
3296 3754 3503 3810 domum
3533 3795 3551 3822 ,

1942 3845 1991 3889 et
2006 3836 2229 3906 ianuam
2255 3836 2439 3894 donius
2469 3839 2760 3916 clauserunt
2780 3858 2803 3906 ;
2834 3842 2924 3898 fl.
2954 3843 3088 3898 uiros
3106 3852 3279 3899 autem
3299 3845 3387 3916 qui
3410 3855 3556 3901 erant

1942 3926 2085 4000 apud
2110 3927 2332 3998 ianuam
2378 3939 2733 3998 percusserunt
2775 3931 3004 3987 sceitate
3045 3948 3078 3986 a
3109 3949 3266 4004 pareo
3291 3950 3448 4004 usque
3485 3935 3557 3989 ad

1943 4035 2208 4090 magnum,
2234 4029 2284 4074 et
2306 4021 2542 4076 dissoluti
2559 4031 2678 4076 sunt
2694 4034 2975 4093 querentes
2994 4027 3236 4095 ianuam.
3265 4027 3427 4082 Vides
3446 4041 3556 4098 quo

1945 4119 2104 4179 pacto
2139 4109 2320 4181 iustus
2362 4111 2457 4168 ille
2487 4113 2669 4167 statim
2701 4115 3085 4184 hospitalitatis
3123 4117 3321 4188 accipit
3348 4133 3558 4174 merce-

1943 4200 2107 4266 dem,
2144 4209 2201 4257 et
2242 4201 2390 4272 impii
2452 4203 2531 4258 illi
2574 4202 2735 4274 digna
2788 4205 3096 4274 plectuntur
3156 4209 3363 4279 pana?
3407 4209 3549 4266 Dicit

1942 4290 2089 4347 enim
2121 4307 2135 4344 :
2164 4291 2494 4346 Attraaerunt
2519 4291 2619 4347 Lot
2645 4295 2696 4347 in
2724 4294 2958 4364 domum,
3011 4307 3059 4351 et
3103 4298 3315 4365 ianuam
3343 4299 3544 4354 clause-

1943 4391 2101 4448 runt;
2125 4384 2260 4438 uiros
2284 4393 2455 4438 autem
2501 4396 2860 4454 percusserunt
2888 4387 3118 4441 cacitate
3157 4405 3190 4442 a
3217 4406 3372 4460 paruo
3392 4406 3553 4466 usque

1943 4474 2012 4534 ad
2032 4489 2298 4551 magnum,
2328 4483 2381 4534 et
2405 4469 2649 4534 dissoluti
2688 4490 2807 4535 sunt
2826 4492 3110 4551 quaerentes
3129 4487 3376 4556 ianuam.
3407 4486 3551 4556 Quo-

1943 4571 2088 4627 niam
2114 4570 2316 4627 mentis
2344 4584 2532 4626 eorum
2577 4570 2770 4627 oculus
2809 4581 3115 4630 excaecatus
3163 4584 3305 4642 erat,
3333 4587 3557 4649 prepter

1945 4663 2050 4721 hoc
2074 4672 2129 4720 et
2145 4663 2262 4720 visu
2291 4663 2481 4735 privati
2508 4671 2635 4719 sunt
2661 4679 2676 4718 :
2699 4672 2757 4720 ut
2778 4663 2989 4735 discant
3006 4664 3137 4722 nihil
3167 4657 3268 4724 sibi
3296 4668 3556 4739 prodesse

1943 4754 2252 4827 corporales
2280 4756 2468 4811 oculos
2493 4796 2510 4823 ,
2539 4755 2587 4810 si
2613 4753 2756 4811 oculi
2808 4757 3007 4812 mentis
3048 4755 3252 4814 fuerint
3275 4763 3554 4815 excmcati.

1945 4847 2015 4902 Et
2034 4847 2160 4917 quia
2184 4846 2638 4917 conspiraverant
2673 4846 2730 4903 in
2765 4846 2990 4916 malitia,
3021 4856 3080 4904 et
3124 4862 3154 4902 a
3186 4849 3332 4904 malo
3357 4859 3555 4906 conatu

1945 4955 2123 5010 neque
2143 4954 2304 4996 senes
2323 4953 2498 5011 neque
2527 4937 2757 5009 iuvenes
2799 4938 3166 5006 abstinebant,
3207 4939 3335 4996 ideo
3362 4955 3558 4999 omnes

1944 5031 2197 5086 excmcati
2226 5039 2352 5085 sunt
2382 5039 2476 5084 :et
2501 5044 2608 5085 non
2634 5029 2809 5086 solum
2838 5031 3117 5096 excreati,
3147 5031 3244 5087 sed
3275 5039 3332 5087 et
3352 5032 3558 5089 viribus

1943 5121 2192 5192 corporis
2226 5121 2468 5177 destituti
2495 5128 2664 5176 sunt:
2696 5120 3133 5192 quandoquidem
3166 5122 3314 5179 enim
3345 5123 3557 5192 potiere

1945 5212 2181 5268 hominis
2209 5221 2367 5283 parte
2391 5211 2571 5267 anima
2606 5208 2876 5268 debilitati
2903 5222 3084 5279 erant,
3115 5211 3317 5272 idcirco
3350 5213 3557 5271 viribus

1945 5305 2109 5359 etiam
2156 5303 2403 5373 corporis
2431 5311 2558 5358 sunt
2599 5302 2960 5358 destitutizet
3008 5303 3102 5374 qui
3149 5304 3296 5374 prius
3333 5305 3555 5374 ianuam

1943 5406 2229 5451 cauterem
2281 5393 2593 5450 nitebantur
2630 5385 2995 5465 adhibitisque
3043 5394 3206 5451 minis
3239 5409 3364 5450 cum
3406 5395 3557 5466 iusto

1944 5487 2320 5558 loquebantur,
2345 5485 2524 5541 subito
2543 5492 2812 5541 steterunt
2833 5474 3031 5542 luxa'tis
3049 5484 3330 5554 membris,
3353 5498 3407 5542 et
3429 5496 3558 5543 alite

1944 5581 2132 5637 oculos
2152 5580 2311 5636 sitam
2336 5577 2558 5650 ianuam
2593 5594 2699 5634 non
2723 5578 2984 5634 videntes.
3012 5577 3165 5634 Tunc
3191 5578 3346 5650 quasi
3378 5580 3556 5657 res-pi-

1948 5674 2089 5731 ravit
2139 5673 2339 5744 iustus,
2387 5672 2578 5728 videns
2636 5672 2830 5744 quales
2895 5670 3139 5741 hospites
3204 5679 3433 5740 essem,
3497 5679 3554 5728 ct

1947 5781 2108 5842 quam
2136 5782 2346 5840 magna:
2384 5766 2618 5824 virtutis.
2652 5764 2739 5824 12.
2784 5765 3000 5827 Etenim
3043 5764 3300 5826 Diam
3339 5767 3410 5823 od
3437 5776 3553 5825 sum
