4060 6434
499 390 612 449 40⁸5

494 496 593 557 uiri
616 508 636 548 :
661 489 752 548 Est
779 490 893 560 quis
923 487 1022 542 tibi
1059 482 1148 554 hic
1200 500 1351 554 gener
1399 483 1476 536 uel
1525 481 1620 549 ﬁlii
1662 479 1738 534 uel
1787 478 1938 548 ﬁlice.
1990 479 2066 533 eet

487 586 634 638 alius
662 581 885 660 -qttis>in
932 573 1329 632 civitate2~Vide
1360 570 1629 658 quomodo
1664 568 1791 637 justi
1836 567 2071 635 hospita-

1209 374 1267 435 8.
1305 370 1578 431 «ΙΟᾹΝΝΙΒ
1612 361 2088 426 σηιῖῖεοετοω
2129 362 2446 421 ARClllEP.
2485 363 3009 423 CONSTANTINOP.

3665 354 3772 413 408

2179 483 2293 546 ipse
2316 477 2692 532 internecionis
2714 479 2936 533 istorum
2961 477 3242 548 impiorum
3261 479 3530 552 particeps
3555 478 3669 535 llas.
3701 477 3766 531 Et

2180 567 2364 621 turbati
2392 579 2531 635 sunt,
2565 580 2619 624 ut
2649 569 2763 624 btec
2792 569 3088 624 audierunt
3113 568 3216 625 Lot
3253 580 3308 626 et
3333 586 3470 625 uxor
3509 581 3565 628 et
3607 571 3766 636 ﬁliae;

490 653 1116 732 ditatenr-retnunerant,
1161 676 1219 723 et
1255 653 1521 737 quomodo
1567 664 1615 719 ei
1633 673 1643 686 ‘
1659 663 1839 731 largiri
1887 660 2069 713 volunt
2176 655 2389 713 Turbati
2423 671 2556 725 sunt,
2599 661 2787 730 inquit,
2820 660 2920 714 hoc
2948 669 3053 727 est,
3083 655 3291 716 attoniti
3338 659 3574 735 (uerunt,
3614 673 3775 731 atque

501 767 737 822 amnium
765 763 1002 818 omnium
1054 755 1388 814 salutem."Si
1437 755 1554 824 quis
1589 762 1676 809 est
1716 754 1808 806 tibi
1832 793 1849 813 ,
1881 750 2067 818 inquit,

493 857 560 910 .in
614 857 829 909 civitate
857 894 872 918 ,
925 855 968 904 si
1008 864 1164 920 quem
1203 862 1418 903 servare
1466 846 1636 913 cupis.
1687 844 1731 897 si
1766 857 1922 912 quem
1967 843 2072 894 scis

501 947 571 1000 ab
601 935 1518 1003 istorum'crimine~a|ienum,-Educ
1565 949 1628 987 ea:
1662 933 1775 985 'hoc
1825 931 1934 984 ιοιο
1960 956 1998 995 ,-
2021 938 2074 982 ει

492 1035 571 1089 de
625 1045 801 1096 tera;
865 1044 1054 1084 omnes
1090 1022 1213 1098 qui
1241 1026 1333 1081 tibi
1368 1024 1552 1093 juncti
1587 1030 1730 1076 sunt
1765 1019 1912 1075 educ
1940 1019 2072 1074 :15.

490 1122 775 1178 Perdimtts
819 1120 956 1173 enim
1002 1118 1303 1172 uostlocum
1350 1115 1519 1167 hunc:
1536 1112 1740 1176 Deinde
1765 1119 1829 1164 et
1860 1124 2075 1162 causam

495 1212 1018 1282 fileruntpjnstum
1071 1208 1248 1266 canitie
1288 1207 1580 1275 diligenter
1605 1205 1883 1258 docentes.
1945 1202 2078 1268 Quia

501 1304 752 1359 excitatus
825 1311 920 1367 est,
997 1301 1196 1369 inquit,
1240 1297 1434 1351 etamor
1477 1311 1651 1349 eorum
1695 1309 1865 1359 coram
1891 1291 2081 1346 Domi-

501 1411 608 1458 no,
665 1404 712 1446 et
749 1393 881 1446 misit
916 1407 1038 1446 nos,
1348 1397 1405 1441 ut
1446 1398 1778 1441 extereremus
1819 1400 1923 1438 eos.
1970 1383 2082 1438 Hoc

501 1494 621 1540 erat
655 1484 798 1554 quod
857 1483 1133 1539 dicebatur
1172 1480 1488 1554 patriarchae
1543 1477 1772 1533 Abrahae
1821 1494 1834 1530 :
1880 1477 2083 1531 Clamor

506 1574 848 1630 Sodomorum
889 1582 936 1627 et
977 1570 1276 1626 Gomorrlue
1309 1568 1674 1638 multiplicatus
1697 1576 1769 1621 est
1801 1566 1942 1634 apud
1982 1578 2078 1619 nte.

508 1665 781 1720 Eultatus
821 1673 914 1724 est,
963 1661 1156 1732 inquit,
1213 1660 1407 1715 clamor
1433 1675 1607 1714 eorum
1650 1673 1822 1712 coram
1866 1655 2084 1710 Domino

507 1753 659 1824 (Gen.
691 1755 778 1812 18.
808 1753 923 1825 ΞΘ).

500 1839 507 1844 ’
566 1849 633 1916 ,8.
660 1847 891 1905 Grandis
920 1843 1290 1917 *pervcrsitatis
1327 1855 1512 1900 eorum
1542 1841 1870 1912 magnitudo,
1905 1848 1970 1895 et
1997 1839 2083 1895 id-

508 1937 674 2007 circo,
703 1938 826 2008 quia
854 1936 1158 1992 lncurabilis
1185 1936 1421 2008 morbus.
1451 1943 1507 1989 et
1535 1935 1726 1989 vulnus
1746 1932 1859 1987 hoc
1889 1930 2087 1985 nullam

499 2039 694 2098 curam
713 2028 930 2096 recipit,
945 2026 1095 2081 misit
1119 2038 1219 2079 nos
1235 2025 1487 2079 Dominus
1505 2032 1559 2076 ut
1581 2031 1944 2076 extereremus
1971 2034 2085 2074 eos.

509 2117 580 2174 Et
605 2116 708 2173 hoc
733 2114 978 2186 estquod
999 2116 1210 2172 dicebat
1235 2114 1397 2170 David
1422 2131 1435 2167 :
1456 2114 1567 2181 'Qui
1595 2114 1717 2184 facit
1741 2113 1948 2182 angelos
1972 2127 2089 2165 suos

511 2209 740 2279 spiritus,
781 2217 827 2262 et
852 2208 1106 2262 ministros
1143 2221 1267 2262 suos
1287 2206 1547 2276 ﬂammam
1574 2204 1706 2274 ignis
1741 2203 1760 2273 (
1787 2200 1933 2256 Psal.
1965 2202 2088 2256 105.

511 2297 597 2367 εὖ).
623 2297 779 2365 Quia,
809 2297 996 2366 inquit,
1027 2296 1339 2352 advenimus
1365 2294 1430 2351 ad
1459 2294 1595 2348 hanc
1617 2292 1885 2363 regionem
1909 2291 2094 2347 delen-

511 2390 638 2445 dam
688 2391 945 2459 (propter
988 2388 1242 2442 malitiam
1289 2385 1430 2441 enim
1479 2383 1883 2440 inhabitantium
1932 2384 2094 2438 etiam

515 2490 656 2536 terra
685 2487 894 2550 pmuam
919 2476 1483 2550 accipiet),'egredere
1508 2485 1564 2530 tu
1583 2462 1740 2530 'binc.
1769 2473 1895 2529 Haec
1919 2481 1977 2528 ut
2001 2488 2095 2528 au-

516 2569 653 2626 divit
671 2562 866 2640 justus,
888 2579 943 2624 et
961 2570 1144 2624 didicit
1167 2583 1380 2624 causam
1408 2560 1623 2638 propter
1647 2581 1804 2637 quam
1835 2565 2097 2620 aﬂuerunt

515 2661 617 2716 viri
647 2661 878 2730 quidem,
911 2669 969 2716 ut
1008 2660 1355 2729 apparebant,
1390 2657 1570 2729 angeli
1609 2667 1787 2713 autem
1817 2671 2004 2712 revera
2043 2663 2098 2710 et

516 2750 744 2806 ministri
765 2751 858 2806 Dei
882 2751 1137 2814 omnium,
1166 2750 1254 2806 ﬂ.
1277 2748 1528 2822 Egressus
1552 2747 1906 2815 Lottoquutus
1928 2754 2098 2818 estge-

517 2849 650 2896 neris
675 2841 799 2907 suis,
823 2842 911 2907 qui
933 2849 1228 2910 acceperant
1250 2841 1385 2910 ﬁlius
1413 2857 1541 2911 ejus.
1570 2840 1723 2909 Atqui
1749 2853 1913 2908 supra
1941 2837 2094 2894 dice-

515 2932 611 2989 bat
649 2932 824 3003 impiis
869 2933 993 3001 illis,
1033 2934 1165 2988 Ecce
1198 2934 1324 2988 duas
1359 2933 1494 3004 ﬁlias
1525 2931 1701 2998 habeo,
1722 2947 1838 3001 qua
1875 2930 2099 2985 nondum

523 3034 860 3095 cognoverunt
888 3028 1018 3081 uiros
1041 3040 1061 3081 :
1084 3027 1353 3096 quomodo
1394 3027 1552 3096 igitur
1577 3025 1664 3081 hic
1699 3025 1845 3088 dicit,
1893 3022 2100 3078 Generis

514 3116 644 3181 suis,
666 3116 750 3185 qui
777 3127 1068 3187 acceperant
1088 3118 1222 3186 ﬁlias
1247 3117 1393 3187 ejus?
1415 3116 1494 3171 Ne
1517 3125 1671 3185 putes
1686 3115 1957 3179 contraria
1981 3129 2101 3170 esse

519 3206 639 3260 haec
670 3205 795 3270 illis,
826 3221 945 3276 quae
971 3209 1214 3276 superius
1241 3223 1272 3262 a
1305 3207 1451 3277 justo
1478 3213 1605 3261 sunt
1627 3205 1788 3260 dicta.
1820 3205 1933 3260 Mos
1957 3205 2098 3260 enim

512 3297 612 3354 ille
640 3289 904 3353 veteribus
924 3308 1060 3363 erat,
1089 3309 1214 3354 ante
1236 3299 1460 3354 multum
1490 3306 1700 3369 tempus
1723 3297 1988 3368 sponsalia
2019 3297 2099 3351 la-

518 3399 679 3446 cere:
708 3404 850 3460 saepe
879 3389 1005 3445 item
1031 3401 1089 3444 et—
1106 3391 1413 3447 cohabitare
1440 3390 1774 3461 desponsatis
1792 3431 1808 3456 ,
1847 3399 1903 3446 et
1941 3389 2100 3445 simul

517 3493 642 3535 cum
686 3480 994 3549 parentibus
1029 3481 1270 3537 versari:
1299 3481 1351 3537 id
1388 3481 1532 3552 quod
1571 3491 1626 3538 et
1655 3495 1796 3537 nunc
1835 3480 2017 3536 multis
2045 3480 2099 3534 in

513 3566 660 3642 locis
702 3567 818 3644 ﬁeri
865 3562 1023 3650 solet.
1067 3569 1220 3652 Quia.
1239 3570 1398 3641 igitur
1418 3572 1530 3640 jam
1577 3571 1920 3648 desponsatio
1960 3569 2099 3625 tacta
2117 3560 2140 3586 ⁴

516 3665 656 3724 erat,
690 3656 818 3713 ideo
844 3667 1120 3714 vocat‘eos
1135 3656 1634 3729 generos‘et'd'icit,
1664 3659 1766 3726 Qui
1805 3667 2099 3730 acceperant

515 3747 658 3816 ﬁlias
682 3742 814 3818 ejus,
847 3749 1119 3818 proposito
1143 3749 1388 3806 videlicet
1413 3763 1478 3805 ac
1504 3758 1689 3806 mutuo
1712 3765 1998 3806 consensu.
2029 3748 2102 3805 Et

509 3833 646 3889 dicit
670 3851 690 3890 :
714 3836 943 3908 Surgite,
964 3847 1011 3892 et
1040 3841 1169 3894 aito
1189 3841 1252 3893 de
1278 3840 1372 3894 hoc
1399 3842 1510 3895 loco
1532 3858 1552 3896 :
1576 3842 1697 3911 quia
1715 3842 1895 3897 estet-it
1918 3841 2102 3915 Domi-

928 3927 1100 3984 ‘J‘isus
1121 3937 1193 3984 est
1215 3940 1383 3985 autem
1409 3930 1797 4003 ﬁdicula‘ioqnt
1811 3949 1982 3988 carent
2008 3949 2099 4005 ge—

522 4015 660 4069 neris
685 4017 810 4070 suis.
849 4018 978 4074 Vide
1003 4020 1271 4087 quomodo
1297 4036 1330 4077 e
1356 4021 1618 4075 malo-illo
1645 4020 1909 4077 fermento
1948 4033 2102 4079 erant

525 4115 581 4160 et
611 4105 716 4159 isti.
747 4107 811 4162 Et
837 4119 1119 4176 propterea
1141 4111 1328 4165 volens
1353 4110 1492 4167 Deus
1517 4110 1890 4167 cito'iiberare:
1897 4112 2101 4183 justum

524 4194 596 4249 ab
622 4193 831 4251 illorum
850 4197 1130 4266 afﬁnitate,
1160 4187 1265 4255 non
1292 4201 1534 4270 permisit
1553 4210 1610 4256 ut
1633 4203 2104 4258 cornmisoerentur

525 4298 648 4340 cum
675 4285 881 4342 ﬁliabus
901 4288 1029 4358 justi
1053 4306 1069 4343 :
1091 4281 1190 4346 sed
1209 4307 1328 4346 cum
1365 4293 1540 4361 impiis
1565 4293 1726 4348 etiam
1763 4293 1884 4349 illos
1919 4293 2102 4366 perdi-

524 4375 624 4442 dit,
655 4388 716 4433 ut
749 4393 997 4450 egressus
1018 4381 1194 4451 justus
1234 4398 1353 4437 cum
1385 4383 1591 4439 ﬁliabus
1624 4384 2104 4454 effugeret-eorum

518 4469 918 4536 cogitationem.
960 4469 1140 4542 Itaque
1175 4487 1295 4528 cum
1325 4473 1568 4528 audirent
1594 4488 1626 4528 a
1660 4474 1804 4543 justo
1825 4475 2106 4532 terribiles

527 4554 649 4610 illas
671 4557 865 4624 minus,
892 4560 1492 4628 quasi-subsannabant,
1518 4563 1857 4632 et‘putabant
1899 4564 2102 4620 delira-

529 4652 708 4699 ntes-ta
731 4659 851 4702 esse
875 4664 992 4714 qua:
1011 4648 1341 4705 dicebantur.
1374 4651 1746 4708 Verumtamen
1764 4653 1940 4724 justus
1961 4655 2104 4726 quod

528 4749 686 4792 sum
709 4745 828 4792 erat
846 4738 1086 4808 faciebat,
1114 4752 1168 4797 et
1190 4742 1311 4812 quia
1335 4745 1500 4798 semel
1529 4744 1633 4798 illis
1661 4744 1794 4799 ﬁlias
1814 4745 2106 4816 desponsa-

529 4834 633 4891 τοι,
661 4828 828 4883 voluit
845 4832 1058 4898 eripere
1082 4847 1175 4887 eos
1207 4848 1236 4886 a
1259 4834 1520 4902 supplicio
1549 4853 1563 4890 :
1596 4843 1651 4890 at
1679 4835 1754 4890 illi
1785 4836 2062 4894 noluerunt
2085 4881 2103 4907 ,

525 4919 626 4975 aed
655 4922 706 4976 in
733 4924 969 4979 moribus
993 4927 1103 4978 suis
1139 4936 1472 4994 manserunt,
1499 4930 1773 5000 ct-reipsa
1812 4930 2108 4990 didicerunt

529 5023 591 5064 se
635 5026 827 5081 inagno
863 5029 959 5068 suo
999 5015 1194 5070 damno
1229 5018 1507 5074 consilium
1543 5019 1674 5090 justi
1718 5022 1984 5093 rejecisse.
2019 5025 2106 5080 i5.

535 5099 641 5155 libi
661 5113 846 5168 autem,
879 5106 1066 5173 inquit,
1089 5123 1237 5160 mane
1260 5108 1447 5177 factum
1475 5119 1567 5176 est,
1607 5113 1833 5168 studiose
1856 5115 2110 5170 adhortati

529 5200 651 5248 sunt
669 5193 836 5262 angeli
861 5191 955 5246 Lot
973 5235 986 5256 ,
1014 5195 1234 5252 dicentes
1261 5213 1281 5252 :
1305 5196 1487 5269 Surge,
1513 5201 1687 5271 accipe
1711 5219 1918 5258 uxorem
1944 5214 2102 5272 tuam,

530 5291 579 5335 et
603 5281 742 5349 ﬁlias,
763 5283 909 5350 duas,
940 5301 1064 5353 quas
1089 5287 1261 5352 habes,
1283 5299 1331 5343 et
1355 5292 1453 5356 exi,
1480 5300 1536 5345 ut
1558 5307 1622 5346 ne
1643 5303 1691 5348 et
1718 5303 1772 5347 tu
1791 5310 1902 5349 cum
1923 5297 2109 5368 iniqui-

531 5372 715 5427 tatibus
737 5376 949 5429 civitatis
985 5393 1179 5462 pergas.
1208 5378 1295 5434 i6.
1327 5379 1396 5434 Et
1437 5383 1622 5436 turbati
1660 5394 1794 5439 sunt.
1817 5384 1894 5440 Ne
1934 5387 2107 5454 diﬂer,

519 5463 701 5532 inquit
723 5480 738 5517 :
757 5464 865 5532 jam
881 5465 1023 5520 enim
1047 5467 1151 5522 illis
1166 5470 1426 5538 pernicies
1448 5471 1727 5543 inﬂigenda
1745 5483 1828 5530 est
1847 5493 1861 5531 :
1885 5476 2110 5546 teipsnm

535 5553 693 5623 igitur
729 5563 785 5609 et
811 5571 1033 5612 uxorem
1078 5568 1132 5613 et
1159 5559 1294 5614 ﬁlias
1320 5576 1494 5617 serva.
1522 5562 1599 5618 [lli
1637 5565 1782 5630 enim
1808 5567 1896 5635 qui
1925 5567 2111 5623 nolue-

535 5653 662 5699 runt
683 5646 1028 5730 admonitioni
1058 5657 1161 5706 tua;
1188 5665 1398 5721 parere,
1434 5668 1539 5709 non
1565 5654 1721 5726 longe
1744 5664 1865 5725 post
1890 5658 2108 5726 partici-

531 5742 1108 5816 peseruntcommunis
1135 5733 1402 5805 interitus.
1423 5744 1499 5803 Ne
1514 5746 1670 5821 igitur
1682 5746 1859 5821 ditl'er,
1877 5760 1934 5806 ut
1959 5759 2026 5808 ne
2051 5762 2104 5811 et

2145 750 2234 804 in
2281 752 2499 807 nimium
2555 768 2803 821 pavorem
2855 753 3193 820 inciderunt,
3243 763 3560 826 et-propter
3601 756 3774 810 minus

2181 842 2521 898 anxii"fuere.
2567 843 2633 896 Et
2661 842 2782 898 ideo
2809 843 3007 913 Ang‘eli,
3038 859 3223 899 cunrm
3245 855 3465 914 agentes
3498 843 3652 915 justi,
3680 861 3775 914 ap-

2185 933 2572 1004 prehenderunt,
2593 933 2785 1001 inquit,
2811 949 3016 986 manum
3041 933 3313 1004 ejusflum
3341 950 3445 988 non
3469 945 3527 988 ut
3549 932 3618 988 'de
3643 932 3774 986 viris

2186 1025 2419 1093 loquitur
2448 1024 2522 1078 de
2547 1025 2624 1078 eis
2650 1023 2925 1094 Scriptura
2947 1024 3156 1088 ‘divina,
3182 1025 3276 1080 sed
3306 1027 3431 1095 quia
3463 1027 3667 1096 plagam
3699 1026 3777 1079 in-

2184 1112 2376 1166 ﬂicturi
2396 1122 2567 1178 erant,
2591 1114 2810 1184 angelos
2827 1129 2928 1169 eos
2945 1115 3196 1168 nominat
3215 1113 3447 1169 et'dicit:
3479 1116 3780 1186 Apprehen-

2185 1204 2360 1257 derunt
2378 1221 2582 1257 manum
2600 1207 2728 1274 ejus,
2747 1213 2793 1257 et
2807 1220 3011 1258 manum
3027 1207 3200 1260 tta-oris
3210 1206 3344 1273 ejus,
3362 1215 3408 1259 et
3429 1222 3638 1261 manum.
3657 1205 3785 1264 ﬁlia-

2184 1311 2297 1347 rum
2309 1296 2501 1364 βίω,εο
2515 1295 2650 1364 quod
2662 1295 2945 1364 parceretei
2963 1294 3505 1350 DominusJ‘iduéiam
3519 1295 3785 1350 addebant

2186 1383 2522 1437 eismanuum
2536 1392 2782 1437 contactu
2794 1393 2850 1437 et
2861 1383 3441 1440 roboraverunteorum
3455 1385 3711 1449 animum,
3727 1392 3784 1438 ut

2186 1490 2256 1528 ne
2293 1475 2452 1528 timur
2475 1489 2658 1528 eorum
2685 1474 3000 1528 dissolveret
3032 1475 3229 1538 robur;
3259 1485 3540 1543 propterea
3567 1475 3782 1543 adjecit,

2186 1563 2270 1618 Eo
2285 1564 2424 1634 quod-
2435 1573 2664 1634 parceret
2691 1565 2736 1617 ei
2753 1562 3020 1616 Dominus.
3051 1563 3183 1628 Quia
3199 1565 3339 1617 enim
3363 1565 3630 1628 Dominus,
3639 1563 3784 1632 judi-

2186 1655 2329 1709 cavit
2353 1668 2478 1707 eum
2502 1654 2685 1707 salute
2709 1653 2952 1722 dignum,
2996 1653 3196 1706 idcirco
3219 1662 3273 1706 et
3316 1653 3489 1722 angeli
3536 1654 3781 1708 volentes

2190 1759 2376 1800 eorum
2406 1745 2644 1799 animum
2673 1745 2962 1808 'roborat'e,
2995 1758 3211 1796 manum
3241 1757 3428 1796 eorum
3477 1742 3781 1811 apprehen-

2187 1836 2342 1902 dunt,
2377 1835 2465 1889 17.
2500 1834 2563 1888 Et
2591 1835 2856 1889 e’ducentes
2877 1850 2962 1888 eos
2985 1835 3145 1905 foras,
3172 1835 3410 1888 dixerunt
3434 1849 3454 1888 :
3482 1833 3640 1888 Salva
3659 1833 3777 1887 atii-

2188 1942 2328 1978 usam
2354 1936 2534 1978 tuam:
2559 1941 2623 1977 ne
2637 1925 2883 1994 respicias
2909 1935 3020 1994 post
3047 1935 3242 1995 tergum
3276 1942 3290 1977 :
3320 1939 3383 1977 ue
3408 1933 3506 1978 stes
3544 1924 3597 1976 in
3643 1921 3784 1976 omni

2192 2016 2305 2070 loco
2326 2031 2416 2086 per
2441 2016 2707 2068 circuitum
2739 2032 2759 2069 :
2793 2016 2848 2069 in
2875 2025 3091 2069 montem
3121 2016 3317 2069 salvum
3347 2027 3394 2068 te
3406 2017 3530 2085 “fac,
3559 2029 3623 2068 ne
3653 2013 3788 2082 [om

2193 2105 2345 2161 sintut
2361 2107 2657 2178 abripiat-is.
2685 2105 3341 2173 Quoniamliberamusne
3370 2105 3437 2160 ab
3461 2104 3638 2174 impiis
3652 2103 3784 2171 illis,

2193 2199 2386 2270 inquit,
2423 2214 2490 2256 ne
2533 2199 2670 2254 ultra
2697 2199 3095 2269 circumspicias
3136 2207 3262 2270 post
3286 2206 3532 2266 'tergum,
3565 2210 3632 2251 ne
3657 2194 3790 2250 velis

2194 2293 2379 2349 videre
2405 2309 2526 2365 quae
2563 2293 2668 2348 illis
2696 2300 2953 2348 eventura
2991 2298 3134 2354 sunt,
3157 2288 3256 2344 sed
3300 2288 3490 2343 festina
3511 2296 3572 2342 et
3606 2286 3791 2357 procul

2197 2397 2375 2454 perge,
2409 2391 2466 2437 ut
2485 2381 2716 2453 eﬂ'ugere
2743 2394 2912 2451 queas
2929 2378 3244 2450 poenam-eis
3267 2373 3791 2446 inﬂigendant.'Esin

2193 2473 2369 2544 justus
2398 2474 2609 2534 timens,
2636 2487 2703 2526 ne
2733 2470 2879 2534 forte
2906 2485 3012 2524 non
3042 2476 3225 2537 posset
3253 2467 3586 2536 designatum
3617 2464 3685 2519 ab
3710 2464 3792 2519 eis

2199 2566 2376 2621 locum
2402 2562 2648 2633 assequi,
2679 2569 2735 2616 et
2761 2561 2811 2614 in
2841 2569 3080 2615 montem
3107 2558 3405 2628 pervenire,
3449 2556 3621 2627 inquit
3650 2554 3790 2610 :18.

2203 2653 2329 2720 Oro,
2353 2653 2590 2717 Domine,
2621 2651 2709 2707 l9.
2736 2651 2855 2722 quia
2881 2651 3066 2704 invenit
3096 2665 3223 2719 puer
3249 2657 3367 2701 tuus
3394 2644 3793 2702 misericordiam

2195 2761 2372 2800 coram
2411 2753 2477 2811 te,
2523 2754 2570 2798 et
2599 2731 2938 2813 magniﬁcasti
2969 2741 3226 2812 justitiam
3267 2750 3425 2805 tuam,
3466 2754 3619 2809 quam
3664 2736 3793 2807 facis

2199 2854 2412 2903 mecum,
2441 2847 2496 2890 ut
2521 2837 2653 2890 uiuat
2675 2835 2847 2888 anima
2873 2849 2985 2888 mea
3006 2848 3025 2887 :
3053 2849 3145 2903 ego
3167 2841 3336 2886 autent
3363 2847 3462 2885 non
3491 2841 3662 2901 potero
3685 2829 3796 2884 sal-

2200 2929 2308 2982 uari
2330 2928 2382 2980 in
2405 2937 2592 2992 monte,
2615 2923 3180 2994 ne'apprehendant-nte
3206 2922 3363 2983 ntata,
3393 2933 3439 2975 et
3462 2922 3669 2976 moriar.
3698 2919 3794 2976 20.

2199 3017 2340 3073 Ecce
2360 3017 2535 3071 ciuitas
2551 3016 2656 3072 ista
2684 3031 2861 3087 prope,
2890 3016 2959 3070 ad
2986 3031 3139 3086 quam
3165 3014 3461 3088 confugiam
3490 3029 3604 3084 ego,
3637 3027 3795 3082 parua

2195 3120 2274 3165 est
2305 3111 2320 3142 ⁸
2344 3126 2359 3176 ;
2383 3109 2453 3164 ibi
2479 3106 2745 3174 seruabar,
2765 3118 2811 3162 et
2828 3107 3157 3161 uiuet-anima
3183 3123 3296 3159 mea
3328 3116 3534 3176 propter
3564 3115 3630 3158 te.
3658 3103 3792 3171 Quia

2201 3203 2368 3266 enim,
2413 3200 2606 3270 inquit,
2647 3199 2814 3270 semel
2857 3198 3170 3254 decrevistis
3213 3197 3442 3251 salutem
3484 3195 3634 3250 mihi
3663 3209 3796 3250 con-

2201 3293 2366 3356 ferre.
2410 3286 2702 3348 ascendere
2727 3299 2909 3345 autem
2943 3291 3000 3344 in
3037 3289 3236 3344 montis
3259 3290 3545 3350 verticem,
3563 3287 3629 3358 zid
3656 3289 3798 3346 vires

2198 3399 2349 3440 meas
2383 3391 2622 3453 superat,
2653 3379 3430 3451 ampliorem-miscricordiam
3471 3377 3603 3432 mihi
3647 3377 3799 3434 exhi-

2202 3476 2344 3542 bete,
2383 3483 2442 3531 et
2469 3474 2703 3531 laborem
2731 3487 2908 3529 meum
2937 3470 3439 3528 leviorem'reddite.
3478 3469 3556 3525 Ne
3584 3469 3799 3541 quando

2205 3569 2366 3642 igitur
2387 3565 2758 3638 apprehendar
2779 3580 2812 3620 a
2841 3556 3001 3636 pana
3020 3579 3141 3636 quae
3167 3561 3420 3634 inﬂigitur
3445 3563 3569 3631 illis,
3595 3574 3650 3618 et
3677 3577 3794 3632 par-

2205 3661 2374 3728 ticeps
2409 3657 2538 3713 ﬁam
2560 3657 2808 3714 interitus
2833 3671 3040 3720 eorum,
3084 3655 3354 3711 civitatem
3385 3655 3525 3710 hanc
3563 3656 3795 3711 vicinam

2202 3759 2259 3807 et
2277 3765 2496 3820 parvam
2517 3737 2794 3820 segregate
2810 3745 2969 3803 mihi.
2989 3745 3122 3801 Nam
3145 3745 3269 3800 licet
3296 3745 3416 3801 vilis
3442 3745 3508 3801 sit
3531 3754 3586 3801 et
3612 3759 3794 3816 parva.

2203 3841 2587 3898 attamen'illic
2612 3849 2876 3903 servatus,
2917 3852 3108 3894 secure
3133 3847 3335 3908 postea
3385 3851 3546 3907 agere
3587 3846 3798 3907 potero.

2199 3934 2292 3988 2|.
2325 3932 2392 3987 Et
2416 3931 2545 3986 dixit
2567 3931 2657 4004 si:
2684 3928 2818 3985 Era
2841 3929 3126 3983 “ratus
3151 3944 3264 3983 sunt
3289 3938 3429 3981 tuam
3454 3927 3636 3998 faciem
3665 3937 3710 3981 et
3739 3927 3794 3983 in

2196 4025 2350 4080 uerbo
2373 4025 2576 4091 noenu
2595 4039 2664 4078 ne
2681 4023 2962 4078 subsertam
2981 4022 3228 4076 civitatem
3253 4021 3318 4075 de
3337 4037 3435 4091 qua
3457 4021 3692 4091 loquutus
3719 4035 3794 4077 α.

2206 4116 2546 4186 Accepi-tuas
2592 4125 2805 4184 preces,
2849 4098 3040 4183 inquit,
3074 4121 3130 4168 et
3175 4111 3276 4167 hoc
3318 4110 3527 4175 faciam,
3555 4125 3619 4166 ac
3653 4110 3795 4181 quod

2206 4202 2384 4277 petisti
2423 4203 2680 4267 conectit).
2712 4208 3113 4274 propterque-tte
3141 4202 3308 4256 etiam
3331 4199 3529 4256 civitati
3559 4215 3795 4270 parcam.

2203 4298 2294 4354 22.
2324 4296 2532 4374 Festina
2555 4295 2731 4368 igitur,
2763 4303 2810 4349 et
2837 4295 3242 4364 occupatam,
3273 4308 3334 4346 ac
3359 4293 3593 4368 saltare:
3623 4307 3796 4362 neque

2207 4391 2350 4446 enim
2381 4389 2572 4444 iaciam
2597 4385 2819 4456 aliquid,
2851 4383 3024 4440 donec
3053 4383 3179 4439 illuc
3191 4381 3410 4438 ‘venias.
3439 4381 3559 4436 Non
3587 4391 3795 4452 potero,

2209 4481 2397 4552 inquit,
2422 4485 2586 4552 facere
2600 4477 2896 4550 quidquam,
2919 4485 3188 4546 antequam
3205 4483 3258 4528 tu
3277 4474 3402 4528 illuc
3419 4471 3721 4544 ingrediaris
3733 4473 3757 4506 '
3777 4489 3795 4539 ;

2208 4572 2328 4642 quia
2357 4583 2537 4626 curam
2566 4583 2666 4639 ago
2699 4577 2811 4622 tua:
2839 4566 3056 4631 salutis,
3100 4564 3419 4635 exspectabo
3461 4564 3630 4618 donec
3671 4562 3799 4621 illus

2204 4656 2389 4729 abeas},
2439 4669 2494 4738 et
2535 4670 2664 4715 tunc
2705 4658 2785 4714 eis
2828 4655 3061 4727 indigam
3109 4670 3344 4725 pinnam.
3376 4654 3468 4709 25.
3502 4653 3597 4709 Sol
3643 4654 3800 4723 igitur

2210 4771 2435 4826 egressus
2458 4763 2529 4809 est
2549 4767 2702 4820 super
2717 4761 2924 4815 terram,
2947 4746 3104 4803 αισι
3123 4749 3324 4802 intravit
3351 4748 3405 4800 in
3431 4746 3615 4817 Segor.
3644 4745 3798 4803 Circa

2206 4847 2340 4902 solis
2363 4856 2562 4910 ortum,
2587 4843 2776 4913 inquit,
2804 4842 3028 4898 venitin
3057 4841 3323 4896 civitatem
3349 4855 3364 4904 ;
3396 4849 3450 4895 et
3471 4839 3649 4894 statim
3672 4853 3798 4896 cura

2211 4938 2325 5007 ipse
2349 4945 2489 4991 esset
2518 4935 2654 4989 intra
2685 4934 2974 4997 civitatem,
3014 4930 3090 4986 illi
3116 4931 3379 5004 supplicio
3407 4915 3798 4998 plectebantur.

2210 5027 2302 5082 24.
2333 5026 2474 5080 Pluit
2499 5025 2657 5088 enim,
2685 5023 2874 5093 inquit,
2906 5021 3156 5076 Dominus
3185 5016 3336 5091 super
3362 5020 3590 5076 Sodoma
3617 5031 3666 5075 et
3697 5019 3801 5076 Go-

2211 5119 2418 5174 morrha
2454 5114 2669 5184 sulphur
2695 5124 2746 5170 et
2786 5115 2956 5186 ignem
2996 5129 3029 5167 α
3067 5111 3290 5166 Domino
3321 5112 3386 5165 de
3418 5109 3544 5166 calo
3568 5127 3586 5166 :
3613 5111 3704 5168 25.
3749 5120 3801 5167 et

2211 5211 2447 5268 subvertit
2469 5211 2689 5264 ciuitates
2711 5207 2849 5271 ἔτισε,
2872 5217 2919 5260 et
2936 5204 3182 5276 quidquid
3201 5205 3335 5258 circa
3354 5220 3439 5259 eas
3457 5205 3794 5268 habitabatur,

2215 5315 2260 5360 et
2281 5319 2451 5358 omnes
2490 5301 2575 5371 qui
2616 5293 2910 5354 habitabant
2951 5297 3005 5351 in
3042 5294 3346 5361 ciuitatibus,
3390 5303 3439 5349 et
3484 5310 3631 5348 omne
3665 5295 3801 5364 quod

2209 5394 2528 5450 (moriebatur
2552 5391 2616 5446 de
2638 5399 2793 5445 terra.
2821 5387 2899 5444 Ne
2924 5387 2996 5443 ob
3020 5387 3164 5442 hunc
3191 5385 3443 5456 loquendi
3473 5383 3688 5440 modum
3705 5385 3801 5440 ad-

2209 5485 2495 5541 miratione
2519 5481 2768 5546 tenearis,
2797 5479 3024 5540 dilecte:
3057 5478 3355 5548 proprietas
3379 5476 3520 5532 enim
3547 5487 3628 5532 est
3656 5477 3803 5532 Scri-

2276 5584 2297 5671 ;
2329 5576 3272 5706 ﬁgigﬁruﬂféammmeﬁé
3288 5627 3797 5706 :q'estina‘ptioisal-

2213 5713 2358 5772 ueris,
2381 5712 2474 5751 non
2495 5690 2622 5750 enim
2643 5703 2807 5760 potero
2827 5694 2991 5759 facere
3013 5692 3278 5771 quidquam
3313 5694 3465 5744 donec
3488 5690 3605 5743 illuc
3626 5703 3798 5754 perua-

2213 5775 2363 5814 nens.
