4060 6420
223 376 332 436 403

222 500 414 560 plura,
441 502 560 557 qua:
585 483 1050 542 indiﬂ‘erentersic
1066 496 1208 553 saepe
1227 482 1381 553 ponit
1399 481 1560 538 verba
1581 499 1594 535 :
1617 481 1667 536 id
1688 480 1829 551 quod

220 589 278 635 et
303 591 446 632 nunc
471 575 654 632 videre
678 576 821 632 licet.
857 573 1004 629 Pluit
1028 574 1192 640 enim,
1220 573 1412 644 inquit,
1440 572 1691 626 Dominus
1719 569 1844 624 sul--

223 671 358 739 pitur
397 678 444 723 et
470 668 638 739 ignem
679 683 713 720 α
739 665 962 722 Domino
987 665 1052 718 de
1073 661 1201 720 cale
1221 679 1241 718 :
1267 672 1326 717 ut
1350 663 1514 728 dicat,
1547 660 1834 716 Dominum

224 777 440 833 pcunatn
463 761 737 817 induxisse
759 775 774 811 :
802 768 860 814 et
888 773 996 814 non
1014 758 1189 814 solum
1211 756 1459 812 civitates
1478 753 1831 817 subvertisse,

221 868 552 924 omnemque
589 850 733 907 circa
771 851 1159 921 regionem,_et
1197 863 1388 903 omnes
1432 844 1830 909 inhabitantes,

222 945 324 1004 sed
349 947 512 1002 etiam
537 959 659 1014 qua:
679 943 1062 1000 exoriebantur
1082 941 1158 998 de
1175 950 1320 997 terra
1344 939 1669 997 abolevisse.
1699 937 1849 1006 Quia.

220 1039 369 1095 enim
392 1036 658 1100 homines,
684 1035 777 1108 qui
797 1050 920 1091 eam
951 1032 1339 1098 inhabitabant,
1365 1032 1564 1087 multos
1590 1030 1844 1100 impieta-

224 1131 299 1184 tis
343 1117 549 1184 lrneius
598 1127 973 1198 protulerunt:
1023 1123 1246 1188 ideirco,
1292 1121 1487 1193 inquit,
1519 1129 1578 1178 et
1618 1119 1838 1176 inutiles

226 1219 448 1274 fructus
481 1227 642 1275 terrae
668 1215 828 1282 iacio,
859 1225 921 1272 ut
957 1224 1013 1270 et
1038 1215 1144 1272 illis
1171 1214 1386 1270 abolitis
1415 1221 1730 1285 perpetuum
1766 1211 1836 1268 sit

226 1309 622 1366 monimentum
648 1307 1007 1378 sequentibus
1028 1305 1466 1378 generationibus
1492 1322 1507 1360 :
1553 1312 1700 1360 terra
1715 1327 1726 1334 ~-
1743 1315 1842 1372 per

228 1415 388 1458 suam
410 1401 960 1458 eterilitatemomnes
983 1397 1236 1463 ducente,
1263 1404 1475 1469 quanta
1493 1396 1656 1452 fuerit
1680 1393 1832 1450 inha-

231 1493 522 1550 bitantium
564 1491 792 1547 malitias
824 1491 1014 1547 Vidisti
1051 1498 1252 1562 quanta
1289 1504 1380 1546 res
1422 1488 1496 1544 sit
1539 1487 1744 1554 virtus,
1783 1493 1841 1542 et

229 1591 434 1654 quanta
461 1597 554 1639 res
579 1582 780 1639 malitia
806 1599 821 1638 :
864 1591 922 1638 et
951 1581 1225 1652 quomodo
1245 1579 1426 1651 justus
1459 1586 1704 1634 servatus
1727 1577 1801 1632 sit
1822 1618 1840 1644 ,

229 1676 326 1731 alii
349 1685 532 1731 autem
556 1675 770 1746 dignam
798 1689 893 1730 sua
921 1673 1122 1728 malitia
1150 1685 1367 1743 panem
1405 1668 1748 1741 receperint?
1773 1668 1844 1723 Et

232 1767 575 1836 sicut-justus
601 1781 697 1836 per
714 1780 871 1820 suam
895 1765 1148 1820 virtutem
1175 1771 1232 1817 et
1252 1761 1391 1817 ﬁlias
1415 1759 1642 1816 salvavit
1681 1769 1732 1814 et
1766 1758 1848 1813 ci-

234 1858 418 1913 vitatis
457 1855 606 1913 illius
633 1856 1054 1912 subversionem
1071 1853 1382 1924 prohibuit:
1414 1852 1487 1907 Ita
1527 1859 1582 1906 et
1611 1849 1685 1905 illi
1714 1864 1842 1921 pro-

232 1960 359 2020 pter
397 1949 666 2020 ingentem
695 1962 850 2003 suam
877 1946 1136 2001 malitiam
1166 1959 1274 2000 non
1313 1944 1490 2000 solum
1525 1941 1626 2012 ipsi
1667 1939 1843 2012 perie-

233 2051 369 2098 runt
393 2051 452 2098 et
471 2040 635 2097 deleti
661 2050 806 2106 sunt,
851 2038 1026 2096 sedet
1047 2039 1343 2094 cﬂ'ecerunt
1372 2032 1570 2091 terram
1599 2033 1845 2090 inutilem

234 2135 293 2190 in
313 2133 575 2190 (utuntur.
597 2132 690 2188 26.
713 2131 783 2186 Et
805 2133 1046 2200 respuit,
1074 2130 1266 2201 inquit,
1305 2144 1440 2184 uxor
1458 2129 1570 2199 ejus
1607 2136 1720 2198 post
1743 2134 1847 2180 ter-

232 2240 382 2295 gunt,
409 2233 460 2280 et
485 2227 623 2296 facta
646 2232 720 2277 est
744 2223 983 2278 columna
1002 2221 1149 2275 salis.
1182 2219 1315 2275 Nam
1339 2219 1595 2290 quoniam
1634 2215 1847 2272 audivit

235 2314 862 2388 angelos-.prmcipientes
880 2314 1050 2384 justo,
1081 2320 1234 2368 utne
1256 2327 1318 2369 se
1345 2317 1727 2370 converterent
1753 2324 1845 2364 reo

237 2415 498 2471 trot'eutm
520 2405 616 2462 sed
641 2419 766 2462 cum
783 2419 975 2475 magna
1004 2403 1348 2460 festinatione
1375 2401 1694 2459 accederent
1716 2417 1729 2454 :
1753 2414 1851 2456 ne-

239 2496 404 2568 glexit
432 2496 615 2559 verba,
637 2506 694 2552 et
731 2504 1058 2566 praeceptum
1085 2511 1192 2551 non
1222 2493 1532 2560 custodivit,
1561 2501 1850 2564 propterea

240 2603 356 2644 sum
383 2588 719 2659 negligentia:
745 2587 894 2644 dedit
923 2601 1162 2657 partem.

314 2681 370 2736 7.
404 2679 622 2736 Horatia
672 2681 979 2735 alienatio.
1001 2709 1073 2720 —
1098 2678 1364 2736 Cmmrnm
1419 2692 1520 2733 nos
1566 2677 1852 2749 audientes

242 2773 366 2839 illa,
388 2781 587 2849 nostra:
605 2772 798 2828 saluus
825 2785 1009 2828 curam
1035 2770 1426 2842 diligentiorem
1449 2769 1764 2834 habeamus,
1795 2776 1850 2824 ct

240 2864 374 2918 vitia
409 2863 594 2918 illane
614 2862 892 2918 iitemur.
907 2875 1213 2918 caveamus.
1258 2860 1679 2930 lmitemuejusti
1702 2860 1847 2915 illius

243 2951 661 3024 hmpltalitatem
689 2952 900 3008 eralias
928 2952 1178 3019 virtutes,
1197 2961 1256 3006 ut
1279 2951 1550 3021 possimus
1577 2959 1636 3005 et
1659 2964 1852 3020 super-

243 3039 541 3097 uenirem.
555 3039 852 3110 depellere.
875 3039 1058 3111 Neque
1080 3039 1225 3094 enim
1252 3037 1510 3109 possibile
1536 3045 1642 3101 est,
1674 3045 1736 3092 ut
1758 3037 1854 3107 qui

242 3134 498 3190 virtutem
527 3131 670 3188 hanc
705 3145 903 3203 magno
942 3132 1123 3187 studio
1149 3139 1422 3198 exerceat,
1447 3143 1556 3186 non
1584 3133 1849 3200 grandem

243 3223 372 3280 Inde
407 3229 647 3294 reportet
683 3221 1022 3278 thesaurum.
1047 3220 1259 3277 Etenim
1283 3220 1415 3290 justi
1453 3218 1531 3275 illi
1562 3220 1642 3275 sic
1664 3231 1854 3290 super-

247 3329 374 3370 nam
402 3313 633 3385 gratiam
667 3311 985 3383 consequuti
1025 3319 1170 3376 sunt,
1199 3320 1308 3367 tam
1333 3309 1660 3382 patriarcha,
1689 3320 1853 3382 quam

245 3406 371 3473 Lot,
397 3415 454 3462 et
477 3405 569 3475 qui
595 3403 845 3460 homines
878 3403 1152 3475 suscipere
1174 3417 1238 3460 se
1262 3411 1607 3474 putaverunt,
1632 3419 1852 3459 merue-

245 3505 373 3552 runt
397 3494 676 3565 suscipere
697 3495 940 3564 angelos,
981 3502 1036 3549 et
1065 3493 1378 3564 angelorum
1409 3492 1715 3549 Dominum.
1743 3492 1856 3550 No-

246 3586 332 3642 bis
369 3599 583 3656 quoque
619 3591 678 3639 et
715 3597 879 3650 nunc,
919 3582 965 3638 si
1003 3582 1354 3649 voluerimus,
1393 3582 1669 3653 suscipere
1706 3580 1852 3639 licet.

248 3674 371 3745 Ipse
396 3673 541 3730 enim
564 3684 649 3730 est
685 3673 778 3744 qui
801 3672 936 3729 dixit
968 3689 985 3729 :
1020 3672 1123 3741 Qui
1148 3672 1363 3744 suscipit
1391 3689 1499 3740 vos,
1537 3690 1619 3728 nte
1640 3675 1856 3746 arripit

247 3765 466 3840 μίαν..
497 3766 588 3822 ιο.
626 3763 744 3838 ιο).
776 3765 868 3823 Sic
893 3765 1056 3837 igitur
1095 3765 1337 3837 hospites
1381 3765 1768 3837 sincipiamus,
1797 3775 1856 3824 et

247 3875 356 3914 non
382 3857 450 3914 ad
471 3865 749 3920 externam
777 3857 1038 3913 vilitatem
1066 3855 1439 3927 respiciamus.
1469 3856 1781 3924 Enimvero,
1804 3858 1856 3915 si

248 3950 344 4006 tali
381 3958 563 4007 tuente
605 3948 1023 4019 hospitalitatem
1069 3948 1231 4012 etiam
1274 3963 1376 4003 nos
1411 3951 1850 4016 exercuerimus,

247 4040 398 4113 digni
421 4041 626 4097 etim.
647 4049 706 4096 et
726 4055 827 4096 nos
849 4039 942 4110 qui
965 4039 1100 4094 tales
1122 4039 1361 4109 hospites
1379 4039 1735 4109 excipiamus,
1759 4040 1855 4110 qui

249 4131 504 4190 videntur
525 4131 743 4204 quidem
770 4131 902 4198 viri,
920 4130 1237 4201 angelorum
1264 4138 1448 4186 autem
1473 4129 1696 4187 virtutes
1723 4146 1863 4202 ope.

247 4231 478 4281 rantur:
510 4230 716 4279 tantum
751 4237 820 4277 ne
843 4222 1041 4278 curiosi
1079 4220 1452 4291 exploratores
1477 4231 1534 4277 et
1571 4223 1854 4293 inquisito-

249 4330 342 4374 res
358 4315 556 4381 ﬁmus,
573 4323 636 4369 ut
654 4330 723 4370 ne
741 4313 1050 4370 thesaurum
1070 4312 1386 4384 perdamus.
1408 4313 1856 4384 Quandoquidem

247 4417 304 4465 et
328 4408 516 4464 beatus
556 4405 756 4462 Paulus
782 4405 882 4461 hos
901 4405 1079 4476 justus
1117 4405 1440 4473 subindicat,
1475 4415 1531 4464 et
1556 4407 1718 4464 docet
1753 4423 1856 4465 nos

246 4497 520 4571 qumodo
545 4497 679 4554 tales
708 4497 948 4566 hospites
972 4497 1299 4568 exceperint.
1330 4496 1741 4566 Hospitalitatis,
1771 4501 1851 4556 iw

245 4591 366 4664 quit
381 4632 399 4658 ,
431 4607 498 4646 ne
539 4591 904 4647 obliviscamini
938 4606 958 4644 :
988 4601 1196 4662 propter
1231 4591 1366 4645 lianc
1398 4594 1533 4646 acim
1575 4595 1862 4649 nescientes

249 4685 462 4756 quidem
489 4684 711 4756 hospitio
731 4693 1036 4752 exceperunt
1063 4684 1271 4754 angelos
1294 4683 1478 4753 (Hebr.
1507 4686 1592 4740 I5.
1630 4687 1707 4755 i).
1738 4686 1854 4744 Hoc

245 4778 392 4834 enim
436 4789 533 4832 eos
575 4775 909 4846 potissimum
955 4773 1082 4830 fecit
1121 4774 1498 4843 admirabiles,
1539 4776 1684 4847 quod
1733 4793 1850 4846 eos,

247 4882 385 4942 ques
411 4880 520 4923 non
558 4875 840 4930 noverant,
881 4857 1308 4924 mulistcriosuo
1348 4860 1750 4924 honeraverint.
1783 4869 1854 4925 Et

248 4975 349 5017 nos
379 4958 539 5030 igitur
566 4973 689 5013 cum
729 4957 835 5014 ﬁde
869 4973 935 5014 ac
973 4959 1174 5027 pietate
1213 4975 1327 5016 rem
1364 4961 1643 5028 obeamus,
1688 4971 1747 5014 ut
1774 4962 1854 5018 sic

250 5055 563 5112 thesaurum
605 5051 820 5122 assequi
859 5051 1129 5122 possimus
1164 5051 1354 5122 :quod
1401 5052 1557 5107 nobis
1598 5053 1853 5108 omnibus

247 5143 801 5221 concedaturrgratia
832 5152 885 5198 et
924 5143 1254 5215 benignitate
1293 5143 1504 5199 Domini
1527 5147 1695 5200 nostri
1723 5146 1852 5202 Jesu

251 5236 447 5292 Christi
467 5277 486 5301 ,
515 5235 613 5291 cui
637 5251 760 5290 cum
793 5235 950 5289 Patre
978 5245 1033 5290 et
1073 5243 1261 5291 sant-to
1304 5235 1507 5306 Spiritu
1549 5238 1620 5292 sit
1656 5238 1850 5309 gloria,

252 5345 392 5386 nunc
416 5340 473 5385 et
495 5342 733 5398 semper,
755 5335 814 5382 et
842 5328 892 5381 in
917 5328 1111 5382 smcula
1137 5329 1480 5385 smculorum.
1513 5331 1706 5385 Amen.

799 5417 1079 5473 IIOMILIA
1115 5416 1298 5475 XLIV.

254 5510 494 5566 Dilucqu
535 5517 706 5562 autem
754 5510 883 5563 venit
919 5511 1181 5564 Abraham
1200 5510 1270 5563 ad
1315 5510 1483 5566 locum
1529 5513 1612 5566 ubi
1648 5523 1854 5569 steterat

606 5617 778 5655 coram
805 5599 1026 5656 Domino
1057 5600 1221 5672 (Gen.
1255 5602 1341 5656 I9.
1366 5602 1491 5672 27-).

323 5692 376 5747 I.
409 5689 532 5746 Heri
555 5707 654 5747 nos
677 5700 1054 5760 argumentum
1073 5691 1142 5747 de
1164 5692 1387 5747 muliere
1407 5691 1738 5750 Samaritana
1768 5711 1854 5751 sa-

254 5783 323 5840 tis
361 5782 545 5841 docuit
568 5781 896 5841 inctl'abilcm
923 5783 1135 5843 Domini
1158 5782 1642 5855 longanimitatem,
1674 5797 1728 5846 et
1755 5801 1852 5844 ca-

1253 369 1320 426 IN
1382 370 1537 428 CAP.
1580 367 1722 424 XIX.
1765 363 2012 423 GENES.
2053 363 2285 423 IIOEIL.
2326 365 2512 422 XLIV.

3443 364 3547 422 106

1944 478 2229 536 cellentem
2275 496 2400 552 eaga
2432 481 2588 536 illam
2605 477 3020 552 providentiam,
3061 487 3223 552 atque
3262 480 3405 538 illius
3429 493 3555 549 gra-

1939 579 2054 625 tum
2080 571 2340 626 animum.
2367 570 2590 627 Vidistis
2617 570 2911 642 quomodo.
2939 578 2996 627 ut
3019 587 3210 642 aquam
3235 570 3550 630 sensibilem

1942 661 2202 728 hauriret,
2229 660 2451 717 advenit
2476 660 2580 733 (α),
2601 671 2660 717 et
2684 661 3040 734 exspirituali
3065 661 3213 717 l'onte
3237 662 3420 718 divina
3446 661 3552 718 ﬂu-

1941 756 2086 809 mina
2127 754 2325 820 hausit,
2354 769 2420 811 κ
2451 754 2674 811 domum
2704 754 2896 822 rediit,
2915 753 3157 827 impletis
3179 753 3322 825 quod
3346 754 3555 812 dictum

1940 855 2024 901 est
2065 861 2096 899 a
2126 845 2356 901 Domino
2392 861 2406 898 :
2440 845 2587 915 Aqua
2605 884 2622 912 ,
2649 861 2806 916 quant
2843 861 2936 916 ego
2960 844 3116 912 dabo,
3138 844 3235 898 erit
3267 844 3323 899 in
3350 860 3411 899 eo
3437 848 3556 914 [cna

1940 953 2095 1009 «quia:
2114 937 2345 993 salientis
2369 938 2424 992 in
2450 937 2606 993 vitatu
2624 946 2871 992 unum
2897 935 3076 1007 (loco.
3101 935 3168 993 ι.
3190 936 3303 1008 Ii).
3329 933 3556 1008 Impleta

1943 1031 2088 1088 enim
2113 1031 2228 1102 ipsa
2270 1031 2456 1086 divino
2483 1030 2577 1087 illo
2600 1039 2656 1088 et
2695 1030 2962 1101 spirituali
2988 1028 3178 1097 fonte,
3191 1041 3302 1085 non
3325 1028 3558 1085 detinuit

1942 1128 2082 1182 intra
2107 1140 2170 1182 se
2195 1124 2418 1180 numina
2459 1140 2474 1179 :
2517 1124 2615 1180 sed
2655 1123 3137 1194 superscaturiens,
3163 1130 3223 1178 ut
3250 1121 3324 1178 ita
3349 1121 3552 1186 dicam,

1942 1217 2132 1273 eﬂ'udit
2165 1225 2222 1274 et
2263 1216 2317 1271 in
2349 1215 2678 1273 habitatores
2717 1215 2952 1270 civitatis
2991 1210 3236 1270 concessi
3279 1212 3383 1269 sibi
3421 1211 3554 1267 doni

1943 1307 2192 1380 gratiam,
2218 1315 2276 1364 et
2294 1307 2562 1379 pmonis
2588 1305 2827 1362 ollicium
2855 1306 2966 1377 egit
2993 1303 3556 1361 mulier-Samaritana

1944 1411 2000 1458 et
2019 1401 2347 1474 alienigena.
2364 1399 2588 1456 Vidistis
2603 1407 2862 1471 quantum
2882 1397 3081 1454 bonum
3102 1398 3173 1452 sit
3189 1394 3355 1451 animi
3377 1402 3562 1467 gratus

1945 1495 2172 1552 ad’ectus
2194 1512 2210 1561 ;
2238 1494 2449 1551 vidistis
2475 1492 2688 1549 Domini
2706 1491 3115 1562 benignitatem,
3137 1486 3412 1560 quomodo
3435 1483 3563 1540 nul-

1946 1589 2062 1646 iam
2099 1593 2433 1651 contemnat,
2463 1584 2560 1641 sed
2599 1584 2764 1639 etiam
2796 1581 2850 1637 in
2878 1581 3125 1646 muliere,
3153 1579 3316 1635 etiam
3345 1577 3400 1634 in
3431 1589 3564 1648 pau-

1949 1687 2175 1749 perlate,
2222 1677 2641 1748 etvuhicumque
2686 1675 2952 1732 invenerit
2978 1669 3456 1743 animam‘vigiletu
3498 1682 3568 1726 ae

1949 1770 2249 1836 fervidam,
2280 1769 2462 1824 statim
2503 1769 2731 1840 gratiam
2773 1781 2926 1822 suam
2953 1765 3028 1821 illi
3073 1764 3353 1838 largiatur.
3381 1759 3572 1820 Imite-

1949 1873 2073 1916 mur
2096 1860 2279 1931 igitur,
2308 1860 2571 1924 obsecro,
2607 1868 2663 1914 et
2692 1872 2792 1914 nos
2818 1857 2960 1913 hane
2997 1856 3313 1922 nnrlie’rem,
3329 1865 3574 1924 cumque

1949 1967 2142 2022 magna
2185 1951 2487 2007 attentione
2528 1949 2862 2021 accipiamus
2916 1947 3219 2004 doctrinam
3269 1959 3302 2002 a
3357 1943 3567 2016 Spiritu

1951 2042 2268 2114 proiectam.
2292 2041 2480 2113 Neque
2501 2043 2648 2098 enim
2678 2050 2863 2097 nostra
2882 2049 3007 2096 sunt
3026 2054 3148 2111 qua:
3171 2037 3447 2103 dicuntur,
3469 2050 3566 2092 ne-

1949 2147 2057 2207 que
2090 2150 2159 2190 ea
2190 2136 2405 2206 propria
2435 2135 2613 2206 lingua
2657 2127 2926 2205 loquimur
2963 2144 3320 2204 quaecumque
3355 2129 3562 2187 dixeri-

1952 2244 2101 2294 mus,
2143 2227 2480 2284 sed‘Domlni
2525 2227 2858 2298 benignitate
2898 2225 3164 2298 dirigcnle
3212 2231 3435 2295 propter
3475 2237 3575 2279 vos

1952 2326 2123 2374 stram
2151 2317 2380 2374 salutem
2403 2317 2903 2374 et-aediticaticnem
2930 2315 3191 2371 Ecclesia:
3215 2314 3328 2372 Dei.
3362 2313 3442 2370 Ne
3471 2313 3570 2386 igi-

1953 2415 2044 2464 tur
2075 2407 2148 2466 ad
2171 2422 2260 2464 me
2282 2407 2574 2473 dicentem,
2598 2408 2929 2474 carissime,
2946 2419 3122 2477 neque
3149 2404 3219 2460 ad
3252 2404 3578 2461 tenuitatem

1952 2510 2129 2556 meam
2157 2500 2419 2574 respicias
2453 2518 2469 2556 :
2513 2501 2609 2558 sed
2651 2500 2910 2572 quoniam
2932 2513 2997 2557 ea
3022 2513 3146 2570 qua:
3185 2496 3399 2553 Domini
3443 2503 3572 2553 sinit

1952 2592 2140 2659 alii-ro,
2170 2591 2384 2648 adeum
2408 2591 2500 2661 qui
2518 2605 2610 2648 me
2630 2590 2779 2647 misit
2801 2596 3008 2646 attenta
3037 2594 3220 2645 mente
3245 2600 3575 2653 conversus,

1955 2684 2101 2756 vigili
2143 2684 2327 2742 animo
2353 2694 2478 2755 qua:
2502 2683 2757 2739 dicatur
2781 2682 2998 2752 aeclpe.
3026 2680 3479 2751 Quandoquidem
3517 2689 3580 2739 et-

1956 2777 2012 2834 in
2066 2777 2332 2833 humanis
2365 2775 2620 2848 negotiis,
2660 2774 2878 2846 quando
2925 2766 3222 2845 Imperator
3264 2771 3575 2831 diademate
3598 2763 3614 2778 “

1955 2876 2252 2924 coronatus
2272 2867 2463 2923 literas
2479 2866 2663 2932 mittit,
2695 2873 2827 2921 tunc
2851 2865 2919 2934 is,
2947 2864 3040 2936 qui
3066 2879 3160 2921 eas
3184 2864 3364 2930 affert,
3391 2879 3489 2938 per
3512 2877 3572 2922 se

1957 2958 2156 3014 nullius
2183 2958 2452 3014 alumni
2473 2966 2578 3023 est,
2607 2956 2706 3013 sed
2729 2957 2814 3012 vir
2840 2974 2874 3013 e
2899 2956 3095 3024 trivio,
3111 2957 3203 3027 qui
3227 2971 3374 3028 saepe
3398 2969 3581 3030 neque

1959 3051 2332 3121 progenitores
2351 3061 2640 3106 numerare
2667 3049 2856 3120 possit,
2881 3049 3168 3112 obscuros.
3200 3056 3350 3106 ctacx
3377 3047 3576 3107 obscu-

1956 3143 2035 3198 ris
2057 3141 2199 3198 :'sed
2225 3155 2333 3198 non
2370 3140 2440 3197 ad
2464 3141 2616 3198 illum
2647 3148 2896 3211 spectant
2922 3141 3015 3211 qui
3058 3141 3243 3196 literas
3269 3137 3575 3211 suscepturi

1957 3240 2109 3301 sunt,
2134 3233 2229 3289 sed
2252 3240 2474 3304 propter
2503 3232 2878 3302 imperatorias
2904 3230 3089 3286 literas
3108 3229 3181 3285 illi
3202 3244 3416 3300 quoque
3436 3228 3576 3286 mul-

1958 3332 2074 3382 tum
2117 3323 2376 3381 exhibent
2416 3323 2660 3388 honoris,
2707 3331 2773 3378 ae
2799 3321 2988 3377 literas
3029 3335 3224 3392 magna
3253 3335 3379 3377 cum
3418 3333 3578 3378 reve-

1959 3415 2132 3472 rentia
2173 3425 2230 3472 et
2260 3413 2481 3472 silentio
2524 3412 2814 3483 recipiunt.
2857 3411 2917 3468 Si
2949 3412 3112 3483 igitur
3137 3411 3184 3468 is
3221 3412 3314 3482 qui
3343 3411 3579 3470 hominis

1959 3504 2176 3570 literas,
2207 3511 2262 3560 et
2300 3503 2544 3560 chartam
2575 3508 2796 3558 tantum
2811 3499 2992 3567 affert,
3032 3501 3113 3556 sie
3139 3503 3392 3558 omnibus
3415 3514 3579 3560 acccc

1960 3607 2082 3670 ptus
2100 3605 2188 3654 est
2209 3596 2287 3669 (ὁ)
2320 3612 2335 3649 :
2358 3597 2529 3652 multo
2555 3595 2728 3667 magis
2751 3609 2851 3650 vos
2869 3594 3124 3650 convenit
3137 3594 3373 3665 eloquia,
3405 3609 3526 3667 qua:
3545 3609 3578 3653 a

1958 3689 2161 3760 Spiritu
2211 3687 2368 3744 vobis
2394 3701 2493 3758 per
2539 3700 2642 3743 nos
2680 3687 2992 3754 mittuntur,
3037 3701 3234 3757 magna
3278 3687 3580 3745 attentione

1959 3781 2253 3850 suscipere,
2286 3787 2349 3835 ut
2395 3793 2644 3850 magnam
2685 3777 2824 3851 grati
2852 3778 3024 3834 animi
3059 3778 3334 3848 recipiatis
3371 3791 3586 3838 merce-

1959 3872 2105 3930 dem.
2133 3873 2274 3929 Nam
2286 3873 2332 3929 si
2363 3871 2840 3929 viderit-Dominum
2864 3873 3244 3928 universorum
3265 3872 3578 3955 animarum

1959 3973 2263 4021 vestrarum
2311 3963 2689 4029 alacritatem...
2730 3971 2785 4019 et
2815 3961 2974 4018 nobis
3019 3961 3284 4033 largiores
3326 3969 3579 4034 sumptae

1960 4065 2192 4128 propter.
2204 4063 2439 4111 vestram
2468 4054 2885 4111 aediﬁcationem
2925 4053 3313 4125 suppeditabit,
3343 4062 3400 4110 et
3424 4052 3580 4110 vobis

1960 4148 2221 4220 majorem
2265 4146 2523 4218 praebebit
2569 4145 2924 4214 intellectum,
2957 4153 3018 4202 ut
3054 4162 3121 4203 ea
3156 4161 3278 4217 qua
3320 4147 3578 4206 dicuntur

1959 4243 2268 4314 intelligere
2289 4241 2531 4298 vdeatis.
2556 4239 2822 4297 Liberalis
2843 4241 2995 4297 enim
3015 4249 3102 4296 est
3127 4241 3362 4312 Spiritus
3382 4242 3582 4313 gratis,

1959 4345 2016 4390 et
2039 4350 2099 4390 se
2119 4335 2174 4390 in
2199 4346 2390 4390 omnes
2412 4331 2721 4396 effundens,
2750 4331 2954 4386 nullam
2974 4331 3296 4388 divisionem
3322 4332 3576 4399 sustinet.

1961 4425 2065 4482 sed
2089 4440 2211 4481 cum
2236 4421 2597 4487 distribuitur,
2628 4421 2805 4492 magis
2826 4421 3046 4490 crescit,
3075 4429 3130 4477 et
3157 4430 3362 4492 quanto
3393 4423 3579 4494 pltn'ee

1959 4525 2087 4573 sunt
2109 4517 2227 4587 ejus
2257 4512 2562 4586 participes,
2589 4519 2743 4569 tanto
2767 4522 2824 4568 et
2842 4512 3164 4569 beneﬁcium
3188 4514 3362 4585 magis
3385 4523 3582 4573 esten.-

1958 4606 2126 4663 ditur.
2160 4607 2271 4678 Age
2295 4605 2456 4677 igitur
2473 4604 2520 4661 si
2547 4604 2779 4670 videtur,
2808 4611 2867 4660 et
2886 4603 3048 4660 hodie
3067 4605 3135 4659 ad
3161 4606 3357 4661 seriem
3383 4620 3574 4664 eorum

1959 4716 2082 4772 qua:
2135 4698 2284 4770 prius
2331 4698 2473 4755 dicta
2517 4704 2646 4752 sunt
2693 4697 2998 4762 veniamus,
3044 4710 3111 4752 ac
3155 4696 3436 4754 videamus
3485 4697 3581 4755 ubi

1958 4791 2404 4858 sermozdesierit,
2431 4799 2486 4846 et
2515 4789 2660 4846 unde
2677 4803 2802 4845 eum
2833 4797 3094 4861 repetere
3110 4787 3272 4845 hodie
3298 4801 3571 4861 oporteat.

2025 4925 2648 5038 Σαὶθῗιθυὲιέἓὲῗεηὲἑυηίι
2669 4936 2956 4980 sermonem
2988 4923 3188 4982 habeat,
3213 4923 3431 4974 nondum
3452 4927 3578 4978 seu:

2051 5008 2078 5038 ς.
2553 5024 2567 5037 ο

2025 4999 2275 5043 rsnectum
2298 4995 2442 5038 nobis
2471 4995 2567 5038 est.

1958 5006 2078 5058 pera
2191 5006 2275 5040 um
2298 5006 2442 5038 noms
2471 5006 2567 5038 ess.

2026 5006 2446 5118 (omnem:
2468 5049 2755 5118 reverentia
2775 5048 2894 5118 olim
2930 5047 3293 5118 excipean
3312 5046 3558 5118 imperato

1958 5106 2048 5168 rlai
2072 5106 2248 5174 liter-te,
2289 5113 2460 5164 videre
2499 5118 2578 5161 est
2598 5111 2727 5174 apud
2749 5110 3018 5174 δαίὶνιρτθδ
3041 5106 3146 5158 mm
3190 5106 3576 5174 εροίθδίδξθωδν

1961 5168 2354 5242 ιιιηιίπῃᾳῐίιίοε.
2381 5181 2553 5223 Locum
2579 5168 2821 5242 inSignern
2845 5168 3086 5242 hahemus
3107 5168 3234 5242 apud
3414 5168 3502 5242 lih_.
3525 5168 3576 5231 ις

1956 5255 2002 5292 c.
2028 5241 2091 5292 ει
2115 5232 2144 5288 ε’
2157 5240 2242 5290 ubi
2275 5244 2499 5287 narratur
2533 5248 2646 5284 cum
2676 5232 2728 5284 in
2764 5233 3075 5294 depositione
3109 5232 3359 5289 Eustathii,
3406 5233 3568 5294 episc.

1962 5255 2002 5292 ο.
2028 5247 2128 5292 2i:
2157 5247 2242 5290 ubi
2275 5247 2499 5287 narratur
2533 5248 2646 5284 cum
2677 5247 2728 5284 tu
2764 5247 3075 5345 agreement:
3109 5247 3359 5289 uusunnn,
3406 5247 3568 5294 aptae.

1962 5302 2246 5359 Antiochiae,
2267 5306 2530 5366 totapene
2560 5297 2780 5366 civitass
2835 5295 3393 5366 itionecontlagrasset,
3419 5302 3578 5366 atque

1959 5366 2192 5427 utrinque
2210 5355 2422 5427 armatis
2464 5359 2709 5427 stantibus
2754 5355 3020 5427 factionum
3052 5356 3290 5427 partibus,
3328 5355 3579 5427 quaa__iibl

1960 5416 2143 5476 milites
2164 5424 2510 5486 adiunxerant,
2528 5422 2626 5483 jam
2649 5432 2806 5486 prope
2832 5419 3008 5486 fuisset
3025 5416 3087 5486 ut
3101 5417 3160 5466 ad
3183 5424 3324 5468 atrox
3347 5416 3574 5486 praelium

1959 5478 2240 5546 veniretur;
2259 5478 2678 5547 supervenientes
2698 5478 3037 5544 imperatorias
3049 5479 3238 5547 literas
3249 5478 3488 5547 populum
3509 5481 3576 5530 tl~
3643 5484 3645 5487 '

1961 5560 2099 5598 more
2120 5543 2423 5610 implevisse,
2452 5553 2506 5596 et
2523 5544 2749 5610 factiosos
2769 5543 3406 5610 ’compescuisse._Vid_i_lnus
3425 5552 3585 5604 supra

1971 5617 2108 5661 [omo
2131 5602 2467 5673 ln'epistolam
2488 5607 2685 5673 Honorii
2721 5602 2924 5673 socratis
2945 5613 3042 5664 :pp
3059 5602 3179 5673 altari
3214 5616 3230 5652 :
3255 5602 3577 5673 diuinusque

1960 5673 2138 5734 passim
2154 5666 2742 5734 imperatorias-epistolas
2758 5667 2849 5734 hac
2872 5679 2969 5714 una
2990 5676 3110 5734 voce
3133 5671 3285 5734 sacra
3301 5666 3578 5729 appellans

1959 5728 2133 5796 inisse,
2164 5728 2294 5796 quod
2317 5729 2476 5796 solum
2507 5728 2688 5786 nomen
2717 5729 2780 5780 ad
2811 5728 3146 5780 reverentiam
3189 5728 3344 5793 atque
3371 5728 3571 5788 metum

1956 5793 2196 5863 populum
2227 5793 2446 5850 vocabat.
