4060 6428
564 384 669 446 ιθτ

555 494 797 560 Quonam
852 491 1009 561 igitur
1046 505 1213 562 nuper
1249 494 1567 562 appulimus,
1597 507 1660 548 ac
1700 492 1925 550 docendi
1971 493 2131 548 tinem

558 581 820 636 fecimus?
843 581 917 636 De
940 581 1039 637 Lot
1058 582 1206 638 vobis
1232 582 1598 650 narrabamus,
1620 592 1675 640 et
1698 584 1765 640 de
1783 584 2137 640 Sodomorum

554 671 822 737 incendlo,
851 670 960 727 illic
984 686 1013 725 a
1037 687 1283 728 sermone
1310 672 1631 740 destitimus,
1654 674 1743 729 ubi
1765 677 1940 744 justus
1959 674 2012 730 in
2040 672 2140 729 Se-

554 776 655 830 gor
680 771 921 818 servatus
945 773 1048 819 est.
1080 764 1175 818 Sol
1210 764 1354 820 enim
1378 782 1607 836 egressus
1635 777 1708 821 est
1737 784 1888 837 super
1913 778 2138 830 terram;

552 862 600 905 et
630 850 729 906 Lat
746 854 949 907 intravit
971 856 1025 907 in
1047 853 1229 924 Segor,
1257 864 1313 910 et
1338 863 1463 911 tunc
1490 857 1565 911 ira
1589 872 1619 912 a
1650 858 1761 911 Deo
1781 858 2014 911 immissa
2037 856 2138 911 So-

553 941 783 999 domitas
808 940 1176 1013 apprehendit,
1200 955 1255 1001 et
1272 955 1467 1003 terram
1493 949 1635 1003 illam
1656 949 1906 1016 abolevit,
1923 950 2136 1020 quando

549 1042 605 1087 et
637 1046 770 1086 uxor
790 1034 920 1103 justi
945 1049 1129 1091 eorum
1158 1053 1277 1107 qua:
1302 1038 1370 1093 ab
1393 1040 1595 1109 angelis
1630 1038 1770 1094 dicta
1802 1039 2010 1095 fuerant
2038 1041 2139 1094 im-

551 1138 779 1191 memor,
807 1127 1063 1195 spectavit
1086 1136 1396 1193 retrorsum,
1424 1137 1478 1185 et
1505 1128 1639 1183 facta
1667 1138 1749 1185 est
1776 1130 2022 1185 columna
2052 1145 2136 1185 sa-

550 1214 633 1279 lis,
694 1226 1007 1287 perpetuum
1066 1221 1448 1276 monimentum
1495 1224 2136 1291 posterioribussmculis

548 1319 658 1360 sute
690 1309 1023 1379 negligentia)
1059 1312 1319 1381 praebens.
1350 1313 1539 1383 Opera:
1579 1318 1805 1384 pretium
1851 1334 1991 1374 nunc
2018 1318 2133 1375 fue-

548 1393 619 1447 rit
659 1396 977 1453 intermissa:
1004 1400 1159 1454 seriei
1200 1402 1462 1470 insistere,
1505 1414 1557 1459 et
1604 1420 1768 1473 pauca
1812 1416 2007 1462 vestras
2046 1424 2135 1465 ca-

548 1482 694 1537 ritati
724 1484 889 1555 loqui,
922 1495 979 1540 ut
1003 1487 1193 1543 iterum
1222 1490 1442 1546 videatis
1470 1494 1743 1550 caritatem
1772 1505 1824 1551 et
1848 1500 2133 1555 commise-

550 1574 813 1631 rationem
842 1579 1172 1648 patriarcha}.
1204 1595 1257 1637 et
1285 1584 1377 1639 Dei
1418 1587 1469 1640 in
1511 1587 1657 1642 illum
1687 1589 2132 1648 benevolentiam.

550 1661 685 1718 Nam
718 1665 827 1733 ubi,
859 1679 978 1721 orto
1005 1674 1137 1736 sole,
1162 1672 1336 1740 justus
1361 1674 1463 1729 Lot
1490 1676 1542 1731 in
1574 1677 1741 1747 Segor
1766 1692 2003 1737 servatus
2026 1694 2130 1751 est,

552 1752 641 1821 qui
666 1764 842 1809 autem
868 1756 1115 1813 Sodomis
1142 1773 1313 1828 erant,
1340 1779 1549 1831 poenam
1578 1768 1804 1833 luerunt,
1835 1774 2132 1841 patriarcha

549 1844 705 1898 simul
746 1854 800 1902 et
845 1848 1053 1905 illorum
1092 1852 1360 1909 interitum
1403 1858 1680 1922 miserans,
1721 1876 1877 1931 quem
1917 1873 2133 1934 propter

550 1948 705 1990 suum
736 1948 1005 2005 peccatum
1045 1946 1517 2013 suStinuerunt,’et
1539 1950 1607 2006 de
1626 1952 1773 2020 justo
1795 1955 1948 2011 valde
1981 1958 2133 2011 solli-

549 2027 709 2093 citus,
736 2044 891 2086 mane
916 2035 1135 2089 veniens
1166 2040 1437 2106 spectabat
1464 2057 1583 2111 quae
1621 2045 1689 2099 ibi
1729 2044 1865 2101 facta
1896 2048 2127 2105 fuerant.

548 2117 636 2171 27.
671 2119 909 2176 Diluculo
934 2134 1101 2179 autem
1122 2130 1271 2192 venit,
1298 2130 1486 2200 inquit.
1513 2134 1769 2188 Abraham
1794 2154 1939 2192 mane
1962 2141 2031 2192 ad
2051 2141 2129 2193 ιο.

547 2223 681 2270 cunt,
705 2211 791 2264 ubi
822 2222 1027 2269 steterat
1052 2233 1221 2271 coram
1256 2218 1389 2287 Deo,
1412 2221 1502 2278 28.
1529 2233 1575 2277 et
1603 2228 1822 2295 respexit
1855 2230 1908 2283 in
1949 2230 2131 2300 {aciem

550 2300 894 2359 Sodomorum
932 2320 980 2362 et
1010 2308 1325 2378 Comorrhaz,
1359 2326 1404 2369 et
1433 2318 1486 2369 in
1515 2319 1696 2388 faciem
1734 2322 2133 2393 circnmjacentis

547 2392 791 2461 regionis,
817 2406 864 2449 et
903 2399 1045 2453 vidit.
1074 2400 1143 2454 Et
1168 2419 1281 2457 ecce
1317 2408 1614 2460 ascendebat
1640 2410 1852 2479 ﬂamma
1885 2392 1949 2466 dc
1972 2423 2130 2481 terra,

548 2481 695 2547 quasi
720 2486 890 2552 [nutus
916 2490 1119 2542 camini.
1154 2490 1210 2545 in
1239 2508 1324 2557 eo,
1351 2494 1538 2564 inquit,
1573 2497 1711 2563 loco,
1741 2500 1796 2554 in
1824 2517 1932 2570 quo
1958 2503 2130 2559 collo-

548 2580 742 2662 quotus
765 2585 846 2631 est
864 2591 985 2632 cum
1012 2580 1254 2648 Domino,
1285 2593 1339 2639 et
1364 2600 1462 2654 pro
1482 2587 1771 2645 Sodomitis
1794 2594 2018 2662 rogavit,
2051 2597 2132 2650 vi-

548 2661 709 2718 debat
739 2668 988 2723 terribilis
1033 2672 1172 2727 illius
1208 2689 1383 2744 poena:
1407 2680 1644 2751 vestigia,
1685 2690 1739 2737 et
1771 2682 1840 2739 de
1863 2661 2015 2755 justo
2046 2688 2131 2743 di-

548 2768 699 2809 scere
736 2756 933 2827 aliquid
970 2762 1194 2818 volebat.
1221 2766 1271 2820 Is
1296 2768 1439 2824 enim
1470 2780 1773 2827 sanctorum
1802 2791 1920 2831 mos
1944 2785 2045 2844 est,
2076 2788 2134 2833 ut

548 2844 834 2934 plurimum
869 2850 1058 2907 all‘ectu
1087 2867 1419 2927 moveantur,
1461 2870 1515 2915 et
1541 2866 1944 2934 compatiantur.
1981 2869 2045 2924 Et
2075 2879 2134 2925 ut

547 2932 737 3026 doceat
774 2953 873 2994 nos
910 2940 1092 2997 divina
1120 2944 1403 3017 Scriptura
1428 2932 1916 3026 Spiritus—gratiam
1952 2962 2131 3016 statim

550 3025 648 3093 ipsi
680 3026 838 3099 hujus
876 3036 950 3086 rei
979 3037 1218 3091 notitiam
1255 3044 1608 3113 concessisse,
1653 3025 1712 3102 et
1741 3048 1943 3118 justum
1981 3067 2129 3119 cura,

544 3128 706 3183 quam
754 3133 851 3188 pro
891 3121 990 3177 Lot
1029 3128 1265 3194 gerebat.
1312 3130 1603 3203 liberasse,
1635 3137 1806 3207 inquit
1830 3156 1845 3194 :
1873 3138 1968 3197 29.
2006 3140 2132 3197 Cum

548 3218 822 3267 contereret
854 3212 1098 3272 Dominus
1127 3220 1350 3275 ciuitates
1376 3225 1597 3295 regionis
1632 3228 1793 3297 illius,
1836 3232 2133 3289 recordatus

547 3308 623 3351 est
658 3298 799 3357 Deus
826 3305 1064 3374 Abrahw,
1110 3319 1157 3363 et
1194 3313 1355 3367 emisit
1390 3314 1490 3370 ιω
1526 3334 1555 3371 e
1599 3321 1762 3374 media
1795 3322 2128 3379 subuersione.

714 3402 815 3459 est,
842 3394 1154 3455 Recordotus
1174 3412 1246 3456 est
1272 3402 1414 3459 Deus
1443 3407 1701 3464 Abrahae?
1729 3412 1841 3468 Hoc
1866 3425 1969 3481 est,
1994 3424 2131 3487 peti-

549 3484 709 3539 tionis
747 3502 904 3555 qttam
952 3490 1095 3559 fecit,
1148 3493 1375 3550 dicens:
1406 3496 1490 3552 Ne
1527 3502 1680 3556 simul
1721 3505 1905 3573 perdas
1934 3484 2133 3576 justum

547 3590 664 3628 cum
707 3577 863 3647 impio
900 3579 1053 3649 (Gen.
1091 3584 1180 3638 18.
1207 3584 1324 3657 22).
1353 3586 1460 3643 Cur
1482 3590 1659 3660 igitur,
1704 3593 1897 3651 dixerit
1920 3598 2132 3669 aliquis,

550 3675 767 3736 pr0pter
780 3672 1070 3728 orationem
1089 3676 1400 3743 patriarcha:
1412 3679 1587 3749 justus
1602 3693 1849 3741 servatus
1863 3698 1944 3742 est
1959 3697 2013 3743 et
2028 3705 2134 3745 non

550 3767 769 3827 propter
793 3774 941 3815 suam
967 3765 1263 3833 justitiam?
1292 3768 1365 3823 lta
1391 3782 1557 3838 certe,
1586 3774 1743 3828 etiam
1774 3787 1992 3847 prepter
2009 3793 2134 3835 ora-

549 3847 749 3903 tionem
779 3853 1095 3920 patriarcha:
1127 3875 1139 3910 :
1168 3859 1380 3926 quando
1421 3862 1563 3921 enim
1605 3865 1745 3933 quod
1770 3881 1837 3921 ex
1865 3868 2019 3923 nobis
2056 3880 2138 3925 est

550 3938 710 3993 simul
757 3941 1061 4011 aﬂ'erimus,
1114 3947 1225 4017 ipsa
1268 3951 1427 4006 etiam
1477 3952 1788 4011 intercessio
1824 3968 2131 4015 sanctorum

552 4029 834 4097 phtrimum
857 4034 1013 4090 nobis
1032 4037 1254 4092 confert.
1284 4040 1433 4106 Quod
1463 4042 1507 4095 si
1536 4041 1633 4112 ipsi
1666 4045 1991 4117 negligentes
2018 4049 2134 4105 fue-

551 4118 741 4186 rimus,
769 4130 823 4176 et
848 4137 998 4191 spem
1027 4126 1077 4179 in
1106 4127 1213 4181 illis
1237 4130 1366 4183 solis
1394 4141 1590 4187 nostrte
1619 4135 1804 4190 salutis
1831 4137 2137 4194 collocave-

554 4210 742 4276 rimus,
772 4213 902 4267 nihil
932 4217 1159 4286 amplius
1187 4219 1341 4273 nobis
1369 4222 1583 4289 prodest
1609 4238 1623 4276 :
1658 4238 1762 4279 non
1794 4228 1935 4295 quod
1961 4230 2139 4286 minus

552 4300 764 4355 valeant
791 4303 940 4371 justi,
968 4306 1062 4361 sed
1089 4308 1210 4377 quia
1240 4320 1457 4380 propter
1490 4324 1724 4369 nostram
1753 4315 2011 4373 desidiam
2036 4334 2136 4376 nos

551 4389 695 4456 ipsos
718 4392 1011 4461 prodimus.

621 4481 677 4536 2.
710 4482 779 4537 Et
808 4493 865 4539 ut
888 4485 1064 4542 discas
1089 4490 1391 4558 quomodo,
1416 4507 1538 4547 cum
1564 4495 1893 4566 negligentes
1920 4511 2137 4569 sumus,

553 4571 765 4635 etiamsi
798 4573 927 4643 justi
971 4578 1079 4631 sint
1115 4580 1204 4649 qui
1244 4596 1340 4650 pro
1377 4582 1531 4638 nobis
1556 4595 1747 4652 orant,
1776 4588 1985 4643 etiamsi
2012 4604 2138 4658 pro-

556 4664 768 4733 phetae,
812 4667 958 4722 nulla
996 4669 1149 4725 nobis
1194 4672 1317 4727 inde
1360 4674 1429 4727 sit
1469 4674 1670 4730 utilitas
1694 4675 1797 4746 (illi
1822 4677 1964 4732 enim
1990 4693 2140 4735 suam

555 4757 808 4812 virtutem
849 4773 945 4825 per
986 4761 1090 4815 hoc
1124 4762 1529 4831 demonstrant,
1559 4764 1712 4821 nobis
1736 4775 1916 4822 autem
1944 4767 2013 4823 ob
2040 4770 2138 4825 im-

555 4846 753 4913 probos
785 4862 965 4903 mores
1003 4850 1144 4904 nulla
1169 4852 1274 4906 erit
1294 4853 1513 4925 utilitas)
1542 4894 1557 4919 ,
1589 4854 1712 4911 audi
1740 4856 1907 4912 Deum
1927 4859 2141 4915 univer-

553 4950 753 5003 sorum,
787 4937 857 4993 ad
881 4954 1025 5007 eum,
1051 4942 1238 5012 qui‘de
1262 4953 1413 5000 utero
1439 4948 1625 5002 matris
1646 4948 2005 5005 sanctificatus
2030 4962 2137 5019 est,

555 5026 846 5083 Jeremiam
874 5032 1189 5099 prophetam
1208 5034 1510 5103 loquentem
1535 5055 1550 5091 :
1579 5037 1661 5092 Ne
1680 5056 1793 5093 ores
1814 5056 1906 5108 pro
1953 5042 2147 5110 populo

556 5118 677 5184 hoc,
726 5120 843 5189 quia
880 5137 981 5175 non
1026 5124 1295 5178 exaudiam
1336 5135 1383 5180 te
1411 5126 1541 5194 (Jer.
1566 5128 1652 5184 16.
1680 5129 1757 5200 7).
1781 5130 1914 5185 Vide
1936 5128 2143 5188 Domini

560 5212 940 5282 benignitatem
987 5232 1001 5268 :
1049 5217 1287 5284 praedicit
1328 5222 1636 5289 prophetae,
1686 5231 1743 5277 ut
1787 5238 1854 5277 ne
1880 5240 2001 5279 cum
2024 5236 2143 5296 post

557 5304 856 5359 orationem
885 5321 990 5359 non
1018 5308 1359 5376 exaudiatur,
1390 5310 1492 5367 hoc
1511 5312 1621 5368 suis
1646 5316 1876 5384 peccatis
1906 5316 2099 5372 tribuat
2124 5336 2139 5385 ;

558 5404 615 5449 et
640 5394 761 5449 ideo
784 5394 896 5465 jam
922 5400 1241 5466 prtenuntiat
1260 5401 1308 5456 ei
1333 5403 1512 5473 populi
1541 5407 1848 5476 nequitiam,
1878 5416 1933 5463 et
1957 5409 2141 5479 prohi-

562 5484 655 5539 bet
688 5500 755 5541 nc
785 5496 1031 5555 precetur
1050 5531 1065 5555 ,
1095 5500 1152 5545 ut
1179 5500 1233 5547 et
1262 5494 1375 5562 ipse
1400 5495 1541 5551 scire
1566 5506 1725 5566 queat
1752 5499 2017 5568 ingentem
2046 5498 2143 5554 Ju-

559 5576 795 5632 dteorum
818 5581 1215 5648 perversitatem
1237 5601 1253 5640 :
1274 5594 1330 5642 et
1355 5586 1429 5642 illi
1458 5589 1626 5645 sciant
1654 5590 1782 5645 nihil
1804 5592 1882 5646 eis
1896 5590 2147 5661 prodesse

568 5668 881 5740 prophetam
902 5714 917 5739 ,
952 5673 1051 5729 nisi
1080 5685 1134 5730 et
1164 5676 1263 5746 ipsi
1290 5694 1406 5748 quae
1432 5695 1525 5735 sua
1548 5690 1672 5737 sunt
1695 5681 1935 5753 proferre
1957 5683 2143 5739 velint.

638 5757 899 5819 Invoeatt'o
941 5774 988 5821 et
1030 5766 1316 5827 intercessio
1356 5782 1665 5831 sanctorum.
1692 5803 1762 5815 —
1792 5774 1849 5832 ld
1873 5776 2100 5834 scientes
2123 5818 2140 5845 ,

1294 378 1349 437 S.
1390 378 1665 436 JOANNIS
1702 368 2172 433 CllRYSOSTOMl
2209 368 2522 426 ARCIllEP.
2564 368 3096 427 CONSTANTINOP.

3734 360 3840 420 ωε

2244 486 2456 553 dilecti,
2484 486 2851 557 confugiamus
2876 486 2942 540 ad
2964 493 3268 540 sanctorum
3290 497 3476 554 preces
3499 525 3515 548 ,
3544 495 3599 539 et
3617 500 3840 541 oremus

2245 588 2300 631 ut
2343 592 2440 648 pro
2488 579 2641 633 nobis
2682 577 3014 633 intercedant
3053 594 3066 630 :
3100 575 3192 631 sed
3220 591 3325 629 non
3353 575 3565 631 illorum
3587 576 3843 645 precibus

2243 676 2447 723 tantum
2487 668 2818 724 conﬁdamus
2838 710 2853 734 ,
2892 667 2985 722 sed
3016 676 3069 721 et
3099 666 3198 735 ipsi
3228 676 3405 720 nostra
3429 706 3447 729 ,
3476 674 3534 720 ut
3582 677 3837 734 oportet.

2241 758 2609 825 diSpensemus
2655 768 2832 823 recte,
2877 767 2929 813 et
2972 757 3037 811 ad
3077 758 3298 811 meliora
3341 771 3555 825 semper
3591 757 3838 812 converti

2242 848 2508 912 nitamur,
2555 857 2611 901 ut
2653 847 2829 902 locum
2877 847 3067 901 demus
3113 846 3342 902 orationi
3385 862 3503 917 qua:
3544 861 3643 917 pro
3680 845 3843 901 nobis

2241 937 2496 993 funditur.
2539 939 2653 995 Hoc
2689 948 2742 995 et
2768 939 2834 993 ad
2861 940 3025 993 alium
3051 940 3364 1008 prophetam
3386 938 3465 1010 (α)
3490 940 3619 993 dicit
3650 938 3842 993 Domi-

2240 1044 2340 1084 nus
2383 1030 2755 1085 universorum
2798 1049 2811 1085 :
2858 1030 2979 1084 Non
3010 1032 3145 1084 uides
3180 1031 3301 1099 quid
3344 1032 3443 1099 ipsi
3470 1032 3711 1101 faciunt?
3740 1028 3836 1083 ln-

2240 1122 2455 1174 rendnnt
2484 1121 2707 1190 adipem,
2730 1132 2776 1175 et
2804 1122 3059 1190 placentas
3085 1122 3281 1191 faciunt
3310 1121 3550 1174 exercitui
3569 1122 3681 1175 caeli
3696 1119 3839 1190 (Jer-

2239 1210 2291 1264 7.
2339 1211 2423 1264 Π.
2476 1211 2563 1281 18)
2598 1229 2609 1263 :
2639 1226 2705 1267 ac
2733 1213 2777 1266 si
2808 1212 3014 1268 diceret
3044 1230 3055 1265 :
3092 1212 3192 1265 Pro
3220 1211 3325 1265 illis
3352 1227 3438 1265 me
3462 1225 3650 1279 rogas,
3682 1210 3773 1279 qui
3804 1225 3839 1265 ιι

2239 1312 2461 1370 peccato
2501 1317 2606 1357 non
2646 1302 2944 1366 deSistunt,
2987 1304 3074 1371 qui
3110 1313 3293 1357 carent
3319 1316 3477 1355 sensu
3507 1302 3836 1357 infirmitatis

2237 1406 2347 1446 suae
2382 1406 2485 1461 qua
2530 1392 2808 1457 laborant,
2856 1394 2951 1447 sed
2977 1395 3055 1447 sic
3088 1392 3235 1446 nullo
3253 1392 3441 1447 dolore
3467 1402 3593 1447 sunt
3612 1390 3835 1446 all’ecti?

2236 1479 2353 1535 Non
2381 1481 2531 1537 vides
2573 1498 2842 1538 summum
2882 1499 3067 1537 eorum
3109 1485 3521 1551 contemptum?
3551 1499 3654 1537 non
3678 1481 3835 1539 vidre

2237 1584 2421 1625 eorum
2458 1587 2705 1641 magnam
2742 1574 3040 1629 insaniam?
3078 1574 3343 1644 quomodo
3367 1572 3601 1628 nondum
3634 1574 3839 1628 satien-

2238 1669 2323 1713 tur
2365 1660 2670 1730 impietate,
2717 1664 2813 1719 sed
2851 1666 3000 1733 quasi
3038 1680 3131 1718 sus
3173 1665 3222 1717 in
3263 1664 3473 1729 luto,se
3504 1666 3743 1718 volutent
3779 1663 3837 1717 in

2236 1751 2603 1817 iniquitatibus
2646 1754 2795 1809 suis?
2826 1757 3020 1811 Annon
3059 1758 3102 1809 si
3145 1756 3345 1810 vellent
3372 1756 3653 1823 converti,
3683 1756 3845 1812 audi»

2236 1854 2354 1897 rent
2383 1844 2768 1901 cohortantes“!
2792 1847 2981 1902 Nonne
3006 1863 3105 1918 ego
3130 1863 3248 1902 sum
3281 1862 3375 1917 per
3403 1847 3691 1917 prophetas
3718 1849 3827 1902 cla-

2236 1950 2387 1989 mans
2408 1978 2423 1999 ,
2454 1946 2510 1991 et
2548 1938 2732 1993 dicens
2759 1956 2771 1989 :
2803 1938 2870 1992 Et
2898 1939 3006 1992 dixi
3033 1949 3298 2009 postquam
3325 1940 3437 2007 ipsa
3462 1947 3683 1992 scortatu
3713 1950 3790 1991 est
3813 1953 3834 1993 :

2242 2023 2365 2080 Post
2403 2028 2512 2080 [nec
2549 2030 2722 2082 omnia
2759 2029 2829 2083 ad
2853 2045 2931 2082 me
2956 2040 3241 2082 convertere
3258 2069 3275 2094 ,
3297 2040 3344 2081 et
3367 2046 3464 2082 non
3492 2039 3565 2081 est
3591 2044 3839 2083 conversa

2236 2116 2345 2187 (Id.
2378 2117 2431 2171 3.
2477 2119 2575 2189 7)?
2614 2119 2752 2174 Num
2790 2120 2934 2174 aliud
2976 2136 3161 2189 qua-ro
3181 2162 3194 2184 ,
3225 2135 3384 2189 quam
3412 2128 3462 2173 ul
3493 2121 3775 2189 quiescant
3801 2134 3839 2174 ι

2236 2215 2453 2276 peccato
2483 2216 2721 2277 tantum,
2749 2218 2806 2265 et
2832 2211 3026 2265 sistant
3057 2212 3193 2264 mala
3216 2211 3239 2263 ?
3265 2226 3391 2264 num
3422 2224 3518 2279 pro
3545 2212 3840 2278 pra-teritis

2235 2297 2496 2352 rationem
2539 2300 2736 2369 exigo,
2781 2301 2827 2354 si
2864 2299 3075 2355 videam
3121 2300 3242 2355 illos
3282 2300 3422 2355 velle
3468 2300 3835 2369 resipiscere?

2236 2404 2415 2445 nonne
2455 2392 2695 2459 quotidie
2736 2394 2944 2461 clamo,
2979 2393 3165 2447 dicens
3210 2410 3226 2446 :
3276 2391 3543 2462 Numquid
3580 2393 3837 2446 voluntate

2235 2480 2349 2534 volo
2389 2492 2599 2535 mortem
2644 2485 2953 2551 peccatoris,
2995 2484 3126 2537 sicut
3168 2483 3386 2536 converti
3425 2498 3539 2535 eum
3580 2492 3627 2536 et
3668 2483 3839 2536 virere

2240 2570 2450 2642 (Ezech.
2485 2574 2570 2629 18.
2595 2573 2688 2644 23)
2710 2575 2733 2628 ?
2754 2573 2941 2629 Nonne
2972 2584 3254 2644 prepterca
3281 2575 3463 2628 omnia
3489 2572 3656 2637 iacio,
3680 2583 3738 2628 ut
3764 2574 3835 2628 ab

2236 2663 2454 2719 interitu
2492 2667 2715 2735 eripiam
2743 2682 2839 2721 eos
2862 2668 2952 2737 qui
2982 2668 3051 2721 ab
3079 2682 3263 2722 errore
3294 2670 3644 2737 pramccupati
3668 2666 3835 2721 sunt?

2236 2755 2433 2809 Annon
2456 2757 2501 2810 si
2527 2757 2735 2812 videam
2762 2773 3051 2813 conversos
3075 2800 3092 2825 ,
3123 2758 3352 2813 dill'ero?
3377 2758 3563 2814 Nonne
3588 2773 3690 2829 ego
3712 2775 3835 2815 sunt

2236 2846 2325 2914 qui
2354 2844 2474 2901 dico
2508 2864 2523 2900 :
2556 2848 2738 2901 Adhuc
2768 2858 2815 2902 te
2835 2849 3069 2919 loquente
3095 2850 3263 2902 dicam
3291 2865 3312 2902 .·
3341 2866 3452 2904 ecce
3474 2850 3658 2903 adsunt
3694 2848 3833 2920 (Isa.

2236 2939 2323 2995 ss.
2350 2940 2408 3011 9)
2429 2942 2454 2995 ι
2472 2941 2610 2996 Num
2632 2943 2709 2997 sic
2730 2941 2831 3012 ipsi
2856 2955 2969 2997 suae
2987 2925 3175 2997 salutis
3202 2942 3346 2997 avidi
3372 2951 3517 3009 sunt,
3542 2952 3598 2996 ut
3623 2943 3751 2997 mihi
3780 2943 3835 2998 in

2240 3034 2441 3102 optatis
2468 3043 2551 3089 est
2580 3050 2768 3090 omnes
2794 3034 3037 3090 homines
3064 3035 3244 3089 salvos
3273 3035 3417 3101 fieri,
3445 3043 3497 3089 et
3517 3034 3582 3089 ad
3604 3034 3839 3105 agnitio-

2238 3140 2361 3180 nem
2385 3127 2628 3181 veritatis
2643 3126 2827 3181 venire
2853 3128 2931 3197 (ι.
2955 3125 3141 3180 Τὶηι.2.
3175 3126 3275 3196 6)?
3300 3124 3439 3179 Nutu
3468 3125 3610 3180 enim
3641 3140 3739 3179 vos
3767 3141 3836 3182 ex

2238 3215 2406 3271 nihilo
2443 3218 2668 3287 produxi
2691 3259 2706 3281 ,
2738 3217 3089 3287 utpordam?
3116 3232 3241 3271 num
3273 3217 3389 3272 sine
3418 3231 3576 3271 causa
3609 3232 3837 3287 regnum

2238 3305 2472 3361 futurum
2520 3315 2576 3360 et
2613 3308 2891 3363 innumera
2938 3307 3074 3361 bona
3117 3306 3454 3375 praeparari?
3491 3308 3683 3361 Annon
3714 3322 3841 3377 pro-

2238 3406 2358 3466 pter
2389 3396 2491 3452 hoc
2528 3405 2581 3453 ct
2609 3398 2906 3468 gehennam
2945 3399 3175 3452 minatus
3214 3412 3367 3461 sunt,
3400 3406 3459 3452 ut
3494 3397 3651 3465 hujus
3690 3408 3841 3453 metu

2238 3489 2482 3543 homines
2522 3489 2574 3543 in
2606 3504 2833 3560 regnum
2857 3491 3108 3544 caelorum
3135 3486 3512 3544 introducam?
3538 3487 3616 3543 Nc
3643 3488 3840 3557 igitur,

2239 3593 2271 3633 ο
2301 3580 2455 3635 beate
2483 3578 2742 3648 prOpheta
2764 3621 2781 3647 ,
2815 3581 2940 3635 illos
2968 3582 3273 3651 relinquens
3294 3622 3310 3647 ,
3337 3579 3467 3633 mihi
3492 3574 3685 3633 alteras
3710 3592 3842 3633 ora-

2241 3671 2439 3725 tionem
2488 3689 2501 3725 :
2546 3670 2640 3726 sed
2684 3670 2809 3726 illud
2855 3687 3021 3727 unum
3076 3672 3170 3726 tibi
3220 3686 3364 3725 curto
3395 3670 3503 3733 sit,
3533 3680 3587 3723 ut
3622 3668 3843 3724 illorum

2242 3762 2459 3817 morbus
2492 3772 2745 3831 sanetur,
2777 3772 2832 3819 et
2862 3764 2914 3818 in
2941 3779 3159 3819 sensum
3190 3759 3514 3817 inﬁrmitatis
3539 3775 3653 3815 sum
3674 3769 3845 3831 atque

2240 3853 2307 3907 ad
2343 3854 2698 3909 valetudinem
2736 3855 2836 3924 ipsi
2876 3855 3238 3919 reducantur;
3283 3862 3337 3908 et
3362 3868 3478 3907 mea
3505 3853 3726 3907 omnino
3752 3866 3845 3908 se-

2240 3954 2487 4013 quentur.
2536 3944 2719 4014 Neque
2768 3946 2913 4000 enim
2962 3961 3181 4012 moror,
3231 3946 3313 4001 vel
3359 3944 3584 4013 dill‘ero,
3624 3944 3847 4014 quando

2240 4037 2395 4093 video
2435 4040 2668 4093 animam
2693 4046 2900 4109 gratam
2932 4056 2944 4091 :
2980 4054 3141 4093 unum
3168 4039 3312 4093 enim
3338 4047 3542 4091 tantum
3568 4037 3788 4107 requiro
3813 4078 3833 4106 ,

2245 4144 2433 4197 nempe
2464 4141 2519 4184 ut
2546 4132 2906 4185 confiteantur
2933 4138 3146 4199 peccata
3165 4171 3180 4196 ,
3213 4141 3267 4184 et
3291 4130 3359 4184 ab
3386 4130 3465 4184 cis
3493 4128 3840 4199 abstineant,

2244 4227 2299 4272 et
2340 4234 2446 4273 non
2496 4221 2629 4273 ultra
2672 4218 2845 4274 infero
2890 4236 3103 4290 pmnam
3142 4223 3397 4290 peccatis.
3434 4220 3759 4291 Nunrgrave
3785 4230 3847 4279 et

2241 4310 2529 4366 molestum
2576 4319 2660 4366 est
2705 4311 2849 4382 quod
2900 4327 2929 4365 a
2978 4328 3065 4366 me
3110 4313 3465 4382 proponitur?
3504 4312 3617 4366 Nisi
3644 4312 3847 4369 scirem

2242 4402 2539 4459 deteriores
2571 4404 2684 4458 ﬁeri
2703 4446 2718 4469 ,
2752 4403 2964 4473 quando
2990 4404 3169 4474 priora
3200 4411 3414 4472 peccata
3439 4417 3546 4457 non
3576 4402 3849 4459 conﬁten-

2245 4503 2359 4561 tur,
2391 4509 2562 4565 neque
2583 4494 2811 4564 idipsum
2838 4494 3188 4563 requirerem.
3219 4493 3415 4548 Verum
3441 4493 3564 4563 quia
3588 4494 3700 4548 scio
3728 4492 3835 4549 ho-

2245 4584 2449 4640 minum
2470 4600 2652 4655 genus
2682 4586 2850 4655 magis
2879 4584 2946 4639 ad
2977 4594 3251 4654 peccatum
3281 4599 3521 4655 vergere,
3554 4594 3843 4655 pmpterea

2245 4676 2369 4731 volo
2413 4687 2470 4731 ιιι
2518 4677 2875 4731 conﬁteantur
2917 4675 3093 4745 priora
3134 4686 3383 4746 peccata,
3425 4684 3480 4732 et
3503 4676 3851 4737 confessione

2248 4767 2629 4838 prohibeantur
2657 4782 2733 4822 ne
2751 4767 2804 4822 in
2827 4766 3015 4821 cadent
3044 4766 3305 4821 recidant.

2317 4859 2371 4913 5.
2408 4858 2535 4913 Haec
2560 4858 2721 4926 igitur
2750 4859 3045 4927 cogitantes
3066 4898 3080 4922 ,
3114 4856 3330 4925 dilecti,
3361 4872 3424 4912 ac
3454 4858 3663 4913 Domini
3685 4850 3849 4915 beni-

2245 4948 2499 5019 gnitatem
2529 4948 2585 5002 in
2608 4948 2786 5012 animo
2812 4957 3088 5003 versantes
3112 4989 3125 5011 ,
3160 4964 3225 5003 ne
3254 4950 3422 5003 simus
3450 4948 3665 5019 desides
3700 4967 3715 5005 :
3748 4951 3848 5007 sed

2248 5054 2492 5109 magnam
2521 5038 2690 5092 nostri
2712 5037 2946 5107 ipsorum
2970 5053 3217 5109 geramus
3246 5053 3427 5092 curam
3453 5080 3467 5103 ,
3497 5048 3551 5093 et
3580 5050 3838 5109 peceato-

2249 5145 2369 5184 rum
2416 5129 2653 5182 maculas
2680 5143 2963 5198 purgemus
2986 5170 3001 5193 ,
3033 5138 3193 5196 atque
3222 5130 3299 5183 sic
3324 5130 3388 5183 ad
3416 5139 3724 5185 sanctorum
3756 5132 3850 5186 in-

2251 5219 2632 5276 tercessionem
2683 5234 3049 5289 properemus.
3092 5219 3223 5273 Nam
3269 5220 3315 5274 si
3351 5220 3515 5274 sobrii
3562 5230 3617 5275 et
3657 5221 3849 5288 vigiles

2249 5326 2371 5368 esse
2416 5311 2741 5366 voluerimus
2760 5352 2775 5375 ,
2812 5312 2973 5365 etiam
3015 5326 3111 5380 per
3140 5325 3239 5365 nos
3270 5312 3413 5379 ipsos
3436 5321 3652 5367 orantes
3675 5312 3847 5381 pluri-

2250 5420 2396 5459 mum
2441 5404 2595 5458 nobis
2629 5403 2980 5472 proderimus.
3024 5402 3154 5458 Nam
3197 5404 3448 5473 quoniam
3488 5405 3726 5459 clemens
3763 5416 3846 5462 est

2256 5496 2512 5550 Dominus
2540 5504 2722 5549 noster
2746 5535 2760 5559 ,
2784 5510 2890 5549 non
2921 5495 2999 5548 sic
3028 5495 3214 5548 annuit
3237 5506 3357 5548 cum
3389 5493 3458 5548 ab
3485 5494 3602 5547 aliis
3625 5510 3722 5562 pro
3749 5511 3848 5551 no-

2253 5588 2335 5644 bis
2362 5596 2575 5654 oratur,
2604 5594 2662 5641 ut
2688 5601 2807 5641 cum
2837 5602 2869 5641 a
2895 5586 3047 5641 nobis
3077 5586 3227 5655 ipsis.
3258 5584 3388 5639 Vide
3413 5584 3705 5640 bonitatem
3727 5588 3847 5642 exi-

2318 5723 2392 5784 (ει)
2427 5722 2562 5783 Atqui
2588 5720 2716 5787 idem
2735 5722 2839 5787 ipse
2863 5718 3100 5782 prepheta
3126 5717 3263 5787 estis
3291 5718 3372 5777 qui
3390 5717 3475 5787 hic
3497 5729 3850 5773 commemora-

2258 5782 2355 5849 tur,
2375 5782 2586 5848 'etcujus
2609 5782 2985 5845 locusaﬁertur,
3011 5793 3191 5844 nempe
3221 5782 3473 5830 Jcretnias.
