4060 6420
223 387 332 445 όοῖ

222 501 357 568 ὑμῖν
407 496 773 567 διηγούμενοι,
832 494 1050 550 καὶτὸν
1078 493 1190 548 τῶν
1232 494 1486 565 Σοδόμων
1542 491 1901 564 ἐμπρησμὸν,

223 585 344 637 ἐκεῖ
360 584 449 637 τὸν
484 583 641 651 λόγον
660 585 992 653 ἐστήσαμεν,
1020 582 1157 635 ὅπου
1189 582 1218 631 ό
1240 581 1450 642 δίκαιος
1479 581 1559 642 εἰς
1588 579 1687 648 τήν
1710 575 1908 647 Σηγὼρ

226 671 484 741 διεσώθη.
530 672 593 725 ⁸0
627 671 801 738 ἥλιος
824 672 931 741 γάρ
968 668 1231 737 ἐξῆλθε-ν
1268 669 1369 722 ἐπὶ
1408 666 1518 735 τῆς
1546 667 1678 733 στῆς
1702 706 1716 729 ,
1751 668 1904 733 φησὶν

225 762 327 815 καί
371 758 501 813 Λὼτ
550 758 837 825 εἰσῆλθεν
872 761 961 825 είς
1011 756 1251 827 Emi-)9,
1284 758 1379 810 καὶ
1426 756 1546 808 τότε
1578 758 1611 825 ή
1648 752 1907 822 θεήλατος

221 846 409 916 ἐκείνη
442 845 582 916 όργὴ
617 844 744 907 τούς
767 862 826 897 τε
858 846 917 899 ὲν
944 845 1199 914 Σοδόμοις
1232 842 1520 904 κατέλαϐε,
1559 840 1776 910 καὶτῆς
1802 840 1905 907 γῆς

218 934 317 985 τὸν
360 931 667 1001 ἀφανισμὸν
713 931 1029 1000 εἰργάσατο,
1064 931 1151 983 ὅτε
1182 930 1278 982 καὶ
1313 930 1346 1000 ή
1378 929 1517 998 γυνη
1563 928 1656 981 τοῦ
1693 926 1904 979 δικαίου

223 1019 592 1087 ἐπιλαθομένη
629 1015 734 1068 τῶν
770 1017 1044 1087 ῥηθέντων
1076 1016 1228 1088 παρά
1253 1015 1361 1068 τῶν
1394 1014 1665 1085 ἀγγέλων,
1689 1014 1907 1067 ἐπιϐλέ-

223 1104 372 1171 ψασα
395 1105 472 1166 είς
509 1103 580 1155 τά
605 1103 802 1167 όπίσω,
833 1104 1050 1171 ἐγένετο
1095 1103 1263 1174 στήλη
1314 1102 1461 1169 ἀλδς,
1494 1102 1738 1171 διηνεκὲς
1774 1102 1906 1154 ὑπόο

229 1207 417 1260 μνημα
447 1193 568 1253 ταῖς
616 1190 757 1259 μετά
785 1190 959 1242 ταῦτα
997 1190 1213 1257 γενεαῖς
1265 1189 1363 1259 τῆς
1389 1189 1594 1251 οἰκείας
1631 1187 1906 1258 ῥᾳθυμίας

226 1277 597 1347 παρεχομένη.
647 1279 969 1344 Ἀναγκαῖον
1008 1272 1101 1329 οῦν
1126 1278 1365 1348 σήμερον
1395 1274 1465 1327 τὰ
1492 1274 1620 1343 ἐξῆς
1650 1274 1905 1326 ἐπελθόν-

222 1382 323 1423 τας
348 1366 519 1434 μικρά
544 1382 666 1417 τινα
693 1363 1042 1434 διαλεχθῆναι
1069 1364 1205 1434 πρὸς
1225 1362 1325 1434 τὴν
1361 1364 1631 1433 ὑμετέραν
1662 1362 1902 1431 ἀγάπην,

226 1452 315 1503 ῐνα
347 1451 506 1504 πάλιν
530 1450 707 1520 είδῆτε
741 1450 832 1502 τοῦ
868 1450 1208 1521 πατριάρχου
1233 1450 1293 1502 τὸ
1322 1448 1603 1519 συμπαθὲς
1634 1450 1726 1501 καὶ
1758 1450 1905 1517 φιλό-

227 1555 475 1608 στοργον,
513 1537 724 1591 καὶτοῦ
754 1536 888 1589 Θεοῦ
924 1538 1019 1606 τὴν
1050 1540 1179 1608 περὶ
1221 1536 1641 1593 αὐτὸνιεύνοιαν.
1689 1537 1905 1607 Ἐπειδὴ

228 1624 356 1692 7'29.
395 1623 495 1692 τῆς
522 1623 785 1692 ἀνατολῆς
808 1623 899 1675 τοῦ
934 1623 1087 1691 ήλίου
1132 1623 1432 1692 γενομένης
1453 1662 1467 1684 ,
1509 1625 1536 1674 ό
1569 1624 1669 1691 μὲν
1700 1621 1905 1684 δίκαιος

221 1709 349 1764 Λὼτ
376 1711 454 1771 είς
483 1711 581 1779 τήν
601 1709 797 1779 Σηγὼρ
828 1708 1083 1778 διεσώθη.
1108 1711 1155 1761 οί
1184 1710 1240 1762 δὲ
1267 1712 1335 1762 τὰ
1591 1710 1905 1763 κατοικοῦν-

218 1811 315 1858 τες
347 1795 453 1847 ὑπὸ
480 1795 577 1865 τὴν
600 1796 756 1866 δίκην
780 1796 1086 1871 γεγόνασιν,
1114 1797 1144 1847 ό
1170 1795 1515 1865 πατριάρχης
1547 1798 1681 1865 όμοῦ
1719 1798 1906 1849 κάκεί-

220 1898 348 1943 νους
369 1882 656 1951 οἰκτείρων
682 1883 782 1950 τῆς
810 1882 1107 1944 ἀπωλείας,
1143 1883 1211 1950 ην
1233 1881 1323 1933 διά
1352 1881 1452 1949 τὴν
1480 1882 1688 1933 οἰκείαν
1725 1899 1905 1949 παρα-

218 1969 418 2036 νομίαν
443 1967 766 2038 ὑπέμειναν,
800 1969 894 2021 καὶ
928 1969 1059 2039 περὶ
1086 1968 1181 2020 τοῦ
1206 1968 1420 2021 δικαίου
1443 1968 1650 2037 σφόδρα
1688 1969 1907 2037 φροντί-

218 2052 355 2118 ζων,
392 2054 673 2123 όρθρίσας,
705 2054 861 2122 φησι,
886 2054 1245 2123 περιεσκόπει
1274 2056 1341 2107 τά
1376 2055 1739 2124 γεγενημένα.
1774 2057 1909 2121 Ὠρ-

220 2143 394 2207 θρισε
418 2140 548 2210 γάρ,
590 2141 778 2210 φησὶν.
821 2140 1079 2208 Ἀϐραὰμ
1122 2138 1206 2204 τῷ
1238 2141 1391 2207 πρωϊ
1420 2142 1506 2204 είς
1549 2141 1656 2193 τόν
1694 2142 1905 2205 τόπον,

219 2221 295 2280 οὗ
319 2224 585 2291 εἱστήκει
610 2225 894 2279 ἐναντίον
938 2224 1046 2279 τοῦ
1096 2225 1266 2286 Θεοῦ,
1304 2226 1399 2277 καί
1432 2224 1769 2293 ἐπέϐλεψεν
1805 2226 1908 2279 ἐπὶ

219 2312 553 2377 πρόσωπον
598 2310 711 2378 τῆς
747 2310 1078 2380 περιχώρου
1112 2313 1393 2380 Σοδόμων
1434 2311 1527 2365 καί
1575 2313 1905 2380 Γομόρρας,

218 2398 325 2451 καί
362 2394 504 2452 εἰδε.
532 2398 644 2452 Καί
669 2398 802 2452 ίδοὺ
833 2398 1109 2453 ἀνέϐαινε
1148 2398 1307 2467 φλὸξ
1328 2399 1396 2451 ἐκ
1441 2398 1552 2465 τῆς
1584 2397 1718 2467 γῆς,
1762 2400 1906 2452 ὡσεί

222 2485 401 2553 ἀτμίς
429 2486 704 2554 καμίνου.
756 2486 846 2539 Ἐν
878 2486 1096 2557 ἐκείνῳ,
1139 2486 1293 2556 φησὶ,
1346 2486 1425 2556 τῷ
1455 2488 1607 2555 τόπῳ
1644 2484 1905 2554 γεγονὼς,

220 2570 353 2624 [νθα
382 2572 479 2642 τὴν
508 2572 742 2637 διάλεξιν
769 2573 904 2645 πρὸς
929 2573 1019 2626 τὸν
1042 2574 1319 2644 Δεσπότην
1355 2576 1667 2641 ἐποιήσατο,
1696 2573 1791 2626 καὶ
1812 2572 1909 2643 τὴν

225 2657 355 2729 περὶ
403 2656 512 2710 τῶν
539 2660 597 2711 ἐν
650 2658 900 2727 Σοδόμοις
951 2659 1321 2729 παράκλησιν,
1355 2658 1500 2728 ἑώρα
1534 2660 1631 2728 τῆς
1674 2658 1911 2739 φοϐερᾶς

204 2745 442 2816 ’ἐκείνης
466 2747 736 2816 τιμωρίας
770 2746 835 2799 τά
859 2748 1000 2817 ἴχνη,
1025 2747 1232 2799 καὶτοῦ
1263 2746 1473 2799 δικαίου
1497 2747 1681 2798 ἕνεκεν
1718 2747 1909 2816 μαθεῖν

217 2848 274 2884 τι
309 2831 595 2903 ἐπεθύμει.
622 2832 873 2885 Τοιοῦτον
899 2833 1007 2903 γάρ
1035 2833 1143 2886 τῶν
1171 2833 1343 2901 ἁγίων
1371 2834 1430 2884 τὸ
1457 2833 1593 2895 ἔθος,
1628 2833 1911 2902 φιλόστορ-

219 2933 321 2985 γον
356 2917 449 2969 καὶ
484 2913 922 2987 συμπαθητικόν.
980 2918 1087 2970 Καὶ
1136 2918 1223 2971 ἵνα
1283 2918 1471 2989 διδάξῃ
1522 2921 1668 2987 ἡμᾶς
1720 2918 1910 2989 ήθεία

220 3003 439 3074 Γραφη,
470 3003 552 3055 δτι
586 3003 787 3067 εὐθέως
829 3004 977 3074 αὐτῷ
1006 3004 1197 3057 τούτου
1239 3004 1338 3074 τὴν
1371 3004 1571 3071 γνῶσιν
1596 3004 1851 3072 ἐνέθηκεν
1877 3007 1909 3075 ή

219 3089 321 3141 τοῦ
355 3088 674 3158 Πνεύματος
713 3091 895 3161 χάρις,
951 3092 1083 3160 ὁμοῦ
1125 3091 1179 3143 δὲ
1212 3093 1307 3144 καὶ
1338 3091 1429 3145 τόν
1460 3091 1667 3143 δίκαιον
1694 3092 1781 3145 ίνα
1810 3092 1909 3161 τῆς

223 3176 357 3247 περὶ
386 3175 480 3228 τοῦ
519 3176 643 3229 Λὼτ
695 3176 980 3248 ἀπαλλάξῃ
1018 3177 1295 3248 φροντίδος
1327 3190 1375 3239 ﬂ,
1429 3179 1629 3248 φησίν·
1674 3180 1779 3232 Ἕν
1831 3180 1910 3245 τῷ

221 3263 498 3331 ἐκτρῖψαι
522 3265 742 3333 Κύριον
777 3267 881 3329 τὰς
907 3269 1116 3331 πόλεις
1150 3264 1258 3332 τῆς
1285 3268 1609 3333 περιοίκου,
1632 3268 1909 3337 ἐμνήσθη

150 3408 155 3411 _
223 3354 259 3406 ό
284 3350 432 3417 Θεὸς
457 3351 566 3405 τοῦ
624 3353 900 3421 Ἀϐραὰμ,
955 3354 1053 3405 καί
1110 3352 1505 3417 ἐξαπέστειλε
1532 3354 1640 3407 τὸν
1673 3357 1804 3409 Λὼτ
1841 3356 1910 3409 ἐκ

218 3438 420 3507 μέσου
448 3438 561 3505 τῆς
583 3438 1026 3506 καταστροφῆς.
1055 3440 1119 3491 Τί
1147 3442 1315 3501 ἐστιν,
1354 3441 1661 3509 Ἐμνήσθη
1695 3444 1727 3495 ὁ
1767 3443 1911 3507 Θεὸς

223 3521 335 3573 τοῦ
382 3521 630 3590 Ἁϐραάμ
655 3538 673 3584 ;
705 3523 815 3591 Τῆς
846 3522 1261 3592 παρακλήσεως,
1290 3525 1473 3594 φησιν,
1496 3521 1564 3596 ἦς
1595 3527 1909 3595 ἐποιήσατο,

224 3606 422 3675 λέγων,
452 3607 551 3675 Μὴ
588 3609 1025 3676 συναπολέσῃς
1059 3608 1294 3662 δίκαιον
1340 3613 1491 3679 μετά
1530 3613 1813 3676 ἀσεϐοῦς.
1846 3613 1911 3665 Τί

224 3692 343 3755 οὖν,
368 3695 434 3747 ἂν
465 3695 609 3748 εῐποι
637 3712 740 3758 τις,
788 3696 876 3749 διὰ
903 3696 1000 3765 τὴν
1044 3696 1389 3767 παράκλησιν
1436 3699 1529 3750 τού
1568 3700 1909 3770 πατριάρχου

224 3783 253 3833 ό
292 3781 502 3843 δίκαιος
522 3781 776 3851 διεσώθη,
808 3782 903 3835 καὶ
940 3781 1060 3851 οὐχὶ
1100 3783 1186 3835 διά
1216 3783 1313 3851 τὴν
1357 3784 1490 3837 ίδίαν
1525 3785 1908 3856 δικαιοσύνην;

224 3868 358 3931 Ναὶ,
390 3869 485 3921 καὶ
539 3868 628 3921 διὰ
658 3869 757 3939 τὴν
791 3868 1137 3939 παράκλησιν
1188 3870 1282 3922 τοῦ
1346 3874 1721 3941 πατριάρχουο
1782 3874 1912 3926 ὅταν

226 3955 339 4023 γὰρ
363 3953 430 4007 τά
453 3957 583 4026 παρ’
618 3956 826 4008 ἑαυτῶν
859 3956 1381 4026 συνεισενέγκωμεν,
1413 3960 1504 4009 καὶ
1533 3961 1565 4029 ή
1616 3959 1765 4030 ποιρά
1803 3960 1910 4013 τῶν

225 4041 456 4095 δικαίων
488 4042 637 4115 [449]
660 4043 926 4113 πρεσϐεία
944 4043 1011 4095 τά
1042 4044 1276 4111 μέγιστα
1304 4047 1453 4115 ήμᾶς
1477 4046 1737 4115 ὀνίνησιν.
1759 4048 1911 4099 Ἐπεὶ

226 4130 326 4181 ἐὰν
356 4130 511 4182 αὐτοὶ
536 4130 635 4199 μὲν
671 4130 1029 4200 ρᾳθυμῶμεν,
1064 4130 1158 4192 τὰς
1181 4130 1237 4183 δὲ
1262 4132 1483 4194 ἐλπίδας
1509 4132 1607 4203 τῆς
1636 4134 1911 4203 ήμετέρας

228 4217 506 4286 σωτηρίας
555 4219 640 4269 ἐπ’
696 4218 927 4280 ἐκείνοις
990 4216 1171 4287 μόνοις
1224 4218 1525 4288 ποιώμεθα,
1576 4221 1728 4272 οὐδὲν
1778 4221 1911 4291 ήμῖν

227 4303 384 4356 ἐσται
416 4302 607 4355 πλέον’
639 4305 739 4357 οὐκ
766 4305 953 4374 ἐπειδὴ
981 4304 1226 4368 ἀσθενεῖς
1258 4307 1306 4357 οί
1331 4306 1548 4368 δίκαιοι,
1582 4307 1698 4360 ἀλλ’
1722 4308 1910 4379 ἐπειδὴ

226 4392 392 4460 ἡμεῖς
418 4390 508 4443 διὰ
539 4390 638 4460 τῆς
661 4392 869 4454 οἰκείας
902 4391 1172 4461 ῥᾳθυμίας
1200 4393 1423 4455 ἑαυτοὺς
1458 4395 1801 4464 προδίδομεν.

304 4477 371 4546 β’.
415 4480 525 4532 Καὶ
568 4478 655 4532 ῖνα
699 4477 878 4549 μάθῃς
915 4478 1031 4539 ὃτι,
1068 4480 1195 4531 ὅταν
1228 4479 1545 4550 ἀμελῶμεν,
1582 4483 1687 4535 κᾶν
1710 4483 1909 4535 δίκαιοι

227 4556 364 4617 ὦσιν
402 4565 451 4616 οί
499 4564 640 4635 ὑπὲρ
670 4564 827 4633 ήμῶν
881 4565 1326 4633 παρακαλοῦντες
1355 4608 1370 4632 ,
1417 4567 1519 4621 κᾶν
1588 4568 1866 4639 προφῆται
1891 4607 1908 4634 ,

225 4653 381 4706 οὐδὲν
412 4654 541 4723 ημῖν
575 4656 640 4706 ἐκ
660 4654 849 4707 τούτου
879 4652 1070 4722 ὄφελος
1102 4656 1310 4721 γίνεται
1364 4656 1595 4726 (ἐκεῖνοι
1651 4658 1752 4727 μὲν
1800 4658 1911 4729 γὰρ

226 4740 329 4809 τὴν
359 4738 568 4792 ἑαυτῶν
600 4740 799 4811 ἀρετὴν
827 4740 921 4793 καὶ
952 4739 1041 4793 διά
1070 4740 1275 4794 τούτων
1308 4741 1727 4808 ἐπιδείκνυνται,
1777 4746 1909 4813 ἡμῖν

228 4826 286 4878 δὲ
313 4826 541 4897 οὐδεμία
566 4826 718 4879 ἔσται
755 4827 943 4897 ὄνησις
984 4827 1072 4880 διά
1100 4827 1189 4881 τὸν
1216 4830 1413 4881 οἰκεῖον
1441 4829 1699 4899 τρόπον),
1746 4830 1911 4883 ἀκου-

231 4930 324 4967 σον
352 4913 447 4966 τοῦ
472 4912 579 4966 τῶν
602 4915 739 4967 ὅλων
778 4915 912 4967 Θεοῦ
933 4916 1068 4985 πρὸς
1094 4916 1186 4968 τὸν
1220 4916 1285 4969 ὲκ
1319 4916 1531 4980 κοιλίας
1575 4918 1909 4986 ἀγιασθέντα

237 5001 511 5071 Ἰερεμίαν
530 5001 621 5054 τὸν
651 5004 937 5072 προφήτην
966 5002 1191 5069 λέγοντα
1216 5020 1231 5034 ·
1258 5002 1354 5070 Μὴ
1390 5007 1735 5073 προσεύχου
1780 5005 1909 5073 περὶ

228 5088 337 5141 τοῦ
387 5088 542 5142 λαοῦ
574 5090 810 5153 τούτου,
862 5088 953 5143 ὅτι
980 5091 1092 5142 οὐκ
1125 5091 1563 5159 είσακούσομαί
1583 5108 1719 5144 σου.
1765 5092 1909 5163 Ὅρα

228 5174 323 5225 τοῦ
347 5174 616 5241 Δεσπότου
644 5174 1055 5245 φιλανθρωπίαν
1073 5192 1088 5207 '
1117 5177 1371 5247 προλέγει
1404 5176 1482 5247 τῷ
1514 5179 1785 5249 προφήτῃ,
1821 5180 1909 5233 ἵνα

232 5272 309 5330 μη
345 5261 484 5329 μετά
524 5260 587 5314 τὸ
632 5260 1033 5332 προσεύξασθαι
1096 5264 1535 5333 παρακουσθεὶς,
1586 5264 1781 5336 νομίσῃ
1826 5268 1907 5319 ὅτι

228 5346 321 5399 διά
340 5346 439 5417 τὴν
469 5348 599 5417 παρ’
636 5346 802 5400 αὐτοῦ
837 5348 1014 5401 αἰτίαν
1042 5347 1202 5402 τοῦτο
1247 5351 1560 5419 γεγένηται.
1613 5352 1713 5403 Διά
1750 5355 1908 5407 τοῦτο

230 5432 337 5501 ήδη
364 5432 671 5502 προμηνύει
703 5432 852 5502 αὐτῷ
877 5434 975 5505 τὴν
1002 5434 1199 5487 κακίαν
1232 5433 1325 5487 τοῦ
1352 5436 1505 5498 λαοῦ,
1536 5437 1629 5489 καὶ
1658 5438 1907 5492 διαστέλ-

228 5518 380 5572 λεται
414 5520 491 5589 μὴ
538 5520 941 5590 προσεύξασθαι
966 5562 980 5586 ,
1017 5523 1103 5575 ’ίνα
1133 5523 1228 5575 καὶ
1259 5523 1417 5585 αὐτὸς
1450 5523 1646 5578 εἰδέναι
1683 5525 1779 5596 ἔχῃ
1808 5529 1908 5597 τῆς

231 5605 499 5676 πονηρίας
539 5607 763 5661 ἐκείνων
813 5610 905 5681 τὴν
947 5610 1217 5673 ἐπίτασιν,
1267 5612 1509 5663 κάκεῖνοι
1552 5612 1797 5682 μάθωσιν
1834 5615 1910 5679 ὡς

228 5691 383 5745 οὐδὲν
412 5692 593 5756 αὐτοῖς
621 5694 651 5745 ό
680 5697 967 5767 προφήτης
997 5696 1399 5767 συμϐάλλεται,
1434 5699 1480 5750 εί
1518 5698 1592 5769 μὴ
1628 5702 1721 5754 καὶ
1754 5703 1907 5756 αὐτοὶ

230 5778 298 5832 τά
330 5782 463 5848 παρ’
489 5780 696 5834 ἑαυτῶν
723 5784 1053 5851 εἰσενεγκεῖν
1084 5783 1438 5854 βουληθῶσιν.
1477 5786 1654 5858 Ὅπερ
1681 5789 1899 5856 εἰδότες,

293 5883 491 5959 ’ξαχίι
516 5888 567 5959 εξ(
596 5887 807 5958 _quidam
847 5890 931 5941 alii
974 5890 1050 5938 ἵνα
1084 5896 1165 5948 τῆς
1202 5891 1307 5949 περὶ
1347 5888 1432 5940 τοῦ
1454 5891 1637 5942 δικαίου
1660 5898 1900 5959 φροντίδος

230 5943 473 6007 inani“
496 5943 653 5996 αὐτόν.

1353 380 1422 437 IN
1458 378 1612 437 CAP.
1659 377 1779 434 XIX
1821 375 2067 435 GENES.
2112 376 2344 433 HOMIL.
2387 374 2571 434 XLIV.

3578 382 3688 439 ωε

2008 492 2323 561 ἀγαπητοὶ,
2381 488 2816 561 καταφεύγωμεν
2878 488 2980 562 μὲν
3046 488 3141 544 ἐπὶ
3200 488 3301 553 τὰς
3353 490 3464 544 τῶν
3519 492 3691 561 ἁγίων

2008 595 2111 646 πρε
2122 578 2330 640 σϐείας,
2356 579 2449 631 καὶ
2467 577 2879 648 παρακαλῶμεν
2900 576 3039 630 ῶστε
3056 576 3198 647 ὑπὲρ
3224 576 3381 647 ήμῶν
3407 577 3685 649 δεηθῆναι,

2004 665 2138 717 ἀλλὰ
2181 666 2255 734 μὴ
2296 667 2416 728 ταῖς
2455 665 2677 717 ἐκείνων
2711 664 2940 727 ἰκετίαις
2989 664 3150 733 μόνον
3182 664 3511 735 θαρρῶμεν,
3552 665 3692 719 ἀλλά

2005 752 2098 803 καὶ
2126 751 2279 804 αὐτοὶ
2302 752 2371 805 τά
2400 750 2520 803 καθ’
2558 752 2781 813 ἑαυτοὺς
2805 752 3032 813 δεόντως
3060 752 3461 821 οίκονομῶμεν,
3480 753 3690 820 καὶτῆς

2008 838 2103 889 ἐπὶ
2134 836 2195 889 τὸ
2228 837 2435 905 βέλτιον
2468 835 2775 905 μεταϐολῆς
2808 836 3091 906 ἐχώμεθα,
3142 837 3229 890 ἵνα
3281 836 3693 907 χώρανηδῶμεν

2004 929 2071 996 τῇ
2111 926 2377 996 πρεσϐεία
2404 929 2472 997 τῇ
2502 926 2644 996 ὑπὲρ
2671 924 2829 995 ήμῶν
2872 926 3151 995 γινομένῃ.
3197 924 3369 977 Τοῦτο
3418 926 3512 978 καὶ
3555 925 3693 995 πρὸς

2006 1013 2193 1082 ἕτερον
2236 1013 2523 1082 προφήτην
2633 1010 2797 1079 φησὶν
2844 1013 2871 1062 ό
2916 1010 3021 1061 τῶν
3066 1011 3325 1064 ἁπάντων
3367 1010 3646 1081 Δεσπότης
3676 1024 3690 1038 ⁸

2000 1104 2125 1169 Οὐχ
2178 1098 2323 1167 όρᾷς
2372 1101 2428 1152 τί
2480 1098 2650 1152 αὐτοὶ
2702 1097 2979 1158 ποιοῦσι;
3038 1095 3301 1165 Θυμιῶσι
3347 1099 3552 1166 στέαρ,
3593 1097 3694 1151 καί

2006 1182 2284 1250 χαυῶνας
2307 1182 2549 1236 ποιοῦσι
2578 1180 2655 1248 τῇ
2681 1178 2932 1249 στρατιᾷ
2960 1179 3066 1233 τοῦ
3088 1182 3381 1248 οὐρα-νοῦο
3411 1184 3695 1250 μονονουχὶ

2006 1268 2180 1333 λέγων
2219 1270 2353 1337 πρὸς
2378 1269 2541 1321 αὐτόν
2567 1283 2581 1297 ’
2626 1267 2795 1338 Ὑπὲρ
2836 1267 3042 1319 τούτων
3075 1284 3142 1335 με
3174 1268 3516 1336 παρακαλεῖς
3537 1307 3551 1329 ,
3585 1268 3695 1321 τῶν

2005 1355 2104 1424 οὐχ
2153 1355 2455 1425 ίσταμένων
2494 1354 2595 1423 τῆς
2636 1356 2939 1424 πονηρίας,
2978 1353 3087 1405 τῶν
3137 1354 3391 1424 οὐδεμίαν
3441 1355 3696 1423 αἴσθησιν

2006 1443 2397 1512 λαμϐανόντων
2443 1442 2545 1511 τῆς
2595 1442 2753 1495 νόσου
2802 1444 2860 1494 ἐν
2992 1442 3338 1512 κατέχονται,
3387 1442 3499 1495 ἀλλ’
3523 1442 3696 1506 οὕτως

2006 1529 2329 1598 ἀναλγήτως
2355 1530 2743 1599 διακειμένων;
2786 1530 2895 1598 Οὐχ
2921 1529 3053 1599 ὁρᾷς
3080 1529 3259 1581 αὐτῶν
3288 1529 3390 1601 τὴν
3417 1530 3693 1600 ὑπερϐάλ-

2004 1617 2203 1669 λουσαν
2254 1619 2697 1687 καταφρόνησινς
2749 1617 2809 1668 οὐ
2858 1616 3074 1683 βλέπεις
3126 1617 3308 1670 αὐτῶν
3352 1618 3453 1687 τὴν
3498 1619 3696 1688 μανίαν

2004 1704 2103 1771 τὴν
2126 1704 2377 1773 νπολλήν;
2414 1703 2531 1764 πῶς
2560 1703 2774 1755 οὐδέπω
2804 1703 2963 1772 κόρον
2988 1705 3243 1772 εἰλήφασι
3278 1704 3378 1773 τῆς
3416 1705 3693 1767 ἀσεϐείας,

2006 1788 2142 1842 ἀλλά
2188 1790 2441 1859 καθάπερ
2486 1782 2551 1852 ὗς
2599 1792 2658 1842 ἐν
2704 1790 2987 1859 βορϐόρῳ,
3035 1790 3209 1852 οὕτως
3253 1790 3693 1857 ὲγκαλινδοῦνται

2004 1879 2123 1938 ταῖς
2150 1878 2380 1937 οἰκείαις
2426 1876 2828 1947 παρανομίαις;
2870 1877 2962 1946 Μὴ
2990 1876 3099 1947 γὰρ
3124 1916 3137 1938 ,
3174 1880 3221 1929 εἰ
3252 1877 3538 1931 ἐϐούλοντο
3570 1880 3692 1931 ἐπι-

2008 1962 2288 2030 στρέφειν,
2323 1962 2742 2031 παρακληθῆναι
2783 1963 3075 2031 ἀνέμενον;
3119 1964 3234 2015 Οὐκ
3266 1961 3377 2029 ἐῇὒ
3404 1965 3523 2033 εἰμι
3551 1966 3580 2018 ό
3606 1965 3696 2019 διὰ

2004 2046 2114 2097 τῶν
2152 2048 2450 2116 προφητῶν
2494 2047 2631 2115 βοῶν
2678 2048 2771 2099 καὶ
2805 2048 2978 2112 λέγων
3008 2065 3022 2078 ·
3068 2050 3177 2102 Καί
3222 2045 3399 2102 εἷπον
3431 2050 3584 2118 μετὰ
3628 2052 3693 2104 τό

2007 2133 2338 2199 πορνεῦσαι
2396 2132 2592 2197 αὑτήν
2617 2150 2631 2165 ·
2668 2133 2831 2186 Μετὰ
2897 2134 3082 2187 ταῦτα
3149 2135 3348 2188 πάντα
3412 2136 3558 2204 πρός
3620 2155 3700 2206 με

2005 2218 2420 2286 ἁνάστρεψον,
2451 2221 2550 2272 καί
2579 2222 2691 2273 οὐκ
2723 2220 3101 2289 ἀνέστρεψες
3131 2209 3224 2291 Μὴ
3266 2223 3376 2293 γὰρ
3414 2222 3603 2295 ἔτερόν
3637 2240 3692 2279 τι

2007 2305 2175 2373 ζητῶ.
2206 2306 2238 2375 ἢ
2273 2306 2588 2358 παύσασθαι
2608 2306 2709 2376 τῆς
2739 2309 3005 2378 πονηρίας
3035 2308 3219 2376 μόνον,
3247 2309 3344 2363 καὶ¹
3374 2310 3566 2378 στῆναι
3587 2311 3699 2363 τῶν

2009 2390 2197 2443 κακῶν
2218 2409 2231 2454 ;
2266 2391 2341 2461 μή
2371 2393 2441 2460 γά
2449 2410 2481 2463 ρ
2504 2393 2644 2464 ὑπὲρ
2669 2393 2779 2447 τῶν
2800 2395 3183 2465 παρελθόντων
3210 2396 3442 2460 εὐθύνας
3456 2397 3697 2463 ἀπαιτῶ,

2007 2478 2103 2530 ἐάν
2150 2478 2242 2530 ίδω
2300 2479 2734 2548 μεταϐάλλεσθαι
2777 2480 3176 2551 βουλομένους;
3210 2484 3269 2536 οὐ
3305 2485 3427 2537 καθ’
3460 2485 3700 2555 ἑκάστην

2009 2568 2226 2638 ἡμέραν
2278 2567 2386 2636 βοῶ
2426 2568 2597 2636 λέγων
2624 2586 2635 2597 ·
2666 2571 2748 2622 Οὐ
2795 2570 3044 2638 θελήσει
3096 2573 3251 2626 θέλω
3292 2573 3399 2625 τὸν
3437 2573 3703 2627 θάνατον

2008 2653 2114 2707 τοῦ
2158 2654 2535 2723 ἁμαρτωλοῦ,
2580 2656 2661 2721 ὡς
2705 2656 2772 2710 τό
2816 2657 3178 2727 ἐπιστρέψαι
3207 2659 3445 2727 καὶζῆν
3475 2662 3700 2724 αὐτόν;

2010 2741 2083 2793 Οὐ
2114 2740 2203 2794 διὰ
2233 2740 2393 2793 τοῦτο
2420 2742 2599 2796 πάντα
2632 2742 2773 2797 ποιῶ
2792 2785 2807 2809 ,
2843 2744 2928 2797 ἵνα
2958 2745 3059 2814 τῆς
3104 2738 3376 2808 ἀπωλέίας
3405 2747 3703 2815 ἐξαρπάσω

2008 2828 2240 2891 τούςὲπί
2264 2832 2331 2900 τῇ
2359 2830 2535 2901 πλάνῃ
2561 2830 3183 2901 προκατειλημμένους;
3207 2833 3301 2904 Μὴ
3324 2834 3456 2903 γὰρ,
3484 2834 3579 2888 ἐὰν
3608 2833 3703 2887 ίδω

2015 2914 2543 2983 μεταϐαλλομένους,
2572 2916 2968 2987 ὑπερτίθεμαι;
2998 2919 3110 2971 Οὐκ
3132 2919 3241 2985 ἐγώ
3271 2920 3387 2988 είμι
3419 2920 3447 2973 ό
3481 2918 3655 2985 λέγων
3684 2937 3699 2953 ο

2014 3002 2143 3055 Ἐτι
2188 3001 2533 3065 λαλοῦντός
2582 3020 2701 3057 σου
2748 3002 2899 3071 ἐριῖν
2947 3004 3093 3057 Ἰδοὺ
3126 3005 3414 3077 λπάρειμυ
3467 3006 3558 3077 Μὴ
3593 3006 3704 3075 γάρ

2009 3086 2184 3150 οὕτως
2219 3089 2376 3141 αὐτοὶ
2407 3088 2737 3159 ἐπιθυμοῦσι
2765 3068 2863 3160 τῆς
2888 3090 3097 3143 ἑαυτῶν
3124 3068 3423 3163 σωτηρίας.
3470 3068 3558 3156 ὼς-
3577 3068 3704 3164 ἐμοὶ

2012 3175 2484 3247 περισπούδαστόν
2512 3178 2662 3229 ἐστιν
2695 3177 2943 3240 ἅπαντας
2972 3178 3293 3248 ἀνθρώπους
3324 3180 3586 3250 σωθῆναι,
3608 3182 3703 3233 καὶ

2011 3266 2091 3326 είς
2115 3264 2411 3332 ἐπίγνωσιν
2437 3264 2695 3335 ἀληθείας
2728 3264 2905 3318 ἇλθεῖν
2931 3285 2946 3326 ;
2979 3264 3131 3337 [450]
3173 3265 3263 3334 Μὴ
3294 3266 3404 3336 γὰρ
3432 3268 3520 3321 διὰ
3545 3266 3704 3321 τοῦτό
3768 3316 3773 3317 ,

2012 3365 2070 3401 σε
2110 3351 2219 3404 ἀπὸ
2247 3351 2343 3404 τοῦ
2374 3352 2447 3422 μὴ
2482 3352 2634 3416 όντος
2669 3354 3012 3423 παρήγαγον,
3053 3355 3142 3408 ίνα
3169 3356 3457 3422 ἀπολέσω;
3492 3358 3566 3428 μή
3594 3359 3702 3429 γὰρ

2012 3438 2135 3507 εἰκῆ
2170 3442 2269 3507 τὴν
2303 3439 2582 3507 βασιλείαν
2621 3440 2715 3493 καὶ
2758 3440 2830 3493 τὰ
2878 3441 3049 3511 μυρία
3078 3441 3172 3495 καὶ
3202 3442 3490 3513 ἀπόρρητα
3521 3445 3706 3512 ἀγαθά

2012 3526 2351 3596 ηὐτρέπισας
2380 3529 2515 3597 (ιύχὶ
2551 3528 2641 3581 διὰ
2682 3528 2840 3582 τοῦτο
2882 3530 2977 3582 καὶ
3020 3532 3245 3599 γέενναν
3274 3533 3585 3604 ἠπείλησα,
3614 3535 3704 3589 ῑνα

2012 3618 2091 3679 είς
2124 3618 2225 3687 τὴν
2261 3617 2538 3686 βασιλείαν
2572 3620 2817 3683 ἃπαντας
2848 3621 2943 3673 καὶ
2979 3621 3069 3674 διὰ
3109 3622 3302 3675 τούτου
3336 3623 3563 3695 δραμεῖν
3593 3642 3704 3678 πα-

2016 3708 2380 3775 ρασκευάσως
2411 3709 2502 3779 Μὴ
2528 3708 2708 3761 τοίνυν
2735 3750 2749 3773 ,
2779 3704 2825 3763 ὦ
2862 3711 3097 3780 μακάριε
3129 3712 3386 3781 προφῆτα
3407 3755 3421 3776 ,
3460 3713 3705 3779 ἐκείνους

2013 3793 2466 3863 καταλιμπάνων,
2501 3798 2623 3866 ἐμοὶ
2652 3798 2897 3866 πρόσαγε
2940 3799 3040 3867 τήν
3073 3799 3421 3870 παράκλησιν
3444 3843 3459 3866 ,
3490 3800 3606 3855 ἀλλ’
3645 3802 3704 3855 ἐν

2014 3897 2096 3935 σοι
2118 3880 2277 3934 τοῦτο
2301 3883 2390 3936 διά
2412 3884 2647 3953 σπουδῆς
2675 3885 2837 3949 ἔστω,
2870 3884 3011 3939 ὥστε
3038 3887 3138 3956 τῆς
3167 3888 3393 3941 ἐκείνων
3415 3888 3575 3941 νόσου
3607 3906 3701 3943 πε-

2015 3972 2343 4040 ριγενέσθαι,
2383 3972 2478 4025 καὶ⁸
2521 3974 2601 4032 εἰς
2646 3973 2898 4043 ςῖσθησιν
2939 3974 3166 4042 ἀγαγεῖν
3216 3976 3317 4044 τῆς
3364 3977 3700 4045 ἀρρωστίας,

2012 4061 2107 4114 καὶ
2138 4062 2275 4132 πρὸς
2304 4061 2514 4135 ὑγίειαν
2557 4064 2926 4130 ἐπαναγαγεῖν
2948 4105 2962 4128 ,
2994 4062 3088 4115 καὶ
3126 4062 3197 4118 τὰ
3229 4064 3359 4134 παρ’
3394 4063 3532 4135 ἐμοῦ
3562 4065 3702 4119 πάν-

2012 4163 2120 4209 τως
2153 4126 2364 4215 lipara;
2496 4147 2605 4218 γὰρ
2639 4126 2835 4217 μέλλωτ
2867 4126 2985 4202 οὐδὲ
3025 4126 3399 4220 ἀναϐάλλομαι
3478 4152 3703 4207 ἐπειδάν

2016 4233 2314 4309 {sqq/um
2341 4234 2659 4305 εὐγνώμονα
2684 4254 2699 4268 ·
2724 4236 2782 4288 ἒν
2804 4238 2912 4307 γὰρ
2936 4237 3097 4307 μόνον
3118 4237 3382 4307 ἐπιζητῶ,
3407 4238 3700 4309 ὁμολογίαν

2012 4304 2129 4373 τῶν
2154 4322 2553 4391 ὲπταισμένων,
2584 4323 2676 4376 καὶ
2703 4323 2799 4376 οὑν
2828 4324 2903 4375 ἔτι
2937 4324 3034 4394 τὴν
3060 4325 3151 4377 ἐπὶ
3184 4328 3295 4388 τοῖς
3314 4326 3701 4397 ἐπταισμένοις

2012 4407 2167 4485 δίκην
2222 4408 2434 4475 ἐπάγω.
2490 4409 2582 4479 Μὴ
2622 4410 2733 4480 γὰρ
2781 4410 2918 4480 βαρύ
2971 4428 3023 4463 τι
3070 4413 3164 4464 καὶ
3211 4414 3447 4483 ἐπαχθὲς
3476 4414 3539 4466 τό
3569 4416 3699 4485 παρ’

2008 4482 2148 4564 ἐμοῦ
2190 4495 2636 4567 προτεινόμενον;
2680 4495 2742 4549 Εἰ
2784 4496 2859 4567 μὴ
2902 4496 3050 4565 ᾔδειν
3094 4497 3309 4568 χείρους
3324 4482 3697 4569 ίγινομένουξ.

2013 4582 2077 4633 ἐκ
2125 4582 2219 4633 τοῦ
2268 4583 2343 4653 μὴ
2382 4582 2717 4653 ὁμολογῆσαι
2754 4582 2827 4635 τά
2863 4583 3103 4654 πρότερα
3148 4585 3523 4656 ἁμαρτήματα
3548 4625 3563 4646 .
3596 4589 3700 4640 οὐκ

2011 4666 2078 4720 ἂν
2100 4668 2221 4720 οὐδέ
2248 4668 2405 4721 τοῦτο
2435 4669 2681 4738 ἐζήτουν.
2726 4670 2867 4722 Ἀλλ’
2902 4670 3091 4741 ἐπειδὴ
3119 4667 3235 4724 οἴδα
3266 4672 3325 4724 τὸ
3358 4673 3469 4727 τῶν
3492 4672 3702 4747 ἀνθρώ-

2012 4774 2130 4809 πων
2168 4757 2324 4824 γένος
2369 4756 2569 4827 μᾶλλον
2615 4760 2752 4827 πρὸς
2793 4759 2989 4812 κακίαν
3014 4761 3201 4831 ῥέπον,
3242 4760 3331 4814 διά
3365 4762 3525 4816 τοῦτο
3573 4763 3698 4833 βού-

2011 4841 2175 4911 λομαι
2200 4843 2271 4896 τὰ
2298 4844 2538 4915 πρότερα
2565 4844 2897 4915 ὁμολογῆσαι
2928 4848 3302 4919 ἁμαρτήματα
3324 4891 3338 4914 ,
3384 4851 3472 4904 ἵνα
3504 4852 3537 4922 ή
3572 4855 3701 4923 όμο-

2010 4928 2167 4995 λογία
2210 4930 2441 5002 κώλυμα
2489 4932 2675 4996 αὐτοῖς
2718 4934 2950 5005 γένηται
2986 4936 3123 5007 πρὸς
3160 4936 3223 4989 τὸ
3266 4936 3342 5010 μὴ
3370 4940 3485 5003 τοῖς
3516 4940 3699 5005 αὐτοῖς

2011 5038 2351 5090 περιπεσειν.

2080 5179 2148 5235 γ’.
2192 5168 2378 5222 Ταῦτα
2410 5167 2613 5231 τοίνυν,
2649 5167 2948 5237 ἀγαπητοὶ,
2983 5169 3458 5241 ἀναλογιζόμενοι,
3494 5176 3586 5226 καὶ
3612 5174 3695 5226 ἐν-

2009 5255 2258 5318 νοοῦντες
2284 5256 2378 5308 τοῦ
2407 5256 2684 5325 ἡμετέρου
2710 5256 2984 5312 Δεσπότου
3018 5259 3119 5329 τὴν
3152 5260 3586 5331 φιλανθρωπίαν,
3620 5262 3697 5332 μὴ

2012 5342 2370 5412 ρᾳθυμῶμεν,
2413 5341 2551 5395 ἀλλὰ
2594 5344 2859 5416 πρότερον
2922 5344 3115 5416 πολλὴν
3164 5346 3377 5399 ἑαυτῶν
3428 5347 3527 5417 τὴν
3575 5350 3698 5399 ἐπια

2014 5431 2234 5501 μέλειαν
2265 5429 2568 5500 ποιώμεθα,
2593 5434 2687 5485 καὶ
2717 5433 2809 5486 τὸν
2844 5434 3017 5503 ῥύπον
3050 5436 3144 5488 τὸν
3173 5436 3282 5488 ἀπὸ
3306 5434 3416 5489 τῶν
3446 5437 3698 5507 ἁμαρτη-

2013 5519 2199 5587 μάτων
2226 5517 2641 5587 ἐκκαθάρωμεν,
2672 5520 2766 5572 καί⁵
2795 5519 2969 5583 οὕτως
2998 5522 3090 5573 ἐπὶ
3121 5521 3220 5584 τὰς
3262 5520 3562 5591 πρεσϐείας
3588 5522 3697 5576 τῶν

2009 5605 2181 5671 ἀγίων
2234 5604 2572 5675 σπεύδωμεν.
2632 5606 2759 5659 Ἐὰν
2807 5606 2914 5679 γάρ
2974 5608 3295 5679 βουλώμεθα
3350 5611 3541 5680 νήφειν
3604 5612 3698 5662 καὶ

2011 5692 2392 5762 ἐγρηγορέναι,
2434 5693 2528 5743 καὶ
2553 5692 2621 5744 δι’
2652 5693 2861 5747 ἐαυτῶν
2886 5694 3332 5766 παρακαλοῦντες
3365 5696 3447 5748 τά-
3462 5696 3697 5764 μέγιστα

2016 5776 2344 5846 όνησόμεθα.
2392 5778 2608 5849 Ἐπειδὴ
2633 5778 2742 5850 γάρ
2767 5780 3149 5852 φιλάνθρωπός
3186 5783 3334 5834 ἐστιν
3369 5784 3398 5834 ό
3421 5782 3698 5851 Δεσπότης

2010 5865 2038 5916 ό
2072 5864 2338 5935 ἡμέτερος
2360 5905 2373 5928 ,
2406 5865 2505 5935 οὐχ
2546 5865 2691 5919 οὕτω
2713 5867 2780 5920 δι’
2814 5868 3017 5939 ἐτέρων
3048 5868 3535 5941 παρακαλούμενος
3556 5869 3696 5938 ὑπὲρ

2011 5950 2167 6022 ήμῶν
2212 5951 2471 6022 ἐπινεύει,
2519 5953 2594 6019 ὡς
2630 5954 2696 6007 δι’
2741 5954 2901 6026 ήμῶν
2945 5956 3144 6013 αὐτῶν.
3187 5957 3329 6027 Ὅρα
3362 5955 3693 6025 ἀγαθότητος
