4060 6422
139 389 250 448 ιω

136 506 307 559 iniam
333 520 348 558 :
373 517 496 558 nam
522 503 568 559 si
595 501 787 560 viderit
810 515 909 557 nos
933 499 1026 572 qui
1054 497 1378 556 oﬂ‘endimus
1398 538 1414 564 ,
1434 505 1490 554 et
1517 493 1748 568 ignomi-

143 595 286 650 niosi
324 593 448 650 facti
472 610 681 662 sumus,
712 593 1022 663 nullamque
1050 591 1311 647 habemus
1333 587 1601 658 llduciam,
1623 599 1754 657 pau-

143 684 317 740 lulum
340 686 586 752 excitari,
612 694 666 740 et
685 684 753 740 ad
775 684 1075 741 clementia
1095 698 1208 738 sua:
1226 680 1442 738 divitias
1460 678 1755 750 confugere

142 777 399 832 votent'es
420 817 437 842 ,
467 777 647 831 statim
678 775 928 847 precibus
950 774 1172 842 annuit,
1198 783 1256 831 et
1283 788 1501 829 manum
1533 770 1758 842 porrigit

141 864 451 934 iacentibus
477 875 533 922 et
559 866 736 937 lapsos
765 866 984 933 excitat,
1010 865 1314 936 clamatque
1339 864 1527 920 dicens
1545 880 1560 919 :
1581 861 1756 917 Nunt-

145 955 278 1024 quid
317 955 404 1024 qui
451 955 590 1008 cadit
607 996 622 1022 ,
672 972 774 1010 non
813 964 1037 1026 resurget
1081 953 1299 1026 (lerem.
1342 953 1398 1009 8.
1427 951 1484 1025 4)
1501 952 1528 1006 ‘l
1557 945 1756 1008 Veﬂtm

149 1055 212 1100 ut
265 1045 426 1100 etiam
463 1061 531 1101 ex
570 1046 734 1101 rebus
764 1046 896 1116 ipsis
921 1045 1152 1101 'discatis
1178 1042 1451 1115 quomodo
1479 1040 1632 1098 multi
1663 1056 1760 1112 per

147 1137 476 1206 semctipsos
512 1147 731 1193 orantes
760 1138 812 1192 id
838 1137 980 1207 quod
1007 1136 1294 1208 cupiebant
1319 1137 1515 1192 melius
1543 1135 1756 1205 assequi

149 1227 466 1294 valuerunt,
496 1243 655 1298 quam
693 1243 791 1299 per
817 1229 1045 1284 aliorum
1073 1241 1293 1299 preces,
1320 1241 1502 1298 operte
1526 1226 1756 1297 pretium

151 1317 314 1396 fuerit
341 1333 437 1374 eos
455 1359 471 1383 ,
501 1319 695 1388 quibus
721 1319 771 1374 id
796 1319 1018 1389 contigit
1036 1360 1053 1388 ,
1085 1319 1138 1374 in
1161 1318 1396 1374 medium
1423 1317 1757 1388 producere,

151 1419 212 1462 ut
237 1420 290 1465 et
321 1424 420 1465 nos
443 1410 745 1476 imitemur,
778 1419 830 1466 et
861 1409 931 1464 ad
960 1410 1354 1465 aemulationem
1381 1421 1758 1479 provocemur.

152 1504 453 1564 Audiamus
482 1504 643 1574 igitur
669 1503 941 1575 quomodo
964 1502 1270 1560 Chanamca
1300 1501 1390 1558 illa
1417 1500 1612 1556 mulier
1633 1513 1759 1554 cum

153 1603 307 1650 esset
351 1594 676 1666 alienigena,
708 1603 764 1651 et
790 1595 969 1651 anima
987 1595 1142 1650 valde
1159 1593 1528 1660 cruciaietur,
1557 1592 1648 1647 ubi
1677 1590 1761 1646 vi-

152 1686 236 1741 dit
274 1685 538 1741 ledicum
577 1686 877 1742 animarum
896 1726 915 1752 ,
941 1694 997 1742 et
1026 1685 1206 1742 Solem
1226 1684 1450 1756 iustitia:
1477 1683 1570 1754 qui
1597 1696 1763 1739 exor-

154 1787 244 1832 tus
263 1786 348 1833 est
371 1778 437 1833 iis
462 1778 553 1849 qui
579 1777 771 1834 sedent
795 1779 849 1832 in
880 1777 1150 1844 tenebris,
1180 1775 1407 1832 accessit
1425 1773 1494 1830 ad
1515 1788 1637 1829 eum
1660 1774 1765 1829 fer-

152 1870 283 1924 vido
309 1878 365 1923 et
387 1869 554 1924 alacri
581 1868 762 1925 studio
788 1870 932 1924 mota
967 1885 980 1922 :
1012 1883 1187 1939 neque
1211 1867 1334 1922 ideo
1356 1866 1574 1937 segnior
1601 1864 1763 1934 facta,

154 1960 304 2031 quod
343 1960 429 2015 vel
470 1960 698 2029 mulier,
726 1959 813 2016 vel
841 1960 1139 2030 alienigena
1170 1967 1315 2015 esset
1343 1975 1358 2013 :
1387 1958 1485 2015 sed
1513 1957 1766 2012 omnibus

155 2052 564 2121 impedimentis
590 2052 824 2124 repulsis
841 2093 858 2120 ,
886 2060 944 2107 ut
967 2052 1229 2117 accessit,
1260 2049 1433 2121 inquit
1458 2065 1474 2103 :
1508 2047 1762 2115 Domine,

155 2145 398 2199 miserere
425 2145 558 2211 mei,
584 2145 702 2216 quia
729 2145 842 2213 [ilia
867 2160 979 2199 mea
1005 2144 1140 2198 male
1160 2159 1194 2196 α
1222 2141 1476 2197 άωιιιοιιὲο
1505 2147 1767 2211 torquetur

156 2235 375 2304 (Matth.
405 2236 495 2292 15.
526 2235 644 2308 22).
672 2236 872 2292 Verum
899 2235 990 2307 qui
1017 2234 1118 2290 scit
1143 2232 1454 2289 abscondita
1483 2231 1727 2290 cordimn
1746 2270 1765 2298 ,

159 2338 304 2382 tacet
331 2337 386 2382 et
412 2343 520 2382 non
552 2319 866 2398 respondet,
890 2342 1064 2398 neque
1084 2340 1333 2382 sermone
1351 2339 1472 2380 eam
1491 2324 1763 2394 dignatur,

157 2435 340 2489 neque
380 2418 667 2475 miseretur
709 2419 986 2485 mulieris,
1027 2433 1189 2489 quam
1226 2416 1443 2473 videbat
1472 2424 1621 2471 tanto
1644 2429 1767 2470 cum

155 2509 361 2579 ejulatn
385 2509 678 2575 accedere;
703 2510 799 2566 sed
827 2509 1008 2564 dill‘ert
1028 2550 1042 2573 ,
1064 2511 1251 2564 vofens
1275 2507 1547 2564 occultum
1579 2505 1771 2562 ιιιιιΙίις

158 2601 239 2656 ris
288 2599 602 2656 thesaurum
650 2601 902 2655 omnibus
939 2599 1282 2656 manifestum
1326 2598 1520 2655 facere.
1549 2596 1770 2654 Sciebat

157 2693 306 2747 enim
333 2691 666 2748 reconditam
693 2693 1037 2763 margaritam
1054 2733 1071 2758 ,
1103 2706 1264 2762 quam
1291 2705 1391 2747 nos
1415 2690 1584 2763 latere
1611 2688 1771 2745 noleo

161 2784 253 2839 bat
287 2794 386 2839 :et
417 2783 617 2839 idcirco
653 2761 936 2839 differebat
953 2823 971 2847 ,
999 2795 1055 2838 et
1083 2761 1187 2838 nec
1215 2795 1478 2852 responso
1505 2761 1769 2851 dignaba-

160 2883 268 2940 tur,
291 2882 350 2929 ut
371 2875 600 2945 posteris
624 2874 874 2929 omnibus
895 2873 1134 2928 mulieris
1153 2872 1412 2928 sedulitas
1426 2886 1617 2942 magna
1635 2871 1774 2926 foret

159 2964 428 3020 doctrina.
483 2964 552 3020 Et
600 2965 722 3021 vide
765 2964 1087 3020 inell'abilem
1137 2963 1232 3018 Dei
1279 2962 1594 3018 bonitatem.
1649 2960 1771 3032 Ipse

160 3053 343 3120 enim,
375 3054 582 3126 inquit,
610 3070 719 3110 non
756 3053 1116 3125 respondebat
1143 3053 1235 3118 ei;
1269 3051 1519 3123 discipuli
1545 3061 1726 3108 autem
1747 3090 1769 3120 ,

160 3143 254 3214 qui
294 3144 586 3200 admodum
620 3143 996 3201 misericordes
1021 3153 1076 3199 et
1102 3144 1322 3215 benigni
1351 3159 1474 3200 esse
1502 3141 1764 3198 videban-

161 3243 284 3298 tur,
311 3249 421 3289 non
461 3233 659 3290 audent
685 3232 968 3290 manifeste
995 3233 1209 3297 dicere,
1243 3233 1317 3288 Da
1345 3232 1394 3288 ei
1419 3231 1564 3304 quod
1597 3231 1766 3302 petit,

161 3324 424 3380 miserere
448 3325 520 3388 ei,
540 3337 657 3380 esto
683 3325 732 3380 ei
758 3323 1035 3380 clemens:
1065 3323 1160 3380 sed
1188 3323 1356 3394 quid?
1381 3321 1594 3378 Dimitte
1619 3340 1731 3378 eam
1748 3361 1768 3392 ,

161 3415 281 3485 quia
325 3415 516 3470 clamat
561 3424 674 3484 post
719 3431 812 3469 nos
855 3413 1020 3483 (Ibid.
1061 3430 1110 3469 ιι.
1139 3414 1232 3486 25)
1257 3454 1273 3479 ,
1303 3414 1458 3485 quasi
1483 3414 1722 3469 dicerent
1747 3428 1767 3469 :

163 3505 356 3562 Libera
401 3520 503 3562 nos
543 3519 574 3560 a
613 3505 892 3571 molestia,
942 3504 1110 3560 libera
1153 3520 1254 3560 nos
1291 3519 1322 3557 a
1347 3503 1582 3559 clamore
1609 3517 1770 3573 quem

162 3597 382 3653 excitat.
427 3595 567 3664 Quid
616 3595 776 3667 igitur
825 3595 1130 3652 Dominus?
1173 3595 1378 3652 Putatis
1411 3609 1532 3661 me,
1563 3594 1768 3664 inquit,

164 3688 373 3760 absque
410 3703 571 3744 causa
607 3689 840 3744 tacuisse
861 3730 877 3755 ,
921 3699 974 3745 et
1030 3701 1293 3758 responso
1318 3702 1437 3742 eam
1463 3701 1572 3741 non
1605 3686 1772 3742 fuisse

161 3777 479 3850 diguatum?
510 3778 702 3836 Audite
743 3797 756 3833 :
803 3779 924 3834 Non
962 3797 1073 3835 sum
1100 3779 1286 3834 missus
1312 3779 1412 3834 nisi
1433 3779 1503 3834 ad
1521 3794 1636 3833 oves
1659 3793 1773 3849 quas

163 3871 422 3940 perierunt
467 3871 649 3926 domus
691 3869 860 3926 Israel
888 3870 1047 3946 (Ibid.
1073 3888 1120 3925 u.
1148 3871 1264 3940 21).
1295 3869 1545 3936 Nescitis,
1577 3870 1768 3941 inquit,

163 3960 522 4032 alienigenam
563 3962 845 4018 mulierem
887 3977 1010 4019 esse
1037 3963 1062 4016 ?
1093 3961 1316 4017 nescitis
1357 3977 1445 4018 me
1475 3959 1628 4016 vobis
1657 3961 1771 4030 jam

164 4057 492 4124 prmeepisse
532 4070 604 4112 ne
643 4055 796 4111 iretis
822 4055 877 4110 in
912 4055 1053 4110 viam
1079 4054 1365 4125 gentium?
1401 4052 1581 4121 Quare
1607 4053 1771 4124 igitur

164 4149 284 4205 sine
310 4151 559 4206 examine
581 4149 1106 4229 commiserationem
1135 4165 1262 4222 erga
1289 4166 1409 4208 eam
1438 4150 1728 4207 declaratis
1744 4153 1772 4206 ἲ

163 4238 462 4296 Considera
489 4241 834 4298 multifariam
857 4244 948 4300 Dei
975 4244 1294 4314 sapientiam
1313 4283 1329 4308 ,
1353 4243 1626 4315 quomodo
1646 4258 1770 4300 cum

165 4330 499 4400 respondere
525 4331 838 4399 videbatur,
870 4333 1150 4389 mulierem
1181 4334 1351 4404 magis
1379 4334 1774 4405 perstringebat

164 4437 328 4493 quam
362 4423 572 4480 silendo
607 4443 622 4480 :
658 4435 713 4480 et
746 4425 899 4496 quasi
930 4425 1146 4482 letalem
1181 4427 1390 4497 plagam
1419 4425 1618 4492 dabat,
1645 4440 1775 4498 pro-

164 4527 364 4570 vocare
393 4515 646 4585 paulatim
673 4531 794 4572 eam
819 4517 1041 4585 volens,
1075 4527 1134 4572 ut
1160 4518 1432 4574 discerent
1463 4518 1774 4590 ignorantes

165 4603 458 4674 discipuli,
502 4615 700 4676 quanta
745 4607 798 4662 in
838 4622 900 4663 ea
942 4607 1132 4664 lateret
1174 4608 1327 4664 ﬁdes.
1359 4607 1465 4664 Sed
1498 4623 1670 4680 neque
1693 4609 1774 4665 sic

167 4695 374 4754 tardior
405 4695 833 4768 ,negligentiorve
875 4697 1011 4753 facta
1048 4707 1133 4754 est
1159 4697 1288 4754 visis
1325 4698 1603 4770 discipulis
1633 4699 1773 4758 nihil

169 4788 574 4859 proficientibus
592 4829 610 4855 ,
639 4804 815 4859 neque
843 4788 980 4845 dixit
1000 4790 1140 4845 intra
1167 4790 1514 4861 semetipsam
1545 4809 1561 4845 :
1584 4791 1641 4847 Si
1663 4808 1771 4847 non

171 4889 460 4950 potuerunt
506 4879 582 4935 illi
615 4880 899 4937 Dominum
951 4897 1050 4953 pro
1079 4898 1167 4939 me
1191 4897 1418 4941 exorare
1436 4925 1453 4950 ,
1480 4900 1646 4956 quare
1673 4901 1775 4958 ego

170 4975 370 5031 frustra
413 4988 704 5045 sequerer,
743 4985 798 5032 et
845 4977 1100 5032 continuo
1146 4975 1448 5034 iustarem?
1486 4978 1583 5034 sed
1623 4981 1776 5050 quasi

169 5075 355 5123 mente
377 5065 448 5121 ab
477 5067 598 5136 igne
626 5067 955 5123 inﬂammata
980 5077 1037 5124 et
1055 5083 1316 5124 succensa
1332 5111 1350 5136 ,
1374 5069 1777 5141 visceribusque

168 5158 483 5239 conscissis,
507 5159 714 5216 accedit
739 5160 992 5230 adorans,
1012 5171 1066 5218 et
1088 5163 1274 5219 dicens
1298 5181 1310 5218 :
1332 5163 1570 5232 Domine,
1590 5167 1778 5238 ndjuoa

171 5267 253 5306 me
291 5249 458 5320 (Ibid.
484 5266 534 5305 ιι.
574 5251 692 5324 23).
721 5252 816 5308 llle
841 5261 1022 5309 autem
1047 5269 1223 5324 neque
1248 5256 1325 5311 sic
1350 5255 1569 5326 adjuvat
1591 5258 1780 5313 mulie-

170 5357 288 5398 rem
307 5382 323 5406 ,
360 5340 458 5397 sed
495 5357 812 5412 responsum
837 5345 928 5400 dat
954 5347 1232 5416 superiore
1253 5349 1490 5418 gravius.
1524 5347 1646 5403 Non
1668 5360 1741 5404 est
1761 5391 1776 5417 ,

172 5434 368 5504 inquit,
401 5434 587 5488 bonum
612 5445 665 5489 ut
682 5437 896 5492 tollatur
918 5435 1073 5508 panis
1091 5439 1353 5506 ﬁliorum,
1381 5449 1431 5493 et
1460 5439 1604 5493 detur
1635 5443 1781 5494 cani-

174 5526 265 5579 bus
291 5523 454 5597 (Ibid.
487 5541 538 5580 ιι.
566 5527 678 5597 26).
707 5528 1000 5585 Considera
1023 5571 1038 5596 ,
1070 5531 1285 5598 dilecte,
1313 5543 1368 5589 et
1399 5533 1486 5589 hic
1511 5535 1780 5589 admirare

175 5616 374 5671 anima:
399 5617 516 5687 ejus
535 5617 886 5686 desiderium,
919 5630 975 5676 et
998 5621 1156 5676 fidem
1179 5623 1454 5681 eximiam.
1480 5623 1551 5680 Ut
1572 5623 1782 5680 audivit

175 5724 234 5764 se
268 5723 458 5764 canem
502 5710 608 5767 dici
630 5750 646 5779 ,
673 5727 778 5768 non
806 5714 1063 5782 gravatim
1095 5714 1256 5781 tulit,
1288 5731 1393 5771 non
1425 5717 1734 5772 rctrocessit
1763 5733 1777 5771 :

173 5801 272 5860 sed
311 5818 506 5876 ntagno
550 5815 603 5863 et
644 5806 733 5879 pio
759 5807 954 5866 allectu
998 5810 1169 5880 inquit
1212 5829 1226 5866 :
1269 5809 1477 5881 Etiam,
1509 5810 1774 5870 Domine:

1170 383 1238 441 IN
1275 381 1428 442 CAP.
1469 375 1618 440 XIX.
1657 369 1907 438 CENES.
1951 375 2185 436 "OMIL.
2226 377 2417 436 XLIV.

3367 380 3476 436 M0

1863 509 1981 547 nam
2012 503 2058 548 et
2078 494 2242 549 catuli
2268 493 2426 549 edunt
2451 493 2518 549 de
2543 493 2688 549 micis
2713 508 2900 548 ntenste
2918 491 3246 548 dominorum
3267 507 3477 549 suorum

1861 587 2077 660 (Matth.
2104 587 2193 644 15.
2213 587 2334 660 27).
2366 586 2672 652 Confiteor,
2697 586 2904 658 inquit,
2941 584 3179 641 catulum
3205 597 3294 640 me
3313 598 3477 643 esse:

1862 679 2030 750 igitur
2050 679 2191 736 sicut
2214 678 2454 735 catulum
2476 677 2702 748 dignare
2728 691 2816 732 me
2834 676 2990 731 micis
3010 688 3214 730 mensae
3230 687 3478 744 pascere.

1864 769 2058 826 Vidisti
2100 770 2344 825 mulieris
2377 768 2542 824 fidem
2579 777 2636 823 et
2663 767 2987 838 probitatem
3007 767 3033 819 7
3060 763 3308 834 Suscepit
3334 762 3479 835 quod

1860 861 2064 919 dictum
2091 869 2179 919 est
2195 903 2211 926 .
2233 869 2291 919 et
2313 861 2497 917 statim
2523 860 2574 917 id
2598 860 2669 917 de
2689 876 2798 930 quo
2820 857 3046 914 sollicita
3071 866 3187 913 erat
3207 856 3442 913 obtinuit
3462 894 3481 922 ,

1862 953 2202 1024 obtinuitque
2252 953 2424 1024 magis
2469 966 2594 1007 cum
2643 950 2913 1006 laudibus.
2966 946 3108 1017 Quid
3153 946 3298 1002 enim
3347 945 3482 1001 dicit

1862 1045 2156 1102 Christus?
2181 1043 2234 1100 ο
2263 1044 2465 1110 mulier,
2483 1059 2673 1114 magna
2699 1052 2773 1097 est
2799 1041 2929 1112 ﬁdes
2954 1048 3042 1094 tua
3070 1053 3091 1094 :
3116 1038 3211 1109 ﬁat
3233 1036 3324 1091 tibi
3348 1037 3483 1092 sicut

1863 1139 1937 1194 eis
1980 1136 2146 1207 (Ibid.
2186 1153 2234 1192 υ.
2281 1135 2402 1207 28).
2443 1133 2490 1189 0
2516 1134 2728 1200 mulier,
2775 1128 3150 1187 admirationis
3173 1128 3398 1183 verbum
3425 1133 3484 1180 et

1865 1232 2071 1288 dictum
2118 1229 2276 1285 laude
2317 1229 2558 1299 plenum.
2604 1226 2887 1297 Magnam,
2939 1225 3142 1296 inquit,
3192 1220 3478 1277 declarasti

1868 1323 2072 1388 fidem;
2119 1329 2405 1392 propterea
2451 1327 2598 1374 tanta
2635 1318 2731 1372 tibi
2775 1325 2963 1382 erunt,
2991 1324 3186 1387 quanta
3216 1313 3315 1368 vis.
3347 1311 3482 1369 Vide

1867 1413 2206 1470 liberalitatis
2247 1409 2696 1482 amplitudinem,
2745 1416 2802 1464 et
2843 1407 3110 1462 admirare
3135 1403 3351 1460 Domini
3387 1417 3480 1460 sa-

1868 1506 2145 1578 pientiam.
2190 1505 2385 1560 Annon
2433 1502 2503 1558 ab
2549 1501 2703 1558 initio
2738 1499 3090 1571 putabamus,
3137 1512 3261 1553 cum
3287 1495 3368 1552 sic
3395 1509 3486 1551 re-

1867 1599 2092 1671 pelleret
2129 1612 2250 1654 eam
2269 1638 2287 1665 ,
2331 1594 2806 1652 commiseratione
2833 1593 2980 1647 illum
3009 1590 3241 1650 careret
3270 1589 3340 1644 Et
3361 1587 3484 1661 pri-

1868 1706 2017 1749 mum
2042 1689 2262 1761 quidem
2289 1704 2396 1744 non
2415 1687 2744 1759 dignabatur
2764 1699 3030 1756 responso
3048 1724 3066 1750 ,
3090 1689 3279 1754 postea
3299 1689 3482 1738 autem

1870 1799 1968 1854 per
2006 1781 2241 1853 primum
2264 1789 2319 1837 et
2343 1778 2642 1836 secundum
2668 1791 2989 1848 responsum
3017 1775 3172 1846 quasi
3195 1771 3446 1845 abigebat
3462 1811 3481 1840 ,

1867 1885 1924 1932 et
1963 1888 2088 1929 eam
2130 1887 2252 1944 qua:
2275 1887 2402 1928 cum
2444 1879 2596 1926 tanto
2637 1868 2933 1925 advenerat
2975 1865 3249 1922 desiderio
3286 1871 3344 1920 et
3378 1863 3487 1920 fer-

1869 1980 2022 2032 vore,
2071 1964 2386 2034 repellebat.
2421 1961 2618 2018 Verum
2647 1976 2680 2015 a
2710 1960 2816 2015 fine
2839 1959 2989 2014 disce
3014 1956 3110 2013 Dei
3140 1955 3438 2012 bonitatem
3465 1969 3483 2018 ;

1869 2071 1998 2112 eum
2045 2069 2239 2126 nempe
2273 2053 2548 2108 volentem
2586 2066 2707 2106 eam
2728 2048 3015 2105 clariorem
3042 2045 3305 2112 reddere,
3337 2051 3484 2100 tanta

1870 2150 2130 2207 dilatione
2169 2147 2337 2204 fuisse
2375 2161 2555 2202 usum.
2597 2143 2808 2200 Etenim
2856 2141 2902 2197 si
2937 2139 3120 2196 statim
3168 2135 3484 2202 annuisset,

1872 2240 2292 2296 nescivissemus
2318 2251 2420 2292 nos
2443 2233 2687 2290 mulieris
2707 2233 2960 2288 virtutem
2992 2247 3007 2285 :
3039 2228 3165 2300 quia
3184 2235 3366 2284 autem
3387 2239 3487 2296 pa-

1873 2347 2093 2402 rumper
2128 2329 2372 2395 distulit,
2418 2337 2474 2384 et
2514 2324 2724 2381 Domini
2765 2321 3116 2394 cognovimus
3163 2315 3486 2375 inamabilem

1873 2423 2299 2488 humanitatem,
2329 2429 2385 2476 et
2403 2419 2548 2474 illius
2569 2417 2729 2473 fidem
2751 2414 3029 2471 eximiam.

1945 2517 2002 2571 4.
2035 2515 2160 2570 Non
2189 2523 2387 2568 tantum
2415 2511 2711 2583 perﬁcimus
2740 2523 2833 2578 per
2859 2507 2992 2560 alios
3031 2511 3236 2559 orantes
3258 2543 3278 2570 ,
3319 2515 3487 2574 quatt-

1875 2618 1984 2664 tum
2012 2623 2103 2675 per
2131 2621 2223 2659 nos
2250 2606 2410 2674 ipsos.
2444 2629 2519 2643 —-
2556 2599 2749 2654 Totam
2791 2606 2972 2651 autem
3018 2593 3159 2649 hanc
3203 2591 3485 2646 historiam

1875 2701 1930 2756 in
1958 2698 2196 2755 medium
2220 2695 2421 2752 all‘erre
2439 2691 2616 2749 coacti
2641 2703 2851 2754 sumus,
2879 2697 2940 2742 ut
2959 2685 3233 2741 discamus
3258 2695 3359 2737 nos
3378 2695 3487 2737 non

1877 2801 2086 2847 tantum
2115 2787 2379 2860 perlicere
2405 2799 2504 2855 per
2529 2783 2668 2838 alios
2687 2789 2930 2845 orantes,
2957 2786 3220 2848 quantum
3244 2788 3344 2846 per
3363 2785 3490 2828 nos-

1876 2883 2052 2953 ipsos,
2080 2880 2125 2934 si
2152 2878 2369 2949 quidem
2395 2891 2521 2932 cum
2549 2873 2715 2929 alacri
2759 2880 2816 2926 et
2854 2869 3005 2940 vigili
3034 2875 3218 2923 mente
3259 2861 3489 2921 acceda-

1875 2989 2018 3029 mus.
2048 2971 2344 3026 Euimvero
2369 2967 2459 3023 illa
2485 2975 2541 3023 et
2563 2963 2860 3034 discipulos
2884 2960 3093 3015 habens
3120 2972 3222 3029 pro
3243 2971 3305 3012 se
3328 2969 3487 3010 oran-

1875 3072 1980 3129 tes,
1994 3061 2139 3117 nihil
2169 3059 2418 3132 profecit,
2442 3057 2619 3113 donec
2643 3057 2759 3126 ipsa
2791 3067 2889 3122 per
2914 3065 2976 3106 se
3006 3061 3249 3120 praesens
3273 3055 3329 3102 et
3359 3060 3485 3117 per-

1873 3167 2132 3210 severans
2171 3149 2518 3206 clementiam
2549 3143 2760 3200 Domini
2791 3140 2894 3197 sibi
2929 3139 3266 3195 conciliaret.
3309 3139 3489 3205 Atque

1875 3243 2130 3317 parabola
2156 3241 2248 3297 illa
2269 3239 2429 3295 amici
2457 3239 2781 3305 intempesta
2804 3241 2964 3290 nocte
2985 3228 3273 3294 venientis,
3294 3236 3352 3282 et
3376 3236 3490 3282 tres

1847 3350 2045 3409 .panes
2070 3332 2326 3404 petentis,
2353 3329 2494 3385 idem
2523 3329 2700 3399 ipsum
2741 3323 3066 3382 subindicat.
3097 3319 3240 3375 Nunt
3263 3318 3487 3384 etiamsi,

1873 3430 2072 3484 amicus
2098 3427 2234 3489 licet,
2267 3441 2371 3479 non
2402 3421 2664 3485 exaudiat,
2695 3428 2922 3473 attamen
2949 3415 3028 3470 vel
3055 3423 3262 3483 propter
3291 3412 3490 3482 impor-

1840 3550 1846 3555 -
1874 3519 2142 3574 tuuitatent
2169 3524 2367 3586 surget,
2396 3523 2444 3568 et
2469 3513 2516 3567 ei
2540 3510 2682 3565 dabit
2719 3507 2886 3578 (Luc.
2917 3507 3004 3562 ll.
3034 3505 3130 3577 8).
3155 3504 3336 3573 Itaque
3361 3515 3491 3560 cum

1874 3609 2158 3666 videamus
2185 3603 2510 3659 ineffabilem
2531 3598 2874 3656 clementiam
2907 3595 3122 3651 Domini
3163 3592 3357 3657 nostri,
3398 3604 3491 3647 ac-

1874 3700 2136 3758 cedamus
2165 3695 2233 3752 ad
2276 3711 2402 3752 eum
2428 3733 2444 3758 ,
2486 3690 2814 3753 declaratis,
2858 3697 2916 3743 et
2940 3686 3094 3757 quasi
3133 3693 3262 3740 ante
3299 3680 3492 3738 oculos

1877 3801 2098 3850 nostros
2126 3788 2420 3860 propositis
2448 3784 2730 3856 speciatim
2757 3780 2984 3852 singulis
3010 3776 3246 3848 peccatis
3265 3773 3488 3841 nostris,

1873 3887 2040 3942 etiam
2073 3897 2171 3950 pro
2213 3878 2500 3950 put-teritis
2531 3875 2746 3931 veniam
2792 3883 3072 3943 petamus,
3104 3877 3164 3923 ut
3206 3866 3263 3922 in
3307 3864 3491 3922 futuro

1876 3975 2070 4047 majori
2097 3973 2371 4044 diligentia
2393 3972 2658 4035 viventes,
2682 3966 2991 4023 uberiorem
3010 3960 3128 4032 ejus
3152 3957 3487 4016 benevolen-

1877 4070 2006 4126 tiam
2051 4080 2427 4135 assequamur.
2483 4061 2681 4118 Verum
2729 4057 3057 4121 redeamus,
3099 4054 3146 4108 si
3179 4052 3388 4123 placet,
3415 4048 3486 4105 ad

1877 4161 2124 4219 lectionis
2166 4160 2386 4215 seriem.
2417 4156 2509 4213 30.
2532 4142 2786 4210 'Ascendit
2826 4161 2997 4204 autem
3018 4189 3036 4211 ,
3068 4147 3270 4217 inquit,
3302 4143 3400 4201 Lat
3431 4143 3487 4200 iu

1877 4255 2080 4325 Segor,
2122 4261 2168 4307 et
2197 4251 2328 4306 sedit
2371 4249 2426 4303 in
2469 4255 2677 4311 monte,
2718 4253 2767 4298 et
2810 4242 2930 4296 dua
2957 4240 3083 4308 ﬁlice
3107 4245 3220 4307 ejus
3261 4248 3378 4289 cunt
3404 4249 3487 4289 eo.

1874 4346 2178 4402 Timuerunt
2206 4341 2340 4396 enim
2366 4339 2598 4393 habitare
2625 4335 2679 4390 in
2699 4333 2902 4404 Segor;
2929 4341 2977 4385 et
3013 4327 3258 4383 habitauit
3285 4325 3339 4380 in
3374 4339 3492 4394 spo-

1878 4436 2030 4492 lunca
2056 4434 2199 4506 ipse,
2240 4441 2288 4485 et
2310 4430 2428 4484 duo
2457 4427 2580 4497 (iliis
2617 4426 2730 4495 ejus
2771 4438 2889 4476 eum
2926 4435 3010 4475 eo.
3055 4417 3243 4474 Justus
3286 4413 3493 4506 invale-

1877 4535 2065 4583 scente
2091 4524 2272 4580 adhuc
2297 4521 2513 4584 timore,
2541 4531 2703 4588 quem
2724 4519 3050 4583 eouceperat
3076 4526 3108 4564 a
3135 4507 3288 4579 plaga
3317 4505 3491 4562 Sedo-

1877 4621 2028 4676 mitis
2057 4617 2298 4682 inducta,
2330 4612 2516 4685 procul
2548 4609 2683 4676 abit,
2709 4614 2767 4663 et
2792 4606 2846 4661 in
2872 4611 3080 4668 monte,
3110 4600 3304 4671 inquit,
3331 4597 3490 4654 habi-

1879 4719 1958 4766 tat
1997 4723 2120 4765 cum
2169 4705 2381 4761 filiabus
2421 4704 2536 4758 suis
2567 4716 2583 4755 :
2613 4706 2672 4755 et
2709 4698 2763 4754 in
2809 4695 3102 4753 solitudine
3142 4700 3200 4748 et
3241 4691 3491 4746 vastitate

1877 4811 2122 4859 extrema
2165 4805 2355 4870 postea
2401 4791 2502 4848 fuit
2529 4806 2654 4847 cum
2697 4787 2950 4853 filiabus,
2994 4785 3049 4840 in
3090 4791 3276 4838 monte
3303 4780 3491 4836 sedem

1881 4894 2109 4950 habens.
2143 4892 2238 4946 3|.
2266 4888 2411 4943 Dixit
2436 4895 2624 4952 autem,
2654 4882 2847 4952 inquit,
2879 4880 3049 4951 major
3073 4887 3200 4931 natu
3225 4875 3294 4929 ad
3309 4873 3499 4946 junio-

1879 5003 1986 5041 rem
2014 5000 2032 5039 :
2057 4982 2215 5038 Pater
2240 4989 2409 5035 uoster
2433 4992 2592 5032 senes:
2619 4984 2716 5040 est,
2745 4985 2791 5028 et
2817 4972 2990 5026 nullus
3021 4979 3096 5024 est
3121 4984 3274 5038 super
3301 4976 3492 5020 terram

1880 5079 1968 5150 qui
1992 5075 2310 5148 ingrediatur
2347 5072 2417 5125 ad
2461 5086 2574 5134 nos,
2612 5069 2769 5139 juxta
2809 5080 3002 5119 morem
3038 5061 3286 5116 uniuersa:
3321 5067 3493 5124 terra,

1882 5148 1974 5228 32.
2010 5170 2158 5236 Veni,
2185 5177 2232 5223 et
2262 5175 2490 5239 petemus
2520 5170 2717 5234 patrem
2748 5167 2978 5212 nostrum
3005 5153 3120 5208 vino
3140 5192 3155 5219 ,
3188 5160 3233 5205 et
3263 5148 3493 5203 dormia-

1883 5281 1999 5320 mus
2029 5280 2143 5317 cum
2169 5278 2228 5315 eo
2245 5238 2268 5325 ,ν
2290 5267 2338 5313 et
2363 5258 2637 5312 excitemus
2675 5268 2844 5308 semen
2871 5265 2933 5304 ea:
2963 5257 3107 5318 patre
3133 5254 3323 5298 nostro.
3356 5238 3492 5294 Cum

1885 5353 2188 5410 reverentia
2217 5359 2274 5406 et
2299 5349 2493 5404 timore
2522 5345 2692 5400 multo
2716 5341 3000 5398 audiamus
3030 5351 3115 5400 ea,
3145 5332 3349 5395 dilecti,
3373 5345 3494 5400 qua!

1886 5447 1938 5500 in
1969 5445 2165 5499 divinis
2195 5441 2491 5510 Scripturis
2529 5437 2913 5497 continentur;
2961 5444 3070 5484 non
3112 5425 3258 5482 enim
3291 5432 3496 5476 temere

1885 5546 1940 5591 et
1967 5535 2170 5604 absque
2200 5547 2359 5590 causa
2388 5531 2586 5600 scripta
2616 5538 2770 5591 sunt,
2800 5523 2894 5580 sed
2935 5521 3114 5577 omnia
3147 5519 3349 5578 utiliter
3379 5521 3435 5567 et
3462 5525 3497 5568 e

1887 5643 1946 5683 re
1976 5635 2182 5692 nostra,
2214 5623 2424 5680 etiamsi
2452 5635 2552 5678 nos
2572 5618 2818 5689 quardam
2849 5619 3180 5685 ignoremus.
3209 5607 3323 5663 Non
3350 5604 3494 5660 enim

1887 5719 2067 5776 omnia
2099 5732 2387 5789 possumus
2429 5713 2709 5771 evidenter
2751 5710 2892 5765 scire
2925 5697 3068 5762 :sed
3112 5704 3157 5758 si
3205 5711 3260 5756 et
3303 5711 3497 5755 causas

1893 5811 2118 5871 reddere
2146 5826 2244 5883 pro
2294 5818 2481 5868 nostro
2523 5814 2681 5878 captu
2729 5812 3030 5868 tentemus,
3073 5795 3275 5852 habent
3317 5802 3497 5849 tamen
