4060 6432
629 364 722 423 sn
1337 360 1393 419 s.
1434 358 1716 418 JOANNIS
1744 353 2222 415 CHRYSOSTOMI
2244 317 2575 415 suculae.
2612 356 3151 417 consummes.

623 477 800 533 adhuc
824 476 1085 537 latentem
1103 473 1384 547 quemdam
1414 473 1722 529 tliesaurum
1752 473 1768 505 ³
1796 488 1825 527 a
1856 470 2039 526 multis
2076 467 2202 542 abs-

622 561 919 630 conditum,
984 582 1081 620 nec
1107 563 1551 635 investigabiiem.
1574 564 1863 619 Considera
1896 563 2052 633 igitur
2070 576 2206 631 quo-

626 656 789 712 niodo
818 654 1095 724 Scriptura
1119 654 1302 709 omnia
1342 655 1621 710 manifeste
1665 654 1925 715 narrarit.
1962 664 2017 709 et
2055 652 2207 707 nobis

626 760 847 815 scopum
876 746 950 800 ad
982 746 1139 801 tinem
1164 746 1459 802 ostenderit
1500 747 1726 802 ﬁliarum
1764 746 1926 816 justi,
1970 754 2023 800 et
2066 758 2207 799 nunc

621 838 837 905 quidem
870 844 966 906 pro
996 838 1100 893 illis
1120 879 1136 901 ,
1169 854 1310 893 nunc
1348 853 1479 893 vero
1506 853 1605 908 pro
1627 837 1773 907 justo
1801 836 2015 905 dignam
2043 850 2205 890 excu-

624 926 885 980 sationem
934 927 1205 981 aﬁ‘erens:
1239 936 1295 982 ut
1334 928 1509 981 nullus
1537 927 1602 979 ad
1644 924 1840 980 factum
1889 926 2200 993 respiciens,

620 1014 714 1069 Ytel‘
729 1015 931 1085 justum
954 1018 1291 1082 condemnet,
1319 1018 1401 1073 vel
1422 1017 1550 1085 justi
1583 1016 1739 1082 ﬁlias,
1766 1016 1917 1087 quasi
1946 1032 2202 1085 congres-

619 1118 714 1161 sus
743 1106 836 1162 ille
862 1118 1079 1176 propter
1106 1109 1539 1164 incontinentiam
1583 1109 1760 1164 fuerit.
1791 1109 2071 1177 Quomodo
2100 1110 2205 1179 igi-

619 1202 711 1248 tur
738 1195 958 1261 ﬁliarum
985 1198 1113 1263 justi
1156 1200 1553 1253 excusationem
1581 1198 1777 1253 aﬁ'ert?
1806 1199 1947 1252 Dixit
1965 1240 1978 1263 ,
2011 1200 2199 1269 inquit,

617 1280 785 1348 major
825 1294 945 1338 natu
985 1287 1055 1339 ad
1086 1288 1389 1355 juniorem:
1414 1287 1573 1342 Pater
1609 1299 1776 1343 noster
1814 1298 1887 1345 est
1929 1306 2111 1353 senex,
2154 1297 2201 1343 et

619 1372 792 1426 nullus
814 1383 888 1427 est
930 1392 1083 1443 super
1110 1385 1298 1430 terram
1322 1378 1411 1447 qui
1451 1379 1765 1449 ingrediatur
1791 1381 1873 1430 ad‘
1898 1394 2020 1442 nos,
2046 1380 2199 1449 juxta

616 1478 808 1516 morem
853 1467 1099 1520 universa
1137 1477 1307 1525 terrm.
1348 1468 1493 1527 Vide:
1522 1484 1740 1540 scopum
1784 1469 2099 1539 diligenter,
2143 1478 2200 1524 et

620 1556 767 1609 omni
812 1572 902 1611 eas
948 1558 1202 1613 liberabis
1226 1560 1466 1615 crimine.
1502 1561 1825 1616 Putarcrunt
1862 1562 2002 1616 enim
2032 1575 2201 1630 gene-

618 1644 785 1697 ralem
824 1646 982 1699 totius
1012 1648 1156 1701 orbis
1184 1648 1376 1703 factum
1406 1650 1711 1713 interitum,
1742 1650 2052 1718 nullumque
2079 1665 2196 1702 am-

618 1732 755 1802 plius
799 1749 917 1788 esse
963 1738 1313 1804 superstitem
1351 1755 1365 1791 :
1406 1737 1599 1793 deinde
1647 1747 1700 1792 et
1748 1741 1910 1808 patris
1952 1740 2213 1793 viderunt

609 1833 959 1880 senectutem.
1006 1826 1073 1881 Ut
1110 1829 1299 1898 igitur,
1334 1828 1535 1898 inquit,
1570 1846 1675 1883 non
1708 1831 1980 1884 aboieatur
2006 1846 2196 1901 genus,

617 1928 715 1969 nec
742 1926 921 1984 pereat
949 1932 1145 1971 nomen
1172 1929 1412 1974 nostrum
1436 1919 1577 1989 (haec
1598 1922 1737 1974 enim
1764 1931 1879 1975 erat
1903 1920 2195 1989 priscorum

616 2006 850 2065 mxima
876 2022 1000 2060 cura
1024 2047 1038 2069 ,
1070 2008 1339 2077 quomodo
1361 2024 1530 2079 genus
1555 2025 1709 2065 sutun
1750 2010 2051 2066 liberorum!
2070 2026 2193 2066 suc-

614 2097 857 2150 cessione
885 2096 1197 2166 dilatarenr)
1226 2116 1239 2151 :
1270 2115 1336 2154 ne
1361 2115 1523 2167 ergo,
1556 2101 1758 2170 inquit,
1788 2103 1955 2156 nostri
1982 2102 2195 2171 generis

614 2190 720 2237 tota
746 2183 834 2237 ﬁat
858 2185 1097 2250 abolitio,
1129 2188 1419 2253 praesertim
1444 2188 1551 2257 jam
1578 2190 1729 2244 senio
1757 2201 1905 2259 patre
1926 2191 2191 2259 confecto,

614 2282 670 2325 et
699 2273 885 2327 nullus-
907 2274 1209 2330 inveniatur
1239 2278 1443 2347 vir‘qui‘
1462 2280 1619 2333 nobis
1639 2280 1925 2349 jungatur,
1972 2291 2029 2336 ut
2068 2298 2194 2351 pos-

612 2360 781 2415 simus
809 2364 1104 2420 extendere
1135 2375 1189 2421 et
1218 2366 1521 2435 relinquere
1557 2372 1778 2425 seminis
1806 2373 1971 2425 nostri
2005 2388 2194 2442 propa-

610 2451 875 2519 gati'onem
908 2471 920 2504 :
960 2452 1105 2519 Veni,
1140 2456 1337 2525 inquit,
1374 2467 1431 2511 ut
1458 2473 1524 2513 ne
1567 2458 1667 2513 hoc
1695 2460 1819 2527 ﬁat,
1852 2472 2078 2529 petemus
2101 2480 2195 2532 pa-

610 2548 735 2593 trem
764 2552 989 2596 nostrum
1016 2544 1149 2598 vino.
1176 2545 1336 2613 Quasi
1357 2546 1538 2604 dicere
1561 2550 1686 2603 velit
1709 2568 1723 2605 :
1748 2552 1881 2618 Quia
1904 2569 2193 2624 numquam

614 2628 776 2685 ferret
809 2633 890 2686 vel
927 2634 1148 2690 auribus
1175 2634 1277 2690 hoc
1322 2647 1490 2705 pater,
1522 2639 1645 2693 vino
1688 2640 2017 2713 decipiantus
2044 2660 2190 2700 eum.

614 2718 706 2773 35.
741 2717 1050 2776 Potatterunt
1083 2731 1246 2776 autem
1277 2734 1471 2793 patrem
1492 2744 1637 2781 suum
1665 2730 1779 2783 sino
1817 2742 1962 2785 nocte
1988 2733 2085 2786 ista
2103 2774 2125 2799 τ
2146 2744 2193 2787 et

611 2808 837 2878 ingressa
860 2822 932 2863 est
954 2812 1139 2877 senior,
1164 2823 1210 2865 et
1235 2816 1469 2869 dormivit
1495 2833 1609 2871 cum
1634 2830 1778 2887 patre
1795 2837 1886 2889 suo
1911 2838 1931 2875 :
1953 2832 2001 2875 et
2027 2826 2191 2877 nesci-

610 2900 677 2951 vit
711 2902 913 2970 quando
954 2903 1045 2956 illa
1071 2905 1388 2973 accubuerit,
1420 2910 1497 2961 vel
1519 2913 1808 2965 surrexerit.
1838 2911 2029 2968 Vidisti
2058 2930 2190 2984 qne-

609 2993 770 3044 ntodo
811 2990 991 3047 divina
1033 2993 1308 3064 Scriptura
1355 3013 1452 3066 pro
1493 2998 1638 3068 justo
1680 3003 1941 3075 rationem
1982 3004 2191 3060 dederit

609 3094 714 3133 non
756 3083 923 3137 semei
971 3092 1199 3147 tantum,
1241 3087 1335 3142 sed
1379 3096 1435 3144 et
1476 3088 1716 3144 iterum?
1759 3092 1911 3148 Prius
1949 3094 2188 3164 quidem,

610 3172 729 3241 quia
760 3172 883 3227 lilia:
912 3175 1035 3229 vino
1064 3177 1235 3245 ipsum
1262 3178 1617 3249 deceperunt,
1648 3180 1937 3237 declaravit
1960 3200 2053 3239 eas
2083 3199 2190 3241 non

614 3259 769 3315 aliter
794 3264 1031 3332 potuisse
1058 3268 1385 3334 persuadere
1424 3272 1593 3338 patri,
1621 3288 1779 3341 quam
1805 3275 1885 3329 sic
1913 3276 2189 3335 iaciendo:

605 3366 747 3406 nunc
775 3362 959 3409 autem
982 3355 1173 3424 opinor
1197 3366 1251 3411 et
1290 3371 1519 3428 superna
1540 3362 1936 3431 dispensatione
1954 3382 2075 3422 esse
2104 3367 2186 3421 fa-

608 3450 772 3507 ctmn,
803 3443 873 3497 ita
899 3443 1063 3499 fuisse
1087 3459 1208 3500 eum
1234 3458 1574 3517 aggravatum
1600 3452 1753 3521 vino,
1787 3465 1844 3510 ut
1870 3472 1982 3511 rem
2010 3459 2187 3513 omni-

611 3547 680 3587 no
724 3534 1025 3601 ignoraret,
1072 3548 1129 3591 ut
1169 3548 1307 3593 noxa
1335 3548 1394 3595 et
1430 3543 1653 3601 crimine
1682 3562 1881 3603 vacuus
1914 3562 2077 3608 esset.
2109 3555 2188 3612 Ea

608 3624 751 3678 enim
794 3635 1005 3695 peccata
1050 3642 1150 3684 nos
1173 3632 1562 3701 condemnant,
1591 3652 1710 3706 quae
1750 3641 1982 3699 scientes
2007 3655 2061 3699 et
2089 3661 2187 3699 vo-

608 3714 836 3771 luntarie
876 3718 1119 3774 facimus.
1149 3721 1307 3778 Vides
1345 3728 1612 3795 quomodo
1652 3734 2017 3790 testimonium
2047 3755 2189 3809 prte-

609 3806 732 3859 bcat
776 3805 921 3876 justo
969 3809 1277 3880 Scriptura,
1332 3816 1503 3885 ipsum
1552 3822 1773 3875 omnino
1821 3841 1931 3879 rem
1982 3805 2186 3897 gestam

610 3894 928 3961 ignorasse?
959 3898 1151 3953 Verum
1178 3901 1344 3957 altera
1370 3908 1594 3973 ῳιτιιειίο
1617 3912 1781 3987 surgit
1810 3915 1876 3969 de
1900 3894 2182 3977 ebrietate.

608 3984 835 4053 Oportet
858 3989 1000 4041 enim
1027 3994 1202 4043 omnia
1236 3992 1573 4065 investigare,
1602 3984 1657 4054 ut
1682 4004 1824 4057 nulla
1850 4005 2107 4076 improbis
2133 4022 2187 4066 et

609 4072 1005 4143 impudentibus
1042 4080 1397 4138 calumniandi
1432 4088 1762 4159 relinquatur
1789 4072 2020 4152 occasio.
2048 4100 2187 4167 Quid

612 4163 764 4230 igitur
794 4163 864 4217 de
890 4165 989 4219 hac
1020 4182 1079 4222 re
1109 4170 1387 4227 dicemus?
1412 4175 1527 4230 Νοη
1555 4188 1659 4233 tam
1687 4196 1751 4236 ex
1781 4163 2187 4255 intemperantia

610 4252 686 4306 illi
716 4254 974 4310 accidisse
997 4258 1333 4327 ebrietatem,
1366 4278 1522 4334 quam
1547 4283 1611 4322 ex
1641 4271 1871 4328 tristitia.

680 4344 733 4398 ὕ.
769 4342 947 4415 Neque
975 4345 1073 4401 Lat
1100 4365 1256 4417 neque
1282 4354 1405 4420 ﬁlia:
1436 4358 1545 4427 ejus
1572 4359 1866 4417 damnandi.
1891 4394 1965 4406 -—-
2001 4366 2186 4426 Nullus

610 4434 768 4504 igitur
793 4436 988 4492 audeat
1014 4448 1107 4493 aut
1128 4441 1350 4511 justum,
1372 4455 1466 4500 aut
1485 4446 1612 4516 justi
1643 4451 1777 4506 tilias
1801 4454 2182 4514 condemnare.

604 4528 883 4594 Quomodo
910 4531 1052 4585 enim
1088 4548 1194 4587 non
1220 4547 1365 4592 esset
1403 4550 1655 4594 extremm
1684 4547 1967 4601 uementite
2008 4556 2064 4603 et
2103 4551 2185 4604 in-

608 4620 891 4688 sipientia,
923 4621 967 4675 si
999 4635 1094 4677 eos
1127 4638 1261 4693 quos
1283 4626 1461 4681 divina
1486 4628 1757 4698 Scriptura
1783 4634 1850 4689 ab
1878 4640 2021 4693 omni
2050 4640 2185 4696 libe-

606 4723 687 4765 rat
713 4713 973 4780 crimine,
1003 4715 1111 4769 imo
1138 4732 1233 4783 pro
1266 4720 1455 4787 quibus
1491 4730 1690 4779 tantam
1717 4727 2014 4799 apologiam
2039 4747 2184 4788 com-

605 4805 797 4872 ponit,
844 4820 953 4860 nos
997 4806 1290 4864 innumeris
1347 4823 1689 4880 peccatorum
1756 4820 1983 4876 sarcinis
2043 4825 2184 4893 pleni

604 4894 1023 4951 condemnemus
1051 4914 1064 4951 :
1095 4906 1150 4952 et
1176 4914 1281 4953 non
1309 4902 1587 4958 audiamus
1614 4905 1837 4963 Paulum
1878 4910 2142 4971 dicentem
2168 4935 2182 4971 :

609 4983 748 5075 Deus
778 4990 859 5055 qui
882 4989 1133 5057 justi/ient
1154 5033 1170 5057 ,
1206 4994 1318 5061 quis
1362 5004 1435 5049 est
1463 5000 1549 5063 qui
1575 5002 1865 5058 condemnet
1906 5008 1924 5075 (
1950 5007 2095 5062 Rom.
2128 5012 2181 5067 8.

602 5074 688 5130 55.
722 5077 825 5143 δι)
848 5079 871 5132 ?
898 5079 963 5133 Et
988 5090 1042 5171 ut
1071 5080 1279 5150 discas,
1307 5084 1411 5140 hoc
1448 5104 1552 5142 non
1585 5090 1635 5144 in
1665 5108 1857 5149 vanum
1888 5074 1943 5152 et
1975 5100 2183 5172 simpli-

606 5167 737 5220 ritcr
778 5168 1154 5239 factumesse,
1193 5175 1288 5231 sed
1334 5178 1596 5235 trietitiam
1640 5185 1857 5240 nimiam
1895 5167 2184 5251 accedente

608 5257 730 5309 vino
759 5258 961 5313 nullum
991 5261 1040 5314 ei
1084 5261 1363 5331 reliquisse
1402 5282 1653 5339 sensum,
1688 5275 1812 5329 audi
1852 5278 1977 5346 quid
2018 5281 2179 5339 dicat.

602 5346 789 5441 sum
819 5354 1008 5421 factum
1037 5364 1109 5407 est
1136 5355 1217 5409 die
1239 5362 1494 5428 sequenti,
1526 5364 1749 5437 dixitque
1776 5372 1943 5441 major
1967 5385 2089 5429 natu
2115 5378 2185 5431 ad

593 5438 849 5501 juniorem
876 5455 897 5495 :
924 5441 1056 5497 Ecce
1085 5445 1297 5502 dormivi
1323 5450 1432 5505 lteri
1474 5469 1589 5507 cum
1635 5466 1780 5526 patre
1806 5438 1974 5519 nostro
1999 5481 2019 5520 :
2046 5477 2184 5538 pote-

885 5596 1134 5671 βιβιίίιιιοι
1156 5608 1284 5671 κδξη
1308 5615 1401 5654 ⁷⁸0⁷³
1418 5608 1566 5671 ﬁlim
1603 5612 1815 5663 omium
1837 5628 2084 5671 nominum
2101 5635 2182 5671 nc-

592 5654 914 5761 lscire
935 5654 1155 5724 cauiam,
1176 5654 1385 5717 attamen
1832 5654 2179 5736 die:

3822 366 3916 417 bl!

2317 487 2428 527 mus
2449 473 2605 543 igitur
2624 474 2874 529 eum-vino
2895 484 3115 528 et'nocte
3134 474 3250 541 ista,
3277 474 3577 546 et‘ingressa
3604 476 3783 529 donni
3806 491 3913 531 cum

2313 579 2391 626 eo,
2419 574 2465 616 et
2491 564 2767 618 excitemus
2788 580 2852 619 ea:
2878 576 3020 632 patre
3039 576 3211 620 nostra
3228 582 3425 621 'senten.
3452 564 3619 622 Vides
3639 570 3912 638 quomodo

2311 663 2457 707 recta
2479 656 2739 708 sententia
2768 654 2870 711 ltoe
2890 654 3175 710 faciebant.
3208 655 3339 711 Nam
3364 657 3485 727 quia
3510 658 3689 727 potui,
3718 656 3909 728 inquit,

2310 756 2410 810 ego
2439 742 2578 813 quod
2610 745 2913 813 quaerebam
2958 746 3182 816 implere
3202 788 3219 814 ,
3251 747 3613 802 necessarium
3646 757 3735 803 est
3777 758 3833 804 et
3864 761 3909 808 te

2312 832 2450 887 idem
2483 834 2660 891 facere
2688 853 2703 890 :
2737 838 2871 891 forte
2898 838 3312 895 enim'votorum
3343 852 3651 896 nosnorum
3680 857 3907 913 antipo—

2311 931 2392 976 tcs
2416 924 2648 991 erimus,
2680 935 2733 979 et
2768 942 2875 981 non
2906 927 2958 981 in
2999 938 3255 984 aeternum
3283 945 3453 999 genus
3482 942 3728 987 nostrum
3785 949 3906 1003 per-

2309 1012 2422 1068 ibit.
2456 1015 2546 1069 35.
2586 1015 2893 1073 Potauernnt
2939 1030 3366 1094 atttent‘et'nocte
3394 1024 3486 1077 illa
3530 1035 3732 1093 patrem
3766 1034 3911 1078 tuum

2309 1106 2441 1167 vino,
2472 1114 2533 1159 et'
2549 1108 2777 1177 ingressa
2801 1118 2876 1164 est
2892 1111 3092 1181 junior,
3122 1120 3169 1164 et
3198 1111 3432 1166 dormivit
3455 1130 3573 1166 cum
3600 1124 3752 1183 patre
3777 1132 3905 1172 suo:

2305 1206 2351 1249 et
2380 1198 2627 1266 ignoravit
2654 1201 2740 1253 ille
2761 1204 2966 1271 quando
2994 1203 3106 1271 ipsa
3135 1204 3212 1258 vel
3235 1204 3543 1267 accubuerit.
3569 1205 3905 1260 uel’surreazc-

2305 1287 2387 1338 rit.
2421 1286 2752 1353 Considera,
2793 1290 3023 1357 dilecte,
3062 1300 3229 1346 totum
3275 1291 3469 1347 factum
3515 1295 3681 1350 fuisse
3721 1294 3903 1351 divina

2302 1376 2738 1445 dispensatione,
2782 1381 2921 1435 sicut
2950 1390 3005 1437 ct
3050 1382 3223 1453 primo
3267 1382 3470 1437 homini
3514 1384 3717 1439 evenit.
3764 1384 3901 1439 Nam

2303 1467 2439 1522 sicut
2468 1470 2671 1526 illicrex
2699 1471 3018 1528 dormientis
3048 1474 3215 1543 latere
3245 1475 3419 1544 portio
3445 1486 3655 1545 smnpta
3688 1486 3809 1543 est,
3838 1493 3903 1533 eo

2302 1574 2410 1613 non
2435 1562 2699 1617 sentiente
2724 1579 2739 1627 ;
2771 1562 2867 1617 sed
2893 1564 3236 1633 qui'ﬁnxerat
3263 1564 3403 1621 latus
3432 1567 3583 1629 illud,
3615 1569 3740 1623 inde
3766 1586 3905 1625 uxo-

2300 1663 2414 1703 rem
2447 1650 2575 1705 Adm
2618 1653 2866 1721 produxit
2907 1670 2922 1707 :
2962 1656 3124 1709 simili
3170 1656 3331 1711 modo
3369 1667 3423 1712 et
3465 1674 3627 1713 nunc.
3674 1660 3810 1714 Nam
3855 1662 3901 1717 si

2302 1751 2467 1795 costze
2492 1743 2719 1812 ereptio,
2745 1758 2968 1799 excessu
2994 1745 3187 1800 mentis
3213 1762 3242 1799 a
3272 1746 3382 1801 Deo
3408 1748 3669 1817 immisso,
3695 1750 3905 1819 absque

2302 1832 2445 1886 illius
2474 1834 2759 1891 sensu’l‘uit
2787 1854 2800 1887 :
2834 1838 3002 1891 multo
3025 1837 3189 1907 magis
3210 1847 3266 1893 et
3286 1854 3428 1894 nunc
3457 1841 3530 1895 ita
3556 1839 3761 1897 factum
3790 1852 3900 1899 est.

2300 1923 2431 1977 Nam
2466 1923 2516 1977 id
2547 1925 2686 1993 quod
2717 1925 2849 1981 dixit
2880 1927 2987 1982 illic
3009 1927 3186 1983 divina
3215 1929 3512 1998 Scriptura,
3556 1930 3780 1986 Immisit
3806 1949 3901 1987 εει

2300 2016 2470 2069 stasim
2500 2017 2550 2068 in
2580 2016 2773 2085 Adam,
2806 2023 2852 2071 'et
2881 2017 3114 2071 dormivit
3142 2019 3305 2090 (Gen.
3334 2021 3388 2074 Ξ.
3416 2022 3477 2075 ΞΙ
3501 2022 3563 2093 )’;
3596 2023 3700 2077 hoc
3728 2036 3784 2078 et
3812 2024 3903 2081 hic

2298 2106 2618 2174 signiﬁcavit
2656 2106 2921 2171 dicendo,
2963 2108 3182 2163 Nescivit
3218 2112 3422 2180 quando
3466 2113 3899 2183 vel'accubiterit,

2299 2197 2375 2250 uel
2402 2197 2693 2252 surrexerit.
2720 2198 2807 2253 36.
2836 2198 2904 2253 Et
2930 2211 3284 2270 conceperant,
3309 2202 3500 2272 inquit,
3524 2203 3587 2256 de
3615 2213 3761 2272 patre
3777 2221 3899 2260 suo.

2298 2286 2386 2341 '57.
2416 2287 2482 2340 Et
2514 2291 2705 2356 peperit
2731 2291 2897 2360 major
2934 2304 3057 2344 natu
3086 2294 3251 2360 ﬁlium
3280 2304 3325 2346 et
3352 2296 3542 2348 vocavit
3572 2300 3756 2349 namen
3783 2298 3919 2366 ejus

2299 2377 2473 2443 Moab,
2492 2381 2683 2445 dicens,
2705 2380 2789 2435 Ea:
2816 2392 2960 2451 patre
2988 2401 3114 2437 meo.
3140 2382 3242 2437 Hic
3267 2395 3406 2453 pater
3431 2397 3501 2440 est
3522 2386 3897 2444 Moabitaruns.

2297 2470 2386 2525 '58.
2424 2470 2628 2539 Peperit
2667 2483 2832 2526 autem
2870 2484 2916 2526 et
2951 2476 3135 2541 junior
3158 2476 3354 2545 ﬁlium,
3398 2486 3446 2531 et
3488 2482 3902 2537 vocavit'nonien

2294 2560 2405 2628 ejus
2426 2560 2643 2615 Ammon
2663 2604 2677 2626 ,
2713 2562 2884 2617 dicens
2903 2606 2918 2629 ,
2959 2564 3126 2619 Filius
3152 2567 3357 2635 generis
3374 2570 3489 2621 mei.
3525 2567 3624 2622 Hic
3649 2580 3724 2623 est
3752 2582 3903 2639 pater

2296 2652 2717 2706 Ammanitarum.
2739 2653 2902 2709 Vides
2924 2654 2973 2709 id
2996 2671 3105 2711 non
3128 2657 3710 2716 fuisse-incontinentire
3731 2678 3911 2731 opus,

2298 2758 2416 2796 cum
2449 2745 2667 2798 nomina
2697 2745 2873 2800 statim
2916 2747 3059 2801 natis
3091 2747 3380 2804 indiderint
3402 2789 3419 2815 ,
3458 2752 3651 2821 quibus
3691 2752 3898 2809 factum

2295 2834 2701 2902 signiﬁcabant,
2735 2846 2789 2891 et
2818 2837 2870 2891 in
2898 2837 3126 2892 ﬁliorum
3160 2841 3465 2896 nominibus
3508 2844 3663 2912 quasi
3706 2844 3762 2898 in
3790 2860 3898 2901 co-

2295 2924 2475 2978 lumna
2518 2924 2687 2979 ferme
2714 2926 2943 2995 quadam
2972 2930 3285 2988 memoriam
3324 2930 3449 2986 facti
3493 2933 3897 3005 inscripserint,

2305 3038 2360 3082 et
2385 3028 2496 3095 jam
2526 3036 2637 3080 tum
2678 3027 3057 3094 prtesignannt
3079 3032 3265 3094 gentes
3296 3037 3361 3077 ex
3394 3022 3473 3076 eis
3501 3020 3715 3077 futuras
3743 3038 3899 3090 esse,

2305 3128 2360 3173 et
2397 3118 2447 3171 in
2478 3115 2874 3171 multitudinem
2896 3130 2954 3169 se
2980 3121 3397 3184 propagaturum
3415 3122 3664 3167 natorum
3695 3128 3895 3184 genus.

2306 3209 2437 3265 Nam
2467 3209 2555 3263 ille
2580 3206 3034 3277 qpidemﬁnquit,
3059 3202 3347 3273 pater-erit
3368 3202 3757 3272 Moabitarum;
3790 3206 3904 3263 isto

2306 3309 2485 3355 autent
2510 3296 2963 3351 Ammonitarum.
3774 3364 3777 3367 ν

2371 3388 2425 3441 6.
2470 3384 2687 3439 Moralis
2713 3383 3028 3438 exhortatio.
3058 3381 3282 3437 Collatia
3311 3382 3528 3451 Iosephi
3552 3385 3900 3441 continentia

2300 3490 2418 3534 cum
2456 3475 2779 3547 Babylonica
2816 3472 3324 3543 fornace.-—Verum
3351 3474 3899 3545 tuncquidem,quo-

2301 3569 2445 3623 niam
2461 3568 2613 3637 origo
2631 3576 2682 3620 et
2701 3564 2851 3619 initia
2874 3573 3050 3629 erant,
3070 3572 3125 3619 et
3138 3578 3235 3635 per
3249 3564 3463 3636 generis
3480 3567 3913 3622 successionem.

2300 3658 2614 3713 memoriam
2637 3670 2788 3711 suam
2812 3655 3067 3711 volebant
3085 3670 3423 3719 conservare,
3444 3663 3654 3710 tantum
3671 3654 3792 3723 ejus
3813 3660 3896 3713 rei

2300 3750 2533 3803 studium
2553 3746 2789 3815 fuit‘justi
2806 3746 3039 3801 ﬁliabus:
3054 3762 3197 3801 nunc
3210 3747 3642 3816 autemquiaper
3654 3750 3909 3818 gratiam,

2298 3841 2393 3895 Dei
2424 3840 2607 3910 religio
2629 3837 2847 3906 majora
2860 3837 3092 3905 sumpsit
3116 3837 3470 3901 incrementa,
3502 3844 3557 3890 et
3585 3840 3891 3895 secundum

2296 3932 2513 3987 beatum
2535 3929 2782 3995 Paulum,
2801 3929 3040 3984 Praeterit
3056 3930 3228 3998 ﬁgura
3240 3928 3424 3981 mundi
3438 3928 3599 3998 hujus
3618 3928 3669 3998 (1
3692 3927 3821 3984 Cor.
3835 3932 3889 3986 7.

2296 4006 2410 4094 3i),
2436 4038 2603 4093 Opera
2631 4023 2774 4077 bona
2806 4022 3015 4091 agendo
3053 4020 3371 4074 memoriam
3398 4020 3571 4073 nostri
3603 4021 3885 4090 relinqua-

2296 4128 2416 4168 mus
2439 4131 2453 4167 :
2484 4127 2543 4168 ut
2558 4128 2681 4169 cum
2704 4116 2832 4168 hinc
2847 4114 3277 4183 migraverimus,
3300 4113 3425 4169 vita:
3441 4122 3640 4169 nostrae
3656 4115 3909 4187 diligens-

2295 4210 2351 4258 et
2384 4212 2633 4257 accurata
2667 4202 2808 4256 ratio
2831 4203 2901 4258 sit
2932 4208 3321 4257 monimentum
3351 4210 3407 4258 et
3432 4202 3684 4257 doctrina
3716 4205 3871 4260 omni

2293 4290 2397 4345 bus
2423 4291 2513 4360 qui
2548 4291 2598 4344 in
2636 4306 2737 4346 nos
2777 4292 3088 4360 respicient.
3132 4289 3269 4345 Nam
3301 4290 3395 4359 qui
3435 4292 3642 4345 virtute
3670 4292 3903 4360 praediti.

2295 4390 2440 4445 sunt,
2468 4389 2521 4436 et
2545 4381 2941 4436 castam-vitam
2964 4381 3202 4445 ducunt,
3224 4394 3333 4433 non
3358 4379 3533 4434 solum
3562 4379 3617 4434 in
3646 4381 3751 4435 hac
3774 4382 3901 4437 vita.

2294 4471 2569 4541 degentes,
2592 4472 2687 4526 sed
2711 4479 2765 4525 et
2780 4480 2903 4540 post
2928 4474 3051 4524 vita:
3073 4472 3299 4534 exitum,
3315 4469 3606 4553 plurimum
3621 4471 3889 4540 prodesse

2292 4569 2547 4631 poterunt
2575 4560 2641 4615 iis
2672 4560 2762 4629 qui
2791 4560 2844 4613 in
2875 4575 2934 4614 se
2965 4558 3325 4628 respexerint.
3359 4558 3427 4613 Et
3459 4566 3517 4612 ut
3545 4560 3649 4614 hoc
3677 4560 3886 4626 discas,

2290 4651 2709 4721 vide,obsecro,
2754 4660 2987 4719 quantus
3038 4664 3301 4704 annorum
3358 4664 3620 4706 numerus
3665 4654 3891 4711 transiit

2292 4758 2459 4812 usque
2484 4743 2535 4796 in
2550 4741 2869 4797 hodiernum
2892 4741 3056 4805 diem,
3083 4756 3149 4795 ao
3167 4740 3381 4809 quoties
3395 4740 3642 4809 volumus
3669 4742 3887 4814 aliquos

2290 4832 2344 4887 in
2378 4833 2779 4888 aemulationem
2820 4833 3167 4887 continentia:
3212 4846 3529 4901 provocare.
3578 4830 3784 4902 Joseph
3828 4835 3883 4888 in

2292 4923 2527 4978 medium
2558 4920 2833 4976 aﬂ‘erimus
2854 4922 3182 4991 speciosum,
3213 4919 3539 4985 formosum,
3562 4920 3909 4977 adolescen-'

2291 5026 2422 5083 tem,
2459 5016 2511 5069 in
2554 5016 2669 5084 ipso
2697 5016 2875 5069 aetatis
2915 5013 3047 5069 ﬁore
3093 5024 3295 5069 tantam
3322 5014 3595 5069 castitatis
3625 5022 3885 5068 constan-

2287 5102 2411 5155 tiam
2458 5117 2567 5170 pra:
2619 5116 2681 5158 se
2727 5103 3023 5161 ferentem:
3053 5114 3107 5163 et
3156 5106 3235 5162 sic
3276 5107 3344 5162 ad
3376 5107 3727 5165 imitationem
3746 5111 3878 5181 justi

2286 5194 2444 5263 huius
2486 5196 2755 5252 auditores
2791 5213 3080 5267 provocare
3117 5201 3413 5256 studemus.
3441 5203 3572 5269 Quis
3597 5208 3743 5261 enim
3770 5222 3891 5268 non

2284 5289 2640 5344 admiraretur
2663 5288 2872 5343 beatum
2900 5291 3069 5357 illum,
3102 5292 3191 5362 qui
3221 5293 3274 5347 in
3303 5294 3561 5349 servitute
3584 5294 3878 5365 exsistens,

2285 5378 2409 5433 etin
2437 5380 2552 5448 ipSu
2578 5378 2711 5434 ﬂore
2735 5381 2927 5446 aetatis,
2956 5381 3171 5451 quando
3200 5384 3430 5439 maxime
3465 5384 3650 5441 fornax
3671 5400 3889 5443 concu-

2286 5468 2667 5539 piscentiarum
2684 5471 3012 5539 accenditur,
3038 5488 3162 5528 cum
3192 5473 3399 5529 videret
3420 5475 3692 5530 dominam
3722 5491 3880 5535 suam

2286 5558 2646 5623 invadentem,
2696 5568 2751 5615 et
2793 5561 3146 5617 insanientem
3188 5564 3243 5618 in
3287 5579 3369 5631 se,
3406 5575 3603 5621 tantam
3636 5568 3885 5625 ostendit

2287 5648 2672 5712 iortitudinem,
2716 5658 2772 5705 et
2816 5652 2882 5705 ita
2929 5652 2995 5705 ad
3024 5654 3281 5707 castitatis
3310 5670 3507 5725 agones
3532 5671 3590 5712 se
3610 5664 3880 5729 exercuit,

2289 5750 2347 5795 ut
2383 5743 2450 5797 ab
2498 5741 2882 5812 intemperante
2910 5744 2996 5799 illa
3023 5744 3245 5801 nituisse
3270 5747 3444 5803 nudus
3466 5747 3677 5820 quidem
3708 5753 3883 5811 vesti-
