4060 6438
207 359 328 419 ιιι

210 473 321 529 bus
335 468 658 542 profugeret,
673 461 936 523 castitatis
951 467 1130 518 autem
1153 455 1522 512 indumentum
1542 449 1817 510 servaret?

212 564 544 629 Lieebatque
573 559 754 616 videre
779 569 894 611 rem
919 567 1113 608 novam
1131 557 1187 603 et
1204 545 1596 609 admirabilem,
1621 555 1821 613 agnum

212 658 271 710 iu
302 649 431 722 lupi,
469 652 578 707 imo
604 651 788 705 leaena!
814 659 1020 716 ungues
1041 640 1315 707 incidisse,
1337 648 1394 696 et
1416 637 1618 693 servari
1641 646 1821 691 tamen

211 744 458 817 potuisse
481 760 496 797 :
546 750 602 797 et
647 740 787 796 sicut
814 735 1063 803 columba
1092 733 1291 802 aquila:
1318 730 1573 785 damnum
1601 727 1817 797 effugit,

213 838 290 894 ita
311 847 366 892 et
393 835 568 905 justus
596 831 666 886 ab
707 829 848 885 illius
891 824 1138 882 manibus
1164 823 1354 878 evasit.
1378 821 1501 898 Non
1545 819 1623 874 sic
1650 818 1822 873 admi-

214 927 389 982 rabile
436 925 566 979 mihi
609 921 820 976 videtur
861 932 1003 982 esse,
1051 924 1163 971 tres
1191 928 1386 984 pueros
1417 911 1538 967 illos
1563 911 1617 965 in
1640 908 1820 963 medio

214 1016 552 1090 Babylonica
603 1010 832 1068 fornacis
867 1010 1050 1079 ignem
1084 1005 1278 1062 vicisse
1299 1002 1319 1075 (
1343 1002 1481 1058 Dan.
1505 1003 1604 1072 5),
1633 1000 1820 1055 ilizesis

210 1124 404 1166 eorum
449 1106 787 1175 corporibus,
828 1111 888 1156 ut
933 1097 1177 1154 mirabile
1197 1105 1252 1152 et
1276 1111 1459 1150 rarum
1484 1103 1587 1158 est,
1612 1093 1818 1162 justum

212 1205 400 1265 istum,
447 1199 537 1269 qui
563 1199 613 1251 in
659 1196 928 1251 fornacem
974 1193 1113 1248 hanc
1143 1189 1462 1262 Babylonica
1505 1189 1676 1244 multo
1698 1203 1821 1258 gra-

209 1297 438 1360 viorem,
485 1293 540 1346 in
585 1287 1048 1353 incontinentiam,
1093 1286 1330 1356 inquam,
1388 1281 1659 1353 [Egyptite
1686 1281 1820 1334 inci-

208 1383 404 1448 disset,
450 1382 712 1437 intumum
753 1376 1136 1449 permansisse,
1182 1387 1424 1444 puroque
1448 1371 1712 1426 castitatis
1741 1371 1822 1424 in-

208 1475 474 1529 dumento
495 1478 733 1536 servato,
750 1469 967 1524 exiissc.
998 1465 1066 1520 Et
1089 1479 1156 1520 ne
1177 1463 1411 1528 mireris,
1433 1462 1628 1517 dilecte
1654 1479 1668 1516 :
1693 1461 1817 1530 quia

208 1567 358 1620 enim
385 1562 528 1634 quod
554 1576 712 1616 suum
745 1569 860 1614 erat
906 1557 1104 1618 attulit,
1137 1555 1320 1631 habuit
1361 1567 1648 1623 supernam
1695 1565 1820 1621 gra-

209 1655 342 1709 tiam
385 1653 668 1717 cemitem,
701 1664 822 1719 quae
865 1647 1171 1702 incendium
1197 1645 1326 1700 illud
1355 1645 1732 1714 restinguerel,
1763 1651 1821 1697 et

207 1743 264 1799 in
298 1743 471 1798 media
503 1744 721 1798 fornace
752 1756 930 1796 rorem
959 1737 1193 1809 Spiritus
1217 1737 1391 1792 daret.
1433 1735 1656 1792 Vidistis
1684 1749 1821 1804 quo-

209 1835 374 1890 modo
393 1835 496 1891 viri
516 1835 716 1889 virtute
739 1831 968 1902 praemi,
999 1841 1053 1886 et
1072 1844 1195 1884 cum
1223 1827 1310 1881 hic
1324 1827 1502 1881 adhuc
1525 1835 1819 1896 pra-sentes

206 1934 356 1990 sunt,
400 1933 455 1979 et
503 1933 626 1994 post
665 1921 1036 1991 migrationem
1064 1934 1129 1975 ex
1163 1918 1264 1972 hac
1291 1918 1418 1981 vita,
1445 1930 1652 1985 magna:
1679 1914 1821 1969 utili-

209 2019 336 2072 tatis
363 2025 619 2072 auctores
646 2013 802 2069 nubis
843 2011 991 2067 sint?
1037 2012 1212 2081 Atque
1241 2009 1313 2064 ob
1336 2024 1456 2063 eam
1487 2021 1706 2063 causam
1732 2005 1819 2076 ju-

206 2115 350 2163 stum
383 2106 535 2161 illum
556 2105 613 2160 in
643 2103 879 2160 medium
904 2102 1247 2165 adduximus,
1279 2107 1338 2155 ut
1357 2114 1481 2156 eum
1508 2113 1700 2154 omnes
1726 2111 1816 2152 se-

204 2214 460 2269 quamur.
496 2197 648 2251 llunc
671 2196 830 2265 igitur
850 2209 1040 2248 omnes
1057 2193 1348 2256 imitemur,
1373 2201 1428 2246 et
1442 2191 1821 2260 concupiscen-

209 2293 312 2346 tias
339 2299 550 2343 nostras
568 2288 864 2352 vincamus,
893 2286 1234 2355 scientesque
1253 2285 1404 2350 illud,
1439 2285 1557 2339 Non
1582 2293 1655 2339 est
1675 2284 1818 2338 nobis

206 2381 390 2450 pugna"
425 2379 667 2432 adversus
712 2378 1009 2448 sanguinem
1049 2387 1096 2430 et
1149 2392 1385 2438 carnem,
1438 2376 1529 2431 scd
1579 2377 1818 2430 adversus

209 2471 524 2541 principatus
548 2479 595 2524 et
621 2478 914 2538 potestates,
937 2468 1180 2523 adversus
1209 2468 1390 2520 mundi
1419 2479 1636 2521 rectores
1676 2476 1817 2522 teneo

206 2564 415 2615 brorum
460 2562 614 2633 hujus
665 2561 839 2615 stt-culi
887 2561 906 2628 (
937 2559 1129 2631 Ephes.
1179 2559 1236 2614 6.
1265 2559 1332 2612 η
1353 2557 1397 2631 ),
1442 2559 1520 2614 sic
1547 2575 1646 2614 nos
1673 2561 1818 2629 ipsos

205 2669 518 2709 armemus:
548 2663 605 2708 et
645 2653 967 2723 cogitantes,
1015 2665 1124 2706 non
1168 2666 1397 2720 corpore
1433 2649 1815 2717 circumdatos,

205 2747 466 2800 adversus
489 2747 833 2814 incorporeas
859 2745 976 2814 cogi
1005 2743 1233 2798 virtutes
1257 2750 1485 2808 certare,
1511 2747 1820 2798 muniamur

202 2840 376 2893 armis
420 2837 807 2908 spiritualibus.
856 2837 1084 2905 Propter
1113 2836 1215 2888 hoc
1242 2836 1386 2888 enim
1417 2835 1676 2903 benignus
1705 2835 1816 2889 Do.

205 2932 408 2992 minus,
442 2929 566 2999 quia
592 2942 755 3000 carne
786 2927 962 2980 vestiti
1004 2940 1213 2990 sumus,
1244 2932 1299 2979 et
1327 2933 1409 2978 est
1438 2924 1594 2979 nobis
1620 2924 1814 2980 adver-

204 3037 301 3076 sus
347 3021 646 3075 invisibiles
693 3019 920 3073 virtutes
967 3027 1262 3082 certamen,
1314 3016 1604 3071 invisibilia
1659 3016 1816 3072 nobis

204 3111 531 3183 prmparavit
553 3125 725 3176 arma,
772 3117 833 3163 ut
857 3108 1056 3162 auxilio
1083 3122 1358 3162 armorum
1393 3114 1598 3161 natura:
1625 3106 1817 3162 adven-

201 3205 381 3258 sarios
427 3215 817 3271 expugnemus.
866 3199 1010 3253 Bene
1064 3199 1222 3268 igitur
1264 3197 1492 3253 ﬁdentes
1538 3213 1814 3254 armorum

202 3297 483 3368 potentice,
532 3294 674 3364 quod
719 3308 748 3346 a
781 3291 935 3346 nobis
965 3300 1048 3344 est
1078 3291 1388 3352 aﬂ'eramus,
1437 3301 1493 3344 et
1520 3289 1816 3360 poterimus

204 3392 307 3444 bac
332 3387 594 3458 spirituali
622 3393 892 3440 armatura
925 3383 1133 3447 muniti,
1164 3383 1336 3451 ipsam
1383 3382 1579 3437 diaboli
1620 3381 1813 3437 faciem

203 3481 388 3536 ferire.
439 3477 622 3547 Neque
667 3475 811 3531 enim
851 3475 994 3529 ferre
1035 3474 1233 3544 poterit
1272 3473 1530 3542 fulgorem
1560 3473 1651 3543 qui
1685 3473 1812 3527 inde

199 3570 506 3642 egreditur,
543 3567 637 3623 sed
679 3568 779 3622 etsi
820 3574 1047 3621 conetur
1075 3575 1220 3619 stare
1257 3579 1323 3618 ex
1353 3564 1602 3629 adverso,
1632 3566 1812 3619 statim

199 3663 583 3720 excmczthitur.
611 3659 713 3716 Ubi
751 3660 895 3714 enim
925 3655 1256 3712 continentia
1286 3665 1341 3710 et
1377 3656 1651 3719 honesms,
1679 3656 1813 3710 alia-

201 3769 434 3824 rumque
475 3753 728 3806 virtututn
775 3762 1092 3816 concursus,
1136 3748 1263 3802 illuc
1308 3756 1361 3802 et
1404 3748 1548 3817 larga
1579 3740 1814 3818 Spiritus

198 3844 373 3914 gratia
420 3841 654 3895 advolat.
702 3839 1040 3908 Quapropter
1083 3836 1282 3891 Paulus
1328 3837 1579 3892 dicebat:
1620 3836 1815 3894 Pacem

199 3934 460 3988 sectamini
484 3947 601 3984 cum
629 3930 881 3994 omnibus,
904 3939 952 3981 et
992 3928 1447 3996 sanctiﬁcationem
1475 3927 1495 3997 (
1521 3925 1683 3982 Hebr.
1702 3927 1808 4001 ⁹12.

204 4027 318 4094 li).
353 4023 702 4079 Purilicemus
728 4019 1159 4091 igitur,nbsecru,
1187 4018 1549 4099 conscientias
1577 4030 1813 4090 nostras,

200 4130 255 4174 et
285 4126 630 4185 extergamus
673 4121 913 4168 mentem
961 4121 1199 4168 nostram
1234 4129 1248 4166 :
1298 4124 1358 4168 ut
1398 4113 1547 4170 omni
1593 4115 1812 4171 sordida

200 4205 528 4277 cogitatione
577 4203 811 4270 liberati,
854 4202 1089 4270 Spiritus
1113 4203 1336 4272 gratiam
1366 4204 1522 4258 nobis
1555 4205 1813 4260 concilie-

120 4318 123 4319 '
204 4289 350 4357 mus,
383 4309 806 4365 superemnsque
849 4292 1045 4348 diaboli
1093 4293 1542 4361 tltachinatinnes,
1589 4310 1654 4350 ac
1691 4311 1811 4351 me-

202 4402 422 4444 rcamur
442 4385 799 4442 incil‘ahilibus
829 4385 934 4439 illis
957 4386 1113 4440 bonis
1139 4384 1265 4452 frui,
1293 4387 1462 4454 gratia
1493 4394 1548 4440 et
1572 4385 1815 4457 benigni—

203 4488 315 4536 tate
362 4478 575 4532 Domini
621 4477 791 4532 nostri
840 4477 966 4532 Jesu
1004 4477 1227 4542 Christi,
1273 4481 1358 4531 cui
1406 4494 1528 4533 cum
1575 4480 1732 4536 Patre
1759 4491 1815 4536 et

203 4569 396 4628 sancto
413 4570 616 4639 Spiritu
640 4570 709 4624 sit
725 4569 915 4639 gloria,
943 4584 1089 4625 nunc
1117 4581 1171 4625 et
1200 4584 1436 4637 semper,
1459 4582 1514 4628 et
1533 4572 1586 4628 in
1614 4574 1812 4630 secula

202 4662 547 4720 saeculorum.
577 4662 773 4718 Amen.

766 4831 1043 4890 HOMIIJA
1086 4833 1251 4891 XLV.

209 4992 278 5048 Et
304 4991 458 5046 atterit
499 4990 642 5045 illinc
681 4989 937 5042 Abraham
980 4989 1034 5042 in
1061 4997 1248 5044 tenam
1271 5004 1444 5042 versus
1480 4988 1734 5059 africum,
1766 5000 1814 5044 et

287 5082 520 5138 habitarit
559 5081 688 5133 inter
707 5077 893 5140 Cudes,
919 5087 970 5130 et
991 5079 1127 5132 inter
1155 5077 1284 5146 Sur,
1315 5089 1361 5134 et
1389 5080 1688 5150 peregrinus
1717 5074 1813 5152 fuit

278 5174 332 5226 in
357 5171 564 5228 Gerart's
594 5169 746 5242 (Gen.
773 5168 866 5224 20.
898 5168 975 5238 1).

284 5308 335 5362 l.
358 5305 598 5369 Gaudeo,
620 5319 742 5360 cum
765 5319 860 5359 vos
885 5302 1193 5374 frequenter
1215 5305 1372 5362 video
1398 5305 1467 5360 ad
1497 5307 1812 5363 concionem

239 5413 511 5464 ccurrere,
527 5410 592 5452 ac
607 5411 796 5466 magna
819 5411 943 5450 cum
959 5397 1230 5467 voluptate
1250 5398 1550 5453 doctrinam
1573 5408 1815 5455 nostram

202 5491 524 5559 suscipere;
575 5488 802 5557 ideoque
850 5488 904 5542 in
932 5487 1050 5544 dies
1076 5487 1263 5557 majori
1302 5487 1577 5544 alacritate
1611 5504 1815 5560 paupe-

206 5591 322 5634 rem
355 5579 493 5635 hanc
517 5589 757 5636 nostram
780 5587 836 5634 et
866 5587 1080 5633 tenuem
1103 5592 1342 5634 mensam
1369 5579 1523 5636 vobis
1542 5595 1814 5651 apponere

207 5669 422 5729 studeo.
473 5670 660 5727 Vestra
703 5672 849 5727 enim
887 5670 1130 5727 ciborum
1176 5671 1463 5729 immodica
1507 5676 1813 5746 appetenda

209 5772 412 5819 mensa
460 5771 660 5819 nostra:
706 5761 968 5820 vilitatem
1011 5759 1239 5838 obtegit,
1286 5777 1560 5838 parvaque
1605 5764 1732 5825 facit
1755 5777 1813 5827 ut

1256 340 1324 398 IN
1361 338 1516 398 CAP.
1558 336 1678 395 XX.
1716 333 1964 395 GENES.
2003 333 2238 395 HOMIL.
2279 336 2446 397 XLV.

3389 338 3531 402 ·ιιι

1935 462 2129 521 magna
2169 460 2504 522 appareant:
2530 449 2589 508 id
2631 450 2776 524 quod
2819 458 2877 510 et
2899 450 2954 510 in
2979 451 3324 514 seusibilibus
3346 457 3539 518 eduliis

1928 542 2114 600 videre
2137 542 2284 600 licet.
2311 537 2446 600 Nam
2474 543 2615 601 sicut
2640 544 3017 601 cumsatiatos
3043 546 3167 617 quis
3181 547 3385 618 excipit
3410 566 3538 607 con-

1927 637 2100 702 vivas,
2138 635 2267 692 !icet
2316 649 2512 706 magna
2551 645 2977 708 sumptuoaaque
3016 647 3254 709 apponat
3301 640 3500 699 fercula
3520 684 3538 712 ,

1928 724 2146 781 illorum
2192 725 2445 782 satietate
2488 727 2750 787 minuitur
2790 728 3162 799 appositorum
3206 731 3448 800 lautitia;
3487 745 3538 791 et

1927 829 2123 887 magna
2164 831 2569 887 nonnumquam
2614 817 2816 874 nullius
2842 818 3098 875 videntur
3140 823 3423 892 momenti,
3473 841 3537 881 cc

1927 906 2070 977 quod
2124 909 2376 963 convivat
2422 907 2627 979 absque
2657 909 2852 966 edendi
2881 911 3140 969 aviditate
3164 914 3534 975 advenerunt:

1927 995 2000 1052 ita
2038 1006 2226 1052 contra
2266 999 2312 1054 si
2354 998 2476 1069 quis
2518 1000 2794 1056 famelicos
2830 1000 3088 1072 suscipiat
3124 1013 3181 1060 et
3209 1007 3554 1071 esurientes,

1926 1087 2055 1144 licet
2085 1088 2192 1144 illis
2214 1097 2430 1146 tenuem
2460 1101 2725 1162 proponat
2748 1107 3015 1160 mensam,
3043 1094 3326 1165 splendida
3358 1106 3537 1154 tamen

1927 1178 2021 1235 illa
2065 1174 2346 1252 apparebit
2390 1183 2654 1251 convivis,
2697 1184 2866 1239 multa
2904 1199 3026 1242 cum
3055 1187 3332 1260 voluptate
3368 1196 3538 1260 atque

1926 1271 2185 1329 aviditate
2227 1275 2472 1345 apposita
2522 1276 2955 1334 comedentibus.
3007 1278 3101 1336 Sic
3155 1288 3212 1336 et
3251 1295 3352 1339 nos
3397 1281 3541 1340 bene

1927 1365 2160 1421 fidentes
2205 1365 2469 1437 spirituali
2512 1375 2700 1424 vestro
2744 1368 3047 1439 appetitui,
3097 1385 3206 1427 non
3237 1385 3570 1442 gratamur,

1925 1471 2220 1528 pauperem
2245 1467 2302 1514 et
2321 1458 2480 1514 vilem
2507 1458 2647 1515 hanc
2675 1474 2918 1516 mensam
2939 1470 3136 1534 vestra:
3162 1463 3372 1518 caritati
3400 1465 3541 1520 assi-

1925 1549 2034 1606 due
2062 1566 2356 1622 apponere.
2403 1551 2518 1608 Hoc
2555 1562 2609 1608 et
2647 1553 2866 1624 sapiens
2889 1554 3111 1626 quidam
3138 1555 3388 1612 dicebat:
3423 1555 3542 1612 Ne-

1925 1645 2028 1699 lius
2069 1654 2144 1701 est
2186 1647 2474 1700 convivium
2518 1646 2715 1701 olerum
2743 1663 2861 1701 cunt
2903 1649 3140 1713 caritate,
3168 1665 3322 1720 quam
3359 1649 3448 1705 bos
3477 1650 3544 1706 de

1926 1737 2178 1806 prcsepio
2221 1753 2337 1791 cum
2365 1735 2486 1795 odio
2515 1727 2699 1808 (Prov.
2725 1737 2817 1794 l5.
2841 1737 2974 1809 i7);
3007 1753 3118 1810 quo
3141 1739 3320 1806 docet,
3347 1742 3544 1796 carita-

1927 1833 2034 1881 tem
2063 1827 2222 1881 aliter
2247 1827 2432 1881 videre
2458 1827 2726 1898 apposita,
2759 1827 3009 1898 illiusque
3028 1829 3201 1885 oculis
3223 1829 3346 1884 vilia
3373 1845 3543 1901 appa-

1925 1931 2048 1972 rere
2075 1930 2139 1972 ea
2182 1932 2303 1986 quas
2342 1927 2656 1986 sumptuosa
2705 1929 2852 1984 sunt,
2883 1928 2938 1974 et
2962 1934 3129 1991 parva
3161 1934 3282 1991 quze
3321 1935 3536 1992 magna.

1995 2005 2260 2061 Auditort's
2283 2007 2628 2062 benevolentia
2651 2009 2955 2064 necessaria.
2978 2009 3190 2077 —Quid
3219 2011 3379 2082 igitur
3405 2011 3542 2067 bca.

1923 2097 2030 2155 tius
2081 2099 2239 2155 nobis
2285 2100 2376 2170 qui
2431 2101 2572 2171 apud
2618 2110 2696 2157 tot
2740 2102 3036 2166 auditores,
3068 2112 3286 2176 tamque
3329 2105 3544 2160 ferven-

1925 2191 1964 2246 ti
2001 2201 2057 2246 et
2110 2192 2341 2248 sollicita
2392 2193 2618 2249 caritate
2674 2195 2931 2264 praeditos
2979 2194 3348 2252 disserimus?
3395 2196 3542 2252 Nihil

1922 2282 2068 2337 enim
2109 2283 2631 2353 tantoperedicenti
2684 2285 3054 2344 necessarium
3105 2294 3230 2353 est,
3285 2296 3344 2342 ut
3387 2287 3544 2344 audi-

1924 2375 2072 2430 toris?
2109 2373 2508 2435 benevolentia.
2549 2375 2994 2447 Quandoquidem
3041 2393 3166 2433 eum
3209 2378 3358 2434 videt
3385 2378 3540 2434 audi-

1925 2474 2072 2521 tores
2101 2465 2310 2522 fervere
2335 2467 2628 2534 desiderio,
2673 2469 2918 2526 firmatur
2944 2482 3002 2525 et
3027 2470 3166 2542 ipse,
3193 2480 3250 2527 et
3285 2486 3542 2542 maguum

1923 2570 2070 2628 saepe
2113 2556 2300 2624 robur,
2355 2567 2414 2614 ut
2465 2559 2539 2614 ita
2590 2559 2789 2626 dicam,
2844 2562 3059 2632 accipit,
3115 2563 3297 2619 sciens
3336 2574 3543 2635 quanto

1921 2651 2377 2720 sumptuosiorem
2424 2666 2668 2710 mensam
2710 2654 3046 2724 spiritualem
3082 2656 3359 2725 proponit,
3391 2665 3544 2714 tanto

1921 2740 2184 2809 majorem
2206 2741 2308 2798 sibi
2333 2742 2545 2812 copiam
2573 2743 2856 2800 accedere.
2887 2743 3060 2801 Secus
3085 2745 3230 2802 enim
3252 2760 3313 2802 se
3339 2745 3537 2804 habent

1920 2831 2217 2900 sensibilia,
2248 2848 2412 2904 quam
2439 2834 2756 2904 spiritantia.
2779 2835 2892 2892 Illic
2919 2836 3065 2892 enim
3093 2851 3297 2893 mensae
3319 2837 3541 2909 largitas

1920 2931 2197 2991 sumptum
2251 2924 2414 2994 parit,
2465 2933 2523 2980 et
2567 2925 2875 2981 convivium
2920 2926 3228 2984 exhibentis
3269 2928 3541 2990 imminuit

1920 3014 2315 3078 substantiam;
2345 3016 2435 3072 hic
2461 3026 2642 3075 autem
2667 3019 2895 3075 omnino
2917 3020 3094 3086 aliter,
3124 3030 3326 3091 quanto
3357 3020 3542 3091 plures

1919 3114 2047 3162 sunt
2092 3108 2402 3176 participes,
2450 3116 2602 3164 tanto
2642 3109 2761 3178 plus
2805 3110 3109 3166 substantia
3136 3119 3318 3166 nostra
3347 3125 3539 3167 accre-

1918 3199 2045 3253 scit.
2085 3196 2272 3267 Neqne
2302 3198 2446 3253 enim
2480 3206 2664 3254 nostra
2694 3198 2944 3266 dicimus,
2976 3200 3072 3258 sed
3119 3214 3181 3256 ea
3213 3217 3335 3271 qua:
3363 3201 3416 3256 in
3445 3217 3538 3258 ve-

1918 3301 2088 3347 stram
2140 3292 2420 3348 utilitatem
2467 3291 2560 3348 Dei
2608 3293 2781 3363 gratia
2828 3308 2927 3364 per
2954 3307 3109 3349 suam
3147 3293 3536 3365 benignitatem

1919 3381 2249 3452 suppeditat.
2299 3383 2413 3452 Age
2444 3382 2624 3453 igitur,
2675 3382 2799 3453 quia
2845 3397 2971 3439 cum
3003 3391 3150 3440 tanta
3173 3384 3453 3451 alacritate
3483 3394 3540 3442 et

1921 3482 2066 3528 tanta
2127 3473 2309 3528 laetitia
2360 3472 2427 3528 ad
2479 3473 2809 3529 audiendum
2856 3474 3136 3542 acceditis,
3183 3475 3379 3532 iterum
3420 3476 3536 3548 jam

1919 3563 2061 3619 lecta
2084 3563 2420 3633 indagemus,
2450 3573 2506 3620 et
2532 3564 2674 3636 quod
2702 3564 2826 3621 inde
2851 3566 3100 3639 provenit
3129 3567 3335 3621 lucrum
3361 3567 3540 3638 perclo

1920 3654 2151 3724 piamus.
2192 3653 2326 3710 Nam
2374 3655 2525 3725 quia,
2553 3655 2850 3712 secundum
2877 3671 3126 3727 magnam
3165 3657 3309 3713 illam
3339 3658 3539 3716 exhor-

1921 3745 2178 3802 tationem
2199 3743 2399 3800 Christi
2420 3744 2673 3812 dicentis,
2701 3745 3020 3801 εον-ιιωωὶηὲ
3038 3746 3336 3818 Scripturas
3352 3747 3536 3819 (Joan.

1919 3835 1973 3890 5.
2000 3834 2116 3904 39),
2151 3834 2436 3892 thesaurus
2455 3851 2682 3907 magnus
2700 3837 2754 3892 in
2780 3835 3076 3908 Scripturis
3100 3847 3185 3894 est
3204 3838 3537 3905 reconditus,

1920 3935 1976 3981 et
2019 3924 2085 3993 in.
2121 3923 2392 3997 profundo
2433 3925 2608 3982 latet:
2637 3927 2842 3984 idcirco
2884 3929 3220 3986 scrutatione
3269 3944 3428 4002 opus,
3477 3941 3538 3990 ut

1918 4032 2042 4072 cum
2090 4015 2440 4072 didicerimus
2488 4019 2740 4074 virtutem
2769 4033 2893 4090 qua:
2921 4019 2977 4074 in
3023 4019 3296 4092 profundo
3324 4021 3538 4077 occulta

1917 4117 2023 4174 est,
2055 4109 2282 4165 multam
2310 4109 2434 4165 inde
2462 4110 2750 4166 utilitatem
2795 4110 3094 4184 decerpere
3128 4127 3411 4183 queamus.
3445 4113 3540 4170 Et-

1920 4201 2064 4257 enim
2116 4210 2400 4273 propterea
2433 4206 2701 4273 jnstorum
2730 4205 2976 4261 omnium
3024 4206 3272 4272 virtutes,
3303 4205 3540 4277 Spiritus

1920 4294 2094 4350 sancti
2123 4295 2295 4367 gratia
2319 4303 2378 4349 et
2401 4295 2830 4366 dispensatione,
2860 4296 2916 4353 in
2958 4297 3252 4366 Scripturis
3276 4307 3406 4354 sunt
3428 4305 3539 4355 tra-

1922 4385 2071 4455 diue,
2104 4397 2284 4443 utnos
2307 4389 2617 4445 continuam
2643 4387 2907 4446 habentes
2929 4389 3252 4457 doctrinam,
3275 4389 3342 4445 ad
3369 4406 3539 4447 temn-

1922 4475 2177 4535 lationem
2232 4487 2290 4537 et
2350 4479 2704 4537 imitationem
2747 4480 3021 4550 iustorum
3071 4483 3237 4537 vitam
3291 4493 3536 4539 nostram

1921 4568 2286 4626 instituamus.
2335 4570 2633 4627 Audiamus
2676 4571 2838 4644 igitur
2879 4571 3120 4628 divinam
3172 4573 3536 4646 Scripturam,

1919 4661 2051 4732 quid
2103 4672 2161 4719 et
2213 4662 2373 4721 hodie
2422 4665 2580 4721 nobis
2623 4665 2693 4721 de
2723 4667 3022 4736 patriarcha
3051 4681 3276 4725 narrare
3300 4669 3453 4725 velit.
3483 4670 3535 4724 l.

1921 4755 2075 4826 (Cap.
2095 4756 2188 4826 20)
2206 4755 2273 4826 Et
2293 4759 2467 4824 mouit,
2494 4758 2687 4829 inquit,
2709 4759 2853 4815 illius
2867 4759 3125 4815 Abraham
3143 4761 3196 4815 in
3214 4770 3402 4815 terram
3423 4777 3538 4816 uer-

1919 4864 2008 4902 sus
2027 4848 2267 4918 africum,
2291 4856 2341 4903 et
2367 4848 2607 4906 habitauit
2627 4849 2758 4917 inter
2781 4848 2945 4906 Gades
2965 4860 3017 4908 et
3047 4852 3178 4905 inter
3204 4850 3332 4917 Sur,
3362 4859 3410 4905 et
3429 4867 3541 4921 per-

1920 4940 2125 5008 egrinus
2155 4941 2253 5010 fuit
2291 4940 2344 4995 in
2384 4937 2613 4997 Cereris.
2647 4939 2717 4996 Et
2739 4941 2894 5020 mouit
2914 4939 3164 5012 ,inqnit,
3195 4939 3354 4995 illiue.
3383 4939 3538 4996 Unde

1921 5031 2123 5085 movit?
2162 5032 2204 5085 A
2255 5031 2374 5085 loco
2415 5031 2504 5086 ubi
2535 5031 2941 5088 tabernaculum
2971 5031 3188 5092 llxerat.
3214 5032 3305 5088 ubi
3325 5040 3384 5088 et
3413 5030 3539 5087 uni-

1921 5125 2062 5180 versi
2083 5124 2434 5180 Conditorem
2455 5140 2578 5181 cum
2599 5125 2812 5196 angelis
2833 5125 3111 5196 suscipere
3141 5124 3190 5180 ei
3214 5138 3538 5180 concessum

1920 5215 2038 5270 fuit.
2082 5213 2255 5283 Illinc,
2295 5216 2487 5286 inquit,
2535 5231 2662 5275 cum
2682 5216 2959 5284 movisset,
3003 5216 3314 5292 Peregrinus
3337 5215 3436 5288 fuit
3488 5217 3540 5270 in

1922 5306 2151 5364 Geram.

1992 5400 2213 5456 Abt-alue
2231 5401 2461 5456 modesta
2479 5401 2680 5456 θῦσαιόὲ
2715 5400 2947 5474 riua—
2970 5402 3103 5458 Vide
3119 5401 3387 5472 iustorum
3411 5400 3538 5463 vitte

1919 5492 2208 5556 rationem,
2221 5507 2382 5562 quam
2391 5502 2668 5550 contracta
2683 5495 2789 5551 illis
2801 5494 2960 5550 fuerit
2975 5504 3032 5550 et
3053 5493 3275 5550 minime
3286 5506 3538 5563 superva-

1920 5597 2023 5638 cua
2037 5583 2276 5653 supellex
2293 5601 2308 5638 :
2324 5583 2596 5653 quomodo
2613 5584 2768 5641 facile
2785 5585 3239 5656 transmigrabant
3263 5584 3538 5653 vitamque

1919 5686 2072 5730 suam
2087 5672 2433 5731 instituebant
2444 5675 2584 5732 sicut
2595 5675 2865 5747 peregrini
2879 5674 3187 5740 etadvente,
3202 5682 3254 5729 et
3269 5687 3412 5730 nunc
3425 5671 3534 5740 hic,

1922 5780 2070 5824 nunc
2084 5765 2190 5825 illic
2206 5764 2549 5826 tabernacula
2563 5766 2869 5840 erigebant,
2883 5765 3042 5839 quasi
3074 5778 3300 5838 peregre
3333 5760 3539 5840 degen-
