4060 6424
550 335 661 393 ’415

547 458 649 514 tes;
668 463 772 502 non
797 445 933 502 sicut
958 455 1055 497 nos
1070 438 1310 504 facimus,
1325 438 1412 507 qui
1428 436 1725 489 habitantes
1742 432 1795 487 in
1809 433 1982 488 aliena
1995 441 2134 488 terra

547 539 697 609 quasi
743 537 795 591 in
827 533 1016 605 patria,
1045 530 1233 585 domos
1252 529 1578 592 exstruimus
1603 519 1935 593 Splendidas,
1967 523 2140 594 porti-

548 644 645 683 cus
669 637 724 683 et
761 624 1158 689 deambulacra,
1180 631 1239 676 et
1282 619 1435 674 villas
1476 616 1838 689 possidemus,
1871 625 1923 670 et
1954 614 2136 668 balnea

548 733 794 789 paramus
829 717 1038 785 aliaque
1060 715 1359 768 innumera.
1387 706 1491 764 sed
1525 709 1643 762 vide
1667 706 1933 776 quomodo
1965 707 2139 774 justus

544 809 892 866 substantiam
934 823 1085 861 suam
1118 809 1170 859 in
1199 803 1498 859 vernaculis
1533 809 1735 853 tantum
1777 807 1825 852 et
1861 796 2141 866 pecoribus

550 901 852 972 possidens,
884 907 938 953 et
966 911 1250 964 numquam
1276 895 1326 946 in
1349 892 1535 946 eodem
1565 892 1680 943 loco
1707 889 2014 957 persistens,
2044 888 2140 940 ali-

544 991 761 1062 quando
787 990 1000 1060 quidem
1030 987 1081 1041 in
1108 985 1292 1040 Bethel
1323 984 1431 1052 iigit
1454 975 1821 1044 tabernacula,
1850 977 2138 1047 aliquando

545 1092 723 1137 autem
751 1081 885 1150 apud
909 1091 1162 1148 quercum
1185 1075 1439 1137 Mambre,
1463 1073 1748 1142 aliquando
1773 1071 1823 1125 in
1850 1070 2138 1141 Egyptum

551 1169 846 1233 descendit,
882 1182 1021 1223 nunc
1049 1176 1225 1220 autem
1256 1166 1306 1218 in
1329 1162 1546 1218 Geraris
1579 1161 1972 1215 tabernaculum
2007 1162 2136 1230 figit,

545 1269 602 1317 et
648 1261 824 1314 omnia
873 1260 1028 1314 facile
1072 1256 1320 1317 sustinet,
1364 1262 1675 1324 gratamque
1697 1267 1821 1319 erga
1857 1251 2136 1305 Dominum

517 1359 780 1406 (mentem
810 1364 905 1418 per
933 1349 1109 1402 omnia
1136 1345 1419 1399 manifeste
1447 1343 1700 1398 declarat.
1733 1342 1798 1396 Et
1830 1351 1945 1409 post
1968 1351 2140 1396 tantas

548 1440 930 1511 promissioncs
975 1455 1096 1508 qua:
1124 1438 1173 1492 ei
1200 1452 1228 1490 a
1272 1437 1382 1490 Deo
1397 1434 1556 1488 facuc
1582 1432 1970 1497 erant,'videns
1999 1447 2057 1486 se
2087 1433 2136 1487 in

549 1532 712 1586 tantis
733 1530 930 1585 versari
971 1516 1394 1592 difﬁcultatibus,
1440 1534 1494 1579 et
1524 1527 1576 1578 in
1605 1525 1778 1578 varias
1799 1524 2140 1592 diversasque

553 1623 874 1675 tentationes
923 1618 1182 1682 incidere,
1227 1614 1379 1685 quasi
1428 1615 1647 1668 adamas
1693 1615 1944 1667 immotus
1968 1614 2136 1683 persi-

548 1712 679 1776 stit;
719 1714 969 1778 piamque
995 1722 1146 1761 suam
1179 1717 1411 1760 mentem
1438 1701 1746 1767 ostendens,
1773 1702 1934 1757 nullis
1957 1703 2143 1757 obsta-

547 1799 685 1856 culis
713 1799 1064 1873 negligentior
1089 1797 1286 1850 evadit.
1318 1796 1452 1850 Vide
1481 1795 1626 1850 enim
1654 1803 1707 1847 et
1729 1810 1892 1860 nunc,
1918 1792 2134 1858 dilecte,

548 1891 726 1961 qualis
772 1891 995 1944 tentatio
1037 1904 1161 1944 eum
1191 1889 1241 1942 in
1271 1887 1485 1943 Geraris
1515 1886 1753 1941 invadit:
1787 1895 1841 1940 et
1871 1885 2140 1940 admirare

551 1980 913 2037 fortitudinem
959 1988 1014 2034 et
1041 1980 1292 2033 virtutem
1316 1977 1467 2046 justi,
1499 1975 1766 2046 quomodo
1795 1973 1936 2045 quod
1969 1975 2140 2028 omni-

549 2071 651 2125 bus
689 2070 1046 2134 intolerabile,
1095 2076 1152 2123 et
1197 2069 1338 2136 quod
1387 2079 1561 2135 neque
1604 2067 1823 2120 auribus
1867 2066 2139 2135 suscipere

550 2162 671 2231 quis
704 2161 888 2224 vellet,
918 2159 1021 2212 hoc
1050 2159 1163 2227 ipse
1185 2157 1456 2219 sustinuit,
1487 2170 1591 2210 non
1621 2171 1765 2223 aegre
1808 2153 2007 2222 ferens,
2039 2170 2136 2214 tte-

550 2266 656 2321 que
677 2253 896 2320 exigens
937 2266 967 2302 a
1009 2251 1234 2302 Domino
1264 2249 1523 2301 rationem
1568 2261 1750 2300 eorum
1781 2251 1898 2315 qua
1915 2245 2136 2311 ﬂebant,

551 2343 689 2397 sicut
717 2343 954 2411 plerique
973 2340 1224 2393 homines
1253 2338 1469 2401 faciunt,
1502 2336 1662 2404 hique
1692 2335 1985 2396 innumeris
2019 2349 2143 2404 pee-

550 2441 792 2486 catorum
843 2431 1064 2485 sarcinis
1110 2430 1300 2498 pressi.
1350 2427 1481 2481 Nam
1526 2441 1646 2480 cum
1695 2429 1744 2480 in
1803 2417 2139 2483 difiieultates

551 2520 810 2590 quasdam
857 2519 1162 2581 inciderint,
1203 2518 1382 2570 statim
1431 2515 1853 2578 obmurmurant,
1889 2522 1942 2569 et
1966 2517 2141 2570 curio-

551 2613 664 2665 sius
707 2611 998 2679 inquirunt,
1022 2609 1306 2676 dicuntque
1336 2625 1347 2660 :
1373 2605 1548 2672 Quare
1575 2604 1676 2659 hoc
1706 2615 1759 2659 et
1786 2603 1886 2659 hoc
1927 2596 2140 2660 evenit?

551 2711 608 2757 ct
637 2716 801 2772 quare
845 2700 946 2754 hoc
986 2700 1304 2770 permissum
1337 2697 1455 2751 est?
1488 2698 1554 2748 At
1576 2697 1750 2764 justus
1772 2696 1859 2750 ille
1885 2711 1988 2750 non
2019 2698 2136 2752 sic:

554 2792 695 2845 unde
746 2799 800 2845 et
858 2790 933 2843 illi
989 2789 1215 2857 amplius
1260 2801 1550 2855 supernum
1606 2785 1860 2838 auxilium
1889 2793 1971 2839 est
2011 2801 2140 2840 con-

550 2897 781 2938 cessum.
811 2881 922 2935 iloc
943 2882 1082 2935 enim
1106 2894 1229 2932 vere
1249 2879 1382 2947 grati
1406 2877 1543 2931 servi
1563 2875 1737 2942 fuerit,
1766 2886 1822 2929 ut
1851 2873 2138 2944 numquam

551 2975 814 3028 curiosior
850 2974 920 3026 sit
965 2973 1017 3024 in
1043 2971 1106 3024 iis
1131 2967 1475 3038 explorandis
1522 2983 1640 3036 qua:
1680 2982 1709 3018 a
1738 2965 1956 3020 domino
1985 2967 2138 3033 liunt,

552 3063 647 3119 scd
677 3066 728 3117 in
773 3062 983 3118 silentio
1025 3071 1076 3116 et
1115 3061 1404 3130 gratiarum
1430 3056 1642 3112 actione
1664 3059 1918 3126 suscipiat
1939 3058 2136 3112 omnia.

623 3153 676 3205 9».
720 3152 789 3205 Ει
815 3149 1198 3213 animadverte,
1227 3147 1497 3216 quomodo
1522 3145 1688 3199 etiam
1721 3161 1814 3214 per
1845 3146 1965 3200 illas
1994 3148 2138 3216 ipsas

546 3257 672 3313 'qu:e
704 3250 1001 3311 sequuntur
1026 3240 1343 3292 tentationes
1363 3236 1492 3304 juSti
1517 3238 1682 3288 virtus
1710 3239 1876 3305 magis
1899 3239 2134 3303 emicuit,

557 3335 667 3390 Deo
697 3334 898 3388 clarum
928 3332 1076 3385 illum
1106 3346 1200 3399 per
1229 3329 1406 3382 omnia
1447 3328 1780 3382 ostendente.
1815 3328 1948 3383 Nam
1997 3330 2137 3384 sicut

553 3424 770 3496 quando
810 3424 865 3476 in
899 3422 1186 3491 .‘Egypwm
1221 3419 1530 3483 descendit,
1574 3426 1632 3470 ut
1673 3417 1884 3486 ignotus
1924 3429 1978 3473 et
2020 3435 2138 3489 per-

554 3517 792 3588 egrinus,
831 3526 885 3571 et
911 3517 1037 3569 nulli
1066 3515 1296 3583 agnitus,
1326 3513 1504 3566 subito
1542 3527 1735 3581 magno
1776 3527 1896 3565 cum
1937 3511 2140 3566 hoiiore

554 3609 678 3663 inde
719 3608 900 3662 redit:
936 3607 1002 3659 ita
1034 3618 1086 3659 et
1141 3618 1315 3667 nunc,
1361 3618 1481 3657 cum
1532 3607 1843 3672 peregrinus
1898 3611 2041 3656 esset
2086 3603 2137 3656 in

554 3698 792 3764 Ceraris,
814 3698 863 3750 in
893 3698 1020 3766 ipsis
1047 3694 1260 3764 quidem
1293 3693 1458 3746 initiis
1485 3693 1627 3762 quod
1655 3707 1808 3745 suum
1837 3701 1954 3746 erat
1980 3691 2135 3747 fecit:

559 3795 744 3860 postea
775 3802 900 3842 vero
929 3797 1074 3839 tanto
1099 3785 1190 3838 Dei
1213 3783 1451 3837 subsidio
1479 3784 1716 3836 munitus
1745 3792 1846 3849 est,
1871 3791 1928 3836 ut
1952 3792 2009 3837 et
2043 3799 2136 3837 rex

555 3891 609 3936 et
637 3895 822 3934 omnes
863 3881 952 3949 qui
981 3881 1032 3932 in
1061 3893 1121 3932 ea
1153 3877 1371 3946 regione
1403 3875 1746 3938 habitabant,
1771 3873 1915 3928 omni
1961 3875 2138 3929 studio

556 3974 860 4028 ministrare
909 3971 1056 4037 justo
1103 3969 1400 4023 studerent.
1441 3966 1496 4020 2.
1537 3966 1682 4019 Dixit
1730 3975 1917 4030 autem,
1946 3967 2134 4034 inquit,

559 4065 812 4120 Abraham
846 4067 909 4115 de
948 4063 1110 4116 Sarra
1148 4077 1306 4115 uxore
1346 4078 1470 4125 sua,
1504 4059 1666 4114 Soror
1694 4074 1805 4110 mea
1833 4069 1925 4113 cst.
1949 4057 2140 4111 Timuit

557 4158 690 4208 enim
711 4154 895 4216 dicere,
931 4151 1073 4205 Uxor
1095 4167 1204 4203 mea
1225 4159 1318 4215 est,
1350 4165 1411 4203 ne
1441 4153 1573 4220 forte
1600 4148 1882 4202 occiderent
1905 4161 2014 4199 eum
2044 4149 2138 4200 viri

558 4245 773 4298 civitatis
800 4251 1002 4313 promer
1026 4241 1189 4294 illant.
1218 4240 1350 4294 Vide
1378 4239 1646 4310 quomodo
1676 4255 1705 4293 a
1734 4240 2137 4295 violentissimis

558 4332 928 4387 sﬂ‘ectiouibus
970 4332 1144 4384 anima
1166 4329 1295 4399 justi
1337 4330 1699 4399 impugnetur,
1732 4337 1786 4383 et
1827 4331 1985 4383 timor
2015 4345 2134 4384 eum

564 4422 816 4478 incessat.
849 4422 913 4476 Et
935 4424 1180 4491 quamvis
1202 4421 1349 4490 prior
1375 4421 1555 4485 timor,
1582 4436 1648 4474 ue
1674 4419 1950 4475 mulierem
1981 4421 2139 4475 amit-

563 4520 660 4577 tat,
685 4513 860 4580 gravis
889 4511 1085 4576 fuerit,
1111 4513 1268 4566 timor
1301 4520 1477 4564 tamen
1522 4511 1710 4564 mortis
1735 4510 1881 4563 illum
1914 4512 2137 4580 expulit.

563 4600 632 4659 Ut
664 4603 804 4656 enim
830 4601 970 4654 hunc
1001 4601 1287 4670 eliugeret,
1311 4600 1564 4654 sustinuit
1594 4601 1706 4654 suis
1735 4600 1904 4654 oculis
1935 4601 2136 4667 videre,

557 4697 758 4751 sociam
787 4695 906 4745 vita:
942 4707 1052 4746 sua:
1083 4693 1134 4744 in
1174 4693 1315 4761 regis
1359 4705 1546 4745 manus
1591 4691 1846 4745 incidere.
1878 4691 2044 4757 Quam
2072 4694 2142 4744 sit

558 4792 738 4837 autem
777 4781 875 4835 ltoc
923 4774 1146 4834 toleratu
1181 4780 1428 4846 difﬁcile,
1471 4779 1645 4834 sciunt
1692 4781 1780 4848 qui
1812 4795 2003 4834 uxores
2047 4781 2141 4833 ha-

562 4878 711 4930 bent.
738 4873 887 4928 Unde
913 4882 968 4928 et
997 4873 1211 4942 sapiens
1255 4873 1471 4939 (thidum
1517 4869 1762 4923 dicebat:
1797 4869 1989 4924 Plenus
2031 4872 2140 4924 zelo

564 4964 704 5033 furor
724 4967 815 5019 uiri
846 4968 955 5035 ejus
977 5005 990 5029 ,
1028 4981 1127 5018 non
1173 4973 1338 5033 parcet
1367 4965 1418 5017 in
1461 4964 1542 5016 die
1561 4963 1747 5032 judicii
1769 5003 1784 5028 ,
1812 4964 1952 5016 nullo
1981 4967 2140 5032 prctio

561 5056 770 5110 mutabit
797 5055 1085 5109 inimicitias
1107 5053 1287 5124 (Prov.
1306 5053 1462 5108 6.34.
1487 5053 1597 5122 55).
1623 5052 1816 5107 Verum
1851 5067 2011 5121 grave
2041 5052 2141 5107 hoc

560 5158 614 5203 et
639 5149 886 5202 omnibus
909 5145 1400 5210 intolerabile,vide
1422 5144 1690 5213 quomodo
1718 5155 1934 5214 propter
1956 5147 2142 5200 mortis

561 5251 760 5295 metum
786 5241 874 5296 ille
897 5241 1034 5293 tulit.
1057 5239 1167 5292 Hoc
1197 5251 1327 5292 sane
1355 5245 1411 5290 et
1435 5237 1486 5290 in
1511 5236 1876 5304 corporalibus
1905 5235 2142 5290 allectis-

567 5333 724 5387 nibus
753 5333 1067 5401 contingere
1089 5330 1262 5383 solet:
1297 5344 1418 5382 nam
1451 5327 1666 5397 quando
1709 5328 1814 5382 duo
1854 5329 2025 5382 morbi
2064 5330 2140 5383 si-

560 5421 671 5478 mul
709 5421 959 5475 infestant
983 5434 1180 5488 corpus
1223 5427 1504 5481 nostrum,
1550 5416 1704 5470 unius
1753 5418 2139 5472 incrementum

563 5514 694 5583 tegit
745 5514 935 5577 alium,
989 5521 1044 5566 et
1095 5520 1236 5566 totos
1285 5525 1384 5565 nos
1449 5509 1539 5564 ille
1588 5509 1798 5579 gravior
1843 5510 1996 5564 dolor
2041 5510 2141 5565 sibi

568 5604 841 5671 vindicat,
878 5605 948 5659 ita
999 5612 1057 5659 ut
1101 5591 1246 5674 saepe
1291 5604 1552 5661 minorem
1602 5601 1842 5656 dolorem
1878 5617 1907 5656 a
1953 5603 2141 5671 majori

565 5695 806 5753 distracti
835 5709 941 5752 non
972 5696 1282 5755 sentiamus.
1316 5694 1517 5753 Eodem
1539 5695 1700 5750 modo
1727 5693 1902 5764 justus
1930 5707 2142 5766 quoque

1261 327 1320 385 S.
1358 322 1636 383 JOANNiS
1669 314 2148 378 CHRYSOSTOMI
2186 317 2506 377 ARCHIEP.
2546 317 3080 377 CONSTANTINOP.

3751 316 3852 376 ιω

2257 433 2346 488 ille
2387 450 2526 489 nunc
2577 435 2765 489 videns
2833 448 3024 503 urgere
3074 433 3315 488 dolorem
3369 432 3604 502 mortis,
3655 444 3853 488 extera

2253 525 2432 578 omnia
2467 524 2762 578 tolerabilia
2794 523 3070 578 censebat.

2328 615 2470 670 Mors
2502 617 2631 670 nihil
2657 626 2730 670 est
2758 617 2900 670 aliud
2927 632 3080 686 quam
3109 631 3408 670 somnus.——
3437 613 3716 667 Carterum
3742 612 3856 670 lucc

2255 707 2499 771 audiens,
2528 707 2724 762 dilecte
2745 749 2758 771 ,
2789 723 2856 761 ne
2882 707 3210 761 condemnes
3229 707 3428 775 justum
3461 707 3532 760 ob
3562 707 3851 773 pusillani-

2256 799 2515 858 mitatem,
2551 799 2690 864 quod
2724 806 2954 850 mortem
2996 797 3235 849 timuerit
3266 813 3278 848 :
3313 795 3404 849 sed
3455 796 3641 864 potius
3692 796 3857 849 admi-

2254 900 2374 938 rare
2401 885 2708 939 Conditoris
2737 887 2967 940 universi
2995 901 3118 955 erga
3139 902 3240 940 nos
3268 888 3682 955 benignitatem,
3711 887 3852 953 quod

2254 985 2482 1029 mortem
2519 975 2685 1044 justis
2717 977 2815 1030 illis
2842 985 2895 1028 et
2923 977 3121 1030 sanctis
3151 987 3279 1029 tunc
3321 975 3622 1030 terribilem
3647 1019 3664 1042 ,
3711 990 3852 1031 nunc

2253 1064 2322 1118 ita
2349 1065 2746 1134 despiciendam
2778 1066 2989 1121 dederit
3012 1066 3281 1132 Christus,
3314 1076 3371 1120 ut
3400 1066 3853 1136 quam’formida-

2251 1155 2380 1209 bant
2408 1156 2507 1209 viri
2533 1157 2608 1210 illi
2643 1158 2840 1211 virtute
2863 1158 2991 1211 clari
3018 1199 3034 1222 ,
3059 1167 3112 1211 et
3140 1167 3279 1210 tanta
3309 1174 3434 1226 erga
3463 1160 3633 1213 Deum
3659 1160 3852 1212 fiducia

2253 1245 2398 1310 freti,
2432 1261 2574 1301 nunc
2599 1247 2878 1300 derideant
2903 1257 2957 1301 et
2979 1248 3238 1316 juvenes,
3271 1259 3324 1302 et
3353 1259 3552 1304 teneras
3592 1252 3852 1320 virgines.

2251 1334 2391 1387 Nihil
2419 1336 2562 1390 enim
2592 1335 2736 1389 aliud
2777 1349 2922 1390 mors
2948 1345 3051 1400 est,
3078 1351 3234 1406 quam
3264 1351 3486 1393 somnus
3514 1347 3572 1393 et
3611 1340 3852 1408 peregri-

2252 1425 2420 1490 natio,
2443 1431 2602 1494 atque
2635 1427 3030 1496 transmigratio
3054 1444 3084 1481 a
3121 1428 3476 1484 deterioribus
3502 1430 3571 1484 ad
3601 1432 3853 1486 meliora.

2251 1515 2390 1570 Mars
2417 1517 2558 1570 enim
2589 1517 2798 1571 Domini
2826 1517 3280 1573 immortalitatem
3323 1519 3476 1575 nobis
3502 1520 3723 1577 donavit
3751 1562 3768 1587 ,
3801 1532 3855 1577 et

2251 1616 2307 1659 ut
2327 1604 2605 1660 descendit
2625 1607 2678 1660 in
2702 1607 2987 1673 infernum,
3014 1608 3255 1663 dissolvit
3274 1607 3391 1678 ejus
3413 1624 3631 1676 nervos,
3657 1611 3853 1664 robur-

2252 1709 2356 1764 que
2382 1697 2664 1751 destruxit
2690 1713 2704 1750 :
2731 1707 2784 1752 et
2809 1697 2956 1769 quod
2977 1707 3132 1754 antea
3162 1699 3398 1755 terribile
3419 1712 3532 1755 erat
3561 1712 3615 1756 et
3647 1703 3848 1771 impla-

2249 1786 2457 1851 cablle,
2489 1786 2591 1841 hoc
2629 1803 2772 1843 nunc
2797 1789 3200 1859 despiciendum
3229 1791 3411 1858 dedit,
3446 1792 3583 1846 adeo
3609 1802 3670 1847 ut
3707 1809 3849 1849 non-

2252 1878 2382 1932 nulli
2412 1879 2659 1934 exsiliunt
2685 1888 2738 1934 et
2773 1881 3321 1958 l'estinentctnnhluc
3359 1894 3443 1940 est
3485 1886 3851 1955 migrandum.

2251 1967 2483 2025 Proinde
2531 1980 2586 2027 et
2630 1972 2824 2027 Paulus
2867 1974 3085 2040 clamat,
3115 1975 3300 2031 dicens
3333 1993 3347 2031 :
3381 1977 3607 2032 Dissolvi
3648 1989 3697 2033 et
3732 1996 3854 2033 cunt

2217 2097 2219 2099 ι
2249 2058 2449 2117 Christo
2478 2080 2586 2119 esse
2610 2067 2767 2119 multo
2795 2068 2975 2122 melius
3001 2067 3258 2138 (Philipp.
3291 2071 3341 2124 l.
3365 2068 3483 2140 23).
3513 2071 3708 2126 Verum
3733 2073 3856 2128 iure

2249 2152 2465 2224 quidem
2511 2155 2654 2212 nunc
2682 2166 2802 2226 post
2838 2157 3036 2214 Christi
3065 2160 3372 2226 adventum,
3391 2171 3673 2230 postquam
3716 2178 3857 2218 con-

2252 2242 2433 2298 hacta:
2463 2257 2584 2298 sunt
2608 2255 2777 2314 porta:
2805 2247 2996 2302 inferni
3019 2262 3196 2313 περ,
3220 2258 3499 2319 postquam
3522 2253 3599 2305 sol
3625 2252 3857 2322 justitian

2250 2335 2448 2404 ubique
2478 2344 2742 2392 terrarum
2787 2339 3008 2394 affulsit.
3037 2340 3187 2395 Tunc
3212 2351 3388 2396 autem
3435 2344 3727 2398 terribilem
3755 2347 3857 2399 ad-

2250 2423 2354 2479 huc
2385 2425 2617 2481 habebat
2645 2426 2854 2494 faciem,
2888 2432 3632 2502 concutiebatque“justorum
3670 2435 3855 2490 homi-

2250 2531 2378 2570 num
2409 2516 2624 2570 illorum
2643 2527 2875 2572 mentem
2900 2538 2912 2573 :
2933 2515 3051 2576 ideo
3078 2529 3135 2576 et
3156 2523 3331 2576 omnia
3356 2522 3459 2576 alia
3483 2521 3856 2581 leviter'ferc-

2250 2607 2397 2673 bant,
2417 2610 2577 2662 etiam
2597 2626 2714 2679 quae
2734 2607 3085 2666 intolerabilia
3102 2627 3221 2668 esse
3242 2612 3578 2669 videbantur.
3607 2613 3742 2670 ilinc
3765 2626 3857 2672 est

2250 2699 2392 2768 quod
2422 2709 2476 2755 et
2513 2702 2688 2770 justus
2718 2702 2809 2756 ille
2831 2703 3023 2758 timens
3065 2719 3272 2769 eorum,
3302 2705 3392 2775 qui
3423 2707 3473 2760 in
3501 2706 3722 2762 Geraris
3751 2708 3856 2763 ha-

2248 2788 2528 2854 bitabant,
2562 2791 2809 2854 insidias,
2838 2791 3166 2848 domicilium
3213 2795 3282 2848 ibi
3329 2795 3604 2863 habuerit,
3637 2812 3743 2852 nou
3791 2808 3858 2855 ut

2249 2895 2491 2944 uxorem,
2513 2883 2618 2936 sed
2647 2891 2702 2937 ut
2739 2898 2980 2938 sororem
3021 2897 3204 2940 secum
3245 2886 3483 2954 habens;
3519 2888 3587 2942 ita
3622 2891 3854 2947 nuncin

2248 2970 2350 3025 hac
2379 2972 2600 3041 regione
2639 2975 2952 3043 peregrinus
2985 2973 3146 3044 degit.
3181 2974 3247 3029 Et
3273 2976 3412 3030 sicut
3442 2992 3561 3031 cum
3597 2979 3649 3033 in
3678 2978 3856 3051 Egy-

2250 3063 2399 3129 ptum
2432 3065 2555 3116 eum
2590 3063 2917 3117 descendere
2945 3065 3190 3133 permisit
3217 3064 3388 3133 Dens,
3412 3067 3599 3122 volens
3637 3069 3852 3138 impro-

2250 3149 2347 3205 bos
2372 3151 2494 3205 illos
2521 3161 2574 3206 et
2598 3151 2854 3208 socordes
2875 3151 3085 3209 discere
3107 3154 3235 3223 justi
3257 3151 3503 3211 virtutem
3525 3175 3539 3213 :
3559 3159 3632 3213 ita
3664 3169 3722 3214 et
3757 3159 3852 3216 hic

2251 3244 2587 3298 tolerantiam
2615 3259 2766 3298 suam
2797 3245 3014 3300 exhibet
3039 3244 3298 3302 Dominus
3317 3289 3330 3313 ,
3351 3257 3408 3302 ut
3429 3250 3558 3319 justi
3582 3253 3848 3320 patientis

2249 3335 2304 3389 in
2326 3336 2574 3390 omnibus
2601 3335 2827 3402 eluceat,
2850 3335 3044 3406 fiatque
3063 3338 3156 3392 Dei
3181 3339 3232 3392 in
3255 3340 3427 3408 ipsum
3461 3341 3849 3399 benevolentia

2250 3425 2535 3479 manifesta
2562 3425 2832 3480 omnibus.
2868 3425 3010 3480 Misit
3040 3437 3208 3482 autem
3245 3427 3530 3484 Abimelcch
3569 3449 3661 3486 rex
3683 3433 3852 3488 Gera-

2249 3531 2443 3580 rorum,
2475 3525 2530 3568 ut
2558 3517 2844 3586 acciperent
2869 3517 3104 3572 Sarram.
3127 3519 3312 3591 Cogita
3345 3524 3450 3589 hic,
3469 3539 3677 3594 qtttcso,
3708 3534 3852 3580 tem-

2249 3616 2509 3676 pestatem
2537 3608 2915 3676 cogitationum
2941 3625 3099 3679 quam
3134 3613 3253 3666 tulit
3279 3614 3459 3683 justus
3479 3616 3666 3672 videns
3701 3635 3847 3674 uxo-

2249 3711 2362 3750 rem
2392 3712 2543 3751 suam
2567 3697 2778 3764 abduci,
2798 3707 2852 3752 et
2869 3713 2926 3753 se
2948 3700 3077 3754 nihil
3102 3716 3258 3771 posse
3275 3703 3463 3771 juvare
3483 3722 3624 3762 eam.
3655 3709 3844 3765 Silen-

2251 3797 2332 3841 ter
2356 3789 2499 3841 enim
2530 3787 2731 3843 ferebat
2757 3791 2968 3856 omnia,
2996 3792 3172 3847 sciens
3205 3792 3317 3849 fore
3347 3806 3406 3850 ut
3434 3812 3492 3853 se
3520 3813 3626 3853 non
3662 3801 3851 3872 despi.

2247 3887 2388 3933 ceret
2410 3880 2688 3948 Dominus,
2706 3883 2799 3937 sed
2828 3883 3183 3939 acceleratum
3214 3887 3495 3944 adhiberet
3521 3891 3845 3950 subsidium.

2247 3970 2595 4026 Admirabilis
2635 3988 2846 4043 quoque
2887 3975 3063 4030 Sarra:
3092 3991 3244 4031 amor
3288 3989 3406 4045 cst,
3434 3997 3553 4049 qua:
3601 3985 3848 4054 periculo

2249 4063 2441 4116 mortis
2469 4062 2669 4131 justum
2696 4064 2908 4133 eripere
2935 4065 3118 4121 voluit.
3143 4066 3352 4124 Poterat
3384 4072 3525 4125 enim
3554 4073 3668 4143 ipsa
3691 4075 3847 4132 dcte-

2247 4153 2422 4223 gendo
2471 4155 2700 4223 factum,
2750 4167 2952 4211 certam
3001 4143 3377 4214 contumeliam
3427 4162 3703 4234 effugere:
3745 4167 3846 4223 scd

2249 4245 2462 4312 pertulit
2501 4247 2677 4300 omnia
2711 4245 2957 4314 fortiter,
2988 4255 3045 4305 ut
3086 4251 3205 4304 viro
3244 4252 3470 4307 salutem
3513 4269 3742 4325 pararet.
3779 4260 3847 4316 Et

2248 4333 2522 4402 impletum
2547 4345 2627 4390 est
2656 4336 2784 4390 illud
2808 4335 3028 4403 dictum,
3064 4337 3226 4392 Erunt
3248 4341 3349 4394 duo
3375 4342 3426 4395 in
3451 4360 3656 4398 carnem
3687 4363 3845 4402 uitans

2250 4422 2403 4494 (Gen.
2431 4424 2486 4476 2.
2512 4422 2627 4495 24).
2659 4425 2955 4495 Tamquam
3004 4429 3150 4482 enim
3195 4446 3298 4483 una
3348 4444 3528 4487 essent
3577 4449 3736 4502 caro,
3770 4439 3842 4493 ita

2249 4524 2447 4567 mutua:
2474 4515 2660 4570 salutis
2686 4531 2870 4570 curam
2898 4518 3131 4572 vicissim
3163 4521 3411 4589 agebant,
3431 4534 3486 4578 ct
3516 4533 3716 4580 tantam
3740 4527 3844 4582 de-

2247 4605 2521 4659 clarabant
2550 4607 2911 4673 concordiam,
2943 4613 3092 4677 quasi
3131 4627 3295 4665 unum
3337 4624 3519 4669 essent
3562 4631 3760 4687 corpus
3790 4630 3845 4676 et

2249 4710 2350 4749 una
2379 4697 2574 4750 anima.
2597 4698 2829 4752 Audiant
2855 4699 2969 4753 hanc
2994 4702 3115 4766 viri,
3149 4703 3366 4757 audiant
3393 4713 3448 4759 et
3477 4707 3733 4763 mulieres
3755 4727 3768 4762 :
3789 4719 3845 4765 et

2247 4785 2361 4839 ista:
2386 4786 2630 4855 quidem,
2659 4797 2717 4841 ut
2757 4788 3005 4844 eumdem
3047 4805 3172 4860 erga
3213 4807 3340 4846 suos
3395 4794 3541 4849 viros
3589 4811 3836 4854 amorem

2248 4876 2562 4943 declarent,
2590 4878 2830 4948 nihilque
2870 4881 3011 4934 aliud
3055 4881 3267 4937 illorum
3315 4887 3600 4954 pra-ferant
3642 4869 3840 4947 saluti:

2248 4967 2349 5021 viri
2373 4977 2573 5033 autem,
2604 4977 2663 5022 ut
2687 4985 2812 5039 erga
2835 4987 3031 5025 uxores
3058 4972 3289 5029 habeant
3319 4977 3772 5049 benevolentiam,
3789 4993 3844 5039 et

2249 5058 2398 5125 quasi
2425 5073 2581 5111 unam
2602 5060 2833 5113 animam
2861 5061 3120 5117 haberent
3150 5074 3204 5120 et
3231 5082 3394 5122 unum
3420 5085 3616 5140 corpus
3637 5085 3840 5140 essent,

2248 5147 2427 5202 omnia
2459 5147 2676 5203 faciant.

2317 5239 2372 5293 3.
2413 5236 2709 5309 Conjugalis
2728 5242 3014 5297 concordiae
3033 5244 3426 5303 bonum.—iioc
3466 5252 3609 5305 enim
3652 5269 3843 5310 verum

2248 5339 2334 5386 est
2357 5331 2660 5400 conjugium
2682 5372 2697 5399 ,
2720 5335 2933 5402 quando
2965 5345 3109 5391 tanta
3140 5338 3280 5393 inter
3304 5356 3398 5394 eos
3424 5351 3507 5396 est
3531 5348 3848 5414 concordia,

2247 5424 2461 5492 quando
2474 5424 2686 5479 vinculo
2698 5427 2933 5482 caritatis
2953 5429 3020 5482 ita
3037 5440 3161 5484 sunt
3173 5435 3681 5491 cuneateuati.Sicut
3698 5442 3846 5496 enim

2248 5530 2445 5586 corpus
2472 5533 2757 5589 numquam
2804 5535 2834 5574 a
2874 5528 3163 5593 semetipso
3192 5523 3435 5592 dissidet,
3460 5543 3634 5598 neque
3664 5532 3848 5590 anima

2250 5605 2508 5662 adversus
2550 5609 2781 5678 seipsam
2813 5611 2924 5664 :-ita
2963 5613 3136 5667 virum
3165 5623 3219 5669 et
3249 5616 3529 5673 mulierem
3571 5635 3677 5674 non
3722 5637 3849 5678 con-

2251 5696 2397 5752 venit
2425 5697 2709 5767 dissidere,
2733 5698 2827 5755 sed
2860 5701 3038 5760 unitos
3063 5716 3209 5761 esse.
3238 5703 3389 5763 Tunc
3410 5708 3553 5766 enim
3584 5709 3721 5768 bona
3764 5715 3849 5772 in-
