4060 6428
195 348 313 411 ιη

196 467 322 524 ἐκεῖ
341 463 441 530 τὰς
474 463 679 535 σκηνάς
713 447 1037 534 έπήγνυντο,
1089 459 1342 532 καθάπερ
1384 462 1443 514 ἐν
1487 460 1614 533 ξένῃ
1656 459 1874 528 διάγον-

182 562 302 613 uc'
326 547 390 602 ού
412 546 665 618 καθάπερ
685 546 847 617 ἡμεῖς
870 541 1156 614 ποιοῦμεν,
1204 543 1305 615 τὴν
1334 541 1495 614 ξένην
1524 542 1602 607 ὡς
1635 540 1869 614 πατρίδα

183 628 482 695 οἰκοῦντες,
516 630 613 685 καί
628 627 808 692 οἰκίας
829 624 1238 697 οἰκοδομοῦντες
1265 624 1548 696 λαμπρὰς,
1575 624 1671 679 καὶ
1698 621 1879 686 στοὰς

182 713 282 767 καὶ
313 712 669 783 περιπάτους,
708 709 806 765 καὶ
856 708 1065 781 ἀγροὺς
1120 706 1490 778 κεκτημένοι,
1533 707 1630 760 καὶ
1665 705 1870 774 λουτρὰ

178 798 709 863 κατασκευάζοντες,
746 795 841 850 καὶ
870 796 1033 866 ἐτερα
1082 792 1275 867 μυρία.
1324 792 1464 845 Ἀλλ’
1495 793 1597 864 δρα
1648 792 1743 845 τὸν
1783 790 1861 844 δι’.

180 897 341 937 καιον
362 881 457 934 καὶ
493 881 555 932 ἐν
586 880 701 941 τοῖς
730 876 1031 946 οἰκογενέσι
1080 875 1265 945 μόνοις
1296 875 1391 929 καὶ
1433 876 1549 939 τοῖς
1592 874 1868 952 ποιμνίοις

177 962 285 1035 τὴν
309 962 497 1018 οὐσίαν
526 962 745 1016 ἃπασαν
774 959 1132 1031 κεκτημένον,
1165 958 1260 1012 καὶ
1277 956 1516 1027 οὑδαμοῦ
1548 958 1862 1028 ἱστάμενον,

179 1049 319 1105 ἀλλὰ
344 1048 478 1102 ποτέ
510 1046 613 1118 μὲν
645 1047 727 1111 είς
775 1044 874 1116 τὴν
922 1044 1097 1115 Βεθὴλ
1149 1042 1249 1113 τὴν
1291 1043 1498 1115 σκηνὴν
1556 1043 1864 1116 πηγνύντα,

180 1137 315 1191 ml
362 1136 421 1190 δέ
476 1132 630 1204 παρὰ
672 1133 772 1204 τὴν
821 1131 954 1203 δρῦν
992 1131 1265 1202 Μαμϐρῆ,
1314 1131 1408 1185 καὶ
1456 1130 1588 1185 ποτὶ
1638 1129 1737 1203 μὲν
1785 1133 1865 1195 εἰς

179 1225 458 1293 Δίγυπτον
492 1220 771 1283 κατιόντα,
792 1220 909 1274 νυνὶ
935 1219 992 1273 δέ
1017 1221 1075 1272 ἐν
1097 1219 1360 1290 Γεράροις
1386 1217 1859 1289 κατασκηνοῦντα,

183 1305 280 1360 καὶ
306 1304 487 1359 πάντα
533 1302 653 1372 μετ’
696 1301 946 1364 εύκολίας
980 1300 1343 1371 ὑπομένοντα,
1391 1299 1487 1353 καὶ
1523 1300 1625 1371 τὴν
1651 1300 1864 1369 εὐγνω-

185 1390 426 1462 μοσύνην
465 1388 566 1461 τὴν
603 1388 745 1459 πρὸς
778 1387 871 1441 τὸν
906 1387 1105 1441 οἰκεῖον
1159 1385 1442 1456 Δεσπότην
1500 1384 1593 1439 διὰ
1639 1386 1861 1439 πάντων

184 1472 373 1541 σαφῶς
405 1469 873 1539 ἐπιδεικνύμενον.
905 1467 1016 1522 Καὶ
1049 1467 1187 1537 μετά
1228 1466 1496 1530 τοσαύτας
1540 1466 1866 1535 ὑποσχέσεις

184 1555 280 1610 καὶ
306 1554 641 1624 ἐπαγγελίας
677 1550 778 1615 τάς
822 1550 977 1623 παρὰ
1007 1548 1101 1604 τοῦ
1136 1548 1273 1603 Θεοῦ
1315 1551 1396 1613 εἰς
1429 1549 1592 1604 αὑτὸν
1632 1565 1866 1620 γεγενη-

188 1640 379 1711 μένας,
413 1638 557 1711 όρῶν
600 1638 790 1692 ἑαυτὸν
815 1636 1111 1701 τοσαύταις
1150 1635 1509 1708 περιστάσεσι
1556 1635 1867 1707 κυκλούμε-

184 1739 299 1787 νον,
321 1723 415 1776 καὶ
435 1721 704 1783 ποικίλοις
734 1720 828 1774 καὶ
856 1719 1138 1790 διαφόροις
1161 1722 1486 1791 πειρασμοῖς
1503 1718 1864 1790 ἐμπίπτοντα,

182 1808 440 1880 καθάπερ
469 1808 683 1879 ἀδάμας
718 1823 804 1871 τις
846 1806 1251 1877 ἀπερίτρεπτος
1298 1803 1578 1876 εἱστήκει,
1631 1804 1733 1876 τὴν
1780 1820 1870 1873 φι-

182 1895 370 1950 λόθεον
395 1893 561 1949 αὐτοῦ
600 1892 825 1964 γνώμην
874 1890 1120 1955 δεικνὺς,
1166 1892 1261 1944 καί
1313 1889 1492 1943 ούδενὶ
1532 1889 1643 1944 τῶν
1694 1891 1750 1942 ἐν
1788 1889 1869 1960 τῷ

185 1976 344 2045 μέσῳ
376 1971 719 2045 κωλυμὼιων
753 1967 1089 2039 νωθρότερος
1119 1966 1424 2037 γινόμενος.
1457 1966 1603 2037 Ὅρα
1631 1966 1737 2035 γὰρ
1773 1966 1869 2020 καὶ

184 2043 727 2121 νῦν,⁷ἀγαπητέ,οῖος
752 2046 915 2102 αὐτὸν
941 2046 1247 2116 πειρασμὸς
1269 2046 1349 2108 είς
1365 2045 1433 2099 τὰ
1458 2045 1675 2116 Γέραρα
1700 2061 1870 2098 κατα-

184 2137 479 2209 λαμϐάνει,
502 2136 598 2191 καὶ
622 2132 901 2205 θαύμασον
930 2132 1022 2187 τοῦ
1048 2132 1257 2186 δικαίου
1286 2132 1387 2202 τῆς
1416 2131 1617 2202 ἀρετῆς
1643 2132 1742 2201 τὴν
1773 2132 1858 2186 ἀνι

182 2220 391 2294 δριίαν,
424 2218 574 2291 [458]
603 2219 749 2280 ὅπως
775 2215 837 2270 τὸ
866 2217 1032 2270 πᾶσιν
1058 2214 1351 2285 ἀφόρητον,
1390 2216 1484 2267 καὶ
1509 2214 1538 2268 δ
1579 2214 1700 2268 οὐδὲ
1729 2216 1867 2285 ἀκοῇ

182 2323 270 2371 τις
301 2303 712 2377 παραδέξασθαι
738 2302 1046 2372 ἀνάσχοιτο,
1081 2300 1240 2355 τοῦτο
1270 2295 1422 2364 οὗτος
1460 2300 1777 2372 ὑπέμεινεν,
1805 2302 1867 2353 ού

182 2392 578 2465 δυσχεραίνων,
605 2391 727 2445 ούδέ
748 2388 997 2444 ἀπαιτῶν
1040 2388 1272 2451 εὐθύνας
1300 2388 1409 2441 τῶν
1433 2387 1736 2459 γινομένων
1777 2387 1869 2441 τὸν

182 2478 486 2549 Δεσπύτην,
517 2477 765 2549 καθάπερ
808 2477 857 2529 οί
898 2475 1082 2528 πολλοὶ
1127 2472 1236 2529 τῶν
1264 2472 1569 2544 ἀνθρώπων
1620 2473 1865 2540 ποιοῦσι,

184 2565 484 2621 καὶταῦτα
523 2562 739 2634 μυρίοις
783 2560 1198 2632 ἁμαρτημάτων
1240 2560 1483 2630 φορτίοις
1532 2560 1868 2631 πιεζόμενοι·

185 2650 412 2706 ἐπειδὰν
425 2650 710 2721 δυσχερέσι
725 2652 837 2701 τισὶ
851 2647 1243 2718 περιπέσωσιν,
1260 2646 1463 2710 εὐθέως
1488 2646 1871 2725 πολυπρμγμο-

186 2738 406 2802 νοῦντες
430 2740 522 2792 καὶ
549 2734 1035 2808 περιεργαζόμενοι
1062 2734 1281 2802 λέγουσι
1308 2749 1321 2764 ο
1355 2734 1452 2787 Διά
1498 2734 1547 2786 τί
1587 2734 1647 2787 τὸ
1675 2735 1772 2787 καὶ⁵
1806 2734 1869 2787 τὸ

188 2826 425 2897 συνέϐη;
455 2826 551 2880 καὶ
578 2824 723 2887 τίνος
770 2822 958 2875 ἐνεκεν
1006 2820 1129 2874 τόδε
1169 2820 1556 2894 συνεχωρήθης
1602 2820 1741 2873 Ἀλλ’
1770 2823 1868 2894 οὐχ

183 2917 216 2969 6
238 2914 447 2977 δίκαιος
469 2906 642 2974 οὗτος·
674 2910 742 2963 δι’
765 2909 794 2961 ὃ
819 2910 914 2962 καὶ
939 2908 1187 2969 πλείονος
1214 2908 1501 2979 ἀπήλαυσε
1526 2907 1625 2977 τῆς
1656 2906 1865 2961 ἀνωθεν

191 3001 387 3073 ῥοπῆς.
417 2999 584 3052 Τοῦτο
620 3001 729 3067 γὰρ
762 2995 979 3067 ἀληθῶς
1029 2993 1374 3065 εὐγνώμονος
1414 2994 1648 3057 οἰκέτου,
1702 2997 1868 3065 μηδὲν

185 3086 299 3142 τῶν
330 3086 436 3140 ὑπὸ
466 3083 560 3139 τοῦ
588 3082 847 3138 δεσπότου
874 3082 1174 3152 γινομένων
1206 3081 1707 3152 πολυπραγμονεῖν,
1733 3082 1870 3135 ἀλλά

189 3176 319 3246 σιγῇ
350 3173 528 3229 πάντα
558 3170 995 3241 καταδέχεσθαι,
1033 3168 1127 3223 καὶ
1160 3166 1300 3239 μετά
1336 3168 1539 3238 πολλῆς
1575 3169 1675 3240 τῆς
1704 3170 1868 3239 saxa-

190 3262 426 3335 ριστίας.

263 3368 332 3440 β’.
356 3367 468 3420 Καὶ
488 3363 701 3428 σκόπει,
731 3360 848 3426 πῶς
871 3362 966 3415 καὶ
985 3360 1053 3415 δι’
1076 3359 1257 3415 αὐτῶν
1273 3359 1381 3414 τῶν
1400 3361 1872 3431 παρακολουθούν-

182 3468 299 3507 των
334 3448 656 3522 πειρασμῶν
683 3449 717 3519 ή
770 3448 865 3502 τοῦ
892 3448 1102 3501 δικαίου
1125 3448 1297 3519 ἁρετὴ
1340 3447 1540 3517 μᾶλλον
1571 3447 1868 3517 ἐξέλαμπε,

184 3539 284 3594 τοῦ
312 3538 446 3592 Θεοῦ
479 3537 713 3609 φανερὸν
747 3536 911 3589 αὑτὸν
940 3535 1027 3589 διά
1053 3537 1272 3589 πάντων
1305 3534 1633 3599 δεικνύντος.
1659 3535 1872 3605 ’Ὠσπερ

186 3626 301 3697 γὰρ
322 3625 485 3695 ἡνίκα
510 3625 591 3687 είς
624 3622 724 3694 τὴν
746 3622 1023 3692 Αίγυπτον
1050 3620 1340 3690 κατῆλθεν,
1374 3621 1448 3683 ὼς
1468 3622 1748 3687 ἄγνωστος
1777 3621 1871 3674 καὶ

188 3709 342 3776 ξένος
354 3709 450 3763 καὶ
467 3708 643 3762 οὐδενί
662 3705 959 3777 γνώριμος,
982 3703 1177 3775 ἁθρόον
1208 3703 1347 3773 μετά
1365 3703 1562 3773 πολλῆς
1585 3702 1684 3774 τῆς
1704 3703 1872 3773 τιμῆς

185 3797 401 3851 ἐκεῖθεν
423 3793 650 3861 ἐπανῄει
672 3811 685 3825 ·
712 3792 857 3846 οὕτω
884 3792 977 3845 καὶ
997 3790 1093 3844 νῦν
1120 3791 1465 3861 παροικήσας
1496 3792 1555 3843 ἐν
1586 3790 1869 3862 Γεράροις,

186 3886 251 3939 ἐν
282 3885 379 3955 μὲν
411 3885 524 3945 τοῖς
574 3880 881 3953 προοιμίοις
935 3878 1006 3932 τὰ
1040 3880 1171 3949 παρ’
1221 3877 1414 3932 ἐαυτοῦ
1467 3877 1868 3959 ἐπιδεικνύων

190 3971 333 4043 μετά
367 3970 425 4023 δὲ
470 3968 639 4022 ταῦτα
675 3965 945 4037 τοσαύτης
976 3965 1239 4018 ἀπολαύει
1276 3966 1377 4036 τῆς
1408 3966 1561 4035 παρὰ
1609 3963 1703 4018 τοῦ
1734 3963 1871 4017 Θεοῦ

188 4055 533 4128 συμμαχίας,
555 4056 632 4118 ὡς
656 4055 751 4107 καὶ⁸
773 4054 866 4107 τὸν
896 4052 1141 4123 βασιλέα,
1173 4052 1267 4105 καὶ
1300 4052 1425 4115 τοὺς
1451 4052 1636 4105 αὐτόθι
1662 4050 1872 4115 πάντας

185 4142 495 4208 οἰκοῦντας,
532 4143 662 4213 περί
705 4142 805 4212 τὴν
832 4139 1130 4211 θεραπείαν
1162 4139 1256 4193 τοῦ
1289 4140 1500 4193 δικαίου
1534 4140 1717 4228 πᾶσα)
1747 4140 1871 4191 ἐπι-

184 4231 503 4286 δείκνυσθαι
528 4230 626 4302 τὴν
660 4229 917 4299 σπουδήν.
951 4226 1098 4283 Ehe
1130 4227 1219 4292 δὲ,
1250 4228 1436 4297 φησὶν,
1470 4226 1715 4296 Ἀϐραὰμ
1736 4228 1871 4295 περί

186 4318 425 4387 Σάρῤας
474 4316 576 4385 τῆς
631 4316 920 4386 γυναικὸς
971 4314 1184 4369 αὐτοῦ’
1221 4313 1473 4383 Ἀδελφή
1507 4331 1627 4382 μου
1676 4314 1869 4369 ἐστίν.

199 4404 499 4474 Ἐφοϐήθη
529 4402 642 4471 γὰρ
678 4402 893 4463 είπεῒν,
930 4400 1019 4455 ὅτι
1050 4401 1214 4468 Γυνή
1248 4420 1369 4471 μου
1406 4401 1561 4466 ἐστι,
1591 4401 1677 4470 μή
1728 4415 1872 4457 ποτε

186 4493 630 4548 ἀποκτείνωσιν
649 4494 836 4544 αὐτον
857 4493 911 4543 cl
940 4489 1154 4559 ἄνδρες
1174 4489 1283 4557 τῆς
1308 4490 1540 4556 πόλεως
1561 4489 1633 4542 δι’
1654 4491 1867 4553 αὐτὴν.

188 4580 335 4647 Ὅρα
370 4578 483 4641 πῶς
515 4578 619 4630 ὑπὸ
664 4578 1151 4648 τυραννικωτάτων
1199 4576 1388 4629 παθῶν
1426 4575 1797 4646 ἐπολιορκεῖτο
1836 4579 1869 4649 ἡ

186 4666 283 4719 τοῦ
322 4665 531 4718 δικαίου
561 4663 728 4735 ψυχὴ,
764 4664 859 4716 καὶ
908 4666 936 4717 6
976 4664 1139 4731 φόϐος
1187 4662 1349 4718 αὑτὸν
1382 4662 1655 4727 ἐξωθεϊτο.
1710 4662 1870 4717 Ἀλλά

102 4813 114 4821 _
188 4752 368 4807 καίτοι
409 4751 612 4822 σφόδρα
665 4750 901 4821 χαλεπὸν
942 4750 1070 4803 ὄντα
1098 4751 1191 4804 τὸν
1237 4750 1501 4822 πρότερον
1538 4748 1738 4819 φόϐον,
1778 4750 1869 4803 τὸν

190 4838 291 4907 τῆς
332 4837 621 4907 προδοσίας
659 4837 756 4906 τῆς
786 4836 1061 4904 γυναικὸς,
1106 4836 1411 4908 παρωθεῖτο
1448 4839 1477 4890 6
1507 4836 1603 4891 τοῦ
1636 4836 1869 4890 θανάτου

190 4926 376 4995 φόϐος.
412 4925 526 4977 Ἵνα
558 4926 665 4997 γὰρ
709 4926 895 4978 τοῦτον
940 4924 1179 4996 διαφύγῃ
1203 4964 1219 4989 ,
1252 4924 1547 4995 ὑπέμεινεν
1590 4927 1727 4999 όρᾷν
1756 4930 1868 4989 τοῖς

188 5012 407 5076 οἰκείοις
430 5012 726 5082 ὀφθαλμοῖς
750 5013 848 5081 τὴν
883 5013 1136 5066 κοινωνὸν
1162 5011 1310 5082 αύτῷ
1336 5012 1431 5065 τοῦ
1464 5012 1578 5082 βίου
1610 5013 1719 5066 ὑπὸ
1750 5018 1869 5077 ταῖς

186 5101 280 5153 τοῦ
331 5099 593 5169 βασιλέως
636 5100 792 5169 χερσὶ
833 5100 1151 5168 γενομένην.
1201 5098 1365 5152 Ὅσον
1406 5100 1463 5154 δὲ
1502 5100 1667 5154 τοῦτό
1719 5102 1869 5153 ἐστιν

188 5189 483 5257 ἀφόρητον,
518 5186 695 5239 ῐσασιν
723 5186 836 5239 ὅσοι
881 5187 1142 5252 γυναῖκας
1188 5185 1387 5255 ἔχουσι.
1426 5186 1526 5239 Διά
1568 5188 1726 5242 τοῦτο
1775 5190 1867 5242 καί

191 5275 351 5343 σοφός
376 5292 459 5337 τις
489 5274 673 5342 ἐλεγε⁹
706 5273 938 5336 Μεστὸς
967 5271 1145 5337 ζήλου
1172 5272 1355 5341 θυμὸς
1382 5273 1599 5342 ἀνδρὸς
1636 5273 1861 5342 αὐτῆς·

189 5363 261 5413 οὺ
304 5361 574 5428 φείσεται
613 5360 683 5412 ἐν
728 5355 914 5426 ἡμέρᾳ
958 5358 1232 5425 κρίσεως,
1268 5359 1381 5411 οὐκ
1422 5359 1869 5426 ἀνταλλάξεται

188 5449 441 5517 οὐδενὸς
466 5453 688 5520 λύτρον
719 5448 833 5517 τὴν
860 5447 1100 5517 ἔχθραν.
1135 5447 1294 5500 Ἀλλά
1314 5449 1375 5500 τὸ
1411 5448 1548 5520 βαρὺ
1574 5451 1731 5504 τοῦτο
1769 5452 1870 5505 καὶ

189 5540 357 5595 πᾶσιν
409 5539 681 5608 ἀφόρητον
723 5536 824 5604 ὅρα
864 5534 979 5598 πῶς
1012 5534 1098 5587 διὰ
1139 5533 1232 5587 τὸν
1275 5533 1368 5587 τοῦ
1414 5534 1645 5589 θανάτου
1697 5540 1865 5607 φόϐον

187 5623 447 5692 γενναίως
477 5624 505 5672 6
542 5624 745 5687 δίκαιος
779 5622 995 5691 ἡνεγκε.
1030 5620 1199 5673 Τοῦτο
1222 5620 1278 5674 δὲ
1301 5621 1395 5674 καὶ
1419 5622 1509 5674 ἐπὶ
1539 5622 1649 5676 τῶν
1676 5640 1858 5695 σωμα-

186 5712 356 5766 τικῶν
410 5709 595 5763 παθῶν
634 5709 950 5779 συμϐαίνειν
997 5706 1150 5771 ἔθυς’
1195 5708 1410 5761 ἐπειδὰν
1439 5710 1547 5780 γάρ
1582 5712 1674 5765 δύο
1719 5716 1862 5768 κατά

185 5796 354 5853 ταὺτὸ
390 5796 536 5865 πάθη
577 5795 837 5865 πολιορκῇ
862 5795 923 5847 τὸ
962 5792 1120 5862 σῶμα
1156 5794 1217 5848 τὸ
1244 5796 1531 5865 ἡμέτερον,
1558 5800 1592 5869 ἡ
1616 5798 1711 5852 τοῦ
1740 5802 1857 5865 ἐνὸς

188 5887 437 5947 ἐπίτασις
484 5883 828 5955 ἀποκρύπτει
882 5883 942 5935 τὸ
987 5884 1173 5955 ἕτερον
1199 5923 1213 5947 ,
1248 5884 1343 5935 καὶ
1386 5886 1497 5938 ὅλοι
1537 5888 1630 5957 τῆς
1664 5886 1858 5961 ὀδύνης

186 5973 400 6044 ὲκεξνης
430 5970 711 6041 γινόμεθα,
734 5973 827 6023 καὶ
851 5970 1104 6033 πολλάκις
1131 5970 1251 6025 οὐδὲ
1274 5971 1521 6041 αἴσθησιν
1548 5973 1640 6030 τοῦ
1669 5978 1857 6052 ἑτέρου

470 6067 745 6127 ΡΑτιιοι..
782 6064 900 6125 Gn.
934 6063 1090 6125 LIV.

1324 343 1391 399 IN
1422 342 1575 401 CAP.
1616 342 1717 399 XX
1756 342 2008 401 GENES.
2049 344 2287 401 HOML.
2328 345 2493 404 XLV.

1977 457 2351 535 λαμϐάνομεν,
2386 461 2490 533 τῆς
2524 462 2726 536 πολλῆς
2757 463 2947 533 ὀδύνης
2984 462 3343 537 περισπώοης
3383 465 3551 539 ἡμᾶς,
3574 472 3669 525 καὶ

1974 546 2079 600 οὐκ
2110 548 2367 621 ἀφιείσης
2391 548 2488 602 τοῦ
2519 548 2804 619 ίλάττονος
2840 548 3049 614 πάθους
3088 553 3286 623 πεῖραν
3331 551 3541 609 λαϐεῖν.
3569 556 3675 609 Τδν

1977 633 2145 687 αὐτὸν
2172 634 2239 705 δὴ
2271 634 2475 713 τρόπον
2499 635 2594 693 καὶ
2619 637 2648 689 6
2670 634 2878 702 δίκαιος
2903 630 3060 701 οὗτος
3088 638 3185 692 νῦν
3208 638 3353 711 όρῶν
3379 639 3472 694 τοῦ
3507 640 3674 698 θανά-

1970 734 2069 773 του
2086 719 2178 774 τὸν
2196 720 2361 786 φόϐον
2375 720 2745 792 ἐπικείμενον,
2760 722 2941 777 πάντα
2960 722 3031 778 τά
3048 724 3212 779 λοιπά
3229 726 3443 798 φορητά
3462 729 3674 798 ⁴ίιγεῖτο.

1986 804 2151 860 Ἀλλά
2173 806 2345 861 ταῦτα
2368 806 2603 872 ἀκούων,
2626 809 2899 880 ἀγαπητέ.
2930 811 3007 881 μὴ
3033 811 3324 881 καταγνῷς
3344 812 3439 867 τοῦ
3461 812 3676 869 δικαίου

1975 891 2371 963 μικροψυχίαν,
2401 894 2451 947 εί
2493 894 2586 948 τὸν
2615 894 2846 949 θάνατον
2871 895 3130 951 ἐδεδοίκει
3154 911 3168 924 '
3213 896 3351 952 ἀλλά
3385 898 3676 968 θαύμασον

1971 977 2069 1032 τοῦ
2092 979 2308 1033 πάντων
2325 980 2483 1050 ἡμῶν
2499 982 2774 1035 Δεσπότου
2791 982 2888 1053 τὴν
2905 984 3008 1036 ύπε
3016 982 3356 1054 ρϐάλλουσαν
3376 987 3506 1057 περὶ
3524 988 3677 1058 ἡμᾶς

1972 1064 2418 1137 φιλανθρωπίαν,
2442 1067 2525 1121 ὃτι
2554 1067 2647 1121 τὸν
2672 1066 2908 1123 θάνατον
2935 1069 3030 1123 τὸν
3054 1073 3167 1135 τοίς
3186 1070 3417 1133 δικαίοις
3443 1073 3676 1139 ἐκείνοις

1970 1152 2066 1208 καὶ
2118 1152 2296 1222 ἁγίοις
2351 1153 2475 1207 τότε
2507 1154 2778 1227 φοϐερὸν,
2808 1156 2999 1211 τοῦτον
3052 1157 3150 1211 νῦν
3194 1160 3674 1234 εὐκαταφρόνητον

1971 1239 2269 1309 εἰργάσατο
2293 1240 2323 1292 6
2372 1240 2644 1311 Χριστος,
2689 1244 2787 1295 καὶ
2818 1242 2880 1295 δν
2924 1243 3284 1299 ἐδεδοίκεισαν
3320 1247 3373 1300 οί
3425 1247 3675 1320 ἐνάρετοι

1951 1326 2172 1385 ,ἐκεῖνοι
2222 1326 2320 1381 καὶ
2363 1326 2639 1399 τοσαύτην
2674 1330 2990 1401 παρρησίαν
3022 1331 3158 1399 πρὸς
3202 1333 3294 1387 τὸν
3335 1332 3471 1387 Θεὸν
3502 1336 3672 1406 ἐσχη-

1969 1415 2149 1479 κότες,
2176 1414 2363 1469 τοῦτον
2397 1415 2493 1469 νῦν
2520 1416 2867 1485 καταγελῶσι
2892 1430 2917 1458 ι
2949 1419 3044 1472 καὶ
3071 1420 3181 1473 νέοι
3214 1423 3309 1476 καὶ
3336 1422 3497 1492 κόραι
3531 1424 3675 1479 ἀπα·

1969 1499 2082 1556 λαί.
2119 1501 2254 1556 οὐδὲ
2290 1500 2400 1573 γὰρ
2449 1501 2681 1564 θάνατός
2720 1501 2876 1575 [559]
2926 1504 3044 1558 ἐστι
3082 1504 3302 1573 λοιπὸν,
3346 1507 3462 1561 ἀλλ’
3506 1507 3674 1576 ὕπνος

1971 1588 2068 1641 καὶ
2094 1586 2397 1657 ἀποδημία,
2434 1587 2527 1640 καὶ
2554 1589 2888 1659 μετάστασις
2914 1590 3024 1643 ἀπὸ
3053 1591 3162 1645 τῶν
3195 1592 3459 1664 χειρόνων
3481 1595 3575 1649 ἐπὶ
3602 1599 3675 1651 τά

1972 1670 2189 1743 βελτίω.
2238 1672 2301 1727 '0
2340 1674 2452 1744 γὰρ
2499 1673 2731 1738 θάνατος
2775 1676 2871 1728 τοῦ
2906 1677 3181 1731 Δεσπότου
3225 1681 3326 1751 τὴν
3368 1679 3675 1737 ἀθανασίαν

1971 1760 2105 1829 ἡμῖν
2144 1759 2463 1831 ἐδωρήσατο
2484 1800 2499 1825 ,
2538 1761 2635 1815 καὶ
2665 1761 2946 1817 κατελθὼν
2978 1764 3060 1828 είς
3106 1765 3198 1818 τὸν
3242 1765 3377 1837 ᾅδην
3417 1767 3675 1834 ἐξέλυσεν

1971 1844 2141 1899 αὐτοῦ
2179 1846 2249 1899 τά
2280 1846 2468 1919 νεῦρα,
2508 1847 2605 1901 καὶ
2637 1848 2735 1919 τὴν
2770 1850 2924 1921 ἰσχὺν
2958 1849 3125 1903 αὐτοῦ
3158 1851 3409 1905 καθεῖλε·
3448 1854 3543 1908 καὶ
3578 1855 3673 1911 τὸν

1974 1930 2207 2003 φοϐερὸν
2235 1930 2344 2004 πρδ
2369 1932 2563 1987 τούτου
2591 1935 2685 1987 καὶ
2713 1935 3054 2007 ἀμείλικτον,
3090 1936 3281 1992 τοῦτον
3309 1938 3486 2005 οὕτως
3506 1942 3676 1997 εὐκα-

1969 2021 2311 2090 ταφρόνητον
2337 2022 2655 2089 εἰργάσατο.
2681 2022 2758 2087 ώς
2780 2024 2873 2076 καὶ
2905 2025 3182 2097 ἐπιπηδᾷν
3212 2043 3365 2091 τινας
3401 2030 3498 2082 καὶ
3531 2030 3677 2084 ἐπεί-

1970 2107 2165 2200 γεσθαι
2380 2108 2479 2179 τὴν
2520 2108 2770 2200 ἐντεῦθεν
2813 2111 3172 2200 μετάστασιν.
3218 2114 3318 2200 Διά
3358 2115 3523 2170 ¹τοῦτο
3575 2116 3674 2172 καὶ⁸

1972 2193 2187 2258 Παῦλος
2211 2194 2314 2268 βοᾷ
2329 2196 2526 2265 λέγων,
2551 2197 2623 2250 Τὸ
2653 2192 2963 2252 ἀναλῦσαι
2990 2200 3090 2253 καί
3118 2200 3244 2254 σὺν
3261 2192 3496 2271 Χριστῷ
3515 2200 3674 2259 εἶναι

1972 2280 2192 2347 πολλῷ·
2204 2282 2453 2352 μᾶλλον
2489 2283 2806 2352 κρεῖσσον.
2848 2284 3011 2339 Ἀλλά
3044 2287 3219 2342 ταῦτα
3256 2288 3356 2359 μὲν
3398 2290 3493 2344 νῦν
3529 2290 3675 2361 μετὰ

1970 2368 2071 2437 τὴν
2102 2367 2197 2422 τοῦ
2229 2369 2468 2442 Χριστοῦ
2497 2372 2824 2442 παρουσίαν,
2860 2371 2999 2443 μετά
3043 2374 3104 2427 τὸ
3137 2375 3547 2448 συγκλασθῆναι
3571 2378 3674 2442 τὰς

1972 2454 2146 2520 πύλας
2180 2456 2280 2521 τὰς
2308 2457 2549 2527 χαλκᾶς,
2592 2458 2731 2529 μετά
2779 2459 2839 2512 τὺ
2871 2461 3150 2532 πανταχοῦ
3192 2462 3295 2533 τῆς
3346 2464 3677 2537 οἰκουμένης

1971 2541 2065 2596 τὸν
2100 2542 2252 2611 ἥλιον
2292 2546 2392 2615 τῆς
2425 2544 2772 2617 δικαιοσύνης
2812 2547 3115 2618 ἐκλάμψαι.
3150 2549 3285 2604 Τότε
3307 2550 3363 2604 δὲ
3401 2551 3483 2604 ἔτι
3510 2552 3671 2620 φοϐε-

1974 2627 2074 2697 ράν
2100 2623 2215 2699 εἶχε
2234 2629 2334 2701 τὴν
2361 2631 2650 2702 πρόσοψιν,
2670 2632 2766 2685 καὶ
2788 2634 3041 2688 κατέσειε
3065 2634 3171 2688 τῶν
3198 2636 3425 2691 δικαίων
3447 2638 3673 2693 ἐκείνων

1973 2714 2182 2785 ἀνδρῶν
2216 2715 2315 2787 τὴν
2358 2716 2633 2771 διάνοιανο
2667 2718 2750 2773 διὸ
2794 2722 2889 2773 καὶ
2941 2721 3119 2775 πάντα
3151 2722 3221 2777 τὰ
3278 2724 3414 2778 ἄλλα
3453 2725 3673 2795 κούφως

1972 2801 2191 2872 ἔφερον,
2221 2803 2326 2857 κᾶν
2370 2805 2623 2877 ἀφόρητα
2660 2805 2959 2877 ἐτύγχανεν
2987 2808 3137 2862 ὄντα.
3170 2810 3271 2864 Διά
3305 2811 3466 2864 τοῦτο
3503 2812 3599 2867 καὶ
3642 2816 3673 2868 ό

1971 2890 2179 2953 δίκαιος
2235 2888 2390 2961 οὗτος
2437 2892 2773 2964 φοϐούμενος
2804 2894 2915 2949 τῶν
2950 2897 3010 2949 ἐν
3062 2897 3331 2970 Γεράροις
3375 2899 3672 2956 οἰκούντων

1970 2975 2069 3045 τὴν
2099 2977 2413 3049 ἐπιϐουλὴν,
2454 2980 2555 3051 οὑχ
2587 2981 2663 3043 ὡς
2699 2984 2966 3050 γυναίκα,
3001 2985 3116 3037 ἀλλ’
3162 2985 3241 3049 ώς
3297 2987 3535 3060 ἀδελφὴν
3568 2992 3671 3044 ἑπ-

1973 3063 2272 3133 αγόμενος,
2306 3065 2450 3119 οὓτω
2477 3067 2575 3138 τὴν
2610 3068 2846 3123 ἐνταῦθα
2886 3071 3223 3143 παροίκησιν
3262 3077 3517 3131 ποιεῖται.
3558 3078 3670 3133 Καὶ

1974 3150 2225 3222 καθάπερ
2257 3153 2336 3215 εἰς
2358 3151 2455 3223 τὴν
2481 3154 2757 3221 Αἴγυπτον
2787 3154 3075 3211 κατελθεῖν
3095 3157 3258 3215 αὑτὸν
3283 3161 3669 3235 συνεχώρησεν

1972 3237 2001 3289 6
2034 3236 2188 3302 Θεὸς,
2228 3238 2552 3309 βουλόμενος
2597 3242 2690 3294 καὶ
2734 3244 2856 3305 τοὺς
2894 3244 3221 3315 ἀγνώμονας
3270 3246 3524 3313 ἐκείνους
3572 3252 3671 3306 καὶ

1966 3325 2336 3397 ἀναισθήτους
2367 3326 2462 3379 τοῦ
2504 3327 2724 3381 δικαίου
2751 3328 2948 3399 μαθεῖν
2977 3332 3077 3402 τὴν
3124 3334 3359 3402 ἀρετήν·
3398 3334 3545 3391 οὕτω
3574 3339 3670 3393 καὶ

1974 3410 2210 3464 ἐνταῦθα
2254 3411 2352 3482 τὴν
2398 3414 2608 3467 οἰκείαν
2651 3416 3036 3486 μακροθυμίαν
3080 3418 3454 3475 ἐπιδείκνυται
3490 3424 3521 3476 ὁ
3570 3426 3667 3479 Δε-

1975 3496 2203 3567 σπότης,
2232 3498 2319 3551 ἴνα
2351 3499 2447 3551 καὶ
2478 3498 2573 3552 τοῦ
2606 3498 2817 3554 δικαίου
2842 3504 2875 3572 ἡ
2915 3504 3163 3576 ὑπομονὴ
3197 3505 3288 3561 διὰ
3328 3507 3549 3563 πάντων
3572 3511 3669 3563 ἐκ·

1973 3583 2183 3654 λάμψῃ,
2220 3587 2316 3639 καὶ
2359 3588 2393 3657 ἡ
2424 3586 2518 3639 τοῦ
2550 3582 2687 3640 Θεοῦ
2725 3590 2853 3660 περὶ
2900 3591 3064 3645 αὑτὸν
3102 3592 3288 3648 εὔνοια
3326 3596 3459 3649 πᾶσι
3492 3597 3667 3652 κατά-

1972 3672 2133 3744 δηλος
2166 3673 2411 3743 γένηται.
2454 3675 2797 3731 Ἀπέστειλε
2826 3676 2896 3731 δὲ
2930 3679 3242 3750 Ἀϐιμέλεχ
3283 3684 3317 3737 ό
3358 3683 3668 3752 ,βασιλεὺς

1974 3764 2275 3833 Γεράρων,
2313 3766 2524 3820 λαϐεῖν
2552 3764 2668 3834 τὴν
2689 3766 2950 3837 Σάρραν.
2994 3770 3277 3843 Ἐννόησόν
3307 3788 3398 3844 μοι
3427 3773 3521 3831 τὸν
3550 3792 3665 3846 χει-

1978 3849 2133 3921 μῶνα
2158 3851 2266 3904 τῶν
2287 3850 2587 3922 λογισμῶν,
2612 3846 2687 3906 ὧν
2724 3853 3019 3924 ὑπέμεινεν
3042 3856 3073 3907 ὁ
3098 3856 3308 3923 δίκαιος
3325 3858 3471 3930 όρῶν
3494 3861 3664 3916 αὐτοῦ

1971 3938 2073 4008 τὴν
2093 3940 2325 4005 γυναῖκα
2348 3940 2728 4011 ἀπαγομένην,
2745 3944 2841 3997 καὶ
2870 3942 3023 3997 οὐδὲν
3042 3943 3341 4016 δυνάμενος
3361 3947 3661 4018 ἐπαμῦναι.

1974 4026 2107 4098 Σιγῇ
2142 4026 2253 4098 γὰρ
2284 4029 2502 4084 ἅπαντα
2528 4029 2745 4101 ἔφερεν,
2763 4031 2919 4095 είδὼς
2943 4032 3024 4086 ὅτι
3065 4034 3129 4086 οὑ
3157 4034 3476 4105 περιόψεται
3499 4036 3665 4092 αὐτὸν

1973 4118 2002 4171 6
2030 4118 2329 4187 Δεσπότης,
2359 4118 2498 4172 ἀλλά
2530 4122 2757 4189 ταχεῖαν
2784 4118 3015 4191 παρέξει
3049 4123 3151 4193 τὴν
3182 4125 3523 4194 συμμαχίαν.
3550 4127 3665 4181 Καὶ

1972 4200 2075 4271 τῆς
2108 4202 2327 4273 Σάρρας
2347 4202 2406 4255 δέ
2436 4201 2719 4272 θαυμάσαι
2740 4202 2855 4257 ἐστι
2886 4203 2983 4274 τὴν
3009 4204 3211 4276 πολλὴν
3250 4206 3660 4279 φιλοστοργίαν,

1974 4287 2094 4351 πῶς
2129 4287 2225 4341 τοῦ
2263 4287 2509 4341 κινδύνου
2554 4287 2648 4342 τοῦ
2694 4289 2928 4342 θανάτου
2971 4290 3063 4343 τὸν
3108 4291 3316 4347 δίκαιον
3349 4292 3661 4365 ἐξαρπάσαι

1976 4374 2277 4443 βουλομένη
2298 4392 2309 4401 ’
2339 4372 2466 4443 ἐξῆν
2493 4373 2603 4446 γὰρ
2629 4374 2800 4445 αὐτὴν
2826 4374 3214 4444 ὲκκαλύψασαν
3233 4379 3294 4432 τὸ
3317 4379 3517 4451 δρᾶμα,
3545 4382 3661 4437 δια·-

1974 4463 2166 4528 φυγεῖν
2190 4462 2289 4529 τὴν
2314 4459 2754 4531 ὁμολογουμένην
2772 4461 2929 4533 ὓϐριν
2946 4481 2957 4493 ·
2984 4464 3098 4516 ἀλλ’
3126 4465 3419 4535 ὑπέμεινεν
3443 4469 3660 4525 ἅπαντα

1972 4546 2257 4614 γενναίως,
2282 4547 2367 4599 ἵνα
2392 4545 2471 4616 τῷ
2498 4547 2689 4618 δικαίῳ
2711 4548 2809 4618 τὴν
2836 4550 3110 4620 σωτηρίαν
3139 4554 3654 4626 πραγματεύσηται.

1974 4632 2087 4686 Καὶ
2125 4632 2430 4704 ἐπληροῦτο
2464 4634 2642 4688 ἐκεῖνο
2682 4636 2746 4688 τὸ
2792 4637 3104 4708 εἰρημένον,
3148 4639 3231 4691 ὅτι
3276 4642 3564 4697 Ἔσονται
3602 4645 3658 4699 οί

1970 4717 2083 4774 δύο
2110 4722 2198 4786 είς
2230 4719 2429 4787 σάρκα
2451 4721 2619 4790 μίαν.
2642 4718 2857 4792 Ὥσπερ
2887 4726 2999 4795 γὰρ
3028 4725 3125 4794 μία
3151 4724 3287 4796 σὰρξ
3309 4725 3482 4795 ὄντες,
3512 4727 3658 4784 οὕτω

1971 4806 2071 4877 τῆς
2100 4806 2344 4875 ἀλλήλων
2377 4807 2653 4879 σωτηρίας
2693 4810 2968 4879 ἐκήδοντο,
3008 4814 3105 4864 καὶ
3132 4813 3402 4882 τοσαύτην
3442 4815 3654 4869 έπεδεί-

1971 4910 2169 4948 κνυντο
2195 4894 2293 4963 τὴν
2319 4894 2594 4963 ὁμόνοιαν,
2628 4895 2703 4957 ὡς
2729 4894 2789 4949 ἓν
2824 4896 2984 4967 σῶμα
3028 4899 3390 4969 τυγχάνοντες
3422 4902 3514 4955 κιί
3555 4903 3655 4974 μία

1971 4980 2141 5052 ψυχή.
2166 4980 2354 5034 Ταῦτα
2382 4982 2727 5037 ἀκουέτωσαν
2753 4983 2967 5054 ἀνδρες,
2988 4986 3337 5043 ἀκουέτωσαν
3362 4991 3618 5057 γυναῖκες
3637 5007 3653 5023 ’

1971 5071 2251 5138 γυναῖκες,
2286 5070 2372 5123 ἵνα
2404 5069 2673 5138 τοσαύτην
2699 5070 2830 5143 περὶ
2861 5074 3209 5145 τοὺςάνδρας
3242 5076 3341 5147 τὴν
3374 5076 3656 5149 φιλοστορ-

1971 5158 2098 5226 γίαν
2150 5156 2570 5221 ἐπιδεικνύωσι,
2615 5158 2711 5212 καὶ
2760 5159 2925 5229 μηδὲν
2968 5160 3155 5233 ἕτερον
3198 5164 3506 5233 προτιμῶσι
3556 5165 3654 5235 τῆς

1972 5243 2196 5297 ἐκείνων
2223 5244 2497 5315 σωτηρίας
2514 5261 2529 5276 ·
2564 5246 2658 5299 καί
2687 5244 2898 5315 ἄνδρες,
2927 5247 2992 5299 ἶν’
3014 5248 3156 5301 οὓτω
3180 5248 3377 5319 πολλὴν
3400 5253 3500 5321 τὴν
3526 5254 3655 5323 περὶ

1971 5332 2143 5393 αὺτάς
2164 5330 2378 5387 εὔνοιαν
2401 5329 2588 5400 ἔχωσι,
2606 5335 2702 5385 καὶ
2730 5332 2805 5395 ὡς
2840 5334 2967 5401 μίαν
2992 5334 3173 5405 ψυχὴν
3204 5337 3530 5406 κεκτημένοι
3559 5337 3654 5391 καὶ

1970 5418 2031 5472 ἓν
2070 5418 2230 5488 σῶμα
2262 5419 2433 5482 ὅντες,
2457 5417 2603 5472 οὕτω
2630 5421 2806 5472 πάντα
2833 5420 3291 5492 διαπράττωνται.

2036 5528 2284 5597 γ’.Τοῦτο
2302 5529 2373 5597 γά
2380 5547 2411 5601 ρ
2425 5528 2624 5599 ἀληθὲς
2638 5530 2850 5583 συνοικέ
2860 5533 3125 5595 σιον,ὃταν
3138 5532 3371 5601 τοσαύτη
3397 5532 3455 5583 ἐν
3472 5533 3655 5597 αὐτοῖς

1974 5617 2325 5686 πολιτεύηται
2373 5618 2664 5685 συμφωνία
2684 5656 2699 5679 ,
2730 5618 2858 5669 ὅταν
2888 5619 3142 5681 τοσοῦτος
3259 5620 3286 5670 6
3321 5616 3653 5689 σύνδεσμος,

1972 5705 2100 5757 ὅταν
2129 5702 2299 5767 οὕτως
2325 5698 2428 5757 ὦσι
2456 5708 2522 5775 τῇ
2556 5706 2745 5776 ἀγάπη
2778 5693 3219 5776 συνεσφεγμένοι.
3248 5705 3515 5777 Καθάπερ
3545 5704 3656 5778 γὰρ

1976 5792 2136 5863 σῶμα
2181 5794 2317 5863 πρὸς
2369 5794 2530 5846 ἑαυτὸ
2579 5794 2679 5847 οὐκ
2728 5794 2793 5846 ἀν
2830 5812 2960 5845 ποτε
3011 5794 3452 5847 διαστασιάσειεν
3480 5835 3493 5855 ,
3532 5792 3657 5847 οὐδὲ

1975 5880 2121 5951 ψυχὴ
2158 5880 2292 5950 προς
2326 5882 2554 5951 ἑαυτήν·
2603 5878 2776 5944 οὕτως
2809 5881 2977 5951 ἄνδρα
3011 5883 3105 5933 καὶ
3147 5883 3382 5949 γυναῖκα
3426 5882 3487 5934 ού
3539 5879 3653 5933 δια-

2041 5985 2064 6013 “
2091 5984 2317 6046 Quinque
2339 5996 2451 6033 mss.
2473 5981 2645 6032 τούτου
2668 5981 2751 6030 νῦν
2773 5985 3093 6036 καταγελῶσι.

3231 6052 3269 6109 3
