4060 6444
247 419 353 480 ιιτ

247 535 397 593 finita
418 530 558 605 ipsis
576 528 802 587 afﬂuere
831 532 1107 600 poterunt.
1134 522 1278 580 Nam
1299 521 1391 603 ubi
1416 516 1707 579 concordia
1727 556 1745 585 ,
1774 515 1848 572 ibi

248 629 516 689 bonorum
541 623 848 688 conflatus,
878 621 950 677 ibi
971 632 1099 691 pax,
1120 617 1192 674 ibi
1217 615 1437 679 acritas,
1464 613 1537 669 ibi
1558 607 1855 683 spiritualis

247 721 432 779 betitia
460 737 478 775 :
504 716 712 774 nullum
748 715 983 781 bellum,
1009 710 1297 767 nulla'risa
1324 725 1340 765 :
1365 720 1630 775 nusquam
1670 701 1854 759 inimi-

246 811 389 869 cttize
417 816 474 866 et
500 805 781 863 contentio
810 803 945 860 :sed
970 804 1087 858 haec
1115 800 1295 855 omnia
1321 814 1354 855 e
1379 796 1568 853 medie
1588 794 1853 851 tolluntur

247 915 348 973 per
384 897 733 956 concordiam
758 938 774 965 ,
812 894 1077 950 bonorum
1134 891 1375 946 omnium
1420 886 1654 943 radicem
1676 926 1693 953 ,
1730 895 1853 954 qum

248 992 438 1048 ontnia
458 988 559 1046 illa
578 988 740 1043 simul
763 986 964 1042 abolet.
993 984 1049 1039 2.
1085 982 1231 1037 Misit
1254 992 1425 1037 autem
1446 977 1735 1034 Abimeleclt
1761 989 1855 1031 res

252 1083 592 1148 Geras-orum,
619 1091 667 1135 et
692 1079 890 1150 accepit
933 1077 1169 1133 Sarrant.
1200 1076 1253 1130 5.
1278 1070 1348 1129 Ει
1385 1072 1593 1128 intrauit
1617 1070 1753 1125 Deus
1783 1069 1853 1123 ad

249 1173 540 1232 Abimeleclt
562 1173 617 1227 in
639 1188 816 1228 sontno
844 1172 859 1203 ¹
889 1180 1041 1225 noctu
1058 1210 1076 1236 ,
1101 1177 1153 1223 et
1181 1167 1312 1222 dixit
1334 1182 1355 1221 :
1382 1163 1516 1220 Ecce
1542 1173 1598 1219 tu
1624 1161 1852 1219 morieris

246 1274 456 1338 propter
480 1263 766 1329 mulierem,
783 1277 935 1334 quam
954 1259 1247 1315 abstulisti:
1264 1258 1364 1313 ista
1390 1266 1561 1311 autem
1585 1254 1853 1310 contuber-

248 1356 385 1413 nalis
431 1366 505 1412 est
556 1357 685 1411 uiro.
714 1353 852 1410 Vide
891 1352 989 1409 Dei
1026 1350 1368 1409 clementiam
1403 1367 1417 1405 :
1449 1349 1574 1421 quia
1608 1348 1742 1403 vidit
1765 1346 1851 1417 ju-

245 1456 389 1523 stum
410 1455 631 1519 propter
650 1455 849 1501 anetum
874 1443 1064 1499 mortis
1101 1442 1317 1498 Sarram
1342 1439 1697 1497 sibiablatam
1728 1451 1852 1523 esse

246 1539 465 1597 fortiter
490 1538 636 1594 forte
659 1579 675 1604 ,
708 1546 763 1593 et
792 1544 977 1608 regem
1002 1548 1123 1591 eam
1155 1540 1214 1589 ut
1241 1546 1492 1589 sororem
1511 1529 1640 1602 justi
1676 1522 1849 1585 abdu-

247 1644 408 1696 cere,
438 1642 590 1684 suam
628 1626 850 1683 demum
899 1622 1139 1697 declarat
1187 1622 1618 1697 providentiam,
1646 1621 1852 1692 justum

247 1735 464 1793 quoque
491 1719 849 1774 illustriorem
866 1716 1065 1781 reddit,
1086 1713 1142 1771 dt
1165 1714 1394 1771 Sarram
1410 1713 1479 1770 ab
1520 1713 1853 1787 injuria,,re-

246 1828 373 1886 gem
399 1826 535 1868 vero
563 1826 592 1865 a
623 1818 845 1882 peccato
870 1810 1084 1865 liberat.
1111 1805 1184 1862 Et
1214 1807 1453 1872 intrauit,
1472 1806 1682 1876 inquit,
1714 1802 1855 1860 Deus

246 1904 327 1959 ad"
358 1902 651 1957 Abitueleclr'
700 1901 755 1955 in
797 1916 977 1956 somno
1028 1904 1202 1955 noctu.
1246 1895 1353 1954 Per
1396 1898 1572 1968 ipsum
1598 1938 1615 1964 ,
1649 1896 1849 1967 inquit,

246 1996 430 2054 somni
458 1980 671 2064 tempus
697 1993 908 2063 eripere
925 2005 1049 2048 eum
1076 1988 1680 2060 volens'ab'iniquitate,
1705 1986 1854 2044 dedit

246 2087 421 2145 menti
457 2084 577 2157 ejus
616 2085 896 2142 scientiam
938 2092 996 2140 et
1036 2078 1251 2139 occulta
1291 2080 1685 2144 manifestavit,
1714 2074 1856 2135 mul-

247 2188 471 2250 tumque
498 2185 702 2232 metum
740 2174 891 2232 auxit
911 2172 1313 2230 interminando
1336 2180 1590 2228 mortem.
1620 2168 1856 2225 Morieris

247 2270 421 2337 enim,
452 2268 645 2339 inquit,
675 2276 886 2341 propter
906 2264 1204 2330 mulierem,
1234 2262 1672 2336 quam-abstulisti
1703 2277 1724 2317 :
1753 2262 1853 2316 ista

246 2371 420 2417 metu
461 2360 839 2415 contubernalis
881 2367 953 2413 est
997 2359 1124 2413 uiro;
1157 2357 1213 2413 4.
1245 2356 1735 2412 Abim'eteclt'autem
1753 2370 1858 2409 non

250 2453 487 2526 tetigerat
517 2446 684 2507 illam.
722 2449 849 2507 llaec
872 2459 1063 2505 autem;
1096 2447 1283 2506 omnia
1305 2447 1445 2505 facta
1473 2455 1631 2513 sunt,
1656 2446 1722 2501 ut
1763 2446 1857 2502 Dei

250 2544 542 2618 promissio
592 2542 731 2598 facta
796 2540 1122 2615 patriarelne
1175 2539 1511 2611 impleretur.
1569 2539 1858 2595 Enimvero

248 2638 383 2711 quia
403 2637 564 2709 paulo
592 2644 753 2692 antea
779 2635 877 2706 ipsi
906 2633 1233 2703 promiserat
1271 2632 1421 2689 lsaac
1458 2647 1581 2689 esse
1619 2632 1856 2687 nascitu-

247 2746 395 2799 rum,
417 2740 473 2787 et
512 2741 682 2802 prope
718 2728 906 2785 aderat
950 2738 1199 2798 tempus:
1224 2734 1291 2782 ut
1323 2741 1393 2782 ne
1440 2726 1568 2797 quid
1615 2722 1861 2791 ofﬁceret

249 2822 596 2897 promissioni
622 2822 737 2887 Dei,
757 2828 961 2875 tantum
989 2820 1237 2875 timorem
1265 2817 1317 2873 in
1339 2815 1654 2872 Abimelecb
1681 2814 1857 2870 immi-

247 2917 345 2983 sit,
362 2922 423 2972 ut
448 2913 726 2985 perculsus
750 2913 931 2969 animo
950 2910 1170 2972 Sarram
1193 2910 1457 2982 attingere
1478 2925 1583 2966 non
1609 2908 1850 2964 auderet.

248 3006 482 3079 Propter
513 3006 618 3062 hoc
644 3006 787 3061 enim
812 3004 1010 3075 adjecit
1027 3003 1208 3059 divina
1234 3001 1511 3072 Scriptura
1531 3024 1547 3062 :
1565 2999 1855 3055 Abimeleclt

248 3116 358 3155 non
390 3098 626 3170 tetigerat
648 3097 800 3151 illam
824 3110 844 3151 :
870 3095 965 3151 sed
990 3102 1047 3149 et
1070 3093 1139 3150 de
1170 3093 1407 3148 facinore
1431 3105 1494 3147 se
1528 3090 1768 3147 defendit
1793 3105 1858 3146 ac

250 3191 387 3248 dicit
414 3211 429 3245 :
462 3189 704 3258 Domine,
728 3196 929 3260 gentem
958 3187 1162 3258 justam
1194 3195 1242 3240 et
1281 3185 1597 3255 ignorantem
1633 3182 1812 3254 perdes
1832 3182 1859 3237 .’

249 3280 522 3354 Numquid
553 3282 753 3348 sciens,
782 3279 973 3351 inquit,
1006 3292 1228 3335 uxorem
1249 3277 1371 3348 ejus
1389 3292 1510 3333 esse
1534 3316 1549 3343 ,
1574 3275 1680 3347 hoc
1709 3276 1857 3331 feci?

251 3372 516 3446 numquid
565 3373 759 3444 injuria
798 3372 1143 3443 peregrinum
1188 3368 1408 3424 afficere
1444 3366 1669 3424 volens?
1696 3382 1858 3421 nutn~

252 3463 385 3538 quid
437 3472 497 3519 ut
547 3476 773 3518 uxorem
827 3461 947 3531 ejus
996 3458 1288 3515 auferens?
1332 3457 1413 3515 Ut.
1448 3473 1692 3514 sororem
1736 3472 1856 3513 eam

252 3561 573 3626 accepturus
594 3553 697 3609 hoc
723 3552 831 3625 egi,
857 3559 1008 3607 ratus
1030 3552 1132 3607 hoc
1151 3550 1369 3607 nomine
1393 3550 1613 3607 ethunc
1639 3560 1695 3607 e‘t
1710 3552 1856 3606 illam

254 3646 532 3704 honorari.
553 3643 762 3701 Gentem
782 3643 966 3716 igitur,
978 3644 1177 3714 justam
1197 3651 1243 3698 et
1286 3643 1606 3714 ignorantem
1644 3643 1861 3715 perdes?

258 3755 424 3798 mene
459 3739 589 3810 justi
634 3736 817 3794 officio
857 3736 1096 3793 functum
1128 3735 1323 3807 perdes
1346 3735 1406 3790 ’τ
1431 3735 1634 3793 Deinde
1661 3737 1861 3792 clarius

254 3833 491 3890 aﬂerens
537 3830 686 3902 quod
738 3829 984 3896 dicebat,
1018 3828 1228 3901 inquit:
1261 3828 1319 3885 5.
1355 3827 1543 3884 Nonne
1582 3830 1693 3901 ipse
1735 3829 1861 3884 mihi

256 3926 411 3989 dixit,
439 3922 605 3980 Soror
631 3937 746 3977 mea
783 3930 856 3977 est
876 3962 891 3987 ,
934 3930 983 3977 et
1011 3921 1127 3990 ipsa
1151 3921 1278 3975 mihi
1305 3920 1435 3974 dixit
1454 3961 1470 3987 ,
1503 3918 1692 3975 Frater
1718 3936 1861 3976 meus

256 4017 379 4075 est!
403 4014 697 4072 Vide-cum
747 4020 951 4085 quanto
993 4026 1262 4068 consensu
1315 4022 1372 4068 et
1425 4011 1714 4068 concordia
1759 4013 1862 4068 boc

257 4110 490 4182 egerint.
508 4107 577 4165 Et
600 4107 737 4179 ipse,
767 4106 958 4178 inquit,
978 4104 1082 4160 hoc
1106 4104 1238 4161 mibi
1268 4104 1438 4173 dixit,
1468 4113 1525 4161 et
1550 4105 1665 4175 ipsa
1692 4104 1862 4160 adsti-

256 4202 441 4278 ,πιθα
465 4207 551 4257 est
567 4198 726 4255 dictis
752 4197 887 4269 ejus.
912 4195 981 4252 In
1002 4196 1157 4253 corde
1173 4214 1326 4267 puro,
1362 4206 1408 4252 et
1434 4198 1487 4251 in
1516 4197 1719 4267 justitia
1745 4212 1861 4250 ma-

257 4309 418 4351 nant
440 4288 538 4364 feci
560 4290 677 4357 hoc,
706 4289 901 4361 inquit,
929 4304 1038 4345 non
1069 4298 1129 4344 ut
1168 4289 1405 4358 iniquam
1449 4302 1564 4343 rem
1588 4286 1859 4353 facturus,

257 4384 356 4443 sed
378 4392 438 4441 ut
465 4382 759 4454 legitimam
777 4391 833 4438 et
856 4380 1054 4437 licitam
1082 4379 1715 4451 irreprebcnsibilemque
1737 4380 1856 4436 feci.

257 4476 402 4548 Quid
445 4476 607 4548 igitur
663 4473 927 4545 benignus
961 4472 1259 4530 Dominus?
1310 4471 1365 4528 ϐ.
1399 4469 1547 4529 Dicit
1593 4484 1763 4528 autem
1814 4473 1860 4527 ei

256 4567 400 4627 Deus
420 4569 474 4623 in
501 4583 700 4623 somno.
728 4566 857 4622 Vide
880 4563 1154 4637 quomodo
1179 4580 1241 4621 se
1268 4573 1590 4636 attemperat
1619 4567 1861 4621 omnium

258 4662 525 4722 Dominus
544 4701 562 4729 ,
602 4673 755 4717 suam
792 4658 1089 4715 bonitatem
1122 4673 1221 4729 per
1247 4658 1428 4713 omnia
1458 4658 1766 4715 declamas.
1793 4656 1864 4711 Et

258 4770 357 4826 ego
380 4754 487 4810 scio
513 4752 651 4824 quod
678 4752 831 4808 corde
854 4767 984 4823 puro
1003 4752 1097 4807 Itoc
1118 4751 1316 4823 feceris.
1340 4751 1486 4818 Scio,
1504 4752 1699 4823 inquit,
1719 4752 1866 4823 ipsos

258 4847 401 4904 bane
445 4846 678 4901 fabulam
721 4853 1059 4900 commentos
1103 4858 1257 4909 esse,
1290 4852 1345 4899 et
1374 4852 1426 4898 te
1455 4842 1740 4913 deceptum
1771 4858 1866 4900 eo-

258 4955 381 4996 rum
405 4937 569 4994 dictis
598 4937 702 4992 boc
730 4935 928 4992 fecisse
954 4952 966 4988 :
998 4935 1069 4991 ob
1096 4934 1229 5001 boc,
1257 4942 1317 4989 ut
1344 4950 1414 4990 ne
1454 4951 1552 5005 per
1590 4935 1866 5005 deceptio-

258 5045 385 5089 nen
418 5030 561 5085 hanc
591 5042 799 5100 pecces,
834 5026 1048 5098 Peperci
1078 5026 1186 5091 tibi,
1221 5042 1284 5081 ne
1315 5034 1369 5080 tu
1394 5042 1625 5097 peccares
1666 5028 1720 5081 in
1763 5043 1861 5081 me.

259 5125 450 5195 Magna
498 5118 650 5177 verbi
694 5129 779 5175 est
830 5119 1230 5186 attemperatio,
1255 5119 1487 5173 maxima
1532 5118 1743 5173 Domini
1782 5128 1868 5173 est

260 5214 571 5273 clementia.
604 5212 663 5269 ln
689 5228 809 5276 me,
844 5208 1018 5282 inquit
1036 5252 1052 5277 ,
1083 5210 1382 5266 rediturum
1414 5222 1530 5266 erat
1560 5220 1859 5281 peceatum.

340 5308 443 5378 Qui
485 5307 606 5361 colit
655 5321 824 5361 sertos
869 5304 1002 5368 Dei,
1029 5302 1193 5359 Deum
1222 5304 1358 5359 colit.
1387 5335 1459 5346 —-
1478 5304 1611 5360 Nam
1642 5307 1779 5361 sicut
1813 5308 1863 5360 iu

263 5402 576 5460 hominibus
604 5416 727 5456 cum
752 5399 875 5470 quis
914 5399 1149 5468 aliquem
1192 5396 1548 5452 domesticum
1592 5399 1643 5453 in
1697 5400 1865 5453 multo

265 5493 476 5551 ltonore
502 5489 645 5561 apud
665 5488 943 5546 dominum
970 5505 1125 5545 suum
1178 5488 1371 5559 injuria
1406 5492 1637 5560 quadam
1665 5489 1825 5546 afficit
1848 5534 1862 5556 ,

329 5618 656 5691 agasones,
751 5631 936 5691 somno,
958 5620 1117 5691 _bic_et
1162 5624 1283 5691 infra
1307 5628 1487 5679 desunt
1523 5632 1570 5683 in
1592 5633 1766 5686 Sat'ilio
1809 5647 1858 5690 et

258 5677 766 5792 Εἰ
788 5679 1033 5732 habentur
1056 5685 1104 5733 in
1129 5688 1292 5738 Morel.
1321 5677 1859 5760 et‘atiis,’;1§ié'éiiahi

280 5813 365 5927 dp:
394 5806 586 5911 ’ooislin.
613 5807 792 5858 omittit
812 5806 965 5857 verm
982 5842 997 5870 ,
1024 5813 1161 5860 uene
1172 5806 1302 5870 justi
1328 5808 1485 5877 ofﬁcio
1527 5810 1746 5875 [unctum
1766 5828 1877 5879 per-

1320 405 1390 465 IN
1422 405 1579 464 CAP.
1624 401 1743 461 XX.
1783 396 2035 459 GBNEB.
2075 397 2306 457 nm.
2348 395 2509 456 XLV.

3467 399 3573 458 “8

1966 514 2070 572 sibi
2107 512 2363 586 injuria‘m
2393 510 2590 568 factam
2641 518 2796 582 putat
2841 508 3125 575 dominus,
3152 518 3210 568 et
3236 509 3369 569 dicit
3399 528 3416 569 :
3443 509 3573 569 Milli

1964 606 2227 680 injuriam'
2247 605 2420 664 fecisti
2440 620 2536 677 per
2557 619 2621 660 ea
2651 603 2847 676 quibus
2871 618 2904 660 a
2934 614 2987 661 te
3014 602 3348 662 domesticus
3376 603 3571 678 injuria

1963 710 2047 755 est
2075 697 2301 755 affectus
2334 715 2349 753 :
2380 700 2444 753 ea
2470 696 2615 752 enim
2644 704 2764 768 qua:
2794 696 2848 750 in
2878 695 3027 777 illum
3058 697 3488 766 committuntur,
3516 699 3575 755 in

1957 805 2046 846 nte
2071 794 2355 844 transeunt
2386 805 2400 844 :
2434 787 2630 844 eodem
2675 786 2840 843 modo
2862 796 2918 843 et
2939 784 3116 842 bonus
3147 785 3407 843 Dominus
3425 828 3444 856 ,
3465 783 3576 843 Ps-

1957 885 2099 955 perci’
2124 883 2232 948 tibi,
2264 882 2457 954 inquit,
2482 890 2541 936 ut
2566 897 2629 935 ne
2654 896 2891 950 peccares
2906 880 2961 935 in
2988 887 3086 936 me.
3105 880 3232 947 Mei,
3262 879 3463 951 inquit,
3491 878 3574 936 fa-

1956 973 2087 1029 muli
2121 981 2267 1039 sunt,
2296 981 2354 1028 et
2402 972 2542 1027 adeo
2589 971 2721 1027 mihi
2761 970 3148 1035 commendati,
3175 980 3237 1026 ut
3271 968 3402 1026 milii
3452 970 3573 1027 fieri

1958 1066 2267 1122 existimem
2293 1075 2652 1136 quaecumque
2682 1062 2791 1118 illis
2818 1063 2974 1126 fiunt,
2997 1061 3113 1117 sive
3135 1063 3275 1119 bona
3308 1062 3437 1131 sint,
3455 1063 3575 1120 sire

1958 1174 2064 1214 non
2095 1159 2235 1213 bona
2270 1174 2283 1211 :
2318 1154 2604 1228 Propterea
2634 1170 2739 1208 non
2766 1153 2947 1209 dimisi
2963 1163 3040 1222 te,
3069 1163 3127 1208 ut
3172 1163 3407 1227 tangercs
3434 1164 3570 1209 eam.

1955 1251 2221 1320 Quoniam
2274 1264 2527 1321 magnam
2582 1263 2772 1305 eorum
2819 1262 3003 1303 curam
3042 1262 3195 1320 gero,
3225 1234 3413 1305 sciens;
3427 1248 3573 1321 quod

1958 1339 2056 1415 per
2084 1342 2442 1413 ignorantiam
2471 1340 2615 1396 hanc
2643 1341 2723 1395 eis
2743 1339 3127 1407 contumeliam
3158 1340 3396 1396 fat-turus
3423 1355 3569 1408 eras,

1960 1434 2178 1505 Peperci
2205 1432 2317 1500 tibi,
2346 1441 2403 1486 ut
2426 1449 2489 1487 ne
2516 1447 2750 1503 peccares
2789 1431 2844 1485 in
2889 1447 2988 1487 me.
3021 1431 3102 1488 Ne
3148 1430 3467 1503 simpliciter
3513 1439 3573 1488 ut

1956 1527 2267 1599 quempiam
2291 1525 2592 1597 vulgarium
2615 1525 2878 1596 respicias
2898 1522 3044 1580 hunc
3069 1524 3279 1579 virum:
3303 1524 3399 1580 sed
3420 1522 3573 1581 disce

1958 1602 2083 1675 eum
2115 1633 2182 1674 ex
2206 1631 2434 1674 numero
2464 1616 2679 1672 illorum
2710 1630 2856 1684 esse,
2887 1632 3119 1688 quorum
3150 1631 3252 1688 ego
3277 1616 3572 1672 maximam

1957 1726 2142 1768 curam
2181 1720 2348 1782 gero,
2392 1720 2453 1767 et
2483 1710 2575 1780 qui
2602 1710 2949 1779 peculiariter
2974 1710 3082 1766 mei
3125 1718 3270 1766 sunt.
3305 1710 3359 1764 7.
3392 1708 3575 1767 Redde

1958 1804 2120 1874 igitur
2146 1814 2357 1857 uxorem
2385 1802 2516 1867 viro,
2543 1801 2667 1873 quia
2697 1801 2948 1871 propheta
2973 1811 3069 1869 est,
3097 1810 3145 1857 et
3173 1800 3343 1856 orabit
3374 1817 3471 1873 pro
3494 1812 3565 1869 te,

1959 1905 2007 1952 et
2033 1897 2185 1952 viues.
2214 1894 2354 1952 Vide
2385 1894 2660 1966 quomodo
2700 1896 2958 1952 virtutem
2991 1896 3124 1966 justi
3169 1895 3409 1968 detegit:
3441 1910 3571 1968 pro-

1960 1988 2179 2059 phetam
2211 1987 2388 2058 ipsum
2419 1996 2613 2058 vocat,
2643 1996 2700 2043 et
2736 1987 3130 2057 propemodum
3160 1986 3360 2054 efficit,
3387 1996 3446 2042 nt
3474 2002 3572 2045 rex

1959 2079 2258 2150 supplicem
2280 2092 2341 2135 se
2368 2079 2419 2135 ei
2446 2078 2705 2151 praebeat.
2734 2077 2915 2134 Orabit
2936 2078 3086 2136 enim
3117 2095 3211 2151 pro
3238 2089 3285 2134 te
3302 2119 3318 2146 ,
3337 2081 3392 2134 et'
3414 2080 3570 2135 uires.

1959 2170 2056 2228 ille
2084 2172 2283 2229 etenim
2306 2213 2323 2240 ,
2355 2172 2551 2244 inquit,
2572 2172 2779 2229 veritus
2808 2185 2879 2228 ne
2907 2171 3252 2227 occideretur
3279 2188 3310 2226 a
3343 2180 3418 2236 te,
3431 2169 3575 2229 lianc

1960 2264 2283 2321 eorumtliam
2314 2264 2587 2331 instruxit,
2622 2274 2676 2319 et
2703 2263 2856 2335 quasi
2885 2272 3215 2335 cooperatus
3243 2271 3329 2319 est
3360 2262 3413 2319 in
3442 2277 3574 2320 cou-

1961 2359 2237 2414 tumeliam
2288 2357 2512 2414 Same:
2545 2357 2689 2413 scias
2738 2368 2924 2414 autem
2975 2357 3119 2413 illius
3168 2371 3359 2429 preces
3401 2358 3569 2414 vitam

1963 2452 2056 2508 tibi
2110 2452 2433 2523 praebituras
2477 2466 2621 2508 esse.
2651 2451 2857 2507 Deinde
2905 2460 2964 2508 ut
3014 2469 3085 2509 ne
3130 2452 3571 2525 concupiscentia

1963 2546 2228 2619 flagrans,
2265 2556 2321 2603 et
2379 2544 2774 2617 pulchritudine
2826 2543 3009 2603 Same
3060 2546 3275 2614 victus,
3315 2544 3572 2602 mandata

1962 2647 2294 2705 contemnat,
2317 2637 2558 2693 immittit
2585 2645 2642 2693 et
2665 2638 2917 2695 timorem
2939 2679 2955 2705 ,
2978 2646 3035 2694 et
3064 2638 3326 2709 majorem
3355 2648 3571 2709 pinnam

1963 2730 2198 2785 minatur
2215 2744 2278 2785 se
2301 2728 2669 2786 inducturum.
2700 2728 2854 2797 Quod
2882 2731 2928 2785 si
2954 2746 3058 2785 non
3086 2730 3287 2785 dederis
3309 2772 3324 2797 ,
3351 2723 3528 2802 inquit
3548 2770 3572 2800 ,

1962 2822 2096 2878 scias
2133 2821 2269 2890 quod
2312 2822 2543 2877 morieris
2578 2832 2635 2877 tu
2679 2832 2726 2877 et
2768 2823 2941 2877 omnia
2989 2832 3099 2877 tua.
3142 2820 3259 2877 Non
3309 2822 3577 2879 solutu'ttt
3664 2896 3667 2898 ἓ

1964 2913 2345 2970 inobedientia:
2373 2929 2593 2985 penam
2625 2914 2741 2970 lues
2758 2955 2775 2983 ,
2803 2913 2899 2969 sed
2928 2925 2985 2971 et
3012 2913 3196 2969 omnia
3227 2922 3318 2970 tua
3353 2923 3577 2987 propter

1966 3017 2018 3063 te
2044 3021 2193 3062 mors
2216 3006 2429 3078 perdet.
2457 3006 2540 3063 Ob
2568 3006 2670 3061 hoc
2691 3015 2870 3063 autem
2900 3022 2996 3077 per
3023 3016 3235 3076 tempus
3259 3008 3436 3063 noctis
3460 3007 3578 3065 bznc

1962 3099 2145 3154 omnia
2173 3096 2316 3153 Deus
2346 3097 2397 3153 ei
2426 3097 2680 3168 loquitur,
2710 3106 2772 3152 ut
2792 3098 2844 3151 in
2869 3097 3052 3167 quiete
3082 3104 3303 3166 accepta
3330 3096 3578 3153 admoui-

1966 3190 2134 3256 tione,
2167 3203 2366 3262 magno
2395 3188 2592 3245 timore
2615 3190 2872 3259 imperata
2902 3188 3081 3247 faciat.
3109 3189 3164 3244 8.
3195 3188 3329 3244 Nam
3354 3186 3576 3258 Statim,

1964 3283 2158 3353 inquit,
2191 3299 2345 3337 mane
2374 3299 2591 3355 surgens
2612 3281 2904 3336 Abimeleclt
2932 3281 3125 3335 vocavit
3145 3298 3329 3354 pueros
3353 3298 3498 3351 suos,
3523 3293 3574 3338 et

1965 3375 2207 3445 loquutus
2224 3382 2297 3428 est
2326 3374 2500 3427 omnia
2530 3372 2678 3425 verba
2708 3370 2819 3425 haec
2851 3372 2906 3425 in
2932 3388 3086 3427 aures
3106 3389 3304 3427 conon.

2038 3467 2092 3521 ι.
2128 3464 2262 3520 Vide
2300 3463 2575 3535 quomodo
2617 3477 2715 3517 rex
2761 3461 2820 3516 fit
2852 3477 3029 3532 pra-co
3059 3463 3273 3519 virtutis
3295 3464 3427 3535 justi
3462 3508 3478 3534 ,
3521 3472 3580 3523 et

1967 3573 2091 3614 eum
2121 3556 2373 3613 omnibus
2397 3554 2742 3611 manifestum
2781 3554 2981 3611 reddit.
3022 3554 3244 3611 Vacalis
3272 3555 3418 3613 enim
3450 3597 3466 3622 ,
3498 3556 3580 3614 in-

1965 3649 2101 3722 quit,
2134 3648 2388 3704 omnibus
2407 3647 2591 3719 pueris
2616 3647 2731 3703 suis
2752 3689 2768 3714 ,
2808 3648 3049 3703 narravit
3075 3649 3255 3703 omnia
3276 3648 3378 3705 sibi
3408 3663 3439 3705 a
3467 3649 3580 3707 Deo

1965 3736 2330 3811 manifestata,
2349 3749 2408 3797 ut
2430 3755 2622 3797 omnes
2644 3740 2847 3797 scirent
2871 3748 2935 3796 et
2952 3738 3049 3797 Dei
3073 3756 3197 3813 erga
3230 3740 3380 3796 illum
3410 3741 3582 3800 bene-

1964 3836 2279 3900 voientiam,
2309 3842 2365 3891 et
2390 3842 2651 3906 quantum
2681 3833 2790 3890 Deo
2815 3848 2961 3889 curae
2988 3843 3133 3889 esset
3162 3841 3383 3905 propter
3409 3834 3581 3905 ipsius

1966 3941 2160 3984 mores
2180 3935 2238 3984 et
2260 3927 2537 3983 virtutem.
2587 3924 2890 3985 Timuerunt
2919 3934 3087 3979 autem
3122 3937 3297 3982 omnes
3341 3925 3573 3982 homines

1965 4021 2135 4077 ualde.
2162 4018 2355 4075 Vidisti
2383 4017 2657 4090 quomodo
2696 4031 2801 4072 non
2845 4017 3042 4071 frustra
3078 4027 3129 4073 et
3175 4017 3382 4087 absque
3410 4032 3575 4073 causa

1968 4115 2129 4185 toties
2158 4110 2575 4184 transmigrabat
2612 4110 2839 4187 justus?
2869 4109 3003 4165 Nam
3048 4110 3094 4166 si
3129 4109 3182 4164 in
3230 4108 3580 4177 tabernaculo

1967 4221 2066 4260 suo
2094 4204 2266 4275 primo
2293 4204 2579 4258 mansisset
2607 4242 2623 4268 ,
2655 4201 2800 4257 unde
2841 4201 3141 4270 potuissent
3167 4200 3431 4257 Geraritas
3455 4217 3579 4258 om-

1969 4313 2065 4352 nes
2086 4296 2224 4352 scire
2243 4302 2499 4365 quantam
2512 4294 2689 4365 justus
2700 4291 2843 4362 apud
2862 4292 3031 4348 Deum
3056 4292 3275 4348 haberet
3302 4291 3579 4348 ﬁduciam?

1975 4388 2270 4443 Tinuterunt
2304 4397 2475 4440 autent
2498 4401 2673 4440 omnes
2696 4384 2924 4439 homines
2950 4384 3116 4439 valde.
3150 4384 3370 4456 Magnus
3397 4386 3451 4441 in
3476 4400 3574 4442 eos

1974 4481 2135 4536 timor
2180 4479 2452 4533 immissus
2497 4476 2565 4532 de
2609 4490 2788 4532 rerum
2827 4490 3039 4531 summa
3090 4474 3319 4531 faciebat
3364 4478 3576 4533 anxios.

1970 4572 2163 4627 Postea
2206 4571 2485 4640 sequitur:
2517 4568 2573 4624 9.
2616 4568 2824 4622 Vocaeit
2862 4568 3166 4623 Abimelech
3198 4568 3573 4626 Abrahamum.

1968 4662 2263 4720 Considera
2294 4662 2366 4716 in
2389 4669 2588 4732 quanta
2614 4658 2781 4731 gloria
2804 4659 2985 4729 justus
3012 4650 3197 4731 postea
3220 4657 3360 4729 apud
3391 4675 3576 4731 regem

1969 4755 2101 4825 agit,
2132 4753 2220 4826 qui
2250 4752 2410 4824 paulo
2430 4760 2587 4807 antea
2604 4751 2674 4806 ab
2697 4751 2946 4807 omnibus
2961 4752 3237 4823 despectui
3258 4751 3581 4825 habebatur,

1970 4848 2123 4918 quasi
2152 4860 2278 4902 erro
2303 4852 2359 4901 et
2384 4843 2717 4916 peregrinus.
2744 4844 2909 4913 igitur
2936 4858 3055 4898 cum
3078 4859 3268 4898 omnes
3289 4844 3577 4901 convenis-

1971 4947 2112 5005 sent,
2142 4948 2368 5006 vocatur
2392 4937 2573 4991 statim
2601 4934 2926 5006 patriarcha,
2946 4936 3036 5005 qui
3062 4934 3192 4990 nihil
3216 4934 3408 4990 borum
3440 4934 3580 4991 scio»

1973 5031 2064 5087 bat
2095 5030 2408 5101 ,didicitque
2437 5036 2619 5100 postea
2648 5043 2680 5083 a
2705 5042 2833 5098 rege
2860 5026 2976 5096 ipso
3009 5068 3025 5093 ,
3055 5042 3177 5097 qua:
3215 5036 3435 5100 propter
3458 5041 3522 5083 se
3548 5042 3581 5083 a

1974 5126 2086 5180 Deo
2112 5123 2187 5179 illi
2230 5122 2366 5179 facta
2402 5129 2579 5178 erant.
2607 5119 2754 5175 Dixit
2791 5120 2925 5174 enim
2955 5119 3000 5172 ei
3020 5136 3038 5172 :
3069 5118 3241 5186 Quare
3274 5122 3370 5174 hoc
3416 5120 3583 5193 fecisti

1974 5219 2166 5273 nobis?
2190 5216 2313 5288 quid
2339 5214 2653 5282 peccauimus
2678 5214 2733 5267 in
2761 5222 2810 5267 te
2834 5255 2849 5278 ,
2881 5212 3018 5283 quod
3038 5212 3290 5265 induxiin
3314 5228 3461 5282 super
3501 5228 3581 5268 me

1973 5322 2019 5366 et
2042 5325 2193 5379 super
2223 5323 2434 5378 regnum
2463 5321 2629 5359 meum
2649 5315 2910 5375 peccatum
2927 5320 3169 5373 magnum
3199 5302 3396 5369 3Rent,
3425 5321 3581 5372 quant

1972 5404 2145 5457 nul/us
2167 5405 2376 5472 faceret,
2412 5398 2573 5467 fecisti
2603 5398 2769 5453 nobis.
2802 5397 2889 5454 10.
2913 5394 3052 5461 Quid
3073 5396 3247 5451 uidens
3272 5396 3440 5466 fecisti
3461 5397 3583 5453 hoc?

1974 5494 2153 5561 Quare
2179 5494 2232 5548 in
2263 5500 2493 5555 tantum,
2524 5491 2716 5560 inquit,
2744 5489 2955 5543 voluisti
2989 5504 3077 5544 me
3118 5488 3355 5545 incidere
3386 5504 3581 5559 pecca-

1975 5586 2127 5641 tum?
2153 5601 2251 5640 cur
2271 5596 2325 5639 et
2342 5581 2465 5653 quid
2495 5584 2739 5652 cogitans
2776 5581 2879 5638 hoc
2909 5581 3082 5637 fecisti
3104 5582 3128 5637 2
3154 5580 3287 5638 Vide
3312 5583 3586 5651 quomodo

1974 5695 2072 5751 per
2107 5678 2270 5734 verba
2317 5693 2412 5732 sua
2460 5677 2661 5731 indicat
2704 5676 2878 5731 minus
2910 5717 2924 5741 ,
2953 5691 3077 5746 quze
3122 5691 3153 5731 a
3193 5675 3303 5731 Deo
3332 5676 3431 5731 sibi
3460 5687 3586 5733 sunt

1976 5774 2146 5827 factae.
2169 5770 2435 5839 Quoniam
2453 5770 2597 5825 enim
2637 5769 2849 5824 dixerat
2880 5770 2952 5836 ei,
2983 5768 3136 5836 Quod
3156 5770 3201 5823 si
3224 5786 3323 5824 non
3349 5772 3587 5823 reddide~

1984 5868 2077 5936 ris,
2105 5864 2337 5920 morieris
2367 5872 2419 5917 tu
2459 5872 2503 5917 ct
2529 5862 2701 5917 omnia
2734 5872 2819 5916 tua
2843 5880 2861 5915 ε
2895 5862 2995 5918 hoc
3027 5861 3201 5932 ipsum
3225 5862 3582 5932 interpretans
