4060 6432
326 338 424 395 ιιι

325 459 483 530 and.
537 454 675 528 μετά
711 455 810 525 τὴν
842 449 948 504 τῶν
994 447 1256 520 λυπηρῶν
1285 444 1626 515 ἀπαλλαγὴν,
1823 439 1985 530 πάλιν

323 526 625 614 διαδέχεται
686 541 777 602 τὸν
813 537 1017 590 δίκαιον
1051 537 1088 606 ή
1115 534 1346 604 κορωνὶς
1387 530 1496 584 τῶν
1537 528 1776 614 ἀγαθῶν,
1815 529 1850 598 ή
1886 526 1988 596 τῆς

326 613 650 700 ἐπαγγελίας
678 625 990 695 ὑπόσχεσις,
1019 623 1111 675 καὶ
1132 623 1212 684 είς
1232 619 1390 690 ἔργον
1417 616 1601 670 λοιπὸν
1621 613 1766 686 ἐξῄει
1794 614 1862 668 τά
1889 614 1965 667 πά

328 721 417 774 λαι
449 717 598 788 παρά
643 713 735 768 τοῦ
781 710 915 769 Θεοῦ
958 708 1360 778 ἐπαγγελθένια
1395 705 1564 772 αὐτῷ.
1603 705 1727 788 Kal
1747 705 1984 788 Κύριος,

328 787 543 876 φησὶν(
575 801 952 869 ἐπεσκέψατο
1007 796 1128 865 τὴν
1169 793 1424 864 Σάρῤαν,
1477 793 1630 849 καθὰ
1681 787 1830 852 εἷπε,
1889 787 1983 841 καί

325 892 580 962 ἐποίησε
618 888 692 958 τῇ
719 887 933 956 Σάρρᾳ,
959 885 1110 939 καθά
1128 882 1413 949 ὲλὰλησε.
1440 879 1549 935 Kal
1584 876 1984 962 συλλαϐὠονα

326 961 495 1032 ἔτεκεν
513 975 710 1044 Σάρρα
742 972 822 1039 τῷ
864 970 1108 1040 Ἀϐραὰμ
1139 971 1273 1024 υίύν
1298 970 1386 1034 είς
1419 967 1486 1020 τὸ
1513 965 1719 1036 γῆρας.
1750 966 1837 1028 εἰς
1885 961 1984 1016 τὸν

326 1062 552 1132 καιρόν,
583 1060 734 1117 καθὰ
756 1058 1064 1126 ἐλάλησεν
1088 1055 1247 1120 αὺτῷ
1279 1052 1514 1123 Κύριος.
1546 1051 1611 1105 Τί
1647 1053 1784 1113 ἐστι,
1817 1049 1983 1104 Καθὰ

323 1146 608 1217 ἐλάλῖισε,
641 1147 754 1210 καὶ,
787 1145 948 1201 Καθά
973 1141 1137 1208 εἵπε;
1171 1141 1458 1211 Καθάπερ,
1483 1141 1664 1210 φησὶν,
1693 1138 1978 1208 ὑπέσχετο,

324 1239 483 1309 ήνίκα
523 1235 823 1305 ἐπεξενώθη
873 1233 1011 1304 μετά
1052 1233 1156 1286 τῶν
1201 1231 1447 1300 ἀγγέλων
1479 1231 1558 1294 εἰς
1586 1229 1683 1300 τὴν
1725 1227 1855 1298 δρῦν
1880 1227 1980 1298 τὴν

320 1324 586 1397 Μαμϐρῆ,
625 1321 856 1392 εἰρηκὼς
881 1321 964 1373 ὅτι
993 1323 1096 1385 Εἰς
1114 1321 1222 1372 τὸν
1245 1317 1454 1386 καιρὸν
1489 1315 1700 1370 τοῦτον
1729 1315 1981 1370 ἐλεύσο-

316 1430 440 1482 μαι,
475 1411 572 1466 καί
597 1410 766 1465 ἔσται
792 1408 864 1476 τῇ
889 1408 1087 1477 Σάρρᾳ
1114 1409 1262 1472 υίός.
1293 1405 1477 1460 Ταῦτα
1504 1403 1679 1457 τοίνυν
1717 1404 1795 1465 εἰς
1820 1402 1979 1474 ἔργον

320 1500 529 1573 ἐξῆλθε,
555 1500 648 1553 καὶ
665 1501 732 1552 τά
755 1500 820 1568 τῇ
843 1497 1000 1567 φύσει
1022 1493 1462 1567 ἀπηγορευμένα,
1487 1493 1659 1547 ταῦτα
1686 1493 1872 1566 ἐώρων
1901 1495 1980 1557 είς

320 1590 478 1660 ἔργον
501 1587 853 1658 ἐκϐεϐηκότα,
872 1587 929 1638 ού
957 1583 1096 1639 κατὰ
1124 1584 1469 1655 ἀνθρωπίνην
1485 1583 1825 1648 ἀκολουθίαν,
1846 1582 1981 1637 ἀλλά

319 1684 460 1732 κατὰ
491 1676 637 1730 θείαν
665 1676 844 1745 χάριν.
869 1673 976 1726 Kal
999 1671 1253 1726 ἐκάλεσε
1275 1671 1343 1724 τὸ
1373 1672 1558 1740 ὄνομα
1581 1670 1688 1725 τοῦ
1712 1670 1844 1725 υἱοῦ
1874 1671 1980 1724 αὐ-

320 1765 445 1829 τοῦ,
471 1763 542 1817 ὃν
557 1763 756 1816 ἔτεκεν
771 1757 928 1824 αὐτῷ
948 1757 1163 1828 Σάρρα,
1191 1757 1414 1813 Ἰσαάκ.
1438 1759 1546 1829 Οὐχ
1563 1758 1750 1822 ἁπλῶς
1780 1761 1980 1828 human-

321 1854 527 1926 μήνατο
553 1851 585 1920 ἡ
613 1848 731 1902 θεία
767 1847 958 1920 Γραφὴ
986 1846 1068 1909 τὸ,
1099 1847 1207 1898 ’ον
1233 1844 1436 1898 ἔτεκεν
1467 1844 1627 1910 αὺτῷ
1665 1843 1878 1914 Σάρῤαο
1917 1845 1978 1897 ού

319 1941 426 2012 γὰρ
459 1936 608 1992 εἶπεν
637 1935 784 2009 [465]
815 1933 1018 1998 ἁπλῶς,
1059 1932 1346 1986 Ἐκάλεσε
1395 1932 1461 1985 τὸ
1496 1932 1681 2001 ὄνομα
1710 1932 1817 1987 τοῦ
1845 1930 1980 1986 υἱοῦ

318 2028 524 2089 αὐτοῦ,
575 2025 711 2079 ἀλλά
751 2022 1104 2095 προσέθηκεν,
1149 2022 1258 2074 Ὃν
1307 2019 1514 2073 ἔτεκεν
1547 2019 1708 2084 αὐτῷ
1761 2019 1977 2088 Σάρῤα,

319 2115 460 2170 τοῦτ’
493 2114 688 2182 ἔστινὴ
719 2112 924 2182 στεῖρα,
950 2111 983 2180 ή
1012 2108 1223 2176 ἄγονος,
1252 2109 1285 2177 ή
1311 2110 1667 2177 γεγηρακυία.
1689 2107 1797 2163 Kal
1821 2123 1980 2176 περι-

315 2203 521 2273 έτεμεν
549 2199 754 2263 αὑτὸν,
787 2197 938 2268 φησὶ,
976 2194 1053 2263 τῇ
1078 2193 1267 2265 ἡμέρᾳ
1288 2193 1361 2263 τῇ
1381 2194 1559 2264 ὀγδόῃ
1592 2196 1743 2249 καθὰ
1770 2195 1975 2249 ἐνετει-

315 2295 463 2345 λατο
485 2283 877 2357 Κύριος-,Οὕτω
901 2282 1008 2354 γὰρ
1028 2279 1095 2352 ἦν
1121 2281 1531 2352 διαταξάμενος,
1548 2281 1689 2335 ὥστε
1708 2285 1773 2353 τῇ
1797 2283 1980 2355 ἡμέρᾳ.

314 2377 383 2448 τῇ
418 2375 580 2448 ὀγδόῃ
612 2371 1038 2446 περιτέμνεσθαι
1061 2368 1246 2423 λοιπδν
1283 2367 1355 2422 τά
1379 2368 1686 2438 τικτόμενα.
1729 2363 1859 2421 Εἶτα
1893 2369 1977 2422 ἴνα

324 2465 586 2537 μάθωμεν
608 2461 792 2516 λοιπὸν
818 2462 917 2530 τὴν
942 2459 1146 2526 ἄφατον
1163 2456 1385 2526 δύναμιν
1400 2454 1493 2508 τοῦ
1511 2455 1665 2519 Θεοῦ,
1690 2455 1770 2508 ὃτι
1802 2455 1896 2508 καὶ
1910 2456 1979 2509 τὰ

319 2555 470 2625 παρά
496 2550 801 2621 ἀνθρώποις
834 2549 1069 2603 ἀδύνατα
1099 2546 1230 2618 παρ’
1260 2546 1407 2616 αύτῷ
1446 2541 1667 2612 δυνατὰ,
1700 2545 1790 2600 διὰ
1821 2546 1978 2600 τοῦτο

315 2643 411 2695 καὶ
437 2641 528 2693 τὸν
555 2639 743 2710 χρόνον
773 2639 906 2707 ἡμῖν
925 2636 1086 2689 πάλιν
1109 2632 1526 2704 ἐπισημαίνεται
1550 2636 1584 2704 ή
1619 2632 1739 2687 θεία
1767 2635 1806 2686 Γ
1813 2636 1976 2705 ραφὴ,

316 2729 411 2783 καὶ
444 2727 581 2798 μετά
609 2725 700 2778 τὸν
722 2724 880 2777 τόκον
904 2723 1143 2776 διδάσκει
1168 2725 1201 2793 ή
1211 2723 1316 2787 μᾶς
1343 2721 1595 2790 λέγουσα.
1637 2723 1893 2791 Ἀϐραὰμ
1913 2722 1980 2775 δὲ

315 2815 398 2886 ἦν
430 2814 582 2870 ἐτῶν
613 2814 846 2874 ἑκατὸν,
875 2811 1058 2879 ήνίκα
1096 2810 1333 2879 ἐγένετο
1364 2807 1524 2874 αὐτῷ
1565 2809 1760 2863 Ἰσαὰκ
1788 2813 1822 2863 d
1849 2813 1980 2876 υἱός

316 2901 522 2961 αὐτοῦ.
553 2897 701 2956 Εῖπε
723 2898 790 2952 δὲ
827 2896 1044 2967 Σάρρα·
1080 2893 1320 2951 Γέλὶυτά
1348 2913 1449 2964 μοι
1478 2896 1766 2963 ἐποίησεν
1792 2900 1825 2950 ό
1857 2899 1977 2950 Κύ-

311 3005 457 3061 ριος·
490 2989 560 3056 δς
609 2989 720 3060 γὰρ
762 2985 840 3039 ἂν
879 2986 1138 3053 ἀκούσῃ,
1171 2982 1560 3055 συγχαρεῒταί
1592 3001 1712 3052 μοι.
1745 2983 1810 3036 Τί
1838 2986 1974 3049 ἐστι,

313 3074 560 3134 Γέλωτά
579 3091 680 3145 μοι
702 3073 990 3140 ἐποίησεν
1012 3075 1044 3127 ό
1066 3073 1284 3139 Κύριος
1298 3085 1318 3134 ;
1346 3069 1699 3140 Εὑφροσύνης
1727 3071 1980 3135 ὑπόθεσίς

317 3183 408 3237 μοι
437 3167 464 3218 ό
487 3163 642 3226 τόκος
672 3161 837 3215 ἐστίν.
865 3161 977 3214 Καὶ
1002 3160 1054 3212 τί
1083 3158 1412 3229 θαυμαστὸν,
1447 3160 1494 3211 εἰ
1525 3158 1681 3228 ἐμοί;
1713 3159 1819 3212 Καὶ
1847 3159 1982 3212 πάν-

313 3267 413 3314 τας
443 3251 566 3313 τοὺς
597 3246 893 3308 ἀκούοντας
923 3245 1317 3317 συνηδομένους
1343 3244 1472 3308 ἐξω,
1502 3245 1606 3298 ούκ
1639 3246 1825 3316 ἐπειδὴ
1867 3245 1982 3299 ἐτε-

315 3354 430 3404 κον,
470 3334 790 3404 ἀλλ’-ἐπειδὴ
815 3331 986 3394 οὕτως
1009 3332 1213 3387 ἔτεκον.
1247 3332 1319 3383 Τὸ
1357 3331 1660 3401 παράδοξον
1694 3334 1789 3386 τοῦ
1823 3351 1980 3403 γεγε-

314 3423 549 3496 νημένου
578 3422 787 3484 πάντας
820 3419 899 3482 εἰς
920 3419 1103 3490 θαῦμα
1130 3420 1479 3491 καταστήσει,
1515 3421 1606 3474 καὶ
1628 3421 1847 3475 πλείονα
1874 3423 1980 3475 πᾶ-

316 3531 368 3566 σι
401 3509 626 3581 παρέξει
655 3509 754 3579 τὴν
793 3505 1006 3578 ἡδονὴν,
1052 3507 1179 3559 ὃταν
1230 3505 1493 3576 μάθωσιν,
1527 3508 1607 3560 ὅτι
1648 3509 1759 3577 ἐγὼ
1789 3511 1822 3579 ή
1869 3513 1978 3564 τῶν

277 3661 280 3665 λ
314 3596 521 3669 νεκρῶν
546 3596 696 3650 οὐδὲν
725 3595 944 3664 ἄμεινον
975 3592 1311 3663 διακειμένη,
1332 3592 1526 3664 ἀθρόον
1549 3597 1731 3666 μήτηρ
1758 3597 1978 3666 γέγονα,

316 3685 412 3740 καὶ
447 3683 554 3737 ἀπὺ
575 3679 993 3750 κατεψυγμένης
1028 3679 1239 3750 μήτρας
1271 3680 1482 3733 παιδίον
1508 3680 1712 3747 ἔτεκον,
1743 3682 1837 3736 καὶ
1872 3685 1978 3757 μὴν

316 3772 567 3844 θηλάζειν
591 3769 846 3839 δύναμαι,
874 3767 971 3820 καὶ
1000 3767 1181 3838 πηγὰς
1205 3767 1475 3837 γάλακτος
1500 3769 1718 3838 ἀφιέναι
1752 3773 1785 3842 ή
1821 3773 1981 3843 μηδε-

320 3862 449 3932 μίαν
482 3857 671 3912 ἐλπίδα
706 3855 890 3910 λοιπὸν
916 3853 1260 3923 τεκνογονίας
1291 3855 1514 3926 ἔχουσα.
1542 3859 1650 3910 Kal
1689 3856 1839 3913 εἷπε·
1880 3860 1980 3928 Τίς

315 3942 637 4014 ἀναγγελεῖ
650 3941 731 4008 τῷ
757 3941 1020 4010 Ἀϐραὰμ,
1050 3939 1138 3994 ὅτι
1158 3938 1392 4008 θηλάζει
1409 3942 1474 3996 τὸ
1495 3943 1738 4000 παιδίον
1750 3947 1978 4018 Σάρῤα;

314 4031 413 4086 Διά
439 4031 547 4101 γὰρ
579 4031 738 4083 τοῦτο
773 4028 868 4082 καὶ
908 4028 1002 4081 τοῦ
1027 4028 1296 4094 γάλακτος
1327 4030 1383 4082 al
1428 4033 1602 4101 πηγαὶ
1635 4037 1978 4108 παρεσχέοη-

317 4137 438 4183 σαν,
471 4118 555 4172 ἵνα
584 4117 674 4172 τὸν
700 4117 857 4170 τόκον
890 4114 1289 4181 πιστώσωνται,
1326 4117 1418 4171 καὶ
1465 4121 1540 4189 μή
1571 4137 1654 4184 τις
1677 4124 1978 4195 ὑπόϐλητον

315 4203 454 4261 εἶναι
477 4205 673 4277 νομίσῃ
702 4204 764 4256 τὸ
789 4203 1019 4256 παιδίον·
1053 4204 1112 4255 αι
1132 4203 1241 4274 γὰρ
1268 4206 1442 4273 πηγαὶ
1465 4205 1559 4258 τοῦ
1586 4207 1854 4275 γάλακτος
1874 4215 1996 4264 πᾶ-’

316 4310 402 4347 σιν
431 4294 727 4364 ἐκήρυττον
762 4289 912 4355 παρά
942 4291 1122 4342 πᾶσαν
1153 4289 1498 4362 ἀνθρωπίνην
1548 4295 1870 4364 προσδοκίαν
1901 4297 1978 4352 εἶ.

314 4397 403 4435 ναι
460 4378 521 4432 τὸ
576 4375 957 4447 γεγενημένον.
1016 4377 1111 4441 Τίς
1171 4377 1518 4448 ἀναγγελεῖ,
1590 4379 1678 4435 ὅτι
1739 4385 1977 4452 θηλάζει

315 4464 553 4519 παιδίον
604 4461 800 4532 Σάρῤα
819 4478 840 4527 ;
889 4461 978 4515 ὅτι
1033 4461 1241 4517 ἔτεκον
1293 4464 1428 4519 υἰὸν
1481 4466 1553 4521 ἐν
1614 4466 1767 4538 γήρᾳ
1821 4488 1974 4540 μου;

313 4555 395 4608 ὅτι
437 4551 550 4621 ἐγὼ
588 4554 625 4624 ή
651 4552 989 4621 γεγηρακυῐα
1018 4554 1193 4604 τεκεῖν
1241 4552 1527 4624 ήδυνήθην,
1565 4559 1657 4610 καὶ
1702 4558 1761 4611 ἐν
1789 4559 1976 4632 ἡλικίᾳ

312 4639 537 4713 τοιαύτῃ
575 4637 787 4693 παιδίον
826 4638 1044 4708 τρέφειν
1071 4638 1338 4710 δύναμαι;
1382 4643 1491 4695 Καὶ
1525 4643 1782 4712 ηὐξήθη,
1820 4649 1972 4718 φησὶ,

313 4727 380 4781 τὸ
450 4724 711 4788 παιδίον,
771 4723 871 4778 καί
926 4724 1439 4794 ἀπεταλακτίσθη.
1497 4728 1607 4782 Kal
1683 4729 1976 4800 ἐποίησεν

325 4815 569 4883 Ἀϐραὰμ
593 4811 788 4880 δοχὴν
815 4808 1108 4881 μεγάλην,
1136 4805 1178 4882 ᾖ
1199 4811 1388 4882 ἡμέρᾳ
1412 4815 1902 4888 ἀπεγαλακτίσθη
1943 4822 1975 4875 ὁ

312 4901 440 4967 υίὸς
463 4898 669 4956 αὑτοῦ.

380 4994 444 5053 ς’.
467 4985 620 5053 Εἶδες
641 4987 735 5042 τοῦ
752 4987 883 5042 Θεοῦ
906 4987 1002 5060 τὴν
1027 4988 1229 5057 ἀφατον
1254 4990 1464 5059 σοφίαν,
1478 4993 1628 5057 ὅπως
1647 4993 1733 5048 διά
1757 4996 1972 5052 πάντων

309 5078 409 5147 τὴν
452 5075 728 5146 ὑπομονὴν
770 5077 863 5128 τοῦ
899 5077 1108 5130 δικαίου
1142 5076 1453 5145 βασανίσας,
1489 5082 1576 5134 ὅτε
1606 5084 1972 5157 ἀπαγορεύειν

310 5162 455 5229 εδοξε
488 5163 582 5216 καὶ
616 5162 777 5226 αὐτὸς
811 5165 903 5216 καὶ
949 5165 1147 5227 πάντες
1193 5167 1243 5218 οἱ
1290 5168 1369 5229 εἰς
1407 5167 1569 5222 αὐτὸν
1612 5172 1866 5242 ὁρῶντες,
1899 5178 1964 5247 τῇ

309 5249 628 5322 ἀνθρωπεία
663 5250 820 5318 φύσει
869 5251 1413 5316 κατακολουθοῦντες,
1445 5257 1566 5311 τότε
1611 5259 1710 5330 τὴν
1761 5264 1966 5319 οἰκείαν

309 5336 602 5407 ὑπόσχεσιν
629 5339 710 5401 είς
731 5336 888 5406 ἔργον
910 5340 1115 5408 ήγαγε;
1141 5341 1250 5393 Καὶ
1272 5343 1433 5411 ἡμεῖς
1457 5345 1653 5410 τοίνυν,
1672 5350 1966 5422 ἀγαπητοὶ,

306 5425 406 5496 τὴν
458 5425 627 5495 αὐτὴν
660 5425 736 5496 τῷ
783 5427 977 5498 δικαίῳ
1021 5427 1298 5498 ὑπομονὴν
1341 5430 1822 5505 ἐπιδεικνυὼμεθα,
1873 5443 1967 5496 καὶ

311 5511 577 5583 μηδέποτε
605 5513 915 5584 ναρκῶμεν,
947 5514 1078 5567 ἀλλὰ
1102 5519 1221 5578 ταῖς
1247 5521 1509 5587 χρησταῖς
1547 5521 1727 5577 ἐλπίσι
1758 5528 1970 5597 τρεφώ.

308 5597 470 5670 μεθα,
496 5599 698 5665 εἰδότες
724 5601 806 5653 ὅτι
836 5598 960 5654 οὔτε
984 5602 1237 5657 δυσκολία
1254 5607 1612 5676 πραγμάτων,
1631 5609 1754 5664 οὔτε
1782 5613 1967 5683 ἕτερον

305 5702 357 5741 τι
388 5684 496 5738 τῶν
526 5687 878 5758 ἀνθρωπίνων
909 5689 1086 5742 ἱκανὸν
1119 5691 1491 5764 κώλυμαήμῖν
1521 5697 1797 5765 γενέσθαι,
1820 5704 1966 5756 ἐπει-

303 5775 400 5828 δάν
433 5776 466 5845 ἡ
500 5773 593 5828 τοῦ
624 5774 759 5828 Θεοῦ
789 5777 944 5848 χάρις
975 5775 1073 5847 τὴν
1101 5779 1307 5832 οἰκείαν
1341 5781 1648 5852 φιλοτιμίαν
1693 5788 1962 5856 ἐπιδείξα-

305 5864 426 5918 σθαι
458 5862 712 5939 βουληθῇ.
747 5865 915 5921 Ὅταν
934 5864 1041 5939 γὰρ
1071 5868 1275 5934 ἐκεῖνος
1299 5869 1485 5944 νεύσῃ,
1509 5872 1683 5928 πάντα
1710 5876 1844 5932 εἴκει
1869 5885 1960 5937 καὶ

1071 327 1133 387 S.
1174 325 1457 387 JOANNIS
1489 322 1974 383 οηιιιεοετωιι

2079 319 2345 378 ιιωιιιιιι.
2382 319 2933 378 CONSTANTINOP.

3658 321 3770 380 421

2089 440 2431 511 παραχωρεῖ,
2463 437 2557 492 καὶ
2588 437 2658 492 τά
2678 437 2914 492 δύσκολα
2941 436 3142 493 εὔκολα
3169 440 3400 508 γίνεται,
3419 441 3515 496 καὶ
3534 439 3608 494 τά
3633 438 3766 494 ἀδύ-

2085 543 2219 580 νατα
2261 527 2495 582 δυνατάο
2529 528 2690 598 μόνον
2724 527 2823 581 ιάν
2855 529 3016 598 ἡμεῖς
3071 527 3308 600 στερρὰν
3333 528 3432 601 τὴν
3475 531 3556 591 είς
3603 531 3769 584 αὑτὸν

2085 615 2269 667 πίστιν
2296 613 2786 684 ἐπιδεικνυὼμεθα,
2815 614 2910 668 καὶ
2941 615 3082 686 πρὸς
3112 615 3174 669 τὸ
3203 616 3436 686 μέγεθος
3469 615 3642 670 αὐτοῦ
3667 619 3772 686 ἀφ-

2083 699 2338 772 ορῶντες,
2371 699 2635 773 ἀνώτεροι
2665 700 2944 771 γινώμεθα
2967 701 3076 756 τῶν
3097 703 3454 775 ἀνθρωπίνων
3481 706 3767 760 ἁπάντων.

2096 787 2154 842 ‘0
2184 787 2294 858 γὰρ
2333 787 2404 841 τὰ
2444 787 2710 856 μέλλοντα
2751 787 2935 855 ἀγαθά
2980 792 3076 842 καὶ
3112 791 3183 844 τά
3240 789 3532 862 ἀπόρρητα
3575 794 3770 847 ἐκεῖνα

2083 874 2451 946 ὑποσχόμενος
2477 877 2592 938 τοῖς
2623 877 2743 944 μετ’
2771 876 2976 948 ἀρετῆς
3025 877 3125 946 τὴν
3175 877 3412 933 ἐνταῦθα
3450 878 3598 951 ζωὴν
3641 881 3769 934 δια-

2082 962 2318 1029 νύουσιν,
2344 963 2406 1015 ού
2435 961 2616 1032 πολλῷ
2651 963 2853 1034 μᾶλλον
2885 964 2981 1019 καὶ
3011 965 3082 1019 τά
3110 966 3348 1020 ἐνταῦθα
3377 965 3630 1038 παρέξει,
3667 967 3770 1022 καὶ

2085 1047 2343 1118 μάλιστα,
2376 1046 2471 1101 ἐάν
2503 1047 2666 1118 ἡμεῖς
2706 1049 2932 1104 ἐκείνων
2977 1050 3276 1121 ἐφιέμενοι,
3313 1052 3421 1105 τῶν
3473 1052 3767 1124 παρόντων

2081 1136 2471 1208 ὑπερορῶμενς
2490 1135 2644 1210 [466]
2657 1137 2790 1192 Τότε
2807 1137 2915 1207 γάρ
2928 1137 3107 1191 αὐτῶν
3123 1137 3357 1207 μάλιστα
3374 1138 3766 1211 ἀπολαύωμεν

2083 1223 2222 1292 μετά
2235 1225 2536 1295 δαψιλείας,
2555 1227 2684 1281 ὅταν
2699 1225 2878 1280 αὐτῶν
2899 1225 3173 1297 ὑπεριδεῖν
3195 1224 3565 1296 βουληθῶμεν.
3589 1226 3766 1281 Ταῦτ’

2078 1306 2171 1364 οὖν
2195 1311 2460 1380 είδότεςλ,
2486 1315 2673 1368 ἐκεῖνα
2707 1312 2963 1384 ποθῶμεν
2990 1311 3059 1366 τά
3084 1313 3315 1383 μένοντα
3340 1314 3434 1367 καὶ
3463 1311 3619 1387 [466]
3637 1315 3768 1368 ἀκί⁴

2077 1414 2214 1469 νητα
2237 1399 2437 1468 ἀγαθά,
2465 1400 2535 1455 τά
2558 1401 2709 1464 τέλος
2733 1401 2833 1454 οὐκ
2860 1401 3219 1471 ἐπιστάμενα,
3250 1401 3338 1454 ἴνα
3370 1401 3463 1455 καὶ
3489 1401 3582 1455 τὸν
3615 1417 3768 1474 παρ·

2077 1486 2206 1541 όντα
2261 1487 2373 1560 βίον
2435 1490 2653 1554 ἀλύπως
2711 1488 3084 1559 διανύσωμεν,
3142 1489 3413 1544 κάκείνων
3475 1490 3764 1560 ἐπιτυχεῖν

2081 1573 2420 1647 δυνηθῶμεν,
2443 1570 2518 1631 ὧν
2548 1578 2762 1646 γένοιτο
2788 1578 2998 1640 πάντας
3029 1577 3179 1648 ἡμᾶς
3206 1576 3534 1643 ἀπολαῦσαι,
3568 1576 3764 1648 χάριτι

2076 1662 2170 1715 καὶ
2203 1663 2586 1736 φιλανθρωπίᾳ
2628 1665 2723 1719 τοῦ
2768 1666 2976 1736 Κυρίου
3029 1664 3187 1736 ήμῶν
3249 1664 3424 1736 Ἰησοῦ
3479 1662 3760 1735 Χριστοῦ,

2081 1749 2200 1819 μεθ’
2232 1744 2293 1805 οὗ
2327 1752 2405 1821 τῷ
2439 1753 2618 1824 Πατρὶ
2655 1756 2688 1824 ἠ
2721 1752 2867 1819 δόξα,
2904 1752 3022 1824 ἀμα
3046 1752 3125 1823 τῷ
3159 1751 3300 1823 ἁγίῳ
3327 1752 3631 1824 Πνεύματι,
3660 1749 3762 1805 νῦν

2077 1838 2173 1891 καὶ
2200 1839 2306 1902 ἀεὶ,
2342 1842 2437 1893 καί
2465 1842 2546 1904 είς
2571 1842 2695 1902 τοὺς
2726 1839 2929 1902 αἰῶνας
2952 1839 3060 1893 τῶν
3094 1839 3326 1895 αἰώνων.
3345 1841 3540 1911 Ἀμήν.

2697 1928 2939 1981 omum
2985 1929 3136 1994 Μςν.

2075 2012 2184 2067 Καὶ
2212 2008 2343 2085 εἷπε
2367 2013 2568 2085 Σᾴρῤα
2590 2032 2604 2046 ·
2642 2015 2734 2085 Τίς
2770 2014 3096 2085 ἀναγγελεῖ
3113 2014 3194 2080 τῷ
3234 2015 3503 2084 Ἀϐραὰμ,
3535 2017 3631 2071 ὅτι
3650 2021 3762 2083 θη-

2143 2081 2304 2143 λάζει
2320 2081 2560 2138 παιδίον
2581 2083 2815 2153 Σάρῤα;
2838 2081 3162 2140 ὅτίέτεκον
3180 2081 3406 2140 υἰὸνᾎὲν
3427 2081 3582 2156 ῆυήρα
3598 2081 3742 2153 μου.

2145 2178 2215 2224 α’.
2254 2171 2389 2243 Φέρε
2415 2173 2509 2225 καὶ
2535 2175 2798 2244 σήμερον,
2826 2175 3124 2244 ἀγαπητοὶ,
3153 2175 3252 2244 τὴν
3284 2175 3609 2230 ἀκολουθίαν
3644 2173 3759 2227 τῶν

2074 2257 2201 2328 χθές
2238 2259 2540 2331 εἰρημένων
2572 2260 2971 2326 ἀναλαϐόντες,
3008 2259 3154 2314 οὕτω
3204 2262 3304 2332 τὴν
3337 2263 3583 2318 ἑστίασιν
3620 2263 3758 2331 ὑμῖν

2077 2346 2410 2418 παραϐῶμεν
2426 2348 2629 2420 ταύτην
2640 2350 3159 2421 τὴνξπνευματικὴν,
3181 2350 3268 2403 ἵνα
3285 2351 3546 2421 μάθωμεν
3563 2350 3756 2416 πάλιν,

2076 2434 2328 2505 καθάπερ
2362 2434 2485 2506 χθὲς
2519 2436 2812 2506 ἠκούσατε,
2850 2438 2946 2490 τοῦ
2975 2437 3182 2505 ἀγαθοῦ
3231 2438 3368 2492 Θεοῦ
3402 2439 3501 2508 τὴν
3544 2440 3758 2507 ἄφατον

2076 2521 2403 2591 κηδεμονίαν
2429 2524 2524 2576 καὶ
2555 2524 2985 2591 συγκατάϐασιν,
3022 2525 3118 2579 καὶ
3160 2524 3255 2579 τοῦ
3287 2527 3624 2598 πατριάρχου
3652 2526 3759 2598 τὴν

2078 2609 2276 2679 πολλὴν
2317 2610 2565 2679 ὑπακοὴν
2596 2610 2690 2663 καὶ
2721 2612 3162 2683 εὐγνωμοσύνην.
3207 2613 3390 2666 Είδετε
3416 2614 3561 2678 ὅπως
3592 2615 3626 2685 ή
3655 2611 3755 2667 τοῦ

2089 2697 2276 2750 Ἰσαὰκ
2303 2698 2557 2768 γέννησις
2584 2700 2859 2770 περιχαρῆ
2891 2700 2992 2772 τὴν
3037 2701 3258 2774 Σάρραν
3290 2702 3548 2774 ἐποίησεν
3568 2719 3585 2769 ;
3606 2697 3758 2755 Ebur

2077 2783 2206 2855 γάρ,
2239 2786 2392 2854 φησὶ,
2429 2783 2669 2839 Γέλωτά
2704 2804 2808 2855 μοι
2842 2787 3134 2856 ἐποίησεν
3165 2792 3198 2843 ό
3226 2792 3370 2855 Θεός
3391 2806 3403 2819 ·
3433 2789 3502 2856 ὃς
3534 2789 3645 2860 τὰρ
3673 2788 3758 2845 ἂν

2077 2872 2334 2940 ἀκούσῃ,
2361 2872 2751 2942 συγχαρεῐταί
2763 2891 2886 2943 μοι.
2905 2875 3196 2942 Ἕκαστον,
3221 2893 3295 2948 φη
3304 2878 3376 2942 sl,
3393 2876 3504 2931 τῶν
3523 2878 3754 2932 άκουόν·

2076 2977 2183 3013 των
2218 2963 2297 3024 είς
2321 2959 2606 3014 κοινωνίαν
2630 2961 2732 3032 τῆς
2759 2964 2937 3034 χαρᾶς
2958 2963 3356 3035 ἐπισπάσομαι.
3387 2965 3615 3036 Μεγάλη
3640 2966 3752 3037 γάρ

2076 3050 2225 3103 ἐστιν
2261 3052 2293 3121 ή
2337 3049 2490 3120 παρά
2527 3049 2622 3103 τοῦ
2652 3050 2787 3104 Θεοῦ
2835 3052 3250 3124 παρασχεθεῖσά
3302 3070 3394 3125 μοι
3419 3053 3617 3123 δωρεὰ,
3657 3057 3754 3110 καὶ

2077 3137 2482 3208 ὑπερϐαίνουσα
2521 3138 2619 3210 τήν
2647 3139 2997 3211 ἀνθρωπίνην
3021 3139 3327 3195 ἀσθένειαν.
3356 3141 3454 3205 Τίς
3482 3143 3612 3212 γὰρ,
3646 3160 3755 3216 φη-

2079 3227 2184 3288 σὶν,
2208 3225 2310 3278 οὐκ
2335 3227 2402 3280 ἂν
2432 3227 2735 3296 ἐκπλαγείη
2765 3227 2908 3298 ὁρῶν
2936 3228 3038 3300 ἐμὲ
3059 3228 3611 3301 γαλακτοτροφοῦσαν
3655 3232 3755 3288 καὶ

2074 3315 2490 3387 τιθηνουμένην,
2518 3316 2618 3387 τὴν
2645 3316 2703 3369 ἐν
2728 3316 2946 3387 ἐσχάτῳ
2968 3316 3117 3388 γήρᾳ
3141 3318 3414 3390 καὶμέχρι
3434 3319 3528 3373 τοῦ
3552 3321 3758 3393 παρόν-

2075 3419 2164 3466 τος
2201 3405 2258 3455 ἐν
2286 3403 2514 3474 ἀπαιδία
2557 3404 2966 3476 γεγενημένην;
3016 3405 3126 3458 Καὶ
3157 3406 3358 3460 ὡσανεὶ
3394 3407 3753 3478 θαυμάζουσα

2075 3491 2169 3544 καὶ
2197 3489 2610 3561 ἐκπληττομένη
2639 3491 2700 3544 τὸ
2723 3492 2967 3560 γεγονὸς,
2993 3493 3242 3564 ἐπήγαγε
3262 3511 3276 3525 ·
3312 3495 3408 3560 Τίς
3432 3496 3758 3566 ἀναγγελεῖ

2076 3575 2155 3641 τῷ
2197 3578 2462 3646 Ἀϐραὰμ,
2489 3577 2579 3631 ὅτι
2606 3578 2847 3645 θηλάζει
2883 3579 3125 3634 παιδίον
3153 3581 3386 3650 Σάρῤα;
3418 3581 3506 3637 ὅτι
3538 3584 3758 3640 ἔτεκον

2076 3663 2212 3717 υἱὸν
2228 3664 2300 3717 ἐν
2320 3663 2473 3733 γήρᾳ
2497 3681 2650 3735 μου;
2679 3666 2896 3739 Ἐπειδὴ
2922 3668 3063 3739 ὑπὲρ
3083 3667 3244 3738 φύσιν
3275 3671 3392 3723 ἐστί
3423 3670 3482 3724 τὸ
3503 3673 3750 3741 γεγονὸς,

2077 3750 2164 3805 διά
2189 3750 2348 3805 τοῦτό
2374 3768 2526 3822 φησι,
2561 3753 2658 3820 Τίς
2687 3754 3043 3824 ἀναγγελεῇ
3067 3755 3189 3809 ἀντὶ
3221 3756 3340 3821 τοῦ,
3371 3757 3468 3823 Τίς
3499 3759 3754 3827 ἀναλογία

2081 3855 2232 3892 σεται
2256 3858 2270 3904 ;
2301 3839 2385 3903 τίς
2413 3839 2478 3894 ἀν
2507 3839 2871 3912 ἐνθυμηθείη;
2905 3841 3032 3897 ποία
3060 3842 3267 3898 διάνοια
3290 3845 3619 3900 καταλαϐεῖν
3654 3847 3753 3902 δυ-

2078 3927 2331 3996 νήσεται;
2358 3929 2510 3989 ποῖος
2537 3928 2795 3999 λογισμὸς
2827 3929 3007 4002 εὑρεῖν
3039 3930 3222 3995 ἱκανὸς
3255 3931 3349 3986 τοῦ
3378 3934 3752 4005 γεγενημένου

2075 4015 2174 4087 τὴν
2203 4017 2523 4087 ἀκρίϐειανς
2558 4018 2670 4088 Ούχ
2704 4018 2848 4073 οὕτω
2877 4019 3191 4089 θαυμαστὸν
3217 4015 3306 4092 ἦν,
3341 4021 3404 4075 τὸ
3430 4024 3496 4077 ἐκ
3523 4023 3620 4094 τῆς
3649 4026 3752 4079 πέ-

2075 4120 2212 4174 τρας
2251 4103 2391 4156 κατά
2418 4105 2516 4176 τὴν
2557 4103 2762 4176 ἔρημον
2792 4106 3094 4161 ἀναϐλύσαι
3128 4107 3226 4171 τάς
3269 4109 3452 4180 πηγὰς
3484 4111 3594 4164 τῶν
3625 4111 3753 4170 ὑδά-

2076 4207 2203 4252 των,
2237 4191 2398 4261 ήνίκα
2425 4193 2492 4263 τῇ
2521 4191 2702 4264 ῥάϐδῳ
2730 4194 2974 4265 Μωῦσῆς
2994 4195 3201 4266 ταύτην
3228 4197 3564 4265 ἓπαισεν,ὡς
3590 4200 3755 4255 τοῦτο

2075 4277 2136 4330 τὸ
2163 4279 2272 4332 ἀπὸ
2308 4280 2522 4351 μήτρας
2542 4281 2640 4351 ήδη
2670 4283 3086 4356 νενεκρωμένης
3105 4287 3318 4341 παιδίον
3341 4287 3625 4359 τεχθῆναι,
3654 4291 3752 4345 καὶ

2075 4364 2344 4433 γάλακτος
2372 4367 2552 4437 πηγὰς
2567 4368 2888 4424 ἀναϐλύσαι.
2924 4372 3041 4424 Ἵνα
3075 4373 3183 4446 γὰρ
3211 4376 3376 4428 πᾶσιν
3405 4377 3436 4430 ό
3461 4377 3621 4441 τόκος
3643 4395 3750 4433 κα-

2074 4451 2301 4522 τάδηλος
2339 4452 2580 4524 γένηται,
2632 4455 2727 4510 καὶ
2759 4457 2992 4524 πάντας,
3024 4461 3119 4514 καὶ
3145 4463 3272 4526 τοὺς
3321 4463 3444 4517 τότε
3472 4465 3751 4537 παρόντας

2074 4539 2169 4592 καὶ
2194 4541 2320 4604 τοὺς
2353 4542 2491 4611 μετὰ
2520 4542 2695 4598 ταῦτα
2723 4545 3046 4615 ἀκούοντας,
3071 4551 3153 4614 εἰς
3185 4551 3367 4606 πίστιν
3398 4551 3494 4607 τοῦ
3530 4552 3750 4625 θαύμα-

2074 4642 2163 4688 τος
2186 4627 2448 4700 ἐναγάγῃ,
2477 4628 2564 4683 διὰ
2593 4629 2750 4684 τοῦτο
2779 4634 2872 4687 καί
2897 4635 3034 4707 αὐτὴ
3066 4638 3257 4708 τρέφει
3280 4640 3494 4694 παιδίον
3523 4642 3617 4696 καὶ
3643 4642 3750 4711 τῆς

2072 4711 2536 4786 γαλακτοτροφίας
2563 4718 2837 4788 ἀνέχεται.
2872 4723 2980 4776 Καί
3020 4740 3175 4794 φησι,
3211 4728 3305 4794 Τίς
3327 4728 3753 4798 ἀναγγελεῖτῷ

2085 4799 2359 4871 Ἀϐραὰμ.
2409 4801 2499 4856 ὅτι
2527 4804 2764 4872 θηλάζει
2802 4810 3045 4866 παιδίον
3069 4812 3270 4882 Σάρρα
3286 4833 3305 4881 ;
3334 4814 3493 4870 τοῦτο
3523 4816 3587 4873 τὸ
3617 4835 3749 4873 και-

2071 4887 2180 4948 νὸν,
2221 4889 2540 4959 παράδοξον,
2574 4894 2670 4946 καὶ
2705 4896 2834 4968 παρ’
2867 4897 3057 4953 ἐλπίδα
3094 4901 3218 4972 ἐμοὶ
3251 4904 3750 4975 παρασχεθένῖοη

2070 4975 2279 5029 ἔτεκον
2303 4975 2521 5032 υίὸνέν
2537 4980 2690 5049 γήρᾳ
2711 5001 2832 5052 μου
2856 4985 2917 5050 ιν;
2949 4988 3014 5041 Τί
3038 4989 3208 5056 ἐστιν,
3244 4991 3365 5044 Ὅτι
3384 4993 3595 5047 ἔτεκον
3610 4993 3749 5049 υἱὸν

2073 5062 2137 5115 ἓν
2170 5063 2500 5153 γήρᾳ
2526 5066 2649 5153 ’Ότι
2680 5072 2773 5124 καὶ
2800 5072 2927 5127 ἀνευ
2952 5074 3056 5145 τῆς
3079 5077 3421 5150 πειριῦσεως
3447 5081 3628 5144 ἱκανὸς
3653 5077 3744 5153 ἧν,

2071 5147 2228 5232 φησι,
2264 5147 2406 5232 καὶ-ὁ
2440 5151 2538 5220 τῆς
2575 5151 2788 5222 ήλικίας
2820 5158 3010 5227 χρόνος
3037 5147 3417 5232 ἀπαγορεῦσαι
3445 5163 3536 5215 τὸν
3563 5147 3744 5217 τόκον.

2083 5228 2263 5317 Ἀλλάᾼ
2287 5228 2461 5284 ταῦτα
2484 5232 2662 5288 πάντα
2708 5237 2778 5291 τά
2817 5239 3115 5311 κωλύματα
3135 5228 3175 5295 ό
3191 5228 3471 5317 Δεσπότης
3497 5246 3746 5300 ἐκποδὼν

2071 5315 2458 5405 ποιησάμενος,
2481 5321 2574 5373 καὶ
2596 5323 2687 5376 τοῦ
2728 5327 2915 5391 παιδὸς
2941 5329 3034 5382 τὸν
3053 5330 3211 5384 τόκον
3241 5333 3367 5404 ἐμοὶ
3397 5315 3746 5405 κεχάρισται,

2072 5403 2166 5493 καὶ
2195 5403 2289 5493 τοῦ
2305 5405 2575 5493 γάλακτος
2592 5409 2692 5475 τὰς
2711 5415 2914 5482 πηγάς.
2935 5416 3072 5472 Ἀλλ’
3093 5403 3292 5490 ἴδωμεν
3307 5403 3493 5475 λοιπὸν
3507 5403 3574 5475 τά
3593 5422 3748 5493 ἑξῆς.-

2080 5491 2297 5579 ’ξπειδὴ
2337 5491 2443 5566 γάρ
2474 5495 2775 5566 ἀπήρτιστο
2804 5501 2874 5555 τὰ
2904 5503 3006 5574 τῆς
3040 5505 3194 5579 [467]
3241 5491 3742 5578 γαλακτοτροφίας,

2064 5576 2219 5645 Erae,
2247 5581 2400 5650 φησί,
2433 5581 2628 5651 Σάρῤα
2655 5601 2764 5639 τον
2784 5591 2919 5644 υίὸν
2945 5593 3130 5663 Ἅγαρ
3159 5576 3269 5663 ἑῆς
3298 5576 3641 5665 Αιγυπτιαξ,
3673 5597 3745 5665 δς

2068 5669 2301 5737 ἐγένετο
2324 5669 2403 5735 τῷ
2440 5671 2716 5743 Ἀϐραὰμ,
2743 5677 3028 5739 παίζοντα
3054 5681 3207 5750 μετὰ
3244 5684 3440 5738 Ἰσαὰκ
3470 5683 3578 5739 τοῦ
3604 5685 3744 5741 υίοῦ

2072 5836 2092 5848 _
2129 5776 2152 5802 ³
2184 5775 2354 5852 Mor-9|.
2382 5782 2434 5825 et
2470 5779 2667 5840 quidam
2711 5795 2824 5833 mss.
2850 5783 2984 5833 ταῦτ’
3034 5785 3115 5834 οὖν
3156 5789 3344 5846 εἰδότες.
3388 5789 3540 5840 Savil.
3563 5795 3620 5840 cl
3658 5786 3742 5840 alii

2067 5851 2181 5898 οπερ
2202 5851 2527 5898 γινωσκοντες.

2135 5897 2165 5937 δ
2189 5897 2339 5949 Sam.
2367 5902 2626 5964 etquidam
2650 5918 2766 5955 mss.
2791 5908 2838 5956 ἐν
2856 5925 2985 5972 γηρει
3010 5925 3126 5972 μου.
