4060 6420
180 379 282 439 £2!

181 518 313 573 olim
347 516 476 570 illia
508 513 620 569 Deo
645 512 901 582 prmnissa
935 515 1075 562 sunt.
1125 503 1192 559 Et
1235 501 1486 557 Dominus
1511 540 1526 564 ,
1559 497 1732 567 inquit
1767 535 1782 560 ,

184 609 402 664 uisitauit
434 607 648 663 Sarram
669 647 684 668 ,
703 605 832 658 sicut
851 602 979 656 dixit
1005 641 1019 664 ,
1042 605 1086 653 et
1112 596 1229 670 fecit
1246 594 1425 651 Sarra
1449 595 1577 646 sicut
1609 593 1788 660 loquu-

183 708 267 754 tus
292 708 386 755 est.
417 699 472 752 2.
497 696 564 751 Et
591 695 834 765 concepit,
863 691 1152 763 peperitque
1181 686 1345 743 Sarra
1371 683 1591 739 Abrahae
1619 681 1786 752 ﬁlium

187 791 244 844 in
273 798 526 844 senectute
549 828 561 850 ,
602 788 655 840 in
692 796 916 856 tempore
939 783 1068 837 sicut
1095 781 1334 851 loquutus
1359 785 1434 830 est
1462 775 1507 829 ei
1535 773 1787 827 Dominus

188 879 342 952 (Cap.
371 879 486 948 2|).
512 877 650 946 Quid
677 885 779 944 est,
806 875 952 930 Sicut
974 874 1211 944 loquutus
1235 879 1328 932 est.
1347 878 1420 932 et,
1445 867 1594 921 Sicut
1613 864 1742 918 dixit
1763 863 1790 917 .’

192 966 887 1035 Quemadmodum,inquit,
912 964 1172 1034 promisit,
1194 961 1409 1032 quando
1434 959 1665 1028 hospitio
1688 972 1788 1012 ex-

187 1070 376 1132 ceptus
407 1068 491 1115 est
516 1074 638 1115 cum
673 1059 879 1129 angelis
906 1057 1044 1127 apud
1074 1070 1331 1128 quercum
1361 1051 1618 1108 Mambre.
1648 1049 1781 1104 Nam

182 1153 329 1222 quod
359 1151 532 1208 dixit:
566 1151 633 1206 In
660 1161 882 1218 tempore
906 1150 1001 1202 hoc
1025 1148 1242 1207 veniam,
1270 1153 1319 1199 et
1339 1145 1434 1198 erit
1451 1143 1630 1199 Sarra:
1645 1140 1785 1209 ﬁlius

191 1239 347 1313 (Gen.
379 1241 465 1298 18.
495 1239 588 1314 24)
616 1259 629 1296 :
659 1242 761 1296 hoc
789 1254 930 1295 nunc
953 1253 1117 1307 opere
1143 1236 1417 1305 impletum
1444 1241 1544 1289 est.
1572 1232 1637 1286 Et
1664 1244 1786 1300 quae

191 1340 382 1386 natura
409 1330 728 1401 denegabat,
758 1343 823 1385 ea
846 1328 1101 1382 videbant
1134 1326 1379 1382 evenisse
1402 1365 1417 1389 ,
1449 1337 1557 1378 non
1587 1335 1784 1376 secun-

188 1420 318 1476 dum
362 1421 651 1475 humanum
690 1429 746 1474 et
773 1420 989 1474 solitum
1017 1431 1220 1472 morem
1256 1457 1271 1482 ,
1301 1414 1397 1470 sed
1423 1429 1519 1484 per
1546 1411 1782 1467 divinam

189 1515 438 1584 gratiam.
482 1513 537 1568 3.
571 1510 635 1566 Et
673 1511 865 1565 uocauit
904 1525 1086 1564 nomen
1127 1508 1222 1577 ﬁlii
1254 1507 1337 1562 sui
1361 1548 1377 1572 ,
1418 1521 1563 1576 quem
1593 1502 1788 1574 peperit

189 1605 290 1675 ipsi
310 1603 495 1668 Sarra,
543 1604 713 1658 Isaac.
737 1603 854 1658 Non
880 1604 1082 1673 absque
1103 1606 1260 1655 causa
1285 1597 1595 1668 assignavit,
1627 1595 1790 1661 Quem

197 1697 391 1766 peperit
417 1696 515 1767 ipsi
540 1696 701 1749 Sarra
720 1710 739 1748 :
767 1710 873 1748 non
899 1692 1042 1747 enim
1067 1691 1202 1746 dixit
1221 1690 1540 1760 simpliciter
1558 1729 1573 1754 ,
1620 1685 1788 1740 Voca-

191 1789 262 1841 uit
283 1803 461 1841 nomen
475 1787 571 1855 ﬁlii
595 1787 712 1850 sui;
740 1785 1061 1855 sedadjecit,
1087 1784 1248 1851 Quem
1261 1785 1453 1853 peperit
1473 1780 1575 1850 ipsi
1600 1780 1786 1843 Sarra,

193 1878 477 1935 infecunda
505 1879 589 1932 illa
615 1888 669 1934 et
691 1877 887 1934 vetula.
916 1878 969 1930 4.
996 1874 1064 1928 Et
1100 1874 1417 1928 circumcidit
1443 1889 1580 1939 eum,
1599 1871 1789 1939 inquit,

193 1970 280 2024 die
301 1978 476 2023 octavo
503 2010 519 2032 ,
550 1969 678 2023 sicut
719 1975 1028 2037 prmceperat
1054 1963 1329 2018 Dominus.
1356 1962 1444 2016 Sic
1475 1961 1620 2016 enim
1650 1975 1790 2030 prae-

191 2068 408 2128 ceptum
449 2066 774 2128 acceperat,
823 2066 880 2111 ut
916 2056 1004 2111 die
1045 2066 1237 2111 octavo
1278 2050 1793 2107 circumciderentur

193 2150 284 2219 qui
319 2149 540 2218 posthac
569 2159 934 2204 nasceremur.

272 2238 458 2292 Omnia
488 2235 596 2292 Deo
627 2239 984 2308 possibilia.—
1001 2237 1167 2292 Porro
1189 2244 1248 2291 ut
1275 2235 1498 2290 ulterius
1524 2234 1795 2289 discamus

196 2329 516 2385 ineffabilem
543 2328 835 2400 potentiam
866 2329 957 2384 Dei
988 2370 1003 2394 ,
1032 2338 1087 2383 et
1125 2343 1187 2383 ea
1218 2341 1338 2396 qua:
1378 2326 1520 2396 apud
1548 2325 1796 2382 homines

198 2419 546 2488 impossibilia
572 2427 697 2474 sunt
721 2461 736 2484 ,
764 2418 904 2489 apud
927 2434 1048 2474 eum
1078 2417 1351 2488 possibilia
1378 2432 1498 2472 esse
1538 2434 1551 2470 :
1594 2416 1796 2472 idcirco

198 2513 355 2569 nobis
390 2522 598 2582 tempus
627 2513 919 2582 assignavit
950 2513 1140 2566 iterum
1181 2510 1361 2566 divina
1391 2509 1664 2578 Scriptura
1701 2549 1716 2574 ,
1743 2519 1799 2564 et

198 2613 319 2673 post
347 2613 554 2672 partum
587 2604 747 2660 docet
787 2617 884 2658 nos
930 2602 1015 2658 his
1059 2602 1238 2658 verbis
1268 2620 1278 2656 :
1310 2602 1364 2656 5.
1395 2600 1651 2655 Abraham
1691 2610 1799 2656 erat

196 2710 452 2748 annorum
479 2705 700 2759 centum,
723 2694 928 2764 quando
964 2705 1112 2747 natus
1146 2703 1219 2747 est
1245 2693 1291 2746 ei
1318 2690 1469 2746 Isaac
1487 2690 1798 2775 ﬁliusguus.

198 2785 253 2840 6.
284 2784 432 2838 Dixit
455 2797 624 2840 autem
647 2784 845 2840 Sarra:
866 2784 1048 2839 Risum
1073 2784 1191 2856 fecit
1217 2783 1341 2838 mihi
1361 2781 1621 2840 Dominus
1639 2799 1658 2838 :
1684 2800 1804 2838 nam

196 2878 286 2948 qui
313 2878 507 2944 audiet,
524 2877 773 2948 gaudebit
795 2892 1017 2932 mecum.
1039 2875 1177 2944 Quid
1202 2883 1305 2939 est,
1327 2875 1507 2930 Risum
1537 2877 1654 2947 fecit
1677 2876 1803 2929 mihi

201 2969 454 3026 Dominus
483 2969 755 3026 .’La:titt:e
797 2971 1010 3025 occasio
1055 2967 1185 3022 mihi
1226 2977 1408 3038 partus
1445 2977 1546 3022 est.
1581 2968 1641 3022 Et
1675 2966 1803 3037 quid

200 3061 420 3128 mirum,
447 3063 493 3117 si
523 3061 654 3117 mihi
681 3061 978 3133 gaudium?
1008 3061 1208 3116 Omnes
1234 3061 1399 3115 etiam
1423 3061 1512 3130 qui
1541 3062 1761 3116 audient
1779 3102 1795 3125 ,

202 3153 413 3209 habebo
437 3153 890 3224 congratulantes,
922 3167 1028 3206 non
1057 3152 1177 3221 quia
1213 3151 1426 3220 peperi,
1454 3151 1548 3206 sed
1576 3153 1699 3222 quia
1726 3155 1805 3207 sic

203 3245 409 3314 peperi.
438 3242 570 3297 Tam
614 3242 947 3297 admirabilis
988 3258 1247 3312 rarus-que
1290 3255 1473 3312 [artus
1521 3257 1709 3298 omnes
1752 3245 1804 3297 in

204 3336 611 3390 admirationem
638 3335 828 3404 rapiet,
852 3343 906 3388 et
927 3333 1187 3403 majorem
1202 3333 1453 3389 omnibus
1475 3333 1802 3404 voluptatem

202 3425 393 3483 aﬂ‘eret
418 3468 432 3492 ,
460 3441 583 3481 cum
608 3426 862 3481 sciverint
884 3439 971 3480 me
995 3465 1010 3491 ,
1035 3439 1156 3494 qua:
1178 3423 1312 3478 nihil
1334 3440 1364 3478 a
1396 3426 1622 3480 mortuis
1649 3424 1805 3480 ditfe-

203 3519 390 3574 rebam
438 3529 698 3588 quantum
741 3517 809 3572 ad
852 3517 1254 3588 generationem
1289 3556 1304 3582 ,
1352 3517 1531 3572 subito
1575 3526 1804 3572 matrem

202 3609 400 3666 factum
420 3625 563 3675 esse,
590 3620 691 3665 ete
719 3610 876 3665 vulva
893 3611 1162 3665 exsiccata
1190 3609 1424 3678 puellum
1449 3611 1725 3680 peperisse
1750 3619 1806 3665 et

205 3701 408 3756 lactare
434 3715 591 3771 posse
614 3742 630 3769 ,
663 3710 718 3756 et
743 3699 919 3756 fontes
947 3700 1101 3755 lactis
1130 3700 1376 3755 emittere
1406 3741 1421 3767 ,
1453 3714 1573 3769 qua:
1605 3700 1806 3755 nullam

201 3808 358 3864 spem
400 3792 640 3862 pariendi
689 3791 972 3847 habebam.
1003 3792 1056 3846 7.
1095 3789 1157 3845 Et
1186 3791 1316 3846 dixit
1337 3807 1356 3845 :
1376 3791 1505 3859 Quis
1525 3792 1807 3845 annuntia-

203 3883 276 3938 bit
308 3882 546 3947 Abraha,
564 3881 703 3952 quod
727 3884 884 3937 lactat
919 3897 1132 3952 puerum
1163 3881 1327 3937 Sarra
1357 3881 1382 3935 .9
1424 3881 1559 3936 Nam
1589 3889 1807 3951 propter

203 3977 312 4032 hoc
354 3985 411 4031 et
455 3975 610 4030 lactis
639 3975 813 4031 fontes
840 3975 1083 4031 concessi
1111 3984 1276 4039 sunt,
1310 3983 1368 4028 ut
1398 3986 1606 4045 partum
1637 3974 1808 4045 magis

203 4066 518 4130 credibilem
539 4065 752 4132 faciant,
775 4075 832 4122 et
851 4081 920 4122 ne
946 4067 1065 4136 quis
1084 4066 1482 4136 supposititium
1510 4081 1632 4122 esse
1659 4073 1810 4136 putet

203 4173 434 4232 puerum
469 4176 485 4214 :
518 4157 695 4214 fontes
734 4159 878 4214 enim
934 4158 1087 4219 lactis
1131 4159 1382 4214 onmibus
1445 4157 1813 4228 prmdicabant

204 4258 404 4323 praeter
443 4249 731 4306 humanam
761 4249 1218 4321 exspectationem
1250 4250 1352 4306 hoc
1387 4251 1649 4307 evenisse.
1679 4249 1808 4317 Quis

205 4344 530 4400 annuntiabit
548 4387 564 4411 ,
604 4344 742 4414 quod
771 4344 925 4399 lactat
955 4359 1169 4414 puerum
1192 4343 1356 4399 Sarra
1378 4344 1404 4399 7
1428 4345 1564 4416 quod
1592 4360 1806 4416 pepere-

201 4440 308 4492 rim
327 4437 493 4507 ﬁlium
515 4437 570 4491 in
599 4445 852 4492 senectute
879 4451 991 4491 mea
1014 4434 1042 4490 2
1067 4433 1212 4505 quod
1241 4449 1342 4506 ego
1362 4450 1482 4506 quae
1500 4435 1679 4502 senui,
1713 4449 1804 4504 pa-

203 4543 331 4586 rere
357 4527 622 4600 potuerim
653 4568 668 4594 ,
710 4535 763 4584 et
791 4528 845 4582 in
872 4527 972 4582 hac
996 4535 1155 4582 atate
1181 4525 1348 4581 ﬁlium
1387 4525 1534 4582 alere
1561 4526 1760 4596 possim
1784 4527 1809 4582 ?

203 4622 263 4680 8.
284 4620 352 4676 Et
395 4624 574 4689 creuit,
601 4621 794 4692 inquit,
839 4637 985 4691 puer,
1034 4629 1084 4675 et
1126 4619 1409 4674 obluctatus
1453 4628 1547 4674 est.
1577 4618 1644 4674 Et
1688 4620 1809 4688 fecit

203 4713 468 4768 Abraham
512 4713 791 4768 convivium
829 4728 1071 4784 magnum
1104 4712 1188 4766 die
1215 4728 1314 4784 quo
1336 4711 1620 4766 obluctatus
1641 4722 1712 4767 est
1744 4713 1810 4782 ﬁ-

203 4804 482 4860 liussuus.

277 4895 334 4953 ϐ.
369 4894 585 4950 Muralis
601 4895 906 4950 exhortatio.
925 4891 1072 4949 Nihil
1087 4909 1188 4948 non
1209 4893 1342 4947 cedit
1361 4894 1508 4947 nutui
1524 4893 1712 4947 divino.
1737 4923 1808 4935 -

208 4985 398 5045 Vidisti
427 4985 522 5042 Dei
550 4984 876 5040 ineffabilem
910 4984 1231 5056 sapientiam
1252 5024 1269 5051 ,
1295 4981 1567 5054 quomodo
1601 4984 1810 5052 patien-

201 5082 335 5139 tiam
346 5079 481 5153 justi
497 5078 671 5135 modis
687 5079 940 5134 omnibus
964 5077 1232 5149 probavit,
1254 5075 1470 5148 quando
1486 5077 1602 5146 ipse
1622 5085 1677 5131 et
1693 5091 1809 5130 om-

202 5190 302 5232 nes
318 5173 411 5246 qui
426 5172 604 5245 ipsum
615 5171 890 5236 videbant,
911 5170 1158 5225 humana:
1177 5178 1382 5226 natura:
1394 5170 1536 5226 vires
1556 5179 1808 5240 spectan-

203 5279 307 5330 tes,
331 5264 464 5321 nihil
489 5277 709 5335 sperare
737 5260 1025 5327 audebant,
1055 5271 1180 5316 tunc
1208 5261 1320 5330 ipsa
1347 5261 1634 5330 promissio
1659 5275 1809 5318 com-

204 5358 349 5428 pleta
363 5355 483 5412 est?
502 5353 688 5425 Igitur,
711 5352 914 5418 dileCti,
942 5360 998 5408 et
1025 5367 1122 5408 nos
1147 5351 1416 5418 eamdem,
1447 5367 1608 5428 quam
1631 5353 1810 5433 justus

204 5447 299 5503 ille
325 5447 636 5519 patientiam
665 5443 1019 5502 exhibeamus
1041 5486 1057 5511 ,
1087 5454 1143 5500 et
1171 5459 1461 5514 numquam
1488 5444 1702 5500 desides
1728 5447 1806 5498 si—

202 5555 327 5597 mus
353 5557 368 5593 :
390 5539 485 5597 sed
507 5554 604 5610 spe
634 5538 775 5595 bona
802 5553 1130 5605 recreemur,
1161 5537 1394 5594 scientes
1423 5550 1598 5609 neque
1627 5550 1805 5595 rerum

202 5631 580 5692 difﬁcultatem
600 5674 616 5699 ,
646 5647 820 5704 neque
841 5633 984 5689 aliud
1003 5628 1130 5705 quid
1158 5631 1448 5688 humanum
1471 5625 1805 5688 obstaculum

204 5723 364 5783 nobis
383 5737 505 5780 esse
530 5737 711 5796 posse,
735 5725 781 5779 si
806 5722 1022 5795 quando
1042 5723 1215 5793 gratia
1236 5722 1332 5778 Dei
1352 5736 1504 5778 suam
1527 5721 1808 5779 declarare

203 5813 440 5876 voluerit
463 5815 863 5875 liberalitatem.
880 5814 1104 5885 Quoties
1119 5815 1262 5872 enim
1283 5814 1374 5872 ille
1394 5814 1602 5884 annuit,
1622 5813 1804 5872 omnia

1242 366 1306 422 IN
1348 364 1500 423 CAP.
1542 360 1688 420 XXI.
1731 352 1982 416 GENES.
2013 351 2248 410 HOMIL.
2289 349 2476 408 XLVI.

3383 339 3493 399 L23

1895 470 2093 525 cedunt
2118 480 2172 524 et
2208 469 2607 539 obtemperant,
2659 473 2711 521 ct
2754 463 2990 520 difﬁcilia
3034 460 3208 517 facilia
3254 473 3399 528 sunt,
3436 470 3496 518 et

1894 562 2247 632 impossibilia
2276 560 2550 632 possibilia
2571 601 2584 624 ,
2615 559 2661 613 si
2687 556 3026 613 solummodo
3052 555 3262 610 ﬁrmam
3295 552 3350 608 in
3377 553 3496 622 ipso

1893 652 2055 708 iidem
2073 666 2481 718 conservemus,
2496 660 2551 705 et
2571 651 2636 705 ad
2657 647 3082 720 magnitudinem
3100 646 3221 716 ejus
3240 644 3497 716 potentia

1889 750 2202 813 spectantes
2225 740 2476 797 humanis
2511 739 2763 796 omnibus
2791 737 3102 806 superiores
3134 735 3325 806 simus.
3360 733 3502 789 Nam

1893 838 1984 906 qui
2013 835 2190 890 futura
2215 835 2357 890 bona
2378 843 2433 890 et
2464 831 2748 888 inen‘abilia
2777 830 2864 885 illa
2885 828 3130 899 promisit
3160 827 3228 882 iis
3255 824 3346 896 qui
3373 839 3498 879 cum

1895 929 2092 982 virtute
2121 928 2285 981 vitam
2314 926 2401 980 bic
2431 925 2755 995 percgerint,
2784 922 3185 1007 quantomagis
3209 927 3267 975 et
3286 933 3350 975 ea
3379 918 3499 988 qui-

1896 1020 1996 1074 bus
2026 1019 2113 1072 hic
2133 1033 2269 1088 opus
2298 1026 2380 1072 est
2405 1016 2709 1088 praebebit:
2743 1024 2798 1070 et
2824 1013 3058 1069 maxime
3087 1013 3134 1067 si
3163 1025 3264 1067 nos
3287 1010 3375 1066 illa
3401 1010 3500 1066 de-

1895 1111 2196 1166 siderantes
2243 1111 2532 1180 praesentia
2584 1107 2987 1178 despiciamns?
3028 1107 3179 1162 Tunc
3221 1106 3371 1162 enim
3415 1105 3497 1161 eis

1895 1202 2129 1256 maxime
2155 1209 2208 1255 et
2236 1200 2466 1256 ubertim
2499 1199 2738 1256 fruemur
2757 1240 2770 1258 .
2801 1197 3017 1269 quando
3045 1213 3110 1253 ea
3145 1205 3498 1252 contemnere

1896 1293 2254 1350 voluerimus.
2287 1292 2522 1348 Proinde
2559 1291 2675 1347 hzcc
2710 1292 2979 1356 scientes,
3009 1289 3100 1344 illa
3127 1288 3504 1345 desideremus

1898 1386 2038 1442 bona
2067 1402 2186 1456 qua:
2216 1393 2438 1441 manent
2475 1392 2531 1439 et
2571 1383 2865 1438 immobilia
2897 1390 3044 1447 sunt,
3091 1389 3148 1437 et
3174 1396 3296 1450 qua:
3339 1379 3501 1433 linem

1901 1479 2194 1534 nesciunt:
2242 1487 2294 1532 ut
2343 1485 2398 1531 et
2443 1483 2766 1547 prmsentem
2815 1476 3002 1528 vitam.
3035 1473 3170 1527 citra
3226 1469 3499 1525 tristitiam

1897 1569 2347 1633 transmittamus,
2392 1575 2448 1622 et
2482 1567 2568 1621 illa
2604 1561 2854 1636 assequi,
2903 1565 3118 1633 illisque
3159 1576 3353 1617 omnes
3396 1560 3502 1615 frui

1897 1663 2191 1727 valeamus,
2223 1662 2394 1731 gratia
2426 1669 2482 1715 et
2508 1657 2877 1715 misericordia
2912 1656 3125 1712 Domini
3168 1654 3339 1710 nostri
3375 1653 3508 1709 Jcsu

1895 1751 2120 1819 Christi,
2151 1752 2236 1806 cui
2281 1766 2404 1806 cum
2447 1752 2604 1806 Patre
2649 1761 2705 1804 et
2731 1748 2933 1820 Spiritu
2979 1757 3168 1803 sancto
3191 1748 3262 1801 sit
3301 1745 3496 1816 gloria,

1899 1858 2043 1899 nunc
2068 1852 2122 1897 et
2149 1856 2385 1912 semper,
2413 1849 2467 1897 et
2493 1841 2544 1895 in
2571 1839 2768 1896 sarcula
2796 1838 3137 1894 surculorum.
3174 1839 3370 1892 Amen.

2451 1952 2733 2009 HOMILIA
2775 1950 2961 2006 XLVI.

1900 2049 1970 2104 Et
1994 2051 2122 2106 dixit
2163 2049 2327 2106 Sarra
2359 2069 2371 2104 :
2409 2049 2534 2114 Quis
2560 2047 2882 2101 annuntiabit
2915 2046 3162 2107 Abrahae,
3190 2047 3326 2115 quod
3347 2044 3502 2099 lactat

1973 2137 2185 2189 puerum
2218 2120 2428 2190 Sarra?
2451 2120 2588 2190 quod
2621 2118 2793 2189 peperi
2822 2119 2992 2186 ﬁlium
3019 2117 3072 2170 in
3101 2125 3357 2170 senectute
3387 2131 3502 2169 mea

1973 2184 2127 2262 (Gen.
2157 2191 2248 2247 2|.
2282 2190 2336 2258 7)
2355 2184 2379 2244 ?

1976 2307 2027 2362 I.
2056 2308 2171 2376 Age
2201 2313 2255 2361 et
2283 2301 2445 2360 hodie
2464 2344 2480 2370 ,
2509 2303 2711 2366 dilecti,
2747 2301 2862 2357 heri
2901 2300 3166 2356 dictorum
3197 2299 3393 2356 seriem
3423 2312 3510 2355 ro-

1907 2408 2173 2469 petentes,
2202 2397 2508 2453 convivium
2533 2395 2636 2451 hoc
2665 2393 2819 2450 vobis
2838 2393 3118 2464 spirituale
3141 2394 3470 2448 instruamus
3494 2410 3508 2445 :

1905 2500 1964 2546 ut
1993 2492 2210 2556 iterum,
2260 2491 2400 2544 sicut
2432 2488 2570 2557 heri,
2615 2488 2887 2543 discamus
2929 2484 3142 2542 etboui
3183 2485 3278 2543 Dei
3319 2484 3515 2540 inetia—

1905 2582 2070 2637 bilem
2095 2581 2502 2652 benignitatem,
2525 2595 2627 2650 qua
2648 2588 2832 2634 nostra
2853 2585 3027 2644 curat,
3057 2576 3214 2632 nobis
3233 2592 3293 2632 se
3312 2585 3512 2632 attem-

1907 2688 2130 2742 perans,
2182 2682 2237 2728 et
2283 2686 2531 2743 magnam
2573 2670 2890 2741 patriarcha:
2932 2669 3297 2725 obedientiam
3346 2677 3509 2739 atque

1907 2771 2115 2834 gratum
2161 2763 2422 2817 animum.
2485 2762 2709 2817 Vidistis
2753 2760 3028 2831 quomodo
3071 2761 3322 2816 nativitas
3365 2761 3514 2817 Isaac

1909 2853 2126 2908 Sarram
2166 2852 2522 2907 exbilaravit?
2556 2852 2699 2905 Dixit
2735 2851 2888 2916 enim,
2936 2851 3141 2921 inquit,
3171 2849 3354 2906 Risum
3397 2851 3515 2920 fecit

1909 2944 2034 2998 mihi
2061 2945 2196 2999 Deus
2219 2961 2237 2997 :
2256 2961 2374 2998 nam
2396 2945 2482 3012 qui
2502 2945 2742 3002 audierit.
2767 2943 3010 3015 gaudebit
3041 2960 3256 2998 mecum.
3286 2943 3508 3009 Omnes,

1907 3035 2058 3100 dicit,
2104 3036 2379 3090 auditores
2431 3035 2718 3105 participes
2759 3035 2940 3105 gaudii
2992 3035 3097 3090 mei
3145 3034 3357 3091 faciam.
3399 3034 3515 3090 Ma-

1908 3143 2069 3198 gnum
2091 3128 2232 3182 enim
2251 3127 2451 3182 donum
2481 3126 2609 3182 mihi
2633 3142 2665 3182 a
2697 3126 2806 3183 Deo
2825 3141 3141 3183 concessum
3167 3136 3271 3195 est,
3297 3137 3354 3184 et
3371 3129 3515 3200 quod

1911 3222 2201 3274 humanam
2245 3208 2575 3274 transcendit
2623 3217 3010 3274 infirmitatem.
3060 3219 3192 3289 Quis
3233 3219 3402 3288 enim,
3433 3221 3520 3276 in-

1911 3314 2048 3386 quit,
2083 3329 2189 3368 non
2215 3313 2587 3382 Obstupescat,
2619 3312 2809 3367 videns
2837 3329 2923 3368 me
2949 3313 3092 3368 lacte
3124 3328 3245 3369 meo
3273 3314 3519 3370 nutrien-

1913 3415 2019 3462 tem
2051 3421 2277 3475 puerum
2309 3405 2361 3459 in
2391 3413 2627 3464 extrema
2651 3413 2947 3466 senectute,
2971 3420 3094 3474 qua:
3111 3403 3390 3475 hucusque
3410 3418 3520 3462 non

1913 3498 2136 3568 peperi?
2167 3497 2233 3552 Et
2258 3497 2412 3568 quasi
2439 3498 2715 3552 admirans
2754 3506 2810 3553 et
2837 3498 3063 3552 attonita
3093 3497 3162 3552 de
3192 3495 3356 3564 facto,
3382 3497 3519 3554 sub-

1913 3588 2048 3642 didit
2077 3606 2090 3642 :
2125 3588 2251 3654 Quis
2285 3589 2610 3644 annuntiabit
2653 3590 2904 3652 Abralue,
2935 3591 3074 3660 quod
3115 3591 3271 3644 lactat
3303 3605 3518 3674 puerum

1914 3680 2116 3737 Sarra?
2137 3681 2278 3749 quod
2308 3683 2484 3753 peperi
2510 3681 2676 3752 [ilium
2705 3683 2758 3736 in
2785 3692 3041 3737 senectute
3063 3683 3219 3738 mea?
3244 3675 3516 3752 Quoniam

1914 3786 2078 3843 super
2099 3783 2347 3827 naturam
2367 3781 2451 3828 est
2474 3773 2576 3828 hoc
2604 3772 2828 3839 factum,
2857 3783 3142 3844 pr0pterea
3167 3775 3361 3845 inquit,
3388 3773 3519 3843 Quis

1913 3863 2280 3918 annuntiabit?
2321 3878 2385 3919 ac
2431 3863 2478 3919 si
2524 3864 2751 3932 diceret,
2805 3863 2938 3932 Quis
2984 3879 3170 3921 secum
3217 3865 3523 3937 reputabiti

1913 3955 2036 4023 quis
2066 3964 2246 4011 mente
2273 3955 2583 4026 concipiet?
2607 3971 2728 4027 qua:
2752 3971 2911 4012 mens
2930 3956 3394 4028 comprehendere
3419 3973 3520 4029 po.

1917 4049 2080 4103 terit?
2105 4065 2224 4119 quae
2256 4049 2392 4102 ratio
2419 4048 2619 4105 snmcit
2650 4061 2706 4104 ut
2736 4059 2986 4106 accurate
3026 4051 3152 4107 facti
3194 4050 3358 4122 hujus
3399 4067 3522 4106 mo-

1915 4141 2044 4197 dum
2073 4141 2348 4197 inveniat?
2376 4141 2492 4196 Non
2521 4142 2599 4196 sic
2637 4141 2953 4198 admirabile
3001 4142 3097 4198 fuit
3119 4186 3133 4208 ,
3160 4157 3224 4199 ex
3273 4152 3421 4213 petra
3467 4144 3523 4200 in

1915 4232 2134 4288 deserto
2182 4233 2495 4288 scaturiisse
2541 4232 2716 4289 fontes
2763 4247 3059 4302 aquarum,
3107 4233 3323 4305 quando
3371 4234 3519 4291 illam

1910 4323 2095 4379 Moses
2117 4324 2260 4394 virga
2287 4325 2551 4394 percussit
2572 4323 2773 4394 (Exod.
2805 4323 2895 4396 Π)
2925 4342 2937 4379 :
2966 4324 3106 4380 sicut
3132 4324 3202 4382 de
3223 4326 3378 4380 vulva
3405 4326 3522 4396 jam

1912 4424 2157 4472 emortua
2204 4431 2429 4488 puerum
2481 4418 2632 4474 nasci
2683 4415 2873 4490 (Num.
2904 4416 3032 4489 ἑο),
3062 4425 3118 4473 et
3142 4418 3297 4479 lactis
3340 4418 3521 4476 fomes

1913 4509 2197 4582 scaturire.
2226 4506 2359 4563 Nam
2390 4518 2446 4563 ut
2474 4508 2727 4564 omnibus
2769 4519 2957 4579 partus
3003 4507 3319 4565 manifestus
3351 4519 3517 4577 esset,

1912 4611 1968 4657 et
1994 4614 2205 4665 omnes,
2239 4609 2349 4656 tam
2379 4614 2475 4656 eos
2503 4601 2592 4671 qui
2629 4609 2759 4655 tunc
2788 4600 3034 4667 aderant,
3065 4615 3226 4671 quam
3252 4601 3344 4672 qui
3374 4613 3524 4673 post-

1913 4708 1975 4749 ea
2018 4693 2310 4760 audierint,
2343 4693 2411 4748 ad
2463 4693 2624 4749 ﬁdem
2670 4693 2915 4749 miraculi
2961 4693 3263 4762 induceret,
3315 4694 3520 4751 idcirco

1915 4787 2033 4856 ipsa
2058 4802 2282 4856 puerum
2310 4786 2403 4841 alit
2430 4796 2485 4842 et
2510 4787 2650 4842 lacte
2675 4798 2777 4842 suo
2802 4787 2914 4841 vult
2939 4787 3202 4843 enutrirc.
3235 4787 3302 4843 Et
3324 4787 3520 4858 inquit.

1918 4878 2048 4945 Quis
2071 4878 2394 4933 annuntiubit
2436 4878 2658 4934 Abrahae
2675 4923 2689 4946 ,
2717 4879 2856 4949 quod
2884 4879 3034 4934 Iactet
3075 4896 3288 4952 puerum
3315 4880 3529 4937 Sarra?

1916 4971 2017 5025 hoc
2056 4986 2254 5026 novum
2281 4981 2335 5026 et
2365 4972 2708 5031 admirabile.
2743 4980 2800 5027 et
2841 4981 3034 5042 praeter
3060 4973 3519 5044 exspectationem

1917 5061 2046 5116 mihi
2073 5077 2422 5126 concessum,
2467 5063 2656 5134 inquit,
2691 5062 2843 5131 Quod
2876 5064 3048 5134 peperi
3092 5064 3341 5134 filiumin
3370 5079 3520 5120 sene-

1915 5165 2050 5212 ctute
2071 5173 2199 5210 mea.
2230 5155 2366 5224 Quid
2390 5157 2492 5212 hoc
2513 5165 2614 5222 est,
2637 5156 2824 5227 Peperi
2842 5157 3008 5225 ﬁlium
3028 5157 3082 5210 in
3101 5167 3354 5211 senectute
3367 5172 3479 5211 mea
3498 5157 3526 5212 2

1915 5250 2051 5318 Quia
2083 5264 2278 5321 printer
2303 5251 2638 5306 sterilitatem
2670 5248 2972 5306 sufﬁciebat
3002 5234 3234 5305 senectae
3271 5257 3484 5320 tempus
3505 5289 3521 5315 ,

1919 5350 1975 5395 ut
2003 5351 2187 5410 partus
2231 5356 2353 5411 spes
2383 5341 2680 5396 tolleretur.
2714 5340 3096 5397 Verumtamen
3135 5340 3523 5411 impedimenta

1917 5433 2032 5488 tunc
2057 5433 2239 5488 omnia
2268 5450 2299 5489 e
2326 5435 2503 5490 medio
2546 5435 2763 5490 sustulit
2809 5433 3064 5490 Dominus
3087 5477 3101 5500 ,
3130 5442 3183 5490 et
3221 5435 3371 5504 pueri
3396 5449 3518 5505 par-

1920 5538 2033 5582 tum
2062 5535 2118 5581 et
2143 5525 2294 5581 lactis
2323 5525 2500 5582 fontes
2530 5527 2660 5581 mihi
2691 5527 2982 5583 concessit.
3015 5525 3214 5582 Verum
3247 5525 3523 5581 videamus

1916 5622 2222 5693 sequentia.
2255 5620 2540 5692 Postquam
2588 5621 2868 5691 impletum
2899 5630 2982 5676 est
3018 5619 3246 5676 lactendi
3279 5629 3518 5689 tempus,

1926 5714 2086 5780 Vidit,
2108 5716 2301 5787 inquit,
2334 5715 2495 5772 Sarra
2524 5715 2688 5784 ﬁlium
2731 5715 2870 5786 Agar
2906 5712 3210 5785 Egyptian,
3248 5714 3336 5783 qui
3363 5722 3516 5767 natus

1911 5820 1986 5868 est
2012 5811 2248 5878 Abralue,
2275 5809 2528 5865 ludentem
2552 5824 2667 5864 cum
2687 5807 2839 5864 Isaac
2860 5822 3016 5879 puero
3038 5823 3150 5862 suo.
3185 5803 3271 5864 I0.
3299 5802 3366 5859 Et
3385 5803 3516 5861 dixit
