  <div class='ocr_page' id='page_1' title='image "/cluster/home/n/w/nwhite01/storage/ocr_20150623/54/ien.35556001660810/055.png"; bbox 0 0 4060 6466; ppageno 0'>
   <div class='ocr_carea' id='block_1_1' title="bbox 552 424 654 482">
    <p class='ocr_par' dir='ltr' id='par_1_1' title="bbox 552 424 654 482">
     <span class='ocr_line' id='line_1_1' title="bbox 552 424 654 482; baseline -0.02 -1"><span class='ocrx_word' id='word_1_1' title='bbox 552 424 654 482; x_wconf 63' lang='lat'><strong>£33</strong></span> 
     </span>
    </p>
   </div>
   <div class='ocr_carea' id='block_1_2' title="bbox 550 510 2126 603">
    <p class='ocr_par' dir='ltr' id='par_1_2' title="bbox 550 510 2126 603">
     <span class='ocr_line' id='line_1_2' title="bbox 550 510 2126 603; baseline -0.016 -11"><span class='ocrx_word' id='word_1_2' title='bbox 550 535 768 593; x_wconf 77' lang='lat' dir='ltr'><strong>Abralue</strong></span> <span class='ocrx_word' id='word_1_3' title='bbox 792 549 812 588; x_wconf 87' lang='lat'><strong>:</strong></span> <span class='ocrx_word' id='word_1_4' title='bbox 842 531 985 603; x_wconf 81' lang='lat' dir='ltr'><strong>Ejiee</strong></span> <span class='ocrx_word' id='word_1_5' title='bbox 1025 527 1267 585; x_wconf 84' lang='lat' dir='ltr'><strong>ancillam</strong></span> <span class='ocrx_word' id='word_1_6' title='bbox 1299 525 1432 581; x_wconf 81' lang='lat' dir='ltr'><strong>hanc</strong></span> <span class='ocrx_word' id='word_1_7' title='bbox 1466 530 1514 578; x_wconf 86' lang='lat' dir='ltr'><strong>et</strong></span> <span class='ocrx_word' id='word_1_8' title='bbox 1544 521 1710 592; x_wconf 73' lang='lat' dir='ltr'><strong>ﬁlium</strong></span> <span class='ocrx_word' id='word_1_9' title='bbox 1738 518 1869 588; x_wconf 82' lang='lat' dir='ltr'><strong>ejus.</strong></span> <span class='ocrx_word' id='word_1_10' title='bbox 1918 510 2126 584; x_wconf 80' lang='lat' dir='ltr'><strong>Nequa-</strong></span> 
     </span>
    </p>
   </div>
   <div class='ocr_carea' id='block_1_3' title="bbox 551 603 2124 700">
    <p class='ocr_par' dir='ltr' id='par_1_3' title="bbox 551 603 2124 700">
     <span class='ocr_line' id='line_1_3' title="bbox 551 603 2124 700; baseline -0.016 -17"><span class='ocrx_word' id='word_1_11' title='bbox 551 644 700 700; x_wconf 78' lang='lat' dir='ltr'><strong>quam</strong></span> <span class='ocrx_word' id='word_1_12' title='bbox 720 624 853 680; x_wconf 84' lang='lat' dir='ltr'><strong>enim</strong></span> <span class='ocrx_word' id='word_1_13' title='bbox 881 623 1022 678; x_wconf 84' lang='lat' dir='ltr'><strong>heres</strong></span> <span class='ocrx_word' id='word_1_14' title='bbox 1037 620 1130 676; x_wconf 77' lang='lat' dir='ltr'><strong>erit</strong></span> <span class='ocrx_word' id='word_1_15' title='bbox 1154 617 1296 690; x_wconf 73' lang='lat' dir='ltr'><strong>ﬁlius</strong></span> <span class='ocrx_word' id='word_1_16' title='bbox 1318 613 1522 670; x_wconf 72' lang='lat' dir='ltr'><strong>ancilla</strong></span> <span class='ocrx_word' id='word_1_17' title='bbox 1544 626 1660 666; x_wconf 85' lang='lat' dir='ltr'><strong>cum</strong></span> <span class='ocrx_word' id='word_1_18' title='bbox 1687 608 1796 679; x_wconf 69' lang='lat' dir='ltr'><strong>ﬁlio</strong></span> <span class='ocrx_word' id='word_1_19' title='bbox 1816 603 2124 700; x_wconf 33' lang='lat' dir='ltr'><strong>meoAisaac.</strong></span> 
     </span>
    </p>
   </div>
   <div class='ocr_carea' id='block_1_4' title="bbox 553 694 2132 782">
    <p class='ocr_par' dir='ltr' id='par_1_4' title="bbox 553 694 2132 782">
     <span class='ocr_line' id='line_1_4' title="bbox 553 694 2132 782; baseline -0.02 -4"><span class='ocrx_word' id='word_1_20' title='bbox 553 694 643 782; x_wconf 63' lang='grc' dir='ltr'><strong>ἀι.</strong></span> <span class='ocrx_word' id='word_1_21' title='bbox 671 718 861 773; x_wconf 84' lang='lat' dir='ltr'><strong>Durum</strong></span> <span class='ocrx_word' id='word_1_22' title='bbox 887 721 1052 770; x_wconf 88' lang='lat' dir='ltr'><strong>autem</strong></span> <span class='ocrx_word' id='word_1_23' title='bbox 1074 708 1313 782; x_wconf 88' lang='lat' dir='ltr'><strong>apparuit</strong></span> <span class='ocrx_word' id='word_1_24' title='bbox 1333 704 1544 762; x_wconf 74' lang='lat' dir='ltr'><strong>uerbum</strong></span> <span class='ocrx_word' id='word_1_25' title='bbox 1560 705 1656 757; x_wconf 90' lang='lat' dir='ltr'><strong>hoc</strong></span> <span class='ocrx_word' id='word_1_26' title='bbox 1681 714 1852 755; x_wconf 89' lang='lat' dir='ltr'><strong>coram</strong></span> <span class='ocrx_word' id='word_1_27' title='bbox 1875 694 2132 751; x_wconf 69' lang='lat' dir='ltr'><strong>Abraham</strong></span> 
     </span>
    </p>
   </div>
   <div class='ocr_carea' id='block_1_5' title="bbox 558 788 2131 883">
    <p class='ocr_par' dir='ltr' id='par_1_5' title="bbox 558 788 2131 883">
     <span class='ocr_line' id='line_1_5' title="bbox 558 788 2131 883; baseline -0.021 -15"><span class='ocrx_word' id='word_1_28' title='bbox 558 828 712 883; x_wconf 77' lang='lat' dir='ltr'><strong>super</strong></span> <span class='ocrx_word' id='word_1_29' title='bbox 751 809 862 880; x_wconf 77' lang='lat' dir='ltr'><strong>ﬁlio</strong></span> <span class='ocrx_word' id='word_1_30' title='bbox 891 822 1001 862; x_wconf 87' lang='lat' dir='ltr'><strong>suo.</strong></span> <span class='ocrx_word' id='word_1_31' title='bbox 1033 802 1182 867; x_wconf 77' lang='lat' dir='ltr'><strong>Vide,</strong></span> <span class='ocrx_word' id='word_1_32' title='bbox 1226 799 1473 863; x_wconf 85' lang='lat' dir='ltr'><strong>obsecro,</strong></span> <span class='ocrx_word' id='word_1_33' title='bbox 1526 794 1642 859; x_wconf 91' lang='lat' dir='ltr'><strong>hic,</strong></span> <span class='ocrx_word' id='word_1_34' title='bbox 1675 791 1887 852; x_wconf 85' lang='lat' dir='ltr'><strong>dilecte,</strong></span> <span class='ocrx_word' id='word_1_35' title='bbox 1917 788 2131 842; x_wconf 77' lang='lat' dir='ltr'><strong>Sarram</strong></span> 
     </span>
    </p>
   </div>
   <div class='ocr_carea' id='block_1_6' title="bbox 555 879 2131 957">
    <p class='ocr_par' dir='ltr' id='par_1_6' title="bbox 555 879 2131 957">
     <span class='ocr_line' id='line_1_6' title="bbox 555 879 2131 957; baseline -0.018 0"><span class='ocrx_word' id='word_1_36' title='bbox 555 879 758 957; x_wconf 75' lang='lat' dir='ltr'><strong>iterum</strong></span> <span class='ocrx_word' id='word_1_37' title='bbox 780 914 882 956; x_wconf 92' lang='lat' dir='ltr'><strong>non</strong></span> <span class='ocrx_word' id='word_1_38' title='bbox 914 898 1171 953; x_wconf 81' lang='lat' dir='ltr'><strong>terentem</strong></span> <span class='ocrx_word' id='word_1_39' title='bbox 1193 890 1431 948; x_wconf 81' lang='lat' dir='ltr'><strong>lsmaelis</strong></span> <span class='ocrx_word' id='word_1_40' title='bbox 1461 886 1678 942; x_wconf 80' lang='lat' dir='ltr'><strong>nimiam</strong></span> <span class='ocrx_word' id='word_1_41' title='bbox 1708 879 1999 941; x_wconf 83' lang='lat' dir='ltr'><strong>licentiam.</strong></span> <span class='ocrx_word' id='word_1_42' title='bbox 2031 890 2131 931; x_wconf 89' lang='lat' dir='ltr'><strong>ne-</strong></span> 
     </span>
    </p>
   </div>
   <div class='ocr_carea' id='block_1_7' title="bbox 556 970 2133 1064">
    <p class='ocr_par' dir='ltr' id='par_1_7' title="bbox 556 970 2133 1064">
     <span class='ocr_line' id='line_1_7' title="bbox 556 970 2133 1064; baseline -0.018 -17"><span class='ocrx_word' id='word_1_43' title='bbox 556 1008 660 1064; x_wconf 85' lang='lat' dir='ltr'><strong>que</strong></span> <span class='ocrx_word' id='word_1_44' title='bbox 691 990 951 1061; x_wconf 81' lang='lat' dir='ltr'><strong>patienter</strong></span> <span class='ocrx_word' id='word_1_45' title='bbox 974 985 1240 1040; x_wconf 84' lang='lat' dir='ltr'><strong>sustinere</strong></span> <span class='ocrx_word' id='word_1_46' title='bbox 1282 980 1550 1035; x_wconf 78' lang='lat' dir='ltr'><strong>volentem</strong></span> <span class='ocrx_word' id='word_1_47' title='bbox 1588 973 1796 1028; x_wconf 70' lang='lat' dir='ltr'><strong>ancilla:</strong></span> <span class='ocrx_word' id='word_1_48' title='bbox 1822 970 1985 1024; x_wconf 78' lang='lat' dir='ltr'><strong>illium</strong></span> <span class='ocrx_word' id='word_1_49' title='bbox 2011 978 2133 1022; x_wconf 89' lang='lat' dir='ltr'><strong>eum</strong></span> 
     </span>
    </p>
   </div>
   <div class='ocr_carea' id='block_1_8' title="bbox 557 1060 2133 1139">
    <p class='ocr_par' dir='ltr' id='par_1_8' title="bbox 557 1060 2133 1139">
     <span class='ocr_line' id='line_1_8' title="bbox 557 1060 2133 1139; baseline -0.017 0"><span class='ocrx_word' id='word_1_50' title='bbox 557 1060 656 1139; x_wconf 75' lang='lat' dir='ltr'><strong>suo</strong></span> <span class='ocrx_word' id='word_1_51' title='bbox 691 1060 839 1136; x_wconf 81' lang='lat' dir='ltr'><strong>lsaac</strong></span> <span class='ocrx_word' id='word_1_52' title='bbox 862 1083 1291 1134; x_wconf 83' lang='lat' dir='ltr'><strong>cenversantem.</strong></span> <span class='ocrx_word' id='word_1_53' title='bbox 1319 1072 1467 1128; x_wconf 90' lang='lat' dir='ltr'><strong>Sicut</strong></span> <span class='ocrx_word' id='word_1_54' title='bbox 1495 1067 1652 1138; x_wconf 77' lang='lat' dir='ltr'><strong>igitur</strong></span> <span class='ocrx_word' id='word_1_55' title='bbox 1676 1064 1824 1136; x_wconf 90' lang='lat' dir='ltr'><strong>prius</strong></span> <span class='ocrx_word' id='word_1_56' title='bbox 1849 1060 2133 1130; x_wconf 88' lang='lat' dir='ltr'><strong>superbum</strong></span> 
     </span>
    </p>
   </div>
   <div class='ocr_carea' id='block_1_9' title="bbox 558 1151 2138 1244">
    <p class='ocr_par' dir='ltr' id='par_1_9' title="bbox 558 1151 2138 1244">
     <span class='ocr_line' id='line_1_9' title="bbox 558 1151 2138 1244; baseline -0.017 -16"><span class='ocrx_word' id='word_1_57' title='bbox 558 1172 813 1244; x_wconf 84' lang='lat' dir='ltr'><strong>spiritum</strong></span> <span class='ocrx_word' id='word_1_58' title='bbox 839 1169 981 1239; x_wconf 72' lang='lat' dir='ltr'><strong>Agar</strong></span> <span class='ocrx_word' id='word_1_59' title='bbox 1009 1164 1292 1220; x_wconf 71' lang='lat' dir='ltr'><strong>humili&#39;are</strong></span> <span class='ocrx_word' id='word_1_60' title='bbox 1321 1160 1528 1223; x_wconf 78' lang='lat' dir='ltr'><strong>volens,</strong></span> <span class='ocrx_word' id='word_1_61' title='bbox 1560 1153 1863 1212; x_wconf 80' lang='lat' dir='ltr'><strong>vehementi</strong></span> <span class='ocrx_word' id='word_1_62' title='bbox 1898 1151 2138 1244; x_wconf 75' lang='lat' dir='ltr'><strong>indigna-</strong></span> 
     </span>
    </p>
   </div>
   <div class='ocr_carea' id='block_1_10' title="bbox 559 1237 2138 1330">
    <p class='ocr_par' dir='ltr' id='par_1_10' title="bbox 559 1237 2138 1330">
     <span class='ocr_line' id='line_1_10' title="bbox 559 1237 2138 1330; baseline -0.016 -12"><span class='ocrx_word' id='word_1_63' title='bbox 559 1237 704 1318; x_wconf 81' lang='lat' dir='ltr'><strong>tione</strong></span> <span class='ocrx_word' id='word_1_64' title='bbox 733 1237 908 1330; x_wconf 74' lang='lat' dir='ltr'><strong>l&#39;ugani</strong></span> <span class='ocrx_word' id='word_1_65' title='bbox 946 1257 1082 1312; x_wconf 89' lang='lat' dir='ltr'><strong>inire</strong></span> <span class='ocrx_word' id='word_1_66' title='bbox 1105 1270 1222 1311; x_wconf 86' lang='lat' dir='ltr'><strong>eam</strong></span> <span class='ocrx_word' id='word_1_67' title='bbox 1249 1251 1423 1322; x_wconf 88' lang='lat' dir='ltr'><strong>coegit</strong></span> <span class='ocrx_word' id='word_1_68' title='bbox 1448 1268 1460 1303; x_wconf 92' lang='lat'><strong>:</strong></span> <span class='ocrx_word' id='word_1_69' title='bbox 1489 1248 1561 1303; x_wconf 88' lang='lat' dir='ltr'><strong>ita</strong></span> <span class='ocrx_word' id='word_1_70' title='bbox 1605 1255 1660 1303; x_wconf 87' lang='lat' dir='ltr'><strong>et</strong></span> <span class='ocrx_word' id='word_1_71' title='bbox 1685 1258 1827 1300; x_wconf 89' lang='lat' dir='ltr'><strong>nunc</strong></span> <span class='ocrx_word' id='word_1_72' title='bbox 1862 1241 2045 1296; x_wconf 89' lang='lat' dir='ltr'><strong>volens</strong></span> <span class='ocrx_word' id='word_1_73' title='bbox 2070 1237 2138 1294; x_wconf 90' lang='lat' dir='ltr'><strong>ab</strong></span> 
     </span>
    </p>
   </div>
   <div class='ocr_carea' id='block_1_11' title="bbox 562 1331 2136 1419">
    <p class='ocr_par' dir='ltr' id='par_1_11' title="bbox 562 1331 2136 1419">
     <span class='ocr_line' id='line_1_11' title="bbox 562 1331 2136 1419; baseline -0.013 -13"><span class='ocrx_word' id='word_1_74' title='bbox 562 1352 712 1406; x_wconf 91' lang='lat' dir='ltr'><strong>initio</strong></span> <span class='ocrx_word' id='word_1_75' title='bbox 743 1349 1036 1419; x_wconf 89' lang='lat' dir='ltr'><strong>reprimere</strong></span> <span class='ocrx_word' id='word_1_76' title='bbox 1063 1345 1298 1400; x_wconf 85' lang='lat' dir='ltr'><strong>Ismaelis</strong></span> <span class='ocrx_word' id='word_1_77' title='bbox 1325 1340 1704 1404; x_wconf 79' lang='lat' dir='ltr'><strong>temeritatem,</strong></span> <span class='ocrx_word' id='word_1_78' title='bbox 1726 1345 1783 1391; x_wconf 91' lang='lat' dir='ltr'><strong>et</strong></span> <span class='ocrx_word' id='word_1_79' title='bbox 1806 1349 1911 1390; x_wconf 89' lang='lat' dir='ltr'><strong>non</strong></span> <span class='ocrx_word' id='word_1_80' title='bbox 1936 1331 2136 1397; x_wconf 81' lang='lat' dir='ltr'><strong>ferens,</strong></span> 
     </span>
    </p>
   </div>
   <div class='ocr_carea' id='block_1_12' title="bbox 560 1425 2140 1508">
    <p class='ocr_par' dir='ltr' id='par_1_12' title="bbox 560 1425 2140 1508">
     <span class='ocr_line' id='line_1_12' title="bbox 560 1425 2140 1508; baseline -0.013 -13"><span class='ocrx_word' id='word_1_81' title='bbox 560 1455 682 1496; x_wconf 86' lang='lat' dir='ltr'><strong>cum</strong></span> <span class='ocrx_word' id='word_1_82' title='bbox 709 1439 916 1494; x_wconf 81' lang='lat' dir='ltr'><strong>videret</strong></span> <span class='ocrx_word' id='word_1_83' title='bbox 944 1449 1165 1508; x_wconf 86' lang='lat' dir='ltr'><strong>puerum</strong></span> <span class='ocrx_word' id='word_1_84' title='bbox 1194 1447 1350 1489; x_wconf 83' lang='lat' dir='ltr'><strong>suum</strong></span> <span class='ocrx_word' id='word_1_85' title='bbox 1379 1445 1411 1485; x_wconf 87' lang='lat' dir='ltr'><strong>a</strong></span> <span class='ocrx_word' id='word_1_86' title='bbox 1445 1429 1555 1484; x_wconf 90' lang='lat' dir='ltr'><strong>Deo</strong></span> <span class='ocrx_word' id='word_1_87' title='bbox 1583 1426 1688 1482; x_wconf 84' lang='lat' dir='ltr'><strong>sibi</strong></span> <span class='ocrx_word' id='word_1_88' title='bbox 1721 1425 1975 1480; x_wconf 86' lang='lat' dir='ltr'><strong>donatum</strong></span> <span class='ocrx_word' id='word_1_89' title='bbox 2017 1434 2140 1477; x_wconf 88' lang='lat' dir='ltr'><strong>cum</strong></span> 
     </span>
    </p>
   </div>
   <div class='ocr_carea' id='block_1_13' title="bbox 560 1511 2137 1599">
    <p class='ocr_par' dir='ltr' id='par_1_13' title="bbox 560 1511 2137 1599">
     <span class='ocr_line' id='line_1_13' title="bbox 560 1511 2137 1599; baseline -0.012 -16"><span class='ocrx_word' id='word_1_90' title='bbox 560 1530 767 1585; x_wconf 83' lang='lat' dir='ltr'><strong>ancilhe</strong></span> <span class='ocrx_word' id='word_1_91' title='bbox 787 1526 1115 1599; x_wconf 63' lang='lat' dir='ltr'><strong>Egyptiaea:</strong></span> <span class='ocrx_word' id='word_1_92' title='bbox 1134 1522 1246 1577; x_wconf 82' lang='lat' dir='ltr'><strong>lilio</strong></span> <span class='ocrx_word' id='word_1_93' title='bbox 1269 1520 1427 1575; x_wconf 86' lang='lat' dir='ltr'><strong>simul</strong></span> <span class='ocrx_word' id='word_1_94' title='bbox 1458 1517 1683 1580; x_wconf 86' lang='lat' dir='ltr'><strong>versari,</strong></span> <span class='ocrx_word' id='word_1_95' title='bbox 1710 1515 1839 1572; x_wconf 80' lang='lat' dir='ltr'><strong>dicit</strong></span> <span class='ocrx_word' id='word_1_96' title='bbox 1866 1511 2094 1569; x_wconf 67' lang='lat' dir='ltr'><strong>Abrahae</strong></span> <span class='ocrx_word' id='word_1_97' title='bbox 2122 1528 2137 1564; x_wconf 90' lang='lat'><strong>:</strong></span> 
     </span>
    </p>
   </div>
   <div class='ocr_carea' id='block_1_14' title="bbox 566 1601 2142 1690">
    <p class='ocr_par' dir='ltr' id='par_1_14' title="bbox 566 1601 2142 1690">
     <span class='ocr_line' id='line_1_14' title="bbox 566 1601 2142 1690; baseline -0.013 -15"><span class='ocrx_word' id='word_1_98' title='bbox 566 1620 712 1690; x_wconf 69' lang='lat' dir='ltr'><strong>l&#39;Ijice</strong></span> <span class='ocrx_word' id='word_1_99' title='bbox 734 1615 986 1671; x_wconf 79' lang='lat' dir='ltr'><strong>ancillam</strong></span> <span class='ocrx_word' id='word_1_100' title='bbox 1018 1624 1063 1669; x_wconf 87' lang='lat' dir='ltr'><strong>et</strong></span> <span class='ocrx_word' id='word_1_101' title='bbox 1089 1613 1254 1684; x_wconf 75' lang='lat' dir='ltr'><strong>ﬁlium</strong></span> <span class='ocrx_word' id='word_1_102' title='bbox 1276 1611 1402 1678; x_wconf 81' lang='lat' dir='ltr'><strong>eius.</strong></span> <span class='ocrx_word' id='word_1_103' title='bbox 1434 1608 1554 1663; x_wconf 86' lang='lat' dir='ltr'><strong>Non</strong></span> <span class='ocrx_word' id='word_1_104' title='bbox 1575 1607 1710 1662; x_wconf 88' lang='lat' dir='ltr'><strong>enim</strong></span> <span class='ocrx_word' id='word_1_105' title='bbox 1728 1605 1819 1660; x_wconf 90' lang='lat' dir='ltr'><strong>erit</strong></span> <span class='ocrx_word' id='word_1_106' title='bbox 1839 1604 1983 1658; x_wconf 87' lang='lat' dir='ltr'><strong>heres</strong></span> <span class='ocrx_word' id='word_1_107' title='bbox 2006 1601 2142 1671; x_wconf 75' lang='lat' dir='ltr'><strong>ﬁlius</strong></span> 
     </span>
    </p>
   </div>
   <div class='ocr_carea' id='block_1_15' title="bbox 566 1699 2142 1778">
    <p class='ocr_par' dir='ltr' id='par_1_15' title="bbox 566 1699 2142 1778">
     <span class='ocr_line' id='line_1_15' title="bbox 566 1699 2142 1778; baseline -0.012 -12"><span class='ocrx_word' id='word_1_108' title='bbox 566 1711 769 1766; x_wconf 69' lang='lat' dir='ltr'><strong>ancilla</strong></span> <span class='ocrx_word' id='word_1_109' title='bbox 791 1709 942 1778; x_wconf 85' lang='lat' dir='ltr'><strong>hujus</strong></span> <span class='ocrx_word' id='word_1_110' title='bbox 968 1722 1082 1762; x_wconf 87' lang='lat' dir='ltr'><strong>cum</strong></span> <span class='ocrx_word' id='word_1_111' title='bbox 1107 1705 1217 1776; x_wconf 78' lang='lat' dir='ltr'><strong>ﬁlio</strong></span> <span class='ocrx_word' id='word_1_112' title='bbox 1239 1719 1371 1758; x_wconf 83' lang='lat' dir='ltr'><strong>meo.</strong></span> <span class='ocrx_word' id='word_1_113' title='bbox 1393 1702 1655 1770; x_wconf 82' lang='lat' dir='ltr'><strong>Quoniam</strong></span> <span class='ocrx_word' id='word_1_114' title='bbox 1674 1707 1730 1754; x_wconf 88' lang='lat' dir='ltr'><strong>et</strong></span> <span class='ocrx_word' id='word_1_115' title='bbox 1754 1712 1813 1753; x_wconf 89' lang='lat' dir='ltr'><strong>se</strong></span> <span class='ocrx_word' id='word_1_116' title='bbox 1833 1699 1885 1751; x_wconf 89' lang='lat' dir='ltr'><strong>in</strong></span> <span class='ocrx_word' id='word_1_117' title='bbox 1907 1705 2142 1751; x_wconf 87' lang='lat' dir='ltr'><strong>extrema</strong></span> 
     </span>
    </p>
   </div>
   <div class='ocr_carea' id='block_1_16' title="bbox 567 1785 2144 1864">
    <p class='ocr_par' dir='ltr' id='par_1_16' title="bbox 567 1785 2144 1864">
     <span class='ocr_line' id='line_1_16' title="bbox 567 1785 2144 1864; baseline -0.013 -6"><span class='ocrx_word' id='word_1_118' title='bbox 567 1811 725 1858; x_wconf 69' lang='lat' dir='ltr'><strong>aetate</strong></span> <span class='ocrx_word' id='word_1_119' title='bbox 743 1814 863 1855; x_wconf 89' lang='lat' dir='ltr'><strong>esse</strong></span> <span class='ocrx_word' id='word_1_120' title='bbox 886 1797 1116 1864; x_wconf 79' lang='lat' dir='ltr'><strong>videbat,</strong></span> <span class='ocrx_word' id='word_1_121' title='bbox 1139 1802 1192 1848; x_wconf 86' lang='lat' dir='ltr'><strong>et</strong></span> <span class='ocrx_word' id='word_1_122' title='bbox 1213 1791 1567 1863; x_wconf 86' lang='lat' dir='ltr'><strong>patriarcham</strong></span> <span class='ocrx_word' id='word_1_123' title='bbox 1587 1802 1796 1860; x_wconf 88' lang='lat' dir='ltr'><strong>quoque</strong></span> <span class='ocrx_word' id='word_1_124' title='bbox 1813 1785 2144 1855; x_wconf 89' lang='lat' dir='ltr'><strong>decrepitum</strong></span> 
     </span>
    </p>
   </div>
   <div class='ocr_carea' id='block_1_17' title="bbox 568 1879 2143 1963">
    <p class='ocr_par' dir='ltr' id='par_1_17' title="bbox 568 1879 2143 1963">
     <span class='ocr_line' id='line_1_17' title="bbox 568 1879 2143 1963; baseline -0.009 -17"><span class='ocrx_word' id='word_1_125' title='bbox 568 1895 747 1963; x_wconf 89' lang='lat' dir='ltr'><strong>(erant</strong></span> <span class='ocrx_word' id='word_1_126' title='bbox 767 1889 907 1945; x_wconf 91' lang='lat' dir='ltr'><strong>enim</strong></span> <span class='ocrx_word' id='word_1_127' title='bbox 935 1888 1091 1942; x_wconf 87' lang='lat' dir='ltr'><strong>ambo</strong></span> <span class='ocrx_word' id='word_1_128' title='bbox 1110 1928 1124 1952; x_wconf 92' lang='lat'><strong>,</strong></span> <span class='ocrx_word' id='word_1_129' title='bbox 1159 1885 1348 1955; x_wconf 88' lang='lat' dir='ltr'><strong>inquit,</strong></span> <span class='ocrx_word' id='word_1_130' title='bbox 1380 1883 1522 1952; x_wconf 86' lang='lat' dir='ltr'><strong>pleni</strong></span> <span class='ocrx_word' id='word_1_131' title='bbox 1552 1879 1816 1950; x_wconf 82' lang='lat' dir='ltr'><strong>dierum),</strong></span> <span class='ocrx_word' id='word_1_132' title='bbox 1846 1879 2143 1948; x_wconf 87' lang='lat' dir='ltr'><strong>suspicans,</strong></span> 
     </span>
    </p>
   </div>
   <div class='ocr_carea' id='block_1_18' title="bbox 571 1968 2146 2052">
    <p class='ocr_par' dir='ltr' id='par_1_18' title="bbox 571 1968 2146 2052">
     <span class='ocr_line' id='line_1_18' title="bbox 571 1968 2146 2052; baseline -0.011 -13"><span class='ocrx_word' id='word_1_133' title='bbox 571 1985 615 2040; x_wconf 83' lang='lat' dir='ltr'><strong>si</strong></span> <span class='ocrx_word' id='word_1_134' title='bbox 645 1983 781 2038; x_wconf 81' lang='lat' dir='ltr'><strong>forte</strong></span> <span class='ocrx_word' id='word_1_135' title='bbox 808 1990 1027 2052; x_wconf 85' lang='lat' dir='ltr'><strong>repente</strong></span> <span class='ocrx_word' id='word_1_136' title='bbox 1052 1985 1409 2042; x_wconf 86' lang='lat' dir='ltr'><strong>morerentur,</strong></span> <span class='ocrx_word' id='word_1_137' title='bbox 1453 1990 1518 2029; x_wconf 92' lang='lat' dir='ltr'><strong>ne</strong></span> <span class='ocrx_word' id='word_1_138' title='bbox 1544 1972 1732 2028; x_wconf 87' lang='lat' dir='ltr'><strong>lsmael</strong></span> <span class='ocrx_word' id='word_1_139' title='bbox 1752 2011 1768 2036; x_wconf 93' lang='lat'><strong>,</strong></span> <span class='ocrx_word' id='word_1_140' title='bbox 1799 1985 1865 2026; x_wconf 91' lang='lat' dir='ltr'><strong>eo</strong></span> <span class='ocrx_word' id='word_1_141' title='bbox 1902 1968 2042 2040; x_wconf 88' lang='lat' dir='ltr'><strong>quod</strong></span> <span class='ocrx_word' id='word_1_142' title='bbox 2081 1982 2146 2023; x_wconf 90' lang='lat' dir='ltr'><strong>ex</strong></span> 
     </span>
    </p>
   </div>
   <div class='ocr_carea' id='block_1_19' title="bbox 575 2059 2148 2146">
    <p class='ocr_par' dir='ltr' id='par_1_19' title="bbox 575 2059 2148 2146">
     <span class='ocr_line' id='line_1_19' title="bbox 575 2059 2148 2146; baseline -0.011 -18"><span class='ocrx_word' id='word_1_143' title='bbox 575 2073 887 2146; x_wconf 76' lang='lat' dir='ltr'><strong>patriarcha:</strong></span> <span class='ocrx_word' id='word_1_144' title='bbox 915 2071 1197 2125; x_wconf 79' lang='lat' dir='ltr'><strong>concubitu</strong></span> <span class='ocrx_word' id='word_1_145' title='bbox 1227 2082 1382 2122; x_wconf 86' lang='lat' dir='ltr'><strong>natus</strong></span> <span class='ocrx_word' id='word_1_146' title='bbox 1409 2074 1584 2130; x_wconf 89' lang='lat' dir='ltr'><strong>esset,</strong></span> <span class='ocrx_word' id='word_1_147' title='bbox 1618 2063 1757 2118; x_wconf 84' lang='lat' dir='ltr'><strong>sein</strong></span> <span class='ocrx_word' id='word_1_148' title='bbox 1797 2060 1965 2132; x_wconf 83' lang='lat' dir='ltr'><strong>patris</strong></span> <span class='ocrx_word' id='word_1_149' title='bbox 1991 2059 2148 2114; x_wconf 84' lang='lat' dir='ltr'><strong>here-</strong></span> 
     </span>
    </p>
   </div>
   <div class='ocr_carea' id='block_1_20' title="bbox 569 2149 2147 2228">
    <p class='ocr_par' dir='ltr' id='par_1_20' title="bbox 569 2149 2147 2228">
     <span class='ocr_line' id='line_1_20' title="bbox 569 2149 2147 2228; baseline -0.012 -6"><span class='ocrx_word' id='word_1_150' title='bbox 569 2167 789 2222; x_wconf 81' lang='lat' dir='ltr'><strong>ditatem</strong></span> <span class='ocrx_word' id='word_1_151' title='bbox 817 2162 1123 2223; x_wconf 85' lang='lat' dir='ltr'><strong>intrudere.</strong></span> <span class='ocrx_word' id='word_1_152' title='bbox 1154 2159 1569 2228; x_wconf 81' lang='lat' dir='ltr'><strong>participemque</strong></span> <span class='ocrx_word' id='word_1_153' title='bbox 1595 2164 1648 2209; x_wconf 93' lang='lat' dir='ltr'><strong>et</strong></span> <span class='ocrx_word' id='word_1_154' title='bbox 1673 2153 1929 2223; x_wconf 74' lang='lat' dir='ltr'><strong>mqualem</strong></span> <span class='ocrx_word' id='word_1_155' title='bbox 1968 2149 2147 2204; x_wconf 88' lang='lat' dir='ltr'><strong>lsaaco</strong></span> 
     </span>
    </p>
   </div>
   <div class='ocr_carea' id='block_1_21' title="bbox 572 2242 2151 2317">
    <p class='ocr_par' dir='ltr' id='par_1_21' title="bbox 572 2242 2151 2317">
     <span class='ocr_line' id='line_1_21' title="bbox 572 2242 2151 2317; baseline -0.011 -6"><span class='ocrx_word' id='word_1_156' title='bbox 572 2256 689 2312; x_wconf 86' lang='lat' dir='ltr'><strong>lleri</strong></span> <span class='ocrx_word' id='word_1_157' title='bbox 735 2260 963 2309; x_wconf 83' lang='lat' dir='ltr'><strong>tentaret</strong></span> <span class='ocrx_word' id='word_1_158' title='bbox 1003 2269 1018 2306; x_wconf 91' lang='lat'><strong>:</strong></span> <span class='ocrx_word' id='word_1_159' title='bbox 1061 2249 1257 2304; x_wconf 88' lang='lat' dir='ltr'><strong>idcirco</strong></span> <span class='ocrx_word' id='word_1_160' title='bbox 1295 2247 1441 2313; x_wconf 86' lang='lat' dir='ltr'><strong>dicit,</strong></span> <span class='ocrx_word' id='word_1_161' title='bbox 1484 2244 1633 2317; x_wconf 86' lang='lat' dir='ltr'><strong>Ejice</strong></span> <span class='ocrx_word' id='word_1_162' title='bbox 1669 2243 1909 2298; x_wconf 83' lang='lat' dir='ltr'><strong>ancillam</strong></span> <span class='ocrx_word' id='word_1_163' title='bbox 1951 2242 2068 2296; x_wconf 82' lang='lat' dir='ltr'><strong>hinc</strong></span> <span class='ocrx_word' id='word_1_164' title='bbox 2103 2249 2151 2296; x_wconf 88' lang='lat' dir='ltr'><strong>et</strong></span> 
     </span>
    </p>
   </div>
   <div class='ocr_carea' id='block_1_22' title="bbox 573 2332 2151 2415">
    <p class='ocr_par' dir='ltr' id='par_1_22' title="bbox 573 2332 2151 2415">
     <span class='ocr_line' id='line_1_22' title="bbox 573 2332 2151 2415; baseline -0.009 -16"><span class='ocrx_word' id='word_1_165' title='bbox 573 2346 737 2415; x_wconf 76' lang='lat' dir='ltr'><strong>ﬁlium</strong></span> <span class='ocrx_word' id='word_1_166' title='bbox 773 2345 902 2414; x_wconf 89' lang='lat' dir='ltr'><strong>ejus.</strong></span> <span class='ocrx_word' id='word_1_167' title='bbox 948 2341 1143 2408; x_wconf 80' lang='lat' dir='ltr'><strong>Discat,</strong></span> <span class='ocrx_word' id='word_1_168' title='bbox 1182 2339 1380 2409; x_wconf 79' lang='lat' dir='ltr'><strong>inquit,</strong></span> <span class='ocrx_word' id='word_1_169' title='bbox 1416 2337 1526 2408; x_wconf 86' lang='lat' dir='ltr'><strong>jam</strong></span> <span class='ocrx_word' id='word_1_170' title='bbox 1568 2336 1699 2391; x_wconf 87' lang='lat' dir='ltr'><strong>nihil</strong></span> <span class='ocrx_word' id='word_1_171' title='bbox 1733 2348 2016 2390; x_wconf 90' lang='lat' dir='ltr'><strong>commune</strong></span> <span class='ocrx_word' id='word_1_172' title='bbox 2052 2332 2151 2386; x_wconf 87' lang='lat' dir='ltr'><strong>ha-</strong></span> 
     </span>
    </p>
   </div>
   <div class='ocr_carea' id='block_1_23' title="bbox 573 2424 2154 2493">
    <p class='ocr_par' dir='ltr' id='par_1_23' title="bbox 573 2424 2154 2493">
     <span class='ocr_line' id='line_1_23' title="bbox 573 2424 2154 2493; baseline -0.009 -1"><span class='ocrx_word' id='word_1_173' title='bbox 573 2437 804 2492; x_wconf 87' lang='lat' dir='ltr'><strong>biturum</strong></span> <span class='ocrx_word' id='word_1_174' title='bbox 844 2433 1014 2488; x_wconf 82' lang='lat' dir='ltr'><strong>tilium</strong></span> <span class='ocrx_word' id='word_1_175' title='bbox 1042 2431 1247 2486; x_wconf 74' lang='lat' dir='ltr'><strong>ancilla:</strong></span> <span class='ocrx_word' id='word_1_176' title='bbox 1280 2444 1398 2484; x_wconf 88' lang='lat' dir='ltr'><strong>eum</strong></span> <span class='ocrx_word' id='word_1_177' title='bbox 1449 2429 1563 2482; x_wconf 87' lang='lat' dir='ltr'><strong>lilio</strong></span> <span class='ocrx_word' id='word_1_178' title='bbox 1599 2441 1718 2482; x_wconf 90' lang='lat' dir='ltr'><strong>meo</strong></span> <span class='ocrx_word' id='word_1_179' title='bbox 1758 2425 1920 2481; x_wconf 77' lang='lat' dir='ltr'><strong>lsaac.</strong></span> <span class='ocrx_word' id='word_1_180' title='bbox 1969 2424 2154 2493; x_wconf 83' lang='lat' dir='ltr'><strong>Neque</strong></span> 
     </span>
    </p>
   </div>
   <div class='ocr_carea' id='block_1_24' title="bbox 573 2513 2152 2593">
    <p class='ocr_par' dir='ltr' id='par_1_24' title="bbox 573 2513 2152 2593">
     <span class='ocr_line' id='line_1_24' title="bbox 573 2513 2152 2593; baseline -0.009 -13"><span class='ocrx_word' id='word_1_181' title='bbox 573 2524 716 2580; x_wconf 89' lang='lat' dir='ltr'><strong>enim</strong></span> <span class='ocrx_word' id='word_1_182' title='bbox 752 2538 958 2593; x_wconf 82' lang='lat' dir='ltr'><strong>:equum</strong></span> <span class='ocrx_word' id='word_1_183' title='bbox 998 2531 1080 2576; x_wconf 86' lang='lat' dir='ltr'><strong>est</strong></span> <span class='ocrx_word' id='word_1_184' title='bbox 1117 2532 1172 2574; x_wconf 93' lang='lat' dir='ltr'><strong>ut</strong></span> <span class='ocrx_word' id='word_1_185' title='bbox 1213 2520 1349 2572; x_wconf 84' lang='lat' dir='ltr'><strong>titius</strong></span> <span class='ocrx_word' id='word_1_186' title='bbox 1387 2515 1655 2588; x_wconf 61' lang='lat' dir='ltr'><strong>Egyptian.</strong></span> <span class='ocrx_word' id='word_1_187' title='bbox 1692 2525 1746 2570; x_wconf 90' lang='lat' dir='ltr'><strong>et</strong></span> <span class='ocrx_word' id='word_1_188' title='bbox 1780 2513 1987 2570; x_wconf 80' lang='lat' dir='ltr'><strong>ancillae</strong></span> <span class='ocrx_word' id='word_1_189' title='bbox 2031 2528 2152 2567; x_wconf 91' lang='lat' dir='ltr'><strong>cum</strong></span> 
     </span>
    </p>
   </div>
   <div class='ocr_carea' id='block_1_25' title="bbox 574 2606 2155 2672">
    <p class='ocr_par' dir='ltr' id='par_1_25' title="bbox 574 2606 2155 2672">
     <span class='ocr_line' id='line_1_25' title="bbox 574 2606 2155 2672; baseline -0.007 -1"><span class='ocrx_word' id='word_1_190' title='bbox 574 2616 687 2672; x_wconf 78' lang='lat' dir='ltr'><strong>ﬁlio</strong></span> <span class='ocrx_word' id='word_1_191' title='bbox 714 2629 834 2670; x_wconf 89' lang='lat' dir='ltr'><strong>meo</strong></span> <span class='ocrx_word' id='word_1_192' title='bbox 868 2623 922 2669; x_wconf 91' lang='lat' dir='ltr'><strong>et</strong></span> <span class='ocrx_word' id='word_1_193' title='bbox 949 2611 1180 2668; x_wconf 74' lang='lat' dir='ltr'><strong>domina:</strong></span> <span class='ocrx_word' id='word_1_194' title='bbox 1215 2610 1374 2665; x_wconf 88' lang='lat' dir='ltr'><strong>simul</strong></span> <span class='ocrx_word' id='word_1_195' title='bbox 1408 2618 1667 2664; x_wconf 77' lang='lat' dir='ltr'><strong>versetur.</strong></span> <span class='ocrx_word' id='word_1_196' title='bbox 1698 2606 1962 2663; x_wconf 69' lang='lat' dir='ltr'><strong>Cmterum</strong></span> <span class='ocrx_word' id='word_1_197' title='bbox 1996 2606 2155 2662; x_wconf 73' lang='lat' dir='ltr'><strong>Sarra</strong></span> 
     </span>
    </p>
   </div>
   <div class='ocr_carea' id='block_1_26' title="bbox 575 2696 2157 2768">
    <p class='ocr_par' dir='ltr' id='par_1_26' title="bbox 575 2696 2157 2768">
     <span class='ocr_line' id='line_1_26' title="bbox 575 2696 2157 2768; baseline -0.008 -7"><span class='ocrx_word' id='word_1_198' title='bbox 575 2723 682 2762; x_wconf 90' lang='lat' dir='ltr'><strong>non</strong></span> <span class='ocrx_word' id='word_1_199' title='bbox 739 2704 857 2760; x_wconf 87' lang='lat' dir='ltr'><strong>sine</strong></span> <span class='ocrx_word' id='word_1_200' title='bbox 901 2716 1062 2759; x_wconf 86' lang='lat' dir='ltr'><strong>causa</strong></span> <span class='ocrx_word' id='word_1_201' title='bbox 1104 2717 1219 2756; x_wconf 90' lang='lat' dir='ltr'><strong>rem</strong></span> <span class='ocrx_word' id='word_1_202' title='bbox 1267 2700 1404 2754; x_wconf 87' lang='lat' dir='ltr'><strong>hanc</strong></span> <span class='ocrx_word' id='word_1_203' title='bbox 1431 2698 1571 2768; x_wconf 85' lang='lat' dir='ltr'><strong>egit,</strong></span> <span class='ocrx_word' id='word_1_204' title='bbox 1616 2697 1714 2753; x_wconf 83' lang='lat' dir='ltr'><strong>sed</strong></span> <span class='ocrx_word' id='word_1_205' title='bbox 1756 2696 1878 2767; x_wconf 79' lang='lat' dir='ltr'><strong>jure</strong></span> <span class='ocrx_word' id='word_1_206' title='bbox 1931 2712 1994 2751; x_wconf 90' lang='lat' dir='ltr'><strong>ac</strong></span> <span class='ocrx_word' id='word_1_207' title='bbox 2041 2710 2157 2750; x_wconf 89' lang='lat' dir='ltr'><strong>me-</strong></span> 
     </span>
    </p>
   </div>
   <div class='ocr_carea' id='block_1_27' title="bbox 577 2785 2159 2866">
    <p class='ocr_par' dir='ltr' id='par_1_27' title="bbox 577 2785 2159 2866">
     <span class='ocr_line' id='line_1_27' title="bbox 577 2785 2159 2866; baseline -0.009 -12"><span class='ocrx_word' id='word_1_208' title='bbox 577 2799 701 2866; x_wconf 89' lang='lat' dir='ltr'><strong>rito,</strong></span> <span class='ocrx_word' id='word_1_209' title='bbox 742 2808 899 2866; x_wconf 83' lang='lat' dir='ltr'><strong>atque</strong></span> <span class='ocrx_word' id='word_1_210' title='bbox 935 2785 1016 2849; x_wconf 78' lang='lat' dir='ltr'><strong>ita</strong></span> <span class='ocrx_word' id='word_1_211' title='bbox 1052 2800 1434 2863; x_wconf 86' lang='lat' dir='ltr'><strong>congruenter,</strong></span> <span class='ocrx_word' id='word_1_212' title='bbox 1478 2799 1534 2844; x_wconf 91' lang='lat' dir='ltr'><strong>ut</strong></span> <span class='ocrx_word' id='word_1_213' title='bbox 1571 2798 1628 2845; x_wconf 90' lang='lat' dir='ltr'><strong>et</strong></span> <span class='ocrx_word' id='word_1_214' title='bbox 1660 2788 1801 2844; x_wconf 87' lang='lat' dir='ltr'><strong>Deus</strong></span> <span class='ocrx_word' id='word_1_215' title='bbox 1843 2786 2159 2844; x_wconf 80' lang='lat' dir='ltr'><strong>collaudarit</strong></span> 
     </span>
    </p>
   </div>
   <div class='ocr_carea' id='block_1_28' title="bbox 575 2875 2154 2958">
    <p class='ocr_par' dir='ltr' id='par_1_28' title="bbox 575 2875 2154 2958">
     <span class='ocr_line' id='line_1_28' title="bbox 575 2875 2154 2958; baseline -0.008 -14"><span class='ocrx_word' id='word_1_216' title='bbox 575 2888 692 2958; x_wconf 84' lang='lat' dir='ltr'><strong>ejus</strong></span> <span class='ocrx_word' id='word_1_217' title='bbox 743 2886 902 2941; x_wconf 88' lang='lat' dir='ltr'><strong>dicta.</strong></span> <span class='ocrx_word' id='word_1_218' title='bbox 953 2881 1258 2938; x_wconf 81' lang='lat' dir='ltr'><strong>Patriarcha</strong></span> <span class='ocrx_word' id='word_1_219' title='bbox 1300 2896 1430 2935; x_wconf 85' lang='lat' dir='ltr'><strong>vero</strong></span> <span class='ocrx_word' id='word_1_220' title='bbox 1471 2880 1608 2934; x_wconf 89' lang='lat' dir='ltr'><strong>bene</strong></span> <span class='ocrx_word' id='word_1_221' title='bbox 1650 2878 1872 2933; x_wconf 68' lang='lat' dir='ltr'><strong>allectus</strong></span> <span class='ocrx_word' id='word_1_222' title='bbox 1914 2892 2040 2949; x_wconf 85' lang='lat' dir='ltr'><strong>erga</strong></span> <span class='ocrx_word' id='word_1_223' title='bbox 2075 2875 2154 2932; x_wconf 82' lang='lat' dir='ltr'><strong>ls-</strong></span> 
     </span>
    </p>
   </div>
   <div class='ocr_carea' id='block_1_29' title="bbox 582 2971 2154 3044">
    <p class='ocr_par' dir='ltr' id='par_1_29' title="bbox 582 2971 2154 3044">
     <span class='ocr_line' id='line_1_29' title="bbox 582 2971 2154 3044; baseline -0.008 -9"><span class='ocrx_word' id='word_1_224' title='bbox 582 2980 832 3043; x_wconf 88' lang='lat' dir='ltr'><strong>maelem,</strong></span> <span class='ocrx_word' id='word_1_225' title='bbox 864 2977 1086 3033; x_wconf 76' lang='lat' dir='ltr'><strong>moleste</strong></span> <span class='ocrx_word' id='word_1_226' title='bbox 1110 2974 1405 3044; x_wconf 80' lang='lat' dir='ltr'><strong>accipiebat</strong></span> <span class='ocrx_word' id='word_1_227' title='bbox 1434 2988 1553 3042; x_wconf 72' lang='lat' dir='ltr'><strong>qua:</strong></span> <span class='ocrx_word' id='word_1_228' title='bbox 1581 2987 1610 3026; x_wconf 88' lang='lat' dir='ltr'><strong>a</strong></span> <span class='ocrx_word' id='word_1_229' title='bbox 1636 2971 1795 3027; x_wconf 88' lang='lat' dir='ltr'><strong>Sarra</strong></span> <span class='ocrx_word' id='word_1_230' title='bbox 1823 2971 2154 3026; x_wconf 83' lang='lat' dir='ltr'><strong>dicebantur.</strong></span> 
     </span>
    </p>
   </div>
   <div class='ocr_carea' id='block_1_30' title="bbox 580 3064 2160 3137">
    <p class='ocr_par' dir='ltr' id='par_1_30' title="bbox 580 3064 2160 3137">
     <span class='ocr_line' id='line_1_30' title="bbox 580 3064 2160 3137; baseline -0.006 -11"><span class='ocrx_word' id='word_1_231' title='bbox 580 3071 782 3126; x_wconf 86' lang='lat' dir='ltr'><strong>Durum</strong></span> <span class='ocrx_word' id='word_1_232' title='bbox 835 3068 1008 3134; x_wconf 85' lang='lat' dir='ltr'><strong>enim,</strong></span> <span class='ocrx_word' id='word_1_233' title='bbox 1056 3067 1257 3137; x_wconf 87' lang='lat' dir='ltr'><strong>inquit,</strong></span> <span class='ocrx_word' id='word_1_234' title='bbox 1311 3067 1550 3137; x_wconf 81' lang='lat' dir='ltr'><strong>apparuit</strong></span> <span class='ocrx_word' id='word_1_235' title='bbox 1601 3064 1802 3118; x_wconf 78' lang='lat' dir='ltr'><strong>verbum</strong></span> <span class='ocrx_word' id='word_1_236' title='bbox 1845 3066 1941 3119; x_wconf 88' lang='lat' dir='ltr'><strong>hoc</strong></span> <span class='ocrx_word' id='word_1_237' title='bbox 1989 3078 2160 3117; x_wconf 86' lang='lat' dir='ltr'><strong>coram</strong></span> 
     </span>
    </p>
   </div>
   <div class='ocr_carea' id='block_1_31' title="bbox 579 3153 2158 3226">
    <p class='ocr_par' dir='ltr' id='par_1_31' title="bbox 579 3153 2158 3226">
     <span class='ocr_line' id='line_1_31' title="bbox 579 3153 2158 3226; baseline -0.007 -9"><span class='ocrx_word' id='word_1_238' title='bbox 579 3162 838 3217; x_wconf 75' lang='lat' dir='ltr'><strong>Abraham</strong></span> <span class='ocrx_word' id='word_1_239' title='bbox 881 3158 945 3212; x_wconf 91' lang='lat' dir='ltr'><strong>de</strong></span> <span class='ocrx_word' id='word_1_240' title='bbox 973 3155 1082 3226; x_wconf 78' lang='lat' dir='ltr'><strong>[ilio</strong></span> <span class='ocrx_word' id='word_1_241' title='bbox 1115 3173 1225 3210; x_wconf 89' lang='lat' dir='ltr'><strong>suo.</strong></span> <span class='ocrx_word' id='word_1_242' title='bbox 1258 3155 1441 3226; x_wconf 80' lang='lat' dir='ltr'><strong>Neque</strong></span> <span class='ocrx_word' id='word_1_243' title='bbox 1467 3157 1608 3210; x_wconf 91' lang='lat' dir='ltr'><strong>enim</strong></span> <span class='ocrx_word' id='word_1_244' title='bbox 1655 3153 1721 3209; x_wconf 88' lang='lat' dir='ltr'><strong>de</strong></span> <span class='ocrx_word' id='word_1_245' title='bbox 1750 3155 1892 3222; x_wconf 85' lang='lat' dir='ltr'><strong>Agar</strong></span> <span class='ocrx_word' id='word_1_246' title='bbox 1931 3153 2158 3206; x_wconf 88' lang='lat' dir='ltr'><strong>multum</strong></span> 
     </span>
    </p>
   </div>
   <div class='ocr_carea' id='block_1_32' title="bbox 579 3243 2159 3316">
    <p class='ocr_par' dir='ltr' id='par_1_32' title="bbox 579 3243 2159 3316">
     <span class='ocr_line' id='line_1_32' title="bbox 579 3243 2159 3316; baseline -0.008 -9"><span class='ocrx_word' id='word_1_247' title='bbox 579 3250 842 3307; x_wconf 83' lang='lat' dir='ltr'><strong>sollicitus</strong></span> <span class='ocrx_word' id='word_1_248' title='bbox 866 3257 1003 3310; x_wconf 85' lang='lat' dir='ltr'><strong>erat,</strong></span> <span class='ocrx_word' id='word_1_249' title='bbox 1040 3246 1134 3302; x_wconf 85' lang='lat' dir='ltr'><strong>sed</strong></span> <span class='ocrx_word' id='word_1_250' title='bbox 1172 3260 1298 3316; x_wconf 83' lang='lat' dir='ltr'><strong>erga</strong></span> <span class='ocrx_word' id='word_1_251' title='bbox 1337 3260 1557 3315; x_wconf 89' lang='lat' dir='ltr'><strong>puerum</strong></span> <span class='ocrx_word' id='word_1_252' title='bbox 1589 3244 1662 3298; x_wconf 89' lang='lat' dir='ltr'><strong>ita</strong></span> <span class='ocrx_word' id='word_1_253' title='bbox 1691 3243 2042 3307; x_wconf 81' lang='lat' dir='ltr'><strong>alticiebatur,</strong></span> <span class='ocrx_word' id='word_1_254' title='bbox 2073 3250 2159 3296; x_wconf 86' lang='lat' dir='ltr'><strong>ut-</strong></span> 
     </span>
    </p>
   </div>
   <div class='ocr_carea' id='block_1_33' title="bbox 582 3336 2160 3410">
    <p class='ocr_par' dir='ltr' id='par_1_33' title="bbox 582 3336 2160 3410">
     <span class='ocr_line' id='line_1_33' title="bbox 582 3336 2160 3410; baseline -0.003 -13"><span class='ocrx_word' id='word_1_255' title='bbox 582 3351 711 3408; x_wconf 86' lang='lat' dir='ltr'><strong>pote</strong></span> <span class='ocrx_word' id='word_1_256' title='bbox 735 3340 841 3410; x_wconf 80' lang='lat' dir='ltr'><strong>iam</strong></span> <span class='ocrx_word' id='word_1_257' title='bbox 867 3339 1283 3394; x_wconf 89' lang='lat' dir='ltr'><strong>adolescentem.</strong></span> <span class='ocrx_word' id='word_1_258' title='bbox 1313 3336 1420 3392; x_wconf 88' lang='lat' dir='ltr'><strong>Sed</strong></span> <span class='ocrx_word' id='word_1_259' title='bbox 1447 3337 1725 3391; x_wconf 84' lang='lat' dir='ltr'><strong>considera</strong></span> <span class='ocrx_word' id='word_1_260' title='bbox 1746 3378 1761 3401; x_wconf 93' lang='lat'><strong>,</strong></span> <span class='ocrx_word' id='word_1_261' title='bbox 1788 3336 2039 3401; x_wconf 86' lang='lat' dir='ltr'><strong>obsecro,</strong></span> <span class='ocrx_word' id='word_1_262' title='bbox 2075 3336 2160 3392; x_wconf 93' lang='lat' dir='ltr'><strong>hic</strong></span> 
     </span>
    </p>
   </div>
   <div class='ocr_carea' id='block_1_34' title="bbox 584 3426 2157 3498">
    <p class='ocr_par' dir='ltr' id='par_1_34' title="bbox 584 3426 2157 3498">
     <span class='ocr_line' id='line_1_34' title="bbox 584 3426 2157 3498; baseline -0.004 -10"><span class='ocrx_word' id='word_1_263' title='bbox 584 3431 862 3488; x_wconf 88' lang='lat' dir='ltr'><strong>clementis</strong></span> <span class='ocrx_word' id='word_1_264' title='bbox 893 3430 986 3484; x_wconf 89' lang='lat' dir='ltr'><strong>Dei</strong></span> <span class='ocrx_word' id='word_1_265' title='bbox 1015 3429 1203 3482; x_wconf 84' lang='lat' dir='ltr'><strong>miram</strong></span> <span class='ocrx_word' id='word_1_266' title='bbox 1232 3429 1590 3484; x_wconf 82' lang='lat' dir='ltr'><strong>clementiam.</strong></span> <span class='ocrx_word' id='word_1_267' title='bbox 1632 3426 1764 3482; x_wconf 83' lang='lat' dir='ltr'><strong>Nam</strong></span> <span class='ocrx_word' id='word_1_268' title='bbox 1795 3428 1916 3498; x_wconf 83' lang='lat' dir='ltr'><strong>quia</strong></span> <span class='ocrx_word' id='word_1_269' title='bbox 1947 3427 2076 3481; x_wconf 87' lang='lat' dir='ltr'><strong>vidit</strong></span> <span class='ocrx_word' id='word_1_270' title='bbox 2102 3436 2157 3482; x_wconf 90' lang='lat' dir='ltr'><strong>et</strong></span> 
     </span>
    </p>
   </div>
   <div class='ocr_carea' id='block_1_35' title="bbox 585 3519 2160 3593">
    <p class='ocr_par' dir='ltr' id='par_1_35' title="bbox 585 3519 2160 3593">
     <span class='ocr_line' id='line_1_35' title="bbox 585 3519 2160 3593; baseline -0.003 -14"><span class='ocrx_word' id='word_1_271' title='bbox 585 3527 798 3580; x_wconf 88' lang='lat' dir='ltr'><strong>Sarram</strong></span> <span class='ocrx_word' id='word_1_272' title='bbox 837 3524 946 3592; x_wconf 83' lang='lat' dir='ltr'><strong>pati</strong></span> <span class='ocrx_word' id='word_1_273' title='bbox 975 3522 1178 3593; x_wconf 87' lang='lat' dir='ltr'><strong>aliquid</strong></span> <span class='ocrx_word' id='word_1_274' title='bbox 1207 3521 1492 3576; x_wconf 84' lang='lat' dir='ltr'><strong>humanum</strong></span> <span class='ocrx_word' id='word_1_275' title='bbox 1513 3561 1530 3586; x_wconf 89' lang='lat'><strong>,</strong></span> <span class='ocrx_word' id='word_1_276' title='bbox 1565 3529 1620 3575; x_wconf 93' lang='lat' dir='ltr'><strong>et</strong></span> <span class='ocrx_word' id='word_1_277' title='bbox 1645 3533 1786 3589; x_wconf 63' lang='lat' dir='ltr'><strong>aigre</strong></span> <span class='ocrx_word' id='word_1_278' title='bbox 1813 3519 1953 3574; x_wconf 79' lang='lat' dir='ltr'><strong>ferre</strong></span> <span class='ocrx_word' id='word_1_279' title='bbox 1980 3534 2160 3589; x_wconf 82' lang='lat' dir='ltr'><strong>parem</strong></span> 
     </span>
    </p>
   </div>
   <div class='ocr_carea' id='block_1_36' title="bbox 585 3611 2162 3682">
    <p class='ocr_par' dir='ltr' id='par_1_36' title="bbox 585 3611 2162 3682">
     <span class='ocr_line' id='line_1_36' title="bbox 585 3611 2162 3682; baseline -0.003 -11"><span class='ocrx_word' id='word_1_280' title='bbox 585 3618 817 3671; x_wconf 77' lang='lat' dir='ltr'><strong>filiorum</strong></span> <span class='ocrx_word' id='word_1_281' title='bbox 861 3617 1167 3670; x_wconf 83' lang='lat' dir='ltr'><strong>honorem:</strong></span> <span class='ocrx_word' id='word_1_282' title='bbox 1204 3613 1363 3682; x_wconf 83' lang='lat' dir='ltr'><strong>idque</strong></span> <span class='ocrx_word' id='word_1_283' title='bbox 1397 3613 1590 3666; x_wconf 88' lang='lat' dir='ltr'><strong>merito</strong></span> <span class='ocrx_word' id='word_1_284' title='bbox 1621 3628 1636 3664; x_wconf 88' lang='lat'><strong>:</strong></span> <span class='ocrx_word' id='word_1_285' title='bbox 1680 3611 1947 3667; x_wconf 86' lang='lat' dir='ltr'><strong>Abraham</strong></span> <span class='ocrx_word' id='word_1_286' title='bbox 1987 3620 2162 3666; x_wconf 88' lang='lat' dir='ltr'><strong>autem</strong></span> 
     </span>
    </p>
   </div>
   <div class='ocr_carea' id='block_1_37' title="bbox 585 3701 2166 3775">
    <p class='ocr_par' dir='ltr' id='par_1_37' title="bbox 585 3701 2166 3775">
     <span class='ocr_line' id='line_1_37' title="bbox 585 3701 2166 3775; baseline -0.004 -12"><span class='ocrx_word' id='word_1_287' title='bbox 585 3724 691 3763; x_wconf 88' lang='lat' dir='ltr'><strong>non</strong></span> <span class='ocrx_word' id='word_1_288' title='bbox 715 3705 855 3762; x_wconf 79' lang='lat' dir='ltr'><strong>ferre</strong></span> <span class='ocrx_word' id='word_1_289' title='bbox 883 3721 1037 3775; x_wconf 62' lang='lat' dir='ltr'><strong>aquo</strong></span> <span class='ocrx_word' id='word_1_290' title='bbox 1062 3705 1242 3759; x_wconf 90' lang='lat' dir='ltr'><strong>animo</strong></span> <span class='ocrx_word' id='word_1_291' title='bbox 1271 3704 1583 3774; x_wconf 71' lang='lat' dir='ltr'><strong>eiectionem</strong></span> <span class='ocrx_word' id='word_1_292' title='bbox 1617 3701 1851 3757; x_wconf 84' lang='lat' dir='ltr'><strong>lsmaelis</strong></span> <span class='ocrx_word' id='word_1_293' title='bbox 1877 3713 1929 3756; x_wconf 91' lang='lat' dir='ltr'><strong>et</strong></span> <span class='ocrx_word' id='word_1_294' title='bbox 1957 3703 2166 3757; x_wconf 76' lang='lat' dir='ltr'><strong>ancilla:</strong></span> 
     </span>
    </p>
   </div>
   <div class='ocr_carea' id='block_1_38' title="bbox 591 3794 2164 3872">
    <p class='ocr_par' dir='ltr' id='par_1_38' title="bbox 591 3794 2164 3872">
     <span class='ocr_line' id='line_1_38' title="bbox 591 3794 2164 3872; baseline -0.002 -19"><span class='ocrx_word' id='word_1_295' title='bbox 591 3800 735 3872; x_wconf 89' lang='lat' dir='ltr'><strong>(nam</strong></span> <span class='ocrx_word' id='word_1_296' title='bbox 779 3799 898 3853; x_wconf 91' lang='lat' dir='ltr'><strong>licet</strong></span> <span class='ocrx_word' id='word_1_297' title='bbox 949 3813 1055 3852; x_wconf 91' lang='lat' dir='ltr'><strong>non</strong></span> <span class='ocrx_word' id='word_1_298' title='bbox 1099 3797 1461 3851; x_wconf 81' lang='lat' dir='ltr'><strong>obluctaretur</strong></span> <span class='ocrx_word' id='word_1_299' title='bbox 1503 3794 1678 3850; x_wconf 81' lang='lat' dir='ltr'><strong>Same</strong></span> <span class='ocrx_word' id='word_1_300' title='bbox 1721 3795 1790 3850; x_wconf 93' lang='lat' dir='ltr'><strong>ob</strong></span> <span class='ocrx_word' id='word_1_301' title='bbox 1841 3795 2164 3866; x_wconf 73' lang='lat' dir='ltr'><strong>singularem</strong></span> 
     </span>
    </p>
   </div>
   <div class='ocr_carea' id='block_1_39' title="bbox 588 3885 2168 3951">
    <p class='ocr_par' dir='ltr' id='par_1_39' title="bbox 588 3885 2168 3951">
     <span class='ocr_line' id='line_1_39' title="bbox 588 3885 2168 3951; baseline -0.002 -7"><span class='ocrx_word' id='word_1_302' title='bbox 588 3887 1048 3944; x_wconf 82' lang='lat' dir='ltr'><strong>mansuetudinem</strong></span> <span class='ocrx_word' id='word_1_303' title='bbox 1073 3929 1088 3951; x_wconf 92' lang='lat'><strong>,</strong></span> <span class='ocrx_word' id='word_1_304' title='bbox 1127 3895 1357 3940; x_wconf 85' lang='lat' dir='ltr'><strong>attamen</strong></span> <span class='ocrx_word' id='word_1_305' title='bbox 1399 3885 1592 3946; x_wconf 85' lang='lat' dir='ltr'><strong>durum</strong></span> <span class='ocrx_word' id='word_1_306' title='bbox 1618 3886 1668 3940; x_wconf 90' lang='lat' dir='ltr'><strong>ei</strong></span> <span class='ocrx_word' id='word_1_307' title='bbox 1716 3885 1993 3942; x_wconf 80' lang='lat' dir='ltr'><strong>videbatur</strong></span> <span class='ocrx_word' id='word_1_308' title='bbox 2021 3905 2034 3940; x_wconf 91' lang='lat'><strong>:</strong></span> <span class='ocrx_word' id='word_1_309' title='bbox 2065 3885 2168 3941; x_wconf 82' lang='lat' dir='ltr'><strong>hoc</strong></span> 
     </span>
    </p>
   </div>
   <div class='ocr_carea' id='block_1_40' title="bbox 589 3975 2164 4048">
    <p class='ocr_par' dir='ltr' id='par_1_40' title="bbox 589 3975 2164 4048">
     <span class='ocr_line' id='line_1_40' title="bbox 589 3975 2164 4048; baseline -0.003 -14"><span class='ocrx_word' id='word_1_310' title='bbox 589 3987 673 4035; x_wconf 86' lang='lat' dir='ltr'><strong>est</strong></span> <span class='ocrx_word' id='word_1_311' title='bbox 690 3992 872 4048; x_wconf 88' lang='lat' dir='ltr'><strong>grave,</strong></span> <span class='ocrx_word' id='word_1_312' title='bbox 897 3976 1180 4030; x_wconf 91' lang='lat' dir='ltr'><strong>molestum</strong></span> <span class='ocrx_word' id='word_1_313' title='bbox 1202 3986 1257 4030; x_wconf 90' lang='lat' dir='ltr'><strong>et</strong></span> <span class='ocrx_word' id='word_1_314' title='bbox 1278 3975 1612 4046; x_wconf 86' lang='lat' dir='ltr'><strong>onerosum),</strong></span> <span class='ocrx_word' id='word_1_315' title='bbox 1636 3987 1760 4030; x_wconf 89' lang='lat' dir='ltr'><strong>tunc</strong></span> <span class='ocrx_word' id='word_1_316' title='bbox 1780 3975 1995 4031; x_wconf 90' lang='lat' dir='ltr'><strong>demum</strong></span> <span class='ocrx_word' id='word_1_317' title='bbox 2012 3992 2164 4031; x_wconf 87' lang='lat' dir='ltr'><strong>suam</strong></span> 
     </span>
    </p>
   </div>
   <div class='ocr_carea' id='block_1_41' title="bbox 589 4065 2165 4130">
    <p class='ocr_par' dir='ltr' id='par_1_41' title="bbox 589 4065 2165 4130">
     <span class='ocr_line' id='line_1_41' title="bbox 589 4065 2165 4130; baseline -0.002 -7"><span class='ocrx_word' id='word_1_318' title='bbox 589 4070 798 4124; x_wconf 86' lang='lat' dir='ltr'><strong>solitam</strong></span> <span class='ocrx_word' id='word_1_319' title='bbox 823 4082 1041 4123; x_wconf 82' lang='lat' dir='ltr'><strong>servans</strong></span> <span class='ocrx_word' id='word_1_320' title='bbox 1070 4065 1485 4120; x_wconf 89' lang='lat' dir='ltr'><strong>misericordiam</strong></span> <span class='ocrx_word' id='word_1_321' title='bbox 1505 4107 1520 4130; x_wconf 90' lang='lat'><strong>,</strong></span> <span class='ocrx_word' id='word_1_322' title='bbox 1551 4075 1606 4120; x_wconf 92' lang='lat' dir='ltr'><strong>et</strong></span> <span class='ocrx_word' id='word_1_323' title='bbox 1628 4065 1927 4121; x_wconf 76' lang='lat' dir='ltr'><strong>concordia:</strong></span> <span class='ocrx_word' id='word_1_324' title='bbox 1955 4067 2165 4120; x_wconf 89' lang='lat' dir='ltr'><strong>illorum</strong></span> 
     </span>
    </p>
   </div>
   <div class='ocr_carea' id='block_1_42' title="bbox 592 4155 2169 4230">
    <p class='ocr_par' dir='ltr' id='par_1_42' title="bbox 592 4155 2169 4230">
     <span class='ocr_line' id='line_1_42' title="bbox 592 4155 2169 4230; baseline -0.003 -16"><span class='ocrx_word' id='word_1_325' title='bbox 592 4159 832 4230; x_wconf 89' lang='lat' dir='ltr'><strong>copulam</strong></span> <span class='ocrx_word' id='word_1_326' title='bbox 855 4158 1241 4225; x_wconf 79' lang='lat' dir='ltr'><strong>constringens,</strong></span> <span class='ocrx_word' id='word_1_327' title='bbox 1263 4155 1390 4210; x_wconf 90' lang='lat' dir='ltr'><strong>dicit</strong></span> <span class='ocrx_word' id='word_1_328' title='bbox 1411 4157 1476 4210; x_wconf 92' lang='lat' dir='ltr'><strong>ad</strong></span> <span class='ocrx_word' id='word_1_329' title='bbox 1509 4156 1812 4210; x_wconf 86' lang='lat' dir='ltr'><strong>Abraham:</strong></span> <span class='ocrx_word' id='word_1_330' title='bbox 1843 4155 1929 4210; x_wconf 71' lang='grc' dir='ltr'><strong>η.</strong></span> <span class='ocrx_word' id='word_1_331' title='bbox 1963 4156 2044 4209; x_wconf 87' lang='lat' dir='ltr'><strong>Ne</strong></span> <span class='ocrx_word' id='word_1_332' title='bbox 2067 4157 2169 4210; x_wconf 86' lang='lat' dir='ltr'><strong>du-</strong></span> 
     </span>
    </p>
   </div>
   <div class='ocr_carea' id='block_1_43' title="bbox 593 4247 2168 4314">
    <p class='ocr_par' dir='ltr' id='par_1_43' title="bbox 593 4247 2168 4314">
     <span class='ocr_line' id='line_1_43' title="bbox 593 4247 2168 4314; baseline -0.001 -11"><span class='ocrx_word' id='word_1_333' title='bbox 593 4267 705 4303; x_wconf 85' lang='lat' dir='ltr'><strong>rum</strong></span> <span class='ocrx_word' id='word_1_334' title='bbox 727 4251 790 4302; x_wconf 89' lang='lat' dir='ltr'><strong>sit</strong></span> <span class='ocrx_word' id='word_1_335' title='bbox 815 4265 986 4303; x_wconf 86' lang='lat' dir='ltr'><strong>coram</strong></span> <span class='ocrx_word' id='word_1_336' title='bbox 1007 4257 1054 4301; x_wconf 91' lang='lat' dir='ltr'><strong>te</strong></span> <span class='ocrx_word' id='word_1_337' title='bbox 1077 4249 1276 4301; x_wconf 75' lang='lat' dir='ltr'><strong>verbum</strong></span> <span class='ocrx_word' id='word_1_338' title='bbox 1300 4247 1393 4300; x_wconf 91' lang='lat' dir='ltr'><strong>hoc</strong></span> <span class='ocrx_word' id='word_1_339' title='bbox 1419 4248 1483 4300; x_wconf 92' lang='lat' dir='ltr'><strong>de</strong></span> <span class='ocrx_word' id='word_1_340' title='bbox 1509 4262 1663 4314; x_wconf 87' lang='lat' dir='ltr'><strong>puero</strong></span> <span class='ocrx_word' id='word_1_341' title='bbox 1687 4247 1956 4301; x_wconf 38' lang='lat' dir='ltr'><strong>et&#39;ancilla.</strong></span> <span class='ocrx_word' id='word_1_342' title='bbox 1985 4247 2168 4302; x_wconf 80' lang='lat' dir='ltr'><strong>Omnia</strong></span> 
     </span>
    </p>
   </div>
   <div class='ocr_carea' id='block_1_44' title="bbox 594 4336 2169 4407">
    <p class='ocr_par' dir='ltr' id='par_1_44' title="bbox 594 4336 2169 4407">
     <span class='ocr_line' id='line_1_44' title="bbox 594 4336 2169 4407; baseline 0 -14"><span class='ocrx_word' id='word_1_343' title='bbox 594 4355 914 4407; x_wconf 65' lang='lat' dir='ltr'><strong>quacumque</strong></span> <span class='ocrx_word' id='word_1_344' title='bbox 933 4338 1114 4391; x_wconf 68' lang='lat' dir='ltr'><strong>dixerit</strong></span> <span class='ocrx_word' id='word_1_345' title='bbox 1145 4337 1233 4390; x_wconf 87' lang='lat' dir='ltr'><strong>tibi</strong></span> <span class='ocrx_word' id='word_1_346' title='bbox 1258 4337 1418 4391; x_wconf 87' lang='lat' dir='ltr'><strong>Sarra</strong></span> <span class='ocrx_word' id='word_1_347' title='bbox 1437 4377 1452 4402; x_wconf 96' lang='lat'><strong>,</strong></span> <span class='ocrx_word' id='word_1_348' title='bbox 1484 4336 1607 4390; x_wconf 86' lang='lat' dir='ltr'><strong>audi</strong></span> <span class='ocrx_word' id='word_1_349' title='bbox 1631 4352 1797 4390; x_wconf 74' lang='lat' dir='ltr'><strong>uocem</strong></span> <span class='ocrx_word' id='word_1_350' title='bbox 1823 4338 1950 4406; x_wconf 85' lang='lat' dir='ltr'><strong>ejus.</strong></span> <span class='ocrx_word' id='word_1_351' title='bbox 1978 4338 2054 4393; x_wconf 85' lang='lat' dir='ltr'><strong>Ne</strong></span> <span class='ocrx_word' id='word_1_352' title='bbox 2081 4353 2169 4393; x_wconf 87' lang='lat' dir='ltr'><strong>ac-</strong></span> 
     </span>
    </p>
   </div>
   <div class='ocr_carea' id='block_1_45' title="bbox 593 4426 2169 4498">
    <p class='ocr_par' dir='ltr' id='par_1_45' title="bbox 593 4426 2169 4498">
     <span class='ocr_line' id='line_1_45' title="bbox 593 4426 2169 4498; baseline 0.001 -15"><span class='ocrx_word' id='word_1_353' title='bbox 593 4430 779 4498; x_wconf 82' lang='lat' dir='ltr'><strong>cipias.</strong></span> <span class='ocrx_word' id='word_1_354' title='bbox 801 4429 988 4497; x_wconf 84' lang='lat' dir='ltr'><strong>inquit,</strong></span> <span class='ocrx_word' id='word_1_355' title='bbox 1007 4428 1239 4496; x_wconf 78' lang='lat' dir='ltr'><strong>graviter</strong></span> <span class='ocrx_word' id='word_1_356' title='bbox 1259 4426 1400 4495; x_wconf 88' lang='lat' dir='ltr'><strong>quod</strong></span> <span class='ocrx_word' id='word_1_357' title='bbox 1425 4427 1492 4479; x_wconf 90' lang='lat' dir='ltr'><strong>ab</strong></span> <span class='ocrx_word' id='word_1_358' title='bbox 1516 4442 1577 4481; x_wconf 89' lang='lat' dir='ltr'><strong>ea</strong></span> <span class='ocrx_word' id='word_1_359' title='bbox 1599 4426 1796 4481; x_wconf 90' lang='lat' dir='ltr'><strong>dictum</strong></span> <span class='ocrx_word' id='word_1_360' title='bbox 1820 4428 1910 4482; x_wconf 87' lang='lat' dir='ltr'><strong>tibi</strong></span> <span class='ocrx_word' id='word_1_361' title='bbox 1926 4437 2008 4484; x_wconf 87' lang='lat' dir='ltr'><strong>est</strong></span> <span class='ocrx_word' id='word_1_362' title='bbox 2031 4446 2046 4482; x_wconf 89' lang='lat'><strong>:</strong></span> <span class='ocrx_word' id='word_1_363' title='bbox 2073 4430 2169 4484; x_wconf 83' lang='lat' dir='ltr'><strong>sed</strong></span> 
     </span>
    </p>
   </div>
   <div class='ocr_carea' id='block_1_46' title="bbox 600 4517 2168 4593">
    <p class='ocr_par' dir='ltr' id='par_1_46' title="bbox 600 4517 2168 4593">
     <span class='ocr_line' id='line_1_46' title="bbox 600 4517 2168 4593; baseline 0.001 -19"><span class='ocrx_word' id='word_1_364' title='bbox 600 4519 784 4575; x_wconf 83' lang='lat' dir='ltr'><strong>Omnia</strong></span> <span class='ocrx_word' id='word_1_365' title='bbox 810 4533 1133 4588; x_wconf 65' lang='lat' dir='ltr'><strong>quietumque</strong></span> <span class='ocrx_word' id='word_1_366' title='bbox 1156 4517 1337 4571; x_wconf 73' lang='lat' dir='ltr'><strong>dixerit</strong></span> <span class='ocrx_word' id='word_1_367' title='bbox 1371 4517 1458 4571; x_wconf 84' lang='lat' dir='ltr'><strong>tibi</strong></span> <span class='ocrx_word' id='word_1_368' title='bbox 1487 4517 1667 4583; x_wconf 86' lang='lat' dir='ltr'><strong>Sarra,</strong></span> <span class='ocrx_word' id='word_1_369' title='bbox 1691 4520 1816 4571; x_wconf 84' lang='lat' dir='ltr'><strong>audi</strong></span> <span class='ocrx_word' id='word_1_370' title='bbox 1843 4536 2009 4573; x_wconf 80' lang='lat' dir='ltr'><strong>vocem</strong></span> <span class='ocrx_word' id='word_1_371' title='bbox 2037 4523 2168 4593; x_wconf 86' lang='lat' dir='ltr'><strong>ejus.</strong></span> 
     </span>
    </p>
   </div>
   <div class='ocr_carea' id='block_1_47' title="bbox 668 4607 2165 4678">
    <p class='ocr_par' dir='ltr' id='par_1_47' title="bbox 668 4607 2165 4678">
     <span class='ocr_line' id='line_1_47' title="bbox 668 4607 2165 4678; baseline 0.001 -17"><span class='ocrx_word' id='word_1_372' title='bbox 668 4609 724 4662; x_wconf 78' lang='lat'><strong>‘2.</strong></span> <span class='ocrx_word' id='word_1_373' title='bbox 751 4609 889 4678; x_wconf 85' lang='lat' dir='ltr'><strong>Agar</strong></span> <span class='ocrx_word' id='word_1_374' title='bbox 904 4607 1132 4677; x_wconf 82' lang='lat' dir='ltr'><strong>ejicitur;</strong></span> <span class='ocrx_word' id='word_1_375' title='bbox 1151 4607 1429 4659; x_wconf 84' lang='lat' dir='ltr'><strong>obedientia</strong></span> <span class='ocrx_word' id='word_1_376' title='bbox 1451 4607 1697 4672; x_wconf 73' lang='lat' dir='ltr'><strong>Abrahae;</strong></span> <span class='ocrx_word' id='word_1_377' title='bbox 1722 4609 2030 4676; x_wconf 71' lang='lat' dir='ltr'><strong>providentia</strong></span> <span class='ocrx_word' id='word_1_378' title='bbox 2050 4610 2165 4665; x_wconf 87' lang='lat' dir='ltr'><strong>Dei.</strong></span> 
     </span>
    </p>
   </div>
   <div class='ocr_carea' id='block_1_48' title="bbox 601 4696 2171 4768">
    <p class='ocr_par' dir='ltr' id='par_1_48' title="bbox 601 4696 2171 4768">
     <span class='ocr_line' id='line_1_48' title="bbox 601 4696 2171 4768; baseline 0.004 -17"><span class='ocrx_word' id='word_1_379' title='bbox 601 4697 812 4752; x_wconf 73' lang='lat' dir='ltr'><strong>—llmc</strong></span> <span class='ocrx_word' id='word_1_380' title='bbox 838 4696 1036 4762; x_wconf 89' lang='lat' dir='ltr'><strong>omnia,</strong></span> <span class='ocrx_word' id='word_1_381' title='bbox 1066 4696 1253 4766; x_wconf 90' lang='lat' dir='ltr'><strong>inquit,</strong></span> <span class='ocrx_word' id='word_1_382' title='bbox 1277 4711 1393 4765; x_wconf 79' lang='lat' dir='ltr'><strong>qum</strong></span> <span class='ocrx_word' id='word_1_383' title='bbox 1421 4711 1561 4750; x_wconf 90' lang='lat' dir='ltr'><strong>nunc</strong></span> <span class='ocrx_word' id='word_1_384' title='bbox 1588 4697 1676 4750; x_wconf 88' lang='lat' dir='ltr'><strong>tibi</strong></span> <span class='ocrx_word' id='word_1_385' title='bbox 1708 4698 1834 4752; x_wconf 86' lang='lat' dir='ltr'><strong>dicit</strong></span> <span class='ocrx_word' id='word_1_386' title='bbox 1854 4698 1920 4753; x_wconf 91' lang='lat' dir='ltr'><strong>de</strong></span> <span class='ocrx_word' id='word_1_387' title='bbox 1950 4700 2171 4768; x_wconf 74' lang='lat' dir='ltr'><strong>Ismaele</strong></span> 
     </span>
    </p>
   </div>
   <div class='ocr_carea' id='block_1_49' title="bbox 602 4787 2167 4858">
    <p class='ocr_par' dir='ltr' id='par_1_49' title="bbox 602 4787 2167 4858">
     <span class='ocr_line' id='line_1_49' title="bbox 602 4787 2167 4858; baseline 0.001 -14"><span class='ocrx_word' id='word_1_388' title='bbox 602 4798 658 4844; x_wconf 87' lang='lat' dir='ltr'><strong>et</strong></span> <span class='ocrx_word' id='word_1_389' title='bbox 685 4789 750 4842; x_wconf 90' lang='lat' dir='ltr'><strong>de</strong></span> <span class='ocrx_word' id='word_1_390' title='bbox 780 4787 952 4856; x_wconf 81' lang='lat' dir='ltr'><strong>Agar,</strong></span> <span class='ocrx_word' id='word_1_391' title='bbox 980 4787 1163 4857; x_wconf 88' lang='lat' dir='ltr'><strong>accipe</strong></span> <span class='ocrx_word' id='word_1_392' title='bbox 1191 4804 1204 4838; x_wconf 91' lang='lat'><strong>:</strong></span> <span class='ocrx_word' id='word_1_393' title='bbox 1237 4797 1289 4841; x_wconf 92' lang='lat' dir='ltr'><strong>et</strong></span> <span class='ocrx_word' id='word_1_394' title='bbox 1326 4787 1447 4841; x_wconf 89' lang='lat' dir='ltr'><strong>audi</strong></span> <span class='ocrx_word' id='word_1_395' title='bbox 1500 4802 1682 4842; x_wconf 90' lang='lat' dir='ltr'><strong>vocem</strong></span> <span class='ocrx_word' id='word_1_396' title='bbox 1725 4788 1859 4855; x_wconf 88' lang='lat' dir='ltr'><strong>ejus.</strong></span> <span class='ocrx_word' id='word_1_397' title='bbox 1911 4789 1989 4844; x_wconf 85' lang='lat' dir='ltr'><strong>Ne</strong></span> <span class='ocrx_word' id='word_1_398' title='bbox 2018 4793 2167 4858; x_wconf 89' lang='lat' dir='ltr'><strong>velis,</strong></span> 
     </span>
    </p>
   </div>
   <div class='ocr_carea' id='block_1_50' title="bbox 597 4878 2171 4949">
    <p class='ocr_par' dir='ltr' id='par_1_50' title="bbox 597 4878 2171 4949">
     <span class='ocr_line' id='line_1_50' title="bbox 597 4878 2171 4949; baseline 0.002 -16"><span class='ocrx_word' id='word_1_399' title='bbox 597 4880 789 4948; x_wconf 86' lang='lat' dir='ltr'><strong>inquit,</strong></span> <span class='ocrx_word' id='word_1_400' title='bbox 818 4878 1133 4931; x_wconf 76' lang='lat' dir='ltr'><strong>contristare</strong></span> <span class='ocrx_word' id='word_1_401' title='bbox 1174 4893 1290 4931; x_wconf 89' lang='lat' dir='ltr'><strong>eam</strong></span> <span class='ocrx_word' id='word_1_402' title='bbox 1312 4919 1327 4942; x_wconf 92' lang='lat'><strong>,</strong></span> <span class='ocrx_word' id='word_1_403' title='bbox 1359 4893 1476 4946; x_wconf 67' lang='lat' dir='ltr'><strong>quae</strong></span> <span class='ocrx_word' id='word_1_404' title='bbox 1515 4887 1662 4932; x_wconf 89' lang='lat' dir='ltr'><strong>tanto</strong></span> <span class='ocrx_word' id='word_1_405' title='bbox 1703 4889 1946 4949; x_wconf 89' lang='lat' dir='ltr'><strong>tempore</strong></span> <span class='ocrx_word' id='word_1_406' title='bbox 1970 4891 2171 4936; x_wconf 88' lang='lat' dir='ltr'><strong>tantum</strong></span> 
     </span>
    </p>
   </div>
   <div class='ocr_carea' id='block_1_51' title="bbox 601 4966 2168 5038">
    <p class='ocr_par' dir='ltr' id='par_1_51' title="bbox 601 4966 2168 5038">
     <span class='ocr_line' id='line_1_51' title="bbox 601 4966 2168 5038; baseline 0.003 -17"><span class='ocrx_word' id='word_1_407' title='bbox 601 4983 839 5022; x_wconf 86' lang='lat' dir='ltr'><strong>amorem</strong></span> <span class='ocrx_word' id='word_1_408' title='bbox 873 4982 996 5036; x_wconf 81' lang='lat' dir='ltr'><strong>erga</strong></span> <span class='ocrx_word' id='word_1_409' title='bbox 1029 4976 1078 5021; x_wconf 92' lang='lat' dir='ltr'><strong>te</strong></span> <span class='ocrx_word' id='word_1_410' title='bbox 1108 4966 1394 5021; x_wconf 82' lang='lat' dir='ltr'><strong>declaravit</strong></span> <span class='ocrx_word' id='word_1_411' title='bbox 1427 4986 1439 5021; x_wconf 91' lang='lat'><strong>:</strong></span> <span class='ocrx_word' id='word_1_412' title='bbox 1467 4983 1586 5038; x_wconf 72' lang='lat' dir='ltr'><strong>qua:</strong></span> <span class='ocrx_word' id='word_1_413' title='bbox 1627 4985 1729 5022; x_wconf 91' lang='lat' dir='ltr'><strong>non</strong></span> <span class='ocrx_word' id='word_1_414' title='bbox 1758 4970 1931 5024; x_wconf 90' lang='lat' dir='ltr'><strong>solum</strong></span> <span class='ocrx_word' id='word_1_415' title='bbox 1967 4973 2168 5038; x_wconf 90' lang='lat' dir='ltr'><strong>semel,</strong></span> 
     </span>
    </p>
   </div>
   <div class='ocr_carea' id='block_1_52' title="bbox 602 5059 2172 5132">
    <p class='ocr_par' dir='ltr' id='par_1_52' title="bbox 602 5059 2172 5132">
     <span class='ocr_line' id='line_1_52' title="bbox 602 5059 2172 5132; baseline 0 -17"><span class='ocrx_word' id='word_1_416' title='bbox 602 5059 696 5115; x_wconf 84' lang='lat' dir='ltr'><strong>sed</strong></span> <span class='ocrx_word' id='word_1_417' title='bbox 716 5069 778 5113; x_wconf 82' lang='lat' dir='ltr'><strong>et</strong></span> <span class='ocrx_word' id='word_1_418' title='bbox 806 5059 1061 5125; x_wconf 84' lang='lat' dir='ltr'><strong>secundo,</strong></span> <span class='ocrx_word' id='word_1_419' title='bbox 1095 5067 1150 5112; x_wconf 90' lang='lat' dir='ltr'><strong>ut</strong></span> <span class='ocrx_word' id='word_1_420' title='bbox 1186 5069 1236 5112; x_wconf 91' lang='lat' dir='ltr'><strong>te</strong></span> <span class='ocrx_word' id='word_1_421' title='bbox 1261 5075 1290 5112; x_wconf 88' lang='lat' dir='ltr'><strong>a</strong></span> <span class='ocrx_word' id='word_1_422' title='bbox 1332 5068 1504 5114; x_wconf 86' lang='lat' dir='ltr'><strong>morte</strong></span> <span class='ocrx_word' id='word_1_423' title='bbox 1533 5061 1784 5130; x_wconf 86' lang='lat' dir='ltr'><strong>eriperet,</strong></span> <span class='ocrx_word' id='word_1_424' title='bbox 1817 5063 2045 5132; x_wconf 88' lang='lat' dir='ltr'><strong>seipsam</strong></span> <span class='ocrx_word' id='word_1_425' title='bbox 2076 5078 2172 5131; x_wconf 91' lang='lat' dir='ltr'><strong>pro</strong></span> 
     </span>
    </p>
   </div>
   <div class='ocr_carea' id='block_1_53' title="bbox 601 5150 2169 5223">
    <p class='ocr_par' dir='ltr' id='par_1_53' title="bbox 601 5150 2169 5223">
     <span class='ocr_line' id='line_1_53' title="bbox 601 5150 2169 5223; baseline 0.004 -21"><span class='ocrx_word' id='word_1_426' title='bbox 601 5159 688 5202; x_wconf 85' lang='lat' dir='ltr'><strong>tua</strong></span> <span class='ocrx_word' id='word_1_427' title='bbox 715 5150 882 5202; x_wconf 88' lang='lat' dir='ltr'><strong>salute</strong></span> <span class='ocrx_word' id='word_1_428' title='bbox 903 5151 1181 5216; x_wconf 80' lang='lat' dir='ltr'><strong>exposuit,</strong></span> <span class='ocrx_word' id='word_1_429' title='bbox 1225 5159 1278 5204; x_wconf 91' lang='lat' dir='ltr'><strong>et</strong></span> <span class='ocrx_word' id='word_1_430' title='bbox 1302 5161 1486 5204; x_wconf 88' lang='lat' dir='ltr'><strong>auctor</strong></span> <span class='ocrx_word' id='word_1_431' title='bbox 1513 5160 1616 5205; x_wconf 72' lang='lat' dir='ltr'><strong>tua:</strong></span> <span class='ocrx_word' id='word_1_432' title='bbox 1658 5152 1814 5222; x_wconf 87' lang='lat' dir='ltr'><strong>hujus</strong></span> <span class='ocrx_word' id='word_1_433' title='bbox 1843 5153 2025 5223; x_wconf 79' lang='lat' dir='ltr'><strong>gloria:</strong></span> <span class='ocrx_word' id='word_1_434' title='bbox 2055 5154 2169 5208; x_wconf 77' lang='lat' dir='ltr'><strong>fuit.</strong></span> 
     </span>
    </p>
   </div>
   <div class='ocr_carea' id='block_1_54' title="bbox 602 5238 2174 5316">
    <p class='ocr_par' dir='ltr' id='par_1_54' title="bbox 602 5238 2174 5316">
     <span class='ocr_line' id='line_1_54' title="bbox 602 5238 2174 5316; baseline 0.001 -20"><span class='ocrx_word' id='word_1_435' title='bbox 602 5240 836 5296; x_wconf 79' lang='lat' dir='ltr'><strong>Primum</strong></span> <span class='ocrx_word' id='word_1_436' title='bbox 859 5239 1070 5308; x_wconf 89' lang='lat' dir='ltr'><strong>quidem</strong></span> <span class='ocrx_word' id='word_1_437' title='bbox 1096 5238 1217 5293; x_wconf 79' lang='lat' dir='ltr'><strong>fecit</strong></span> <span class='ocrx_word' id='word_1_438' title='bbox 1243 5249 1298 5293; x_wconf 90' lang='lat' dir='ltr'><strong>ut</strong></span> <span class='ocrx_word' id='word_1_439' title='bbox 1318 5254 1438 5294; x_wconf 89' lang='lat' dir='ltr'><strong>cum</strong></span> <span class='ocrx_word' id='word_1_440' title='bbox 1460 5242 1624 5296; x_wconf 86' lang='lat' dir='ltr'><strong>tantis</strong></span> <span class='ocrx_word' id='word_1_441' title='bbox 1645 5243 1838 5298; x_wconf 89' lang='lat' dir='ltr'><strong>divitiis</strong></span> <span class='ocrx_word' id='word_1_442' title='bbox 1857 5244 1926 5299; x_wconf 90' lang='lat' dir='ltr'><strong>ab</strong></span> <span class='ocrx_word' id='word_1_443' title='bbox 1944 5242 2174 5316; x_wconf 68' lang='lat' dir='ltr'><strong>AZgypto</strong></span> 
     </span>
    </p>
   </div>
   <div class='ocr_carea' id='block_1_55' title="bbox 599 5329 2174 5398">
    <p class='ocr_par' dir='ltr' id='par_1_55' title="bbox 599 5329 2174 5398">
     <span class='ocr_line' id='line_1_55' title="bbox 599 5329 2174 5398; baseline 0.004 -14"><span class='ocrx_word' id='word_1_444' title='bbox 599 5329 827 5393; x_wconf 84' lang='lat' dir='ltr'><strong>redires,</strong></span> <span class='ocrx_word' id='word_1_445' title='bbox 859 5339 1039 5398; x_wconf 88' lang='lat' dir='ltr'><strong>postea</strong></span> <span class='ocrx_word' id='word_1_446' title='bbox 1069 5345 1193 5384; x_wconf 87' lang='lat' dir='ltr'><strong>vero</strong></span> <span class='ocrx_word' id='word_1_447' title='bbox 1225 5330 1413 5385; x_wconf 88' lang='lat' dir='ltr'><strong>iterum</strong></span> <span class='ocrx_word' id='word_1_448' title='bbox 1443 5332 1493 5385; x_wconf 93' lang='lat' dir='ltr'><strong>in</strong></span> <span class='ocrx_word' id='word_1_449' title='bbox 1516 5347 1672 5387; x_wconf 84' lang='lat' dir='ltr'><strong>causa</strong></span> <span class='ocrx_word' id='word_1_450' title='bbox 1697 5335 1791 5388; x_wconf 79' lang='lat' dir='ltr'><strong>fuit</strong></span> <span class='ocrx_word' id='word_1_451' title='bbox 1820 5344 1876 5389; x_wconf 93' lang='lat' dir='ltr'><strong>ut</strong></span> <span class='ocrx_word' id='word_1_452' title='bbox 1902 5336 1975 5390; x_wconf 87' lang='lat' dir='ltr'><strong>ita</strong></span> <span class='ocrx_word' id='word_1_453' title='bbox 2004 5345 2055 5390; x_wconf 93' lang='lat' dir='ltr'><strong>te</strong></span> <span class='ocrx_word' id='word_1_454' title='bbox 2085 5352 2174 5390; x_wconf 73' lang='lat' dir='ltr'><strong>ve~</strong></span> 
     </span>
    </p>
   </div>
   <div class='ocr_carea' id='block_1_56' title="bbox 603 5419 2176 5494">
    <p class='ocr_par' dir='ltr' id='par_1_56' title="bbox 603 5419 2176 5494">
     <span class='ocr_line' id='line_1_56' title="bbox 603 5419 2176 5494; baseline 0.007 -23"><span class='ocrx_word' id='word_1_455' title='bbox 603 5429 883 5474; x_wconf 89' lang='lat' dir='ltr'><strong>neraretur</strong></span> <span class='ocrx_word' id='word_1_456' title='bbox 935 5428 989 5473; x_wconf 93' lang='lat' dir='ltr'><strong>ct</strong></span> <span class='ocrx_word' id='word_1_457' title='bbox 1032 5419 1341 5475; x_wconf 82' lang='lat' dir='ltr'><strong>observaret</strong></span> <span class='ocrx_word' id='word_1_458' title='bbox 1387 5422 1714 5477; x_wconf 80' lang='lat' dir='ltr'><strong>Abitnelech.</strong></span> <span class='ocrx_word' id='word_1_459' title='bbox 1770 5424 1848 5480; x_wconf 87' lang='lat' dir='ltr'><strong>Ne</strong></span> <span class='ocrx_word' id='word_1_460' title='bbox 1888 5426 2043 5494; x_wconf 88' lang='lat' dir='ltr'><strong>igitur</strong></span> <span class='ocrx_word' id='word_1_461' title='bbox 2095 5427 2176 5481; x_wconf 84' lang='lat' dir='ltr'><strong>dt-</strong></span> 
     </span>
    </p>
   </div>
   <div class='ocr_carea' id='block_1_57' title="bbox 602 5508 2173 5581">
    <p class='ocr_par' dir='ltr' id='par_1_57' title="bbox 602 5508 2173 5581">
     <span class='ocr_line' id='line_1_57' title="bbox 602 5508 2173 5581; baseline 0.01 -21"><span class='ocrx_word' id='word_1_462' title='bbox 602 5522 754 5562; x_wconf 84' lang='lat' dir='ltr'><strong>versa</strong></span> <span class='ocrx_word' id='word_1_463' title='bbox 798 5508 865 5563; x_wconf 89' lang='lat' dir='ltr'><strong>ab</strong></span> <span class='ocrx_word' id='word_1_464' title='bbox 909 5508 991 5563; x_wconf 82' lang='lat' dir='ltr'><strong>bis</strong></span> <span class='ocrx_word' id='word_1_465' title='bbox 1033 5525 1150 5577; x_wconf 64' lang='lat' dir='ltr'><strong>quae</strong></span> <span class='ocrx_word' id='word_1_466' title='bbox 1193 5512 1405 5581; x_wconf 89' lang='lat' dir='ltr'><strong>loquuta</strong></span> <span class='ocrx_word' id='word_1_467' title='bbox 1437 5521 1518 5567; x_wconf 91' lang='lat' dir='ltr'><strong>est</strong></span> <span class='ocrx_word' id='word_1_468' title='bbox 1563 5515 1696 5568; x_wconf 91' lang='lat' dir='ltr'><strong>velis</strong></span> <span class='ocrx_word' id='word_1_469' title='bbox 1741 5516 1875 5572; x_wconf 81' lang='lat' dir='ltr'><strong>inire</strong></span> <span class='ocrx_word' id='word_1_470' title='bbox 1913 5521 2173 5575; x_wconf 84' lang='lat' dir='ltr'><strong>consilia:</strong></span> 
     </span>
    </p>
   </div>
   <div class='ocr_carea' id='block_1_58' title="bbox 603 5596 2174 5667">
    <p class='ocr_par' dir='ltr' id='par_1_58' title="bbox 603 5596 2174 5667">
     <span class='ocr_line' id='line_1_58' title="bbox 603 5596 2174 5667; baseline 0.008 -14"><span class='ocrx_word' id='word_1_471' title='bbox 603 5600 875 5655; x_wconf 86' lang='lat' dir='ltr'><strong>enimvero</strong></span> <span class='ocrx_word' id='word_1_472' title='bbox 906 5617 1009 5654; x_wconf 88' lang='lat' dir='ltr'><strong>non</strong></span> <span class='ocrx_word' id='word_1_473' title='bbox 1034 5596 1188 5657; x_wconf 84' lang='lat' dir='ltr'><strong>aliter</strong></span> <span class='ocrx_word' id='word_1_474' title='bbox 1208 5606 1441 5667; x_wconf 52' lang='lat' dir='ltr'><strong>eveniet,</strong></span> <span class='ocrx_word' id='word_1_475' title='bbox 1462 5605 1516 5660; x_wconf 88' lang='lat' dir='ltr'><strong>lu</strong></span> <span class='ocrx_word' id='word_1_476' title='bbox 1542 5605 1686 5661; x_wconf 89' lang='lat' dir='ltr'><strong>Isaae</strong></span> <span class='ocrx_word' id='word_1_477' title='bbox 1705 5610 1846 5663; x_wconf 88' lang='lat' dir='ltr'><strong>enim</strong></span> <span class='ocrx_word' id='word_1_478' title='bbox 1869 5625 1933 5665; x_wconf 86' lang='lat' dir='ltr'><strong>ex</strong></span> <span class='ocrx_word' id='word_1_479' title='bbox 1959 5626 2021 5666; x_wconf 84' lang='lat' dir='ltr'><strong>ea</strong></span> <span class='ocrx_word' id='word_1_480' title='bbox 2049 5622 2174 5666; x_wconf 88' lang='lat' dir='ltr'><strong>nato</strong></span> 
     </span>
    </p>
   </div>
   <div class='ocr_carea' id='block_1_59' title="bbox 605 5695 2175 5776">
    <p class='ocr_par' dir='ltr' id='par_1_59' title="bbox 605 5695 2175 5776">
     <span class='ocr_line' id='line_1_59' title="bbox 605 5695 2175 5776; baseline 0.011 -34"><span class='ocrx_word' id='word_1_481' title='bbox 605 5698 748 5743; x_wconf 89' lang='lat' dir='ltr'><strong>tuum</strong></span> <span class='ocrx_word' id='word_1_482' title='bbox 770 5705 951 5746; x_wconf 83' lang='lat' dir='ltr'><strong>semen</strong></span> <span class='ocrx_word' id='word_1_483' title='bbox 981 5695 1274 5758; x_wconf 86' lang='lat' dir='ltr'><strong>vocabitur,</strong></span> <span class='ocrx_word' id='word_1_484' title='bbox 1304 5707 1355 5749; x_wconf 90' lang='lat' dir='ltr'><strong>et</strong></span> <span class='ocrx_word' id='word_1_485' title='bbox 1377 5698 1489 5765; x_wconf 86' lang='lat' dir='ltr'><strong>ipse</strong></span> <span class='ocrx_word' id='word_1_486' title='bbox 1511 5698 1610 5752; x_wconf 90' lang='lat' dir='ltr'><strong>erit</strong></span> <span class='ocrx_word' id='word_1_487' title='bbox 1634 5707 1756 5764; x_wconf 78' lang='lat' dir='ltr'><strong>tuus</strong></span> <span class='ocrx_word' id='word_1_488' title='bbox 1778 5700 1934 5757; x_wconf 88' lang='lat' dir='ltr'><strong>heres</strong></span> <span class='ocrx_word' id='word_1_489' title='bbox 1961 5703 2030 5776; x_wconf 74' lang='grc' dir='ltr'><strong>(υ.</strong></span> <span class='ocrx_word' id='word_1_490' title='bbox 2058 5705 2175 5775; x_wconf 69' lang='grc'><strong>12).</strong></span> 
     </span>
    </p>
   </div>
   <div class='ocr_carea' id='block_1_60' title="bbox 603 5777 2171 5863">
    <p class='ocr_par' dir='ltr' id='par_1_60' title="bbox 603 5777 2171 5863">
     <span class='ocr_line' id='line_1_60' title="bbox 603 5777 2171 5863; baseline 0.014 -32"><span class='ocrx_word' id='word_1_491' title='bbox 603 5777 690 5838; x_wconf 68' lang='lat' dir='ltr'><strong>l5.</strong></span> <span class='ocrx_word' id='word_1_492' title='bbox 724 5777 913 5835; x_wconf 76' lang='lat' dir='ltr'><strong>Filium</strong></span> <span class='ocrx_word' id='word_1_493' title='bbox 949 5792 1114 5838; x_wconf 79' lang='lat' dir='ltr'><strong>autem</strong></span> <span class='ocrx_word' id='word_1_494' title='bbox 1154 5784 1299 5839; x_wconf 83' lang='lat' dir='ltr'><strong>illum</strong></span> <span class='ocrx_word' id='word_1_495' title='bbox 1320 5787 1519 5842; x_wconf 72' lang='lat' dir='ltr'><strong>ancilla:</strong></span> <span class='ocrx_word' id='word_1_496' title='bbox 1553 5804 1773 5844; x_wconf 84' lang='lat' dir='ltr'><strong>crescere</strong></span> <span class='ocrx_word' id='word_1_497' title='bbox 1797 5792 2004 5863; x_wconf 76' lang='lat' dir='ltr'><strong>faciam.</strong></span> <span class='ocrx_word' id='word_1_498' title='bbox 2033 5807 2080 5852; x_wconf 85' lang='lat' dir='ltr'><strong>et</strong></span> <span class='ocrx_word' id='word_1_499' title='bbox 2119 5799 2171 5852; x_wconf 86' lang='lat' dir='ltr'><strong>in</strong></span> 
     </span>
    </p>
   </div>
   <div class='ocr_carea' id='block_1_61' title="bbox 1314 378 3118 464">
    <p class='ocr_par' dir='ltr' id='par_1_61' title="bbox 1314 378 3118 464">
     <span class='ocr_line' id='line_1_61' title="bbox 1314 378 3118 464; baseline -0.012 -1"><span class='ocrx_word' id='word_1_500' title='bbox 1314 405 1374 464; x_wconf 83' lang='lat'><strong>8.</strong></span> <span class='ocrx_word' id='word_1_501' title='bbox 1413 397 1691 461; x_wconf 73' lang='lat' dir='ltr'><strong>JOANNIS</strong></span> <span class='ocrx_word' id='word_1_502' title='bbox 1713 384 2187 455; x_wconf 64' lang='lat' dir='ltr'><strong>CHRYSOSTM</strong></span> <span class='ocrx_word' id='word_1_503' title='bbox 2223 384 2542 445; x_wconf 72' lang='lat' dir='ltr'><strong>ARCBIEP.</strong></span> <span class='ocrx_word' id='word_1_504' title='bbox 2577 378 3118 445; x_wconf 78' lang='lat' dir='ltr'><strong>CONSTANTINOP.</strong></span> 
     </span>
    </p>
   </div>
   <div class='ocr_carea' id='block_1_62' title="bbox 3716 382 3825 441">
    <p class='ocr_par' dir='ltr' id='par_1_62' title="bbox 3716 382 3825 441">
     <span class='ocr_line' id='line_1_62' title="bbox 3716 382 3825 441; baseline 0 0"><span class='ocrx_word' id='word_1_505' title='bbox 3716 382 3825 441; x_wconf 68' lang='grc' dir='ltr'><strong>ιν.</strong></span> 
     </span>
    </p>
   </div>
   <div class='ocr_carea' id='block_1_63' title="bbox 2237 499 3821 581">
    <p class='ocr_par' dir='ltr' id='par_1_63' title="bbox 2237 499 3821 581">
     <span class='ocr_line' id='line_1_63' title="bbox 2237 499 3821 581; baseline 0 -19"><span class='ocrx_word' id='word_1_506' title='bbox 2237 519 2436 581; x_wconf 86' lang='lat' dir='ltr'><strong>gentem</strong></span> <span class='ocrx_word' id='word_1_507' title='bbox 2459 523 2696 581; x_wconf 81' lang='lat' dir='ltr'><strong>magnam</strong></span> <span class='ocrx_word' id='word_1_508' title='bbox 2722 509 2911 580; x_wconf 79' lang='lat' dir='ltr'><strong>faciam</strong></span> <span class='ocrx_word' id='word_1_509' title='bbox 2930 549 2944 574; x_wconf 89' lang='lat'><strong>,</strong></span> <span class='ocrx_word' id='word_1_510' title='bbox 2970 507 3211 579; x_wconf 85' lang='lat' dir='ltr'><strong>quoniam</strong></span> <span class='ocrx_word' id='word_1_511' title='bbox 3237 520 3406 561; x_wconf 82' lang='lat' dir='ltr'><strong>semen</strong></span> <span class='ocrx_word' id='word_1_512' title='bbox 3429 512 3574 560; x_wconf 82' lang='lat' dir='ltr'><strong>tuum</strong></span> <span class='ocrx_word' id='word_1_513' title='bbox 3593 510 3685 560; x_wconf 82' lang='lat' dir='ltr'><strong>est.</strong></span> <span class='ocrx_word' id='word_1_514' title='bbox 3713 499 3821 562; x_wconf 70' lang='lat' dir='ltr'><strong>Iac</strong></span> 
     </span>
    </p>
   </div>
   <div class='ocr_carea' id='block_1_64' title="bbox 2238 592 3822 671">
    <p class='ocr_par' dir='ltr' id='par_1_64' title="bbox 2238 592 3822 671">
     <span class='ocr_line' id='line_1_64' title="bbox 2238 592 3822 671; baseline -0.006 -15"><span class='ocrx_word' id='word_1_515' title='bbox 2238 601 2397 671; x_wconf 81' lang='lat' dir='ltr'><strong>igitur</strong></span> <span class='ocrx_word' id='word_1_516' title='bbox 2414 616 2532 671; x_wconf 69' lang='lat' dir='ltr'><strong>qum</strong></span> <span class='ocrx_word' id='word_1_517' title='bbox 2561 601 2650 656; x_wconf 83' lang='lat' dir='ltr'><strong>illa</strong></span> <span class='ocrx_word' id='word_1_518' title='bbox 2680 600 2771 656; x_wconf 85' lang='lat' dir='ltr'><strong>tibi</strong></span> <span class='ocrx_word' id='word_1_519' title='bbox 2793 592 3010 668; x_wconf 77' lang='lat' dir='ltr'><strong>dixerit,</strong></span> <span class='ocrx_word' id='word_1_520' title='bbox 3037 608 3091 654; x_wconf 94' lang='lat' dir='ltr'><strong>et</strong></span> <span class='ocrx_word' id='word_1_521' title='bbox 3124 597 3279 653; x_wconf 86' lang='lat' dir='ltr'><strong>obedi</strong></span> <span class='ocrx_word' id='word_1_522' title='bbox 3306 595 3424 652; x_wconf 83' lang='lat' dir='ltr'><strong>voci</strong></span> <span class='ocrx_word' id='word_1_523' title='bbox 3450 595 3586 665; x_wconf 84' lang='lat' dir='ltr'><strong>ejus.</strong></span> <span class='ocrx_word' id='word_1_524' title='bbox 3635 593 3822 665; x_wconf 79' lang='lat' dir='ltr'><strong>Cogita</strong></span> 
     </span>
    </p>
   </div>
   <div class='ocr_carea' id='block_1_65' title="bbox 2241 685 3821 762">
    <p class='ocr_par' dir='ltr' id='par_1_65' title="bbox 2241 685 3821 762">
     <span class='ocr_line' id='line_1_65' title="bbox 2241 685 3821 762; baseline -0.006 -16"><span class='ocrx_word' id='word_1_525' title='bbox 2241 690 2348 758; x_wconf 87' lang='lat' dir='ltr'><strong>hic,</strong></span> <span class='ocrx_word' id='word_1_526' title='bbox 2376 693 2622 758; x_wconf 87' lang='lat' dir='ltr'><strong>obsecro,</strong></span> <span class='ocrx_word' id='word_1_527' title='bbox 2655 701 2851 762; x_wconf 86' lang='lat' dir='ltr'><strong>quanta</strong></span> <span class='ocrx_word' id='word_1_528' title='bbox 2869 690 3057 746; x_wconf 80' lang='lat' dir='ltr'><strong>subito</strong></span> <span class='ocrx_word' id='word_1_529' title='bbox 3082 687 3370 745; x_wconf 90' lang='lat' dir='ltr'><strong>concordia</strong></span> <span class='ocrx_word' id='word_1_530' title='bbox 3395 695 3451 742; x_wconf 90' lang='lat' dir='ltr'><strong>et</strong></span> <span class='ocrx_word' id='word_1_531' title='bbox 3479 700 3580 756; x_wconf 87' lang='lat' dir='ltr'><strong>pax</strong></span> <span class='ocrx_word' id='word_1_532' title='bbox 3605 685 3662 740; x_wconf 88' lang='lat' dir='ltr'><strong>in</strong></span> <span class='ocrx_word' id='word_1_533' title='bbox 3687 697 3821 740; x_wconf 83' lang='lat' dir='ltr'><strong>eon-</strong></span> 
     </span>
    </p>
   </div>
   <div class='ocr_carea' id='block_1_66' title="bbox 2242 775 3828 849">
    <p class='ocr_par' dir='ltr' id='par_1_66' title="bbox 2242 775 3828 849">
     <span class='ocr_line' id='line_1_66' title="bbox 2242 775 3828 849; baseline -0.006 -9"><span class='ocrx_word' id='word_1_534' title='bbox 2242 784 2543 840; x_wconf 83' lang='lat' dir='ltr'><strong>tubernium</strong></span> <span class='ocrx_word' id='word_1_535' title='bbox 2582 799 2769 839; x_wconf 88' lang='lat' dir='ltr'><strong>eorum</strong></span> <span class='ocrx_word' id='word_1_536' title='bbox 2809 782 3158 849; x_wconf 87' lang='lat' dir='ltr'><strong>concesserit,</strong></span> <span class='ocrx_word' id='word_1_537' title='bbox 3201 781 3438 837; x_wconf 88' lang='lat' dir='ltr'><strong>bonitate</strong></span> <span class='ocrx_word' id='word_1_538' title='bbox 3485 778 3664 832; x_wconf 80' lang='lat' dir='ltr'><strong>divina</strong></span> <span class='ocrx_word' id='word_1_539' title='bbox 3703 775 3828 831; x_wconf 84' lang='lat' dir='ltr'><strong>vin-</strong></span> 
     </span>
    </p>
   </div>
   <div class='ocr_carea' id='block_1_67' title="bbox 2241 869 3824 947">
    <p class='ocr_par' dir='ltr' id='par_1_67' title="bbox 2241 869 3824 947">
     <span class='ocr_line' id='line_1_67' title="bbox 2241 869 3824 947; baseline -0.008 -13"><span class='ocrx_word' id='word_1_540' title='bbox 2241 879 2421 935; x_wconf 79' lang='lat' dir='ltr'><strong>culum</strong></span> <span class='ocrx_word' id='word_1_541' title='bbox 2463 893 2648 934; x_wconf 86' lang='lat' dir='ltr'><strong>eorum</strong></span> <span class='ocrx_word' id='word_1_542' title='bbox 2691 877 3109 947; x_wconf 87' lang='lat' dir='ltr'><strong>constringente.</strong></span> <span class='ocrx_word' id='word_1_543' title='bbox 3139 874 3228 930; x_wconf 72' lang='lat' dir='ltr'><strong>ﬂ.</strong></span> <span class='ocrx_word' id='word_1_544' title='bbox 3279 871 3516 929; x_wconf 74' lang='lat' dir='ltr'><strong>Surrexit</strong></span> <span class='ocrx_word' id='word_1_545' title='bbox 3558 869 3714 933; x_wconf 81' lang='lat' dir='ltr'><strong>enim,</strong></span> <span class='ocrx_word' id='word_1_546' title='bbox 3745 869 3824 922; x_wconf 87' lang='lat' dir='ltr'><strong>in-</strong></span> 
     </span>
    </p>
   </div>
   <div class='ocr_carea' id='block_1_68' title="bbox 2242 957 3827 1041">
    <p class='ocr_par' dir='ltr' id='par_1_68' title="bbox 2242 957 3827 1041">
     <span class='ocr_line' id='line_1_68' title="bbox 2242 957 3827 1041; baseline -0.01 -16"><span class='ocrx_word' id='word_1_547' title='bbox 2242 979 2378 1041; x_wconf 78' lang='lat' dir='ltr'><strong>quit,</strong></span> <span class='ocrx_word' id='word_1_548' title='bbox 2390 984 2559 1034; x_wconf 85' lang='lat' dir='ltr'><strong>mane,</strong></span> <span class='ocrx_word' id='word_1_549' title='bbox 2572 978 2620 1024; x_wconf 85' lang='lat' dir='ltr'><strong>et</strong></span> <span class='ocrx_word' id='word_1_550' title='bbox 2637 969 2827 1038; x_wconf 80' lang='lat' dir='ltr'><strong>accepit</strong></span> <span class='ocrx_word' id='word_1_551' title='bbox 2841 983 3016 1038; x_wconf 88' lang='lat' dir='ltr'><strong>panes,</strong></span> <span class='ocrx_word' id='word_1_552' title='bbox 3033 975 3079 1021; x_wconf 83' lang='lat' dir='ltr'><strong>et</strong></span> <span class='ocrx_word' id='word_1_553' title='bbox 3091 974 3252 1020; x_wconf 82' lang='lat' dir='ltr'><strong>utrem</strong></span> <span class='ocrx_word' id='word_1_554' title='bbox 3271 978 3440 1033; x_wconf 83' lang='lat' dir='ltr'><strong>aqure,</strong></span> <span class='ocrx_word' id='word_1_555' title='bbox 3452 971 3497 1015; x_wconf 89' lang='lat' dir='ltr'><strong>et</strong></span> <span class='ocrx_word' id='word_1_556' title='bbox 3515 959 3652 1014; x_wconf 80' lang='lat' dir='ltr'><strong>dedit</strong></span> <span class='ocrx_word' id='word_1_557' title='bbox 3667 957 3827 1029; x_wconf 80' lang='lat' dir='ltr'><strong>Agar,</strong></span> 
     </span>
    </p>
   </div>
   <div class='ocr_carea' id='block_1_69' title="bbox 2244 1048 3829 1129">
    <p class='ocr_par' dir='ltr' id='par_1_69' title="bbox 2244 1048 3829 1129">
     <span class='ocr_line' id='line_1_69' title="bbox 2244 1048 3829 1129; baseline -0.01 -13"><span class='ocrx_word' id='word_1_558' title='bbox 2244 1069 2294 1116; x_wconf 89' lang='lat' dir='ltr'><strong>et</strong></span> <span class='ocrx_word' id='word_1_559' title='bbox 2329 1059 2570 1129; x_wconf 77' lang='lat' dir='ltr'><strong>imposuit</strong></span> <span class='ocrx_word' id='word_1_560' title='bbox 2603 1074 2757 1128; x_wconf 89' lang='lat' dir='ltr'><strong>super</strong></span> <span class='ocrx_word' id='word_1_561' title='bbox 2781 1058 3045 1111; x_wconf 83' lang='lat' dir='ltr'><strong>lmmerum</strong></span> <span class='ocrx_word' id='word_1_562' title='bbox 3071 1057 3182 1126; x_wconf 85' lang='lat' dir='ltr'><strong>ejus</strong></span> <span class='ocrx_word' id='word_1_563' title='bbox 3211 1062 3260 1108; x_wconf 91' lang='lat' dir='ltr'><strong>et</strong></span> <span class='ocrx_word' id='word_1_564' title='bbox 3300 1067 3542 1124; x_wconf 84' lang='lat' dir='ltr'><strong>puerum,</strong></span> <span class='ocrx_word' id='word_1_565' title='bbox 3570 1060 3616 1103; x_wconf 87' lang='lat' dir='ltr'><strong>et</strong></span> <span class='ocrx_word' id='word_1_566' title='bbox 3642 1048 3829 1102; x_wconf 86' lang='lat' dir='ltr'><strong>dimisit</strong></span> 
     </span>
    </p>
   </div>
   <div class='ocr_carea' id='block_1_70' title="bbox 2245 1142 3830 1220">
    <p class='ocr_par' dir='ltr' id='par_1_70' title="bbox 2245 1142 3830 1220">
     <span class='ocr_line' id='line_1_70' title="bbox 2245 1142 3830 1220; baseline -0.009 -12"><span class='ocrx_word' id='word_1_567' title='bbox 2245 1166 2376 1208; x_wconf 85' lang='lat' dir='ltr'><strong>eam.</strong></span> <span class='ocrx_word' id='word_1_568' title='bbox 2398 1151 2533 1208; x_wconf 79' lang='lat' dir='ltr'><strong>Vide</strong></span> <span class='ocrx_word' id='word_1_569' title='bbox 2551 1150 2638 1206; x_wconf 90' lang='lat' dir='ltr'><strong>hic</strong></span> <span class='ocrx_word' id='word_1_570' title='bbox 2656 1150 2848 1207; x_wconf 89' lang='lat' dir='ltr'><strong>iterum</strong></span> <span class='ocrx_word' id='word_1_571' title='bbox 2866 1149 2998 1220; x_wconf 85' lang='lat' dir='ltr'><strong>justi</strong></span> <span class='ocrx_word' id='word_1_572' title='bbox 3025 1147 3274 1210; x_wconf 86' lang='lat' dir='ltr'><strong>eximiam</strong></span> <span class='ocrx_word' id='word_1_573' title='bbox 3301 1142 3641 1215; x_wconf 85' lang='lat' dir='ltr'><strong>probitatem.</strong></span> <span class='ocrx_word' id='word_1_574' title='bbox 3657 1148 3715 1196; x_wconf 82' lang='lat' dir='ltr'><strong>et</strong></span> <span class='ocrx_word' id='word_1_575' title='bbox 3728 1152 3830 1209; x_wconf 75' lang='lat' dir='ltr'><strong>qua</strong></span> 
     </span>
    </p>
   </div>
   <div class='ocr_carea' id='block_1_71' title="bbox 2245 1227 3836 1310">
    <p class='ocr_par' dir='ltr' id='par_1_71' title="bbox 2245 1227 3836 1310">
     <span class='ocr_line' id='line_1_71' title="bbox 2245 1227 3836 1310; baseline -0.009 -12"><span class='ocrx_word' id='word_1_576' title='bbox 2245 1242 2454 1299; x_wconf 87' lang='lat' dir='ltr'><strong>ratione</strong></span> <span class='ocrx_word' id='word_1_577' title='bbox 2500 1241 2558 1296; x_wconf 88' lang='lat' dir='ltr'><strong>in</strong></span> <span class='ocrx_word' id='word_1_578' title='bbox 2603 1239 2854 1297; x_wconf 90' lang='lat' dir='ltr'><strong>omnibus</strong></span> <span class='ocrx_word' id='word_1_579' title='bbox 2906 1239 3210 1310; x_wconf 86' lang='lat' dir='ltr'><strong>religiosam</strong></span> <span class='ocrx_word' id='word_1_580' title='bbox 3257 1249 3412 1292; x_wconf 86' lang='lat' dir='ltr'><strong>suam</strong></span> <span class='ocrx_word' id='word_1_581' title='bbox 3457 1239 3690 1287; x_wconf 77' lang='lat' dir='ltr'><strong>mentem</strong></span> <span class='ocrx_word' id='word_1_582' title='bbox 3736 1227 3836 1284; x_wconf 82' lang='lat' dir='ltr'><strong>de-</strong></span> 
     </span>
    </p>
   </div>
   <div class='ocr_carea' id='block_1_72' title="bbox 2247 1317 3838 1401">
    <p class='ocr_par' dir='ltr' id='par_1_72' title="bbox 2247 1317 3838 1401">
     <span class='ocr_line' id='line_1_72' title="bbox 2247 1317 3838 1401; baseline -0.011 -12"><span class='ocrx_word' id='word_1_583' title='bbox 2247 1334 2437 1389; x_wconf 88' lang='lat' dir='ltr'><strong>claret.</strong></span> <span class='ocrx_word' id='word_1_584' title='bbox 2472 1331 2605 1386; x_wconf 81' lang='lat' dir='ltr'><strong>Nsm</strong></span> <span class='ocrx_word' id='word_1_585' title='bbox 2635 1329 2848 1401; x_wconf 89' lang='lat' dir='ltr'><strong>quando</strong></span> <span class='ocrx_word' id='word_1_586' title='bbox 2874 1328 3074 1385; x_wconf 83' lang='lat' dir='ltr'><strong>audivit</strong></span> <span class='ocrx_word' id='word_1_587' title='bbox 3101 1327 3316 1383; x_wconf 87' lang='lat' dir='ltr'><strong>Sarram</strong></span> <span class='ocrx_word' id='word_1_588' title='bbox 3351 1323 3655 1386; x_wconf 81' lang='lat' dir='ltr'><strong>dicentem,</strong></span> <span class='ocrx_word' id='word_1_589' title='bbox 3690 1317 3838 1390; x_wconf 78' lang='lat' dir='ltr'><strong>Ejice</strong></span> 
     </span>
    </p>
   </div>
   <div class='ocr_carea' id='block_1_73' title="bbox 2247 1407 3836 1495">
    <p class='ocr_par' dir='ltr' id='par_1_73' title="bbox 2247 1407 3836 1495">
     <span class='ocr_line' id='line_1_73' title="bbox 2247 1407 3836 1495; baseline -0.011 -15"><span class='ocrx_word' id='word_1_590' title='bbox 2247 1423 2491 1480; x_wconf 86' lang='lat' dir='ltr'><strong>ancillam</strong></span> <span class='ocrx_word' id='word_1_591' title='bbox 2512 1433 2559 1480; x_wconf 89' lang='lat' dir='ltr'><strong>et</strong></span> <span class='ocrx_word' id='word_1_592' title='bbox 2588 1423 2752 1494; x_wconf 75' lang='lat' dir='ltr'><strong>ﬁlium</strong></span> <span class='ocrx_word' id='word_1_593' title='bbox 2780 1423 2893 1495; x_wconf 87' lang='lat' dir='ltr'><strong>ejus</strong></span> <span class='ocrx_word' id='word_1_594' title='bbox 2914 1438 2934 1476; x_wconf 90' lang='lat'><strong>:</strong></span> <span class='ocrx_word' id='word_1_595' title='bbox 2958 1420 3151 1476; x_wconf 87' lang='lat' dir='ltr'><strong>durum</strong></span> <span class='ocrx_word' id='word_1_596' title='bbox 3181 1417 3230 1474; x_wconf 90' lang='lat' dir='ltr'><strong>ei</strong></span> <span class='ocrx_word' id='word_1_597' title='bbox 3259 1415 3540 1472; x_wconf 86' lang='lat' dir='ltr'><strong>videbatur</strong></span> <span class='ocrx_word' id='word_1_598' title='bbox 3559 1453 3576 1481; x_wconf 93' lang='lat'><strong>,</strong></span> <span class='ocrx_word' id='word_1_599' title='bbox 3603 1425 3670 1468; x_wconf 84' lang='lat' dir='ltr'><strong>eo</strong></span> <span class='ocrx_word' id='word_1_600' title='bbox 3692 1407 3836 1480; x_wconf 83' lang='lat' dir='ltr'><strong>quod</strong></span> 
     </span>
    </p>
   </div>
   <div class='ocr_carea' id='block_1_74' title="bbox 2249 1500 3840 1584">
    <p class='ocr_par' dir='ltr' id='par_1_74' title="bbox 2249 1500 3840 1584">
     <span class='ocr_line' id='line_1_74' title="bbox 2249 1500 3840 1584; baseline -0.012 -11"><span class='ocrx_word' id='word_1_601' title='bbox 2249 1516 2386 1572; x_wconf 90' lang='lat' dir='ltr'><strong>bene</strong></span> <span class='ocrx_word' id='word_1_602' title='bbox 2405 1514 2735 1572; x_wconf 72' lang='lat' dir='ltr'><strong>afﬁciebatur</strong></span> <span class='ocrx_word' id='word_1_603' title='bbox 2755 1527 2880 1584; x_wconf 86' lang='lat' dir='ltr'><strong>erga</strong></span> <span class='ocrx_word' id='word_1_604' title='bbox 2908 1509 3187 1567; x_wconf 86' lang='lat' dir='ltr'><strong>lsmaelem</strong></span> <span class='ocrx_word' id='word_1_605' title='bbox 3211 1526 3224 1563; x_wconf 92' lang='lat'><strong>:</strong></span> <span class='ocrx_word' id='word_1_606' title='bbox 3250 1521 3436 1563; x_wconf 85' lang='lat' dir='ltr'><strong>verum</strong></span> <span class='ocrx_word' id='word_1_607' title='bbox 3467 1503 3556 1560; x_wconf 89' lang='lat' dir='ltr'><strong>ubi</strong></span> <span class='ocrx_word' id='word_1_608' title='bbox 3584 1500 3840 1557; x_wconf 86' lang='lat' dir='ltr'><strong>Dominus</strong></span> 
     </span>
    </p>
   </div>
   <div class='ocr_carea' id='block_1_75' title="bbox 2249 1590 3840 1677">
    <p class='ocr_par' dir='ltr' id='par_1_75' title="bbox 2249 1590 3840 1677">
     <span class='ocr_line' id='line_1_75' title="bbox 2249 1590 3840 1677; baseline -0.013 -14"><span class='ocrx_word' id='word_1_609' title='bbox 2249 1606 2526 1677; x_wconf 68' lang='lat' dir='ltr'><strong>prmeepit,</strong></span> <span class='ocrx_word' id='word_1_610' title='bbox 2567 1605 2746 1661; x_wconf 82' lang='lat' dir='ltr'><strong>statim</strong></span> <span class='ocrx_word' id='word_1_611' title='bbox 2782 1602 2910 1659; x_wconf 78' lang='lat' dir='ltr'><strong>fecit</strong></span> <span class='ocrx_word' id='word_1_612' title='bbox 2936 1600 3079 1672; x_wconf 88' lang='lat' dir='ltr'><strong>quod</strong></span> <span class='ocrx_word' id='word_1_613' title='bbox 3127 1601 3444 1668; x_wconf 87' lang='lat' dir='ltr'><strong>imperatam</strong></span> <span class='ocrx_word' id='word_1_614' title='bbox 3487 1601 3631 1657; x_wconf 86' lang='lat' dir='ltr'><strong>erat,</strong></span> <span class='ocrx_word' id='word_1_615' title='bbox 3675 1590 3840 1647; x_wconf 86' lang='lat' dir='ltr'><strong>etiam</strong></span> 
     </span>
    </p>
   </div>
   <div class='ocr_carea' id='block_1_76' title="bbox 2251 1681 3842 1762">
    <p class='ocr_par' dir='ltr' id='par_1_76' title="bbox 2251 1681 3842 1762">
     <span class='ocr_line' id='line_1_76' title="bbox 2251 1681 3842 1762; baseline -0.011 -10"><span class='ocrx_word' id='word_1_616' title='bbox 2251 1696 2508 1752; x_wconf 83' lang='lat' dir='ltr'><strong>naturalis</strong></span> <span class='ocrx_word' id='word_1_617' title='bbox 2527 1695 2727 1750; x_wconf 86' lang='lat' dir='ltr'><strong>amoris</strong></span> <span class='ocrx_word' id='word_1_618' title='bbox 2753 1693 2970 1761; x_wconf 87' lang='lat' dir='ltr'><strong>oblitus,</strong></span> <span class='ocrx_word' id='word_1_619' title='bbox 2992 1692 3145 1762; x_wconf 88' lang='lat' dir='ltr'><strong>quasi</strong></span> <span class='ocrx_word' id='word_1_620' title='bbox 3163 1689 3402 1745; x_wconf 88' lang='lat' dir='ltr'><strong>diceret:</strong></span> <span class='ocrx_word' id='word_1_621' title='bbox 3426 1685 3525 1742; x_wconf 88' lang='lat' dir='ltr'><strong>Ubi</strong></span> <span class='ocrx_word' id='word_1_622' title='bbox 3553 1681 3678 1755; x_wconf 83' lang='lat' dir='ltr'><strong>quid</strong></span> <span class='ocrx_word' id='word_1_623' title='bbox 3703 1695 3842 1753; x_wconf 69' lang='lat' dir='ltr'><strong>prai-</strong></span> 
     </span>
    </p>
   </div>
   <div class='ocr_carea' id='block_1_77' title="bbox 2253 1774 3843 1859">
    <p class='ocr_par' dir='ltr' id='par_1_77' title="bbox 2253 1774 3843 1859">
     <span class='ocr_line' id='line_1_77' title="bbox 2253 1774 3843 1859; baseline -0.011 -15"><span class='ocrx_word' id='word_1_624' title='bbox 2253 1788 2382 1859; x_wconf 80' lang='lat' dir='ltr'><strong>eipit</strong></span> <span class='ocrx_word' id='word_1_625' title='bbox 2411 1786 2688 1853; x_wconf 89' lang='lat' dir='ltr'><strong>Dominus,</strong></span> <span class='ocrx_word' id='word_1_626' title='bbox 2712 1785 2978 1840; x_wconf 80' lang='lat' dir='ltr'><strong>lacessant</strong></span> <span class='ocrx_word' id='word_1_627' title='bbox 2997 1796 3186 1838; x_wconf 88' lang='lat' dir='ltr'><strong>omnes</strong></span> <span class='ocrx_word' id='word_1_628' title='bbox 3210 1777 3520 1835; x_wconf 70' lang='lat' dir='ltr'><strong>affectiones</strong></span> <span class='ocrx_word' id='word_1_629' title='bbox 3547 1793 3562 1829; x_wconf 91' lang='lat'><strong>:</strong></span> <span class='ocrx_word' id='word_1_630' title='bbox 3593 1774 3714 1844; x_wconf 87' lang='lat' dir='ltr'><strong>quia</strong></span> <span class='ocrx_word' id='word_1_631' title='bbox 3741 1786 3843 1828; x_wconf 85' lang='lat' dir='ltr'><strong>na-</strong></span> 
     </span>
    </p>
   </div>
   <div class='ocr_carea' id='block_1_78' title="bbox 2255 1862 3846 1946">
    <p class='ocr_par' dir='ltr' id='par_1_78' title="bbox 2255 1862 3846 1946">
     <span class='ocr_line' id='line_1_78' title="bbox 2255 1862 3846 1946; baseline -0.011 -12"><span class='ocrx_word' id='word_1_632' title='bbox 2255 1888 2388 1934; x_wconf 64' lang='lat' dir='ltr'><strong>tura:</strong></span> <span class='ocrx_word' id='word_1_633' title='bbox 2415 1877 2673 1932; x_wconf 87' lang='lat' dir='ltr'><strong>Dominus</strong></span> <span class='ocrx_word' id='word_1_634' title='bbox 2694 1885 2798 1940; x_wconf 84' lang='lat' dir='ltr'><strong>est,</strong></span> <span class='ocrx_word' id='word_1_635' title='bbox 2825 1874 2917 1946; x_wconf 85' lang='lat' dir='ltr'><strong>qui</strong></span> <span class='ocrx_word' id='word_1_636' title='bbox 2948 1872 3209 1944; x_wconf 71' lang='lat' dir='ltr'><strong>praecipit.</strong></span> <span class='ocrx_word' id='word_1_637' title='bbox 3241 1868 3309 1925; x_wconf 88' lang='lat' dir='ltr'><strong>Ut</strong></span> <span class='ocrx_word' id='word_1_638' title='bbox 3329 1867 3522 1938; x_wconf 89' lang='lat' dir='ltr'><strong>accepit</strong></span> <span class='ocrx_word' id='word_1_639' title='bbox 3549 1865 3724 1937; x_wconf 76' lang='lat' dir='ltr'><strong>igitur.</strong></span> <span class='ocrx_word' id='word_1_640' title='bbox 3756 1862 3846 1918; x_wconf 84' lang='lat' dir='ltr'><strong>in-</strong></span> 
     </span>
    </p>
   </div>
   <div class='ocr_carea' id='block_1_79' title="bbox 2255 1965 3838 2042">
    <p class='ocr_par' dir='ltr' id='par_1_79' title="bbox 2255 1965 3838 2042">
     <span class='ocr_line' id='line_1_79' title="bbox 2255 1965 3838 2042; baseline -0.012 -16"><span class='ocrx_word' id='word_1_641' title='bbox 2255 1972 2391 2042; x_wconf 89' lang='lat' dir='ltr'><strong>quit,</strong></span> <span class='ocrx_word' id='word_1_642' title='bbox 2439 1969 2628 2024; x_wconf 85' lang='lat' dir='ltr'><strong>ancilla</strong></span> <span class='ocrx_word' id='word_1_643' title='bbox 2669 1983 2847 2039; x_wconf 86' lang='lat' dir='ltr'><strong>panes.</strong></span> <span class='ocrx_word' id='word_1_644' title='bbox 2876 1974 2924 2020; x_wconf 88' lang='lat' dir='ltr'><strong>et</strong></span> <span class='ocrx_word' id='word_1_645' title='bbox 2961 1975 3132 2020; x_wconf 86' lang='lat' dir='ltr'><strong>utrem</strong></span> <span class='ocrx_word' id='word_1_646' title='bbox 3163 1977 3339 2030; x_wconf 64' lang='lat' dir='ltr'><strong>aqua,</strong></span> <span class='ocrx_word' id='word_1_647' title='bbox 3366 1973 3568 2031; x_wconf 87' lang='lat' dir='ltr'><strong>egressa</strong></span> <span class='ocrx_word' id='word_1_648' title='bbox 3606 1965 3680 2012; x_wconf 86' lang='lat' dir='ltr'><strong>est</strong></span> <span class='ocrx_word' id='word_1_649' title='bbox 3719 1969 3838 2009; x_wconf 77' lang='lat' dir='ltr'><strong>cum</strong></span> 
     </span>
    </p>
   </div>
   <div class='ocr_carea' id='block_1_80' title="bbox 2259 2051 3849 2133">
    <p class='ocr_par' dir='ltr' id='par_1_80' title="bbox 2259 2051 3849 2133">
     <span class='ocr_line' id='line_1_80' title="bbox 2259 2051 3849 2133; baseline -0.011 -14"><span class='ocrx_word' id='word_1_650' title='bbox 2259 2079 2438 2133; x_wconf 84' lang='lat' dir='ltr'><strong>puero.</strong></span> <span class='ocrx_word' id='word_1_651' title='bbox 2447 2061 2668 2127; x_wconf 79' lang='lat' dir='ltr'><strong>Verum,</strong></span> <span class='ocrx_word' id='word_1_652' title='bbox 2689 2059 2935 2123; x_wconf 87' lang='lat' dir='ltr'><strong>obsecro,</strong></span> <span class='ocrx_word' id='word_1_653' title='bbox 2959 2056 3082 2112; x_wconf 83' lang='lat' dir='ltr'><strong>vide</strong></span> <span class='ocrx_word' id='word_1_654' title='bbox 3101 2056 3314 2118; x_wconf 87' lang='lat' dir='ltr'><strong>iterum,</strong></span> <span class='ocrx_word' id='word_1_655' title='bbox 3337 2051 3608 2123; x_wconf 88' lang='lat' dir='ltr'><strong>quomodo</strong></span> <span class='ocrx_word' id='word_1_656' title='bbox 3630 2053 3849 2118; x_wconf 76' lang='lat' dir='ltr'><strong>propter</strong></span> 
     </span>
    </p>
   </div>
   <div class='ocr_carea' id='block_1_81' title="bbox 2255 2141 3848 2223">
    <p class='ocr_par' dir='ltr' id='par_1_81' title="bbox 2255 2141 3848 2223">
     <span class='ocr_line' id='line_1_81' title="bbox 2255 2141 3848 2223; baseline -0.01 -12"><span class='ocrx_word' id='word_1_657' title='bbox 2255 2153 2703 2220; x_wconf 85' lang='lat' dir='ltr'><strong>benevolentiam,</strong></span> <span class='ocrx_word' id='word_1_658' title='bbox 2734 2165 2837 2223; x_wconf 87' lang='lat' dir='ltr'><strong>qua</strong></span> <span class='ocrx_word' id='word_1_659' title='bbox 2868 2149 3286 2222; x_wconf 87' lang='lat' dir='ltr'><strong>prosequebatur</strong></span> <span class='ocrx_word' id='word_1_660' title='bbox 3308 2145 3511 2217; x_wconf 87' lang='lat' dir='ltr'><strong>justum</strong></span> <span class='ocrx_word' id='word_1_661' title='bbox 3542 2142 3702 2207; x_wconf 88' lang='lat' dir='ltr'><strong>Deus,</strong></span> <span class='ocrx_word' id='word_1_662' title='bbox 3730 2141 3848 2195; x_wconf 67' lang='lat' dir='ltr'><strong>haec</strong></span> 
     </span>
    </p>
   </div>
   <div class='ocr_carea' id='block_1_82' title="bbox 2257 2231 3846 2319">
    <p class='ocr_par' dir='ltr' id='par_1_82' title="bbox 2257 2231 3846 2319">
     <span class='ocr_line' id='line_1_82' title="bbox 2257 2231 3846 2319; baseline -0.008 -20"><span class='ocrx_word' id='word_1_663' title='bbox 2257 2263 2469 2319; x_wconf 89' lang='lat' dir='ltr'><strong>quoque</strong></span> <span class='ocrx_word' id='word_1_664' title='bbox 2498 2261 2730 2317; x_wconf 82' lang='lat' dir='ltr'><strong>superna</strong></span> <span class='ocrx_word' id='word_1_665' title='bbox 2755 2259 2885 2300; x_wconf 82' lang='lat' dir='ltr'><strong>cura</strong></span> <span class='ocrx_word' id='word_1_666' title='bbox 2915 2243 3074 2313; x_wconf 88' lang='lat' dir='ltr'><strong>digna</strong></span> <span class='ocrx_word' id='word_1_667' title='bbox 3115 2240 3394 2295; x_wconf 89' lang='lat' dir='ltr'><strong>habeatur.</strong></span> <span class='ocrx_word' id='word_1_668' title='bbox 3424 2236 3495 2293; x_wconf 79' lang='lat' dir='ltr'><strong>Ut</strong></span> <span class='ocrx_word' id='word_1_669' title='bbox 3529 2249 3658 2305; x_wconf 88' lang='lat' dir='ltr'><strong>ergo</strong></span> <span class='ocrx_word' id='word_1_670' title='bbox 3692 2231 3846 2297; x_wconf 79' lang='lat' dir='ltr'><strong>abiit.</strong></span> 
     </span>
    </p>
   </div>
   <div class='ocr_carea' id='block_1_83' title="bbox 2257 2330 3850 2408">
    <p class='ocr_par' dir='ltr' id='par_1_83' title="bbox 2257 2330 3850 2408">
     <span class='ocr_line' id='line_1_83' title="bbox 2257 2330 3850 2408; baseline -0.012 -13"><span class='ocrx_word' id='word_1_671' title='bbox 2257 2338 2552 2408; x_wconf 80' lang='lat' dir='ltr'><strong>vagabatur</strong></span> <span class='ocrx_word' id='word_1_672' title='bbox 2592 2352 2686 2407; x_wconf 92' lang='lat' dir='ltr'><strong>per</strong></span> <span class='ocrx_word' id='word_1_673' title='bbox 2713 2334 3055 2392; x_wconf 89' lang='lat' dir='ltr'><strong>solitudinem</strong></span> <span class='ocrx_word' id='word_1_674' title='bbox 3079 2373 3095 2398; x_wconf 91' lang='lat'><strong>,</strong></span> <span class='ocrx_word' id='word_1_675' title='bbox 3133 2340 3333 2386; x_wconf 87' lang='lat' dir='ltr'><strong>etcum</strong></span> <span class='ocrx_word' id='word_1_676' title='bbox 3359 2342 3496 2398; x_wconf 85' lang='lat' dir='ltr'><strong>aqua</strong></span> <span class='ocrx_word' id='word_1_677' title='bbox 3531 2330 3850 2392; x_wconf 79' lang='lat' dir='ltr'><strong>consumpta</strong></span> 
     </span>
    </p>
   </div>
   <div class='ocr_carea' id='block_1_84' title="bbox 2260 2409 3851 2499">
    <p class='ocr_par' dir='ltr' id='par_1_84' title="bbox 2260 2409 3851 2499">
     <span class='ocr_line' id='line_1_84' title="bbox 2260 2409 3851 2499; baseline -0.013 -13"><span class='ocrx_word' id='word_1_678' title='bbox 2260 2431 2460 2486; x_wconf 88' lang='lat' dir='ltr'><strong>nullam</strong></span> <span class='ocrx_word' id='word_1_679' title='bbox 2502 2443 2725 2499; x_wconf 90' lang='lat' dir='ltr'><strong>usquam</strong></span> <span class='ocrx_word' id='word_1_680' title='bbox 2755 2426 3020 2481; x_wconf 89' lang='lat' dir='ltr'><strong>inveniret</strong></span> <span class='ocrx_word' id='word_1_681' title='bbox 3043 2409 3464 2479; x_wconf 84' lang='lat' dir='ltr'><strong>consolationem</strong></span> <span class='ocrx_word' id='word_1_682' title='bbox 3485 2458 3502 2484; x_wconf 93' lang='lat'><strong>,</strong></span> <span class='ocrx_word' id='word_1_683' title='bbox 3534 2415 3623 2471; x_wconf 75' lang='grc'><strong>15.</strong></span> <span class='ocrx_word' id='word_1_684' title='bbox 3655 2411 3851 2484; x_wconf 77' lang='lat' dir='ltr'><strong>Abjecit</strong></span> 
     </span>
    </p>
   </div>
   <div class='ocr_carea' id='block_1_85' title="bbox 2262 2504 3852 2593">
    <p class='ocr_par' dir='ltr' id='par_1_85' title="bbox 2262 2504 3852 2593">
     <span class='ocr_line' id='line_1_85' title="bbox 2262 2504 3852 2593; baseline -0.011 -18"><span class='ocrx_word' id='word_1_685' title='bbox 2262 2537 2496 2593; x_wconf 86' lang='lat' dir='ltr'><strong>puerum,</strong></span> <span class='ocrx_word' id='word_1_686' title='bbox 2525 2519 2714 2590; x_wconf 90' lang='lat' dir='ltr'><strong>inquit,</strong></span> <span class='ocrx_word' id='word_1_687' title='bbox 2743 2517 2911 2572; x_wconf 82' lang='lat' dir='ltr'><strong>subter</strong></span> <span class='ocrx_word' id='word_1_688' title='bbox 2937 2531 3090 2570; x_wconf 86' lang='lat' dir='ltr'><strong>unam</strong></span> <span class='ocrx_word' id='word_1_689' title='bbox 3112 2512 3343 2566; x_wconf 82' lang='lat' dir='ltr'><strong>abietem.</strong></span> <span class='ocrx_word' id='word_1_690' title='bbox 3373 2504 3852 2575; x_wconf 77' lang='lat' dir='ltr'><strong>Disrumpehaatut</strong></span> 
     </span>
    </p>
   </div>
   <div class='ocr_carea' id='block_1_86' title="bbox 2261 2595 3852 2683">
    <p class='ocr_par' dir='ltr' id='par_1_86' title="bbox 2261 2595 3852 2683">
     <span class='ocr_line' id='line_1_86' title="bbox 2261 2595 3852 2683; baseline -0.014 -14"><span class='ocrx_word' id='word_1_691' title='bbox 2261 2614 2403 2669; x_wconf 91' lang='lat' dir='ltr'><strong>enim</strong></span> <span class='ocrx_word' id='word_1_692' title='bbox 2433 2612 2551 2683; x_wconf 78' lang='lat' dir='ltr'><strong>ejus</strong></span> <span class='ocrx_word' id='word_1_693' title='bbox 2571 2611 2798 2675; x_wconf 89' lang='lat' dir='ltr'><strong>viscera,</strong></span> <span class='ocrx_word' id='word_1_694' title='bbox 2829 2617 2884 2663; x_wconf 92' lang='lat' dir='ltr'><strong>et</strong></span> <span class='ocrx_word' id='word_1_695' title='bbox 2907 2605 3122 2661; x_wconf 87' lang='lat' dir='ltr'><strong>dolebat</strong></span> <span class='ocrx_word' id='word_1_696' title='bbox 3158 2602 3386 2658; x_wconf 88' lang='lat' dir='ltr'><strong>multum</strong></span> <span class='ocrx_word' id='word_1_697' title='bbox 3415 2599 3485 2653; x_wconf 90' lang='lat' dir='ltr'><strong>ob</strong></span> <span class='ocrx_word' id='word_1_698' title='bbox 3510 2595 3852 2652; x_wconf 82' lang='lat' dir='ltr'><strong>immodicam</strong></span> 
     </span>
    </p>
   </div>
   <div class='ocr_carea' id='block_1_87' title="bbox 2263 2688 3855 2776">
    <p class='ocr_par' dir='ltr' id='par_1_87' title="bbox 2263 2688 3855 2776">
     <span class='ocr_line' id='line_1_87' title="bbox 2263 2688 3855 2776; baseline -0.014 -14"><span class='ocrx_word' id='word_1_699' title='bbox 2263 2721 2388 2776; x_wconf 88' lang='lat' dir='ltr'><strong>erga</strong></span> <span class='ocrx_word' id='word_1_700' title='bbox 2414 2719 2638 2776; x_wconf 83' lang='lat' dir='ltr'><strong>puerum</strong></span> <span class='ocrx_word' id='word_1_701' title='bbox 2669 2701 3025 2757; x_wconf 77' lang='lat' dir='ltr'><strong>affectionem.</strong></span> <span class='ocrx_word' id='word_1_702' title='bbox 3057 2696 3144 2753; x_wconf 69' lang='lat'><strong>16.</strong></span> <span class='ocrx_word' id='word_1_703' title='bbox 3173 2694 3352 2760; x_wconf 86' lang='lat' dir='ltr'><strong>Sedit,</strong></span> <span class='ocrx_word' id='word_1_704' title='bbox 3379 2690 3580 2761; x_wconf 86' lang='lat' dir='ltr'><strong>inquit,</strong></span> <span class='ocrx_word' id='word_1_705' title='bbox 3612 2688 3855 2740; x_wconf 80' lang='lat' dir='ltr'><strong>adversus</strong></span> 
     </span>
    </p>
   </div>
   <div class='ocr_carea' id='block_1_88' title="bbox 2263 2777 3856 2866">
    <p class='ocr_par' dir='ltr' id='par_1_88' title="bbox 2263 2777 3856 2866">
     <span class='ocr_line' id='line_1_88' title="bbox 2263 2777 3856 2866; baseline -0.015 -14"><span class='ocrx_word' id='word_1_706' title='bbox 2263 2813 2410 2863; x_wconf 88' lang='lat' dir='ltr'><strong>eum,</strong></span> <span class='ocrx_word' id='word_1_707' title='bbox 2437 2795 2582 2866; x_wconf 82' lang='lat' dir='ltr'><strong>quasi</strong></span> <span class='ocrx_word' id='word_1_708' title='bbox 2605 2793 2672 2848; x_wconf 86' lang='lat' dir='ltr'><strong>ad</strong></span> <span class='ocrx_word' id='word_1_709' title='bbox 2703 2793 2902 2866; x_wconf 85' lang='lat' dir='ltr'><strong>jactum</strong></span> <span class='ocrx_word' id='word_1_710' title='bbox 2938 2805 3106 2843; x_wconf 84' lang='lat' dir='ltr'><strong>arcus.</strong></span> <span class='ocrx_word' id='word_1_711' title='bbox 3151 2784 3361 2840; x_wconf 88' lang='lat' dir='ltr'><strong>Dicebat</strong></span> <span class='ocrx_word' id='word_1_712' title='bbox 3401 2781 3535 2836; x_wconf 85' lang='lat' dir='ltr'><strong>enim</strong></span> <span class='ocrx_word' id='word_1_713' title='bbox 3558 2794 3578 2835; x_wconf 89' lang='lat'><strong>:</strong></span> <span class='ocrx_word' id='word_1_714' title='bbox 3617 2777 3737 2833; x_wconf 81' lang='lat' dir='ltr'><strong>Non</strong></span> <span class='ocrx_word' id='word_1_715' title='bbox 3776 2778 3856 2830; x_wconf 72' lang='lat' dir='ltr'><strong>ei-</strong></span> 
     </span>
    </p>
   </div>
   <div class='ocr_carea' id='block_1_89' title="bbox 2265 2866 3858 2950">
    <p class='ocr_par' dir='ltr' id='par_1_89' title="bbox 2265 2866 3858 2950">
     <span class='ocr_line' id='line_1_89' title="bbox 2265 2866 3858 2950; baseline -0.014 -10"><span class='ocrx_word' id='word_1_716' title='bbox 2265 2884 2389 2940; x_wconf 86' lang='lat' dir='ltr'><strong>debo</strong></span> <span class='ocrx_word' id='word_1_717' title='bbox 2418 2893 2627 2937; x_wconf 82' lang='lat' dir='ltr'><strong>mortem</strong></span> <span class='ocrx_word' id='word_1_718' title='bbox 2655 2882 2799 2950; x_wconf 87' lang='lat' dir='ltr'><strong>pueri</strong></span> <span class='ocrx_word' id='word_1_719' title='bbox 2835 2879 2953 2933; x_wconf 86' lang='lat' dir='ltr'><strong>mei.</strong></span> <span class='ocrx_word' id='word_1_720' title='bbox 2993 2875 3064 2931; x_wconf 83' lang='lat' dir='ltr'><strong>Et</strong></span> <span class='ocrx_word' id='word_1_721' title='bbox 3087 2877 3216 2932; x_wconf 89' lang='lat' dir='ltr'><strong>sedit</strong></span> <span class='ocrx_word' id='word_1_722' title='bbox 3243 2892 3272 2929; x_wconf 88' lang='lat' dir='ltr'><strong>e</strong></span> <span class='ocrx_word' id='word_1_723' title='bbox 3296 2873 3501 2944; x_wconf 82' lang='lat' dir='ltr'><strong>regione</strong></span> <span class='ocrx_word' id='word_1_724' title='bbox 3542 2868 3704 2939; x_wconf 79' lang='lat' dir='ltr'><strong>pueri.</strong></span> <span class='ocrx_word' id='word_1_725' title='bbox 3732 2866 3858 2921; x_wconf 63' lang='grc' dir='ltr'><strong>εισι..</strong></span> 
     </span>
    </p>
   </div>
   <div class='ocr_carea' id='block_1_90' title="bbox 2264 2958 3857 3042">
    <p class='ocr_par' dir='ltr' id='par_1_90' title="bbox 2264 2958 3857 3042">
     <span class='ocr_line' id='line_1_90' title="bbox 2264 2958 3857 3042; baseline -0.012 -13"><span class='ocrx_word' id='word_1_726' title='bbox 2264 2990 2410 3030; x_wconf 86' lang='lat' dir='ltr'><strong>mans</strong></span> <span class='ocrx_word' id='word_1_727' title='bbox 2438 2983 2604 3027; x_wconf 73' lang='lat' dir='ltr'><strong>ciuem</strong></span> <span class='ocrx_word' id='word_1_728' title='bbox 2633 2987 2777 3042; x_wconf 87' lang='lat' dir='ltr'><strong>puer,</strong></span> <span class='ocrx_word' id='word_1_729' title='bbox 2810 2969 3026 3042; x_wconf 72' lang='lat' dir='ltr'><strong>ploravit</strong></span> <span class='ocrx_word' id='word_1_730' title='bbox 3053 2968 3151 3038; x_wconf 89' lang='lat' dir='ltr'><strong>(a).</strong></span> <span class='ocrx_word' id='word_1_731' title='bbox 3176 2964 3444 3020; x_wconf 70' lang='lat' dir='ltr'><strong>Cmterum</strong></span> <span class='ocrx_word' id='word_1_732' title='bbox 3468 2958 3777 3016; x_wconf 80' lang='lat' dir='ltr'><strong>misericors</strong></span> <span class='ocrx_word' id='word_1_733' title='bbox 3800 2965 3857 3012; x_wconf 90' lang='lat' dir='ltr'><strong>et</strong></span> 
     </span>
    </p>
   </div>
   <div class='ocr_carea' id='block_1_91' title="bbox 2265 3059 3858 3137">
    <p class='ocr_par' dir='ltr' id='par_1_91' title="bbox 2265 3059 3858 3137">
     <span class='ocr_line' id='line_1_91' title="bbox 2265 3059 3858 3137; baseline -0.014 -14"><span class='ocrx_word' id='word_1_734' title='bbox 2265 3069 2526 3137; x_wconf 85' lang='lat' dir='ltr'><strong>benignus</strong></span> <span class='ocrx_word' id='word_1_735' title='bbox 2555 3065 2726 3128; x_wconf 87' lang='lat' dir='ltr'><strong>Dens,</strong></span> <span class='ocrx_word' id='word_1_736' title='bbox 2757 3062 2927 3133; x_wconf 88' lang='lat' dir='ltr'><strong>patris</strong></span> <span class='ocrx_word' id='word_1_737' title='bbox 2967 3070 3021 3116; x_wconf 89' lang='lat' dir='ltr'><strong>et</strong></span> <span class='ocrx_word' id='word_1_738' title='bbox 3049 3059 3233 3114; x_wconf 83' lang='lat' dir='ltr'><strong>matris</strong></span> <span class='ocrx_word' id='word_1_739' title='bbox 3269 3070 3396 3127; x_wconf 87' lang='lat' dir='ltr'><strong>erga</strong></span> <span class='ocrx_word' id='word_1_740' title='bbox 3426 3069 3525 3108; x_wconf 90' lang='lat' dir='ltr'><strong>nos</strong></span> <span class='ocrx_word' id='word_1_741' title='bbox 3549 3065 3729 3107; x_wconf 87' lang='lat' dir='ltr'><strong>curam</strong></span> <span class='ocrx_word' id='word_1_742' title='bbox 3759 3062 3858 3104; x_wconf 84' lang='lat' dir='ltr'><strong>sua</strong></span> 
     </span>
    </p>
   </div>
   <div class='ocr_carea' id='block_1_92' title="bbox 2269 3141 3863 3225">
    <p class='ocr_par' dir='ltr' id='par_1_92' title="bbox 2269 3141 3863 3225">
     <span class='ocr_line' id='line_1_92' title="bbox 2269 3141 3863 3225; baseline -0.013 -12"><span class='ocrx_word' id='word_1_743' title='bbox 2269 3155 2650 3214; x_wconf 75' lang='lat' dir='ltr'><strong>transcenderis</strong></span> <span class='ocrx_word' id='word_1_744' title='bbox 2684 3155 2898 3225; x_wconf 83' lang='lat' dir='ltr'><strong>pietate,</strong></span> <span class='ocrx_word' id='word_1_745' title='bbox 2947 3153 3034 3206; x_wconf 78' lang='lat' dir='ltr'><strong>l7.</strong></span> <span class='ocrx_word' id='word_1_746' title='bbox 3073 3149 3352 3204; x_wconf 67' lang='lat' dir='ltr'><strong>Exaudivit</strong></span> <span class='ocrx_word' id='word_1_747' title='bbox 3390 3161 3562 3200; x_wconf 78' lang='lat' dir='ltr'><strong>vocem</strong></span> <span class='ocrx_word' id='word_1_748' title='bbox 3604 3142 3747 3212; x_wconf 87' lang='lat' dir='ltr'><strong>pueri</strong></span> <span class='ocrx_word' id='word_1_749' title='bbox 3791 3141 3863 3194; x_wconf 83' lang='lat' dir='ltr'><strong>de</strong></span> 
     </span>
    </p>
   </div>
   <div class='ocr_carea' id='block_1_93' title="bbox 2267 3230 3862 3306">
    <p class='ocr_par' dir='ltr' id='par_1_93' title="bbox 2267 3230 3862 3306">
     <span class='ocr_line' id='line_1_93' title="bbox 2267 3230 3862 3306; baseline -0.011 -3"><span class='ocrx_word' id='word_1_750' title='bbox 2267 3249 2380 3303; x_wconf 89' lang='lat' dir='ltr'><strong>loco</strong></span> <span class='ocrx_word' id='word_1_751' title='bbox 2410 3247 2496 3302; x_wconf 74' lang='lat' dir='ltr'><strong>ubi</strong></span> <span class='ocrx_word' id='word_1_752' title='bbox 2539 3255 2649 3300; x_wconf 87' lang='lat' dir='ltr'><strong>erat</strong></span> <span class='ocrx_word' id='word_1_753' title='bbox 2686 3261 2709 3297; x_wconf 89' lang='lat'><strong>:</strong></span> <span class='ocrx_word' id='word_1_754' title='bbox 2751 3245 3001 3298; x_wconf 86' lang='lat' dir='ltr'><strong>misertus</strong></span> <span class='ocrx_word' id='word_1_755' title='bbox 3046 3248 3210 3294; x_wconf 89' lang='lat' dir='ltr'><strong>estet</strong></span> <span class='ocrx_word' id='word_1_756' title='bbox 3252 3238 3401 3306; x_wconf 81' lang='lat' dir='ltr'><strong>pueri</strong></span> <span class='ocrx_word' id='word_1_757' title='bbox 3448 3243 3504 3290; x_wconf 92' lang='lat' dir='ltr'><strong>et</strong></span> <span class='ocrx_word' id='word_1_758' title='bbox 3543 3230 3862 3288; x_wconf 80' lang='lat' dir='ltr'><strong>calamitatis</strong></span> 
     </span>
    </p>
   </div>
   <div class='ocr_carea' id='block_1_94' title="bbox 2265 3320 3861 3411">
    <p class='ocr_par' dir='ltr' id='par_1_94' title="bbox 2265 3320 3861 3411">
     <span class='ocr_line' id='line_1_94' title="bbox 2265 3320 3861 3411; baseline -0.014 -15"><span class='ocrx_word' id='word_1_759' title='bbox 2265 3333 2410 3411; x_wconf 71' lang='lat' dir='ltr'><strong>Agar</strong></span> <span class='ocrx_word' id='word_1_760' title='bbox 2431 3356 2446 3393; x_wconf 91' lang='lat'><strong>:</strong></span> <span class='ocrx_word' id='word_1_761' title='bbox 2471 3337 2713 3409; x_wconf 86' lang='lat' dir='ltr'><strong>permisit</strong></span> <span class='ocrx_word' id='word_1_762' title='bbox 2732 3343 2933 3389; x_wconf 88' lang='lat' dir='ltr'><strong>tantum</strong></span> <span class='ocrx_word' id='word_1_763' title='bbox 2962 3347 3080 3385; x_wconf 89' lang='lat' dir='ltr'><strong>eam</strong></span> <span class='ocrx_word' id='word_1_764' title='bbox 3105 3344 3256 3399; x_wconf 80' lang='lat' dir='ltr'><strong>expet</strong></span> <span class='ocrx_word' id='word_1_765' title='bbox 3272 3328 3332 3382; x_wconf 88' lang='lat' dir='ltr'><strong>iri</strong></span> <span class='ocrx_word' id='word_1_766' title='bbox 3360 3325 3487 3396; x_wconf 88' lang='lat' dir='ltr'><strong>quid</strong></span> <span class='ocrx_word' id='word_1_767' title='bbox 3511 3325 3584 3380; x_wconf 89' lang='lat' dir='ltr'><strong>sit</strong></span> <span class='ocrx_word' id='word_1_768' title='bbox 3600 3320 3861 3387; x_wconf 77' lang='lat' dir='ltr'><strong>solitudo,</strong></span> 
     </span>
    </p>
   </div>
   <div class='ocr_carea' id='block_1_95' title="bbox 2267 3412 3858 3495">
    <p class='ocr_par' dir='ltr' id='par_1_95' title="bbox 2267 3412 3858 3495">
     <span class='ocr_line' id='line_1_95' title="bbox 2267 3412 3858 3495; baseline -0.014 -7"><span class='ocrx_word' id='word_1_769' title='bbox 2267 3444 2321 3490; x_wconf 88' lang='lat' dir='ltr'><strong>et</strong></span> <span class='ocrx_word' id='word_1_770' title='bbox 2335 3433 2512 3488; x_wconf 85' lang='lat' dir='ltr'><strong>statim</strong></span> <span class='ocrx_word' id='word_1_771' title='bbox 2530 3445 2684 3486; x_wconf 90' lang='lat' dir='ltr'><strong>suum</strong></span> <span class='ocrx_word' id='word_1_772' title='bbox 2699 3425 2968 3484; x_wconf 80' lang='lat' dir='ltr'><strong>concessit</strong></span> <span class='ocrx_word' id='word_1_773' title='bbox 2988 3423 3316 3495; x_wconf 66' lang='lat' dir='ltr'><strong>priesidium.</strong></span> <span class='ocrx_word' id='word_1_774' title='bbox 3339 3417 3405 3472; x_wconf 83' lang='lat' dir='ltr'><strong>Et</strong></span> <span class='ocrx_word' id='word_1_775' title='bbox 3427 3417 3637 3482; x_wconf 81' lang='lat' dir='ltr'><strong>uocauit,</strong></span> <span class='ocrx_word' id='word_1_776' title='bbox 3662 3412 3858 3484; x_wconf 83' lang='lat' dir='ltr'><strong>inquit,</strong></span> 
     </span>
    </p>
   </div>
   <div class='ocr_carea' id='block_1_96' title="bbox 2268 3504 3866 3594">
    <p class='ocr_par' dir='ltr' id='par_1_96' title="bbox 2268 3504 3866 3594">
     <span class='ocr_line' id='line_1_96' title="bbox 2268 3504 3866 3594; baseline -0.013 -15"><span class='ocrx_word' id='word_1_777' title='bbox 2268 3522 2480 3594; x_wconf 88' lang='lat' dir='ltr'><strong>angelus</strong></span> <span class='ocrx_word' id='word_1_778' title='bbox 2511 3521 2606 3576; x_wconf 83' lang='lat' dir='ltr'><strong>Dei</strong></span> <span class='ocrx_word' id='word_1_779' title='bbox 2633 3520 2772 3591; x_wconf 79' lang='lat' dir='ltr'><strong>Agar</strong></span> <span class='ocrx_word' id='word_1_780' title='bbox 2795 3517 2856 3571; x_wconf 90' lang='lat' dir='ltr'><strong>de</strong></span> <span class='ocrx_word' id='word_1_781' title='bbox 2883 3517 3027 3580; x_wconf 77' lang='lat' dir='ltr'><strong>cwlo,</strong></span> <span class='ocrx_word' id='word_1_782' title='bbox 3062 3524 3108 3568; x_wconf 90' lang='lat' dir='ltr'><strong>et</strong></span> <span class='ocrx_word' id='word_1_783' title='bbox 3138 3513 3265 3567; x_wconf 71' lang='lat' dir='ltr'><strong>dixit</strong></span> <span class='ocrx_word' id='word_1_784' title='bbox 3282 3511 3327 3566; x_wconf 89' lang='lat' dir='ltr'><strong>ei</strong></span> <span class='ocrx_word' id='word_1_785' title='bbox 3345 3525 3365 3565; x_wconf 89' lang='lat'><strong>:</strong></span> <span class='ocrx_word' id='word_1_786' title='bbox 3388 3509 3526 3576; x_wconf 85' lang='lat' dir='ltr'><strong>Quid</strong></span> <span class='ocrx_word' id='word_1_787' title='bbox 3553 3517 3646 3573; x_wconf 87' lang='lat' dir='ltr'><strong>est,</strong></span> <span class='ocrx_word' id='word_1_788' title='bbox 3677 3504 3866 3576; x_wconf 67' lang='lat' dir='ltr'><strong>Agar?</strong></span> 
     </span>
    </p>
   </div>
   <div class='ocr_carea' id='block_1_97' title="bbox 2273 3596 3865 3672">
    <p class='ocr_par' dir='ltr' id='par_1_97' title="bbox 2273 3596 3865 3672">
     <span class='ocr_line' id='line_1_97' title="bbox 2273 3596 3865 3672; baseline -0.011 -4"><span class='ocrx_word' id='word_1_789' title='bbox 2273 3614 2358 3668; x_wconf 88' lang='lat' dir='ltr'><strong>Ne</strong></span> <span class='ocrx_word' id='word_1_790' title='bbox 2385 3613 2564 3667; x_wconf 89' lang='lat' dir='ltr'><strong>timeas</strong></span> <span class='ocrx_word' id='word_1_791' title='bbox 2587 3628 2606 3666; x_wconf 90' lang='lat'><strong>:</strong></span> <span class='ocrx_word' id='word_1_792' title='bbox 2634 3611 2825 3664; x_wconf 79' lang='lat' dir='ltr'><strong>audivit</strong></span> <span class='ocrx_word' id='word_1_793' title='bbox 2854 3609 2988 3662; x_wconf 88' lang='lat' dir='ltr'><strong>enim</strong></span> <span class='ocrx_word' id='word_1_794' title='bbox 3011 3605 3152 3663; x_wconf 86' lang='lat' dir='ltr'><strong>Deus</strong></span> <span class='ocrx_word' id='word_1_795' title='bbox 3177 3619 3346 3657; x_wconf 75' lang='lat' dir='ltr'><strong>uocem</strong></span> <span class='ocrx_word' id='word_1_796' title='bbox 3369 3600 3514 3672; x_wconf 87' lang='lat' dir='ltr'><strong>pueri</strong></span> <span class='ocrx_word' id='word_1_797' title='bbox 3543 3600 3608 3653; x_wconf 86' lang='lat' dir='ltr'><strong>de</strong></span> <span class='ocrx_word' id='word_1_798' title='bbox 3634 3599 3746 3652; x_wconf 87' lang='lat' dir='ltr'><strong>loco</strong></span> <span class='ocrx_word' id='word_1_799' title='bbox 3776 3596 3865 3650; x_wconf 79' lang='lat' dir='ltr'><strong>ubi</strong></span> 
     </span>
    </p>
   </div>
   <div class='ocr_carea' id='block_1_98' title="bbox 2271 3696 3866 3776">
    <p class='ocr_par' dir='ltr' id='par_1_98' title="bbox 2271 3696 3866 3776">
     <span class='ocr_line' id='line_1_98' title="bbox 2271 3696 3866 3776; baseline -0.011 -12"><span class='ocrx_word' id='word_1_800' title='bbox 2271 3716 2362 3764; x_wconf 84' lang='lat' dir='ltr'><strong>est.</strong></span> <span class='ocrx_word' id='word_1_801' title='bbox 2392 3707 2481 3762; x_wconf 69' lang='lat' dir='ltr'><strong>f8.</strong></span> <span class='ocrx_word' id='word_1_802' title='bbox 2520 3706 2706 3776; x_wconf 79' lang='lat' dir='ltr'><strong>Surge,</strong></span> <span class='ocrx_word' id='word_1_803' title='bbox 2745 3705 2917 3772; x_wconf 86' lang='lat' dir='ltr'><strong>accipe</strong></span> <span class='ocrx_word' id='word_1_804' title='bbox 2946 3717 3187 3772; x_wconf 86' lang='lat' dir='ltr'><strong>puerum,</strong></span> <span class='ocrx_word' id='word_1_805' title='bbox 3215 3709 3268 3754; x_wconf 85' lang='lat' dir='ltr'><strong>et</strong></span> <span class='ocrx_word' id='word_1_806' title='bbox 3295 3696 3621 3767; x_wconf 80' lang='lat' dir='ltr'><strong>apprehende</strong></span> <span class='ocrx_word' id='word_1_807' title='bbox 3652 3709 3866 3748; x_wconf 75' lang='lat' dir='ltr'><strong>manuus</strong></span> 
     </span>
    </p>
   </div>
   <div class='ocr_carea' id='block_1_99' title="bbox 2272 3786 3868 3870">
    <p class='ocr_par' dir='ltr' id='par_1_99' title="bbox 2272 3786 3868 3870">
     <span class='ocr_line' id='line_1_99' title="bbox 2272 3786 3868 3870; baseline -0.009 -15"><span class='ocrx_word' id='word_1_808' title='bbox 2272 3802 2382 3868; x_wconf 86' lang='lat' dir='ltr'><strong>eius</strong></span> <span class='ocrx_word' id='word_1_809' title='bbox 2412 3799 2506 3853; x_wconf 89' lang='lat' dir='ltr'><strong>:in</strong></span> <span class='ocrx_word' id='word_1_810' title='bbox 2533 3809 2726 3870; x_wconf 84' lang='lat' dir='ltr'><strong>gentem</strong></span> <span class='ocrx_word' id='word_1_811' title='bbox 2756 3797 2889 3850; x_wconf 87' lang='lat' dir='ltr'><strong>enim</strong></span> <span class='ocrx_word' id='word_1_812' title='bbox 2917 3810 3156 3867; x_wconf 83' lang='lat' dir='ltr'><strong>magnam</strong></span> <span class='ocrx_word' id='word_1_813' title='bbox 3183 3793 3368 3865; x_wconf 80' lang='lat' dir='ltr'><strong>faciam</strong></span> <span class='ocrx_word' id='word_1_814' title='bbox 3405 3806 3542 3845; x_wconf 83' lang='lat' dir='ltr'><strong>eum.</strong></span> <span class='ocrx_word' id='word_1_815' title='bbox 3570 3787 3616 3843; x_wconf 92' lang='grc' dir='ltr'>Ο</span> <span class='ocrx_word' id='word_1_816' title='bbox 3651 3786 3868 3842; x_wconf 79' lang='lat' dir='ltr'><strong>miseri-</strong></span> 
     </span>
    </p>
   </div>
   <div class='ocr_carea' id='block_1_100' title="bbox 2273 3871 3867 3956">
    <p class='ocr_par' dir='ltr' id='par_1_100' title="bbox 2273 3871 3867 3956">
     <span class='ocr_line' id='line_1_100' title="bbox 2273 3871 3867 3956; baseline -0.009 -10"><span class='ocrx_word' id='word_1_817' title='bbox 2273 3890 2510 3946; x_wconf 85' lang='lat' dir='ltr'><strong>cordiam</strong></span> <span class='ocrx_word' id='word_1_818' title='bbox 2558 3888 2806 3942; x_wconf 80' lang='lat' dir='ltr'><strong>Domini!</strong></span> <span class='ocrx_word' id='word_1_819' title='bbox 2849 3887 2962 3941; x_wconf 71' lang='lat' dir='ltr'><strong>Non</strong></span> <span class='ocrx_word' id='word_1_820' title='bbox 3014 3885 3141 3956; x_wconf 85' lang='lat' dir='ltr'><strong>quia</strong></span> <span class='ocrx_word' id='word_1_821' title='bbox 3180 3882 3372 3938; x_wconf 82' lang='lat' dir='ltr'><strong>ancilla</strong></span> <span class='ocrx_word' id='word_1_822' title='bbox 3420 3891 3559 3947; x_wconf 89' lang='lat' dir='ltr'><strong>erat,</strong></span> <span class='ocrx_word' id='word_1_823' title='bbox 3609 3871 3867 3948; x_wconf 76' lang='lat' dir='ltr'><strong>despexit</strong></span> 
     </span>
    </p>
   </div>
   <div class='ocr_carea' id='block_1_101' title="bbox 2273 3970 3869 4050">
    <p class='ocr_par' dir='ltr' id='par_1_101' title="bbox 2273 3970 3869 4050">
     <span class='ocr_line' id='line_1_101' title="bbox 2273 3970 3869 4050; baseline -0.007 -14"><span class='ocrx_word' id='word_1_824' title='bbox 2273 3996 2391 4036; x_wconf 90' lang='lat' dir='ltr'><strong>eam</strong></span> <span class='ocrx_word' id='word_1_825' title='bbox 2417 3996 2432 4044; x_wconf 87' lang='lat'><strong>;</strong></span> <span class='ocrx_word' id='word_1_826' title='bbox 2463 3979 2556 4034; x_wconf 90' lang='lat' dir='ltr'><strong>sed</strong></span> <span class='ocrx_word' id='word_1_827' title='bbox 2583 3980 2701 4050; x_wconf 88' lang='lat' dir='ltr'><strong>quia</strong></span> <span class='ocrx_word' id='word_1_828' title='bbox 2743 3977 3057 4047; x_wconf 76' lang='lat' dir='ltr'><strong>patriarcha:</strong></span> <span class='ocrx_word' id='word_1_829' title='bbox 3096 3975 3444 4044; x_wconf 89' lang='lat' dir='ltr'><strong>promiserat,</strong></span> <span class='ocrx_word' id='word_1_830' title='bbox 3475 3981 3530 4025; x_wconf 93' lang='lat' dir='ltr'><strong>et</strong></span> <span class='ocrx_word' id='word_1_831' title='bbox 3564 3970 3687 4040; x_wconf 90' lang='lat' dir='ltr'><strong>quia</strong></span> <span class='ocrx_word' id='word_1_832' title='bbox 3717 3970 3869 4025; x_wconf 83' lang='lat' dir='ltr'><strong>illius</strong></span> 
     </span>
    </p>
   </div>
   <div class='ocr_carea' id='block_1_102' title="bbox 2274 4062 3870 4139">
    <p class='ocr_par' dir='ltr' id='par_1_102' title="bbox 2274 4062 3870 4139">
     <span class='ocr_line' id='line_1_102' title="bbox 2274 4062 3870 4139; baseline -0.006 -12"><span class='ocrx_word' id='word_1_833' title='bbox 2274 4087 2460 4127; x_wconf 89' lang='lat' dir='ltr'><strong>semen</strong></span> <span class='ocrx_word' id='word_1_834' title='bbox 2485 4082 2616 4135; x_wconf 90' lang='lat' dir='ltr'><strong>erat,</strong></span> <span class='ocrx_word' id='word_1_835' title='bbox 2645 4081 2841 4125; x_wconf 79' lang='lat' dir='ltr'><strong>tantum</strong></span> <span class='ocrx_word' id='word_1_836' title='bbox 2864 4083 3078 4139; x_wconf 88' lang='lat' dir='ltr'><strong>quoque</strong></span> <span class='ocrx_word' id='word_1_837' title='bbox 3097 4081 3279 4121; x_wconf 87' lang='lat' dir='ltr'><strong>curam</strong></span> <span class='ocrx_word' id='word_1_838' title='bbox 3301 4079 3427 4135; x_wconf 83' lang='lat' dir='ltr'><strong>erga</strong></span> <span class='ocrx_word' id='word_1_839' title='bbox 3450 4078 3568 4118; x_wconf 86' lang='lat' dir='ltr'><strong>eam</strong></span> <span class='ocrx_word' id='word_1_840' title='bbox 3588 4062 3870 4117; x_wconf 77' lang='lat' dir='ltr'><strong>declarare</strong></span> 
     </span>
    </p>
   </div>
   <div class='ocr_carea' id='block_1_103' title="bbox 2276 4150 3870 4233">
    <p class='ocr_par' dir='ltr' id='par_1_103' title="bbox 2276 4150 3870 4233">
     <span class='ocr_line' id='line_1_103' title="bbox 2276 4150 3870 4233; baseline -0.008 -16"><span class='ocrx_word' id='word_1_841' title='bbox 2276 4162 2542 4233; x_wconf 88' lang='lat' dir='ltr'><strong>dignatur.</strong></span> <span class='ocrx_word' id='word_1_842' title='bbox 2574 4163 2740 4216; x_wconf 91' lang='lat' dir='ltr'><strong>Dicit:</strong></span> <span class='ocrx_word' id='word_1_843' title='bbox 2770 4160 2906 4227; x_wconf 83' lang='lat' dir='ltr'><strong>Quid</strong></span> <span class='ocrx_word' id='word_1_844' title='bbox 2929 4171 3020 4224; x_wconf 86' lang='lat' dir='ltr'><strong>est,</strong></span> <span class='ocrx_word' id='word_1_845' title='bbox 3046 4157 3221 4229; x_wconf 81' lang='lat' dir='ltr'><strong>Agar?</strong></span> <span class='ocrx_word' id='word_1_846' title='bbox 3253 4155 3335 4210; x_wconf 87' lang='lat' dir='ltr'><strong>Ne</strong></span> <span class='ocrx_word' id='word_1_847' title='bbox 3359 4156 3535 4208; x_wconf 88' lang='lat' dir='ltr'><strong>timeas</strong></span> <span class='ocrx_word' id='word_1_848' title='bbox 3562 4168 3582 4207; x_wconf 91' lang='lat'><strong><em>:</em></strong></span> <span class='ocrx_word' id='word_1_849' title='bbox 3608 4150 3870 4206; x_wconf 66' lang='lat' dir='ltr'><strong>exaudivit</strong></span> 
     </span>
    </p>
   </div>
   <div class='ocr_carea' id='block_1_104' title="bbox 2273 4245 3871 4322">
    <p class='ocr_par' dir='ltr' id='par_1_104' title="bbox 2273 4245 3871 4322">
     <span class='ocr_line' id='line_1_104' title="bbox 2273 4245 3871 4322; baseline -0.009 -11"><span class='ocrx_word' id='word_1_850' title='bbox 2273 4257 2407 4311; x_wconf 86' lang='lat' dir='ltr'><strong>enim</strong></span> <span class='ocrx_word' id='word_1_851' title='bbox 2445 4255 2692 4308; x_wconf 87' lang='lat' dir='ltr'><strong>Dominus</strong></span> <span class='ocrx_word' id='word_1_852' title='bbox 2731 4269 2900 4308; x_wconf 81' lang='lat' dir='ltr'><strong>vocem</strong></span> <span class='ocrx_word' id='word_1_853' title='bbox 2931 4253 3093 4322; x_wconf 88' lang='lat' dir='ltr'><strong>pueri.</strong></span> <span class='ocrx_word' id='word_1_854' title='bbox 3130 4249 3296 4320; x_wconf 88' lang='lat' dir='ltr'><strong>Surge</strong></span> <span class='ocrx_word' id='word_1_855' title='bbox 3327 4258 3374 4302; x_wconf 88' lang='lat' dir='ltr'><strong>et</strong></span> <span class='ocrx_word' id='word_1_856' title='bbox 3402 4246 3576 4316; x_wconf 85' lang='lat' dir='ltr'><strong>accipe</strong></span> <span class='ocrx_word' id='word_1_857' title='bbox 3618 4245 3787 4310; x_wconf 85' lang='lat' dir='ltr'><strong>illum,</strong></span> <span class='ocrx_word' id='word_1_858' title='bbox 3819 4254 3871 4299; x_wconf 83' lang='lat' dir='ltr'><strong>et</strong></span> 
     </span>
    </p>
   </div>
   <div class='ocr_carea' id='block_1_105' title="bbox 2274 4339 3872 4418">
    <p class='ocr_par' dir='ltr' id='par_1_105' title="bbox 2274 4339 3872 4418">
     <span class='ocr_line' id='line_1_105' title="bbox 2274 4339 3872 4418; baseline -0.008 -16"><span class='ocrx_word' id='word_1_859' title='bbox 2274 4346 2597 4418; x_wconf 82' lang='lat' dir='ltr'><strong>apprehende</strong></span> <span class='ocrx_word' id='word_1_860' title='bbox 2623 4361 2828 4400; x_wconf 86' lang='lat' dir='ltr'><strong>manum</strong></span> <span class='ocrx_word' id='word_1_861' title='bbox 2849 4346 2956 4415; x_wconf 84' lang='lat' dir='ltr'><strong>ejus</strong></span> <span class='ocrx_word' id='word_1_862' title='bbox 2981 4360 3001 4398; x_wconf 90' lang='lat'><strong>:</strong></span> <span class='ocrx_word' id='word_1_863' title='bbox 3031 4344 3083 4397; x_wconf 88' lang='lat' dir='ltr'><strong>in</strong></span> <span class='ocrx_word' id='word_1_864' title='bbox 3110 4351 3306 4414; x_wconf 85' lang='lat' dir='ltr'><strong>gentem</strong></span> <span class='ocrx_word' id='word_1_865' title='bbox 3351 4339 3485 4394; x_wconf 88' lang='lat' dir='ltr'><strong>enim</strong></span> <span class='ocrx_word' id='word_1_866' title='bbox 3519 4353 3756 4409; x_wconf 74' lang='lat' dir='ltr'><strong>mgnum</strong></span> <span class='ocrx_word' id='word_1_867' title='bbox 3784 4339 3872 4409; x_wconf 61' lang='lat' dir='ltr'><strong><em>fa:-</em></strong></span> 
     </span>
    </p>
   </div>
   <div class='ocr_carea' id='block_1_106' title="bbox 2275 4425 3869 4503">
    <p class='ocr_par' dir='ltr' id='par_1_106' title="bbox 2275 4425 3869 4503">
     <span class='ocr_line' id='line_1_106' title="bbox 2275 4425 3869 4503; baseline -0.006 -12"><span class='ocrx_word' id='word_1_868' title='bbox 2275 4441 2405 4491; x_wconf 86' lang='lat' dir='ltr'><strong>ciam</strong></span> <span class='ocrx_word' id='word_1_869' title='bbox 2421 4437 2589 4492; x_wconf 83' lang='lat' dir='ltr'><strong>illum.</strong></span> <span class='ocrx_word' id='word_1_870' title='bbox 2612 4436 2687 4492; x_wconf 83' lang='lat' dir='ltr'><strong>Ne</strong></span> <span class='ocrx_word' id='word_1_871' title='bbox 2709 4450 2956 4498; x_wconf 64' lang='lat' dir='ltr'><strong>mereas,</strong></span> <span class='ocrx_word' id='word_1_872' title='bbox 2979 4433 3168 4503; x_wconf 89' lang='lat' dir='ltr'><strong>inquit,</strong></span> <span class='ocrx_word' id='word_1_873' title='bbox 3191 4447 3257 4486; x_wconf 90' lang='lat' dir='ltr'><strong>eo</strong></span> <span class='ocrx_word' id='word_1_874' title='bbox 3278 4427 3422 4501; x_wconf 85' lang='lat' dir='ltr'><strong>quod</strong></span> <span class='ocrx_word' id='word_1_875' title='bbox 3455 4443 3487 4484; x_wconf 90' lang='lat' dir='ltr'><strong>e</strong></span> <span class='ocrx_word' id='word_1_876' title='bbox 3514 4428 3674 4484; x_wconf 90' lang='lat' dir='ltr'><strong>domo</strong></span> <span class='ocrx_word' id='word_1_877' title='bbox 3693 4425 3869 4498; x_wconf 76' lang='lat' dir='ltr'><strong>ejecta</strong></span> 
     </span>
    </p>
   </div>
   <div class='ocr_carea' id='block_1_107' title="bbox 2278 4519 3869 4595">
    <p class='ocr_par' dir='ltr' id='par_1_107' title="bbox 2278 4519 3869 4595">
     <span class='ocr_line' id='line_1_107' title="bbox 2278 4519 3869 4595; baseline -0.007 -12"><span class='ocrx_word' id='word_1_878' title='bbox 2278 4528 2370 4583; x_wconf 89' lang='lat' dir='ltr'><strong>sis.</strong></span> <span class='ocrx_word' id='word_1_879' title='bbox 2402 4527 2632 4581; x_wconf 86' lang='lat' dir='ltr'><strong>Tantam</strong></span> <span class='ocrx_word' id='word_1_880' title='bbox 2652 4527 2793 4581; x_wconf 88' lang='lat' dir='ltr'><strong>enim</strong></span> <span class='ocrx_word' id='word_1_881' title='bbox 2835 4539 3017 4579; x_wconf 89' lang='lat' dir='ltr'><strong>curam</strong></span> <span class='ocrx_word' id='word_1_882' title='bbox 3069 4537 3170 4592; x_wconf 88' lang='lat' dir='ltr'><strong>ego</strong></span> <span class='ocrx_word' id='word_1_883' title='bbox 3201 4522 3354 4595; x_wconf 88' lang='lat' dir='ltr'><strong>pueri</strong></span> <span class='ocrx_word' id='word_1_884' title='bbox 3400 4535 3578 4591; x_wconf 89' lang='lat' dir='ltr'><strong>agam,</strong></span> <span class='ocrx_word' id='word_1_885' title='bbox 3609 4529 3667 4573; x_wconf 91' lang='lat' dir='ltr'><strong>ut</strong></span> <span class='ocrx_word' id='word_1_886' title='bbox 3709 4530 3765 4573; x_wconf 88' lang='lat' dir='ltr'><strong>et</strong></span> <span class='ocrx_word' id='word_1_887' title='bbox 3813 4519 3869 4573; x_wconf 78' lang='lat' dir='ltr'><strong>in</strong></span> 
     </span>
    </p>
   </div>
   <div class='ocr_carea' id='block_1_108' title="bbox 2276 4612 3869 4696">
    <p class='ocr_par' dir='ltr' id='par_1_108' title="bbox 2276 4612 3869 4696">
     <span class='ocr_line' id='line_1_108' title="bbox 2276 4612 3869 4696; baseline -0.005 -22"><span class='ocrx_word' id='word_1_888' title='bbox 2276 4628 2487 4696; x_wconf 86' lang='lat' dir='ltr'><strong>gentem</strong></span> <span class='ocrx_word' id='word_1_889' title='bbox 2515 4633 2758 4688; x_wconf 86' lang='lat' dir='ltr'><strong>magnam</strong></span> <span class='ocrx_word' id='word_1_890' title='bbox 2780 4617 2892 4687; x_wconf 86' lang='lat' dir='ltr'><strong>ipse</strong></span> <span class='ocrx_word' id='word_1_891' title='bbox 2912 4617 3001 4671; x_wconf 92' lang='lat' dir='ltr'><strong>sit.</strong></span> <span class='ocrx_word' id='word_1_892' title='bbox 3030 4617 3118 4672; x_wconf 79' lang='lat' dir='ltr'><strong>l9.</strong></span> <span class='ocrx_word' id='word_1_893' title='bbox 3143 4615 3212 4670; x_wconf 84' lang='lat' dir='ltr'><strong>Et</strong></span> <span class='ocrx_word' id='word_1_894' title='bbox 3233 4615 3450 4686; x_wconf 88' lang='lat' dir='ltr'><strong>aperuit,</strong></span> <span class='ocrx_word' id='word_1_895' title='bbox 3479 4613 3669 4682; x_wconf 90' lang='lat' dir='ltr'><strong>inquit,</strong></span> <span class='ocrx_word' id='word_1_896' title='bbox 3688 4612 3869 4666; x_wconf 85' lang='lat' dir='ltr'><strong>oculos</strong></span> 
     </span>
    </p>
   </div>
   <div class='ocr_carea' id='block_1_109' title="bbox 2277 4701 3870 4782">
    <p class='ocr_par' dir='ltr' id='par_1_109' title="bbox 2277 4701 3870 4782">
     <span class='ocr_line' id='line_1_109' title="bbox 2277 4701 3870 4782; baseline -0.007 -18"><span class='ocrx_word' id='word_1_897' title='bbox 2277 4712 2428 4782; x_wconf 85' lang='lat' dir='ltr'><strong>ejus:</strong></span> <span class='ocrx_word' id='word_1_898' title='bbox 2458 4724 2563 4765; x_wconf 91' lang='lat' dir='ltr'><strong>non</strong></span> <span class='ocrx_word' id='word_1_899' title='bbox 2593 4708 2734 4779; x_wconf 88' lang='lat' dir='ltr'><strong>quod</strong></span> <span class='ocrx_word' id='word_1_900' title='bbox 2753 4717 2909 4763; x_wconf 85' lang='lat' dir='ltr'><strong>antea</strong></span> <span class='ocrx_word' id='word_1_901' title='bbox 2940 4722 3047 4762; x_wconf 90' lang='lat' dir='ltr'><strong>non</strong></span> <span class='ocrx_word' id='word_1_902' title='bbox 3076 4705 3293 4771; x_wconf 92' lang='lat' dir='ltr'><strong>viderit,</strong></span> <span class='ocrx_word' id='word_1_903' title='bbox 3323 4702 3419 4758; x_wconf 89' lang='lat' dir='ltr'><strong>sed</strong></span> <span class='ocrx_word' id='word_1_904' title='bbox 3437 4703 3563 4774; x_wconf 90' lang='lat' dir='ltr'><strong>quia</strong></span> <span class='ocrx_word' id='word_1_905' title='bbox 3584 4701 3715 4755; x_wconf 85' lang='lat' dir='ltr'><strong>nihil</strong></span> <span class='ocrx_word' id='word_1_906' title='bbox 3741 4715 3870 4771; x_wconf 85' lang='lat' dir='ltr'><strong>pro-</strong></span> 
     </span>
    </p>
   </div>
   <div class='ocr_carea' id='block_1_110' title="bbox 2277 4791 3862 4869">
    <p class='ocr_par' dir='ltr' id='par_1_110' title="bbox 2277 4791 3862 4869">
     <span class='ocr_line' id='line_1_110' title="bbox 2277 4791 3862 4869; baseline -0.004 -15"><span class='ocrx_word' id='word_1_907' title='bbox 2277 4799 2466 4854; x_wconf 89' lang='lat' dir='ltr'><strong>derant</strong></span> <span class='ocrx_word' id='word_1_908' title='bbox 2499 4800 2544 4853; x_wconf 90' lang='lat' dir='ltr'><strong>ei</strong></span> <span class='ocrx_word' id='word_1_909' title='bbox 2592 4800 2759 4869; x_wconf 90' lang='lat' dir='ltr'><strong>aperti</strong></span> <span class='ocrx_word' id='word_1_910' title='bbox 2796 4800 2937 4854; x_wconf 90' lang='lat' dir='ltr'><strong>oculi</strong></span> <span class='ocrx_word' id='word_1_911' title='bbox 2981 4807 3106 4851; x_wconf 90' lang='lat' dir='ltr'><strong>ante</strong></span> <span class='ocrx_word' id='word_1_912' title='bbox 3146 4810 3433 4867; x_wconf 87' lang='lat' dir='ltr'><strong>supernam</strong></span> <span class='ocrx_word' id='word_1_913' title='bbox 3479 4791 3862 4848; x_wconf 84' lang='lat' dir='ltr'><strong>visitationem.</strong></span> 
     </span>
    </p>
   </div>
   <div class='ocr_carea' id='block_1_111' title="bbox 2281 4873 3859 4943">
    <p class='ocr_par' dir='ltr' id='par_1_111' title="bbox 2281 4873 3859 4943">
     <span class='ocr_line' id='line_1_111' title="bbox 2281 4873 3859 4943; baseline 0.002 -16"><span class='ocrx_word' id='word_1_914' title='bbox 2281 4875 2599 4942; x_wconf 88' lang='lat' dir='ltr'><strong>Propterea,</strong></span> <span class='ocrx_word' id='word_1_915' title='bbox 2626 4889 2749 4926; x_wconf 90' lang='lat' dir='ltr'><strong>cum</strong></span> <span class='ocrx_word' id='word_1_916' title='bbox 2771 4877 2930 4928; x_wconf 87' lang='lat' dir='ltr'><strong>vehet</strong></span> <span class='ocrx_word' id='word_1_917' title='bbox 2961 4890 3112 4928; x_wconf 88' lang='lat' dir='ltr'><strong>suam</strong></span> <span class='ocrx_word' id='word_1_918' title='bbox 3141 4874 3534 4943; x_wconf 88' lang='lat' dir='ltr'><strong>providentiam</strong></span> <span class='ocrx_word' id='word_1_919' title='bbox 3559 4873 3859 4941; x_wconf 78' lang='lat' dir='ltr'><strong>declarare,</strong></span> 
     </span>
    </p>
   </div>
   <div class='ocr_carea' id='block_1_112' title="bbox 2281 4963 3864 5040">
    <p class='ocr_par' dir='ltr' id='par_1_112' title="bbox 2281 4963 3864 5040">
     <span class='ocr_line' id='line_1_112' title="bbox 2281 4963 3864 5040; baseline 0.003 -19"><span class='ocrx_word' id='word_1_920' title='bbox 2281 4965 2455 5036; x_wconf 83' lang='lat' dir='ltr'><strong>inquit</strong></span> <span class='ocrx_word' id='word_1_921' title='bbox 2485 4981 2496 5016; x_wconf 89' lang='lat'><strong>:</strong></span> <span class='ocrx_word' id='word_1_922' title='bbox 2527 4963 2742 5032; x_wconf 76' lang='lat' dir='ltr'><strong>Aperuit</strong></span> <span class='ocrx_word' id='word_1_923' title='bbox 2766 4965 2939 5020; x_wconf 80' lang='lat' dir='ltr'><strong>oculos</strong></span> <span class='ocrx_word' id='word_1_924' title='bbox 2968 4968 3121 5035; x_wconf 89' lang='lat' dir='ltr'><strong>ejus:</strong></span> <span class='ocrx_word' id='word_1_925' title='bbox 3147 4967 3198 5021; x_wconf 91' lang='lat' dir='ltr'><strong>id</strong></span> <span class='ocrx_word' id='word_1_926' title='bbox 3226 4976 3328 5031; x_wconf 88' lang='lat' dir='ltr'><strong>est,</strong></span> <span class='ocrx_word' id='word_1_927' title='bbox 3360 4967 3617 5022; x_wconf 84' lang='lat' dir='ltr'><strong>indicavit</strong></span> <span class='ocrx_word' id='word_1_928' title='bbox 3631 4968 3681 5022; x_wconf 83' lang='lat' dir='ltr'><strong>ei</strong></span> <span class='ocrx_word' id='word_1_929' title='bbox 3705 4968 3864 5040; x_wconf 85' lang='lat' dir='ltr'><strong>igno-</strong></span> 
     </span>
    </p>
   </div>
   <div class='ocr_carea' id='block_1_113' title="bbox 2281 5055 3857 5129">
    <p class='ocr_par' dir='ltr' id='par_1_113' title="bbox 2281 5055 3857 5129">
     <span class='ocr_line' id='line_1_113' title="bbox 2281 5055 3857 5129; baseline 0.003 -17"><span class='ocrx_word' id='word_1_930' title='bbox 2281 5055 2441 5122; x_wconf 89' lang='lat' dir='ltr'><strong>ranti,</strong></span> <span class='ocrx_word' id='word_1_931' title='bbox 2464 5064 2518 5110; x_wconf 91' lang='lat' dir='ltr'><strong>et</strong></span> <span class='ocrx_word' id='word_1_932' title='bbox 2541 5063 2779 5109; x_wconf 86' lang='lat' dir='ltr'><strong>mentem</strong></span> <span class='ocrx_word' id='word_1_933' title='bbox 2809 5057 2927 5126; x_wconf 84' lang='lat' dir='ltr'><strong>ejus</strong></span> <span class='ocrx_word' id='word_1_934' title='bbox 2948 5056 3224 5118; x_wconf 78' lang='lat' dir='ltr'><strong>excitavit.</strong></span> <span class='ocrx_word' id='word_1_935' title='bbox 3249 5058 3500 5129; x_wconf 82' lang='lat' dir='ltr'><strong>viamque</strong></span> <span class='ocrx_word' id='word_1_936' title='bbox 3525 5059 3573 5114; x_wconf 90' lang='lat' dir='ltr'><strong>ei</strong></span> <span class='ocrx_word' id='word_1_937' title='bbox 3595 5061 3857 5124; x_wconf 83' lang='lat' dir='ltr'><strong>ostendit,</strong></span> 
     </span>
    </p>
   </div>
   <div class='ocr_carea' id='block_1_114' title="bbox 2282 5147 3866 5220">
    <p class='ocr_par' dir='ltr' id='par_1_114' title="bbox 2282 5147 3866 5220">
     <span class='ocr_line' id='line_1_114' title="bbox 2282 5147 3866 5220; baseline 0.001 -16"><span class='ocrx_word' id='word_1_938' title='bbox 2282 5160 2342 5204; x_wconf 90' lang='lat' dir='ltr'><strong>ut</strong></span> <span class='ocrx_word' id='word_1_939' title='bbox 2366 5147 2574 5202; x_wconf 85' lang='lat' dir='ltr'><strong>videret</strong></span> <span class='ocrx_word' id='word_1_940' title='bbox 2597 5149 2772 5201; x_wconf 88' lang='lat' dir='ltr'><strong>locum</strong></span> <span class='ocrx_word' id='word_1_941' title='bbox 2801 5149 2854 5203; x_wconf 82' lang='lat' dir='ltr'><strong>in</strong></span> <span class='ocrx_word' id='word_1_942' title='bbox 2879 5164 2987 5219; x_wconf 91' lang='lat' dir='ltr'><strong>quo</strong></span> <span class='ocrx_word' id='word_1_943' title='bbox 3012 5149 3186 5205; x_wconf 79' lang='lat' dir='ltr'><strong>fontes</strong></span> <span class='ocrx_word' id='word_1_944' title='bbox 3207 5166 3358 5220; x_wconf 69' lang='lat' dir='ltr'><strong>aqua:</strong></span> <span class='ocrx_word' id='word_1_945' title='bbox 3380 5151 3770 5207; x_wconf 88' lang='lat' dir='ltr'><strong>scaturiebant.</strong></span> <span class='ocrx_word' id='word_1_946' title='bbox 3793 5152 3866 5206; x_wconf 77' lang='lat' dir='ltr'><strong>Et</strong></span> 
     </span>
    </p>
   </div>
   <div class='ocr_carea' id='block_1_115' title="bbox 2282 5241 3863 5314">
    <p class='ocr_par' dir='ltr' id='par_1_115' title="bbox 2282 5241 3863 5314">
     <span class='ocr_line' id='line_1_115' title="bbox 2282 5241 3863 5314; baseline 0.004 -20"><span class='ocrx_word' id='word_1_947' title='bbox 2282 5243 2426 5306; x_wconf 72' lang='lat' dir='ltr'><strong>vidit,</strong></span> <span class='ocrx_word' id='word_1_948' title='bbox 2452 5241 2645 5311; x_wconf 85' lang='lat' dir='ltr'><strong>inquit,</strong></span> <span class='ocrx_word' id='word_1_949' title='bbox 2667 5251 2878 5309; x_wconf 85' lang='lat' dir='ltr'><strong>puteum</strong></span> <span class='ocrx_word' id='word_1_950' title='bbox 2904 5261 3056 5314; x_wconf 71' lang='lat' dir='ltr'><strong>aqum</strong></span> <span class='ocrx_word' id='word_1_951' title='bbox 3082 5245 3320 5308; x_wconf 86' lang='lat' dir='ltr'><strong>viventis,</strong></span> <span class='ocrx_word' id='word_1_952' title='bbox 3349 5252 3397 5297; x_wconf 86' lang='lat' dir='ltr'><strong>cl</strong></span> <span class='ocrx_word' id='word_1_953' title='bbox 3421 5244 3531 5306; x_wconf 76' lang='lat' dir='ltr'><strong>icit.</strong></span> <span class='ocrx_word' id='word_1_954' title='bbox 3557 5253 3605 5298; x_wconf 91' lang='lat' dir='ltr'><strong>et</strong></span> <span class='ocrx_word' id='word_1_955' title='bbox 3626 5245 3863 5314; x_wconf 79' lang='lat' dir='ltr'><strong>implevit</strong></span> 
     </span>
    </p>
   </div>
   <div class='ocr_carea' id='block_1_116' title="bbox 2342 5349 3866 5450">
    <p class='ocr_par' dir='ltr' id='par_1_116' title="bbox 2342 5349 3866 5450">
     <span class='ocr_line' id='line_1_116' title="bbox 2342 5349 3866 5450; baseline 0.004 -32"><span class='ocrx_word' id='word_1_956' title='bbox 2342 5368 2413 5433; x_wconf 79' lang='grc' dir='ltr'><strong>(α)</strong></span> <span class='ocrx_word' id='word_1_957' title='bbox 2440 5369 2494 5450; x_wconf 60' lang='lat' dir='ltr'><strong>tu</strong></span> <span class='ocrx_word' id='word_1_958' title='bbox 2518 5371 2729 5448; x_wconf 64' lang='lat' dir='ltr'><strong>Hebraeo</strong></span> <span class='ocrx_word' id='word_1_959' title='bbox 2751 5369 2937 5450; x_wconf 68' lang='lat' dir='ltr'><strong>legitur</strong></span> <span class='ocrx_word' id='word_1_960' title='bbox 2961 5373 3104 5450; x_wconf 52' lang='grc' dir='ltr'><strong>ἐιμι-ηπ</strong></span> <span class='ocrx_word' id='word_1_961' title='bbox 3127 5349 3354 5450; x_wconf 47' lang='lat' dir='ltr'><strong>map-nu</strong></span> <span class='ocrx_word' id='word_1_962' title='bbox 3374 5374 3528 5450; x_wconf 64' lang='lat' dir='ltr'><strong>nam]</strong></span> <span class='ocrx_word' id='word_1_963' title='bbox 3546 5375 3688 5450; x_wconf 62' lang='lat' dir='ltr'><strong>“tam</strong></span> <span class='ocrx_word' id='word_1_964' title='bbox 3707 5374 3866 5450; x_wconf 62' lang='lat' dir='ltr'><strong>aiam</strong></span> 
     </span>
    </p>
   </div>
   <div class='ocr_carea' id='block_1_117' title="bbox 2283 5439 3867 5510">
    <p class='ocr_par' dir='ltr' id='par_1_117' title="bbox 2283 5439 3867 5510">
     <span class='ocr_line' id='line_1_117' title="bbox 2283 5439 3867 5510; baseline 0.003 -22"><span class='ocrx_word' id='word_1_965' title='bbox 2283 5443 2338 5510; x_wconf 72' lang='lat' dir='ltr'><strong>lit</strong></span> <span class='ocrx_word' id='word_1_966' title='bbox 2366 5439 2497 5510; x_wconf 8' lang='lat' dir='ltr'><strong>sedit,</strong></span> <span class='ocrx_word' id='word_1_967' title='bbox 2518 5439 2791 5510; x_wconf 47' lang='lat' dir='ltr'><strong>gregique.</strong></span> <span class='ocrx_word' id='word_1_968' title='bbox 2812 5448 2856 5492; x_wconf 89' lang='lat' dir='ltr'><strong>et</strong></span> <span class='ocrx_word' id='word_1_969' title='bbox 2875 5439 3229 5510; x_wconf 57' lang='lat' dir='ltr'><strong>leuauitpoceiit</strong></span> <span class='ocrx_word' id='word_1_970' title='bbox 3246 5456 3404 5498; x_wconf 85' lang='lat' dir='ltr'><strong>suam.</strong></span> <span class='ocrx_word' id='word_1_971' title='bbox 3427 5449 3472 5493; x_wconf 91' lang='lat' dir='ltr'><strong>et</strong></span> <span class='ocrx_word' id='word_1_972' title='bbox 3491 5443 3636 5506; x_wconf 80' lang='lat' dir='ltr'><strong>ﬂevit.</strong></span> <span class='ocrx_word' id='word_1_973' title='bbox 3665 5441 3867 5510; x_wconf 73' lang='lat' dir='ltr'><strong>scilicet</strong></span> 
     </span>
    </p>
   </div>
   <div class='ocr_carea' id='block_1_118' title="bbox 2279 5501 3875 5567">
    <p class='ocr_par' dir='ltr' id='par_1_118' title="bbox 2279 5501 3875 5567">
     <span class='ocr_line' id='line_1_118' title="bbox 2279 5501 3875 5567; baseline 0.003 -17"><span class='ocrx_word' id='word_1_974' title='bbox 2279 5506 2428 5562; x_wconf 82' lang='lat' dir='ltr'><strong>Agar,</strong></span> <span class='ocrx_word' id='word_1_975' title='bbox 2454 5507 2508 5551; x_wconf 86' lang='lat' dir='ltr'><strong>et</strong></span> <span class='ocrx_word' id='word_1_976' title='bbox 2520 5501 2829 5567; x_wconf 71' lang='lat' dir='ltr'><strong>_si_c_Vulgata</strong></span> <span class='ocrx_word' id='word_1_977' title='bbox 2861 5510 3025 5554; x_wconf 84' lang='lat' dir='ltr'><strong>nostra</strong></span> <span class='ocrx_word' id='word_1_978' title='bbox 3053 5503 3345 5554; x_wconf 82' lang='lat' dir='ltr'><strong>Hebraicum</strong></span> <span class='ocrx_word' id='word_1_979' title='bbox 3373 5501 3568 5567; x_wconf 75' lang='lat' dir='ltr'><strong>textum</strong></span> <span class='ocrx_word' id='word_1_980' title='bbox 3593 5516 3623 5552; x_wconf 88' lang='lat' dir='ltr'><strong>e</strong></span> <span class='ocrx_word' id='word_1_981' title='bbox 3647 5501 3875 5567; x_wconf 76' lang='lat' dir='ltr'><strong>vestigio</strong></span> 
     </span>
    </p>
   </div>
   <div class='ocr_carea' id='block_1_119' title="bbox 2278 5563 3869 5628">
    <p class='ocr_par' dir='ltr' id='par_1_119' title="bbox 2278 5563 3869 5628">
     <span class='ocr_line' id='line_1_119' title="bbox 2278 5563 3869 5628; baseline 0.004 -19"><span class='ocrx_word' id='word_1_982' title='bbox 2278 5563 2640 5628; x_wconf 60' lang='lat' dir='ltr'><strong>sequam.LXX</strong></span> <span class='ocrx_word' id='word_1_983' title='bbox 2665 5563 2784 5612; x_wconf 82' lang='lat' dir='ltr'><strong>vero</strong></span> <span class='ocrx_word' id='word_1_984' title='bbox 2809 5578 3014 5625; x_wconf 85' lang='lat' dir='ltr'><strong>puerum</strong></span> <span class='ocrx_word' id='word_1_985' title='bbox 3038 5565 3596 5628; x_wconf 76' lang='lat' dir='ltr'><strong>plorantemexhibent.</strong></span> <span class='ocrx_word' id='word_1_986' title='bbox 3614 5568 3731 5626; x_wconf 84' lang='lat' dir='ltr'><strong>quia</strong></span> <span class='ocrx_word' id='word_1_987' title='bbox 3749 5563 3869 5628; x_wconf 63' lang='grc' dir='ltr'>(ιῑιῃ</span> 
     </span>
    </p>
   </div>
   <div class='ocr_carea' id='block_1_120' title="bbox 2280 5623 3863 5694">
    <p class='ocr_par' dir='ltr' id='par_1_120' title="bbox 2280 5623 3863 5694">
     <span class='ocr_line' id='line_1_120' title="bbox 2280 5623 3863 5694; baseline 0.004 -25"><span class='ocrx_word' id='word_1_988' title='bbox 2280 5623 2391 5694; x_wconf 69' lang='lat' dir='ltr'><strong>mox</strong></span> <span class='ocrx_word' id='word_1_989' title='bbox 2416 5623 2704 5694; x_wconf 67' lang='lat' dir='ltr'><strong>inllebraeo</strong></span> <span class='ocrx_word' id='word_1_990' title='bbox 2718 5623 3014 5694; x_wconf 73' lang='lat' dir='ltr'><strong>sequuntur,</strong></span> <span class='ocrx_word' id='word_1_991' title='bbox 3033 5623 3350 5694; x_wconf 51' lang='lat' dir='ltr'><strong>Elemudivjl</strong></span> <span class='ocrx_word' id='word_1_992' title='bbox 3373 5627 3498 5675; x_wconf 84' lang='lat' dir='ltr'><strong>Deus</strong></span> <span class='ocrx_word' id='word_1_993' title='bbox 3515 5623 3677 5694; x_wconf 69' lang='lat' dir='ltr'><strong>uocem</strong></span> 
     </span>
    </p>
   </div>
   <div class='ocr_carea' id='block_1_121' title="bbox 2278 5684 3872 5746">
    <p class='ocr_par' dir='ltr' id='par_1_121' title="bbox 2278 5684 3872 5746">
     <span class='ocr_line' id='line_1_121' title="bbox 2278 5684 3872 5746; baseline 0.004 -14"><span class='ocrx_word' id='word_1_994' title='bbox 2278 5684 2396 5746; x_wconf 79' lang='lat' dir='ltr'><strong>huic</strong></span> <span class='ocrx_word' id='word_1_995' title='bbox 2416 5684 2814 5746; x_wconf 79' lang='lat' dir='ltr'><strong>interpretationi</strong></span> <span class='ocrx_word' id='word_1_996' title='bbox 2839 5688 3003 5736; x_wconf 84' lang='lat' dir='ltr'><strong>favere</strong></span> <span class='ocrx_word' id='word_1_997' title='bbox 3029 5685 3277 5736; x_wconf 86' lang='lat' dir='ltr'><strong>videntur.</strong></span> <span class='ocrx_word' id='word_1_998' title='bbox 3299 5688 3672 5746; x_wconf 81' lang='lat' dir='ltr'><strong>Chrysostomus</strong></span> <span class='ocrx_word' id='word_1_999' title='bbox 3691 5684 3872 5738; x_wconf 56' lang='lat' dir='ltr'><strong>sum</strong></span> 
     </span>
    </p>
   </div>
   <div class='ocr_carea' id='block_1_122' title="bbox 2282 5743 3875 5810">
    <p class='ocr_par' dir='ltr' id='par_1_122' title="bbox 2282 5743 3875 5810">
     <span class='ocr_line' id='line_1_122' title="bbox 2282 5743 3875 5810; baseline 0.003 -16"><span class='ocrx_word' id='word_1_1000' title='bbox 2282 5743 2330 5810; x_wconf 84' lang='lat' dir='ltr'><strong>in</strong></span> <span class='ocrx_word' id='word_1_1001' title='bbox 2377 5743 2726 5807; x_wconf 74' lang='lat' dir='ltr'><strong>explanatione</strong></span> <span class='ocrx_word' id='word_1_1002' title='bbox 2765 5759 2851 5796; x_wconf 78' lang='lat' dir='ltr'><strong>sua</strong></span> <span class='ocrx_word' id='word_1_1003' title='bbox 2895 5755 3162 5809; x_wconf 88' lang='lat' dir='ltr'><strong>utrumque</strong></span> <span class='ocrx_word' id='word_1_1004' title='bbox 3203 5743 3487 5798; x_wconf 74' lang='lat' dir='ltr'><strong>exauditam</strong></span> <span class='ocrx_word' id='word_1_1005' title='bbox 3531 5745 3765 5810; x_wconf 80' lang='lat' dir='ltr'><strong>exhibet,</strong></span> <span class='ocrx_word' id='word_1_1006' title='bbox 3807 5750 3875 5799; x_wconf 73' lang='lat' dir='ltr'><strong>et</strong></span> 
     </span>
    </p>
   </div>
   <div class='ocr_carea' id='block_1_123' title="bbox 2282 5809 3351 5874">
    <p class='ocr_par' dir='ltr' id='par_1_123' title="bbox 2282 5809 3351 5874">
     <span class='ocr_line' id='line_1_123' title="bbox 2282 5809 3351 5874; baseline 0.001 -16"><span class='ocrx_word' id='word_1_1007' title='bbox 2282 5809 2493 5870; x_wconf 78' lang='lat' dir='ltr'><strong>Agarem</strong></span> <span class='ocrx_word' id='word_1_1008' title='bbox 2515 5813 2738 5870; x_wconf 85' lang='lat' dir='ltr'><strong>matrem,</strong></span> <span class='ocrx_word' id='word_1_1009' title='bbox 2764 5813 2817 5858; x_wconf 85' lang='lat' dir='ltr'><strong>et</strong></span> <span class='ocrx_word' id='word_1_1010' title='bbox 2842 5810 3099 5860; x_wconf 85' lang='lat' dir='ltr'><strong>lsmaelem</strong></span> <span class='ocrx_word' id='word_1_1011' title='bbox 3128 5822 3351 5874; x_wconf 86' lang='lat' dir='ltr'><strong>puerum.</strong></span> 
     </span>
    </p>
   </div>
  </div>
