4060 6424
104 359 205 421 428

104 490 282 540 uirens,
321 485 370 531 et
398 484 587 547 potavit
612 491 846 547 puerum.
879 479 936 531 In
981 474 1140 530 inviis
1167 475 1306 529 viam
1353 468 1616 544 praebuit,
1642 473 1702 522 et

106 568 372 637 perplexa:
397 569 564 622 menti
587 565 892 636 nullamque
912 565 1100 622 salutis
1116 579 1266 635 spem
1290 561 1526 626 habenti,
1547 573 1697 615 suam

105 655 483 712 liberalitatem
512 656 774 720 exhibuit,
806 655 971 710 simul
990 670 1109 712 eam
1134 653 1441 714 consolans,
1465 659 1518 706 et
1550 663 1701 719 puen

101 761 286 802 curam
311 760 497 816 agens.
523 747 620 809 Sic
647 744 1098 816 quandocumque
1121 743 1350 798 voluerit
1371 742 1511 797 Deus
1529 780 1545 806 ,
1579 739 1704 794 licet

103 840 153 891 in
185 836 478 892 solitudine
502 836 693 902 simus,
724 843 782 892 et
801 836 854 891 in
881 835 1138 891 extremis
1157 833 1553 897 afﬂictionibus,
1577 829 1702 885 nul-

103 930 321 1002 lamque
349 945 500 1000 spem
545 931 735 986 salutis
758 929 1076 996 habeamus,
1117 927 1266 983 nullo
1305 925 1411 981 alio
1440 938 1574 995 opus
1602 923 1702 978 ha-

103 1021 370 1086 llebimus,
414 1020 598 1076 divino
638 1020 838 1076 auxilio
880 1019 1036 1074 nobis
1070 1020 1250 1073 omnia
1296 1015 1697 1087 suppeditante.

103 1109 233 1166 Nam
251 1111 299 1165 si
321 1110 438 1179 ejus
455 1109 880 1166 benevolentiam
901 1109 1059 1166 nobis
1072 1107 1558 1172 conciliaverimus,
1585 1105 1704 1160 nul-

101 1203 184 1258 lus
227 1203 389 1258 nobis
432 1203 766 1273 praevalebit,
811 1201 907 1257 sed
957 1216 1056 1256 nos
1091 1201 1409 1270 superiores
1451 1198 1704 1253 omnibus

101 1294 324 1348 erimus.
355 1293 448 1349 ει).
480 1293 547 1347 Et
567 1304 676 1349 erat
705 1291 847 1348 Deus
869 1309 986 1347 eum
1012 1307 1200 1364 puero,
1227 1291 1427 1362 inquit,
1455 1299 1504 1345 et
1525 1294 1701 1357 crevit,

99 1395 146 1438 et
171 1386 418 1440 habitarit
457 1387 511 1440 in
538 1386 831 1440 solitudine.
863 1385 954 1442 Sic
989 1384 1206 1454 quando
1247 1384 1479 1438 amicum
1519 1393 1576 1438 et
1605 1383 1704 1438 he-

101 1479 354 1535 nevolum
380 1479 638 1535 habemus
659 1479 851 1546 Deum,
873 1478 1084 1533 etiamsi
1105 1477 1156 1531 in
1183 1477 1400 1532 deserto
1420 1475 1701 1544 fuerimus,

100 1570 274 1624 multo
302 1570 606 1625 securiores
629 1569 889 1635 vivemus,
919 1558 1154 1637 quam'ii
1177 1566 1269 1637 qui
1313 1566 1367 1621 in
1397 1565 1702 1621 civitatibus

103 1668 407 1716 versantur.
438 1659 668 1714 Maxima
712 1659 854 1713 enim
885 1657 1146 1713 securitas
1183 1667 1235 1712 et
1276 1655 1704 1727 inexpugnabilis

100 1770 292 1812 murus
317 1763 400 1828 est
425 1755 683 1808 auxilium
713 1753 976 1810 divinum.
1007 1752 1075 1806 Et
1103 1760 1166 1806 ut
1201 1749 1401 1816 discas,
1429 1749 1704 1821 quomodo

97 1847 188 1919 qui
213 1847 272 1901 in
299 1844 682 1901 solitudinibus
707 1845 838 1915 agit,
864 1845 1106 1900 securior
1132 1842 1224 1907 sit,
1252 1849 1310 1897 et
1339 1842 1609 1911 potentior
1637 1841 1703 1896 iis

96 1939 188 2009 qui
216 1937 275 1992 in
307 1935 500 1997 mediis
524 1935 828 1991 civitatibus
856 1943 1162 2000 versantur,
1189 1933 1392 2004 ingenti
1422 1932 1702 1986 hominum

99 2026 356 2098 przesidio
388 2024 533 2091 freti,
563 2025 842 2080 videamus
879 2023 1150 2096 quomodo
1178 2022 1346 2078 David
1379 2022 1449 2078 de
1484 2023 1605 2079 loco
1645 2023 1702 2078 in

98 2118 280 2174 locum
313 2118 598 2183 transiens,
631 2126 689 2174 et
713 2119 864 2189 quasi
889 2120 1152 2174 erraticus
1177 2132 1399 2188 vagans,
1427 2133 1588 2172 manu
1613 2132 1706 2173 su-

101 2226 269 2281 perna
294 2211 530 2265 munitus
553 2209 750 2266 fuerit:
776 2209 904 2266 Sail]
926 2218 1105 2266 autem
1127 2226 1250 2266 eum
1273 2219 1417 2266 esset
1442 2211 1494 2266 in
1514 2211 1705 2267 mediis

97 2301 430 2367 civitatibus,
462 2310 517 2354 et
544 2310 748 2356 tantum
787 2315 970 2356 secum
999 2301 1222 2358 duceret
1250 2303 1545 2358 exercitum
1566 2341 1584 2369 ,
1614 2317 1706 2358 sa-

99 2393 304 2449 tellites
333 2392 541 2448 habens
569 2403 624 2449 et
650 2394 971 2464 armigeros,
1002 2395 1244 2466 quotidie
1265 2394 1484 2452 timebat
1510 2405 1565 2451 et
1595 2403 1700 2453 tre-

99 2483 288 2540 tnebat
339 2483 680 2540 inimicorum
729 2485 952 2542 insidias
1000 2486 1080 2558 (l.
1145 2487 1276 2560 Reg.
1332 2489 1447 2561 I7).
1497 2489 1566 2544 Et
1615 2489 1708 2545 ille

99 2573 345 2645 quidem,
384 2575 476 2646 qui
505 2575 654 2631 solus
677 2585 816 2642 erat,
847 2577 1159 2649 nullumque
1185 2579 1349 2633 alium
1380 2594 1564 2635 secum
1606 2580 1708 2634 ha-

101 2665 288 2736 bebat,
319 2682 428 2722 non
455 2667 722 2739 indigebat
747 2669 982 2725 humano
1011 2670 1300 2742 przesidio:
1331 2672 1418 2728 hic
1439 2688 1570 2731 vero
1593 2673 1712 2730 dia-

101 2756 323 2815 demate
343 2759 644 2824 redimitus,
664 2770 718 2816 et
733 2775 970 2832 purpura
992 2762 1232 2830 indutus,
1251 2763 1394 2819 illius
1409 2766 1610 2820 auxilio
1625 2765 1710 2822 in-

100 2849 341 2921 digehat,
363 2861 419 2907 et
438 2853 552 2923 regi
575 2868 712 2922 opus
731 2867 853 2909 erat
866 2857 1096 2924 pastoris
1116 2871 1302 2926 opera,
1325 2867 1380 2914 et
1403 2858 1707 2917 diademate

103 2941 362 2997 redimite
387 2943 581 3012 privati
605 2944 705 2999 viri
745 2944 1116 3014 adjumcntum
1160 2951 1520 3004 necessarium
1567 2961 1703 3007 erat.

172 3033 228 3089 5.
266 3031 421 3088 Nihil
441 3038 694 3103 potentius
721 3053 780 3092 eo
803 3037 891 3108 qui
917 3036 1012 3092 Dei
1037 3039 1234 3094 auxilio
1263 3043 1488 3098 munitus
1517 3053 1609 3098 est.
1635 3075 1710 3086 —

99 3121 206 3179 Sed
231 3124 284 3180 si
315 3123 475 3180 vultis
498 3165 514 3190 ,
554 3125 833 3197 aliquanto
877 3131 1127 3200 superius
1155 3132 1368 3188 seriem"
1395 3133 1556 3207 hujus
1594 3151 1710 3192 ser-

101 3215 286 3269 monis
308 3224 574 3285 petamus,
606 3227 662 3272 ut
687 3217 834 3273 omni
860 3219 961 3274 hac
986 3219 1211 3278 historia
1236 3223 1291 3278 in
1311 3225 1547 3300 medium
1579 3243 1708 3298 pru-

100 3303 289 3371 ducta,
317 3305 589 3361 discamus
603 3307 734 3363 nihil
760 3307 952 3366 fortius
971 3326 1092 3367 esse
1114 3314 1232 3369 viro
1250 3316 1458 3372 munito
1477 3331 1710 3389 superna

101 3397 316 3468 gratia,
361 3405 418 3452 et
459 3397 594 3453 nihil
643 3399 908 3457 infirmius
951 3417 1019 3458 eo
1059 3405 1150 3476 qui
1203 3405 1305 3463 hac
1333 3409 1577 3478 privatus
1602 3420 1708 3480 est,

102 3489 321 3544 etiamsi
374 3490 673 3547 innumeris
719 3493 1082 3550 circumdetur
1127 3500 1476 3557 exercitibus.
1543 3501 1711 3573 Igitur

103 3582 274 3638 David
303 3582 394 3638 ille
415 3597 538 3638 cum
567 3584 744 3642 adhuc
765 3587 1082 3644 adolescens
1111 3590 1183 3644 ob
1206 3589 1550 3648 immaturam
1576 3603 1711 3650 teta-

103 3681 215 3730 tem
242 3674 297 3728 in
321 3685 543 3744 paterna
565 3675 728 3731 domo
752 3687 1076 3741 versaretur.
1100 3682 1355 3750 quoniam
1377 3692 1588 3754 tempus
1607 3686 1710 3742 ali-

103 3765 330 3836 quando
363 3766 686 3835 exposecbat
719 3775 776 3822 ut
805 3770 1004 3825 clarior
1042 3771 1158 3841 ejus
1183 3771 1338 3828 fieret
1364 3773 1567 3841 virtus,
1609 3776 1710 3831 ad-

103 3860 348 3914 monitus
375 3872 406 3911 a
433 3867 582 3928 patre
611 3868 668 3914 ut
693 3859 885 3917 fratres
913 3877 1038 3918 suos
1061 3864 1341 3931 inviseret,
1373 3864 1714 3938 obtempera-

104 3951 204 4017 vit,
234 3959 294 4005 et
321 3949 518 4004 missus
537 3959 621 4005 est
645 3950 715 4006 ad
739 3966 852 4008 eos.
884 3951 1051 4008 Porro
1079 3969 1202 4010 cum
1228 3956 1295 4010 ad
1324 3956 1448 4012 illos
1473 3958 1716 4016 venisset

105 4041 377 4098 invisendi
421 4043 622 4114 gratia,
664 4044 752 4099 ubi
786 4045 918 4101 vidit
959 4049 1273 4104 instructam
1315 4049 1489 4107 aciem
1514 4058 1704 4108 contra

105 4132 467 4204 alienigenam
497 4133 738 4201 Goliath,
783 4144 837 4192 et
864 4152 1078 4194 omnem
1118 4141 1374 4210 populum
1398 4143 1552 4211 juxta
1577 4143 1715 4200 Sati-

105 4223 214 4280 Ietn
247 4221 537 4279 formidine
564 4225 886 4295 perculsum,
917 4243 1208 4300 regemque
1231 4232 1404 4301 ipsum
1427 4233 1481 4287 in
1503 4250 1716 4292 summo

105 4315 464 4371 constitutum
489 4317 728 4386 periculo
748 4359 764 4384 ,
809 4327 936 4374 tunc
963 4330 1236 4390 spectator
1277 4324 1448 4380 voluit
1476 4340 1630 4394 esse,
1658 4336 1714 4384 et

107 4407 247 4463 abiit
273 4415 331 4460 ut
360 4406 567 4463 videret
596 4422 789 4464 novum
817 4417 872 4464 et
911 4427 1093 4468 rarum
1118 4412 1486 4485 spectaculum
1508 4459 1524 4484 ,
1571 4418 1716 4490 quod

108 4516 256 4556 unus
293 4500 458 4556 homo
502 4501 762 4558 adversus
803 4512 884 4559 tot
916 4505 1079 4562 millia
1121 4521 1182 4563 se
1211 4509 1465 4581 erigeret.
1519 4510 1720 4569 Verum-

111 4591 316 4648 fratres
338 4591 457 4662 ejus
497 4607 602 4648 non
632 4592 866 4650 ferentes
897 4607 1004 4651 tam
1035 4599 1176 4655 altos
1201 4599 1532 4658 fortitudinis
1558 4604 1718 4675 Spiri-

108 4694 200 4740 tus
221 4724 238 4750 ,
269 4683 544 4754 provocati
573 4696 699 4740 sunt
735 4686 788 4741 in
819 4688 1072 4744 invidiam
1092 4732 1107 4758 ,
1148 4699 1205 4746 et
1228 4692 1412 4749 dicunt
1440 4696 1507 4751 ad
1542 4712 1665 4752 eum
1699 4715 1714 4754 :

110 4774 240 4830 Non
261 4775 370 4830 alia
384 4776 448 4831 de
459 4793 614 4833 causa
632 4780 826 4846 venisti,
851 4797 1002 4849 quam
1018 4791 1071 4836 ut
1088 4783 1272 4839 bellum
1285 4787 1475 4858 uideres
1487 4791 1536 4860 (i
1550 4830 1566 4846 .
1585 4789 1716 4866 Reg.

111 4869 204 4922 l7.
233 4866 375 4937 28)?
419 4867 536 4924 Non
562 4870 707 4926 enim
737 4872 930 4927 venisti
955 4875 1123 4932 nostri
1151 4891 1334 4944 causa,
1364 4890 1422 4935 ut
1453 4896 1551 4937 nos
1582 4883 1717 4940 invi-

110 4973 289 5016 seres.
339 4959 410 5014 At
438 4968 495 5014 tu
522 4961 644 5017 vide
674 4962 831 5034 hujus
871 4965 1208 5035 prudentiam
1245 4978 1301 5024 et
1347 4975 1720 5032 mansuetudi-

111 5067 263 5108 nem.
295 5049 437 5107 Nihil
469 5053 844 5122 temerarium,
877 5073 1052 5128 neque
1070 5074 1319 5132 asperum
1344 5065 1423 5120 eis
1449 5064 1716 5137 loquitur:

112 5141 214 5199 sed
242 5142 546 5213 reprimens
584 5159 772 5200 eorum
815 5145 1083 5207 ﬂammam
1104 5194 1118 5218 ,
1151 5162 1208 5209 et
1229 5153 1543 5213 demulcens
1578 5157 1720 5215 invi-

109 5237 302 5302 diam,
354 5235 569 5307 inquit:
602 5236 870 5311 Numquid
911 5242 1114 5297 verbum
1162 5255 1235 5300 est
1281 5247 1443 5319 (Ibid.
1495 5267 1544 5305 υ.
1585 5251 1720 5324 ἳ9)ἳ

112 5327 418 5399 Numquid,
462 5331 654 5399 inquit,
703 5332 911 5389 vidistis
943 5350 1030 5392 me
1057 5351 1205 5394 arma
1235 5343 1514 5413 arripere?
1559 5363 1718 5403 num-

113 5418 244 5490 quid
276 5418 487 5475 vidistis
518 5436 604 5477 me
629 5422 867 5480 ordinari
896 5440 1020 5482 cum
1047 5432 1260 5485 eseteris
1292 5431 1344 5486 in
1375 5435 1537 5492 acie?
1577 5437 1720 5492 Tau-

114 5521 234 5569 tutn
263 5510 449 5568 videre
483 5513 664 5580 volui,
717 5525 774 5572 et
821 5517 1155 5591 interrogare
1182 5524 1323 5581 unde
1353 5527 1477 5585 huic
1511 5539 1718 5590 tantum

113 5603 369 5659 insaniae.
418 5603 544 5673 Quis
577 5608 712 5662 enim
743 5619 817 5664 est
842 5611 1131 5685 alienigena
1164 5615 1287 5684 iste,
1333 5621 1421 5690 qui
1445 5625 1721 5694 exprobrat

114 5696 400 5751 exercitum
425 5695 521 5754 Dei
548 5699 755 5756 uiuentis
785 5702 947 5774 (Ibid.
978 5721 1028 5761 υ.
1054 5706 1190 5782 26)?
1238 5712 1431 5771 Postea
1461 5733 1585 5774 cum
1623 5737 1720 5778 au-

115 5788 265 5845 diret
309 5787 456 5847 illius
499 5791 857 5866 hlasphemias
882 5808 938 5855 et
973 5804 1372 5874 arrogantiam.
1411 5817 1467 5868 et
1508 5810 1717 5874 videret

1098 356 1168 416 IN
1201 354 1360 416 CAP.
1399 350 1544 411 XXI.
1573 343 1823 407 GENES.
1867 339 2102 402 ιιοιιιιι.
2143 341 2332 401 XLVI.

3304 349 3416 410 δίο

1809 459 2225 532 trepidationem
2263 475 2452 519 eorum
2490 462 2584 534 qui
2625 477 2750 520 eum
2779 463 2910 522 Sanl
2949 477 3139 537 erant,
3189 468 3414 542 inquit:

1807 552 1946 621 Quid
1972 554 2076 609 erit
2107 555 2224 611 viro
2245 596 2262 623 ,
2307 556 2400 627 qui
2447 556 2593 613 illius
2627 569 2790 628 caput
2814 561 3157 616 exaecueriti
3207 563 3274 618 Et
3299 577 3418 619 ma-

1807 659 1972 716 gnum
1997 646 2163 701 animi
2192 647 2358 703 robur
2401 647 2484 703 his
2521 649 2702 705 verbis
2737 650 3100 719 ostendebat,
3143 667 3337 710 omnes
3361 654 3418 711 iu

1807 738 2216 798 admirationem
2243 741 2536 798 adducens.
2583 741 2711 798 Haec
2739 753 2794 798 ut
2819 744 3080 816 cognovit
3109 743 3262 813 Sail,
3291 746 3419 803 mito

1809 830 1872 885 tit
1897 829 1964 884 ad
1988 829 2243 899 juvenem
2267 873 2282 897 ,
2313 833 2403 904 qui
2436 842 2631 903 praiter
2653 836 2878 904 pastorit
2897 851 2984 890 am
3011 843 3185 892 artem
3209 836 3420 894 sciebat

1808 919 1944 976 nihil
1977 932 2065 978 :et
2095 933 2150 976 ut
2173 922 2302 978 vidit
2326 926 2445 992 ejus
2469 932 2704 991 atatem,
2735 926 3013 996 vilipendit
3040 942 3185 982 eum
3209 927 3420 986 Deinde

1808 1026 1929 1066 eum
1957 1012 2232 1070 didicisset
2251 1030 2320 1071 ex
2345 1030 2412 1070 eo
2432 1056 2449 1082 ,
2479 1015 2752 1086 quomodo
2780 1033 2902 1072 cum
2929 1019 3073 1074 ursis
3099 1020 3302 1090 egisset
3325 1020 3420 1091 qui

1807 1119 2001 1175 8³⁸688⁸
2026 1121 2154 1162 5008
2182 1107 2526 1164 invaserant:
2553 1120 2774 1166 coactus
2793 1111 2937 1166 enim
2965 1111 3063 1166 luit
3081 1112 3419 1169 admirabilis

1810 1196 1900 1252 ille
1934 1197 2018 1252 vir
2049 1196 2165 1253 haec
2192 1214 2445 1266 narrare,
2479 1201 2670 1255 nolens
2690 1199 2815 1256 hinc
2846 1217 3035 1256 vanam
3065 1203 3294 1273 gloriam
3322 1219 3421 1258 au-

1809 1288 1998 1358 cupari
2023 1327 2040 1355 ,
2078 1289 2173 1345 sed
2213 1291 2265 1343 in
2304 1291 2626 1346 necessitate
2649 1293 2993 1355 constitutus,
3023 1304 3079 1350 et
3102 1303 3160 1348 ut
3189 1294 3264 1350 illi
3295 1296 3418 1351 aui-

1809 1393 1958 1432 mum
1984 1378 2230 1443 adderet.
2263 1387 2317 1435 et
2346 1397 2414 1436 ne
2441 1391 2709 1451 spectaret
2733 1383 2801 1438 ad
2824 1383 3085 1440 vilitatem
3112 1384 3230 1455 ejus
3256 1400 3420 1456 quem

1808 1470 2046 1536 videbat,
2078 1471 2174 1528 sed
2195 1472 2261 1527 ad
2293 1473 2452 1529 [idem
2475 1489 2596 1544 qum
2620 1474 2947 1531 intrinsecus
2970 1477 3193 1542 latebat,
3222 1473 3419 1549 super-

1809 1577 2047 1633 numque
2073 1564 2330 1620 auxilium
2357 1580 2464 1635 quo
2491 1565 2806 1622 adolescens
2837 1567 3059 1623 inermis
3085 1569 3215 1623 viris
3238 1584 3422 1624 arma-

1810 1654 1880 1709 tis
1907 1663 1962 1710 et
1991 1665 2174 1725 pastor
2201 1657 2462 1714 militibus
2484 1657 2674 1713 fortior
2697 1668 2816 1714 erat
2844 1677 2859 1714 :
2887 1675 3017 1730 ergo
3041 1660 3131 1716 ubi
3163 1676 3256 1718 rex
3283 1661 3420 1718 vidit

1809 1747 1974 1800 animi
2017 1747 2133 1818 ejus
2177 1747 2459 1815 ﬁduciam,
2500 1751 2612 1805 suis
2638 1749 2790 1805 illum
2820 1752 2988 1807 armis
3018 1751 3243 1809 induere
3267 1753 3423 1809 vole-

1809 1837 1939 1904 bat;
1983 1839 2199 1896 indutus
2224 1852 2406 1896 autem
2437 1857 2501 1897 ea
2532 1841 2673 1899 ferre
2701 1858 2810 1898 non
2840 1846 3030 1915 potuit.
3081 1845 3195 1901 lloc
3237 1857 3422 1904 autem

1810 1929 2010 1987 factum
2051 1942 2136 1988 est
2158 1975 2174 1999 ,
2208 1943 2266 1988 ut
2293 1935 2463 1989 virtus
2489 1935 2606 2002 Dei,
2635 1951 2756 2006 quae
2793 1951 2891 2007 per
2917 1920 3041 1992 eum
3072 1938 3422 2008 operabatur,

1810 2024 2091 2081 manifesta
2138 2036 2570 2094 monstraretur,
2620 2037 2676 2083 et
2720 2043 2828 2084 non
2871 2029 3038 2085 armis
3063 2044 3182 2101 quae
3224 2029 3426 2086 lieliant

1810 2115 2266 2174 adscriberentur.
2318 2117 2453 2174 Nam
2480 2119 2734 2191 quoniam
2784 2120 3003 2176 indutus
3029 2121 3138 2177 illis
3157 2122 3429 2193 gravaba-

1811 2217 1922 2273 tur,
1956 2218 2014 2263 et
2041 2209 2221 2266 minus
2257 2211 2540 2281 expeditus
2574 2218 2725 2275 erat,
2755 2211 3006 2282 deposuit
3032 2229 3217 2282 arma,
3247 2224 3302 2271 et
3327 2229 3427 2274 ac-

1812 2311 1966 2372 cepta
1990 2306 2116 2372 pera
2134 2304 2388 2373 pastorali
2415 2314 2470 2359 et
2496 2304 2756 2371 silicibus,
2781 2315 2966 2360 contra
2998 2321 3256 2363 carneam
3276 2307 3423 2364 illam

1815 2393 2005 2447 turrim
2035 2408 2287 2465 egressus
2312 2404 2415 2450 est.
2450 2393 2557 2451 Sed
2590 2395 2713 2452 vide
2742 2397 2940 2450 iterum
2964 2397 3321 2468 alienigenam
3350 2398 3420 2454 ad

1815 2484 2072 2539 vilitatem
2102 2486 2279 2541 aetatis
2302 2496 2635 2556 spectantem
2660 2528 2675 2554 ,
2702 2496 2757 2543 et
2781 2489 2853 2545 ob
2879 2487 2980 2544 hoc
3008 2488 3425 2558 vilipendenlem

1810 2575 2017 2648 justum
2042 2577 2213 2644 illum,
2243 2588 2298 2633 et
2322 2579 2473 2650 quasi
2501 2592 2687 2635 contra
2705 2595 2930 2651 puerum
2959 2579 3216 2637 humilem
3241 2581 3426 2638 verbis

1817 2668 2204 2738 insurgentem.
2235 2668 2368 2724 Nam
2399 2680 2680 2741 postquam
2710 2672 2843 2726 vidit
2869 2686 2993 2726 eum
3025 2688 3148 2727 cum
3172 2673 3431 2743 pastorali

1816 2775 1946 2831 pera
1977 2757 2164 2816 contra
2194 2776 2252 2817 se
2277 2763 2695 2819 contendentem
2719 2805 2737 2830 ,
2785 2775 2840 2820 et
2864 2764 3072 2836 lapides
3099 2765 3273 2820 solum
3294 2763 3430 2821 affe-

1819 2861 2053 2916 rentem,
2086 2853 2138 2907 in
2177 2853 2319 2910 hunc
2347 2853 2518 2911 ferme
2558 2856 2778 2911 modum
2810 2871 2933 2911 eum
2963 2857 3273 2926 alloquutus
3297 2867 3380 2913 est
3412 2875 3426 2912 :

1819 2941 2022 2999 Potasti
2053 2953 2105 2999 te
2144 2945 2323 3000 adhuc
2349 2946 2492 3015 apud
2529 2962 2659 3002 oves
2683 2962 2806 3003 esse
2829 2988 2846 3014 ,
2893 2958 2948 3003 et
2975 2963 3139 3003 canes
3167 2947 3432 3019 quosdam

1820 3036 2109 3107 persequi?
2150 3044 2206 3092 et
2246 3036 2318 3092 ita
2343 3037 2629 3093 adversum
2657 3054 2780 3107 me,
2825 3039 2982 3109 quasi
3021 3050 3210 3095 contra
3235 3054 3429 3096 canem

1823 3127 2197 3184 instrumentis
2223 3129 2328 3185 illis
2357 3130 2673 3198 instructus,
2707 3130 2759 3184 in
2791 3145 3024 3202 pugnam
3050 3133 3289 3187 venisti!
3318 3141 3433 3190 sta-

1825 3219 1920 3274 tim
1951 3221 2282 3291 experientia
2310 3221 2489 3277 disces
2515 3236 2622 3277 non
2674 3222 2768 3276 tibi
2798 3237 2922 3278 cum
2967 3222 3189 3280 homine
3221 3225 3432 3297 vulgari

1824 3313 2026 3369 bellum
2052 3329 2194 3370 esse.
2250 3314 2320 3369 Et
2344 3329 2475 3370 usus
2495 3329 2689 3385 magno
2717 3315 3008 3370 verborum
3037 3316 3173 3371 fastu
3193 3357 3210 3382 ,
3240 3333 3437 3389 propc-

1825 3404 2000 3469 rabat,
2025 3414 2461 3476 armaturamque
2481 3421 2631 3461 suam
2651 3421 2872 3462 omnem
2901 3409 3174 3475 movebat,
3199 3424 3263 3466 ac
3285 3425 3438 3469 arma

1825 3499 2128 3554 exserehat.
2182 3498 2249 3553 Et
2291 3499 2405 3570 ipse
2443 3499 2660 3570 quidem
2695 3514 2968 3556 armorum
3001 3501 3197 3558 virtute
3237 3503 3433 3572 ﬁdens,

1825 3605 2056 3659 pugnam
2098 3591 2252 3646 inivit
2284 3608 2297 3644 :
2333 3591 2498 3645 David
2524 3601 2704 3646 autem
2737 3591 2878 3656 ﬁde,
2919 3608 3264 3666 superuoquc
3291 3611 3438 3666 prte-

1823 3680 1963 3736 sidio
2005 3682 2264 3736 munitus.
2316 3681 2382 3736 Et
2409 3683 2557 3753 prius
2591 3681 2771 3738 verbis
2796 3683 3114 3755 alienigena:
3145 3685 3436 3742 elationem

1823 3782 1882 3830 et
1909 3774 2253 3846 supercilium
2279 3775 2560 3831 decutiens
2579 3819 2594 3843 ,
2624 3785 2683 3830 ut
2709 3776 2846 3832 dixit
2872 3777 2942 3834 ad
2971 3792 3096 3834 eum
3131 3796 3145 3832 :
3175 3778 3254 3832 'l‘u
3283 3780 3437 3836 venis

1821 3865 1890 3922 ad
1930 3881 2017 3923 me
2042 3866 2094 3921 in
2122 3867 2286 3922 armis
2313 3876 2369 3923 ct
2406 3867 2614 3936 lancea,
2662 3877 2718 3924 et
2746 3880 2834 3925 tua
2861 3870 3057 3927 virtute
3083 3871 3348 3927 victurum
3380 3881 3438 3931 te

1823 3967 2000 4030 putas,
2037 3975 2138 4031 ego
2165 3967 2341 4016 autem
2371 3961 2422 4016 in
2456 3957 2673 4017 nomine
2697 3961 2909 4017 Domini
2944 3962 3071 4020 Dei:
3098 3974 3154 4018 ut
3178 3964 3314 4031 haec,
3346 3964 3433 4019 iu-

1822 4066 1982 4122 qnam
2008 4094 2022 4117 ,
2052 4051 2220 4120 dixit,
2251 4062 2467 4122 sumpto
2490 4066 2554 4109 ex
2595 4069 2720 4123 pera
2763 4055 3019 4125 pastorali
3055 4056 3205 4112 silice
3229 4098 3245 4123 ,
3275 4056 3438 4127 quasi

1824 4160 2014 4202 revera
2057 4160 2247 4201 canem
2291 4148 2523 4216 aliquem
2568 4163 2786 4219 gregem
2833 4147 3174 4204 invadentem
3217 4148 3440 4206 abactu-

1823 4254 1919 4296 rus
1940 4281 1956 4307 ,
1989 4239 2150 4296 funda
2176 4241 2444 4311 jacnlatus
2469 4251 2551 4297 est
2570 4283 2584 4307 ,
2611 4242 2902 4314 statimque
2925 4240 2978 4298 in
3010 4243 3188 4299 fronte
3216 4257 3442 4313 percu»

1826 4347 1948 4388 sum
1981 4331 2337 4403 alienigenam
2361 4332 2558 4402 dejecit
2589 4350 2603 4388 :
2633 4342 2688 4389 et
2717 4333 3034 4388 festinanter
3059 4334 3256 4389 educto
3283 4333 3425 4391 illius

1825 4423 2005 4495 gladio
2023 4434 2186 4495 caput
2213 4423 2333 4494 ejus
2356 4424 2687 4494 amputavit,
2713 4433 2768 4480 et
2794 4423 2914 4496 regi
2931 4425 3129 4490 attulit,
3165 4423 3451 4497 finemque-

1827 4514 1976 4571 hcllo
2002 4515 2276 4588 imposuit.
2324 4517 2501 4586 Atque
2529 4516 2670 4571 illius
2699 4531 2861 4586 npera
2885 4526 2940 4572 et
2968 4533 3064 4572 rex
3094 4517 3322 4572 salutem
3355 4519 3436 4575 in.

1827 4607 2012 4670 venit,
2045 4617 2102 4662 et
2129 4607 2308 4663 omnis
2348 4606 2491 4663 illius
2528 4607 2797 4662 exercitus
2835 4609 3144 4679 respiravit.
3197 4609 3438 4668 Vidisses

1831 4707 1960 4754 tunc
2011 4698 2323 4770 inopinatus
2367 4700 2820 4770 admirabilesque
2870 4715 2996 4767 res,
3053 4711 3320 4758 armatum
3368 4703 3445 4760 ab

1830 4794 2022 4849 inermi
2049 4794 2336 4866 dejectnm,
2366 4797 2552 4864 reique
2581 4794 2832 4850 militaris
2861 4796 3091 4865 peritum
3115 4797 3185 4853 ab
3213 4812 3281 4853 eo
3309 4813 3436 4868 pro-

1829 4897 2054 4944 stratum
2079 4929 2096 4955 ,
2142 4889 2230 4959 qui
2262 4895 2458 4959 praeter
2486 4888 2808 4958 pastoralem
2839 4897 3009 4944 artem
3054 4888 3187 4946 nihil
3211 4891 3441 4947 sciebat.

1829 4982 2042 5050 Quare,
2087 4992 2143 5038 et
2171 4981 2241 5038 ob
2277 4997 2437 5053 quam
2479 4981 2741 5038 causam?
2788 4981 2923 5050 Quia
2963 4983 3051 5039 hic
3089 4984 3309 5055 quidem
3336 4985 3441 5041 ha-

1831 5076 1948 5130 buit
1985 5091 2272 5146 supernam
2320 5075 2547 5146 gratiam
2592 5091 2653 5132 se
2694 5077 3036 5147 adjuvantetn
3069 5097 3083 5134 :
3124 5079 3214 5136 ille
3257 5088 3447 5136 autem

1830 5172 1891 5221 ea
1913 5181 2124 5233 carens,
2154 5167 2205 5221 in
2231 5167 2387 5236 hujus
2414 5183 2602 5222 manus
2633 5169 2796 5222 venit.
2826 5168 2944 5224 Jam
2971 5171 3095 5226 vide
3123 5171 3208 5226 hic
3231 5214 3246 5236 ,
3274 5187 3442 5243 quam

1830 5257 2058 5314 absurda
2081 5270 2336 5330 operatus
2363 5263 2433 5314 sit
2461 5259 2676 5316 invidiae
2705 5262 2946 5317 morbus.
2978 5263 3265 5334 Poslqttum
3293 5265 3445 5323 enim

1830 5364 1930 5405 rex
1961 5349 2094 5404 vidit
2129 5350 2333 5419 justum
2380 5351 2522 5406 hunc
2551 5361 2696 5407 tanta
2732 5351 2904 5423 gloria
2942 5354 3228 5420 celebrari,
3261 5364 3316 5412 et
3346 5357 3443 5412 tri-

1833 5441 2117 5514 pudiantes
2139 5443 2374 5500 clamare
2406 5460 2422 5500 :
2465 5443 2593 5499 Vicit
2622 5445 2756 5501 Sail
2788 5445 2842 5500 in
2872 5448 3115 5514 millibus,
3147 5445 3316 5502 David
3339 5466 3440 5504 au-

1834 5543 1934 5590 tem
1973 5534 2028 5588 in
2071 5532 2245 5588 decem
2291 5533 2515 5590 millibus
2564 5535 2641 5610 (l.
2683 5536 2816 5607 Reg.
2858 5538 2947 5594 18.
2977 5537 3032 5610 7)
3064 5557 3077 5591 :
3109 5554 3217 5594 non
3262 5538 3449 5597 ferens

1830 5642 1985 5698 aequo
2013 5625 2196 5683 animo
2220 5643 2341 5698 quae
2369 5627 2437 5684 de
2475 5627 2578 5684 hoc
2600 5627 2916 5686 dicebantur
2939 5629 3208 5704 (quamvis
3246 5647 3442 5689 secun-

1827 5720 1957 5776 dum
1991 5720 2256 5776 rationem
2293 5719 2493 5792 justam
2523 5721 2574 5778 ei
2611 5722 2784 5794 magis
2811 5723 3111 5780 tribuerant
3139 5740 3299 5797 quam
3329 5724 3440 5781 Da.

1832 5815 1987 5886 vid),
2018 5816 2190 5874 victus
2217 5813 2416 5872 invidia
2440 5813 2775 5876 benefactori
2818 5819 3021 5877 malum
3062 5817 3341 5891 rependit;
3386 5827 3450 5876 es
