4060 6432
681 354 783 409 82³1

677 479 836 538 quem
863 460 1139 535 oportebat
1168 468 1225 515 t
1257 455 1573 524 salvatorem
1601 464 1656 512 et
1674 452 2067 510 benefactorem
2095 464 2257 520 agno.

677 571 849 620 scere,
867 550 1294 610 euminterﬂcere
1305 550 1593 621 quarebat.
1615 545 1938 633 Dingentem
1961 543 2217 598 insaniam
2238 542 2254 597 !

677 665 711 702 o
735 646 967 719 stuporis
1007 635 1457 716 magnitudinem!
1510 640 1646 696 Eum
1683 638 1772 709 qui
1807 637 1969 692 vitam
2009 635 2112 691 sibi
2143 649 2258 688 ser-

680 750 829 794 varat
850 779 865 803 ,
891 748 947 793 et
969 751 1182 792 omnem
1215 747 1372 791 suum
1403 731 1694 788 exercitum
1717 729 1786 784 ab
1813 728 2122 798 alienigena:
2146 723 2256 780 Go-

679 829 812 884 liatb
834 827 1013 884 furore
1039 826 1374 888 liberaverat,
1401 833 1459 878 ut
1482 822 1687 877 hostem
1708 829 2012 890 suspectum
2044 816 2249 882 habuit,

682 930 734 976 et
782 921 1062 976 immemor
1109 915 1392 980 beneficii,
1441 913 1510 967 ab
1556 911 1837 966 aﬂectiooe
1891 905 2206 962 vincebatur

678 1011 772 1066 sed
807 1017 988 1066 mente
1029 1023 1126 1064 sua
1155 1005 1531 1061 obtenebratus
1555 1003 1624 1056 ab
1663 1001 1861 1055 invidia
1882 1039 1898 1064 ,
1930 997 2149 1068 perinde
2172 1007 2256 1052 at-

677 1115 784 1167 que
824 1100 891 1153 ab
919 1097 1174 1154 ebrietate
1198 1094 1423 1164 quadam
1447 1133 1466 1162 ,
1511 1089 1902 1149 bencfactdrem
1947 1099 2008 1145 ut
2045 1088 2258 1144 hostem

677 1190 974 1261 spectabat.
1592 1243 1595 1246 .

748 1281 803 1334 4.
832 1277 1046 1333 Invidia:
1072 1275 1274 1331 morbus
1289 1275 1602 1331 describitur.
1642 1270 1856 1328 Herulis
1892 1273 2171 1328 exhortatio
2189 1271 2260 1325 ad

682 1368 977 1441 fugiendam
1011 1366 1274 1421 invidiam.
1316 1365 1750 1434 Damon-homini
1787 1364 2057 1434 subjectus.
2083 1389 2155 1404 -
2179 1361 2256 1417 lta

676 1461 819 1514 enim
858 1472 918 1513 se
953 1457 1148 1514 habere
1188 1456 1324 1511 solet
1365 1455 1521 1523 hujus
1543 1453 1845 1509 aﬂectionis
1871 1454 2070 1506 malitia
2102 1469 2116 1505 :
2146 1453 2255 1522 pri-

680 1565 826 1604 mum
847 1551 1140 1622 corrumpit
1157 1565 1278 1606 eum
1302 1563 1333 1602 a
1356 1564 1462 1618 quo
1483 1557 1783 1617 generatur.
1813 1546 1876 1600 Et
1905 1545 2254 1616 quemadmo-

677 1641 804 1697 dum
845 1643 1042 1697 vermis
1084 1641 1234 1712 quia
1274 1640 1416 1709 ligno
1454 1637 1799 1708 prodn'eltur,
1841 1637 2040 1707 lignum
2085 1636 2256 1705 primo

677 1731 941 1785 consumit
977 1746 995 1786 :
1036 1730 1105 1784 ita
1145 1741 1200 1784 et
1244 1728 1440 1784 invidia
1486 1728 1630 1782 illam
1670 1728 1840 1796 primo
1877 1725 2110 1780 animam
2137 1739 2256 1780 cor-

677 1820 874 1892 rumpit
896 1836 926 1875 a
951 1836 1053 1890 qua
1092 1828 1213 1894 nata
1249 1828 1368 1884 est,
1413 1827 1468 1874 et
1489 1819 1539 1873 ei
1563 1818 1647 1874 cui
1683 1816 1952 1872 invidetur
1978 1817 2132 1886 plane
2170 1816 2256 1870 di-

676 1926 829 1968 versa
855 1927 1011 1982 quam
1027 1910 1141 1965 vult
1158 1909 1332 1966 affert.
1357 1909 1434 1965 Ne
1453 1910 1612 1980 igitur
1632 1909 1837 1977 respice
1857 1908 1922 1961 ad
1944 1907 2257 1977 principium

677 2009 862 2060 eurum
910 2004 1103 2074 quibus
1142 2002 1441 2067 invidetur,
1490 2001 1586 2057 sed
1625 2000 1693 2056 ad
1733 2000 1892 2056 linem
1922 1999 2163 2069 respice.
2203 2006 2256 2053 et

678 2094 912 2158 attende,
944 2094 1066 2164 quia
1094 2093 1294 2148 malitia
1315 2092 1660 2147 invidentium
1683 2131 1700 2158 ,
1727 2106 1820 2147 eos
1837 2091 2028 2162 quibus
2057 2089 2258 2146 invidet

676 2184 930 2238 clariores
966 2183 1148 2238 eflleit.
1203 2182 1334 2237 Nam
1367 2182 1398 2236 ii
1439 2181 1632 2252 quibus
1677 2181 1945 2236 invidetur
1985 2180 2255 2237 subsidia-

677 2273 813 2329 rium
849 2272 1047 2329 habent
1087 2272 1178 2328 Dei
1208 2272 1460 2326 auxilium
1484 2313 1502 2338 ,
1542 2281 1597 2327 et
1631 2271 1797 2342 gratia
1841 2271 2088 2326 fruuntur
2120 2289 2135 2327 :
2164 2272 2255 2341 qui

675 2375 852 2420 autem
896 2365 1130 2430 invidet,
1160 2365 1325 2436 gratia
1351 2363 1626 2434 spoliatur,
1669 2371 1724 2418 et
1755 2361 1909 2418 facile
1934 2363 2165 2419 vincitur
2186 2363 2255 2418 ab

674 2456 958 2511 omnibus:
989 2465 1043 2510 et
1066 2463 1222 2517 antea
1251 2470 1282 2510 a
1311 2456 1423 2512 suis
1446 2455 1756 2521 atlectibus,
1784 2471 1946 2526 quam
1976 2456 2045 2511 ab
2072 2465 2254 2513 exter-

674 2544 760 2601 Iis
785 2545 1027 2600 hostibus
1069 2543 1379 2611 infestatus,
1428 2545 1578 2615 quasi
1605 2546 1936 2600 consumitur
1959 2587 1974 2613 ,
2008 2555 2065 2602 et
2104 2546 2256 2617 quasi

674 2636 895 2690 occultis
923 2635 1151 2689 maxillis
1177 2635 1461 2689 devoratur
1479 2677 1495 2698 ,
1529 2643 1584 2690 et
1607 2635 1917 2704 absumptus
1935 2675 1952 2703 ,
1990 2645 2046 2689 ut
2075 2638 2143 2691 ita
2169 2637 2256 2691 di-

675 2740 830 2791 cam,
876 2725 1252 2793 submergitur.
1301 2724 1431 2790 Quze
1469 2739 1590 2778 cum
1635 2724 1788 2778 nobis
1825 2734 2097 2794 comperta
2127 2726 2252 2790 sint,

674 2813 918 2878 obsecro,
947 2813 1208 2883 fugiamus
1233 2813 1402 2868 morbi
1432 2812 1588 2882 hujus
1608 2815 1882 2878 damnum,
1906 2823 1960 2870 et
1983 2817 2105 2870 totis
2127 2817 2259 2870 viri-

676 2902 776 2959 bus
800 2903 867 2957 ab
885 2901 1163 2958 animabus
1191 2903 1388 2957 nostris
1413 2903 1773 2959 eliminemus.
1799 2905 2252 2961 Perniciosissima

674 2994 816 3050 enim
841 3004 924 3050 est
953 2996 1188 3049 omnium
1218 2994 1558 3051 affectionum
1586 3036 1600 3060 ,
1655 3006 2002 3067 nostramque
2027 2998 2256 3053 salutem

674 3084 998 3154 corrumpit.
1026 3093 1210 3154 utpote
1237 3085 1434 3140 diaboli
1463 3085 1752 3140 inventum.
1781 3086 2065 3156 Propterea
2094 3097 2147 3143 et
2167 3104 2257 3142 sa-

675 3175 826 3244 piens
863 3174 1076 3245 quidam
1120 3175 1328 3230 dicebat
1369 3193 1384 3231 :
1426 3173 1628 3229 Invidia
1671 3185 1838 3230 autem
1886 3177 2074 3232 diaboli
2122 3195 2257 3234 mors

676 3266 878 3319 intravit
913 3267 966 3320 in
1002 3266 1245 3320 mundum
1285 3265 1442 3337 (Sap.
1467 3267 1520 3321 2.
1551 3267 1664 3333 24).
1712 3267 1847 3335 Quid
1888 3280 1969 3324 est
1991 3313 2006 3333 ,
2052 3268 2258 3325 Invidia

675 3356 865 3411 diaboli
886 3374 1019 3411 mors
1047 3357 1249 3410 intravit
1272 3357 1326 3410 in
1344 3357 1584 3410 mundum
1602 3359 1628 3411 .’
1651 3358 1782 3413 Nam
1812 3371 2092 3430 postquam
2119 3365 2254 3418 mala

679 3447 790 3502 haec
818 3447 986 3502 bestia
1022 3447 1246 3517 primum
1289 3447 1558 3502 hominem
1581 3448 1710 3502 vidit
1739 3449 2092 3507 immortalem
2118 3493 2132 3517 ,
2163 3469 2258 3521 per

677 3550 827 3591 suam
879 3536 1253 3604 malignitatem
1295 3536 1362 3591 ad
1401 3539 1874 3606 transgressionem
1905 3543 2135 3597 mandati
2177 3545 2259 3598 iu-

677 3629 860 3693 duxit,
894 3644 986 3698 per
1013 3643 1170 3698 quam
1197 3628 1320 3684 fecit
1352 3638 1412 3683 ut
1441 3629 1596 3684 morti
1628 3629 1779 3685 fleret
1802 3631 2081 3688 obnoxios.
2115 3635 2258 3689 Invi-

675 3719 761 3774 dia
800 3719 956 3788 igitur
994 3718 1362 3787 deceptionem
1403 3728 1620 3788 operata
1650 3728 1766 3786 est,
1795 3721 2039 3791 deceptio
2068 3723 2256 3779 inobe-

676 3807 966 3870 dientiam.
1024 3807 1380 3875 iuobedientia
1433 3819 1680 3864 mortem.
1741 3811 2028 3881 Propterea
2078 3813 2252 3871 dicit:

678 3900 880 3955 Invidia
899 3909 1068 3953 autem
1095 3900 1282 3956 diaboli
1303 3917 1435 3955 mors
1461 3903 1666 3956 intravit
1691 3902 1742 3956 in
1773 3906 2032 3959 mundum.
2065 3905 2254 3963 Vidisti

677 4003 930 4064 quantum
975 3992 1270 4048 affectionis
1311 3991 1469 4060 hujus
1516 3995 1803 4049 damnum?
1856 3995 2256 4052 Immortalitate

680 4086 996 4139 honoratum
1022 4085 1300 4138 mortalem
1331 4084 1469 4138 fecit.
1519 4084 1714 4138 Verum
1763 4085 2007 4140 inimicus
2043 4089 2256 4157 quidem

679 4187 875 4230 nostrae
913 4176 1134 4242 salutis,
1174 4189 1269 4230 sua
1315 4175 1539 4241 invidia,
1584 4185 1642 4231 ut
1687 4181 1890 4247 primus
1931 4178 2122 4245 homo,
2167 4181 2257 4251 qui

679 4266 992 4330 immortalis
1020 4272 1165 4328 erat.
1213 4265 1280 4320 ad
1320 4275 1544 4320 mortem
1569 4267 2013 4324 condemnaretur
2035 4271 2255 4332 ell'ecit:

677 4356 982 4413 misericors
1017 4363 1195 4411 autem
1239 4355 1600 4426 sollicitusque
1645 4372 1744 4429 pro
1779 4360 1932 4415 nobis
1978 4362 2254 4432 Dominus,

681 4461 776 4516 per
806 4456 1027 4501 mortem
1054 4462 1201 4500 suam
1242 4446 1430 4500 iterum
1462 4448 1912 4505 immortalitatem
1954 4452 2112 4508 nobis
2149 4455 2257 4507 lar-

679 4536 818 4607 gitus
846 4546 946 4590 est.
974 4535 1128 4591 Unde
1155 4545 1208 4592 et
1234 4538 1434 4606 majora
1457 4553 1614 4607 quam
1638 4541 1914 4596 amisimus
1935 4543 2254 4601 invenimus.

676 4625 934 4682 Paradiso
958 4627 1114 4698 ejecit
1141 4629 1226 4683 ille
1248 4670 1264 4694 ,
1292 4628 1379 4683 hic
1406 4629 1457 4683 in
1482 4630 1670 4684 czelum
1703 4631 1905 4687 induxit
1934 4651 1947 4689 :
1972 4635 2060 4692 ille
2086 4647 2257 4695 morte

679 4721 1023 4776 condemnari
1063 4737 1160 4778 nos
1188 4724 1423 4789 curavit,
1479 4725 1563 4779 hic
1609 4725 2054 4783 immortalitatem
2103 4732 2257 4788 nobis

680 4809 900 4881 largitus
918 4821 1000 4867 est
1031 4831 1044 4866 :
1077 4814 1164 4867 ille
1191 4815 1418 4882 paradisi
1435 4815 1636 4871 deliciis
1659 4818 1907 4886 privavit,
1933 4819 2018 4875 bEc
2035 4837 2254 4892 regnum

679 4901 932 4955 caelorum
979 4902 1132 4957 nobis
1180 4904 1515 4972 prccparavit.
1548 4904 1737 4960 Vidisti
1765 4908 2018 4964 solertem
2049 4910 2256 4969 Domini

681 4991 756 5045 tui
807 4993 1163 5062 sapientiam?
1218 5003 1270 5048 et
1311 4996 1577 5064 quomodo
1621 5012 1682 5052 ea
1711 5014 1830 5069 qua:
1869 5015 1965 5070 per
2008 5002 2255 5060 invidiam

678 5083 871 5138 diaboli
899 5097 1083 5140 contra
1110 5086 1331 5141 salutem
1361 5099 1594 5142 nostram
1626 5089 1776 5144 facta
1817 5101 1972 5159 sunt,
2025 5093 2076 5148 in
2103 5106 2260 5165 caput

679 5175 820 5231 illius
845 5178 1146 5231 convertit?
1191 5177 1304 5233 Non
1332 5179 1471 5233 enim
1502 5182 1674 5235 solum
1719 5198 1816 5236 nos
1857 5184 2147 5254 majoribus
2173 5187 2256 5241 di-

677 5279 868 5337 gnatus
886 5279 988 5334 est,
1027 5269 1121 5324 sed
1149 5280 1207 5341 et
1234 5271 1377 5324 illum
1409 5272 1579 5340 ipsum
1612 5273 1766 5329 nobis
1796 5276 2022 5345 subjecit
2047 5278 2254 5348 dicens,

679 5359 811 5414 Ecce
833 5361 949 5414 dedi
989 5363 1123 5414 vobis
1157 5372 1447 5432 potestatem
1473 5363 1706 5418 calcandi
1731 5383 1882 5434 super
1916 5381 2168 5438 serpentes
2207 5381 2255 5427 et

673 5452 964 5520 scorpiones
991 5451 1138 5518 (Luc.
1171 5453 1254 5508 l0.
1291 5453 1400 5524 l9).
1429 5455 1656 5511 Proinde
1674 5455 1787 5511 haec
1812 5460 1988 5513 omnia
2016 5461 2254 5533 cogitari.

675 5551 796 5606 tes,
836 5551 890 5596 et
915 5543 1165 5597 invidiam
1202 5559 1266 5598 ex
1291 5545 1569 5601 animabus
1607 5549 1802 5602 nostris
1842 5548 2170 5620 eﬂ‘ugemus,
2200 5561 2256 5609 et

677 5631 984 5688 studeamus
1012 5642 1068 5688 ut
1090 5632 1319 5688 divinam
1349 5635 1502 5690 nobis
1538 5635 1962 5694 benevolentiam
1997 5643 2250 5700 concilie-

676 5737 821 5781 mus.
855 5723 977 5781 "me
995 5726 1134 5781 enim
1156 5736 1336 5783 nostra
1364 5735 1631 5786 armatura
1644 5731 1835 5803 solida,
1857 5741 1913 5791 et
1932 5733 2250 5810 inexpugna—

1391 345 1448 401 S.
1487 342 1764 402 JOANNIS
1799 334 2267 397 CIIRYSOSTOMI
2306 335 2621 393 ABClilEP.
2662 336 3193 396 CONSTANTINOP.

3853 343 3948 398 ωε

2362 445 2484 502 bilis
2507 491 2522 518 ,
2570 449 2652 503 ba:
2688 461 2885 505 nostra:
2929 452 3177 508 maxima:
3223 451 3498 508 facultates
3535 468 3556 507 .°
3588 469 3688 523 per
3728 453 3870 507 hanc
3904 466 3949 508 ci

2364 536 2570 602 lsmael,
2595 541 2838 608 quamvis
2861 541 3172 598 adolescens
3195 583 3209 606 ,
3236 553 3293 599 et
3312 543 3364 598 ln
3390 542 3682 598 solitudine
3702 585 3715 605 ,
3742 559 3949 598 rerum-

2358 642 2465 696 que
2483 629 2720 684 omnium
2745 629 2917 700 inopia
2939 646 3156 688 versans
3179 672 3194 696 ,
3221 631 3400 688 statim
3419 633 3591 687 crevit
3611 673 3627 698 ,
3665 643 3721 688 et
3743 635 3800 688 in
3822 649 3917 702 gen
3932 665 3949 674 -

2363 724 2472 774 tem
2510 733 2756 788 magnam
2780 721 2947 777 lactus
2972 731 3056 779 est
3085 740 3100 782 :
3128 722 3249 792 quia
3286 722 3377 779 20.
3409 723 3544 779 Deus
3571 734 3679 778 erat
3698 765 3715 789 ,
3757 725 3946 795 inquit,

2361 823 2475 861 eum
2499 824 2673 878 puero.
2721 810 2857 866 Hinc
2890 813 3038 868 enim
3082 821 3224 866 totus
3267 828 3447 868 sermo
3487 823 3670 869 noster
3695 830 3950 885 egressus

2362 908 2464 954 est.
2497 899 2858 969 Despiciamus
2879 899 3036 970 igitur
3054 943 3068 967 ,
3100 917 3222 967 oro,
3248 906 3553 972 praesentia,
3578 905 3952 962 desideremus

2361 990 2538 1047 futura
2567 1008 2582 1046 :
2608 993 2833 1063 gratiam
2861 995 2954 1049 Dei
2979 995 3226 1050 omnibus
3253 997 3634 1067 praeferamus,
3665 1009 3722 1054 et
3748 1014 3852 1068 per
3879 1001 3956 1053 vi-

2365 1093 2472 1138 tam
2511 1085 2768 1153 Optimam
2807 1086 3030 1141 multam
3058 1086 3306 1144 fiduciam
3332 1088 3487 1144 nobis
3515 1099 3672 1144 antea
3710 1105 3952 1162 repona-

2361 1189 2480 1229 mus
2511 1193 2525 1230 z
2560 1183 2616 1229 ut
2642 1187 2697 1230 et
2731 1187 3050 1246 prasentem
3072 1180 3232 1234 vitam
3260 1181 3393 1235 citra
3421 1195 3716 1236 mterorem
3747 1184 3952 1236 transi-

2359 1277 2545 1333 gamus
2563 1305 2580 1330 ,
2609 1272 2664 1319 et
2701 1262 2877 1320 futura
2903 1265 3042 1320 bona
3062 1280 3453 1338 consequamur
3471 1308 3486 1334 ,
3518 1269 3686 1338 gratia
3717 1279 3778 1324 et
3805 1269 3958 1324 beni-

2359 1357 2559 1424 gnitate
2602 1353 2810 1410 Domini
2855 1356 3021 1411 nostri
3056 1355 3181 1411 Jesu
3222 1355 3458 1424 Christi,
3501 1359 3588 1412 cui
3618 1373 3744 1412 cum
3791 1357 3953 1412 Patre

2361 1444 2518 1499 simul
2543 1454 2599 1500 et
2624 1444 2820 1516 Spiritu
2845 1455 3032 1502 sancto
3059 1448 3128 1502 sit
3163 1447 3327 1517 gloria
3346 1489 3360 1512 ,
3398 1448 3682 1516 imperium
3705 1491 3719 1512 ,
3749 1449 3949 1514 honor,

2360 1550 2503 1592 nunc
2526 1545 2581 1591 et
2605 1549 2837 1608 semper,
2860 1538 2984 1594 etin
3011 1539 3206 1595 secula
3235 1539 3573 1595 saeculorum.
3604 1541 3806 1595 Amen.

2887 1671 3162 1730 nonius
3203 1675 3408 1732 XLVII.

2361 1777 2431 1833 Et
2459 1779 2647 1850 factum
2671 1789 2744 1838 est
2786 1792 2899 1852 post
2921 1784 3068 1839 verba
3097 1786 3204 1840 hac
3222 1826 3237 1849 ,
3265 1783 3407 1842 Deus
3431 1789 3653 1844 tentabat
3680 1789 3954 1845 Abraham

2941 1875 3112 1948 (Gen.
3137 1877 3350 1950 22.1.)

2432 1982 2484 2038 Ι.
2517 1983 2708 2052 Ingens
2749 1985 2954 2042 lucrum
2976 2029 2993 2054 ,
3033 1990 3350 2061 grandisque
3381 1992 3660 2050 thesaurus
3685 1995 3740 2050 in
3769 1995 3957 2052 verbis

2358 2087 2478 2144 qua:
2502 2072 2663 2130 hodie
2682 2074 2848 2142 lecta,
2879 2080 3089 2135 tametsi
3120 2095 3284 2150 pauca
3309 2081 3450 2150 sint,
3477 2083 3667 2140 latent.
3699 2085 3782 2141 Eo
3804 2087 3953 2141 enim

2359 2165 2520 2221 modo
2544 2181 2604 2222 se
2624 2166 2821 2222 habent
2844 2169 3021 2226 divina
3049 2171 3280 2243 eloquia,
3299 2181 3360 2228 ut
3378 2174 3574 2231 multas
3596 2175 3820 2232 divitias
3843 2194 3954 2234 non

2360 2256 2412 2311 in
2444 2258 2778 2316 multitudine
2803 2263 3108 2332 verborum,
3139 2264 3234 2320 sed
3264 2267 3315 2320 in
3345 2265 3604 2324 brevitate
3629 2284 3953 2327 sermonum

2359 2348 2686 2404 contineant.
2718 2351 2827 2421 Age
2853 2352 3010 2422 igitur
3031 2355 3370 2424 explorenms
3391 2373 3453 2414 ea
3481 2374 3600 2429 qua:
3628 2359 3776 2416 dicta
3802 2373 3954 2426 sunt,

2359 2448 2413 2494 et
2434 2439 2703 2495 hodiernae
2726 2442 2966 2498 lectionis
2989 2447 3092 2498 vim
3113 2446 3397 2517 diligenter
3420 2447 3779 2504 addiscamus.
3817 2450 3955 2506 Nam

2358 2530 2436 2585 sic
2466 2530 2656 2585 iterum
2682 2533 2912 2589 sciemus
2937 2549 2995 2590 et
3021 2535 3332 2604 patriarcha:
3359 2539 3631 2606 copiosam
3657 2541 3923 2598 virtutem
3940 2582 3956 2607 ,

2359 2630 2410 2678 et
2441 2623 2530 2678 Dei
2550 2624 2895 2679 excellentem
2921 2626 3278 2682 clementiam.
3303 2629 3353 2683 l.
3394 2627 3464 2683 Et
3502 2629 3695 2699 factum
3724 2641 3835 2698 est,
3872 2632 3958 2687 iu-

2359 2715 2493 2784 quil,
2522 2724 2632 2784 post
2658 2716 2805 2769 verba
2825 2716 2950 2784 hac,
2979 2716 3118 2774 Deus
3137 2721 3357 2774 tentabat
3375 2721 3627 2776 Abraham
3656 2721 3813 2794 (Cap.
3835 2724 3954 2794 22).

2358 2805 2494 2869 Quid
2521 2805 2622 2858 sibi
2650 2806 2833 2859 volunt
2869 2806 2982 2862 hare
3009 2809 3168 2863 verba
3186 2851 3202 2876 ,
3232 2808 3301 2863 Et
3329 2811 3518 2879 factum
3556 2821 3628 2866 est
3647 2821 3768 2882 post
3789 2815 3957 2869 verba

2358 2891 2486 2959 Iace,
2511 2892 2730 2946 tentabat
2763 2894 2896 2950 Dens
2924 2895 3223 2952 Abraham?
3247 2897 3558 2969 Considera,
3580 2901 3836 2969 obsecro,
3869 2903 3960 2958 di-

2357 2983 2534 3038 vinam
2561 2982 3206 3057 Scripturam,‘quomodo
3231 2989 3382 3044 nobis
3404 2989 3534 3058 justi
3559 2991 3813 3047 virtutem
3843 2993 3956 3064 jam

2361 3075 2487 3129 velit
2510 3073 2776 3144 detegere.
2804 3075 2869 3130 Et
2895 3077 3017 3148 quia
3046 3087 3320 3134 narratura
3349 3087 3450 3144 est,
3479 3082 3753 3150 quomodo
3775 3083 3958 3139 Abra-

2359 3165 2484 3222 ham
2512 3181 2543 3222 a
2576 3167 2684 3222 Deo
2713 3176 2942 3223 tentatus
2970 3171 3067 3236 sit,
3101 3171 3246 3240 prius
3275 3171 3385 3225 vult
3413 3180 3471 3225 ut
3507 3171 3782 3229 discamus
3814 3184 3956 3230 tem-

2360 3272 2492 3329 pus,
2521 3273 2626 3327 quo
2655 3256 2770 3311 haec
2804 3257 3116 3327 patriarchae
3146 3247 3418 3330 lprazcepta
3459 3270 3621 3328 sunt,
3651 3271 3707 3317 et
3732 3264 3958 3334 quando

2353 3349 2535 3415 jussus
2561 3358 2642 3404 est
2669 3349 2864 3406 oll'erre
2891 3349 3126 3405 lsaacum
3149 3392 3165 3418 ,
3191 3364 3250 3406 ut
3278 3353 3419 3407 scias
3443 3368 3688 3423 magnam
3719 3356 3959 3423 patriar-

2357 3441 2472 3496 cha:
2491 3441 2863 3509 obedientiam,
2889 3450 2946 3498 et
2963 3444 3232 3514 quomodo
3254 3443 3346 3499 Dei
3361 3443 3526 3513 jussis
3546 3444 3674 3500 nihil
3699 3446 3956 3517 prmferri

2360 3546 2546 3600 passus
2572 3532 2658 3586 sit.
2685 3532 2822 3599 Quid
2850 3532 3010 3602 igitur
3029 3543 3130 3597 cst,
3155 3531 3368 3588 Factum
3384 3543 3456 3588 est
3479 3544 3644 3588 autem
3665 3546 3782 3606 post
3805 3538 3960 3592 verba

2360 3623 2465 3674 lucc
2482 3623 2506 3674 1'
2526 3620 2783 3686 Quoniam
2807 3632 3080 3692 postquam
3104 3634 3254 3678 natus
3274 3633 3356 3678 est
3385 3624 3547 3689 lsaac,
3575 3625 3794 3695 quando
3817 3628 3959 3683 vidit

2360 3711 2519 3768 Sarra
2565 3713 2839 3769 lsmaelem
2879 3713 3035 3768 simul
3065 3715 3264 3769 versari
3297 3730 3418 3769 cum
3445 3713 3593 3770 Isaac
3615 3757 3630 3782 ,
3662 3717 3810 3771 sicut
3839 3718 3956 3774 heri

2358 3805 2512 3860 vobis
2540 3805 2769 3861 diximus
2791 3847 2804 3870 ,
2848 3805 2950 3862 hoc
2991 3823 3134 3878 mgre
3171 3808 3346 3864 ferens
3369 3849 3385 3872 ,
3413 3808 3620 3863 dicebat
3666 3811 3909 3866 Abrahae
3941 3827 3955 3864 :

2359 3895 2507 3965 Ejice
2532 3899 2766 3953 ancillam
2791 3909 2838 3953 et
2859 3900 3024 3969 ﬁlium
3051 3902 3160 3971 ejus
3190 3915 3209 3954 :
3233 3916 3333 3954 non
3360 3901 3493 3954 enim
3513 3901 3608 3955 erit
3635 3901 3785 3956 lieres
3815 3903 3958 3970 ﬁlias

2359 3989 2560 4043 ancilla
2580 4006 2694 4043 cum
2719 3991 2826 4058 ﬁlio
2856 4007 2965 4044 meo
2992 3994 3011 4059 (
3037 3989 3166 4047 Gen.
3195 3990 3432 4062 21.10);
3464 4006 3696 4062 cumque
3727 3991 3836 4048 hoc
3865 4010 3958 4064 pa-

2360 4081 2606 4136 triarchae
2640 4081 2830 4136 durum
2861 4082 3166 4146 videretur,
3193 4082 3378 4137 volens
3409 4097 3531 4138 eum
3574 4082 3716 4138 Deus
3753 4099 3956 4140 conso—

2361 4171 2480 4241 lari,
2507 4175 2582 4228 ait
2609 4192 2622 4227 :
2655 4174 2793 4230 Audi
2820 4174 3034 4231 Sarram
3067 4185 3483 4242 uxorem'tuam,
3511 4185 3567 4233 et
3592 4176 3678 4233 fac
3704 4179 3856 4249 quod
3890 4183 3957 4234 ab

2359 4280 2421 4322 ea
2451 4265 2652 4320 dictum
2682 4277 2764 4321 est
2797 4283 2811 4320 :
2843 4280 3015 4337 neque
3040 4266 3280 4322 videatur
3308 4267 3398 4322 tibi
3427 4267 3614 4322 durum
3642 4310 3660 4333 ,
3687 4270 3836 4339 quod
3869 4271 3957 4326 di-

2359 4364 2502 4411 ctum
2528 4365 2611 4411 est
2631 4354 2699 4412 de
2728 4371 2892 4426 puero
2916 4367 2971 4412 et
2994 4357 3061 4411 de
3087 4359 3298 4412 ancilla.
3326 4358 3393 4410 In
3415 4356 3567 4411 Isaac
3589 4359 3727 4412 enim
3753 4361 3959 4414 voeabic

2360 4457 2442 4502 tur
2470 4447 2556 4501 tibi
2582 4465 2748 4502 semen
2778 4451 2795 4520 (
2823 4448 2903 4503 Ib.
2937 4466 2986 4502 υ.
3019 4449 3088 4504 12
3108 4452 3149 4521 ),
3181 4461 3234 4504 et
3260 4450 3407 4504 illum
3433 4465 3644 4521 quoque
3676 4451 3873 4508 faciam
3905 4456 3954 4509 in

2359 4547 2568 4610 gentem
2595 4553 2838 4608 magnam
2862 4578 2880 4605 ,
2909 4539 3030 4609 quia
3059 4553 3240 4596 semen
3271 4550 3418 4594 tuum
3443 4548 3543 4596 est.
3575 4539 3643 4594 Et
3666 4543 3849 4596 omnis
3883 4543 3959 4599 illi

2361 4645 2390 4683 a
2421 4630 2531 4686 Deo
2566 4630 2701 4686 facta
2737 4632 3023 4702 promissio
3048 4647 3115 4687 eo
3144 4632 3422 4700 tendebat,
3465 4642 3522 4688 ut
3564 4634 3674 4689 nati
3704 4650 3777 4690 ex
3808 4636 3959 4693 Isaac

2361 4723 2414 4778 in
2443 4738 2688 4794 magnum
2724 4724 2976 4795 populum
3018 4734 3454 4796 propagarentur.
3485 4723 3616 4779 Cum
3646 4741 3782 4796 ergo
3808 4726 3955 4784 bona

2361 4814 2661 4884 bujusmodi
2691 4830 2788 4885 spe
2814 4817 3049 4871 aleretur
3071 4817 3265 4884 justus,
3293 4823 3414 4886 post
3436 4824 3608 4870 tantas
3626 4826 3682 4872 et
3702 4827 3813 4873 tam
3844 4819 3955 4876 fre-

2360 4917 2581 4977 quentes
2606 4923 2871 4963 aerumnas
2899 4917 2954 4962 et
2983 4907 3320 4972 tentationes,
3343 4921 3524 4962 earum
3551 4919 3772 4979 accepta
3802 4926 3955 4968 mer-

2360 4998 2508 5064 cede,
2537 5008 2591 5054 et
2618 5000 2670 5054 in
2700 5007 2812 5054 tuto
2838 4997 3052 5054 demum
3078 4997 3381 5064 collocatus,
3415 5013 3521 5068 pra:
3540 4999 3711 5056 oculis
3744 5000 3954 5057 habens

2360 5090 2460 5145 sibi
2489 5104 2860 5145 successurum
2893 5088 3164 5155 heredem,
3193 5103 3381 5144 secure
3404 5089 3622 5159 agebat,
3656 5092 3951 5147 maximam

2359 5182 2482 5238 inde
2504 5182 2799 5252 percipiens
2823 5181 3260 5236 consolationem.
3292 5179 3490 5235 Verum
3517 5183 3604 5252 qui
3629 5182 3952 5240 abscondita

2357 5275 2598 5330 cordium
2629 5273 2812 5338 novit,
2841 5275 3024 5330 volens
3051 5273 3206 5328 nobis
3228 5273 3358 5343 justi
3387 5272 3544 5342 hujus
3569 5274 3830 5330 virtutem
3858 5278 3950 5332 de-

2361 5378 2576 5440 tegere,
2607 5377 2663 5424 et
2701 5382 2947 5438 magnum
2977 5383 3214 5424 amorem
3241 5383 3397 5438 quem
3425 5382 3546 5437 erga
3588 5380 3648 5422 se
3688 5370 3949 5438 gerebat.

2358 5469 2476 5530 post
2517 5468 2594 5516 tot
2638 5459 3016 5531 promissiones
3058 5469 3112 5536 et
3155 5459 3292 5515 hanc
3336 5474 3546 5530 quoque
3588 5475 3709 5530 qua:
3761 5477 3953 5518 recens

2356 5551 2493 5608 facta
2518 5565 2654 5620 erat,
2683 5563 2735 5608 et
2755 5553 2904 5624 cujus
2929 5552 3239 5609 memoriam
3267 5554 3440 5610 adhuc
3469 5554 3675 5608 firmam
3710 5557 3949 5620 tenebat.

2355 5661 2475 5703 cum
2501 5646 2604 5717 iam
2635 5646 2964 5703 adolesceret
2991 5647 3154 5712 lsaac,
3193 5657 3244 5702 et
3276 5648 3326 5702 in
3358 5647 3472 5716 ipso
3497 5649 3670 5704 aetatis
3701 5647 3841 5706 ﬂore
3869 5666 3951 5706 es-

2358 5748 2460 5809 set,
2481 5748 2849 5810 cresceretque
2869 5749 3035 5810 patris
3059 5753 3184 5810 erga
3211 5737 3359 5795 illum
3385 5737 3621 5809 dilectio,
3645 5751 3772 5811 post
3794 5741 3948 5799 verba
