4060 6428
211 367 322 424 ιεθ

207 475 588 553 promissionis
621 483 680 533 et
708 483 987 546 postquam
1012 468 1149 528 dixit
1179 487 1193 524 :
1227 466 1298 524 In
1319 467 1412 522 illo
1439 463 1698 520 vocabitur
1720 459 1818 526 tibi,

205 585 381 626 sentes
403 607 421 634 ,
461 578 519 624 et
560 565 655 622 ille
683 562 786 621 erit
827 575 1108 620 successor
1132 567 1255 615 tuus
1282 576 1296 614 :
1326 555 1455 612 Post
1476 555 1628 612 verba
1657 554 1768 610 hac

207 660 437 718 εαιωιηι
457 657 596 714 Dus
623 656 900 713 Abraham.
927 651 1069 722 Quid
1091 660 1196 719 est,
1222 649 1473 706 Tentabat
1490 648 1518 703 2
1531 647 1648 704 Non
1667 662 1824 719 quon

207 754 328 825 ipse
354 753 654 824 ignoraret,
690 747 984 805 teutatione
1007 744 1156 801 illum
1185 741 1463 814 probavit,
1488 739 1585 796 sed
1613 746 1673 795 ut
1697 747 1752 795 et
1777 737 1812 794 ii

210 843 303 914 qui
325 851 453 899 tunc
471 848 646 904 erant,
666 848 722 894 et
738 836 828 910 qui
849 836 920 892 ab
934 851 1000 892 eo
1022 843 1456 904 temjtoregusque
1477 830 1546 886 ad
1575 842 1814 900 presens

209 935 378 993 futuri
419 941 585 999 sunt,
631 930 769 987 istud
807 931 984 999 ipsum
1028 923 1350 998 patriarcha:
1391 922 1719 980 desiderium
1759 927 1824 985 et,

207 1025 574 1086 obedientiam
619 1023 671 1078 iu
705 1021 990 1093 prmeeptis
1017 1017 1302 1074 dominicis
1328 1030 1440 1085 pra
1464 1028 1526 1072 se
1555 1012 1699 1071 ferre
1725 1010 1812 1068 di-

207 1125 390 1174 scunt.
422 1115 491 1172 Et
520 1116 674 1182 dixit,
695 1115 899 1186 inquit,
929 1113 999 1168 ad
1017 1127 1136 1167 eum
1155 1127 1176 1166 :
1205 1108 1465 1165 Abraham
1485 1148 1504 1174 ,
1533 1107 1811 1162 Abraham.

209 1210 282 1266 At
321 1209 412 1264 ille
449 1209 579 1265 dixit
604 1224 625 1264 :
653 1207 788 1262 Ecce
813 1222 927 1278 ego.
959 1203 1097 1273 Quid
1123 1203 1226 1260 sibi
1252 1203 1369 1258 vult
1391 1201 1543 1259 verbi
1567 1199 1814 1270 duplica-

211 1301 294 1357 tio
311 1301 338 1357 ?
366 1301 572 1372 Magum
593 1298 980 1355 benevolentiae
999 1295 1126 1368 eiga
1152 1293 1512 1366 patriarcham
1531 1306 1819 1363 argumen-

212 1402 330 1450 tum
359 1401 464 1458 est,
492 1399 550 1448 et
572 1390 904 1456 monstrabat
925 1389 977 1446 ei
1006 1387 1287 1445 vocatione
1308 1386 1447 1456 ipsa,
1479 1399 1540 1443 se
1563 1397 1824 1454 magnum

210 1483 414 1556 aliquid
439 1491 832 1556 praceptorum
856 1492 997 1538 esse.
1020 1478 1092 1537 Ut
1117 1477 1279 1550 igitur
1303 1476 1450 1532 illum
1473 1473 1826 1531 attentiorem.

211 1574 490 1642 redderet,
519 1574 850 1630 vocationem
879 1570 1220 1644 geminabat',
1249 1578 1306 1627 et
1329 1567 1465 1624 dixit
1493 1584 1506 1621 :
1535 1565 1814 1640 Abraham,

212 1665 496 1722 Abraham.
525 1663 815 1723 Illam
837 1663 1010 1719 dixit:
1039 1661 1173 1719 Ecce
1207 1677 1322 1733 ego.
1343 1658 1399 1717 2.
1422 1657 1492 1714 Et
1514 1658 1644 1712 dicit
1668 1674 1682 1711 :
1715 1655 1818 1710 Ac-

213 1757 334 1828 cipe
350 1755 520 1824 ﬁlim
537 1764 680 1811 tuum
707 1754 970 1818 dilectum,
990 1767 1138 1824 quem
1157 1751 1402 1815 dilexisti,
1425 1748 1600 1817 Isaac,
1621 1758 1669 1802 et
1694 1747 1822 1802 uade

212 1847 272 1901 is
303 1855 497 1904 tetram
523 1846 774 1904 σπείων»
791 1878 819 1911 ,—
837 1852 886 1899 et
908 1842 1040 1911 offer
1063 1859 1180 1899 eum
1206 1843 1262 1897 is
1288 1842 1646 1897 holocaustum
1665 1854 1822 1910 super

213 1951 380 1990 nam
407 1936 652 1990 montium
673 1975 692 2004 ,
729 1950 887 2004 quem
915 1933 1006 1989 tibi
1047 1933 1244 1989 dixero.
1284 1932 1533 2004 Magnum
1565 1929 1828 2016 prpeepti

213 2024 457 2096 pondus,
483 2032 540 2081 et
566 2039 654 2080 res
683 2023 978 2082 humanam
1003 2022 1389 2080 transcenderis
1416 2029 1694 2078 naturam.
1719 2020 1820 2075 Ac-

213 2115 333 2187 cipe
359 2116 524 2186 ﬁlium
545 2125 688 2170 tuum
714 2116 992 2181 dilectum,
1018 2132 1169 2187 quem
1188 2115 1452 2182 dilexisti,
1477 2112 1649 2169 Isaac.
1683 2111 1822 2169 Vide

216 2205 495 2278 quomodo
532 2221 630 2277 per
655 2207 820 2262 verba
858 2205 960 2263 ista
1000 2204 1259 2276 majorem
1289 2220 1475 2290 qoguui
1504 2203 1820 2269 succendit,

215 2305 276 2354 ct
305 2296 575 2353 fornacem
599 2296 817 2363 amoris,
847 2310 961 2367 quo
977 2295 1153 2365 justus
1183 2297 1234 2349 in
1264 2295 1411 2350 lsaac
1435 2293 1660 2350 aﬂ‘ectus
1681 2302 1828 2361 erat,

217 2387 593 2444 ven-mentitis
607 2388 831 2444 excitat.
848 2387 1034 2459 Accipe
1051 2387 1218 2456 ﬁlium
1234 2395 1375 2440 tuum
1398 2385 1656 2450 dilectum,
1675 2399 1824 2456 quem

218 2479 467 2549 dilexisti,
497 2478 670 2534 Isaac.
701 2479 1130 2551 Unumquodque
1151 2476 1378 2534 verbum
1405 2493 1501 2547 per
1522 2488 1584 2534 se
1608 2475 1823 2532 suliice-

220 2579 311 2627 ret
327 2570 394 2626 ad
416 2570 754 2627 saudandam
776 2571 1018 2628 animam
1025 2569 1178 2642 justi.
1199 2569 1317 2626 Non
1337 2568 1482 2626 enim
1503 2567 1822 2639 simpliciter

221 2661 381 2727 dixit,
407 2660 560 2718 Isaac
578 2703 594 2730 ,
621 2661 716 2720 sed
753 2661 978 2730 addidit,
1009 2660 1205 2718 Filium
1229 2670 1374 2717 tuum
1397 2704 1414 2729 ,
1438 2676 1597 2732 quem
1622 2669 1826 2752 prmter

219 2767 446 2823 omnem
460 2753 912 2824 exspectationem
934 2752 1238 2824 suscepisti,
1257 2761 1313 2809 et
1328 2751 1382 2807 in
1404 2752 1518 2824 ipsa
1541 2751 1825 2808 senectute

223 2843 425 2900 habere
445 2843 683 2914 potuisti,
713 2841 985 2908 Dilectum
1014 2842 1427 2900 desiderabilem
1458 2852 1630 2910 tuum,
1661 2856 1827 2912 quem

221 2943 336 2992 tam
376 2935 661 2993 immodice
700 2934 913 3007 diligis,
946 2934 1189 2991 lsaseum
1210 2974 1227 3002 ,
1257 2949 1420 3006 quem
1447 2947 1822 3004 successurum

219 3025 327 3084 tibi
348 3035 650 3097 exspectas,
672 3039 741 3082 ex
764 3040 873 3097 quo
893 3033 952 3083 et
977 3039 1161 3082 semen
1187 3033 1343 3081 unum
1361 3023 1823 3094 multiplicandum

221 3117 482 3189 promisi,
512 3124 570 3173 et
596 3116 651 3172 in
681 3124 887 3172 tantum
922 3115 1395 3187 multiplicandum.
1413 3156 1430 3181 ,
1461 3123 1520 3169 ut
1544 3113 1822 3169 stellarum

219 3209 550 3266 multitudini
575 3220 635 3268 et
667 3227 849 3268 arenae
883 3227 1006 3284 quae
1028 3212 1178 3283 juxta
1217 3211 1343 3266 litus
1371 3210 1537 3266 maris
1563 3217 1650 3265 est
1676 3208 1827 3264 adac-

221 3309 438 3373 quetur.
459 3299 611 3358 Illum
644 3302 818 3372 ipsum
843 3302 1050 3375 Accipe,
1070 3313 1118 3358 et
1135 3301 1333 3357 vadetis
1349 3310 1532 3356 terram
1549 3300 1824 3364 excelsam,

219 3405 271 3450 et
299 3394 430 3464 olfer
460 3411 578 3450 eam
600 3395 671 3450 ibi
696 3395 752 3450 in
785 3393 1135 3451 holocaustum
1161 3410 1316 3466 super
1346 3409 1503 3448 suum
1534 3393 1780 3447 montium
1805 3434 1827 3462 ,

219 3505 371 3560 quem
397 3488 488 3544 tibi
511 3489 700 3544 dicam.
728 3487 995 3544 Admirati
1024 3486 1169 3543 subit
1191 3485 1464 3558 quomodo
1497 3476 1619 3540 hch
1649 3485 1824 3557 ju:tns

218 3579 440 3635 auribus
466 3577 608 3636 ferre
629 3579 884 3651 potuerit.
907 3577 1061 3634 Illum
1089 3577 1234 3635 enim
1262 3578 1456 3648 ipsum,
1490 3576 1683 3647 inquit,
1709 3585 1822 3633 tam

219 3671 644 3730 desiderabilem
678 3671 771 3727 tibi
797 3712 812 3736 ,
850 3669 986 3727 oder
1013 3670 1146 3725 mihi
1175 3670 1230 3725 in
1261 3671 1630 3725 holocaustum
1656 3682 1825 3739 super

220 3780 392 3821 unum
418 3764 701 3820 montium.
730 3762 868 3832 Quid
898 3764 1060 3834 igitur
1077 3762 1296 3834 justus?
1322 3761 1437 3817 Non
1468 3761 1714 3817 turbatus
1739 3768 1826 3816 est

219 3855 424 3921 animo,
455 3871 564 3911 non
591 3855 844 3912 confusus
869 3865 953 3912 est
972 3864 1176 3923 mente,
1204 3869 1314 3910 non
1341 3845 1572 3910 consilio
1592 3853 1820 3909 destitu-

221 3953 314 4002 tus
332 3954 417 4002 est
435 3945 504 4002 ad
531 3955 637 4002 tam
663 3945 986 4018 stupendum
1018 3954 1364 4021 prmeeptum,
1395 3959 1502 4000 non
1528 3941 1823 4016 cogitabit,

222 4051 336 4092 non
371 4037 787 4100 ratiocinabatur
819 4051 1006 4094 secum
1035 4056 1049 4093 :
1075 4037 1214 4106 Quid
1260 4039 1363 4092 hoc
1402 4047 1484 4093 est
1505 4035 1531 4089 ?
1556 4038 1652 4107 qui
1691 4036 1825 4093 mihi

221 4136 422 4199 prater
459 4143 696 4184 omnem.
717 4129 1170 4200 exspectationem
1212 4129 1417 4206 prolem
1454 4127 1686 4200 largitus.
1702 4137 1820 4197 est,

222 4219 316 4291 qni
344 4231 561 4292 propter
587 4221 974 4293 benignitatem
998 4237 1149 4278 suam
1173 4230 1478 4278 emortuam
1498 4221 1678 4279 Sarra:
1705 4221 1824 4278 vul-

223 4325 346 4366 vam
375 4312 706 4383 generatioui
735 4311 981 4368 idoneam
1007 4312 1162 4381 iccit,
1195 4327 1337 4369 nunc
1363 4322 1642 4385 postquam
1667 4299 1825 4370 abls-4

222 4413 400 4460 elatus
426 4414 512 4459 est
535 4403 756 4460 ﬁlius‘et
780 4406 949 4460 crevit
966 4445 984 4474 ,
1014 4415 1069 4461 et
1095 4406 1156 4460 in
1177 4404 1312 4462 (lore
1336 4406 1510 4461 artatis
1536 4416 1651 4473 est,
1679 4407 1825 4463 hunc

222 4493 399 4550 occidi
425 4503 482 4550 et
518 4495 573 4550 in
604 4496 974 4552 holocaustum
1014 4496 1194 4552 oﬂcrri
1223 4497 1464 4568 prmeipit
1492 4515 1508 4552 :
1539 4498 1638 4568 qui
1663 4499 1825 4570 paulo

221 4597 381 4642 antea
406 4585 560 4649 dixit.
588 4583 656 4640 In
683 4587 794 4656 ipso
823 4587 1080 4641 vocabitur
1104 4587 1193 4642 tibi
1221 4604 1410 4656 semen,
1441 4604 1582 4646 nunc
1605 4599 1824 4645 eontra-

220 4678 300 4734 ria
332 4677 587 4749 przecipit.
634 4677 705 4733 Et
747 4677 1019 4749 quomodo
1051 4677 1432 4750 implebuutur,
1476 4696 1597 4752 quae
1643 4683 1713 4736 ab
1755 4695 1827 4738 eo

219 4779 349 4827 sunt
371 4770 632 4840 promissa
652 4773 674 4826 τ
691 4769 808 4838 Quo
832 4782 987 4841 pacto
1015 4771 1158 4827 enim
1188 4771 1300 4828 lieri
1329 4781 1526 4844 potest,
1555 4783 1612 4828 ut
1640 4774 1825 4831 radice

225 4874 438 4920 exsecta
485 4864 620 4918 rami
657 4863 965 4934 pullulent,
1011 4865 1092 4919 vel
1132 4867 1336 4920 succisa
1382 4867 1578 4923 arbore
1617 4867 1822 4922 fructus

225 4957 539 5027 proveniant
563 4998 583 5021 ,
607 4958 688 5011 vel
732 4956 878 5013 futile
903 4956 1142 5013 arefacto
1171 4957 1313 5013 ﬂuvii
1345 4962 1641 5015 scaturiant
1666 4961 1689 5014 ἲ
1717 4959 1818 5016 Se-

226 5051 455 5108 cundum
485 5050 716 5107 hominis
737 5053 995 5108 rationem
1019 5053 1140 5108 talia
1167 5053 1280 5109 lieri
1306 5070 1411 5109 non
1437 5065 1517 5110 est
1545 5056 1818 5124 possibile;

223 5142 337 5198 Deo
361 5143 538 5203 autem
561 5142 773 5196 volente
802 5141 914 5197 ﬁeri
943 5155 1166 5213 possunt
1187 5146 1387 5200 omnia.

293 5231 348 5286 ‘2.
375 5231 641 5286 Cmternm
665 5232 854 5287 horum
885 5232 1015 5287 nihil
1039 5235 1291 5312 cogitat-it
1312 5251 1492 5291 secum
1508 5238 1690 5308 justo.
1708 5239 1816 5305 ille,

220 5323 316 5380 sed
332 5325 472 5379 sicut
491 5333 672 5395 gratus
694 5324 943 5389 famulus,
957 5327 1156 5384 omissa
1173 5329 1318 5384 omni
1340 5331 1548 5389 ratione
1565 5332 1817 5396 humana,

223 5431 387 5472 unam
417 5427 617 5472 tantum
650 5432 762 5472 rem
790 5419 1027 5483 curabat,
1055 5430 1111 5474 ut
1144 5421 1413 5490 imperata
1433 5439 1595 5494 opere
1626 5407 1819 5494 imple-

85 5477 114 5512 θ
223 5516 304 5563 ret
335 5526 350 5562 :
377 5517 431 5563 et
473 5510 622 5579 quasi
661 5509 831 5564 iactus
873 5510 941 5565 ab
981 5511 1209 5566 humana
1253 5521 1442 5568 natura
1488 5518 1736 5578 alienus,
1767 5524 1830 5566 et:

224 5598 646 5671 postponendam
678 5598 880 5654 ducens
905 5600 1098 5654 divinis
1131 5604 1409 5672 priet-eplis
1448 5621 1658 5674 omnem
1693 5605 1820 5659 alic-

225 5692 457 5746 ctionem
490 5699 543 5744 et
568 5689 906 5744 dilectionem
935 5734 947 5750 ,
977 5691 1042 5745 ad
1072 5693 1337 5764 implenda
1373 5696 1461 5750 llei
1489 5699 1637 5763 jussu
1665 5697 1819 5752 festi-

224 5783 394 5838 navit.
415 5783 467 5836 5.
502 5781 565 5836 Et
596 5799 708 5836 cum
740 5782 1034 5838 surrea'isset
1059 5824 1073 5852 ,
1110 5786 1312 5856 inquit,
1343 5791 1597 5843 Abraham
1633 5806 1813 5859 mane,

1280 355 1347 414 IN
1377 351 1536 411 CAP.
1575 351 1741 417 XXII.
1774 353 2025 426 οδω.
2067 351 2296 413 110111..
2339 354 2552 414 XLV“.

1917 464 2097 519 stravit
2122 465 2323 522 asinus
2355 483 2522 524 sua».
2555 464 2762 543 Accepit
2787 481 2958 531 autem
2999 491 3168 534 secum
3193 478 3330 536 duos
3351 496 3530 539 servos

1919 565 1974 615 at
2007 554 2160 613 Isaac
2196 559 2364 629 [ilium
2389 577 2541 617 suum
2569 579 2591 619 :
2622 572 2673 619 et
2706 565 2882 622 scissis
2914 567 3067 640 lignis
3091 568 3528 628 ist-holocaustum

1918 652 2676 732 cmusarresisset,}rrofcctas
2698 667 2793 725 est,
2819 660 3104 717 «venilia
3139 662 3342 730 (mm,
3373 681 3527 735 queui

1919 739 2058 796 dixit
2087 742 2135 796 ei
2165 741 2306 799 Deus
2327 784 2344 811 ,
2375 744 2466 800 die
2487 749 2657 804 tertio.
2678 746 2816 806 Vide
2841 750 3166 810 clementem
3189 751 3474 811 Dominum
3482 794 3524 826 η

1920 831 2192 902 quomodo
2234 841 2292 890 et
2326 828 2614 892 intervalld
2656 837 2762 894 loci
2795 839 2927 910 justi
2966 841 3216 912 probavit
3243 843 3522 901 virtutem.

1920 921 2104 992 Cogita
2130 934 2312 980 autem
2334 925 2463 996 quid
2488 927 2766 998 probabile
2787 929 2861 1000 su
2887 931 3068 988 triduo
3092 933 3185 988 illo
3205 933 3529 992 sustinuisse

1917 1010 2123 1083 justum
2153 1013 2171 1046 ι
2199 1027 2382 1071 secum
2421 1026 2758 1087 reputantem
2791 1020 2902 1078 sibi
2924 1032 3250 1093 pmeptum
3277 1011 3438 1091 esse,
3469 1032 3528 1079 ut

1918 1102 2037 1160 suis
2055 1105 2300 1163 manibus
2317 1115 2423 1161 tam
2443 1108 2699 1165 dilectum
2720 1109 2890 1168 tilium
2909 1111 3200 1179 occideret,
3221 1127 3397 1185 neque
3411 1129 3528 1170 rem

1923 1195 2023 1252 ulli
2049 1200 2475 1283 communicaret
2501 1209 2559 1257 et
2592 1200 2907 1274 detegeret;
2943 1212 3001 1259 et
3027 1205 3350 1276 obstupesce
3373 1206 3522 1277 pium

1921 1290 2340 1362 religiosumque
2385 1308 2450 1349 ac
2491 1294 2809 1365 prudentem
2853 1297 3019 1367 ipsius
3071 1293 3334 1355 animum.
3389 1299 3528 1369 Quja

1923 1357 2068 1439 enim
2099 1357 2304 1440 sciebat
2329 1357 2751 1456 magnitudinem
2781 1357 3056 1459 praecepti,
3075 1391 3276 1446 nemini
3305 1357 3529 1460 promise

1926 1475 2028 1531 hoc
2052 1465 2409 1548 signiﬁcavit;
2434 1493 2608 1550 neque
2633 1480 2843 1550 pueris,
2873 1497 3052 1553 neque
3081 1483 3184 1554 ipsi
3208 1482 3403 1540 .lsaac:
3431 1483 3528 1541 sed

1924 1567 2075 1623 solus
2100 1582 2283 1624 secum
2311 1583 2542 1640 agonem
2573 1569 2722 1626 illum
2753 1571 3058 1629 decertahat
3087 1616 3103 1640 ,
3133 1583 3189 1631 et
3214 1575 3366 1645 quasi
3396 1573 3530 1630 ada-

1924 1672 2042 1712 mss
2080 1657 2294 1728 quidam
2334 1659 2587 1716 manebat
2624 1660 2890 1729 invictus,
2931 1662 3100 1718 robur
3143 1665 3529 1736 cogitationum

1926 1755 2134 1804 tantum
2157 1749 2419 1806 exhibens
2437 1791 2453 1816 ,
2481 1759 2534 1806 et
2561 1765 2670 1819 non
2697 1752 2858 1808 multa
2885 1762 3158 1820 causatus,
3187 1769 3382 1826 magno
3405 1769 3530 1813 cum

1925 1839 2195 1896 desiderio
2223 1841 2630 1912 obtemperabat
2652 1843 2802 1899 nutui
2823 1843 3025 1900 divino.
3057 1845 3124 1900 Et
3149 1855 3442 1918 postquam
3459 1846 3528 1903 ad

1924 1933 2102 1990 locum
2145 1933 2295 2012 illum
2337 1936 2618 2006 pervenit,
2641 1937 2700 1993 ι.
2733 1935 2962 1993 Sublatis
2984 1978 3000 2003 ,
3027 1937 3238 2009 inquit,
3271 1938 3534 1995 Abraham

1925 2028 2089 2084 oculis
2115 2027 2225 2082 suis
2246 2026 2372 2082 sidit
2397 2027 2568 2084 locum
2596 2044 2629 2082 α
2661 2029 2846 2101 longe,
2877 2029 2930 2086 5.
2962 2038 3012 2084 et
3038 2029 3170 2085 dixit
3208 2029 3365 2086 seruis
3389 2030 3534 2085 suis:

1927 2121 2115 2178 Sedete
2147 2122 2230 2176 hic
2265 2138 2381 2177 cum
2415 2123 2583 2178 asino.
2611 2122 2750 2180 Vide
2770 2133 2825 2180 et
2855 2122 2944 2180 hic
2965 2123 3098 2194 justi
3125 2137 3373 2195 magnam
3402 2137 3532 2192 pru-

1927 2211 2164 2269 dentiam
2191 2230 2206 2266 :
2231 2213 2394 2269 etiam
2424 2214 2596 2270 servis
2620 2214 2734 2270 vult
2759 2228 2884 2270 esse
2910 2212 3159 2270 occultus
3181 2254 3197 2281 ,
3227 2228 3323 2284 per
3350 2213 3532 2269 omnia

1927 2304 2209 2360 declarans
2232 2319 2290 2360 se
2310 2319 2434 2361 cum
2463 2304 2688 2360 ferventi
2711 2305 2989 2362 alacritate
3007 2312 3064 2362 et
3089 2304 3297 2360 intento
3317 2303 3533 2360 deside-

1927 2395 2011 2451 rio
2030 2396 2256 2466 implere
2275 2396 2411 2452 velle
2429 2395 2574 2463 quod
2594 2396 2706 2452 Deo
2725 2395 3072 2466 probabatur.
3095 2394 3230 2452 Nam
3253 2395 3376 2466 quia
3397 2394 3534 2450 scie-

1929 2486 2022 2542 bat
2047 2479 2242 2542 novum
2273 2495 2329 2543 et
2358 2487 2656 2544 inauditum
2683 2501 2808 2544 esse
2841 2486 2894 2543 id
2923 2485 3067 2558 quod
3089 2485 3161 2542 ab
3186 2485 3303 2556 ipso
3329 2483 3534 2539 facien-

1928 2579 2058 2636 dum
2077 2588 2213 2647 erat,
2235 2594 2412 2650 neque
2430 2579 2498 2636 ab
2517 2579 2629 2635 ullo
2643 2572 2896 2650 umquam
2922 2577 3030 2635 tale
3047 2576 3304 2649 quiddam
3332 2573 3532 2630 factum

1929 2672 2097 2729 fuisse
2125 2655 2281 2729 antes
2303 2715 2320 2740 ,
2345 2687 2463 2749 rem
2488 2672 2666 2728 servis
2693 2671 2950 2727 occultat.
2980 2670 3042 2726 Et
3070 2668 3277 2726 relictis
3303 2669 3384 2722 eis
3408 2681 3534 2723 cum

1929 2765 2102 2832 asina,
2134 2765 2307 2836 inquit
2336 2783 2351 2821 :
2377 2763 2433 2820 Β.
2463 2761 2568 2818 Hic
2584 2771 2871 2834 exspectate
2889 2777 2912 2817 :
2926 2777 3020 2834 ego
3040 2761 3182 2816 enim
3203 2768 3252 2814 et
3272 2774 3400 2830 puer
3417 2773 3535 2811 ain-

1931 2854 2218 2912 bulabimus
2245 2871 2407 2926 usque
2421 2855 2568 2923 illuc,
2588 2862 2644 2909 et.
2659 2869 2778 2909 cum
2799 2852 3206 2916 aderam-imas,
3228 2859 3536 2904 revertemur

1930 2949 2002 3004 ad
2027 2964 2136 3004 eos.
2169 2947 2429 3019 ignorans
2455 2946 2689 3003 futurum
2719 2960 2841 3002 esse
2869 2944 2922 3000 id
2953 2942 3098 3014 quod
3138 2941 3353 2998 dicebat
3378 2981 3394 3006 ,
3435 2937 3534 2995 sed

1933 3036 2279 3110 prophetavit
2303 3036 2519 3108 quidem
2544 3077 2560 3101 ,
2593 3037 2846 3108 ignorans
2867 3043 3048 3089 tamen
3080 3030 3344 3086 fortassis.
3380 3029 3537 3086 Dice-

1932 3129 2024 3185 bat
2050 3136 2229 3183 autem
2259 3125 2378 3197 brae
2400 3125 2569 3181 servis
2593 3162 2610 3191 ,
2639 3122 2780 3180 forte
2808 3133 2866 3178 ut
2893 3123 3196 3192 imponeret
3220 3120 3301 3175 eis
3321 3158 3338 3185 ,
3366 3129 3423 3175 et
3451 3117 3535 3174 la-

1932 3227 2081 3276 ceret
2109 3227 2168 3275 ιιι
2205 3218 2277 3274 ibi
2317 3222 2600 3273 manentes
2626 3231 2736 3272 non
2761 3221 3118 3284 sequerentur
3144 3228 3161 3268 :
3189 3225 3253 3267 ac
3277 3210 3535 3282 deinceps

1932 3325 2054 3366 cum
2083 3321 2250 3379 puero
2273 3315 2395 3364 erat
2420 3304 2741 3377 patriarcha.
2765 3302 2819 3360 6.
2843 3302 3051 3374 Accepit
3074 3310 3244 3356 autem
3275 3300 3534 3356 Abraham

1931 3401 2076 3473 ligna
2104 3398 2407 3464 holocausti,
2435 3405 2484 3452 et
2509 3395 2752 3468 imposuit
2779 3392 2931 3449 Isaac
2957 3391 3070 3464 [ilio
3094 3409 3212 3471 suo.
3244 3391 3380 3445 Tulit
3403 3406 3534 3462 quo-

1930 3505 2030 3561 que
2049 3490 2104 3544 in
2124 3488 2360 3543 matribus
2378 3487 2546 3558 ignem
2571 3493 2620 3540 et
2641 3483 2894 3555 gladium,
2914 3491 2962 3537 et
2983 3488 3315 3552 perrexerunt
3335 3480 3438 3535 duo
3456 3479 3535 3534 illi

1931 3584 2106 3642 simul.
2135 3581 2181 3637 0
2207 3581 2402 3638 animae
2431 3577 2834 3669 fortitudinem!
2866 3591 2900 3632 ο
2925 3572 3146 3646 spiritus
3169 3571 3542 3658 soliditatem-lg

1933 3677 2001 3733 Et
2025 3676 2286 3749 imposuit,
2313 3673 2507 3746 inquit,
2527 3671 2685 3728 Isaac
2699 3672 2843 3744 ligna
2860 3669 3148 3726 holocaustt
3166 3684 3187 3723 :
3203 3669 3328 3738 ipse
3353 3675 3533 3722 autem

1928 3768 2166 3840 gladium
2206 3776 2263 3823 et
2300 3765 2478 3835 ignem
2511 3763 2753 3834 accepit,
2792 3771 2848 3818 et
2885 3757 3110 3816 iverunt
3139 3758 3314 3814 ambo.
3345 3755 3532 3814 simu.

1929 3859 2189 3930 Qualibus
2215 3857 2386 3915 oculis
2418 3856 2696 3928 spectabat
2723 3862 2945 3925 puerum
2985 3853 3126 3924 ligna
3167 3850 3482 3908 all'ereutem
3512 3891 3536 3919 ,

1931 3967 2096 4023 super
2119 3940 2241 4021 qtae
2266 3962 2374 4025 non
2399 3948 2570 4004 multo
2600 3955 2722 4018 post
2750 3933 2898 4002 illum
2925 3943 3341 4000 immolaturus"
3369 3950 3487 3998 erat
3508 3940 3544 3997 r

1929 4041 2201 4114 quomodo
2240 4054 2432 4096 manus
2470 4038 2613 4094 ferre
2653 4037 2826 4108 potuit
2867 4036 3043 4108 ignem
3070 4044 3125 4091 et
3156 4033 3390 4106 gladium
3413 4031 3441 4085 ἲ
3466 4030 3546 4088 Et-

1931 4147 2122 4190 matuts
2149 4131 2366 4204 quidem
2390 4129 2602 4186 ferebat
2625 4129 2800 4200 ignem
2829 4125 3165 4191 sensibilem,
3192 4123 3330 4194 ignis
3352 4133 3546 4180 autem.

1929 4224 2154 4281 interior
2179 4219 2508 4278 accendebat
2543 4219 2712 4289 ipsius
2740 4227 2974 4273 mentem
2998 4257 3014 4280 ,
3040 4223 3102 4270 et
3139 4215 3403 4271 rationem
3431 4212 3533 4269 ab-

1929 4317 2194 4382 sumebat,
2221 4311 2686 4385 persuadebatque
2705 4321 2764 4365 ut
2787 4324 2972 4364 amore
2996 4309 3050 4363 in
3079 4307 3243 4363 Deum
3267 4307 3532 4369 vinceret.

1929 4417 1985 4466 et
2016 4408 2152 4462 hanc
2177 4404 2556 4476 cogitationem
2587 4399 2929 4464 immittehat,
2951 4391 3097 4462 eum,
3124 4398 3212 4468 qui
3235 4397 3346 4468 jam
3369 4410 3532 4466 supra

1928 4501 2472 4556 bumanamnaturam
2487 4511 2545 4550 se
2561 4495 2762 4551 fecerat
2772 4507 2894 4549 esse
2908 4502 3137 4560 patrem,
3160 4492 3354 4547 iterum
3373 4501 3535 4560 pom

1927 4603 1981 4648 et
2013 4606 2153 4647 nunc
2173 4603 2300 4661 quae
2315 4588 2603 4644 humanam
2627 4584 3093 4655 transgrediuntur
3113 4583 3377 4639 rationem
3400 4597 3535 4652 ope-

1928 4683 2056 4739 rari.
2079 4680 2346 4738 Czcterum
2373 4678 2515 4744 vide,
2530 4677 2778 4739 obsecro,
2796 4675 3052 4745 deinceps
3071 4683 3196 4729 ante
3220 4673 3534 4730 sensibilem

1931 4776 2086 4832 illum
2123 4774 2337 4845 ignem,
2383 4769 2689 4826 incendium
2734 4769 3043 4834 internum,
3089 4756 3233 4838 quod
3275 4765 3534 4836 paulatim

1928 4861 2349 4927 exardescebat,
2375 4868 2432 4916 et
2453 4859 2584 4931 justi
2612 4868 2845 4914 mentem
2876 4856 3263 4913 inﬂammabat.
3301 4857 3353 4912 7.
3388 4853 3531 4910 Dixit

1927 4969 2120 5024 autem,
2145 4955 2336 5027 inquit,
2365 4951 2519 5008 Isaac
2537 4951 2606 5006 ad
2626 4950 2886 5006 Abraham
2911 4958 3105 5018 patrem
3130 4965 3281 5005 suum
3300 4963 3322 5002 :
3353 4946 3528 5002 Pater.

1927 5049 2248 5108 Sufﬁciobat.
2289 5047 2394 5102 hoc
2436 5045 2656 5100 verbum
2707 5042 2775 5096 ad
2828 5041 3142 5096 lancinanda
3189 5040 3316 5107 justi
3371 5037 3532 5108 hujus

1926 5144 2152 5199 viscera.
2187 5137 2287 5194 Ille
2314 5148 2483 5193 autem
2522 5136 2651 5191 dixit
2682 5151 2702 5188 :
2735 5133 2874 5199 Quid
2898 5144 2993 5197 est,
3025 5132 3103 5202 fili
3123 5132 3149 5185 .9
3191 5133 3406 5187 Patrem
3437 5145 3533 5184 vo-

1926 5251 2045 5304 cas,
2063 5232 2219 5305 paulo
2235 5240 2357 5303 post
2381 5229 2611 5285 futurum
2629 5227 2820 5282 orbum
2845 5241 2859 5278 :
2889 5235 2940 5280 et
2966 5238 3068 5294 ego
3098 5222 3265 5278 lilium
3291 5221 3539 5295 appello,

1926 5328 2016 5398 qui
2046 5340 2154 5381 non
2185 5323 2353 5379 multo
2379 5329 2497 5393 post
2520 5335 2681 5388 super
2706 5318 2876 5372 altare
2902 5330 3223 5372 ascensurus
3252 5324 3365 5379 est,
3397 5313 3534 5370 meis

1925 5416 2249 5475 occidendus
2274 5414 2539 5470 menibus.
2571 5410 2770 5466 Deinde
2798 5423 2928 5478 puer
2958 5408 3128 5478 inquit
3159 5425 3170 5459 :
3205 5405 3336 5460 Ecce
3361 5407 3532 5474 ignem

1924 5509 2118 5567 τλῆθι-ε.
2152 5519 2328 5577 el'cgu
2369 5506 2536 5576 ligna;
2568 5503 2652 5558 ubi
2694 5513 2777 5558 est
2815 5501 2987 5556 hostia
3031 5499 3400 5554 immolanda?
3435 5497 3527 5554 ζ’ὺὶ

1990 5676 2007 5702 ι
2045 5666 2187 5718 savii.
2211 5672 2263 5716 ct
2284 5664 2478 5726 quidam
2511 5671 2622 5714 Mss.
2669 5673 2684 5709 :
2727 5661 2894 5724 Cogita
2914 5660 3043 5712 enim
3073 5670 3254 5724 quanta
3277 5670 3534 5724 perpacata

1925 5732 1985 5786 sit
2002 5733 2165 5794 justus
2186 5728 2268 5778 ille
2291 5727 2418 5776 intra
2442 5734 2538 5794 {res
2569 5729 2747 5794 noctes.
2933 5783 2941 5792 _

1991 5785 2018 5828 ί
2046 5802 2264 5854 Qmuqm:
2293 5799 2417 5846 Mss”
2442 5788 2770 5850 inqu'turus,
2797 5799 2900 5848 pro.
2929 5785 3283 5839 int.ue!.~:tr:rus.
