4060 6428
560 328 662 387 ιδι

1299 329 1358 388 8.
1396 322 2187 387 JOANNISCIIRYSOSTOII
2222 325 2539 385 ARCBIEP.
2577 325 3114 387 CONSTANTINOP.

3734 326 3841 383 £3!

555 453 628 498 est
648 442 754 499 ovis
771 442 841 498 ad
866 441 1211 517 holocaustum
1230 440 1257 497 ξ
1277 439 1589 507 Considera,
1615 440 1863 506 obsecro,
1888 438 1977 496 hic
1996 438 2126 510 justi
2238 439 2395 496 times
2420 439 2583 497 Deum
2613 448 2687 496 tu.
2711 436 2845 496 Vide
2863 438 3131 509 quomodo
3155 437 3425 496 humiliter
3449 451 3511 493 se
3530 446 3738 494 nostra:
3760 436 3842 494 ia-

556 532 653 588 viri
669 533 982 599 eruciauun,
1000 529 1269 602 quomodo
1286 530 1654 597 tulitauribus,
1673 528 1942 602 quomodo
1963 528 2132 600 potuit
2235 528 2474 587 ﬁrmitati
2496 531 2598 587 hoc
2616 530 2779 587 verbo
2804 538 3143 601 attemperat.
3169 529 3305 599 Quid
3326 528 3509 599 igitur?
3527 528 3844 600 ignorabat-

556 621 879 692 respondere
903 635 1093 692 puero,
1117 620 1383 691 quomodo
1407 634 1514 677 non
1534 629 1617 677 est
1643 618 1899 676 contusus
1922 625 2129 683 mente,

558 709 827 783 quomodo
844 709 961 764 lilio
984 710 1251 766 occultare
1277 709 1448 779 potuit
1471 708 1522 767 id
1550 708 1692 781 quod
1713 706 1945 765 futurum
1975 714 2129 762 erat:

557 799 653 855 sed
683 798 853 869 inquit
878 812 1140 870 generoso
1175 798 1363 870 spiritu
1400 806 1457 857 et
1494 796 1616 853 forti
1653 797 1828 852 anima
1858 813 1872 849 :
1902 794 1957 852 8.
1995 793 2134 849 Deus

557 889 740 946 uidebit
755 891 1048 963 sibimetipsi
1075 905 1214 946 om
1236 891 1307 945 ad
1323 889 1689 957 holocaustum,
1715 887 1951 959 ﬁtiNide
1968 887 2129 941 etiam

558 979 648 1036 hic
670 995 779 1051 quo
802 989 958 1050 pacto
984 980 1197 1051 ignarus
1230 977 1462 1035 insinuat
1503 979 1693 1034 iterum
1719 978 1863 1048 quod
1902 978 2134 1049 futurum

558 1078 695 1125 erat.
726 1068 1013 1125 Videbatur
1037 1069 1177 1124 enim
1204 1082 1301 1138 per
1324 1082 1636 1137 responsum
1666 1067 1813 1121 lsaac
1834 1064 2134 1133 decepisse,

560 1158 659 1216 sed
685 1160 767 1215 illi‘
787 1159 1001 1231 quidem
1036 1158 1212 1215 verbis
1237 1159 1446 1214 interim
1476 1158 1739 1228 persuasit
1770 1174 1785 1212 :
1817 1158 1931 1228 ipse
1958 1164 2136 1210 autem

562 1250 818 1321 majorem
862 1253 1263 1323 gravioremque
1308 1250 1551 1307 dolorem
1596 1251 1842 1319 pertulit,
1881 1248 2041 1303 verba
2082 1248 2137 1304 in

560 1340 738 1395 anima
759 1355 997 1407 versans,
1015 1354 1069 1397 et
1085 1341 1322 1411 cogitans
1341 1340 1489 1409 pueri
1511 1338 1823 1410 elegantiam
1838 1324 2136 1403 externam,

569 1426 942 1509 intentamque
966 1426 1409 1498 pulchritudinem
1437 1469 1451 1493 ,
1479 1426 1863 1493 obedientiam,
1893 1427 2138 1497 gratiam,

562 1518 734 1573 uitatis
759 1516 969 1575 ﬂorem.
998 1519 1053 1576 9.
1084 1518 1306 1590 Cumque
1336 1519 1463 1573 irent
1491 1516 1672 1585 ambo,
1708 1526 1944 1573 uenerunt
1970 1517 2038 1571 ad
2066 1517 2144 1571 lo-

562 1625 676 1664 cum
699 1609 762 1663 de
781 1625 876 1680 quo
890 1610 1017 1664 dixit
1039 1609 1085 1664 ei
1104 1608 1259 1664 Deus.
1281 1608 1572 1674 Venerunt,
1596 1607 1783 1678 inquit,
1806 1607 1873 1662 ad
1904 1618 2140 1662 montem

564 1698 871 1763 excelsum,
919 1711 1078 1767 quem
1116 1697 1319 1752 scilicet
1352 1697 1401 1753 ei
1450 1698 1701 1752 Dominus
1743 1696 1999 1751 indicarat
2030 1712 2045 1751 :
2074 1695 2144 1749 Et

565 1789 835 1859 edi/imm
861 1789 930 1844 ut
952 1788 1211 1843 Abraham
1238 1788 1420 1845 altare.
1457 1789 1649 1844 lterum
1678 1787 1997 1856 obstupesco
2014 1786 2144 1856 juSti

442 1952 451 1963 ι
556 1878 925 1955 fortitudinem
956 1918 972 1944 ,
1026 1877 1294 1950 quomodo
1341 1879 1572 1950 potuerit
1611 1885 1887 1933 exstruere
1933 1878 2099 1931 altare
2127 1916 2143 1943 ,

564 1967 833 2039 quomodo
867 1968 1092 2027 Valuerit
1113 2009 1130 2035 ,
1173 1967 1439 2038 quomodo
1478 1982 1586 2024 non
1624 1966 1881 2023 deiecerit
1912 1982 2019 2035 pra:
2048 1982 2147 2019 an-

564 2058 757 2129 gustia,
786 2058 881 2115 sed
909 2069 963 2116 et
990 2060 1158 2116 altare
1182 2060 1545 2124 aediﬁcaverit,
1573 2068 1628 2114 et
1652 2059 1963 2127 imposuerit
1984 2057 2146 2127 ligna.

566 2146 637 2203 Et
669 2149 882 2221 ligatum
919 2146 1087 2217 ﬁlium
1123 2165 1274 2204 suum
1313 2146 1468 2203 Isaac
1502 2148 1738 2218 imposuit
1781 2162 1931 2218 super
1963 2146 2145 2201 altare.

567 2239 659 2296 i0.
690 2238 770 2294 ‘Et
802 2238 1025 2294 attendit
1058 2238 1316 2294 Abraham
1353 2254 1560 2292 manum
1600 2254 1745 2293 suam
1764 2277 1781 2304 ,
1814 2246 1869 2291 ut
1906 2237 2151 2306 acciperet

570 2328 821 2399 gladium,
842 2339 889 2382 et
912 2327 1160 2383 occideret
1188 2329 1353 2398 ﬁlium
1375 2344 1544 2382 suum.

639 2439 696 2495 3.
724 2438 1001 2494 Abrabami
1037 2440 1279 2511 fortitudo
1315 2450 1361 2494 et
1390 2437 1560 2494 lsaaci
1594 2440 1929 2511 obsequentia.
1962 2468 2039 2485 -—
2078 2438 2155 2494 Ne

568 2528 756 2585 leviter
794 2541 1262 2599 prtetercurramus
1282 2570 1299 2596 ,
1327 2530 1543 2595 dilecti,
1569 2545 1689 2601 qua:
1707 2531 1846 2585 dicta
1873 2540 2029 2591 sunt:
2061 2529 2155 2584 sed

567 2620 965 2675 consideremus
986 2620 1251 2690 quomodo
1276 2634 1381 2675 non
1405 2621 1627 2675 avolarit
1647 2635 1677 2674 a
1700 2635 1925 2690 corpore
1946 2622 2120 2676 anima
2137 2624 2157 2689 ,'

570 2709 839 2781 quomodo
861 2710 1091 2779 potuerit
1107 2710 1218 2766 suis
1237 2711 1482 2765 manibus
1504 2710 1783 2781 colligare,
1813 2721 1868 2767 et
1886 2711 2040 2781 lignis
2062 2712 2161 2767 im-

570 2814 771 2870 ponere
808 2810 914 2857 tam
926 2799 1194 2856 dilectum
1216 2840 1236 2867 ,
1266 2809 1374 2856 tam
1402 2801 1684 2857 amabilem
1719 2802 2068 2874 unigenitum.
2092 2802 2159 2856 Et

571 2890 792 2944 extendit
821 2930 840 2959 ,
883 2890 1092 2961 inquit,
1130 2888 1385 2945 Abraham
1418 2908 1623 2947 manum
1645 2909 1790 2947 suam
1817 2934 1833 2957 ,
1888 2905 1942 2948 ut
1966 2894 2161 2964 arripe-

532 2970 543 2981 ”
570 2988 647 3035 ret
664 2977 893 3051 gladium
919 2979 988 3033 ad
1011 2978 1339 3035 occidendum
1363 2979 1525 3049 ﬁlium
1556 2996 1720 3035 suum.
1768 2980 1815 3037 0
1859 2983 2159 3052 religiosam

571 3068 825 3124 animam!
855 3083 889 3125 o
917 3067 1106 3125 fortem
1151 3070 1403 3125 mentem!
1452 3084 1487 3125 ο
1540 3071 1805 3139 ingentem
1843 3074 2099 3127 amorem!
2131 3087 2165 3127 ο

574 3162 835 3220 rationem
882 3163 1181 3217 vincentem
1241 3162 1526 3220 humanam
1597 3166 1856 3220 naturam!
1922 3166 2122 3235 Accepit
2146 3206 2162 3231 ,

576 3252 748 3322 inquit
764 3294 779 3317 ,
800 3253 1031 3324 gladium
1048 3294 1063 3319 ,
1084 3264 1139 3307 ut
1153 3254 1394 3308 occideret
1418 3256 1579 3323 [ilium
1595 3271 1759 3310 suum.
1791 3257 1976 3313 Utrum
2001 3260 2168 3328 magis

573 3342 806 3397 admirer
840 3354 894 3398 et
924 3344 1295 3413 obstupescam
1338 3384 1355 3409 ,
1383 3345 1643 3401 fortetnne
1670 3346 1921 3416 spiritum
1944 3350 2170 3419 patriar-

575 3434 724 3499 chae,
760 3450 827 3489 an
867 3435 1013 3505 pueri
1059 3434 1456 3491 obedientiam?
1494 3436 1635 3507 quod
1666 3452 1837 3508 neque
1882 3439 2169 3495 reluctatus

582 3540 662 3583 cst
684 3566 701 3592 ,
733 3541 901 3597 neque
937 3528 1135 3582 factum
1156 3542 1298 3597 :cgre
1323 3528 1471 3587 tulit.
1504 3528 1597 3584 sed
1627 3531 1786 3583 cessit
1807 3538 1861 3584 et
1892 3531 2169 3601 obtempe-

580 3618 719 3673 ravit
766 3618 829 3673 iis
868 3628 989 3689 qum
1021 3634 1049 3670 a
1080 3627 1230 3687 patre
1258 3616 1389 3672 facta
1418 3628 1574 3685 sunt,
1603 3628 1657 3673 et
1691 3619 1825 3673 sicut
1854 3636 2019 3689 agnus
2048 3636 2169 3676 cum

580 3702 796 3764 silentio
823 3724 986 3779 super
1012 3708 1184 3765 altare
1211 3708 1452 3764 accubuit
1474 3750 1490 3773 ,
1512 3718 1833 3778 exspectans
1859 3711 2021 3778 patris
2046 3709 2177 3765 dex-

585 3809 749 3855 teram
770 3799 795 3854 τ
820 3798 1016 3855 Verum
1041 3800 1130 3855 ubi
1156 3800 1243 3855 illa
1274 3800 1357 3872 pia
1387 3814 1540 3854 mens
1586 3814 1678 3853 sua
1707 3799 1883 3853 omnia
1922 3814 2173 3853 consum-

589 3889 754 3943 mavit
805 3898 858 3944 et
884 3889 1012 3943 nihil
1036 3890 1352 3944 intermisit:
1380 3889 1666 3944 ostendens
1686 3888 1854 3942 bonus
1885 3889 2135 3944 Dominus
2155 3930 2171 3956 ,

590 3992 649 4032 sc
673 3992 779 4032 non
808 3978 975 4034 occidi
1019 3994 1269 4049 puerum,
1296 3978 1388 4034 sed
1430 3980 1605 4048 potius
1643 3979 1770 4047 justi
1802 3982 2047 4034 virtutem
2091 3979 2177 4035 de-

589 4071 689 4140 tegi
720 4071 986 4126 volentem
1007 4112 1023 4137 ,
1050 4072 1166 4125 haec
1189 4072 1516 4141 imperasse:
1546 4079 1801 4125 coronato
1826 4070 1970 4139 justo
1998 4072 2067 4125 ob
2086 4086 2179 4125 vo-

590 4162 845 4214 luntatem
892 4175 1077 4226 suam,
1129 4170 1184 4216 et
1224 4158 1440 4229 accepta
1484 4167 1849 4214 consummata
1899 4159 2065 4214 hostia
2114 4177 2179 4215 ex

596 4259 771 4305 mente
800 4250 1110 4319 patriarcha:
1129 4290 1144 4315 ,
1174 4266 1315 4305 nunc
1341 4266 1490 4304 suam
1519 4250 1752 4305 declarat
1781 4250 2179 4320 benignitatem.

593 4341 679 4395 il.
713 4338 779 4394 Et
800 4342 990 4395 vocarit
1008 4357 1120 4395 eum
1143 4382 1157 4405 ,
1183 4341 1389 4412 inquit,
1429 4342 1635 4411 angelus
1676 4340 1880 4395 Domini
1918 4343 1980 4394 de
2015 4342 2139 4396 ctelo
2162 4385 2177 4410 ,

592 4432 843 4499 dixitque,
866 4432 1139 4495 Abraham,
1162 4432 1433 4485 Abraham.
1468 4431 1597 4487 Nam
1615 4434 1733 4502 quia
1756 4432 1965 4488 videbat
1982 4434 2179 4501 justum

591 4517 699 4587 jam
735 4523 1026 4574 accinctum
1060 4530 1114 4575 et
1135 4532 1371 4589 paratum
1394 4522 1459 4574 ad
1508 4522 1950 4587 immol::tionem,
2000 4534 2053 4577 et
2090 4539 2183 4575 vo-

598 4609 792 4665 lentem
825 4610 1046 4679 implere
1075 4612 1378 4665 mandatum
1400 4612 1634 4684 Domini,
1662 4612 1856 4665 idcirco
1888 4622 2037 4667 vocat
2060 4629 2179 4667 eum

593 4700 660 4754 de
687 4702 845 4765 cmlo,
887 4712 939 4755 ct
965 4701 1130 4755 dicit:
1161 4702 1455 4767 Abraham,
1500 4703 1785 4756 Abraham.
1841 4704 1978 4757 Brut:
2009 4716 2063 4759 et
2096 4706 2181 4761 hic

593 4795 948 4863 geminatione
975 4809 1102 4847 usus
1122 4802 1236 4859 est,
1271 4805 1321 4846 ut
1352 4803 1626 4862 superaret
1656 4796 1904 4864 impetum
1948 4798 2069 4863 justi
2091 4840 2105 4862 ,
2131 4812 2183 4853 ct

597 4888 741 4953 quasi
769 4902 863 4953 per
896 4901 1079 4939 vocem
1126 4886 1449 4939 detineretur
1482 4886 1605 4953 justi
1635 4886 1879 4947 dextera,
1922 4890 1965 4953 λα
2000 4906 2025 4937 n
2072 4898 2183 4943 teu-

598 4980 727 5027 tis‘ilS
746 4978 807 5029 ad
833 4977 978 5043 pueri
1005 4975 1225 5029 aedem.
1254 4972 1320 5027 Et
1342 4975 1466 5027 dixit
1496 4974 1663 5029 :Ecce
1685 4992 1795 5047 ego.
1823 4977 1905 5029 lii.
1940 4978 1998 5029 lt't
2022 4978 2179 5032 dixit:

602 5068 683 5119 Ne
709 5066 904 5133 ittjicias
945 5081 1148 5118 manum
1190 5074 1327 5117 tuam
1353 5065 1403 5117 in
1443 5082 1675 5132 puerum,
1722 5084 1876 5136 neque
1916 5068 2071 5138 {arias
2110 5069 2184 5123 illi

600 5158 890 5226 quidquam.
919 5156 1070 5211 Nunc
1099 5161 1231 5209 enim
1253 5158 1459 5226 cognoui
1478 5157 1595 5226 quia
1624 5159 1765 5210 times
1808 5157 1963 5209 Dmnt
2010 5169 2063 5209 tu
2081 5198 2096 5220 ,
2142 5168 2184 5211 et

603 5264 699 5301 non
731 5248 989 5321 pepercisti
1019 5246 1127 5315 ﬁlio
1149 5257 1234 5300 tuo
1261 5246 1442 5298 dilecto
1488 5263 1577 5313 pro
1616 5257 1685 5297 ter
1712 5263 1809 5300 me.
1845 5246 1926 5301 Nc
1952 5249 2150 5316 injicias
2170 5289 2182 5307 ,

604 5340 800 5408 inquit,
850 5354 1051 5391 martum
1078 5349 1214 5390 tuam
1260 5336 1312 5389 in
1340 5352 1564 5404 puerum.
1594 5335 1708 5390 Non
1740 5335 1840 5391 hoc
1882 5338 2103 5405 prmecpi
2135 5347 2189 5387 ut

605 5443 738 5498 opus
782 5428 1079 5495 perﬁciatur
1099 5468 1113 5490 ,
1144 5442 1312 5496 nt-que
1342 5425 1459 5477 volo
1486 5436 1538 5478 ιιι
1564 5426 1834 5481 occidatur
1862 5426 1991 5480 lifiuc
2026 5438 2144 5479 tuus
2176 5470 2187 5479 .

607 5519 699 5572 sed
729 5528 785 5571 ut
813 5516 1108 5571 obedientia
1138 5526 1219 5569 tua
1249 5516 1522 5570 manifesta
1554 5517 1620 5571 sit
1639 5517 1900 5572 omnibus.
1938 5518 2096 5585 igitur
2123 5532 2189 5568 ne

611 5609 797 5663 ieceris
824 5610 870 5663 ei
912 5611 1217 5680 quidquam.
1251 5608 1539 5665 Contentus
1566 5625 1682 5665 sum
1711 5609 1979 5666 voluntate
2008 5618 2115 5676 tua,
2140 5618 2193 5664 et

614 5712 680 5755 ex
704 5700 801 5753 bac
825 5710 872 5755 te
896 5708 1097 5755 cereno
1127 5710 1179 5755 ct
1200 5699 1447 5771 pradico.
1479 5698 1629 5756 Nunc
1655 5701 1795 5757 enim
1818 5698 2042 5772 cognovi
2065 5698 2190 5773 quia

2236 638 2306 679 ne
2328 631 2454 678 ante
2478 622 2582 678 hoc
2604 623 2730 693 justi
2759 622 3007 678 virtutem
3024 663 3040 687 ,
3064 633 3118 677 et
3146 635 3289 677 nunc
3319 621 3573 691 cognovit
3595 621 3842 676 omnium

2239 712 2533 769 Dominus?
2554 712 2670 767 Non
2691 712 2822 773 hoc.
2850 712 3049 780 inquit.
3073 710 3367 781 signiﬁcat,
3394 708 3535 781 quod
3559 722 3712 764 nunc
3735 710 3847 780 ipse

2238 801 2563 875 cognoverit.
2582 803 2694 865 Sed
2714 802 2839 873 quid
2864 802 3043 859 dicere
3060 803 3173 857 vult
3189 801 3215 855 τ
3236 800 3413 866 Nunc,
3435 799 3613 871 inquit
3629 840 3649 866 ,
3670 800 3849 855 omni.

2241 892 2340 948 bus
2375 892 2655 949 declarasti
2671 931 2689 959 ,
2715 891 2983 963 quomodo
3022 892 3232 947 sincero
3260 891 3451 946 timore
3477 889 3654 946 Deum
3678 888 3846 944 colas.

2240 980 2371 1037 Nam
2400 996 2501 1052 ego
2528 996 2779 1037 noveram
2818 980 3075 1036 famulum
3099 994 3316 1035 meum:
3345 994 3464 1049 quae
3489 989 3671 1034 autem
3708 990 3852 1032 nunc

2242 1085 2272 1125 a
2303 1080 2356 1128 te
2380 1070 2516 1126 facta
2534 1081 2660 1126 sunt
2682 1072 2940 1126 doctrina:
2964 1070 3185 1126 materia
3207 1078 3333 1124 sunt
3354 1080 3460 1123 tam
3488 1067 3850 1139 praestitibus

2242 1177 2401 1233 quam
2430 1158 2640 1217 futuris.
2670 1162 2863 1219 Notum
2889 1162 3031 1218 enim
3060 1158 3235 1217 fecisti
3256 1174 3398 1216 nunc
3424 1157 3677 1216 omnibus
3705 1167 3764 1215 te
3788 1159 3854 1215 tl-

2244 1268 2393 1308 mero
2409 1253 2572 1307 Deum
2591 1293 2607 1317 ,
2634 1260 2689 1308 et
2702 1266 2892 1309 curare
2912 1262 2969 1305 ut
2991 1250 3237 1306 mandata
3254 1248 3371 1321 ejus
3390 1263 3553 1319 opere
3578 1247 3813 1318 impleas
3833 1264 3849 1301 :

2250 1340 2315 1395 Et
2335 1358 2434 1396 non
2450 1341 2712 1413 pepercisti
2732 1340 2841 1411 [ilio
2860 1349 2947 1395 tuo
2969 1338 3151 1394 dilecto
3175 1346 3380 1409 propter
3394 1352 3473 1393 me
3489 1352 3510 1393 :
3532 1335 3608 1391 illi
3628 1336 3727 1407 qui
3743 1345 3852 1391 tam

2247 1431 2473 1488 dilectus
2500 1441 2617 1496 est,
2648 1445 2808 1501 quem
2848 1437 2957 1485 tam
2984 1428 3234 1485 ardenter
3271 1440 3456 1493 amas,
3508 1441 3616 1481 non
3660 1439 3858 1496 peper-

2246 1523 2364 1577 cisti
2387 1530 2606 1593 propter
2623 1536 2710 1576 me
2726 1561 2743 1588 ,
2768 1530 2981 1591 propter
2998 1517 3304 1575 mandatum
3325 1525 3379 1572 et
3401 1516 3607 1585 jussum
3634 1528 3853 1570 meum:

2246 1613 2343 1667 sed
2371 1611 2647 1683 pra-tulisti
2675 1610 2979 1667 mandatum
3010 1624 3187 1665 meum
3228 1605 3339 1661 tilio
3364 1614 3479 1662 tuo.
3518 1604 3756 1660 Proinde
3799 1610 3859 1659 et

2206 1753 2213 1759 .
2251 1703 2415 1758 lilium
2444 1712 2590 1757 tuum
2618 1702 2821 1771 accipe.
2851 1700 3076 1771 Propter
3102 1698 3205 1754 hoc
3242 1699 3386 1753 enim
3417 1695 3687 1766 pollicitus
3735 1709 3857 1751 sum

2252 1792 2366 1848 fore
2396 1802 2453 1847 ut
2474 1806 2657 1847 semen
2672 1801 2821 1846 tuum
2847 1789 3254 1845 ostenderetur:
3275 1785 3552 1843 redimitus
3574 1799 3705 1855 ergo
3723 1783 3859 1838 obe-

2252 1884 2469 1941 dientia:
2507 1892 2610 1939 tum
2635 1898 2831 1937 corona
2849 1923 2866 1949 ,
2895 1881 3006 1939 abi.
3037 1880 3146 1951 Ego
3167 1878 3311 1936 enim
3338 1876 3668 1935 voluntatem
3695 1891 3859 1931 coro-

2255 1992 2384 2031 nare
2402 1975 2584 2040 soleo,
2611 1983 2665 2031 et
2703 1983 2920 2044 propter
2950 1981 3180 2028 mentem
3208 1971 3425 2043 premis
3453 1969 3654 2041 largiri.
3679 1967 3861 2039 Opere

2253 2066 2395 2121 enim
2416 2064 2619 2136 impleri
2638 2080 2733 2134 par
2756 2073 2840 2118 est
2861 2078 2923 2118 ca
2950 2075 3071 2133 qua:
3110 2072 3141 2113 τι
3174 2070 3229 2117 te
3267 2060 3415 2116 dicta
3438 2068 3565 2114 sunt
3602 2057 3660 2114 et
3686 2057 3862 2114 servis

2257 2156 2361 2211 tuis
2404 2164 2459 2211 et
2501 2156 2680 2211 lsaac:
2712 2154 2819 2209 illis
2851 2152 2992 2209 enim
3021 2149 3345 2222 promisisti,
3391 2148 3520 2205 Cum
3567 2148 3869 2203 adoraueri—

2256 2264 2402 2311 mus.
2449 2247 2719 2302 reditionis
2748 2261 2768 2300 :
2806 2258 2933 2300 ecce
2977 2243 3081 2298 hoc
3117 2256 3257 2296 nunc
3290 2241 3427 2307 erit;
3457 2248 3515 2296 et
3552 2252 3722 2309 puero
3775 2252 3860 2291 ro-

2256 2349 2435 2411 gante,
2468 2337 2565 2394 Ubi
2593 2339 2697 2393 ovis
2720 2346 2792 2392 est
2818 2336 2887 2390 ad
2915 2334 3260 2390 holocaustum
3280 2331 3310 2385 ν
3333 2329 3471 2385 Deus
3509 2329 3691 2383 uidebit
3733 2327 3863 2381 85bi-

2259 2431 2459 2500 ntetipsi
2503 2445 2641 2483 ouem
2667 2427 2736 2481 ad
2779 2425 3125 2481 holocaustum
3146 2464 3162 2489 ,
3188 2420 3390 2477 dixisti.
3430 2420 3573 2475 Ecce
3620 2433 3743 2475 cum
3772 2432 3864 2473 re-

2265 2521 2504 2591 spexeris
2526 2564 2542 2587 ,
2574 2519 2743 2590 inquit
2766 2558 2783 2585 ,
2814 2515 2982 2572 oculis
2999 2556 3015 2579 ,
3043 2513 3165 2569 vide
3188 2511 3491 2577 praedictam
3513 2524 3543 2564 a
3570 2518 3623 2565 te
3665 2523 3827 2564 ovem
3846 2550 3865 2577 ,

2262 2628 2419 2683 quam
2444 2612 2646 2667 scilicet
2679 2625 2776 2680 pro
2804 2622 2973 2679 puero
3014 2603 3358 2663 sacrilicabis.
3407 2603 3491 2659 i3.
3527 2600 3596 2658 Ut
3638 2600 3873 2672 respexit

2264 2718 2429 2759 autem
2456 2704 2615 2758 oculis
2641 2701 2762 2755 sidit
2783 2716 2804 2754 :
2827 2708 2872 2754 et
2905 2714 3016 2753 ecce
3034 2698 3166 2751 aries
3193 2711 3324 2750 unus
3339 2691 3649 2749 detinebatur
3694 2690 3866 2745 cor-sti-

2264 2798 2353 2853 ιω
2374 2797 2427 2850 in
2454 2794 2657 2848 arbusto
2682 2792 2864 2849 Sabcc.
2891 2790 2955 2845 Et
2974 2790 3062 2843 ivit
3085 2788 3375 2854 Abraham,
3412 2794 3460 2841 et
3495 2782 3687 2855 accepit
3727 2781 3867 2837 arie-

2267 2902 2363 2943 tem
2379 2930 2395 2954 ,
2424 2898 2473 2944 et
2506 2888 2681 2941 obtulit
2705 2886 2851 2941 illum
2874 2885 2927 2938 in
2956 2884 3306 2937 holocaustum
3331 2896 3422 2947 pro
3442 2877 3595 2932 Isaac
3612 2876 3723 2945 ﬁlio
3748 2889 3870 2930 euo-

2268 2973 2387 3027 Vidi
2418 2972 2715 3041 religiosam
2746 2978 2888 3023 tuam
2936 2974 3199 3033 mentem,
3232 2963 3435 3033 inquit,
3473 2974 3601 3016 ecce
3645 2958 3698 3012 id
3723 2956 3870 3028 quod

2272 3066 2414 3133 prius
2438 3061 2616 3116 dixisti
2657 3073 2857 3129 puero,
2890 3058 2995 3113 hoc
3037 3056 3131 3111 tibi
3161 3052 3470 3125 praeparari.
3528 3049 3595 3105 Et
3640 3049 3871 3118 accepit,

2266 3153 2472 3222 inquit,
2501 3163 2545 3207 et
2574 3151 2753 3205 obtulit
2796 3151 2849 3204 in
2879 3149 3226 3203 holocaustum
3255 3161 3346 3215 pro
3394 3141 3544 3197 Isaac
3591 3141 3700 3210 ﬁlio
3750 3156 3871 3195 suo.

2271 3244 2460 3299 VitiiSii
2493 3244 2581 3297 Dei
2610 3239 2980 3297 clementiam?
3010 3237 3076 3292 Et
3100 3235 3412 3291 sacriﬁcium
3440 3238 3873 3288 consummatum

2271 3345 2387 3401 est,
2422 3346 2476 3389 et
2518 3332 2813 3404 patriarcha
2864 3331 3165 3399 religiosam
3220 3341 3369 3382 suam
3400 3334 3636 3380 mentem
3683 3322 3873 3377 decla-

2271 3430 2441 3494 ravit,
2467 3436 2522 3481 et
2568 3442 2596 3478 a
2649 3426 2921 3480 voluntate
2966 3436 3218 3477 coronam
3257 3417 3584 3488 reportavit:
3613 3426 3670 3472 et
3723 3415 3873 3471 lsaac

2273 3529 2494 3589 accepto
2512 3560 2527 3584 ,
2551 3517 2707 3571 rediit
2733 3530 2853 3570 cum
2885 3514 3180 3568 innumeris
3205 3510 3441 3567 coronis.

2351 3608 2677 3677 Sacriﬁcium
2729 3605 2947 3658 Abraltat
2990 3603 3157 3674 ﬁgura
3185 3602 3368 3655 crucis.
3399 3629 3472 3640 —
3508 3598 3635 3654 litae
3685 3607 3870 3653 autem

2280 3700 2457 3755 omnia
2507 3699 2673 3767 figura
2719 3695 2933 3751 luerunt
2975 3695 3171 3749 crucis.
3200 3693 3488 3759 PrOpterea
3538 3701 3595 3747 et
3622 3691 3875 3746 Christus

2278 3792 2475 3848 ludatis
2518 3790 2725 3845 dicebat
2760 3805 2776 3844 :
2806 3788 3062 3842 Abraham
3106 3795 3248 3857 pater
3283 3796 3440 3838 uester
3470 3784 3737 3838 exsultavit
3758 3823 3774 3848 ,
3816 3793 3875 3837 ut

2281 3885 2467 3937 rideret
2491 3882 2621 3935 diem
2646 3887 2917 3944 meum;et
2942 3878 3095 3945 vidit,
3146 3887 3191 3931 et
3216 3878 3417 3948 gavisus
3473 3882 3544 3929 est
3598 3873 3783 3943 (Joan.
3814 3873 3872 3930 8.

2281 3974 2396 4040 56).
2451 3970 2730 4037 Quomodo
2776 3968 2936 4032 vidit,
2988 3967 3080 4035 qui
3133 3974 3211 4019 tot
3238 3965 3393 4019 annis
3419 3963 3733 4033 praecessit?
3764 3962 3876 4018 Per

2287 4063 2529 4132 ﬁguram,
2563 4075 2657 4128 per
2686 4058 2950 4113 umbram.
2977 4055 3129 4111 Sicut
3154 4054 3300 4109 enim
3329 4054 3415 4107 hic
3436 4054 3552 4108 ovis
3577 4055 3759 4108 oblata
3789 4061 3877 4111 est

2286 4170 2384 4225 pro
2404 4154 2569 4219 Isaac,
2588 4154 2660 4207 ita
2681 4162 2734 4207 et
2750 4148 3021 4205 rationalis
3036 4163 3201 4219 agnus
3216 4147 3423 4201 oblatus
3433 4154 3515 4200 est
3527 4160 3626 4216 pro
3646 4144 3872 4201 mundo.

2286 4245 2573 4313 Oportebat
2594 4241 2735 4295 enim
2758 4242 2811 4294 in
2839 4240 3024 4295 umbra
3047 4238 3280 4294 describi
3302 4247 3354 4292 et
3380 4236 3687 4307 prtesiguari
3710 4244 3876 4293 antea

2288 4337 2582 4391 veritatem.
2632 4332 2762 4387 Vide
2805 4345 3074 4400 namque,
3117 4330 3358 4392 obsecro,
3390 4327 3688 4390 carissime,
3738 4342 3876 4398 quo-

2291 4427 2447 4479 unedo
2474 4424 2649 4477 omnia
2679 4435 2771 4490 per
2793 4420 3034 4474 umbram
3062 4418 3392 4488 prmﬁgurata
3427 4425 3550 4472 sunt
3580 4434 3595 4471 :
3624 4416 3875 4486 unigeni-

2290 4530 2371 4574 tus
2429 4521 2577 4584 illic,
2629 4529 2682 4573 et
2738 4517 3041 4589 unigenitus
3088 4517 3173 4572 hic
3246 4519 3355 4585 (a);
3399 4513 3624 4569 dilectus
3672 4514 3784 4570 illic
3820 4524 3877 4573 et

2274 4602 2590 4681 germanus,
2628 4612 2854 4667 dilectus
2894 4619 2949 4667 et
2986 4610 3070 4665 hic
3109 4624 3171 4663 ac
3211 4622 3519 4677 germanus.
3576 4605 3678 4659 Hic
3726 4607 3875 4663 enim

2290 4714 2359 4756 est
2416 4701 2582 4756 Filius
2608 4720 2745 4756 meus
2798 4702 3041 4766 dilectus,
3063 4701 3115 4753 in
3143 4716 3241 4769 quo
3279 4699 3401 4751 mihi
3431 4698 3550 4751 bene
3590 4696 3878 4766 conspicati

2294 4794 2504 4853 (Matth.
2555 4795 2608 4848 5.
2642 4792 2751 4865 Π).
2806 4793 2852 4847 Α
2903 4804 3051 4863 patre
3081 4790 3167 4845 ille
3210 4791 3259 4843 in
3329 4789 3694 4845 holocaustum
3744 4786 3870 4842 οῦδ

2294 4887 2542 4947 ῑιῖὶῖιίιιττ
2598 4893 2652 4938 et
2712 4886 2852 4937 hunc
2896 4883 3052 4936 Pater
3112 4880 3343 4935 tradidit.
3399 4879 3467 4933 Et
3526 4878 3625 4931 hoc
3681 4878 3877 4931 clamat

2294 4980 2484 5030 iullus
2520 4976 2699 5033 dicens
2732 4994 2743 5028 :
2789 4974 2889 5041 Qui
2942 4973 3146 5043 praprt'o
3177 4971 3313 5026 Filio
3342 4988 3434 5023 suo
3468 4985 3567 5022 non
3614 4969 3875 5038 pepercit,

2292 5087 2329 5121 ει
2364 5072 2377 5115 :'
2420 5086 2507 5134 pro
2552 5069 2691 5119 nobis
2738 5066 2965 5119 omnibus
2994 5064 3199 5118 tradidit
3245 5063 3434 5116 illum:
3472 5060 3721 5129 quomodo
3778 5077 3877 5111 nun

2294 5174 2333 5209 rt
2361 5176 2468 5207 cum
2494 5160 2580 5210 illo
2610 5158 2776 5209 omnia
2802 5156 2941 5210 nobis
2969 5156 3176 5209 daturus
3203 5162 3273 5206 est
3300 5151 3473 5221 (Rom.
3498 5150 3548 5205 8.
3570 5149 3662 5218 32)
3685 5150 3707 5200 ‘?
3733 5149 3876 5202 lluc-

2300 5270 2355 5301 tl‘:
2384 5266 2461 5313 με
2504 5248 2720 5309 umbra;
2763 5259 2942 5315 postea
2986 5260 3161 5300 rerum
3203 5244 3396 5297 veritas
3426 5243 3578 5311 longe
3604 5240 3879 5293 excellen-

2297 5341 2329 5389 ti
2362 5356 2395 5389 ηι·
2447 5347 2788 5390 monstratur.
2823 5338 3003 5406 Agnus
3032 5336 3172 5389 enim
3202 5334 3289 5387 hic
3325 5331 3597 5386 rationalis
3634 5343 3733 5398 pro
3764 5338 3879 5384 toto

2298 5431 2491 5482 minuit)
2520 5430 2726 5482 oblatus
2755 5436 2869 5493 est,
2910 5435 3077 5482 totum
3117 5428 3298 5480 orbem
3328 5434 3584 5478 terrarum
3631 5422 3878 5489 puriﬁca-

2362 5585 2429 5645 έιε)
2466 5588 2581 5632 Huc
2603 5581 2712 5633 loco
2742 5580 3017 5645 conferatur
3038 5582 3192 5645 oratio
3215 5580 3295 5645 de
3318 5580 3464 5628 beato
3489 5576 3770 5645 Abraha_t_nq,
3796 5588 3880 5645 su-

2294 5658 2379 5707 pta
2405 5638 2533 5695 “iam.
2561 5653 2613 5701 tt.
2637 5656 2749 5708 qua
2779 5641 2978 5695 humilia
3004 5644 3058 5695 in
3088 5641 3255 5693 multis
3284 5642 3395 5691 huic
3422 5648 3599 5690 nostra:
3621 5638 3778 5687 aﬂinis
3795 5640 3880 5687 de-

2295 5708 2646 5772 prebeadetur.
