4060 6422
237 504 348 568 vit;
374 499 462 558 hic
489 498 733 556 homines
759 496 828 554 ab
863 508 1047 552 errore
1073 493 1336 560 liberavit,
1367 500 1424 548 et
1451 489 1518 546 ad
1544 487 1824 546 veritatem

240 591 485 657 reduxit;
519 591 606 647 hic
651 600 846 646 terram
875 586 1064 642 caelum
1104 585 1230 640 fecit
1252 627 1266 651 ,
1296 599 1403 640 non
1442 582 1828 639 elementorum

239 681 517 736 itnmotata
557 691 768 747 natura,
815 678 909 734 sed
934 677 1343 733 conversatione
1367 675 1568 731 caelesti
1593 671 1829 729 homini-

239 770 344 827 bus
367 786 528 841 super
555 780 756 826 terram
785 768 1100 840 degentibus
1127 768 1307 822 allata.
1338 767 1441 822 Per
1469 765 1614 820 hunc
1647 761 1826 818 omnis

239 861 541 917 drmouum
572 861 750 916 cultus
774 861 981 916 solutus
1005 869 1125 924 est;
1158 875 1254 930 per
1273 859 1414 914 hunc
1442 857 1636 912 factum
1665 864 1748 912 est
1771 863 1831 910 ut

240 968 348 1009 non
379 953 668 1008 adorentur
691 951 896 1021 lapides
921 960 975 1006 et
1017 951 1161 1022 ligna
1188 951 1256 1006 ab
1284 949 1623 1004 hominibus:
1654 956 1708 1002 et
1737 945 1830 1017 qui

237 1043 450 1098 ratione
479 1042 825 1112 przrditisunt
849 1053 974 1098 ante
1002 1039 1330 1096 insensibilia
1374 1055 1480 1094 non
1507 1036 1825 1108 procidunt,

233 1131 335 1188 sed
350 1132 524 1188 omnis
537 1133 664 1188 abiit
676 1147 847 1196 error,
881 1141 934 1188 et
953 1131 1191 1187 veritatis
1210 1131 1301 1186 lux
1319 1129 1504 1185 orbem
1523 1127 1825 1183 illustravit.

311 1222 364 1277 ι.
401 1221 593 1278 Vidisti
617 1223 857 1278 veritatis
881 1221 1285 1277 excellentiam?
1332 1219 1511 1275 vidisti
1538 1217 1665 1288 quid
1709 1231 1831 1271 um-

237 1310 334 1366 bra
358 1352 373 1379 ,
406 1311 532 1382 quid
559 1313 796 1367 veritas?
835 1313 921 1367 14.
973 1311 1038 1367 Et
1061 1312 1284 1378 movit,
1314 1310 1525 1381 inquit,
1571 1307 1829 1362 Abraham

238 1417 421 1455 nomen
448 1403 548 1456 loci
589 1403 727 1457 illius
749 1443 766 1470 ,
798 1401 1050 1457 Dominus
1076 1402 1199 1456 vidit
1224 1417 1242 1456 :
1267 1411 1320 1455 ut
1360 1403 1532 1454 dicant
1552 1400 1703 1454 hodie
1724 1440 1739 1465 ,
1773 1399 1826 1452 in

236 1501 408 1545 monte
447 1491 695 1546 Dominus
719 1494 852 1547 visus
894 1503 985 1546 cst.
1016 1493 1151 1548 Vide
1170 1493 1299 1562 justi
1339 1493 1643 1563 religiosam
1674 1506 1828 1545 men-

237 1592 345 1635 tem
367 1623 382 1648 ,
413 1582 684 1651 quomodo
711 1583 904 1653 ubique
930 1598 996 1638 ex
1027 1583 1090 1638 iis
1116 1598 1247 1653 quae,
1263 1582 1566 1638 acciderant
1592 1582 1830 1653 appella-

235 1673 413 1727 tiones
453 1674 583 1729 locis
611 1675 856 1744 imponit.
885 1675 1256 1731 Visitationem
1280 1676 1423 1732 enim
1446 1690 1476 1728 a
1503 1675 1612 1730 Deo
1630 1671 1827 1729 factam

235 1761 422 1818 volens
470 1765 621 1834 quasi
666 1765 717 1819 in
763 1765 1012 1821 columna
1043 1780 1182 1821 azrca
1231 1766 1532 1835 insculpere
1569 1766 1687 1820 loco
1733 1779 1830 1835 per

233 1854 686 1922 appellationem,
740 1855 945 1911 Vocavit
995 1873 1176 1911 nomen
1228 1856 1357 1924 loci,
1389 1856 1638 1910 Dominus
1682 1855 1826 1911 vidit.

232 1943 546 1999 Suﬂiciebat
570 1945 780 2015 quidem
808 1946 955 2015 justo
979 1961 1077 2016 pro
1103 1947 1324 2015 przemio
1345 1987 1358 2012 ,
1385 1945 1527 2015 quod
1564 1946 1716 2000 vivus
1742 1960 1824 2001 re.

232 2035 377 2090 diret
426 2036 691 2101 lsaac,et
716 2037 856 2108 quod
911 2038 1135 2093 meritus
1186 2047 1334 2093 esset
1384 2037 1532 2094 illam
1569 2037 1828 2094 eximiam

235 2126 450 2183 laudem
470 2169 486 2194 ,
533 2144 727 2199 nempe
753 2129 894 2200 quod
919 2129 1046 2185 dicit
1069 2146 1085 2184 :
1116 2127 1270 2183 Nunc
1301 2131 1508 2201 cognovi
1523 2129 1665 2200 quod
1684 2130 1827 2184 times

237 2215 403 2272 Deum
432 2231 484 2273 tu
516 2233 536 2273 :
560 2229 923 2275 verumtamen
950 2219 998 2275 is
1019 2220 1110 2290 qui
1139 2221 1296 2275 donis
1314 2231 1524 2276 certare
1551 2222 1695 2291 cupit
1719 2262 1734 2288 ,
1773 2229 1827 2276 et

235 2308 510 2364 beneflciis
534 2325 749 2381 semper
782 2313 946 2368 vincit
969 2323 1208 2368 mentem
1251 2322 1488 2368 nostram
1509 2355 1527 2382 ,
1549 2314 1674 2382 justi
1705 2315 1826 2368 aui-

234 2415 382 2454 mum
435 2402 597 2455 variis
639 2412 868 2457 exornat
914 2404 1186 2474 praemiis,
1239 2414 1293 2459 et
1318 2403 1488 2474 inquit
1521 2405 1710 2458 iterum
1758 2404 1826 2459 ad

234 2489 384 2544 illum
408 2507 422 2542 :
455 2492 539 2546 l5.
563 2489 630 2544 Et
655 2493 844 2546 vocavit
870 2494 1080 2563 angelus
1099 2491 1308 2548 Domini
1329 2494 1584 2548 Abraham
1608 2494 1826 2549 secundo

235 2580 302 2635 de
327 2583 471 2649 cazlo,
500 2581 672 2637 dicens
702 2599 721 2636 :
746 2584 834 2639 16.
862 2583 967 2638 Per
991 2587 1337 2656 memetipsum
1356 2587 1551 2654 iuravi,
1580 2586 1700 2640 dicit
1722 2586 1828 2641 Do-

237 2675 422 2739 minus,
452 2692 510 2729 eo
549 2676 684 2747 quod
712 2677 872 2746 fecisti
926 2677 1127 2730 verbum
1163 2679 1254 2731 hoc
1274 2719 1290 2744 ,
1343 2689 1390 2732 et
1419 2695 1520 2732 non
1559 2680 1826 2749 pepercisti

237 2767 345 2832 ﬁlio
392 2776 478 2820 tuo
504 2767 686 2821 dilecto
738 2779 943 2838 propter
968 2785 1084 2835 me,
1120 2770 1207 2823 I7.
1267 2772 1490 2840 profecto
1532 2771 1826 2828 benedicens

235 2856 526 2910 benedicom
553 2867 600 2911 te
619 2897 634 2923 ,
657 2868 703 2912 et
733 2860 1076 2930 multiplicans
1110 2862 1456 2931 multiplicabo
1485 2880 1650 2917 semen
1682 2876 1826 2919 tuum

229 2947 366 2998 sicut
405 2949 576 3002 stellas
601 2949 746 3012 cwli,
779 2959 823 3002 et
853 2951 980 3003 sicut
1033 2968 1238 3005 arenam
1283 2968 1398 3022 qua:
1444 2963 1514 3007 est
1555 2953 1607 3007 in
1661 2955 1827 3009 littore

236 3036 390 3086 muris
415 3052 432 3098 ;
457 3048 504 3088 et
529 3035 800 3090 hereditate
827 3039 1098 3107 possidebit
1123 3056 1288 3093 semen
1314 3050 1458 3094 tuum
1482 3041 1704 3097 civitates
1728 3043 1824 3097 Ito-

234 3125 407 3189 stium,
449 3125 536 3181 l8.
569 3128 688 3181 etin
727 3130 916 3182 semine
948 3139 1033 3183 tuo
1061 3129 1415 3186 benedicentur
1443 3148 1615 3188 omnes
1653 3141 1828 3203 gentes

233 3225 398 3282 terrm,
427 3233 486 3271 eo
513 3219 648 3287 quod
676 3221 864 3275 audisti
891 3237 1059 3276 vocem
1093 3239 1275 3277 meam.
1303 3224 1439 3292 Quia
1460 3266 1476 3292 ,
1497 3225 1686 3296 inquit,
1718 3227 1821 3281 im-

232 3307 445 3375 plevisti
487 3319 810 3382 praeceptum
856 3329 1034 3369 meum
1055 3357 1070 3381 ,
1098 3325 1153 3369 et
1179 3324 1322 3370 tuam
1350 3317 1706 3372 obedientiam
1731 3334 1825 3389 per

231 3399 413 3453 omnia
459 3399 774 3469 declarasti,
807 3415 1086 3473 propterea
1113 3405 1235 3460 audi
1266 3423 1279 3459 :
1323 3405 1428 3461 Per
1476 3409 1824 3478 memetipsum

191 3560 198 3565 ἱ
234 3487 434 3553 iuravi,
483 3490 604 3543 dicit
633 3490 897 3548 Dominus.
929 3493 1063 3550 Vide
1095 3497 1363 3566 quomodo
1405 3499 1458 3552 in
1488 3514 1736 3556 sermone
1762 3516 1824 3557 se

231 3578 475 3634 demittat
515 3583 771 3638 Dominus
802 3603 816 3638 :
862 3583 965 3640 Per
990 3589 1334 3658 memetipsum
1354 3630 1369 3654 ,
1400 3587 1598 3658 inquit,
1631 3591 1818 3660 iuravi,

233 3678 292 3724 ut
315 3671 550 3728 conﬁdas
600 3677 819 3730 omnino
871 3687 1126 3732 eventura
1175 3680 1267 3734 tibi
1315 3697 1434 3750 qua:
1484 3697 1513 3735 a
1563 3698 1651 3738 me
1680 3685 1821 3740 dicta

231 3771 380 3816 sunt.
413 3763 855 3834 Quandoquidem
898 3771 1042 3823 enim
1086 3785 1208 3824 cum
1252 3770 1494 3828 homines
1543 3775 1820 3844 promissis

228 3850 529 3921 juramenta
559 3853 787 3921 addunt,
820 3865 944 3911 tunc
961 3858 1285 3918 stabiliorem
1302 3861 1563 3930 accipiunt
1594 3864 1820 3931 promis-

229 3947 439 3997 sionem
486 3944 520 3997 ii
548 3944 738 4014 quibus
771 3947 1099 4016 promittitur
1127 3966 1140 4002 :
1172 3960 1458 4019 eapropter
1482 3962 1536 4006 et
1564 3954 1818 4011 Dominus

231 4031 464 4088 humana
509 4051 636 4091 usus
680 4040 1065 4094 consuetudine
1094 4042 1262 4110 inquit
1293 4060 1306 4096 :
1339 4042 1440 4095 Per
1471 4046 1818 4115 memetipsum

230 4120 434 4188 iuravi,
483 4141 540 4178 eo
593 4127 730 4195 quod
767 4128 922 4196 fecisti
952 4134 1154 4182 verbum
1183 4133 1316 4197 hoc,
1345 4141 1388 4185 et
1419 4150 1520 4187 non
1551 4137 1819 4204 pepercisti

230 4217 338 4285 ﬁlio
361 4229 445 4272 tuo
466 4219 646 4272 dilecto
677 4232 880 4292 propter
917 4240 1014 4276 me.
1055 4219 1344 4279 Considera
1367 4267 1381 4290 ,
1413 4227 1636 4283 obsecro
1655 4271 1669 4296 ,
1701 4230 1813 4285 cle-

228 4310 486 4363 mentiam
544 4311 773 4366 Domini.
825 4312 945 4367 Non
996 4317 1287 4384 perpercisti
1332 4319 1439 4385 ﬁlio
1487 4329 1572 4372 tuo
1629 4322 1810 4377 dilecto

229 4409 436 4466 propter
459 4416 555 4453 me.
580 4402 828 4456 Attamen
851 4401 1026 4458 vivum
1049 4405 1222 4474 ipsum
1251 4407 1475 4462 reducit.
1504 4409 1621 4465 Non
1650 4426 1814 4476 evcnv

228 4497 344 4544 tum
370 4492 652 4558 reSpicias,
696 4492 916 4558 dilecte,
975 4495 1068 4550 sed
1113 4498 1441 4554 voluntatem
1486 4511 1540 4555 et
1579 4512 1815 4558 mentem

227 4577 404 4641 disce,
458 4595 560 4648 qua
600 4582 717 4635 sine
764 4582 871 4637 ullo
915 4585 1191 4640 ratiocinio
1239 4589 1488 4644 mandata
1539 4592 1810 4662 implebat.

228 4671 497 4738 Quantum
527 4673 669 4726 enim
704 4672 769 4726 ad
800 4674 1126 4730 voluntatem
1173 4680 1394 4745 attinet,
1443 4692 1814 4738 cruentaverat

227 4761 474 4828 dextram
497 4762 814 4830 patriarcha,
849 4774 905 4818 et
932 4780 1026 4834 per
1047 4767 1313 4823 cervicem
1341 4771 1490 4838 pueri
1522 4773 1815 4830 immiserat

227 4849 484 4918 gladium,
512 4851 911 4922 perfectumque
937 4855 1201 4909 obtulerat
1219 4859 1540 4915 sacrilicium
1573 4879 1582 4912 :
1613 4863 1813 4918 idcirco

230 4941 508 5007 Dominus,
541 4945 690 5012 quasi
718 4946 976 5000 sacriﬁcio
997 4962 1054 5001 re
1080 4948 1195 5016 ipsa
1225 4963 1613 5018 consummato,
1634 4954 1814 5010 laudat

225 5031 427 5100 justum
449 5073 466 5100 ,
493 5043 548 5086 et
571 5034 734 5088 dicit:
773 5035 891 5089 Non
925 5041 1187 5109 pepercisti
1208 5043 1316 5109 lilio
1359 5054 1442 5098 tuo
1471 5046 1656 5102 dilecto
1692 5067 1813 5119 pro-

231 5132 339 5190 pter
396 5139 492 5175 me.
521 5122 602 5208 Tu
643 5125 856 5193 quidem
904 5141 1007 5180 non
1050 5132 1326 5196 pepercisti
1374 5143 1593 5204 propter
1634 5154 1814 5194 meum

229 5211 578 5276 utaudatum;
605 5227 704 5281 ego
730 5226 906 5268 autem
933 5219 1144 5286 peperci
1164 5233 1376 5290 propter
1399 5233 1541 5280 tuam
1560 5227 1815 5284 obedien-

231 5302 376 5355 tiam.
409 5302 631 5372 Propter
652 5305 788 5359 hanc
811 5315 957 5360 tuam
982 5307 1340 5367 obedientiam
1365 5322 1416 5368 te
1443 5332 1812 5387 remunerans,

229 5391 531 5448 Benedicam
572 5404 648 5460 te,
702 5406 750 5448 et
803 5397 1145 5465 multiplicans
1174 5401 1518 5470 multiplicabo
1566 5418 1632 5461 te.
1685 5409 1815 5465 \‘ide

230 5485 556 5538 cutnnlatam
583 5470 1006 5542 benedictionem
1041 5507 1056 5543 :
1082 5491 1182 5545 hoc
1206 5501 1288 5546 est
1315 5511 1328 5545 :
1359 5495 1601 5564 Amplius
1630 5501 1813 5554 multi-

234 5577 443 5645 plicabo
477 5593 657 5633 semen
687 5590 857 5635 tuum.
892 5581 987 5635 Ilic
1035 5584 1176 5637 enim
1207 5587 1295 5654 qui
1346 5602 1440 5656 per
1485 5592 1812 5648 voluntatem

230 5677 376 5721 tuam
405 5669 615 5722 occisus
635 5679 737 5735 est,
766 5671 817 5724 in
849 5678 1049 5727 tantam
1090 5675 1476 5736 multitudinem
1509 5686 1817 5754 prepagabit

234 5773 418 5815 muen
465 5770 647 5825 tuum,
678 5770 733 5815 ut
771 5762 938 5818 stellis
967 5773 1018 5818 et
1049 5779 1226 5820 arena:
1276 5767 1660 5840 adn-quandam
1707 5780 1774 5830 sit
1801 5822 1814 5845 ,

1215 379 1281 436 IN
1317 377 1472 434 CAP.
1518 370 1700 430 XXIII.
1742 362 1992 425 GENES.
2033 363 2260 422 ιιουιιι.
2303 358 2536 420 XLVIII.

3421 341 3532 402 ιω

1939 478 2012 535 Et
2039 496 2212 535 omnes
2237 487 2407 551 gentes
2455 477 2510 530 in
2532 470 2721 529 sentina
2746 478 2836 526 tuo
2862 461 3245 525 benedicendo
3294 460 3430 526 sint,
3471 475 3532 514 eo

1937 571 2073 643 quod
2100 570 2290 624 audisti
2311 584 2482 623 vocem
2526 581 2706 621 meam.
2759 562 2885 617 llaec
2928 557 3146 624 omnia,
3201 555 3406 626 inquit,
3439 551 3534 607 tibi

1938 665 1991 718 in
2017 661 2334 718 obedientize
2348 667 2511 714 tanta:
2536 653 2842 712 mercedem
2870 649 3120 707 aderunt.

2009 753 2227 808 Moralis
2253 740 2644 807 exhortatio.—
2669 746 2884 817 Ergone
2929 742 3157 813 plurima
3198 736 3357 794 nobis
3392 735 3534 791 bona

1937 844 1990 901 id
2021 843 2303 908 conciliat,
2355 840 2500 913 quod
2535 837 2818 895 obedimus
2855 837 2965 890 Deo
2993 840 3047 888 et
3093 826 3377 902 praeceptis
3415 825 3534 894 ejus

1936 936 2402 1006 obtemperamus,
2458 941 2511 987 et
2559 929 2699 985 sicut
2745 925 3046 998 patriarcha
3089 922 3215 986 ille,
3266 917 3535 974 curiosius

1937 1041 2043 1081 non
2089 1024 2438 1096 inquirimus,
2472 1036 2637 1092 quare
2687 1019 2810 1074 talia
2844 1017 2914 1072 ab
2945 1029 3011 1072 eo
3058 1014 3319 1083 imperata
3367 1010 3476 1062 sint
3514 1023 3529 1061 :

1934 1116 2028 1173 sed
2073 1115 2291 1187 ut.grati
2322 1113 2460 1169 servi
2504 1112 2787 1181 implemus
2829 1106 3118 1170 mandata,
3159 1097 3532 1170 rationemque

1935 1224 2120 1266 eorum
2164 1207 2516 1278 relinquimus
2561 1201 2823 1258 Domino?
2863 1199 2918 1256 Si
2961 1199 3123 1269 igitur
3161 1195 3239 1251 sic
3276 1190 3529 1247 docueri-

1933 1318 2055 1358 mus
2114 1301 2505 1370 nosmetipsos,
2557 1295 2850 1368 poterimus
2883 1301 2939 1348 et
2979 1288 3224 1346 eamdem
3272 1283 3527 1342 obedien-

1934 1393 2060 1448 tiam
2084 1391 2358 1456 exhibere,
2381 1403 2539 1459 quam
2561 1387 2737 1457 justus
2761 1383 2851 1439 ille
2869 1425 2884 1447 .
2918 1380 3242 1448 easdemque
3269 1377 3529 1445 consequi

1932 1499 2178 1540 coronas.
2201 1480 2479 1551 Quomodo
2499 1487 2677 1534 autem
2706 1473 3052 1532 obediemus?
3073 1473 3128 1528 Si
3150 1469 3396 1526 mandata
3410 1468 3527 1537 ejus

1932 1591 2097 1646 opere
2137 1572 2627 1643 adimplevcrimus.
2660 1567 2780 1624 Non
2807 1567 2942 1622 enim
2982 1564 3274 1627 auditores,
3317 1559 3523 1630 inquit,

1932 1668 2056 1738 legis
2083 1663 2522 1736 justiﬁcabuntur,
2562 1661 2652 1715 sed
2688 1664 2906 1731 factores
2936 1654 3114 1728 (Rom.
3157 1653 3213 1708 2.
3246 1651 3357 1722 15).
3391 1649 3526 1718 Quze

1932 1762 2074 1816 enim
2104 1759 2335 1824 utilitas,
2358 1757 2404 1812 si
2433 1753 2670 1826 quotidie
2689 1751 2992 1816 audiamus,
3019 1756 3074 1803 et
3092 1761 3257 1818 opera
3279 1743 3525 1815 negliga-

1931 1850 2083 1905 mus?
2113 1848 2237 1904 Ideo
2263 1863 2379 1912 oro,
2408 1855 2466 1902 ut
2493 1845 2558 1900 ad
2584 1843 2786 1916 agenda
2804 1855 2966 1912 opera
2991 1839 3131 1895 bona
3175 1835 3522 1896 festinemus;

1933 1957 2107 2012 neque
2133 1941 2274 1997 enim
2295 1939 2452 1994 aliter
2476 1938 2702 1994 salutem
2722 1933 2976 2003 consequi
3007 1941 3292 2001 possumus
3321 1943 3335 1980 :
3370 1935 3430 1980 ut
3470 1934 3526 1980 et

1930 2042 2150 2105 peccata
2179 2040 2360 2086 nostra
2403 2029 2720 2092 abluamus,
2759 2035 2814 2082 et
2857 2021 3143 2080 clementia
3193 2018 3406 2075 Domini
3435 2017 3523 2073 di-

1931 2124 2020 2194 gni
2051 2124 2361 2188 habeamur,
2388 2122 2557 2192 gratia
2583 2129 2635 2175 et
2662 2115 3094 2173 miserationibus
3110 2110 3325 2169 Domini
3354 2120 3523 2166 nostri

1929 2215 2054 2272 Jesu
2096 2213 2328 2279 Christi,
2381 2227 2503 2267 cum
2542 2225 2648 2281 quo
2700 2209 2842 2265 Patri
2891 2217 2946 2264 et
2972 2216 3158 2263 saneto
3206 2203 3524 2273 viviﬁcoquc

1932 2305 2154 2378 Spiritui
2183 2305 2257 2359 sit
2279 2303 2444 2374 gloria
2471 2344 2486 2370 ,
2514 2317 2657 2358 nunc
2678 2311 2733 2358 et
2757 2315 2991 2370 semper,
3022 2309 3077 2355 et
3103 2298 3158 2353 in
3184 2296 3382 2353 sarcula
3411 2309 3518 2351 ste-

1933 2397 2194 2452 culorum.
2226 2396 2417 2450 Amen.

2439 2463 2719 2520 HOMILIA
2768 2460 3002 2519 XLVIII.

1933 2557 2318 2630 Responderunt
2352 2565 2520 2611 autem
2548 2554 2643 2625 ﬁlii
2667 2553 2791 2610 Chet
2824 2553 2893 2606 ad
2929 2551 3184 2607 Abraham
3210 2591 3224 2615 ,
3269 2559 3317 2605 et
3361 2549 3513 2603 dixe-

2000 2664 2159 2708 runt:
2191 2651 2297 2707 Rex
2323 2669 2354 2705 a
2390 2649 2501 2705 Deo
2536 2666 2588 2704 es
2619 2660 2673 2703 tu
2716 2650 2770 2703 in
2795 2647 2958 2712 nobis,
2986 2647 3040 2700 in
3073 2645 3240 2700 electis
3270 2643 3519 2713 sepulcris

2000 2750 2184 2804 nostris
2211 2740 2366 2816 sepeli
2394 2755 2647 2799 mortuum
2675 2753 2815 2798 tuum
2841 2740 2992 2812 (Gen.
3022 2739 3113 2794 23.
3147 2738 3200 2794 5.
3233 2736 3313 2808 6).

2002 2863 2054 2917 1.
2091 2860 2308 2916 Vidistis
2338 2859 2489 2924 heri,
2511 2856 2689 2913 dilecti
2714 2899 2730 2923 ,
2761 2852 3078 2925 patriarchm
3109 2851 3472 2906 fortitudinem
3503 2866 3519 2903 :

1929 2952 2134 3007 vidistis
2175 2952 2407 3005 animam
2463 2947 2741 3004 adamante
2793 2945 3134 3008 solidiorem,
3199 2940 3513 3014 quomodo,

1927 3051 2182 3111 quantum
2211 3039 2262 3093 in
2296 3040 2412 3108 ipso
2425 3047 2560 3102 erat,
2590 3037 2660 3092 ob
2690 3050 2936 3105 magnam
2965 3034 3017 3087 in
3042 3034 3207 3087 Deum
3234 3032 3518 3086 caritatem

1927 3130 2178 3186 sacerdos
2209 3128 2301 3182 ﬁlii
2331 3127 2500 3182 factus
2526 3134 2644 3191 est,
2681 3134 2737 3180 et
2765 3124 3038 3194 proposito
3065 3121 3281 3192 quidem
3321 3135 3519 3173 cruen-

1928 3223 2060 3276 tavit
2081 3221 2343 3283 dextram,
2366 3217 2796 3286 sacriﬁciumque
2825 3215 3049 3271 obtulit:
3073 3229 3168 3283 per
3194 3210 3520 3267 ineﬁ‘abilem

1927 3320 2102 3366 autem
2135 3308 2556 3365 misericordiam
2598 3308 2691 3362 Dei
2715 3306 2865 3361 salvo
2908 3315 2961 3360 et
2996 3320 3127 3360 sano
3159 3303 3267 3358 ﬁlio
3303 3317 3402 3359 suo
3429 3318 3520 3358 re-

1927 3411 2084 3471 cepto
2121 3401 2313 3466 rediit,
2347 3408 2402 3454 et
2445 3407 2662 3469 propter
2703 3397 3029 3450 voluntatem
3066 3393 3388 3464 praedicatus
3434 3403 3519 3449 est

1925 3508 2229 3562 coronaque
2273 3490 2470 3561 fulgida
2520 3489 2829 3553 redimitus,
2874 3494 2930 3542 et
2975 3482 3243 3543 summum
3287 3499 3516 3553 agonem

1925 3583 2180 3648 certavit,
2205 3599 2266 3637 ac
2303 3597 2398 3652 per
2426 3581 2606 3636 omnia
2642 3581 2890 3650 pietatem
2919 3577 3110 3632 mentis
3135 3591 3248 3632 sua:
3271 3575 3517 3630 declara-

1925 3679 2019 3732 vit.
2049 3677 2335 3732 Videamus
2367 3684 2418 3729 οι
2443 3674 2603 3729 hodie
2631 3683 2879 3743 quantam
2900 3671 3075 3742 justus
3096 3671 3185 3725 ille
3215 3669 3304 3723 ﬁlii
3330 3683 3516 3723 curam

1925 3771 2186 3824 habuerit.
2227 3767 2358 3823 Nam
2383 3780 2664 3837 posmuam
2686 3782 2714 3819 a
2741 3765 3007 3824 sacriﬁcio
3047 3763 3139 3818 illo
3169 3778 3308 3818 novo
3336 3771 3389 3817 et
3417 3761 3515 3815 ad-

1925 3861 2152 3915 mirabili
2181 3859 2372 3923 rediit,
2404 3859 2612 3928 excepit
2637 3874 2758 3912 cum
2809 3857 2983 3912 Sarra:
3021 3855 3194 3910 luctus
3224 3872 3235 3906 :
3270 3869 3390 3907 cum
3421 3867 3517 3905 au-

1923 3959 2029 4005 tem
2051 3950 2290 4019 petiisset
2311 3965 2339 4003 a
2361 3949 2479 4003 ﬁliis
2495 3949 2631 4003 Chet
2649 3961 2806 4019 posse
2837 3946 3041 3999 sionem
3063 3944 3315 4014 sepulcri,
3332 3952 3515 4010 empto

1922 4044 2040 4100 loco
2062 4084 2076 4108 ,
2107 4043 2354 4112 deposuit
2401 4053 2688 4107 mortuam,
2719 4049 2774 4094 et
2814 4040 2915 4093 hoc
2953 4039 3269 4108 principium
3303 4051 3517 4105 posscs-

1919 4133 2086 4188 sionis
2157 4132 2316 4186 habet
2375 4129 2670 4200 patriarcha
2733 4130 2920 4184 mortis
2972 4129 3148 4184 Sarra:
3203 4129 3509 4183 occasione.

1919 4224 2221 4278 Mouslrans
2245 4223 2385 4277 enim
2414 4222 2566 4275 nobis
2585 4221 2854 4288 Scriptura
2883 4219 3059 4274 divina
3082 4218 3211 4287 justi
3237 4219 3512 4282 virtutem,

1919 4329 2147 4382 eumque
2177 4314 2312 4367 sicut
2355 4313 2697 4381 peregrinum
2738 4320 2794 4364 et
2823 4309 3083 4364 advenam
3117 4318 3227 4362 toto
3273 4318 3513 4376 tempore

1917 4405 2114 4472 fuisse,
2140 4407 2241 4461 hoc
2269 4421 2481 4476 quoque
2509 4404 2862 4475 signiﬁcavit,
2897 4413 2956 4457 ut
2976 4403 3244 4458 discamus
3271 4419 3393 4458 eum
3419 4406 3512 4472 qui

1921 4507 2067 4551 tanto
2093 4512 2328 4565 superno
2376 4495 2625 4565 praesidio
2653 4495 2950 4560 fruebatur,
2973 4504 3029 4550 et
3056 4495 3134 4548 sic
3181 4493 3403 4550 illustris
3430 4493 3513 4547 fa-

1917 4597 2034 4642 ctus
2068 4599 2226 4657 atque
2271 4588 2323 4641 in
2377 4593 2576 4641 tantam
2629 4583 3023 4641 multitudinem
3080 4583 3306 4638 dill'usus
3354 4591 3510 4649 erat,

1919 4681 2191 4749 proprium
2215 4679 2516 4748 sepulcrum
2546 4691 2650 4731 non
2671 4674 2973 4746 possedisse
2992 4715 3008 4741 ,
3032 4676 3169 4731 sicut
3195 4689 3335 4729 nunc
3357 4674 3512 4731 multi

1919 4771 2152 4836 faciunt,
2181 4786 2336 4840 agros
2362 4780 2416 4824 et
2443 4770 2630 4834 villas,
2674 4767 3040 4837 inﬁnitamque
3068 4766 3227 4819 aliam
3257 4765 3512 4821 substan-

1920 4864 2047 4918 tiam
2091 4863 2369 4932 possidere
2395 4862 2690 4916 studentes.
2718 4860 2894 4915 Multis
2931 4861 3074 4916 enim
3116 4860 3278 4916 animi
3310 4859 3513 4915 divitiis

1918 4953 2210 5018 fruebatur,
2243 4963 2298 5008 et
2333 4953 2402 5008 de
2450 4952 2570 5008 aliis
2596 4968 2702 5008 non
2748 4960 2866 5008 erat
2893 4954 3103 5009 anxius.
3157 4952 3393 5009 Audiant
3420 4953 3511 5021 qui

1918 5056 2140 5115 repente
2188 5057 2242 5099 et
2271 5046 2322 5099 in
2353 5061 2458 5099 uno
2491 5045 2750 5114 temporis
2779 5053 3052 5100 momento
3080 5043 3320 5105 omnium
3369 5044 3510 5099 bona

1918 5138 2242 5200 corradunt,
2286 5144 2341 5190 et
2390 5135 2617 5205 ubique,
2659 5144 2718 5189 ut
2768 5136 2842 5192 ita
2888 5133 3096 5201 dicam,
3129 5136 3369 5190 avaritia:
3399 5149 3511 5192 sua:

1918 5229 2406 5298 concupiscentiam
2467 5226 2800 5293 extendunt,
2856 5226 3237 5295 imitenturque
3283 5227 3511 5296 patriar-

1918 5320 2074 5377 cham
2101 5361 2119 5387 ,
2150 5322 2241 5390 qui
2267 5336 2334 5375 ne
2358 5319 2571 5388 quidem
2623 5319 2806 5375 habuit
2851 5321 3026 5376 locum
3082 5320 3133 5375 in
3179 5335 3285 5391 quo
3332 5319 3508 5376 Sarra:

1920 5412 2206 5467 collocaret
2233 5411 2516 5481 reliquias,
2550 5411 2645 5466 sed
2694 5421 2818 5473 tunc
2864 5412 3132 5482 primum,
3183 5410 3399 5482 quando
3444 5412 3510 5468 alt

1922 5503 2033 5574 ipsa
2057 5506 2376 5558 necessitate
2401 5505 2709 5572 compulsus
2736 5514 2848 5568 est,
2892 5505 3021 5559 emit
3060 5519 3245 5573 agrum
3275 5513 3332 5560 et
3381 5517 3498 5574 spe-

1922 5597 2131 5651 luncam
2157 5611 2187 5648 a
2213 5595 2334 5657 ﬁliis
2360 5595 2516 5650 Chet.
2542 5595 2674 5650 Nam
2703 5595 2845 5665 quod
2874 5596 3180 5667 spectabilis
3200 5605 3346 5653 esset
3365 5597 3508 5666 apud

1920 5684 2278 5752 Chanameos,
2335 5685 2458 5739 audi
2505 5685 2642 5740 ﬁlios
2685 5685 2822 5742 Chet
2871 5687 2938 5742 ad
2991 5703 3114 5745 eum
3143 5688 3418 5753 dicentes,
3449 5688 3506 5743 6.

1925 5777 2034 5831 Rea:
2061 5795 2093 5838 α
2123 5776 2228 5832 Deo
2254 5793 2306 5830 es
2334 5787 2385 5831 tu
2413 5778 2463 5835 in
2517 5777 2658 5832 nobis
2674 5819 2690 5847 ,
2723 5779 2773 5834 in
2801 5780 2969 5835 electis
3024 5783 3274 5850 sepulcris
3307 5787 3506 5840 nostris
