  <div class='ocr_page' id='page_1' title='image "/cluster/home/n/w/nwhite01/storage/ocr_20150623/54/ien.35556001660810/067.png"; bbox 0 0 4060 6430; ppageno 0'>
   <div class='ocr_carea' id='block_1_1' title="bbox 549 381 652 436">
    <p class='ocr_par' dir='ltr' id='par_1_1' title="bbox 549 381 652 436">
     <span class='ocr_line' id='line_1_1' title="bbox 549 381 652 436; baseline 0 0"><span class='ocrx_word' id='word_1_1' title='bbox 549 381 652 436; x_wconf 69' lang='grc' dir='ltr'>ιπ</span> 
     </span>
    </p>
   </div>
   <div class='ocr_carea' id='block_1_2' title="bbox 548 489 2113 567">
    <p class='ocr_par' dir='ltr' id='par_1_2' title="bbox 548 489 2113 567">
     <span class='ocr_line' id='line_1_2' title="bbox 548 489 2113 567; baseline -0.006 -15"><span class='ocrx_word' id='word_1_2' title='bbox 548 495 704 567; x_wconf 79' lang='lat' dir='ltr'><strong>sepeli</strong></span> <span class='ocrx_word' id='word_1_3' title='bbox 731 503 981 559; x_wconf 80' lang='lat' dir='ltr'><strong>mortuum</strong></span> <span class='ocrx_word' id='word_1_4' title='bbox 1007 501 1183 548; x_wconf 83' lang='lat' dir='ltr'><strong>tuum:</strong></span> <span class='ocrx_word' id='word_1_5' title='bbox 1209 491 1379 547; x_wconf 86' lang='lat' dir='ltr'><strong>nullus</strong></span> <span class='ocrx_word' id='word_1_6' title='bbox 1415 492 1545 546; x_wconf 87' lang='lat' dir='ltr'><strong>enim</strong></span> <span class='ocrx_word' id='word_1_7' title='bbox 1573 499 1796 547; x_wconf 85' lang='lat' dir='ltr'><strong>nostrum</strong></span> <span class='ocrx_word' id='word_1_8' title='bbox 1839 489 2113 560; x_wconf 81' lang='lat' dir='ltr'><strong>prohibebit</strong></span> 
     </span>
    </p>
   </div>
   <div class='ocr_carea' id='block_1_3' title="bbox 549 579 2169 657">
    <p class='ocr_par' dir='ltr' id='par_1_3' title="bbox 549 579 2169 657">
     <span class='ocr_line' id='line_1_3' title="bbox 549 579 2169 657; baseline -0.004 -17"><span class='ocrx_word' id='word_1_9' title='bbox 549 587 833 657; x_wconf 72' lang='lat' dir='ltr'><strong>sepulcrum</strong></span> <span class='ocrx_word' id='word_1_10' title='bbox 880 600 1026 638; x_wconf 86' lang='lat' dir='ltr'><strong>suum</strong></span> <span class='ocrx_word' id='word_1_11' title='bbox 1065 599 1099 636; x_wconf 89' lang='lat' dir='ltr'><strong>a</strong></span> <span class='ocrx_word' id='word_1_12' title='bbox 1129 591 1176 636; x_wconf 89' lang='lat' dir='ltr'><strong>te</strong></span> <span class='ocrx_word' id='word_1_13' title='bbox 1201 581 1353 650; x_wconf 83' lang='lat' dir='ltr'><strong>(Cap.</strong></span> <span class='ocrx_word' id='word_1_14' title='bbox 1383 581 1498 650; x_wconf 77' lang='grc'><strong>23).</strong></span> <span class='ocrx_word' id='word_1_15' title='bbox 1527 580 1788 637; x_wconf 68' lang='grc' dir='ltr'><strong>εωιθτυαι</strong></span> <span class='ocrx_word' id='word_1_16' title='bbox 1815 579 1934 635; x_wconf 84' lang='lat' dir='ltr'><strong>vide</strong></span> <span class='ocrx_word' id='word_1_17' title='bbox 1983 593 2115 648; x_wconf 81' lang='lat' dir='ltr'><strong>quo-</strong></span> <span class='ocrx_word' id='word_1_18' title='bbox 2165 616 2169 620; x_wconf 68' lang='grc' dir='ltr'><strong>ι</strong></span> 
     </span>
    </p>
   </div>
   <div class='ocr_carea' id='block_1_4' title="bbox 549 670 2114 746">
    <p class='ocr_par' dir='ltr' id='par_1_4' title="bbox 549 670 2114 746">
     <span class='ocr_line' id='line_1_4' title="bbox 549 670 2114 746; baseline -0.007 -12"><span class='ocrx_word' id='word_1_19' title='bbox 549 679 710 734; x_wconf 83' lang='lat' dir='ltr'><strong>modo</strong></span> <span class='ocrx_word' id='word_1_20' title='bbox 724 678 895 746; x_wconf 87' lang='lat' dir='ltr'><strong>justus</strong></span> <span class='ocrx_word' id='word_1_21' title='bbox 919 675 1168 744; x_wconf 83' lang='lat' dir='ltr'><strong>operibus</strong></span> <span class='ocrx_word' id='word_1_22' title='bbox 1187 674 1297 730; x_wconf 87' lang='lat' dir='ltr'><strong>suis</strong></span> <span class='ocrx_word' id='word_1_23' title='bbox 1315 673 1502 728; x_wconf 85' lang='lat' dir='ltr'><strong>doceat</strong></span> <span class='ocrx_word' id='word_1_24' title='bbox 1525 673 1644 727; x_wconf 89' lang='lat' dir='ltr'><strong>illos</strong></span> <span class='ocrx_word' id='word_1_25' title='bbox 1670 686 1846 728; x_wconf 83' lang='lat' dir='ltr'><strong>veram</strong></span> <span class='ocrx_word' id='word_1_26' title='bbox 1879 670 2114 741; x_wconf 84' lang='lat' dir='ltr'><strong>philoso-</strong></span> 
     </span>
    </p>
   </div>
   <div class='ocr_carea' id='block_1_5' title="bbox 549 765 2113 840">
    <p class='ocr_par' dir='ltr' id='par_1_5' title="bbox 549 765 2113 840">
     <span class='ocr_line' id='line_1_5' title="bbox 549 765 2113 840; baseline -0.006 -18"><span class='ocrx_word' id='word_1_27' title='bbox 549 770 757 840; x_wconf 86' lang='lat' dir='ltr'><strong>phiam,</strong></span> <span class='ocrx_word' id='word_1_28' title='bbox 799 776 853 820; x_wconf 90' lang='lat' dir='ltr'><strong>et</strong></span> <span class='ocrx_word' id='word_1_29' title='bbox 908 780 1012 820; x_wconf 93' lang='lat' dir='ltr'><strong>non</strong></span> <span class='ocrx_word' id='word_1_30' title='bbox 1058 765 1203 835; x_wconf 92' lang='lat' dir='ltr'><strong>prius</strong></span> <span class='ocrx_word' id='word_1_31' title='bbox 1248 765 1376 820; x_wconf 88' lang='lat' dir='ltr'><strong>velit</strong></span> <span class='ocrx_word' id='word_1_32' title='bbox 1396 765 1636 833; x_wconf 87' lang='lat' dir='ltr'><strong>accipere</strong></span> <span class='ocrx_word' id='word_1_33' title='bbox 1677 772 2113 826; x_wconf 70' lang='lat' dir='ltr'><strong>monumentum,</strong></span> 
     </span>
    </p>
   </div>
   <div class='ocr_carea' id='block_1_6' title="bbox 549 854 2113 928">
    <p class='ocr_par' dir='ltr' id='par_1_6' title="bbox 549 854 2113 928">
     <span class='ocr_line' id='line_1_6' title="bbox 549 854 2113 928; baseline -0.004 -15"><span class='ocrx_word' id='word_1_34' title='bbox 549 873 703 928; x_wconf 91' lang='lat' dir='ltr'><strong>quam</strong></span> <span class='ocrx_word' id='word_1_35' title='bbox 747 857 948 927; x_wconf 82' lang='lat' dir='ltr'><strong>justum</strong></span> <span class='ocrx_word' id='word_1_36' title='bbox 977 857 1276 912; x_wconf 89' lang='lat' dir='ltr'><strong>dinumeret</strong></span> <span class='ocrx_word' id='word_1_37' title='bbox 1327 856 1569 926; x_wconf 91' lang='lat' dir='ltr'><strong>pretium.</strong></span> <span class='ocrx_word' id='word_1_38' title='bbox 1624 854 1754 909; x_wconf 85' lang='lat' dir='ltr'><strong>Nam</strong></span> <span class='ocrx_word' id='word_1_39' title='bbox 1811 855 1934 908; x_wconf 87' lang='lat' dir='ltr'><strong>licet</strong></span> <span class='ocrx_word' id='word_1_40' title='bbox 1985 869 2113 920; x_wconf 87' lang='lat' dir='ltr'><strong>vos,</strong></span> 
     </span>
    </p>
   </div>
   <div class='ocr_carea' id='block_1_7' title="bbox 546 945 2117 1017">
    <p class='ocr_par' dir='ltr' id='par_1_7' title="bbox 546 945 2117 1017">
     <span class='ocr_line' id='line_1_7' title="bbox 546 945 2117 1017; baseline -0.002 -16"><span class='ocrx_word' id='word_1_41' title='bbox 546 948 747 1017; x_wconf 92' lang='lat' dir='ltr'><strong>inquit,</strong></span> <span class='ocrx_word' id='word_1_42' title='bbox 799 948 867 1001; x_wconf 88' lang='lat' dir='ltr'><strong>ita</strong></span> <span class='ocrx_word' id='word_1_43' title='bbox 897 947 1137 1002; x_wconf 77' lang='lat' dir='ltr'><strong>benevoli</strong></span> <span class='ocrx_word' id='word_1_44' title='bbox 1178 962 1300 1015; x_wconf 87' lang='lat' dir='ltr'><strong>erga</strong></span> <span class='ocrx_word' id='word_1_45' title='bbox 1337 961 1424 1000; x_wconf 89' lang='lat' dir='ltr'><strong>me</strong></span> <span class='ocrx_word' id='word_1_46' title='bbox 1461 945 1578 1000; x_wconf 90' lang='lat' dir='ltr'><strong>sitis</strong></span> <span class='ocrx_word' id='word_1_47' title='bbox 1608 962 1620 998; x_wconf 94' lang='lat'>:</span> <span class='ocrx_word' id='word_1_48' title='bbox 1653 955 1701 998; x_wconf 90' lang='lat' dir='ltr'><strong>at</strong></span> <span class='ocrx_word' id='word_1_49' title='bbox 1727 959 1827 1014; x_wconf 89' lang='lat' dir='ltr'><strong>ego</strong></span> <span class='ocrx_word' id='word_1_50' title='bbox 1876 959 1981 1000; x_wconf 88' lang='lat' dir='ltr'><strong>non</strong></span> <span class='ocrx_word' id='word_1_51' title='bbox 2026 959 2117 1015; x_wconf 86' lang='lat' dir='ltr'><strong>pa-</strong></span> 
     </span>
    </p>
   </div>
   <div class='ocr_carea' id='block_1_8' title="bbox 547 1036 2112 1109">
    <p class='ocr_par' dir='ltr' id='par_1_8' title="bbox 547 1036 2112 1109">
     <span class='ocr_line' id='line_1_8' title="bbox 547 1036 2112 1109; baseline -0.003 -17"><span class='ocrx_word' id='word_1_52' title='bbox 547 1040 671 1105; x_wconf 89' lang='lat' dir='ltr'><strong>tiar,</strong></span> <span class='ocrx_word' id='word_1_53' title='bbox 701 1039 802 1094; x_wconf 82' lang='lat' dir='ltr'><strong>nisi</strong></span> <span class='ocrx_word' id='word_1_54' title='bbox 848 1039 993 1109; x_wconf 90' lang='lat' dir='ltr'><strong>prius</strong></span> <span class='ocrx_word' id='word_1_55' title='bbox 1013 1038 1247 1093; x_wconf 84' lang='lat' dir='ltr'><strong>debitum</strong></span> <span class='ocrx_word' id='word_1_56' title='bbox 1275 1038 1504 1108; x_wconf 88' lang='lat' dir='ltr'><strong>pretium</strong></span> <span class='ocrx_word' id='word_1_57' title='bbox 1529 1036 1870 1106; x_wconf 86' lang='lat' dir='ltr'><strong>dcpenderim</strong></span> <span class='ocrx_word' id='word_1_58' title='bbox 1889 1036 1956 1105; x_wconf 57' lang='lat'><strong>(0.</strong></span> <span class='ocrx_word' id='word_1_59' title='bbox 1988 1037 2076 1106; x_wconf 74' lang='lat' dir='ltr'><strong>i3)</strong></span> <span class='ocrx_word' id='word_1_60' title='bbox 2099 1053 2112 1088; x_wconf 88' lang='lat'><strong>:</strong></span> 
     </span>
    </p>
   </div>
   <div class='ocr_carea' id='block_1_9' title="bbox 545 1125 2116 1196">
    <p class='ocr_par' dir='ltr' id='par_1_9' title="bbox 545 1125 2116 1196">
     <span class='ocr_line' id='line_1_9' title="bbox 545 1125 2116 1196; baseline -0.001 -14"><span class='ocrx_word' id='word_1_61' title='bbox 545 1138 601 1182; x_wconf 91' lang='lat' dir='ltr'><strong>et</strong></span> <span class='ocrx_word' id='word_1_62' title='bbox 629 1129 706 1182; x_wconf 89' lang='lat' dir='ltr'><strong>sic</strong></span> <span class='ocrx_word' id='word_1_63' title='bbox 726 1128 985 1196; x_wconf 88' lang='lat' dir='ltr'><strong>accipiam</strong></span> <span class='ocrx_word' id='word_1_64' title='bbox 1004 1126 1321 1196; x_wconf 85' lang='lat' dir='ltr'><strong>sepulcrum.</strong></span> <span class='ocrx_word' id='word_1_65' title='bbox 1356 1127 1422 1181; x_wconf 87' lang='lat' dir='ltr'><strong>Et</strong></span> <span class='ocrx_word' id='word_1_66' title='bbox 1443 1135 1717 1182; x_wconf 82' lang='lat' dir='ltr'><strong>numerata</strong></span> <span class='ocrx_word' id='word_1_67' title='bbox 1735 1167 1756 1190; x_wconf 87' lang='lat'><strong>,</strong></span> <span class='ocrx_word' id='word_1_68' title='bbox 1787 1125 1990 1194; x_wconf 91' lang='lat' dir='ltr'><strong>inquit,</strong></span> <span class='ocrx_word' id='word_1_69' title='bbox 2019 1141 2116 1196; x_wconf 87' lang='lat' dir='ltr'><strong>pe-</strong></span> 
     </span>
    </p>
   </div>
   <div class='ocr_carea' id='block_1_10' title="bbox 544 1215 2117 1286">
    <p class='ocr_par' dir='ltr' id='par_1_10' title="bbox 544 1215 2117 1286">
     <span class='ocr_line' id='line_1_10' title="bbox 544 1215 2117 1286; baseline -0.001 -15"><span class='ocrx_word' id='word_1_70' title='bbox 544 1217 696 1272; x_wconf 88' lang='lat' dir='ltr'><strong>cunia</strong></span> <span class='ocrx_word' id='word_1_71' title='bbox 718 1216 912 1286; x_wconf 87' lang='lat' dir='ltr'><strong>accepit</strong></span> <span class='ocrx_word' id='word_1_72' title='bbox 942 1226 1374 1271; x_wconf 83' lang='lat' dir='ltr'><strong>monumentum:</strong></span> <span class='ocrx_word' id='word_1_73' title='bbox 1428 1218 1511 1276; x_wconf 80' lang='lat' dir='ltr'><strong>i9.</strong></span> <span class='ocrx_word' id='word_1_74' title='bbox 1581 1216 1647 1270; x_wconf 83' lang='lat' dir='ltr'><strong>Et</strong></span> <span class='ocrx_word' id='word_1_75' title='bbox 1666 1215 1887 1286; x_wconf 78' lang='lat' dir='ltr'><strong>sepelivit</strong></span> <span class='ocrx_word' id='word_1_76' title='bbox 1905 1215 2117 1271; x_wconf 88' lang='lat' dir='ltr'><strong>Sarram</strong></span> 
     </span>
    </p>
   </div>
   <div class='ocr_carea' id='block_1_11' title="bbox 545 1307 2119 1378">
    <p class='ocr_par' dir='ltr' id='par_1_11' title="bbox 545 1307 2119 1378">
     <span class='ocr_line' id='line_1_11' title="bbox 545 1307 2119 1378; baseline 0.001 -18"><span class='ocrx_word' id='word_1_77' title='bbox 545 1323 750 1360; x_wconf 70' lang='lat' dir='ltr'><strong>uxorem</strong></span> <span class='ocrx_word' id='word_1_78' title='bbox 773 1323 915 1362; x_wconf 85' lang='lat' dir='ltr'><strong>suam</strong></span> <span class='ocrx_word' id='word_1_79' title='bbox 942 1309 994 1361; x_wconf 85' lang='lat' dir='ltr'><strong>in</strong></span> <span class='ocrx_word' id='word_1_80' title='bbox 1015 1308 1252 1376; x_wconf 85' lang='lat' dir='ltr'><strong>spelunca</strong></span> <span class='ocrx_word' id='word_1_81' title='bbox 1279 1307 1390 1378; x_wconf 86' lang='lat' dir='ltr'><strong>agri</strong></span> <span class='ocrx_word' id='word_1_82' title='bbox 1409 1307 1622 1378; x_wconf 76' lang='lat' dir='ltr'><strong>duplici,</strong></span> <span class='ocrx_word' id='word_1_83' title='bbox 1649 1324 1760 1378; x_wconf 67' lang='lat' dir='ltr'><strong>qua?</strong></span> <span class='ocrx_word' id='word_1_84' title='bbox 1782 1317 1855 1362; x_wconf 89' lang='lat' dir='ltr'><strong>est</strong></span> <span class='ocrx_word' id='word_1_85' title='bbox 1879 1326 1903 1361; x_wconf 71' lang='grc' dir='ltr'><em>ε</em></span> <span class='ocrx_word' id='word_1_86' title='bbox 1919 1308 2119 1378; x_wconf 81' lang='lat' dir='ltr'><strong>regione</strong></span> 
     </span>
    </p>
   </div>
   <div class='ocr_carea' id='block_1_12' title="bbox 547 1396 2113 1468">
    <p class='ocr_par' dir='ltr' id='par_1_12' title="bbox 547 1396 2113 1468">
     <span class='ocr_line' id='line_1_12' title="bbox 547 1396 2113 1468; baseline 0.001 -18"><span class='ocrx_word' id='word_1_87' title='bbox 547 1396 795 1452; x_wconf 73' lang='lat' dir='ltr'><strong>Humbre.</strong></span> <span class='ocrx_word' id='word_1_88' title='bbox 828 1398 892 1452; x_wconf 88' lang='lat' dir='ltr'><strong>Et</strong></span> <span class='ocrx_word' id='word_1_89' title='bbox 937 1399 1026 1467; x_wconf 88' lang='lat' dir='ltr'><strong>qui</strong></span> <span class='ocrx_word' id='word_1_90' title='bbox 1053 1407 1158 1453; x_wconf 87' lang='lat' dir='ltr'><strong>tam</strong></span> <span class='ocrx_word' id='word_1_91' title='bbox 1188 1398 1365 1452; x_wconf 89' lang='lat' dir='ltr'><strong>clarus</strong></span> <span class='ocrx_word' id='word_1_92' title='bbox 1391 1407 1445 1452; x_wconf 84' lang='lat' dir='ltr'><strong>et</strong></span> <span class='ocrx_word' id='word_1_93' title='bbox 1488 1398 1794 1468; x_wconf 89' lang='lat' dir='ltr'><strong>spectabilis</strong></span> <span class='ocrx_word' id='word_1_94' title='bbox 1837 1408 1977 1461; x_wconf 89' lang='lat' dir='ltr'><strong>erat,</strong></span> <span class='ocrx_word' id='word_1_95' title='bbox 2025 1399 2113 1467; x_wconf 91' lang='lat' dir='ltr'><strong>qui</strong></span> 
     </span>
    </p>
   </div>
   <div class='ocr_carea' id='block_1_13' title="bbox 547 1485 2116 1556">
    <p class='ocr_par' dir='ltr' id='par_1_13' title="bbox 547 1485 2116 1556">
     <span class='ocr_line' id='line_1_13' title="bbox 547 1485 2116 1556; baseline 0.003 -18"><span class='ocrx_word' id='word_1_96' title='bbox 547 1495 740 1540; x_wconf 78' lang='lat' dir='ltr'><strong>tantam</strong></span> <span class='ocrx_word' id='word_1_97' title='bbox 770 1485 907 1556; x_wconf 90' lang='lat' dir='ltr'><strong>apud</strong></span> <span class='ocrx_word' id='word_1_98' title='bbox 937 1488 1098 1542; x_wconf 87' lang='lat' dir='ltr'><strong>Deum</strong></span> <span class='ocrx_word' id='word_1_99' title='bbox 1128 1487 1326 1542; x_wconf 88' lang='lat' dir='ltr'><strong>habens</strong></span> <span class='ocrx_word' id='word_1_100' title='bbox 1354 1486 1596 1542; x_wconf 81' lang='lat' dir='ltr'><strong>ﬁduciam</strong></span> <span class='ocrx_word' id='word_1_101' title='bbox 1620 1529 1635 1554; x_wconf 91' lang='lat'><strong>,</strong></span> <span class='ocrx_word' id='word_1_102' title='bbox 1663 1497 1716 1542; x_wconf 91' lang='lat' dir='ltr'><strong>et</strong></span> <span class='ocrx_word' id='word_1_103' title='bbox 1753 1488 1888 1556; x_wconf 91' lang='lat' dir='ltr'><strong>apud</strong></span> <span class='ocrx_word' id='word_1_104' title='bbox 1933 1502 2116 1542; x_wconf 84' lang='lat' dir='ltr'><strong>omnes</strong></span> 
     </span>
    </p>
   </div>
   <div class='ocr_carea' id='block_1_14' title="bbox 546 1576 2112 1649">
    <p class='ocr_par' dir='ltr' id='par_1_14' title="bbox 546 1576 2112 1649">
     <span class='ocr_line' id='line_1_14' title="bbox 546 1576 2112 1649; baseline 0.001 -19"><span class='ocrx_word' id='word_1_105' title='bbox 546 1576 657 1633; x_wconf 85' lang='lat' dir='ltr'><strong>fere</strong></span> <span class='ocrx_word' id='word_1_106' title='bbox 682 1577 771 1648; x_wconf 87' lang='lat' dir='ltr'><strong>qui</strong></span> <span class='ocrx_word' id='word_1_107' title='bbox 821 1579 888 1632; x_wconf 90' lang='lat' dir='ltr'><strong>ibi</strong></span> <span class='ocrx_word' id='word_1_108' title='bbox 933 1579 1158 1649; x_wconf 84' lang='lat' dir='ltr'><strong>agebant</strong></span> <span class='ocrx_word' id='word_1_109' title='bbox 1209 1579 1261 1632; x_wconf 88' lang='lat' dir='ltr'><strong>in</strong></span> <span class='ocrx_word' id='word_1_110' title='bbox 1291 1587 1438 1633; x_wconf 82' lang='lat' dir='ltr'><strong>tanto</strong></span> <span class='ocrx_word' id='word_1_111' title='bbox 1467 1578 1667 1633; x_wconf 78' lang='lat' dir='ltr'><strong>honore</strong></span> <span class='ocrx_word' id='word_1_112' title='bbox 1705 1589 1849 1646; x_wconf 89' lang='lat' dir='ltr'><strong>erat,</strong></span> <span class='ocrx_word' id='word_1_113' title='bbox 1883 1590 1937 1634; x_wconf 93' lang='lat' dir='ltr'><strong>ut</strong></span> <span class='ocrx_word' id='word_1_114' title='bbox 1983 1589 2037 1634; x_wconf 87' lang='lat' dir='ltr'><strong>et</strong></span> <span class='ocrx_word' id='word_1_115' title='bbox 2085 1595 2112 1632; x_wconf 88' lang='lat' dir='ltr'><strong>a</strong></span> 
     </span>
    </p>
   </div>
   <div class='ocr_carea' id='block_1_15' title="bbox 549 1668 2117 1740">
    <p class='ocr_par' dir='ltr' id='par_1_15' title="bbox 549 1668 2117 1740">
     <span class='ocr_line' id='line_1_15' title="bbox 549 1668 2117 1740; baseline 0.002 -19"><span class='ocrx_word' id='word_1_116' title='bbox 549 1668 672 1724; x_wconf 77' lang='lat' dir='ltr'><strong>ﬁliis</strong></span> <span class='ocrx_word' id='word_1_117' title='bbox 699 1669 832 1724; x_wconf 79' lang='lat' dir='ltr'><strong>Chet</strong></span> <span class='ocrx_word' id='word_1_118' title='bbox 884 1685 976 1724; x_wconf 76' lang='lat' dir='ltr'><strong>res</strong></span> <span class='ocrx_word' id='word_1_119' title='bbox 1009 1671 1390 1738; x_wconf 77' lang='lat' dir='ltr'><strong>nominaretur,</strong></span> <span class='ocrx_word' id='word_1_120' title='bbox 1444 1686 1615 1740; x_wconf 85' lang='lat' dir='ltr'><strong>neque</strong></span> <span class='ocrx_word' id='word_1_121' title='bbox 1653 1671 1928 1740; x_wconf 80' lang='lat' dir='ltr'><strong>vestigium</strong></span> <span class='ocrx_word' id='word_1_122' title='bbox 1969 1671 2117 1740; x_wconf 81' lang='lat' dir='ltr'><strong>podis</strong></span> 
     </span>
    </p>
   </div>
   <div class='ocr_carea' id='block_1_16' title="bbox 547 1762 2116 1832">
    <p class='ocr_par' dir='ltr' id='par_1_16' title="bbox 547 1762 2116 1832">
     <span class='ocr_line' id='line_1_16' title="bbox 547 1762 2116 1832; baseline 0.002 -18"><span class='ocrx_word' id='word_1_123' title='bbox 547 1762 865 1829; x_wconf 82' lang='lat' dir='ltr'><strong>possidebat.</strong></span> <span class='ocrx_word' id='word_1_124' title='bbox 895 1763 1178 1830; x_wconf 83' lang='lat' dir='ltr'><strong>Pmpterea</strong></span> <span class='ocrx_word' id='word_1_125' title='bbox 1204 1771 1256 1816; x_wconf 93' lang='lat' dir='ltr'><strong>ct</strong></span> <span class='ocrx_word' id='word_1_126' title='bbox 1295 1763 1477 1816; x_wconf 85' lang='lat' dir='ltr'><strong>beatus</strong></span> <span class='ocrx_word' id='word_1_127' title='bbox 1509 1762 1706 1816; x_wconf 85' lang='lat' dir='ltr'><strong>Paulus</strong></span> <span class='ocrx_word' id='word_1_128' title='bbox 1727 1764 1972 1816; x_wconf 85' lang='lat' dir='ltr'><strong>virtutem</strong></span> <span class='ocrx_word' id='word_1_129' title='bbox 1990 1763 2116 1832; x_wconf 82' lang='lat' dir='ltr'><strong>justi</strong></span> 
     </span>
    </p>
   </div>
   <div class='ocr_carea' id='block_1_17' title="bbox 547 1851 2116 1923">
    <p class='ocr_par' dir='ltr' id='par_1_17' title="bbox 547 1851 2116 1923">
     <span class='ocr_line' id='line_1_17' title="bbox 547 1851 2116 1923; baseline -0.001 -18"><span class='ocrx_word' id='word_1_130' title='bbox 547 1851 838 1919; x_wconf 66' lang='lat' dir='ltr'><strong>[medicans</strong></span> <span class='ocrx_word' id='word_1_131' title='bbox 866 1858 920 1906; x_wconf 90' lang='lat' dir='ltr'><strong>et</strong></span> <span class='ocrx_word' id='word_1_132' title='bbox 947 1852 1184 1907; x_wconf 86' lang='lat' dir='ltr'><strong>scribens</strong></span> <span class='ocrx_word' id='word_1_133' title='bbox 1210 1851 1418 1908; x_wconf 84' lang='lat' dir='ltr'><strong>dicebat</strong></span> <span class='ocrx_word' id='word_1_134' title='bbox 1449 1871 1465 1906; x_wconf 89' lang='lat'><strong>:</strong></span> <span class='ocrx_word' id='word_1_135' title='bbox 1497 1851 1597 1906; x_wconf 82' lang='lat' dir='ltr'><strong>Per</strong></span> <span class='ocrx_word' id='word_1_136' title='bbox 1632 1852 1782 1920; x_wconf 78' lang='lat' dir='ltr'><strong>ﬁdem</strong></span> <span class='ocrx_word' id='word_1_137' title='bbox 1825 1853 2116 1923; x_wconf 82' lang='lat' dir='ltr'><strong>peregrinus</strong></span> 
     </span>
    </p>
   </div>
   <div class='ocr_carea' id='block_1_18' title="bbox 547 1943 2117 2014">
    <p class='ocr_par' dir='ltr' id='par_1_18' title="bbox 547 1943 2117 2014">
     <span class='ocr_line' id='line_1_18' title="bbox 547 1943 2117 2014; baseline -0.001 -18"><span class='ocrx_word' id='word_1_138' title='bbox 547 1943 644 2010; x_wconf 77' lang='lat' dir='ltr'><strong>fuit</strong></span> <span class='ocrx_word' id='word_1_139' title='bbox 669 1944 920 1998; x_wconf 80' lang='lat' dir='ltr'><strong>Abraham</strong></span> <span class='ocrx_word' id='word_1_140' title='bbox 958 1944 1012 1998; x_wconf 89' lang='lat' dir='ltr'><strong>in</strong></span> <span class='ocrx_word' id='word_1_141' title='bbox 1053 1954 1185 1998; x_wconf 85' lang='lat' dir='ltr'><strong>terra</strong></span> <span class='ocrx_word' id='word_1_142' title='bbox 1217 1945 1559 2014; x_wconf 70' lang='lat' dir='ltr'><strong>promissionis</strong></span> <span class='ocrx_word' id='word_1_143' title='bbox 1586 1943 1733 1998; x_wconf 69' lang='lat' dir='ltr'><strong>ueluti</strong></span> <span class='ocrx_word' id='word_1_144' title='bbox 1769 1945 1934 1999; x_wconf 85' lang='lat' dir='ltr'><strong>aliena</strong></span> <span class='ocrx_word' id='word_1_145' title='bbox 1955 1986 1969 2008; x_wconf 93' lang='lat'><strong>,</strong></span> <span class='ocrx_word' id='word_1_146' title='bbox 2005 1960 2117 1997; x_wconf 89' lang='lat' dir='ltr'><strong>cum</strong></span> 
     </span>
    </p>
   </div>
   <div class='ocr_carea' id='block_1_19' title="bbox 547 2031 2118 2090">
    <p class='ocr_par' dir='ltr' id='par_1_19' title="bbox 547 2031 2118 2090">
     <span class='ocr_line' id='line_1_19' title="bbox 547 2031 2118 2090; baseline 0.001 -3"><span class='ocrx_word' id='word_1_147' title='bbox 547 2033 599 2088; x_wconf 88' lang='lat' dir='ltr'><strong>iu</strong></span> <span class='ocrx_word' id='word_1_148' title='bbox 639 2034 967 2089; x_wconf 81' lang='lat' dir='ltr'><strong>tabernaculis</strong></span> <span class='ocrx_word' id='word_1_149' title='bbox 997 2036 1263 2090; x_wconf 87' lang='lat' dir='ltr'><strong>habitasset</strong></span> <span class='ocrx_word' id='word_1_150' title='bbox 1284 2051 1396 2088; x_wconf 87' lang='lat' dir='ltr'><strong>cum</strong></span> <span class='ocrx_word' id='word_1_151' title='bbox 1426 2034 1575 2090; x_wconf 83' lang='lat' dir='ltr'><strong>Isaac</strong></span> <span class='ocrx_word' id='word_1_152' title='bbox 1605 2045 1650 2089; x_wconf 85' lang='lat' dir='ltr'><strong>et</strong></span> <span class='ocrx_word' id='word_1_153' title='bbox 1675 2034 1831 2089; x_wconf 74' lang='lat' dir='ltr'><strong>Iacob</strong></span> <span class='ocrx_word' id='word_1_154' title='bbox 1859 2031 2118 2089; x_wconf 80' lang='lat' dir='ltr'><strong>coheredi-</strong></span> 
     </span>
    </p>
   </div>
   <div class='ocr_carea' id='block_1_20' title="bbox 547 2125 2118 2198">
    <p class='ocr_par' dir='ltr' id='par_1_20' title="bbox 547 2125 2118 2198">
     <span class='ocr_line' id='line_1_20' title="bbox 547 2125 2118 2198; baseline 0.001 -18"><span class='ocrx_word' id='word_1_155' title='bbox 547 2125 638 2181; x_wconf 89' lang='lat' dir='ltr'><strong>bus</strong></span> <span class='ocrx_word' id='word_1_156' title='bbox 661 2127 879 2198; x_wconf 76' lang='lat' dir='ltr'><strong>ejusdem</strong></span> <span class='ocrx_word' id='word_1_157' title='bbox 898 2129 1242 2198; x_wconf 84' lang='lat' dir='ltr'><strong>promissionis</strong></span> <span class='ocrx_word' id='word_1_158' title='bbox 1269 2127 1448 2198; x_wconf 73' lang='lat' dir='ltr'><strong>(Hebr.</strong></span> <span class='ocrx_word' id='word_1_159' title='bbox 1479 2129 1562 2182; x_wconf 83' lang='lat' dir='ltr'><strong>ll.</strong></span> <span class='ocrx_word' id='word_1_160' title='bbox 1587 2129 1664 2198; x_wconf 88' lang='grc'><strong>9).</strong></span> <span class='ocrx_word' id='word_1_161' title='bbox 1694 2127 1889 2182; x_wconf 90' lang='lat' dir='ltr'><strong>Deinde</strong></span> <span class='ocrx_word' id='word_1_162' title='bbox 1918 2128 2118 2183; x_wconf 89' lang='lat' dir='ltr'><strong>docens</strong></span> 
     </span>
    </p>
   </div>
   <div class='ocr_carea' id='block_1_21' title="bbox 547 2217 2118 2290">
    <p class='ocr_par' dir='ltr' id='par_1_21' title="bbox 547 2217 2118 2290">
     <span class='ocr_line' id='line_1_21' title="bbox 547 2217 2118 2290; baseline 0 -19"><span class='ocrx_word' id='word_1_163' title='bbox 547 2232 644 2272; x_wconf 89' lang='lat' dir='ltr'><strong>nos</strong></span> <span class='ocrx_word' id='word_1_164' title='bbox 668 2258 685 2285; x_wconf 90' lang='lat'><strong>,</strong></span> <span class='ocrx_word' id='word_1_165' title='bbox 710 2218 972 2288; x_wconf 90' lang='lat' dir='ltr'><strong>quomodo</strong></span> <span class='ocrx_word' id='word_1_166' title='bbox 995 2219 1096 2274; x_wconf 74' lang='lat' dir='ltr'><strong>[ide</strong></span> <span class='ocrx_word' id='word_1_167' title='bbox 1126 2220 1435 2290; x_wconf 87' lang='lat' dir='ltr'><strong>peregrinus</strong></span> <span class='ocrx_word' id='word_1_168' title='bbox 1480 2217 1672 2286; x_wconf 90' lang='lat' dir='ltr'><strong>fuerit,</strong></span> <span class='ocrx_word' id='word_1_169' title='bbox 1709 2217 1976 2273; x_wconf 83' lang='lat' dir='ltr'><strong>subdidit:</strong></span> <span class='ocrx_word' id='word_1_170' title='bbox 2011 2218 2118 2272; x_wconf 80' lang='lat' dir='ltr'><strong>Ea:-</strong></span> 
     </span>
    </p>
   </div>
   <div class='ocr_carea' id='block_1_22' title="bbox 545 2310 2121 2382">
    <p class='ocr_par' dir='ltr' id='par_1_22' title="bbox 545 2310 2121 2382">
     <span class='ocr_line' id='line_1_22' title="bbox 545 2310 2121 2382; baseline 0.001 -20"><span class='ocrx_word' id='word_1_171' title='bbox 545 2310 797 2378; x_wconf 83' lang='lat' dir='ltr'><strong>spertabat</strong></span> <span class='ocrx_word' id='word_1_172' title='bbox 818 2311 946 2365; x_wconf 83' lang='lat' dir='ltr'><strong>enim</strong></span> <span class='ocrx_word' id='word_1_173' title='bbox 991 2312 1251 2367; x_wconf 78' lang='lat' dir='ltr'><strong>habentem</strong></span> <span class='ocrx_word' id='word_1_174' title='bbox 1287 2311 1616 2382; x_wconf 83' lang='lat' dir='ltr'><strong>fundamenta</strong></span> <span class='ocrx_word' id='word_1_175' title='bbox 1653 2311 1897 2364; x_wconf 73' lang='lat' dir='ltr'><strong>civitatem</strong></span> <span class='ocrx_word' id='word_1_176' title='bbox 1919 2350 1935 2373; x_wconf 93' lang='lat'><strong>,</strong></span> <span class='ocrx_word' id='word_1_177' title='bbox 1972 2311 2121 2380; x_wconf 89' lang='lat' dir='ltr'><strong>cujus</strong></span> 
     </span>
    </p>
   </div>
   <div class='ocr_carea' id='block_1_23' title="bbox 550 2399 2116 2471">
    <p class='ocr_par' dir='ltr' id='par_1_23' title="bbox 550 2399 2116 2471">
     <span class='ocr_line' id='line_1_23' title="bbox 550 2399 2116 2471; baseline 0.003 -19"><span class='ocrx_word' id='word_1_178' title='bbox 550 2399 723 2469; x_wconf 76' lang='lat' dir='ltr'><strong>opifex</strong></span> <span class='ocrx_word' id='word_1_179' title='bbox 745 2408 789 2453; x_wconf 81' lang='lat' dir='ltr'><strong>et</strong></span> <span class='ocrx_word' id='word_1_180' title='bbox 814 2401 1040 2454; x_wconf 87' lang='lat' dir='ltr'><strong>conditor</strong></span> <span class='ocrx_word' id='word_1_181' title='bbox 1078 2412 1148 2454; x_wconf 86' lang='lat' dir='ltr'><strong>est</strong></span> <span class='ocrx_word' id='word_1_182' title='bbox 1181 2402 1315 2454; x_wconf 78' lang='lat' dir='ltr'><strong>Deus</strong></span> <span class='ocrx_word' id='word_1_183' title='bbox 1344 2399 1506 2471; x_wconf 83' lang='lat' dir='ltr'><strong>(Ibid.</strong></span> <span class='ocrx_word' id='word_1_184' title='bbox 1533 2417 1579 2455; x_wconf 85' lang='grc' dir='ltr'><strong>υ.</strong></span> <span class='ocrx_word' id='word_1_185' title='bbox 1614 2401 1725 2471; x_wconf 73' lang='lat' dir='ltr'><strong>i0).</strong></span> <span class='ocrx_word' id='word_1_186' title='bbox 1749 2401 1853 2469; x_wconf 84' lang='lat' dir='ltr'><strong>Spe</strong></span> <span class='ocrx_word' id='word_1_187' title='bbox 1872 2442 1886 2466; x_wconf 94' lang='lat'><strong>,</strong></span> <span class='ocrx_word' id='word_1_188' title='bbox 1914 2401 2116 2471; x_wconf 88' lang='lat' dir='ltr'><strong>inquit,</strong></span> 
     </span>
    </p>
   </div>
   <div class='ocr_carea' id='block_1_24' title="bbox 548 2489 2122 2560">
    <p class='ocr_par' dir='ltr' id='par_1_24' title="bbox 548 2489 2122 2560">
     <span class='ocr_line' id='line_1_24' title="bbox 548 2489 2122 2560; baseline 0.003 -18"><span class='ocrx_word' id='word_1_189' title='bbox 548 2489 844 2544; x_wconf 87' lang='lat' dir='ltr'><strong>futurorum</strong></span> <span class='ocrx_word' id='word_1_190' title='bbox 886 2491 1210 2558; x_wconf 77' lang='lat' dir='ltr'><strong>despiciebat</strong></span> <span class='ocrx_word' id='word_1_191' title='bbox 1261 2493 1578 2560; x_wconf 63' lang='lat' dir='ltr'><strong>praesentia;</strong></span> <span class='ocrx_word' id='word_1_192' title='bbox 1627 2501 1679 2546; x_wconf 89' lang='lat' dir='ltr'><strong>et</strong></span> <span class='ocrx_word' id='word_1_193' title='bbox 1724 2493 2122 2559; x_wconf 78' lang='lat' dir='ltr'><strong>exspectatione</strong></span> 
     </span>
    </p>
   </div>
   <div class='ocr_carea' id='block_1_25' title="bbox 547 2577 2122 2653">
    <p class='ocr_par' dir='ltr' id='par_1_25' title="bbox 547 2577 2122 2653">
     <span class='ocr_line' id='line_1_25' title="bbox 547 2577 2122 2653; baseline 0.003 -20"><span class='ocrx_word' id='word_1_194' title='bbox 547 2577 807 2647; x_wconf 78' lang='lat' dir='ltr'><strong>majorum</strong></span> <span class='ocrx_word' id='word_1_195' title='bbox 832 2579 1112 2646; x_wconf 91' lang='lat' dir='ltr'><strong>bonorum,</strong></span> <span class='ocrx_word' id='word_1_196' title='bbox 1133 2581 1306 2636; x_wconf 90' lang='lat' dir='ltr'><strong>minus</strong></span> <span class='ocrx_word' id='word_1_197' title='bbox 1328 2582 1546 2637; x_wconf 83' lang='lat' dir='ltr'><strong>curabat</strong></span> <span class='ocrx_word' id='word_1_198' title='bbox 1562 2596 1623 2637; x_wconf 88' lang='lat' dir='ltr'><strong>ea</strong></span> <span class='ocrx_word' id='word_1_199' title='bbox 1649 2597 1766 2652; x_wconf 71' lang='lat' dir='ltr'><strong>quae</strong></span> <span class='ocrx_word' id='word_1_200' title='bbox 1789 2582 1840 2636; x_wconf 89' lang='lat' dir='ltr'><strong>in</strong></span> <span class='ocrx_word' id='word_1_201' title='bbox 1873 2584 2122 2653; x_wconf 75' lang='lat' dir='ltr'><strong>prtesenti</strong></span> 
     </span>
    </p>
   </div>
   <div class='ocr_carea' id='block_1_26' title="bbox 546 2673 2120 2746">
    <p class='ocr_par' dir='ltr' id='par_1_26' title="bbox 546 2673 2120 2746">
     <span class='ocr_line' id='line_1_26' title="bbox 546 2673 2120 2746; baseline 0.005 -23"><span class='ocrx_word' id='word_1_202' title='bbox 546 2673 654 2728; x_wconf 83' lang='lat' dir='ltr'><strong>vita</strong></span> <span class='ocrx_word' id='word_1_203' title='bbox 696 2683 861 2728; x_wconf 89' lang='lat' dir='ltr'><strong>sunt:</strong></span> <span class='ocrx_word' id='word_1_204' title='bbox 895 2684 1052 2744; x_wconf 89' lang='lat' dir='ltr'><strong>atque</strong></span> <span class='ocrx_word' id='word_1_205' title='bbox 1091 2675 1204 2730; x_wconf 73' lang='lat' dir='ltr'><strong>lucc</strong></span> <span class='ocrx_word' id='word_1_206' title='bbox 1233 2683 1356 2730; x_wconf 87' lang='lat' dir='ltr'><strong>ante</strong></span> <span class='ocrx_word' id='word_1_207' title='bbox 1400 2677 1599 2746; x_wconf 88' lang='lat' dir='ltr'><strong>legem,</strong></span> <span class='ocrx_word' id='word_1_208' title='bbox 1627 2685 1679 2731; x_wconf 91' lang='lat' dir='ltr'><strong>et</strong></span> <span class='ocrx_word' id='word_1_209' title='bbox 1707 2684 1832 2730; x_wconf 84' lang='lat' dir='ltr'><strong>ante</strong></span> <span class='ocrx_word' id='word_1_210' title='bbox 1874 2675 2120 2745; x_wconf 84' lang='lat' dir='ltr'><strong>gratiam.</strong></span> 
     </span>
    </p>
   </div>
   <div class='ocr_carea' id='block_1_27' title="bbox 549 2765 2120 2836">
    <p class='ocr_par' dir='ltr' id='par_1_27' title="bbox 549 2765 2120 2836">
     <span class='ocr_line' id='line_1_27' title="bbox 549 2765 2120 2836; baseline 0.002 -16"><span class='ocrx_word' id='word_1_211' title='bbox 549 2767 769 2834; x_wconf 89' lang='lat' dir='ltr'><strong>Qualem</strong></span> <span class='ocrx_word' id='word_1_212' title='bbox 790 2767 944 2836; x_wconf 87' lang='lat' dir='ltr'><strong>igitur</strong></span> <span class='ocrx_word' id='word_1_213' title='bbox 975 2765 1283 2822; x_wconf 79' lang='lat' dir='ltr'><strong>habebimus</strong></span> <span class='ocrx_word' id='word_1_214' title='bbox 1313 2784 1410 2822; x_wconf 92' lang='lat' dir='ltr'><strong>nos</strong></span> <span class='ocrx_word' id='word_1_215' title='bbox 1434 2768 1846 2834; x_wconf 82' lang='lat' dir='ltr'><strong>excusationem,</strong></span> <span class='ocrx_word' id='word_1_216' title='bbox 1878 2767 1985 2834; x_wconf 89' lang='lat' dir='ltr'><strong>die,</strong></span> <span class='ocrx_word' id='word_1_217' title='bbox 2003 2782 2120 2833; x_wconf 88' lang='lat' dir='ltr'><strong>oro,</strong></span> 
     </span>
    </p>
   </div>
   <div class='ocr_carea' id='block_1_28' title="bbox 551 2858 2121 2930">
    <p class='ocr_par' dir='ltr' id='par_1_28' title="bbox 551 2858 2121 2930">
     <span class='ocr_line' id='line_1_28' title="bbox 551 2858 2121 2930; baseline 0.003 -20"><span class='ocrx_word' id='word_1_218' title='bbox 551 2859 640 2926; x_wconf 85' lang='lat' dir='ltr'><strong>qui</strong></span> <span class='ocrx_word' id='word_1_219' title='bbox 673 2867 788 2928; x_wconf 91' lang='lat' dir='ltr'><strong>post</strong></span> <span class='ocrx_word' id='word_1_220' title='bbox 817 2867 892 2912; x_wconf 88' lang='lat' dir='ltr'><strong>tot</strong></span> <span class='ocrx_word' id='word_1_221' title='bbox 922 2858 1356 2926; x_wconf 57' lang='lat' dir='ltr'><strong>pollicitationes,</strong></span> <span class='ocrx_word' id='word_1_222' title='bbox 1386 2869 1438 2915; x_wconf 88' lang='lat' dir='ltr'><strong>et</strong></span> <span class='ocrx_word' id='word_1_223' title='bbox 1471 2860 1848 2930; x_wconf 86' lang='lat' dir='ltr'><strong>promissioncs</strong></span> <span class='ocrx_word' id='word_1_224' title='bbox 1880 2859 2121 2915; x_wconf 80' lang='lat' dir='ltr'><strong>ineffabi-</strong></span> 
     </span>
    </p>
   </div>
   <div class='ocr_carea' id='block_1_29' title="bbox 551 2948 2122 3020">
    <p class='ocr_par' dir='ltr' id='par_1_29' title="bbox 551 2948 2122 3020">
     <span class='ocr_line' id='line_1_29' title="bbox 551 2948 2122 3020; baseline 0.003 -18"><span class='ocrx_word' id='word_1_225' title='bbox 551 2948 679 3002; x_wconf 91' lang='lat' dir='ltr'><strong>lium</strong></span> <span class='ocrx_word' id='word_1_226' title='bbox 722 2948 977 3003; x_wconf 91' lang='lat' dir='ltr'><strong>bonorum</strong></span> <span class='ocrx_word' id='word_1_227' title='bbox 1003 2991 1016 3015; x_wconf 95' lang='lat'><strong>,</strong></span> <span class='ocrx_word' id='word_1_228' title='bbox 1063 2950 1328 3005; x_wconf 79' lang='lat' dir='ltr'><strong>inhiamus</strong></span> <span class='ocrx_word' id='word_1_229' title='bbox 1375 2951 1755 3020; x_wconf 68' lang='lat' dir='ltr'><strong>prtesentibus,</strong></span> <span class='ocrx_word' id='word_1_230' title='bbox 1803 2961 1855 3006; x_wconf 90' lang='lat' dir='ltr'><strong>et</strong></span> <span class='ocrx_word' id='word_1_231' title='bbox 1895 2953 2122 3007; x_wconf 88' lang='lat' dir='ltr'><strong>emimus</strong></span> 
     </span>
    </p>
   </div>
   <div class='ocr_carea' id='block_1_30' title="bbox 550 3039 2123 3115">
    <p class='ocr_par' dir='ltr' id='par_1_30' title="bbox 550 3039 2123 3115">
     <span class='ocr_line' id='line_1_30' title="bbox 550 3039 2123 3115; baseline 0.005 -24"><span class='ocrx_word' id='word_1_232' title='bbox 550 3054 707 3108; x_wconf 87' lang='lat' dir='ltr'><strong>agros</strong></span> <span class='ocrx_word' id='word_1_233' title='bbox 725 3079 740 3105; x_wconf 91' lang='lat'><strong>,</strong></span> <span class='ocrx_word' id='word_1_234' title='bbox 784 3049 838 3094; x_wconf 94' lang='lat' dir='ltr'><strong>et</strong></span> <span class='ocrx_word' id='word_1_235' title='bbox 870 3039 1061 3109; x_wconf 89' lang='lat' dir='ltr'><strong>ubique</strong></span> <span class='ocrx_word' id='word_1_236' title='bbox 1081 3041 1207 3095; x_wconf 84' lang='lat' dir='ltr'><strong>clari</strong></span> <span class='ocrx_word' id='word_1_237' title='bbox 1232 3056 1353 3097; x_wconf 85' lang='lat' dir='ltr'><strong>esse</strong></span> <span class='ocrx_word' id='word_1_238' title='bbox 1381 3043 1655 3098; x_wconf 86' lang='lat' dir='ltr'><strong>studemus</strong></span> <span class='ocrx_word' id='word_1_239' title='bbox 1675 3084 1691 3111; x_wconf 91' lang='lat'><strong>,</strong></span> <span class='ocrx_word' id='word_1_240' title='bbox 1719 3044 2123 3115; x_wconf 86' lang='lat' dir='ltr'><strong>colligimusque</strong></span> 
     </span>
    </p>
   </div>
   <div class='ocr_carea' id='block_1_31' title="bbox 551 3131 2124 3206">
    <p class='ocr_par' dir='ltr' id='par_1_31' title="bbox 551 3131 2124 3206">
     <span class='ocr_line' id='line_1_31' title="bbox 551 3131 2124 3206; baseline 0.008 -24"><span class='ocrx_word' id='word_1_241' title='bbox 551 3131 666 3186; x_wconf 67' lang='lat' dir='ltr'><strong>haec</strong></span> <span class='ocrx_word' id='word_1_242' title='bbox 704 3133 880 3187; x_wconf 89' lang='lat' dir='ltr'><strong>omnia</strong></span> <span class='ocrx_word' id='word_1_243' title='bbox 924 3148 1020 3201; x_wconf 89' lang='lat' dir='ltr'><strong>per</strong></span> <span class='ocrx_word' id='word_1_244' title='bbox 1061 3135 1332 3189; x_wconf 79' lang='lat' dir='ltr'><strong>avaritiam</strong></span> <span class='ocrx_word' id='word_1_245' title='bbox 1390 3145 1444 3190; x_wconf 91' lang='lat' dir='ltr'><strong>et</strong></span> <span class='ocrx_word' id='word_1_246' title='bbox 1484 3137 1764 3206; x_wconf 76' lang='lat' dir='ltr'><strong>rapinam?</strong></span> <span class='ocrx_word' id='word_1_247' title='bbox 1817 3149 1872 3193; x_wconf 91' lang='lat' dir='ltr'><strong>et</strong></span> <span class='ocrx_word' id='word_1_248' title='bbox 1904 3139 1954 3194; x_wconf 93' lang='lat' dir='ltr'><strong>id</strong></span> <span class='ocrx_word' id='word_1_249' title='bbox 1983 3140 2124 3206; x_wconf 86' lang='lat' dir='ltr'><strong>quod</strong></span> 
     </span>
    </p>
   </div>
   <div class='ocr_carea' id='block_1_32' title="bbox 553 3221 2127 3300">
    <p class='ocr_par' dir='ltr' id='par_1_32' title="bbox 553 3221 2127 3300">
     <span class='ocr_line' id='line_1_32' title="bbox 553 3221 2127 3300; baseline 0.006 -26"><span class='ocrx_word' id='word_1_250' title='bbox 553 3221 738 3276; x_wconf 83' lang='lat' dir='ltr'><strong>beatus</strong></span> <span class='ocrx_word' id='word_1_251' title='bbox 786 3223 1042 3292; x_wconf 88' lang='lat' dir='ltr'><strong>propheta</strong></span> <span class='ocrx_word' id='word_1_252' title='bbox 1088 3240 1209 3280; x_wconf 91' lang='lat' dir='ltr'><strong>cum</strong></span> <span class='ocrx_word' id='word_1_253' title='bbox 1252 3226 1482 3280; x_wconf 85' lang='lat' dir='ltr'><strong>lamenta</strong></span> <span class='ocrx_word' id='word_1_254' title='bbox 1534 3227 1782 3283; x_wconf 89' lang='lat' dir='ltr'><strong>dicebat:</strong></span> <span class='ocrx_word' id='word_1_255' title='bbox 1826 3228 1915 3283; x_wconf 74' lang='lat' dir='ltr'><strong>Va:</strong></span> <span class='ocrx_word' id='word_1_256' title='bbox 1950 3231 2012 3284; x_wconf 85' lang='lat' dir='ltr'><strong>iis</strong></span> <span class='ocrx_word' id='word_1_257' title='bbox 2040 3232 2127 3300; x_wconf 80' lang='lat' dir='ltr'><strong>qui</strong></span> 
     </span>
    </p>
   </div>
   <div class='ocr_carea' id='block_1_33' title="bbox 549 3313 2126 3389">
    <p class='ocr_par' dir='ltr' id='par_1_33' title="bbox 549 3313 2126 3389">
     <span class='ocr_line' id='line_1_33' title="bbox 549 3313 2126 3389; baseline 0.007 -26"><span class='ocrx_word' id='word_1_258' title='bbox 549 3314 858 3384; x_wconf 85' lang='lat' dir='ltr'><strong>eonjungunt</strong></span> <span class='ocrx_word' id='word_1_259' title='bbox 879 3313 1080 3368; x_wconf 82' lang='lat' dir='ltr'><strong>domum</strong></span> <span class='ocrx_word' id='word_1_260' title='bbox 1107 3317 1277 3369; x_wconf 81' lang='lat' dir='ltr'><strong>domui</strong></span> <span class='ocrx_word' id='word_1_261' title='bbox 1294 3359 1308 3381; x_wconf 93' lang='lat'><strong>,</strong></span> <span class='ocrx_word' id='word_1_262' title='bbox 1337 3328 1382 3370; x_wconf 78' lang='lat' dir='ltr'><strong>et</strong></span> <span class='ocrx_word' id='word_1_263' title='bbox 1421 3334 1597 3387; x_wconf 87' lang='lat' dir='ltr'><strong>agrum</strong></span> <span class='ocrx_word' id='word_1_264' title='bbox 1624 3334 1744 3388; x_wconf 89' lang='lat' dir='ltr'><strong>agro</strong></span> <span class='ocrx_word' id='word_1_265' title='bbox 1766 3322 2034 3389; x_wconf 78' lang='lat' dir='ltr'><strong>copulant,</strong></span> <span class='ocrx_word' id='word_1_266' title='bbox 2074 3330 2126 3374; x_wconf 86' lang='lat' dir='ltr'><strong>ut</strong></span> 
     </span>
    </p>
   </div>
   <div class='ocr_carea' id='block_1_34' title="bbox 554 3402 2127 3478">
    <p class='ocr_par' dir='ltr' id='par_1_34' title="bbox 554 3402 2127 3478">
     <span class='ocr_line' id='line_1_34' title="bbox 554 3402 2127 3478; baseline 0.007 -25"><span class='ocrx_word' id='word_1_267' title='bbox 554 3402 677 3472; x_wconf 82' lang='lat' dir='ltr'><strong>quid</strong></span> <span class='ocrx_word' id='word_1_268' title='bbox 705 3421 736 3455; x_wconf 91' lang='lat' dir='ltr'><strong>a</strong></span> <span class='ocrx_word' id='word_1_269' title='bbox 759 3403 991 3471; x_wconf 68' lang='lat' dir='ltr'><strong>proximo</strong></span> <span class='ocrx_word' id='word_1_270' title='bbox 1020 3407 1252 3476; x_wconf 78' lang='lat' dir='ltr'><strong>auferant</strong></span> <span class='ocrx_word' id='word_1_271' title='bbox 1278 3405 1428 3476; x_wconf 86' lang='lat' dir='ltr'><strong>(Isai.</strong></span> <span class='ocrx_word' id='word_1_272' title='bbox 1460 3407 1512 3462; x_wconf 84' lang='lat'><strong>5.</strong></span> <span class='ocrx_word' id='word_1_273' title='bbox 1551 3409 1604 3466; x_wconf 88' lang='lat'><strong>8)</strong></span> <span class='ocrx_word' id='word_1_274' title='bbox 1637 3425 1650 3461; x_wconf 90' lang='lat'><strong>:</strong></span> <span class='ocrx_word' id='word_1_275' title='bbox 1683 3409 1783 3463; x_wconf 90' lang='lat' dir='ltr'><strong>hoc</strong></span> <span class='ocrx_word' id='word_1_276' title='bbox 1820 3423 1915 3463; x_wconf 89' lang='lat' dir='ltr'><strong>nos</strong></span> <span class='ocrx_word' id='word_1_277' title='bbox 1953 3411 2127 3478; x_wconf 47' lang='lat' dir='ltr'><strong>operi-</strong></span> 
     </span>
    </p>
   </div>
   <div class='ocr_carea' id='block_1_35' title="bbox 552 3491 2123 3569">
    <p class='ocr_par' dir='ltr' id='par_1_35' title="bbox 552 3491 2123 3569">
     <span class='ocr_line' id='line_1_35' title="bbox 552 3491 2123 3569; baseline 0.006 -23"><span class='ocrx_word' id='word_1_278' title='bbox 552 3491 651 3546; x_wconf 85' lang='lat' dir='ltr'><strong>bus</strong></span> <span class='ocrx_word' id='word_1_279' title='bbox 676 3492 993 3560; x_wconf 88' lang='lat' dir='ltr'><strong>implemus?</strong></span> <span class='ocrx_word' id='word_1_280' title='bbox 1021 3496 1210 3549; x_wconf 82' lang='lat' dir='ltr'><strong>Annon</strong></span> <span class='ocrx_word' id='word_1_281' title='bbox 1241 3497 1476 3566; x_wconf 83' lang='lat' dir='ltr'><strong>quotidie</strong></span> <span class='ocrx_word' id='word_1_282' title='bbox 1493 3497 1733 3552; x_wconf 86' lang='lat' dir='ltr'><strong>videmus</strong></span> <span class='ocrx_word' id='word_1_283' title='bbox 1759 3499 1914 3569; x_wconf 88' lang='lat' dir='ltr'><strong>diripi</strong></span> <span class='ocrx_word' id='word_1_284' title='bbox 1941 3500 2123 3556; x_wconf 67' lang='lat' dir='ltr'><strong>viduao</strong></span> 
     </span>
    </p>
   </div>
   <div class='ocr_carea' id='block_1_36' title="bbox 554 3585 2124 3656">
    <p class='ocr_par' dir='ltr' id='par_1_36' title="bbox 554 3585 2124 3656">
     <span class='ocr_line' id='line_1_36' title="bbox 554 3585 2124 3656; baseline 0.007 -19"><span class='ocrx_word' id='word_1_285' title='bbox 554 3599 668 3638; x_wconf 90' lang='lat' dir='ltr'><strong>rum</strong></span> <span class='ocrx_word' id='word_1_286' title='bbox 702 3585 834 3639; x_wconf 88' lang='lat' dir='ltr'><strong>bona</strong></span> <span class='ocrx_word' id='word_1_287' title='bbox 857 3627 871 3650; x_wconf 90' lang='lat'><strong>,</strong></span> <span class='ocrx_word' id='word_1_288' title='bbox 914 3587 1127 3655; x_wconf 87' lang='lat' dir='ltr'><strong>spoliari</strong></span> <span class='ocrx_word' id='word_1_289' title='bbox 1155 3588 1456 3656; x_wconf 89' lang='lat' dir='ltr'><strong>orphanos,</strong></span> <span class='ocrx_word' id='word_1_290' title='bbox 1491 3590 1726 3644; x_wconf 79' lang='lat' dir='ltr'><strong>infirmos</strong></span> <span class='ocrx_word' id='word_1_291' title='bbox 1753 3604 1780 3642; x_wconf 90' lang='lat' dir='ltr'><strong>a</strong></span> <span class='ocrx_word' id='word_1_292' title='bbox 1817 3589 2124 3648; x_wconf 74' lang='lat' dir='ltr'><strong>fortioribus</strong></span> 
     </span>
    </p>
   </div>
   <div class='ocr_carea' id='block_1_37' title="bbox 553 3675 2126 3750">
    <p class='ocr_par' dir='ltr' id='par_1_37' title="bbox 553 3675 2126 3750">
     <span class='ocr_line' id='line_1_37' title="bbox 553 3675 2126 3750; baseline 0.008 -24"><span class='ocrx_word' id='word_1_293' title='bbox 553 3675 820 3744; x_wconf 83' lang='lat' dir='ltr'><strong>opprimi?</strong></span> <span class='ocrx_word' id='word_1_294' title='bbox 850 3675 1044 3730; x_wconf 83' lang='lat' dir='ltr'><strong>Verum</strong></span> <span class='ocrx_word' id='word_1_295' title='bbox 1089 3677 1261 3746; x_wconf 79' lang='lat' dir='ltr'><strong>justus</strong></span> <span class='ocrx_word' id='word_1_296' title='bbox 1283 3677 1371 3734; x_wconf 88' lang='lat' dir='ltr'><strong>ille</strong></span> <span class='ocrx_word' id='word_1_297' title='bbox 1416 3695 1749 3750; x_wconf 76' lang='lat' dir='ltr'><strong>nequaquam</strong></span> <span class='ocrx_word' id='word_1_298' title='bbox 1780 3682 1891 3745; x_wconf 91' lang='lat' dir='ltr'><strong>sic,</strong></span> <span class='ocrx_word' id='word_1_299' title='bbox 1938 3683 2032 3737; x_wconf 92' lang='lat' dir='ltr'><strong>sed</strong></span> <span class='ocrx_word' id='word_1_300' title='bbox 2072 3694 2126 3738; x_wconf 90' lang='lat' dir='ltr'><strong>et</strong></span> 
     </span>
    </p>
   </div>
   <div class='ocr_carea' id='block_1_38' title="bbox 553 3766 2123 3842">
    <p class='ocr_par' dir='ltr' id='par_1_38' title="bbox 553 3766 2123 3842">
     <span class='ocr_line' id='line_1_38' title="bbox 553 3766 2123 3842; baseline 0.008 -24"><span class='ocrx_word' id='word_1_301' title='bbox 553 3766 852 3834; x_wconf 86' lang='lat' dir='ltr'><strong>sepulcrum</strong></span> <span class='ocrx_word' id='word_1_302' title='bbox 898 3783 1079 3824; x_wconf 88' lang='lat' dir='ltr'><strong>emere</strong></span> <span class='ocrx_word' id='word_1_303' title='bbox 1103 3784 1220 3823; x_wconf 90' lang='lat' dir='ltr'><strong>cum</strong></span> <span class='ocrx_word' id='word_1_304' title='bbox 1273 3771 1464 3836; x_wconf 86' lang='lat' dir='ltr'><strong>voluit,</strong></span> <span class='ocrx_word' id='word_1_305' title='bbox 1497 3772 1744 3842; x_wconf 79' lang='lat' dir='ltr'><strong>quoniam</strong></span> <span class='ocrx_word' id='word_1_306' title='bbox 1786 3772 1917 3828; x_wconf 85' lang='lat' dir='ltr'><strong>vidit</strong></span> <span class='ocrx_word' id='word_1_307' title='bbox 1961 3789 2054 3829; x_wconf 90' lang='lat' dir='ltr'><strong>eos</strong></span> <span class='ocrx_word' id='word_1_308' title='bbox 2094 3791 2123 3830; x_wconf 94' lang='lat' dir='ltr'><strong>a</strong></span> 
     </span>
    </p>
   </div>
   <div class='ocr_carea' id='block_1_39' title="bbox 554 3856 2124 3936">
    <p class='ocr_par' dir='ltr' id='par_1_39' title="bbox 554 3856 2124 3936">
     <span class='ocr_line' id='line_1_39' title="bbox 554 3856 2124 3936; baseline 0.008 -28"><span class='ocrx_word' id='word_1_309' title='bbox 554 3856 744 3924; x_wconf 80' lang='lat' dir='ltr'><strong>quibus</strong></span> <span class='ocrx_word' id='word_1_310' title='bbox 774 3859 922 3928; x_wconf 89' lang='lat' dir='ltr'><strong>petiit</strong></span> <span class='ocrx_word' id='word_1_311' title='bbox 941 3858 1070 3913; x_wconf 88' lang='lat' dir='ltr'><strong>dare</strong></span> <span class='ocrx_word' id='word_1_312' title='bbox 1096 3860 1370 3929; x_wconf 82' lang='lat' dir='ltr'><strong>volentes,</strong></span> <span class='ocrx_word' id='word_1_313' title='bbox 1404 3877 1508 3916; x_wconf 90' lang='lat' dir='ltr'><strong>non</strong></span> <span class='ocrx_word' id='word_1_314' title='bbox 1538 3864 1683 3933; x_wconf 91' lang='lat' dir='ltr'><strong>prius</strong></span> <span class='ocrx_word' id='word_1_315' title='bbox 1703 3867 1937 3933; x_wconf 86' lang='lat' dir='ltr'><strong>accepit,</strong></span> <span class='ocrx_word' id='word_1_316' title='bbox 1967 3872 2124 3936; x_wconf 87' lang='lat' dir='ltr'><strong>quam</strong></span> 
     </span>
    </p>
   </div>
   <div class='ocr_carea' id='block_1_40' title="bbox 553 3947 2126 4024">
    <p class='ocr_par' dir='ltr' id='par_1_40' title="bbox 553 3947 2126 4024">
     <span class='ocr_line' id='line_1_40' title="bbox 553 3947 2126 4024; baseline 0.007 -23"><span class='ocrx_word' id='word_1_317' title='bbox 553 3947 751 4016; x_wconf 74' lang='lat' dir='ltr'><strong>iustum</strong></span> <span class='ocrx_word' id='word_1_318' title='bbox 784 3949 1125 4019; x_wconf 88' lang='lat' dir='ltr'><strong>dependisset</strong></span> <span class='ocrx_word' id='word_1_319' title='bbox 1153 3954 1401 4022; x_wconf 89' lang='lat' dir='ltr'><strong>pretium.</strong></span> <span class='ocrx_word' id='word_1_320' title='bbox 1430 3953 1553 4013; x_wconf 59' lang='lat' dir='ltr'><strong>ilice</strong></span> <span class='ocrx_word' id='word_1_321' title='bbox 1594 3955 1771 4024; x_wconf 90' lang='lat' dir='ltr'><strong>itaque</strong></span> <span class='ocrx_word' id='word_1_322' title='bbox 1797 3965 1975 4011; x_wconf 81' lang='lat' dir='ltr'><strong>mente</strong></span> <span class='ocrx_word' id='word_1_323' title='bbox 2003 3973 2126 4013; x_wconf 84' lang='lat' dir='ltr'><strong>ver-</strong></span> 
     </span>
    </p>
   </div>
   <div class='ocr_carea' id='block_1_41' title="bbox 556 4039 2131 4117">
    <p class='ocr_par' dir='ltr' id='par_1_41' title="bbox 556 4039 2131 4117">
     <span class='ocr_line' id='line_1_41' title="bbox 556 4039 2131 4117; baseline 0.007 -25"><span class='ocrx_word' id='word_1_324' title='bbox 556 4048 737 4093; x_wconf 84' lang='lat' dir='ltr'><strong>santes</strong></span> <span class='ocrx_word' id='word_1_325' title='bbox 760 4080 773 4102; x_wconf 90' lang='lat'><strong>,</strong></span> <span class='ocrx_word' id='word_1_326' title='bbox 797 4039 971 4094; x_wconf 80' lang='lat' dir='ltr'><strong>dilecti</strong></span> <span class='ocrx_word' id='word_1_327' title='bbox 995 4084 1009 4108; x_wconf 98' lang='lat'><strong>,</strong></span> <span class='ocrx_word' id='word_1_328' title='bbox 1035 4057 1132 4096; x_wconf 90' lang='lat' dir='ltr'><strong>nos</strong></span> <span class='ocrx_word' id='word_1_329' title='bbox 1159 4044 1247 4113; x_wconf 88' lang='lat' dir='ltr'><strong>qui</strong></span> <span class='ocrx_word' id='word_1_330' title='bbox 1278 4043 1377 4097; x_wconf 91' lang='lat' dir='ltr'><strong>sub</strong></span> <span class='ocrx_word' id='word_1_331' title='bbox 1396 4045 1562 4115; x_wconf 86' lang='lat' dir='ltr'><strong>gratia</strong></span> <span class='ocrx_word' id='word_1_332' title='bbox 1579 4087 1594 4110; x_wconf 92' lang='lat'><strong>,</strong></span> <span class='ocrx_word' id='word_1_333' title='bbox 1635 4061 1756 4101; x_wconf 91' lang='lat' dir='ltr'><strong>eum</strong></span> <span class='ocrx_word' id='word_1_334' title='bbox 1780 4048 1867 4117; x_wconf 89' lang='lat' dir='ltr'><strong>qui</strong></span> <span class='ocrx_word' id='word_1_335' title='bbox 1899 4057 2022 4103; x_wconf 87' lang='lat' dir='ltr'><strong>ante</strong></span> <span class='ocrx_word' id='word_1_336' title='bbox 2053 4050 2131 4103; x_wconf 89' lang='lat' dir='ltr'><strong>lc-</strong></span> 
     </span>
    </p>
   </div>
   <div class='ocr_carea' id='block_1_42' title="bbox 557 4130 2130 4208">
    <p class='ocr_par' dir='ltr' id='par_1_42' title="bbox 557 4130 2130 4208">
     <span class='ocr_line' id='line_1_42' title="bbox 557 4130 2130 4208; baseline 0.008 -25"><span class='ocrx_word' id='word_1_337' title='bbox 557 4144 675 4197; x_wconf 90' lang='lat' dir='ltr'><strong>gem</strong></span> <span class='ocrx_word' id='word_1_338' title='bbox 728 4130 1035 4186; x_wconf 76' lang='lat' dir='ltr'><strong>imitentur:</strong></span> <span class='ocrx_word' id='word_1_339' title='bbox 1091 4142 1145 4187; x_wconf 92' lang='lat' dir='ltr'><strong>et</strong></span> <span class='ocrx_word' id='word_1_340' title='bbox 1193 4150 1258 4190; x_wconf 88' lang='lat' dir='ltr'><strong>ne</strong></span> <span class='ocrx_word' id='word_1_341' title='bbox 1287 4135 1453 4189; x_wconf 90' lang='lat' dir='ltr'><strong>multa</strong></span> <span class='ocrx_word' id='word_1_342' title='bbox 1497 4137 1799 4205; x_wconf 89' lang='lat' dir='ltr'><strong>possidendi</strong></span> <span class='ocrx_word' id='word_1_343' title='bbox 1844 4139 2130 4208; x_wconf 85' lang='lat' dir='ltr'><strong>cupiditate</strong></span> 
     </span>
    </p>
   </div>
   <div class='ocr_carea' id='block_1_43' title="bbox 557 4221 2128 4297">
    <p class='ocr_par' dir='ltr' id='par_1_43' title="bbox 557 4221 2128 4297">
     <span class='ocr_line' id='line_1_43' title="bbox 557 4221 2128 4297; baseline 0.008 -26"><span class='ocrx_word' id='word_1_344' title='bbox 557 4221 803 4286; x_wconf 82' lang='lat' dir='ltr'><strong>accensi,</strong></span> <span class='ocrx_word' id='word_1_345' title='bbox 836 4222 1092 4288; x_wconf 84' lang='lat' dir='ltr'><strong>majorem</strong></span> <span class='ocrx_word' id='word_1_346' title='bbox 1121 4234 1169 4276; x_wconf 90' lang='lat' dir='ltr'><strong>et</strong></span> <span class='ocrx_word' id='word_1_347' title='bbox 1198 4225 1493 4292; x_wconf 75' lang='lat' dir='ltr'><strong>graviorem</strong></span> <span class='ocrx_word' id='word_1_348' title='bbox 1544 4227 1934 4282; x_wconf 88' lang='lat' dir='ltr'><strong>aceumulemus</strong></span> <span class='ocrx_word' id='word_1_349' title='bbox 1955 4229 2128 4297; x_wconf 82' lang='lat' dir='ltr'><strong>ignem</strong></span> 
     </span>
    </p>
   </div>
   <div class='ocr_carea' id='block_1_44' title="bbox 563 4305 2127 4379">
    <p class='ocr_par' dir='ltr' id='par_1_44' title="bbox 563 4305 2127 4379">
     <span class='ocr_line' id='line_1_44' title="bbox 563 4305 2127 4379; baseline 0.009 -18"><span class='ocrx_word' id='word_1_350' title='bbox 563 4305 1075 4379; x_wconf 78' lang='lat' dir='ltr'><strong>inexstinguihilem,</strong></span> <span class='ocrx_word' id='word_1_351' title='bbox 1117 4323 1169 4367; x_wconf 91' lang='lat' dir='ltr'><strong>et</strong></span> <span class='ocrx_word' id='word_1_352' title='bbox 1197 4313 1462 4368; x_wconf 84' lang='lat' dir='ltr'><strong>flammam</strong></span> <span class='ocrx_word' id='word_1_353' title='bbox 1497 4315 1900 4371; x_wconf 82' lang='lat' dir='ltr'><strong>intolerabilem.</strong></span> <span class='ocrx_word' id='word_1_354' title='bbox 1931 4318 2127 4375; x_wconf 83' lang='lat' dir='ltr'><strong>Audie-</strong></span> 
     </span>
    </p>
   </div>
   <div class='ocr_carea' id='block_1_45' title="bbox 561 4401 2130 4475">
    <p class='ocr_par' dir='ltr' id='par_1_45' title="bbox 561 4401 2130 4475">
     <span class='ocr_line' id='line_1_45' title="bbox 561 4401 2130 4475; baseline 0.008 -23"><span class='ocrx_word' id='word_1_355' title='bbox 561 4413 678 4453; x_wconf 85' lang='lat' dir='ltr'><strong>mus</strong></span> <span class='ocrx_word' id='word_1_356' title='bbox 703 4401 872 4466; x_wconf 87' lang='lat' dir='ltr'><strong>enim,</strong></span> <span class='ocrx_word' id='word_1_357' title='bbox 902 4401 945 4456; x_wconf 90' lang='lat' dir='ltr'><strong>si</strong></span> <span class='ocrx_word' id='word_1_358' title='bbox 978 4402 1027 4455; x_wconf 92' lang='lat' dir='ltr'><strong>in</strong></span> <span class='ocrx_word' id='word_1_359' title='bbox 1056 4401 1356 4472; x_wconf 87' lang='lat' dir='ltr'><strong>hujnsmodi</strong></span> <span class='ocrx_word' id='word_1_360' title='bbox 1386 4405 1569 4475; x_wconf 87' lang='lat' dir='ltr'><strong>rapina</strong></span> <span class='ocrx_word' id='word_1_361' title='bbox 1599 4413 1653 4460; x_wconf 90' lang='lat' dir='ltr'><strong>et</strong></span> <span class='ocrx_word' id='word_1_362' title='bbox 1672 4406 1888 4460; x_wconf 89' lang='lat' dir='ltr'><strong>avaritia</strong></span> <span class='ocrx_word' id='word_1_363' title='bbox 1918 4422 2130 4464; x_wconf 88' lang='lat' dir='ltr'><strong>manse-</strong></span> 
     </span>
    </p>
   </div>
   <div class='ocr_carea' id='block_1_46' title="bbox 565 4489 2132 4563">
    <p class='ocr_par' dir='ltr' id='par_1_46' title="bbox 565 4489 2132 4563">
     <span class='ocr_line' id='line_1_46' title="bbox 565 4489 2132 4563; baseline 0.007 -20"><span class='ocrx_word' id='word_1_364' title='bbox 565 4489 753 4556; x_wconf 81' lang='lat' dir='ltr'><strong>rimus,</strong></span> <span class='ocrx_word' id='word_1_365' title='bbox 785 4505 845 4543; x_wconf 88' lang='lat' dir='ltr'><strong>ca</strong></span> <span class='ocrx_word' id='word_1_366' title='bbox 873 4506 990 4561; x_wconf 73' lang='lat' dir='ltr'><strong>quaz</strong></span> <span class='ocrx_word' id='word_1_367' title='bbox 1011 4492 1148 4546; x_wconf 89' lang='lat' dir='ltr'><strong>dicta</strong></span> <span class='ocrx_word' id='word_1_368' title='bbox 1170 4503 1292 4548; x_wconf 85' lang='lat' dir='ltr'><strong>sunt</strong></span> <span class='ocrx_word' id='word_1_369' title='bbox 1316 4494 1466 4549; x_wconf 80' lang='lat' dir='ltr'><strong>diviti</strong></span> <span class='ocrx_word' id='word_1_370' title='bbox 1496 4494 1604 4549; x_wconf 90' lang='lat' dir='ltr'><strong>illi:</strong></span> <span class='ocrx_word' id='word_1_371' title='bbox 1637 4493 1835 4563; x_wconf 85' lang='lat' dir='ltr'><strong>Stulte,</strong></span> <span class='ocrx_word' id='word_1_372' title='bbox 1861 4498 1960 4551; x_wconf 85' lang='lat' dir='ltr'><strong>ista</strong></span> <span class='ocrx_word' id='word_1_373' title='bbox 1986 4509 2132 4555; x_wconf 85' lang='lat' dir='ltr'><strong>nocte</strong></span> 
     </span>
    </p>
   </div>
   <div class='ocr_carea' id='block_1_47' title="bbox 559 4579 2128 4660">
    <p class='ocr_par' dir='ltr' id='par_1_47' title="bbox 559 4579 2128 4660">
     <span class='ocr_line' id='line_1_47' title="bbox 559 4579 2128 4660; baseline 0.009 -29"><span class='ocrx_word' id='word_1_374' title='bbox 559 4579 646 4632; x_wconf 85' lang='lat' dir='ltr'><strong>abs</strong></span> <span class='ocrx_word' id='word_1_375' title='bbox 673 4591 719 4633; x_wconf 86' lang='lat' dir='ltr'><strong>te</strong></span> <span class='ocrx_word' id='word_1_376' title='bbox 750 4583 967 4634; x_wconf 86' lang='lat' dir='ltr'><strong>animam</strong></span> <span class='ocrx_word' id='word_1_377' title='bbox 998 4593 1133 4636; x_wconf 89' lang='lat' dir='ltr'><strong>tuam</strong></span> <span class='ocrx_word' id='word_1_378' title='bbox 1171 4594 1390 4652; x_wconf 80' lang='lat' dir='ltr'><strong>repetent</strong></span> <span class='ocrx_word' id='word_1_379' title='bbox 1418 4600 1438 4639; x_wconf 90' lang='lat'><strong><em>:</em></strong></span> <span class='ocrx_word' id='word_1_380' title='bbox 1461 4601 1574 4652; x_wconf 72' lang='lat' dir='ltr'><strong>qua</strong></span> <span class='ocrx_word' id='word_1_381' title='bbox 1609 4597 1771 4641; x_wconf 86' lang='lat' dir='ltr'><strong>autem</strong></span> <span class='ocrx_word' id='word_1_382' title='bbox 1796 4591 2128 4660; x_wconf 72' lang='lat' dir='ltr'><strong>pmparasti,</strong></span> 
     </span>
    </p>
   </div>
   <div class='ocr_carea' id='block_1_48' title="bbox 561 4673 2132 4747">
    <p class='ocr_par' dir='ltr' id='par_1_48' title="bbox 561 4673 2132 4747">
     <span class='ocr_line' id='line_1_48' title="bbox 561 4673 2132 4747; baseline 0.009 -24"><span class='ocrx_word' id='word_1_383' title='bbox 561 4673 708 4742; x_wconf 82' lang='lat' dir='ltr'><strong>cujus</strong></span> <span class='ocrx_word' id='word_1_384' title='bbox 734 4683 876 4727; x_wconf 84' lang='lat' dir='ltr'><strong>mmt</strong></span> <span class='ocrx_word' id='word_1_385' title='bbox 920 4674 1066 4744; x_wconf 86' lang='lat' dir='ltr'><strong>(Luc.</strong></span> <span class='ocrx_word' id='word_1_386' title='bbox 1099 4676 1184 4730; x_wconf 70' lang='grc' dir='ltr'><strong>η.</strong></span> <span class='ocrx_word' id='word_1_387' title='bbox 1211 4676 1346 4747; x_wconf 72' lang='lat'><strong>20)?</strong></span> <span class='ocrx_word' id='word_1_388' title='bbox 1390 4677 1566 4744; x_wconf 84' lang='lat' dir='ltr'><strong>Quare</strong></span> <span class='ocrx_word' id='word_1_389' title='bbox 1589 4718 1605 4744; x_wconf 94' lang='lat'><strong>,</strong></span> <span class='ocrx_word' id='word_1_390' title='bbox 1649 4679 1734 4734; x_wconf 88' lang='lat' dir='ltr'><strong>die</strong></span> <span class='ocrx_word' id='word_1_391' title='bbox 1759 4679 1888 4735; x_wconf 85' lang='lat' dir='ltr'><strong>mihi</strong></span> <span class='ocrx_word' id='word_1_392' title='bbox 1909 4723 1924 4747; x_wconf 93' lang='lat'><strong>,</strong></span> <span class='ocrx_word' id='word_1_393' title='bbox 1957 4691 2132 4738; x_wconf 88' lang='lat' dir='ltr'><strong>tanto-</strong></span> 
     </span>
    </p>
   </div>
   <div class='ocr_carea' id='block_1_49' title="bbox 565 4761 2132 4839">
    <p class='ocr_par' dir='ltr' id='par_1_49' title="bbox 565 4761 2132 4839">
     <span class='ocr_line' id='line_1_49' title="bbox 565 4761 2132 4839; baseline 0.01 -28"><span class='ocrx_word' id='word_1_394' title='bbox 565 4779 690 4830; x_wconf 82' lang='lat' dir='ltr'><strong>pere</strong></span> <span class='ocrx_word' id='word_1_395' title='bbox 726 4761 888 4818; x_wconf 81' lang='lat' dir='ltr'><strong>sudes</strong></span> <span class='ocrx_word' id='word_1_396' title='bbox 912 4804 926 4826; x_wconf 88' lang='lat'><strong>,</strong></span> <span class='ocrx_word' id='word_1_397' title='bbox 960 4774 1018 4817; x_wconf 89' lang='lat' dir='ltr'><strong>ut</strong></span> <span class='ocrx_word' id='word_1_398' title='bbox 1043 4767 1262 4836; x_wconf 86' lang='lat' dir='ltr'><strong>colligas</strong></span> <span class='ocrx_word' id='word_1_399' title='bbox 1289 4781 1350 4822; x_wconf 89' lang='lat' dir='ltr'><strong>ea</strong></span> <span class='ocrx_word' id='word_1_400' title='bbox 1377 4783 1496 4838; x_wconf 74' lang='lat' dir='ltr'><strong>quas</strong></span> <span class='ocrx_word' id='word_1_401' title='bbox 1524 4781 1631 4838; x_wconf 88' lang='lat' dir='ltr'><strong>non</strong></span> <span class='ocrx_word' id='word_1_402' title='bbox 1669 4769 1834 4824; x_wconf 89' lang='lat' dir='ltr'><strong>multo</strong></span> <span class='ocrx_word' id='word_1_403' title='bbox 1859 4780 1977 4839; x_wconf 87' lang='lat' dir='ltr'><strong>post</strong></span> <span class='ocrx_word' id='word_1_404' title='bbox 2007 4771 2132 4828; x_wconf 82' lang='lat' dir='ltr'><strong>hinc</strong></span> 
     </span>
    </p>
   </div>
   <div class='ocr_carea' id='block_1_50' title="bbox 563 4851 2131 4926">
    <p class='ocr_par' dir='ltr' id='par_1_50' title="bbox 563 4851 2131 4926">
     <span class='ocr_line' id='line_1_50' title="bbox 563 4851 2131 4926; baseline 0.01 -23"><span class='ocrx_word' id='word_1_405' title='bbox 563 4851 900 4922; x_wconf 81' lang='lat' dir='ltr'><strong>ubrip‘icndus</strong></span> <span class='ocrx_word' id='word_1_406' title='bbox 925 4895 940 4919; x_wconf 93' lang='lat'><strong>,</strong></span> <span class='ocrx_word' id='word_1_407' title='bbox 971 4854 1055 4910; x_wconf 88' lang='lat' dir='ltr'><strong>hic</strong></span> <span class='ocrx_word' id='word_1_408' title='bbox 1103 4855 1372 4926; x_wconf 87' lang='lat' dir='ltr'><strong>relinques</strong></span> <span class='ocrx_word' id='word_1_409' title='bbox 1393 4897 1408 4921; x_wconf 89' lang='lat'><strong>,</strong></span> <span class='ocrx_word' id='word_1_410' title='bbox 1439 4871 1504 4913; x_wconf 77' lang='lat' dir='ltr'><strong>ex</strong></span> <span class='ocrx_word' id='word_1_411' title='bbox 1531 4859 1611 4913; x_wconf 89' lang='lat' dir='ltr'><strong>eis</strong></span> <span class='ocrx_word' id='word_1_412' title='bbox 1647 4872 1753 4914; x_wconf 87' lang='lat' dir='ltr'><strong>non</strong></span> <span class='ocrx_word' id='word_1_413' title='bbox 1800 4861 1970 4918; x_wconf 87' lang='lat' dir='ltr'><strong>solum</strong></span> <span class='ocrx_word' id='word_1_414' title='bbox 1999 4862 2131 4922; x_wconf 84' lang='lat' dir='ltr'><strong>nihil</strong></span> 
     </span>
    </p>
   </div>
   <div class='ocr_carea' id='block_1_51' title="bbox 567 4946 2128 5027">
    <p class='ocr_par' dir='ltr' id='par_1_51' title="bbox 567 4946 2128 5027">
     <span class='ocr_line' id='line_1_51' title="bbox 567 4946 2128 5027; baseline 0.008 -29"><span class='ocrx_word' id='word_1_415' title='bbox 567 4946 810 5002; x_wconf 82' lang='lat' dir='ltr'><strong>utilitatis</strong></span> <span class='ocrx_word' id='word_1_416' title='bbox 833 4947 1109 5018; x_wconf 85' lang='lat' dir='ltr'><strong>percipere</strong></span> <span class='ocrx_word' id='word_1_417' title='bbox 1153 4948 1368 5016; x_wconf 87' lang='lat' dir='ltr'><strong>valens,</strong></span> <span class='ocrx_word' id='word_1_418' title='bbox 1411 4949 1504 5005; x_wconf 89' lang='lat' dir='ltr'><strong>sed</strong></span> <span class='ocrx_word' id='word_1_419' title='bbox 1532 4958 1584 5004; x_wconf 92' lang='lat' dir='ltr'><strong>et</strong></span> <span class='ocrx_word' id='word_1_420' title='bbox 1609 4966 1744 5027; x_wconf 86' lang='lat' dir='ltr'><strong>onus</strong></span> <span class='ocrx_word' id='word_1_421' title='bbox 1792 4963 2128 5022; x_wconf 85' lang='lat' dir='ltr'><strong>peccatorum</strong></span> 
     </span>
    </p>
   </div>
   <div class='ocr_carea' id='block_1_52' title="bbox 566 5033 2130 5110">
    <p class='ocr_par' dir='ltr' id='par_1_52' title="bbox 566 5033 2130 5110">
     <span class='ocr_line' id='line_1_52' title="bbox 566 5033 2130 5110; baseline 0.008 -21"><span class='ocrx_word' id='word_1_422' title='bbox 566 5036 618 5090; x_wconf 87' lang='lat' dir='ltr'><strong>in</strong></span> <span class='ocrx_word' id='word_1_423' title='bbox 667 5033 906 5093; x_wconf 86' lang='lat' dir='ltr'><strong>humeris</strong></span> <span class='ocrx_word' id='word_1_424' title='bbox 947 5039 1177 5109; x_wconf 87' lang='lat' dir='ltr'><strong>propriis</strong></span> <span class='ocrx_word' id='word_1_425' title='bbox 1230 5038 1450 5105; x_wconf 79' lang='lat' dir='ltr'><strong>ferens,</strong></span> <span class='ocrx_word' id='word_1_426' title='bbox 1496 5049 1552 5096; x_wconf 90' lang='lat' dir='ltr'><strong>et</strong></span> <span class='ocrx_word' id='word_1_427' title='bbox 1597 5042 1764 5096; x_wconf 90' lang='lat' dir='ltr'><strong>inutili</strong></span> <span class='ocrx_word' id='word_1_428' title='bbox 1824 5045 2130 5110; x_wconf 68' lang='lat' dir='ltr'><strong>panitentia</strong></span> 
     </span>
    </p>
   </div>
   <div class='ocr_carea' id='block_1_53' title="bbox 569 5124 2127 5206">
    <p class='ocr_par' dir='ltr' id='par_1_53' title="bbox 569 5124 2127 5206">
     <span class='ocr_line' id='line_1_53' title="bbox 569 5124 2127 5206; baseline 0.009 -25"><span class='ocrx_word' id='word_1_429' title='bbox 569 5124 796 5182; x_wconf 70' lang='lat' dir='ltr'><strong>ductus?</strong></span> <span class='ocrx_word' id='word_1_430' title='bbox 816 5125 947 5184; x_wconf 82' lang='lat' dir='ltr'><strong>Nam</strong></span> <span class='ocrx_word' id='word_1_431' title='bbox 966 5144 1029 5184; x_wconf 86' lang='lat' dir='ltr'><strong>ea</strong></span> <span class='ocrx_word' id='word_1_432' title='bbox 1054 5145 1172 5199; x_wconf 80' lang='lat' dir='ltr'><strong>qua:</strong></span> <span class='ocrx_word' id='word_1_433' title='bbox 1201 5145 1229 5183; x_wconf 90' lang='lat' dir='ltr'><strong>a</strong></span> <span class='ocrx_word' id='word_1_434' title='bbox 1253 5139 1306 5186; x_wconf 90' lang='lat' dir='ltr'><strong>te</strong></span> <span class='ocrx_word' id='word_1_435' title='bbox 1328 5143 1424 5201; x_wconf 85' lang='lat' dir='ltr'><strong>per</strong></span> <span class='ocrx_word' id='word_1_436' title='bbox 1443 5132 1717 5189; x_wconf 77' lang='lat' dir='ltr'><strong>avaritiam</strong></span> <span class='ocrx_word' id='word_1_437' title='bbox 1741 5134 1963 5195; x_wconf 84' lang='lat' dir='ltr'><strong>collecta</strong></span> <span class='ocrx_word' id='word_1_438' title='bbox 1984 5147 2127 5206; x_wconf 81' lang='lat' dir='ltr'><strong>sunt,</strong></span> 
     </span>
    </p>
   </div>
   <div class='ocr_carea' id='block_1_54' title="bbox 567 5217 2131 5298">
    <p class='ocr_par' dir='ltr' id='par_1_54' title="bbox 567 5217 2131 5298">
     <span class='ocr_line' id='line_1_54' title="bbox 567 5217 2131 5298; baseline 0.01 -28"><span class='ocrx_word' id='word_1_439' title='bbox 567 5217 619 5271; x_wconf 86' lang='lat' dir='ltr'><strong>in</strong></span> <span class='ocrx_word' id='word_1_440' title='bbox 649 5217 876 5274; x_wconf 87' lang='lat' dir='ltr'><strong>hostium</strong></span> <span class='ocrx_word' id='word_1_441' title='bbox 899 5234 1041 5291; x_wconf 61' lang='lat' dir='ltr'><strong>sape</strong></span> <span class='ocrx_word' id='word_1_442' title='bbox 1069 5218 1353 5278; x_wconf 76' lang='lat' dir='ltr'><strong>devenient</strong></span> <span class='ocrx_word' id='word_1_443' title='bbox 1390 5237 1579 5280; x_wconf 80' lang='lat' dir='ltr'><strong>manus</strong></span> <span class='ocrx_word' id='word_1_444' title='bbox 1597 5265 1614 5292; x_wconf 91' lang='lat'><strong>,</strong></span> <span class='ocrx_word' id='word_1_445' title='bbox 1644 5236 1698 5280; x_wconf 89' lang='lat' dir='ltr'><strong>tu</strong></span> <span class='ocrx_word' id='word_1_446' title='bbox 1724 5236 1900 5282; x_wconf 88' lang='lat' dir='ltr'><strong>autem</strong></span> <span class='ocrx_word' id='word_1_447' title='bbox 1943 5242 2042 5298; x_wconf 86' lang='lat' dir='ltr'><strong>pro</strong></span> <span class='ocrx_word' id='word_1_448' title='bbox 2065 5230 2131 5286; x_wconf 85' lang='lat' dir='ltr'><strong>iis</strong></span> 
     </span>
    </p>
   </div>
   <div class='ocr_carea' id='block_1_55' title="bbox 565 5307 2130 5387">
    <p class='ocr_par' dir='ltr' id='par_1_55' title="bbox 565 5307 2130 5387">
     <span class='ocr_line' id='line_1_55' title="bbox 565 5307 2130 5387; baseline 0.01 -24"><span class='ocrx_word' id='word_1_449' title='bbox 565 5310 823 5365; x_wconf 83' lang='lat' dir='ltr'><strong>rationem</strong></span> <span class='ocrx_word' id='word_1_450' title='bbox 847 5317 903 5367; x_wconf 85' lang='lat' dir='ltr'><strong>et</strong></span> <span class='ocrx_word' id='word_1_451' title='bbox 927 5324 1136 5381; x_wconf 71' lang='lat' dir='ltr'><strong>pinnam</strong></span> <span class='ocrx_word' id='word_1_452' title='bbox 1159 5310 1330 5369; x_wconf 86' lang='lat' dir='ltr'><strong>dabis.</strong></span> <span class='ocrx_word' id='word_1_453' title='bbox 1367 5307 1588 5380; x_wconf 67' lang='lat' dir='ltr'><strong>Quantae</strong></span> <span class='ocrx_word' id='word_1_454' title='bbox 1617 5315 1775 5387; x_wconf 80' lang='lat' dir='ltr'><strong>igitur</strong></span> <span class='ocrx_word' id='word_1_455' title='bbox 1801 5327 1882 5372; x_wconf 84' lang='lat' dir='ltr'><strong>est</strong></span> <span class='ocrx_word' id='word_1_456' title='bbox 1910 5319 2130 5377; x_wconf 83' lang='lat' dir='ltr'><strong>demen-</strong></span> 
     </span>
    </p>
   </div>
   <div class='ocr_carea' id='block_1_56' title="bbox 567 5399 2020 5476">
    <p class='ocr_par' dir='ltr' id='par_1_56' title="bbox 567 5399 2020 5476">
     <span class='ocr_line' id='line_1_56' title="bbox 567 5399 2020 5476; baseline 0.006 -22"><span class='ocrx_word' id='word_1_457' title='bbox 567 5401 653 5455; x_wconf 71' lang='lat' dir='ltr'><strong>tiae</strong></span> <span class='ocrx_word' id='word_1_458' title='bbox 674 5399 794 5456; x_wconf 88' lang='lat' dir='ltr'><strong>aliis</strong></span> <span class='ocrx_word' id='word_1_459' title='bbox 823 5399 1100 5471; x_wconf 79' lang='lat' dir='ltr'><strong>laborare,</strong></span> <span class='ocrx_word' id='word_1_460' title='bbox 1125 5411 1181 5458; x_wconf 91' lang='lat' dir='ltr'><strong>et</strong></span> <span class='ocrx_word' id='word_1_461' title='bbox 1207 5410 1259 5457; x_wconf 91' lang='lat' dir='ltr'><strong>te</strong></span> <span class='ocrx_word' id='word_1_462' title='bbox 1293 5415 1568 5473; x_wconf 85' lang='lat' dir='ltr'><strong>propterea</strong></span> <span class='ocrx_word' id='word_1_463' title='bbox 1601 5420 1813 5476; x_wconf 69' lang='lat' dir='ltr'><strong>pinnam</strong></span> <span class='ocrx_word' id='word_1_464' title='bbox 1857 5408 2020 5464; x_wconf 76' lang='lat' dir='ltr'><strong>dare?</strong></span> 
     </span>
    </p>
   </div>
   <div class='ocr_carea' id='block_1_57' title="bbox 635 5487 2128 5569">
    <p class='ocr_par' dir='ltr' id='par_1_57' title="bbox 635 5487 2128 5569">
     <span class='ocr_line' id='line_1_57' title="bbox 635 5487 2128 5569; baseline 0.007 -24"><span class='ocrx_word' id='word_1_465' title='bbox 635 5489 693 5544; x_wconf 74' lang='grc'><strong>9..</strong></span> <span class='ocrx_word' id='word_1_466' title='bbox 720 5487 852 5546; x_wconf 73' lang='lat' dir='ltr'><strong>Esto</strong></span> <span class='ocrx_word' id='word_1_467' title='bbox 873 5498 1073 5559; x_wconf 84' lang='lat' dir='ltr'><strong>autem,</strong></span> <span class='ocrx_word' id='word_1_468' title='bbox 1104 5492 1358 5549; x_wconf 82' lang='lat' dir='ltr'><strong>hactenus</strong></span> <span class='ocrx_word' id='word_1_469' title='bbox 1385 5495 1453 5550; x_wconf 88' lang='lat' dir='ltr'><strong>ita</strong></span> <span class='ocrx_word' id='word_1_470' title='bbox 1478 5497 1804 5567; x_wconf 85' lang='lat' dir='ltr'><strong>negligenter</strong></span> <span class='ocrx_word' id='word_1_471' title='bbox 1823 5512 1920 5552; x_wconf 85' lang='lat' dir='ltr'><strong>nos</strong></span> <span class='ocrx_word' id='word_1_472' title='bbox 1945 5513 2128 5569; x_wconf 82' lang='lat' dir='ltr'><strong>gesse-</strong></span> 
     </span>
    </p>
   </div>
   <div class='ocr_carea' id='block_1_58' title="bbox 558 5581 2131 5658">
    <p class='ocr_par' dir='ltr' id='par_1_58' title="bbox 558 5581 2131 5658">
     <span class='ocr_line' id='line_1_58' title="bbox 558 5581 2131 5658; baseline 0.006 -21"><span class='ocrx_word' id='word_1_473' title='bbox 558 5581 726 5637; x_wconf 83' lang='lat' dir='ltr'><strong>rimus</strong></span> <span class='ocrx_word' id='word_1_474' title='bbox 743 5623 760 5650; x_wconf 94' lang='lat'><strong>,</strong></span> <span class='ocrx_word' id='word_1_475' title='bbox 789 5598 930 5640; x_wconf 72' lang='lat' dir='ltr'><strong>nunc</strong></span> <span class='ocrx_word' id='word_1_476' title='bbox 948 5585 1138 5642; x_wconf 76' lang='lat' dir='ltr'><strong>saltem</strong></span> <span class='ocrx_word' id='word_1_477' title='bbox 1156 5585 1280 5657; x_wconf 87' lang='lat' dir='ltr'><strong>quid</strong></span> <span class='ocrx_word' id='word_1_478' title='bbox 1302 5601 1439 5657; x_wconf 83' lang='lat' dir='ltr'><strong>opus</strong></span> <span class='ocrx_word' id='word_1_479' title='bbox 1465 5585 1604 5643; x_wconf 81' lang='lat' dir='ltr'><strong>facto</strong></span> <span class='ocrx_word' id='word_1_480' title='bbox 1628 5588 1698 5644; x_wconf 87' lang='lat' dir='ltr'><strong>sit</strong></span> <span class='ocrx_word' id='word_1_481' title='bbox 1726 5589 2131 5658; x_wconf 82' lang='lat' dir='ltr'><strong>consultemus;</strong></span> 
     </span>
    </p>
   </div>
   <div class='ocr_carea' id='block_1_59' title="bbox 559 5680 2130 5753">
    <p class='ocr_par' dir='ltr' id='par_1_59' title="bbox 559 5680 2130 5753">
     <span class='ocr_line' id='line_1_59' title="bbox 559 5680 2130 5753; baseline 0.006 -24"><span class='ocrx_word' id='word_1_482' title='bbox 559 5683 612 5729; x_wconf 79' lang='lat' dir='ltr'><strong>et</strong></span> <span class='ocrx_word' id='word_1_483' title='bbox 638 5689 743 5733; x_wconf 90' lang='lat' dir='ltr'><strong>nou</strong></span> <span class='ocrx_word' id='word_1_484' title='bbox 765 5685 969 5733; x_wconf 88' lang='lat' dir='ltr'><strong>tantum</strong></span> <span class='ocrx_word' id='word_1_485' title='bbox 993 5692 1210 5750; x_wconf 79' lang='lat' dir='ltr'><strong>Operam</strong></span> <span class='ocrx_word' id='word_1_486' title='bbox 1236 5689 1455 5748; x_wconf 85' lang='lat' dir='ltr'><strong>demus,</strong></span> <span class='ocrx_word' id='word_1_487' title='bbox 1482 5689 1539 5736; x_wconf 88' lang='lat' dir='ltr'><strong>ut</strong></span> <span class='ocrx_word' id='word_1_488' title='bbox 1564 5680 1718 5739; x_wconf 86' lang='lat' dir='ltr'><strong>nobis</strong></span> <span class='ocrx_word' id='word_1_489' title='bbox 1739 5696 1868 5752; x_wconf 89' lang='lat' dir='ltr'><strong>opes</strong></span> <span class='ocrx_word' id='word_1_490' title='bbox 1891 5682 2130 5753; x_wconf 85' lang='lat' dir='ltr'><strong>amuaut,</strong></span> 
     </span>
    </p>
   </div>
   <div class='ocr_carea' id='block_1_60' title="bbox 558 5764 2134 5845">
    <p class='ocr_par' dir='ltr' id='par_1_60' title="bbox 558 5764 2134 5845">
     <span class='ocr_line' id='line_1_60' title="bbox 558 5764 2134 5845; baseline 0.008 -25"><span class='ocrx_word' id='word_1_491' title='bbox 558 5764 655 5820; x_wconf 81' lang='lat' dir='ltr'><strong>sed</strong></span> <span class='ocrx_word' id='word_1_492' title='bbox 683 5775 738 5822; x_wconf 89' lang='lat' dir='ltr'><strong>ut</strong></span> <span class='ocrx_word' id='word_1_493' title='bbox 775 5776 829 5823; x_wconf 90' lang='lat' dir='ltr'><strong>et</strong></span> <span class='ocrx_word' id='word_1_494' title='bbox 851 5767 1071 5839; x_wconf 68' lang='lat' dir='ltr'><strong>justiti-te</strong></span> <span class='ocrx_word' id='word_1_495' title='bbox 1097 5785 1343 5842; x_wconf 83' lang='lat' dir='ltr'><strong>magnam</strong></span> <span class='ocrx_word' id='word_1_496' title='bbox 1373 5772 1629 5829; x_wconf 77' lang='lat' dir='ltr'><strong>rationem</strong></span> <span class='ocrx_word' id='word_1_497' title='bbox 1670 5783 1724 5830; x_wconf 87' lang='lat' dir='ltr'><strong>et</strong></span> <span class='ocrx_word' id='word_1_498' title='bbox 1762 5787 1943 5829; x_wconf 86' lang='lat' dir='ltr'><strong>curam</strong></span> <span class='ocrx_word' id='word_1_499' title='bbox 1983 5789 2134 5845; x_wconf 84' lang='lat' dir='ltr'><strong>gera-</strong></span> 
     </span>
    </p>
   </div>
   <div class='ocr_carea' id='block_1_61' title="bbox 1269 368 3059 434">
    <p class='ocr_par' dir='ltr' id='par_1_61' title="bbox 1269 368 3059 434">
     <span class='ocr_line' id='line_1_61' title="bbox 1269 368 3059 434; baseline -0.003 0"><span class='ocrx_word' id='word_1_500' title='bbox 1269 377 1328 434; x_wconf 81' lang='lat'><strong>5.</strong></span> <span class='ocrx_word' id='word_1_501' title='bbox 1365 374 1636 434; x_wconf 78' lang='lat' dir='ltr'><strong>JOANNIS</strong></span> <span class='ocrx_word' id='word_1_502' title='bbox 1671 368 2138 431; x_wconf 69' lang='grc' dir='ltr'><strong>εηηγεοετοιη</strong></span> <span class='ocrx_word' id='word_1_503' title='bbox 2178 369 2488 430; x_wconf 67' lang='lat' dir='ltr'><strong>ARCillEP.</strong></span> <span class='ocrx_word' id='word_1_504' title='bbox 2531 370 3059 431; x_wconf 68' lang='lat' dir='ltr'><strong>CONSTANTINOP.</strong></span> 
     </span>
    </p>
   </div>
   <div class='ocr_carea' id='block_1_62' title="bbox 3703 382 3808 440">
    <p class='ocr_par' dir='ltr' id='par_1_62' title="bbox 3703 382 3808 440">
     <span class='ocr_line' id='line_1_62' title="bbox 3703 382 3808 440; baseline 0.019 -2"><span class='ocrx_word' id='word_1_505' title='bbox 3703 382 3808 440; x_wconf 71' lang='grc'><strong>636</strong></span> 
     </span>
    </p>
   </div>
   <div class='ocr_carea' id='block_1_63' title="bbox 2229 491 3808 568">
    <p class='ocr_par' dir='ltr' id='par_1_63' title="bbox 2229 491 3808 568">
     <span class='ocr_line' id='line_1_63' title="bbox 2229 491 3808 568; baseline 0.006 -22"><span class='ocrx_word' id='word_1_506' title='bbox 2229 504 2363 546; x_wconf 89' lang='lat' dir='ltr'><strong>mus.</strong></span> <span class='ocrx_word' id='word_1_507' title='bbox 2403 491 2584 562; x_wconf 84' lang='lat' dir='ltr'><strong>Neque</strong></span> <span class='ocrx_word' id='word_1_508' title='bbox 2623 493 2765 548; x_wconf 89' lang='lat' dir='ltr'><strong>enim</strong></span> <span class='ocrx_word' id='word_1_509' title='bbox 2806 509 2894 550; x_wconf 82' lang='lat' dir='ltr'><strong>res</strong></span> <span class='ocrx_word' id='word_1_510' title='bbox 2933 503 3128 552; x_wconf 67' lang='lat' dir='ltr'><strong>nostra:</strong></span> <span class='ocrx_word' id='word_1_511' title='bbox 3179 496 3336 568; x_wconf 81' lang='lat' dir='ltr'><strong>hujus</strong></span> <span class='ocrx_word' id='word_1_512' title='bbox 3379 500 3500 555; x_wconf 56' lang='lat' dir='ltr'><strong>vitae</strong></span> <span class='ocrx_word' id='word_1_513' title='bbox 3544 500 3808 556; x_wconf 82' lang='lat' dir='ltr'><strong>limitibus</strong></span> 
     </span>
    </p>
   </div>
   <div class='ocr_carea' id='block_1_64' title="bbox 2227 584 3808 663">
    <p class='ocr_par' dir='ltr' id='par_1_64' title="bbox 2227 584 3808 663">
     <span class='ocr_line' id='line_1_64' title="bbox 2227 584 3808 663; baseline 0.005 -25"><span class='ocrx_word' id='word_1_514' title='bbox 2227 584 2637 654; x_wconf 74' lang='lat' dir='ltr'><strong>circumscripue</strong></span> <span class='ocrx_word' id='word_1_515' title='bbox 2677 593 2802 641; x_wconf 89' lang='lat' dir='ltr'><strong>sunt</strong></span> <span class='ocrx_word' id='word_1_516' title='bbox 2824 625 2839 651; x_wconf 92' lang='lat'><strong>,</strong></span> <span class='ocrx_word' id='word_1_517' title='bbox 2873 601 3047 658; x_wconf 89' lang='lat' dir='ltr'><strong>neque</strong></span> <span class='ocrx_word' id='word_1_518' title='bbox 3068 602 3280 658; x_wconf 85' lang='lat' dir='ltr'><strong>semper</strong></span> <span class='ocrx_word' id='word_1_519' title='bbox 3311 590 3365 644; x_wconf 92' lang='lat' dir='ltr'><strong>in</strong></span> <span class='ocrx_word' id='word_1_520' title='bbox 3393 591 3565 646; x_wconf 86' lang='lat' dir='ltr'><strong>aliena</strong></span> <span class='ocrx_word' id='word_1_521' title='bbox 3587 593 3808 663; x_wconf 80' lang='lat' dir='ltr'><strong>regione</strong></span> 
     </span>
    </p>
   </div>
   <div class='ocr_carea' id='block_1_65' title="bbox 2227 675 3811 749">
    <p class='ocr_par' dir='ltr' id='par_1_65' title="bbox 2227 675 3811 749">
     <span class='ocr_line' id='line_1_65' title="bbox 2227 675 3811 749; baseline 0.002 -17"><span class='ocrx_word' id='word_1_522' title='bbox 2227 675 2463 733; x_wconf 86' lang='lat' dir='ltr'><strong>erimus:</strong></span> <span class='ocrx_word' id='word_1_523' title='bbox 2497 675 2588 730; x_wconf 87' lang='lat' dir='ltr'><strong>sed</strong></span> <span class='ocrx_word' id='word_1_524' title='bbox 2635 691 2741 731; x_wconf 85' lang='lat' dir='ltr'><strong>non</strong></span> <span class='ocrx_word' id='word_1_525' title='bbox 2794 680 2964 732; x_wconf 82' lang='lat' dir='ltr'><strong>multo</strong></span> <span class='ocrx_word' id='word_1_526' title='bbox 3003 687 3119 748; x_wconf 87' lang='lat' dir='ltr'><strong>post</strong></span> <span class='ocrx_word' id='word_1_527' title='bbox 3153 680 3203 733; x_wconf 90' lang='lat' dir='ltr'><strong>in</strong></span> <span class='ocrx_word' id='word_1_528' title='bbox 3235 681 3505 749; x_wconf 89' lang='lat' dir='ltr'><strong>propriam</strong></span> <span class='ocrx_word' id='word_1_529' title='bbox 3545 681 3811 737; x_wconf 81' lang='lat' dir='ltr'><strong>remeabi-</strong></span> 
     </span>
    </p>
   </div>
   <div class='ocr_carea' id='block_1_66' title="bbox 2226 767 3806 843">
    <p class='ocr_par' dir='ltr' id='par_1_66' title="bbox 2226 767 3806 843">
     <span class='ocr_line' id='line_1_66' title="bbox 2226 767 3806 843; baseline 0.003 -21"><span class='ocrx_word' id='word_1_530' title='bbox 2226 780 2344 822; x_wconf 89' lang='lat' dir='ltr'><strong>mus</strong></span> <span class='ocrx_word' id='word_1_531' title='bbox 2373 768 2616 834; x_wconf 88' lang='lat' dir='ltr'><strong>patriam.</strong></span> <span class='ocrx_word' id='word_1_532' title='bbox 2649 767 2837 822; x_wconf 84' lang='lat' dir='ltr'><strong>Omnia</strong></span> <span class='ocrx_word' id='word_1_533' title='bbox 2873 768 3032 838; x_wconf 86' lang='lat' dir='ltr'><strong>igitur</strong></span> <span class='ocrx_word' id='word_1_534' title='bbox 3068 769 3354 836; x_wconf 75' lang='lat' dir='ltr'><strong>faciamus,</strong></span> <span class='ocrx_word' id='word_1_535' title='bbox 3403 787 3468 824; x_wconf 88' lang='lat' dir='ltr'><strong>ne</strong></span> <span class='ocrx_word' id='word_1_536' title='bbox 3513 772 3622 826; x_wconf 90' lang='lat' dir='ltr'><strong>illic</strong></span> <span class='ocrx_word' id='word_1_537' title='bbox 3650 771 3806 843; x_wconf 85' lang='lat' dir='ltr'><strong>egeni</strong></span> 
     </span>
    </p>
   </div>
   <div class='ocr_carea' id='block_1_67' title="bbox 2225 859 3810 932">
    <p class='ocr_par' dir='ltr' id='par_1_67' title="bbox 2225 859 3810 932">
     <span class='ocr_line' id='line_1_67' title="bbox 2225 859 3810 932; baseline 0.004 -20"><span class='ocrx_word' id='word_1_538' title='bbox 2225 859 2386 913; x_wconf 84' lang='lat' dir='ltr'><strong>simus</strong></span> <span class='ocrx_word' id='word_1_539' title='bbox 2412 859 2595 913; x_wconf 85' lang='lat' dir='ltr'><strong>futuri.</strong></span> <span class='ocrx_word' id='word_1_540' title='bbox 2625 860 2755 915; x_wconf 89' lang='lat' dir='ltr'><strong>Nam</strong></span> <span class='ocrx_word' id='word_1_541' title='bbox 2778 876 2895 931; x_wconf 71' lang='lat' dir='ltr'><strong>qua:</strong></span> <span class='ocrx_word' id='word_1_542' title='bbox 2914 862 3134 928; x_wconf 89' lang='lat' dir='ltr'><strong>utilitas,</strong></span> <span class='ocrx_word' id='word_1_543' title='bbox 3163 863 3214 917; x_wconf 84' lang='lat' dir='ltr'><strong>in</strong></span> <span class='ocrx_word' id='word_1_544' title='bbox 3237 864 3403 918; x_wconf 90' lang='lat' dir='ltr'><strong>aliena</strong></span> <span class='ocrx_word' id='word_1_545' title='bbox 3421 864 3642 932; x_wconf 88' lang='lat' dir='ltr'><strong>regione</strong></span> <span class='ocrx_word' id='word_1_546' title='bbox 3669 863 3810 918; x_wconf 87' lang='lat' dir='ltr'><strong>mul-</strong></span> 
     </span>
    </p>
   </div>
   <div class='ocr_carea' id='block_1_68' title="bbox 2228 950 3807 1024">
    <p class='ocr_par' dir='ltr' id='par_1_68' title="bbox 2228 950 3807 1024">
     <span class='ocr_line' id='line_1_68' title="bbox 2228 950 3807 1024; baseline 0.002 -20"><span class='ocrx_word' id='word_1_547' title='bbox 2228 959 2306 1004; x_wconf 91' lang='lat' dir='ltr'><strong>tas</strong></span> <span class='ocrx_word' id='word_1_548' title='bbox 2335 950 2546 1005; x_wconf 82' lang='lat' dir='ltr'><strong>divitias</strong></span> <span class='ocrx_word' id='word_1_549' title='bbox 2574 952 2892 1021; x_wconf 89' lang='lat' dir='ltr'><strong>relinquere,</strong></span> <span class='ocrx_word' id='word_1_550' title='bbox 2928 953 2979 1005; x_wconf 90' lang='lat' dir='ltr'><strong>in</strong></span> <span class='ocrx_word' id='word_1_551' title='bbox 3011 956 3220 1022; x_wconf 89' lang='lat' dir='ltr'><strong>propria</strong></span> <span class='ocrx_word' id='word_1_552' title='bbox 3248 963 3447 1019; x_wconf 81' lang='lat' dir='ltr'><strong>autem,</strong></span> <span class='ocrx_word' id='word_1_553' title='bbox 3476 962 3532 1008; x_wconf 89' lang='lat' dir='ltr'><strong>et</strong></span> <span class='ocrx_word' id='word_1_554' title='bbox 3554 953 3606 1008; x_wconf 87' lang='lat' dir='ltr'><strong>in</strong></span> <span class='ocrx_word' id='word_1_555' title='bbox 3637 954 3807 1024; x_wconf 87' lang='lat' dir='ltr'><strong>patria</strong></span> 
     </span>
    </p>
   </div>
   <div class='ocr_carea' id='block_1_69' title="bbox 2220 1043 3810 1114">
    <p class='ocr_par' dir='ltr' id='par_1_69' title="bbox 2220 1043 3810 1114">
     <span class='ocr_line' id='line_1_69' title="bbox 2220 1043 3810 1114; baseline 0.002 -17"><span class='ocrx_word' id='word_1_556' title='bbox 2220 1043 2538 1097; x_wconf 84' lang='lat' dir='ltr'><strong>necessariis</strong></span> <span class='ocrx_word' id='word_1_557' title='bbox 2558 1058 2740 1098; x_wconf 86' lang='lat' dir='ltr'><strong>carere</strong></span> <span class='ocrx_word' id='word_1_558' title='bbox 2761 1044 2784 1097; x_wconf 89' lang='lat'><strong>?</strong></span> <span class='ocrx_word' id='word_1_559' title='bbox 2806 1045 2986 1114; x_wconf 79' lang='lat' dir='ltr'><strong>Itaque</strong></span> <span class='ocrx_word' id='word_1_560' title='bbox 3005 1058 3121 1110; x_wconf 89' lang='lat' dir='ltr'><strong>oro,</strong></span> <span class='ocrx_word' id='word_1_561' title='bbox 3147 1044 3461 1100; x_wconf 83' lang='lat' dir='ltr'><strong>festinemus</strong></span> <span class='ocrx_word' id='word_1_562' title='bbox 3484 1045 3618 1100; x_wconf 77' lang='lat' dir='ltr'><strong>dum</strong></span> <span class='ocrx_word' id='word_1_563' title='bbox 3633 1045 3810 1100; x_wconf 76' lang='lat' dir='ltr'><strong>adhuc</strong></span> 
     </span>
    </p>
   </div>
   <div class='ocr_carea' id='block_1_70' title="bbox 2222 1133 3813 1204">
    <p class='ocr_par' dir='ltr' id='par_1_70' title="bbox 2222 1133 3813 1204">
     <span class='ocr_line' id='line_1_70' title="bbox 2222 1133 3813 1204; baseline 0.002 -19"><span class='ocrx_word' id='word_1_564' title='bbox 2222 1139 2428 1202; x_wconf 88' lang='lat' dir='ltr'><strong>tempus</strong></span> <span class='ocrx_word' id='word_1_565' title='bbox 2463 1143 2565 1197; x_wconf 91' lang='lat' dir='ltr'><strong>est,</strong></span> <span class='ocrx_word' id='word_1_566' title='bbox 2615 1143 2671 1188; x_wconf 91' lang='lat' dir='ltr'><strong>ut</strong></span> <span class='ocrx_word' id='word_1_567' title='bbox 2714 1133 2840 1189; x_wconf 89' lang='lat' dir='ltr'><strong>illuc</strong></span> <span class='ocrx_word' id='word_1_568' title='bbox 2875 1134 3256 1188; x_wconf 79' lang='lat' dir='ltr'><strong>transferamus</strong></span> <span class='ocrx_word' id='word_1_569' title='bbox 3293 1135 3452 1189; x_wconf 90' lang='lat' dir='ltr'><strong>etiam</strong></span> <span class='ocrx_word' id='word_1_570' title='bbox 3481 1150 3600 1204; x_wconf 73' lang='lat' dir='ltr'><strong>qute</strong></span> <span class='ocrx_word' id='word_1_571' title='bbox 3629 1135 3683 1189; x_wconf 90' lang='lat' dir='ltr'><strong>in</strong></span> <span class='ocrx_word' id='word_1_572' title='bbox 3711 1135 3813 1189; x_wconf 86' lang='lat' dir='ltr'><strong>hac</strong></span> 
     </span>
    </p>
   </div>
   <div class='ocr_carea' id='block_1_71' title="bbox 2222 1223 3808 1281">
    <p class='ocr_par' dir='ltr' id='par_1_71' title="bbox 2222 1223 3808 1281">
     <span class='ocr_line' id='line_1_71' title="bbox 2222 1223 3808 1281; baseline 0.004 -6"><span class='ocrx_word' id='word_1_573' title='bbox 2222 1223 2390 1277; x_wconf 88' lang='lat' dir='ltr'><strong>aliena</strong></span> <span class='ocrx_word' id='word_1_574' title='bbox 2421 1223 2695 1278; x_wconf 89' lang='lat' dir='ltr'><strong>habemus.</strong></span> <span class='ocrx_word' id='word_1_575' title='bbox 2742 1223 3031 1280; x_wconf 89' lang='lat' dir='ltr'><strong>Enimvero</strong></span> <span class='ocrx_word' id='word_1_576' title='bbox 3052 1225 3174 1280; x_wconf 88' lang='lat' dir='ltr'><strong>licet</strong></span> <span class='ocrx_word' id='word_1_577' title='bbox 3198 1225 3428 1280; x_wconf 87' lang='lat' dir='ltr'><strong>multum</strong></span> <span class='ocrx_word' id='word_1_578' title='bbox 3472 1226 3612 1280; x_wconf 89' lang='lat' dir='ltr'><strong>inter</strong></span> <span class='ocrx_word' id='word_1_579' title='bbox 3637 1240 3698 1281; x_wconf 83' lang='lat' dir='ltr'><strong>se</strong></span> <span class='ocrx_word' id='word_1_580' title='bbox 3727 1224 3808 1281; x_wconf 85' lang='lat' dir='ltr'><strong>di-</strong></span> 
     </span>
    </p>
   </div>
   <div class='ocr_carea' id='block_1_72' title="bbox 2218 1315 3814 1386">
    <p class='ocr_par' dir='ltr' id='par_1_72' title="bbox 2218 1315 3814 1386">
     <span class='ocr_line' id='line_1_72' title="bbox 2218 1315 3814 1386; baseline 0.003 -17"><span class='ocrx_word' id='word_1_581' title='bbox 2218 1323 2384 1381; x_wconf 81' lang='lat' dir='ltr'><strong>stent,</strong></span> <span class='ocrx_word' id='word_1_582' title='bbox 2428 1315 2597 1370; x_wconf 86' lang='lat' dir='ltr'><strong>facilis</strong></span> <span class='ocrx_word' id='word_1_583' title='bbox 2629 1326 2806 1372; x_wconf 88' lang='lat' dir='ltr'><strong>tamen</strong></span> <span class='ocrx_word' id='word_1_584' title='bbox 2833 1327 2916 1372; x_wconf 89' lang='lat' dir='ltr'><strong>est</strong></span> <span class='ocrx_word' id='word_1_585' title='bbox 2943 1319 3282 1374; x_wconf 72' lang='lat' dir='ltr'><strong>transvccﬁo.</strong></span> <span class='ocrx_word' id='word_1_586' title='bbox 3325 1318 3425 1386; x_wconf 86' lang='lat' dir='ltr'><strong>Qui</strong></span> <span class='ocrx_word' id='word_1_587' title='bbox 3461 1320 3604 1374; x_wconf 87' lang='lat' dir='ltr'><strong>enim</strong></span> <span class='ocrx_word' id='word_1_588' title='bbox 3627 1329 3814 1375; x_wconf 76' lang='lat' dir='ltr'><strong>nostra</strong></span> 
     </span>
    </p>
   </div>
   <div class='ocr_carea' id='block_1_73' title="bbox 2223 1403 3814 1479">
    <p class='ocr_par' dir='ltr' id='par_1_73' title="bbox 2223 1403 3814 1479">
     <span class='ocr_line' id='line_1_73' title="bbox 2223 1403 3814 1479; baseline 0.001 -18"><span class='ocrx_word' id='word_1_589' title='bbox 2223 1420 2288 1461; x_wconf 90' lang='lat' dir='ltr'><strong>eo</strong></span> <span class='ocrx_word' id='word_1_590' title='bbox 2317 1406 2638 1460; x_wconf 87' lang='lat' dir='ltr'><strong>transferant</strong></span> <span class='ocrx_word' id='word_1_591' title='bbox 2659 1447 2672 1469; x_wconf 89' lang='lat'><strong>,</strong></span> <span class='ocrx_word' id='word_1_592' title='bbox 2707 1407 2876 1475; x_wconf 90' lang='lat' dir='ltr'><strong>parati</strong></span> <span class='ocrx_word' id='word_1_593' title='bbox 2903 1416 3057 1472; x_wconf 87' lang='lat' dir='ltr'><strong>sunt,</strong></span> <span class='ocrx_word' id='word_1_594' title='bbox 3100 1417 3153 1461; x_wconf 90' lang='lat' dir='ltr'><strong>et</strong></span> <span class='ocrx_word' id='word_1_595' title='bbox 3178 1422 3366 1462; x_wconf 90' lang='lat' dir='ltr'><strong>secure</strong></span> <span class='ocrx_word' id='word_1_596' title='bbox 3391 1403 3516 1462; x_wconf 89' lang='lat' dir='ltr'><strong>illuc</strong></span> <span class='ocrx_word' id='word_1_597' title='bbox 3545 1419 3814 1479; x_wconf 82' lang='lat' dir='ltr'><strong>pergunt,</strong></span> 
     </span>
    </p>
   </div>
   <div class='ocr_carea' id='block_1_74' title="bbox 2217 1495 3812 1568">
    <p class='ocr_par' dir='ltr' id='par_1_74' title="bbox 2217 1495 3812 1568">
     <span class='ocr_line' id='line_1_74' title="bbox 2217 1495 3812 1568; baseline 0.001 -19"><span class='ocrx_word' id='word_1_598' title='bbox 2217 1505 2378 1566; x_wconf 82' lang='lat' dir='ltr'><strong>atque</strong></span> <span class='ocrx_word' id='word_1_599' title='bbox 2419 1497 2470 1550; x_wconf 89' lang='lat' dir='ltr'><strong>in</strong></span> <span class='ocrx_word' id='word_1_600' title='bbox 2506 1498 2755 1550; x_wconf 86' lang='lat' dir='ltr'><strong>thesauro</strong></span> <span class='ocrx_word' id='word_1_601' title='bbox 2781 1495 3177 1565; x_wconf 71' lang='lat' dir='ltr'><strong>indeprzedabili</strong></span> <span class='ocrx_word' id='word_1_602' title='bbox 3207 1511 3267 1550; x_wconf 87' lang='lat' dir='ltr'><strong>ea</strong></span> <span class='ocrx_word' id='word_1_603' title='bbox 3300 1507 3607 1566; x_wconf 86' lang='lat' dir='ltr'><strong>reponunt,</strong></span> <span class='ocrx_word' id='word_1_604' title='bbox 3658 1511 3812 1568; x_wconf 77' lang='lat' dir='ltr'><strong>qua:-</strong></span> 
     </span>
    </p>
   </div>
   <div class='ocr_carea' id='block_1_75' title="bbox 2221 1586 3810 1657">
    <p class='ocr_par' dir='ltr' id='par_1_75' title="bbox 2221 1586 3810 1657">
     <span class='ocr_line' id='line_1_75' title="bbox 2221 1586 3810 1657; baseline -0.003 -12"><span class='ocrx_word' id='word_1_605' title='bbox 2221 1603 2446 1657; x_wconf 84' lang='lat' dir='ltr'><strong>cumquc</strong></span> <span class='ocrx_word' id='word_1_606' title='bbox 2479 1601 2572 1655; x_wconf 88' lang='lat' dir='ltr'><strong>per</strong></span> <span class='ocrx_word' id='word_1_607' title='bbox 2598 1587 2809 1641; x_wconf 86' lang='lat' dir='ltr'><strong>illorum</strong></span> <span class='ocrx_word' id='word_1_608' title='bbox 2854 1601 3045 1640; x_wconf 86' lang='lat' dir='ltr'><strong>manus</strong></span> <span class='ocrx_word' id='word_1_609' title='bbox 3089 1586 3414 1655; x_wconf 67' lang='lat' dir='ltr'><strong>prtemittere</strong></span> <span class='ocrx_word' id='word_1_610' title='bbox 3459 1587 3810 1656; x_wconf 75' lang='lat' dir='ltr'><strong>potuerimus.</strong></span> 
     </span>
    </p>
   </div>
   <div class='ocr_carea' id='block_1_76' title="bbox 2225 1677 3814 1748">
    <p class='ocr_par' dir='ltr' id='par_1_76' title="bbox 2225 1677 3814 1748">
     <span class='ocr_line' id='line_1_76' title="bbox 2225 1677 3814 1748; baseline 0 -14"><span class='ocrx_word' id='word_1_611' title='bbox 2225 1679 2520 1748; x_wconf 83' lang='lat' dir='ltr'><strong>Paupcrum</strong></span> <span class='ocrx_word' id='word_1_612' title='bbox 2563 1679 2706 1732; x_wconf 84' lang='lat' dir='ltr'><strong>enim</strong></span> <span class='ocrx_word' id='word_1_613' title='bbox 2753 1693 2945 1732; x_wconf 85' lang='lat' dir='ltr'><strong>manus</strong></span> <span class='ocrx_word' id='word_1_614' title='bbox 2969 1678 3019 1731; x_wconf 91' lang='lat' dir='ltr'><strong>in</strong></span> <span class='ocrx_word' id='word_1_615' title='bbox 3058 1677 3291 1732; x_wconf 72' lang='lat' dir='ltr'><strong>caelestia</strong></span> <span class='ocrx_word' id='word_1_616' title='bbox 3320 1679 3684 1748; x_wconf 85' lang='lat' dir='ltr'><strong>promptuaria</strong></span> <span class='ocrx_word' id='word_1_617' title='bbox 3710 1678 3814 1734; x_wconf 87' lang='lat' dir='ltr'><strong>sibi</strong></span> 
     </span>
    </p>
   </div>
   <div class='ocr_carea' id='block_1_77' title="bbox 2225 1767 3814 1838">
    <p class='ocr_par' dir='ltr' id='par_1_77' title="bbox 2225 1767 3814 1838">
     <span class='ocr_line' id='line_1_77' title="bbox 2225 1767 3814 1838; baseline -0.001 -14"><span class='ocrx_word' id='word_1_618' title='bbox 2225 1771 2412 1824; x_wconf 85' lang='lat' dir='ltr'><strong>enllata</strong></span> <span class='ocrx_word' id='word_1_619' title='bbox 2452 1768 2590 1822; x_wconf 85' lang='lat' dir='ltr'><strong>dona</strong></span> <span class='ocrx_word' id='word_1_620' title='bbox 2634 1777 2811 1821; x_wconf 85' lang='lat' dir='ltr'><strong>nostra</strong></span> <span class='ocrx_word' id='word_1_621' title='bbox 2853 1776 3132 1836; x_wconf 79' lang='lat' dir='ltr'><strong>reponunt.</strong></span> <span class='ocrx_word' id='word_1_622' title='bbox 3161 1767 3424 1834; x_wconf 80' lang='lat' dir='ltr'><strong>Quoniam</strong></span> <span class='ocrx_word' id='word_1_623' title='bbox 3465 1769 3626 1838; x_wconf 89' lang='lat' dir='ltr'><strong>igitur</strong></span> <span class='ocrx_word' id='word_1_624' title='bbox 3665 1777 3814 1823; x_wconf 82' lang='lat' dir='ltr'><strong>tanta</strong></span> 
     </span>
    </p>
   </div>
   <div class='ocr_carea' id='block_1_78' title="bbox 2225 1859 3813 1928">
    <p class='ocr_par' dir='ltr' id='par_1_78' title="bbox 2225 1859 3813 1928">
     <span class='ocr_line' id='line_1_78' title="bbox 2225 1859 3813 1928; baseline 0.001 -15"><span class='ocrx_word' id='word_1_625' title='bbox 2225 1868 2279 1913; x_wconf 85' lang='lat' dir='ltr'><strong>et</strong></span> <span class='ocrx_word' id='word_1_626' title='bbox 2315 1859 2536 1912; x_wconf 83' lang='lat' dir='ltr'><strong>facilitas</strong></span> <span class='ocrx_word' id='word_1_627' title='bbox 2573 1869 2627 1913; x_wconf 93' lang='lat' dir='ltr'><strong>et</strong></span> <span class='ocrx_word' id='word_1_628' title='bbox 2649 1860 2906 1913; x_wconf 87' lang='lat' dir='ltr'><strong>securitas</strong></span> <span class='ocrx_word' id='word_1_629' title='bbox 2943 1868 3048 1923; x_wconf 88' lang='lat' dir='ltr'><strong>est,</strong></span> <span class='ocrx_word' id='word_1_630' title='bbox 3079 1873 3244 1928; x_wconf 88' lang='lat' dir='ltr'><strong>quare</strong></span> <span class='ocrx_word' id='word_1_631' title='bbox 3284 1873 3554 1915; x_wconf 89' lang='lat' dir='ltr'><strong>moramur</strong></span> <span class='ocrx_word' id='word_1_632' title='bbox 3575 1902 3591 1926; x_wconf 96' lang='lat'><strong>,</strong></span> <span class='ocrx_word' id='word_1_633' title='bbox 3622 1869 3680 1914; x_wconf 90' lang='lat' dir='ltr'><strong>et</strong></span> <span class='ocrx_word' id='word_1_634' title='bbox 3705 1875 3813 1915; x_wconf 88' lang='lat' dir='ltr'><strong>non</strong></span> 
     </span>
    </p>
   </div>
   <div class='ocr_carea' id='block_1_79' title="bbox 2225 1951 3810 2020">
    <p class='ocr_par' dir='ltr' id='par_1_79' title="bbox 2225 1951 3810 2020">
     <span class='ocr_line' id='line_1_79' title="bbox 2225 1951 3810 2020; baseline 0.003 -16"><span class='ocrx_word' id='word_1_635' title='bbox 2225 1952 2365 2005; x_wconf 89' lang='lat' dir='ltr'><strong>omni</strong></span> <span class='ocrx_word' id='word_1_636' title='bbox 2396 1951 2570 2005; x_wconf 89' lang='lat' dir='ltr'><strong>studio</strong></span> <span class='ocrx_word' id='word_1_637' title='bbox 2597 1951 2699 2008; x_wconf 86' lang='lat' dir='ltr'><strong>hoc</strong></span> <span class='ocrx_word' id='word_1_638' title='bbox 2728 1951 2979 2016; x_wconf 83' lang='lat' dir='ltr'><strong>facimus,</strong></span> <span class='ocrx_word' id='word_1_639' title='bbox 3012 1961 3068 2007; x_wconf 88' lang='lat' dir='ltr'><strong>ut</strong></span> <span class='ocrx_word' id='word_1_640' title='bbox 3099 1952 3168 2006; x_wconf 91' lang='lat' dir='ltr'><strong>ibi</strong></span> <span class='ocrx_word' id='word_1_641' title='bbox 3198 1967 3258 2008; x_wconf 88' lang='lat' dir='ltr'><strong>ea</strong></span> <span class='ocrx_word' id='word_1_642' title='bbox 3303 1953 3675 2020; x_wconf 88' lang='lat' dir='ltr'><strong>inveniamus,</strong></span> <span class='ocrx_word' id='word_1_643' title='bbox 3716 1954 3810 2008; x_wconf 89' lang='lat' dir='ltr'><strong>ubi</strong></span> 
     </span>
    </p>
   </div>
   <div class='ocr_carea' id='block_1_80' title="bbox 2216 2043 3810 2117">
    <p class='ocr_par' dir='ltr' id='par_1_80' title="bbox 2216 2043 3810 2117">
     <span class='ocr_line' id='line_1_80' title="bbox 2216 2043 3810 2117; baseline 0.003 -20"><span class='ocrx_word' id='word_1_644' title='bbox 2216 2046 2301 2097; x_wconf 72' lang='lat' dir='ltr'><strong>eis</strong></span> <span class='ocrx_word' id='word_1_645' title='bbox 2328 2045 2554 2098; x_wconf 83' lang='lat' dir='ltr'><strong>maxime</strong></span> <span class='ocrx_word' id='word_1_646' title='bbox 2581 2060 2717 2113; x_wconf 83' lang='lat' dir='ltr'><strong>opus</strong></span> <span class='ocrx_word' id='word_1_647' title='bbox 2740 2044 2878 2098; x_wconf 86' lang='lat' dir='ltr'><strong>erit?</strong></span> <span class='ocrx_word' id='word_1_648' title='bbox 2900 2043 3184 2114; x_wconf 79' lang='lat' dir='ltr'><strong>Propterea</strong></span> <span class='ocrx_word' id='word_1_649' title='bbox 3214 2046 3508 2115; x_wconf 87' lang='lat' dir='ltr'><strong>patriarcha</strong></span> <span class='ocrx_word' id='word_1_650' title='bbox 3533 2047 3630 2102; x_wconf 90' lang='lat' dir='ltr'><strong>ille</strong></span> <span class='ocrx_word' id='word_1_651' title='bbox 3651 2047 3810 2117; x_wconf 86' lang='lat' dir='ltr'><strong>quasi</strong></span> 
     </span>
    </p>
   </div>
   <div class='ocr_carea' id='block_1_81' title="bbox 2223 2135 3814 2206">
    <p class='ocr_par' dir='ltr' id='par_1_81' title="bbox 2223 2135 3814 2206">
     <span class='ocr_line' id='line_1_81' title="bbox 2223 2135 3814 2206; baseline 0.001 -17"><span class='ocrx_word' id='word_1_652' title='bbox 2223 2136 2450 2190; x_wconf 90' lang='lat' dir='ltr'><strong>alienam</strong></span> <span class='ocrx_word' id='word_1_653' title='bbox 2477 2135 2733 2190; x_wconf 90' lang='lat' dir='ltr'><strong>inhabitat</strong></span> <span class='ocrx_word' id='word_1_654' title='bbox 2758 2135 3132 2200; x_wconf 75' lang='lat' dir='ltr'><strong>Chanantnam,</strong></span> <span class='ocrx_word' id='word_1_655' title='bbox 3161 2137 3282 2205; x_wconf 88' lang='lat' dir='ltr'><strong>quia</strong></span> <span class='ocrx_word' id='word_1_656' title='bbox 3306 2137 3445 2190; x_wconf 90' lang='lat' dir='ltr'><strong>illam</strong></span> <span class='ocrx_word' id='word_1_657' title='bbox 3471 2136 3814 2206; x_wconf 70' lang='lat' dir='ltr'><strong>Eupectabat</strong></span> 
     </span>
    </p>
   </div>
   <div class='ocr_carea' id='block_1_82' title="bbox 2225 2225 3806 2299">
    <p class='ocr_par' dir='ltr' id='par_1_82' title="bbox 2225 2225 3806 2299">
     <span class='ocr_line' id='line_1_82' title="bbox 2225 2225 3806 2299; baseline 0.002 -21"><span class='ocrx_word' id='word_1_658' title='bbox 2225 2227 2498 2290; x_wconf 86' lang='lat' dir='ltr'><strong>civitatem,</strong></span> <span class='ocrx_word' id='word_1_659' title='bbox 2531 2227 2678 2295; x_wconf 84' lang='lat' dir='ltr'><strong>cujus</strong></span> <span class='ocrx_word' id='word_1_660' title='bbox 2705 2227 2877 2297; x_wconf 74' lang='lat' dir='ltr'><strong>api/&quot;ea;</strong></span> <span class='ocrx_word' id='word_1_661' title='bbox 2901 2234 2947 2281; x_wconf 83' lang='lat' dir='ltr'><strong>et</strong></span> <span class='ocrx_word' id='word_1_662' title='bbox 2970 2225 3201 2280; x_wconf 81' lang='lat' dir='ltr'><strong>conditor</strong></span> <span class='ocrx_word' id='word_1_663' title='bbox 3225 2236 3296 2280; x_wconf 87' lang='lat' dir='ltr'><strong>est</strong></span> <span class='ocrx_word' id='word_1_664' title='bbox 3324 2225 3460 2280; x_wconf 85' lang='lat' dir='ltr'><strong>Deus</strong></span> <span class='ocrx_word' id='word_1_665' title='bbox 3489 2225 3690 2299; x_wconf 81' lang='lat' dir='ltr'><strong>(Hebr.</strong></span> <span class='ocrx_word' id='word_1_666' title='bbox 3716 2228 3806 2282; x_wconf 77' lang='lat' dir='ltr'><strong>ll.</strong></span> 
     </span>
    </p>
   </div>
   <div class='ocr_carea' id='block_1_83' title="bbox 2227 2315 3816 2388">
    <p class='ocr_par' dir='ltr' id='par_1_83' title="bbox 2227 2315 3816 2388">
     <span class='ocr_line' id='line_1_83' title="bbox 2227 2315 3816 2388; baseline 0.003 -18"><span class='ocrx_word' id='word_1_667' title='bbox 2227 2316 2348 2385; x_wconf 70' lang='grc'><strong>10).</strong></span> <span class='ocrx_word' id='word_1_668' title='bbox 2376 2315 2429 2371; x_wconf 85' lang='lat' dir='ltr'><strong>Si</strong></span> <span class='ocrx_word' id='word_1_669' title='bbox 2461 2318 2618 2388; x_wconf 87' lang='lat' dir='ltr'><strong>igitur</strong></span> <span class='ocrx_word' id='word_1_670' title='bbox 2648 2316 2969 2372; x_wconf 86' lang='lat' dir='ltr'><strong>voluerimus</strong></span> <span class='ocrx_word' id='word_1_671' title='bbox 2992 2316 3195 2385; x_wconf 83' lang='lat' dir='ltr'><strong>justum</strong></span> <span class='ocrx_word' id='word_1_672' title='bbox 3221 2315 3361 2372; x_wconf 89' lang='lat' dir='ltr'><strong>hunc</strong></span> <span class='ocrx_word' id='word_1_673' title='bbox 3383 2316 3601 2385; x_wconf 89' lang='lat' dir='ltr'><strong>imitari,</strong></span> <span class='ocrx_word' id='word_1_674' title='bbox 3628 2325 3687 2374; x_wconf 89' lang='lat' dir='ltr'><strong>et</strong></span> <span class='ocrx_word' id='word_1_675' title='bbox 3712 2332 3816 2374; x_wconf 83' lang='lat' dir='ltr'><strong>nos</strong></span> 
     </span>
    </p>
   </div>
   <div class='ocr_carea' id='block_1_84' title="bbox 2225 2406 3816 2478">
    <p class='ocr_par' dir='ltr' id='par_1_84' title="bbox 2225 2406 3816 2478">
     <span class='ocr_line' id='line_1_84' title="bbox 2225 2406 3816 2478; baseline 0.002 -19"><span class='ocrx_word' id='word_1_676' title='bbox 2225 2406 2282 2460; x_wconf 74' lang='lat' dir='ltr'><strong>in</strong></span> <span class='ocrx_word' id='word_1_677' title='bbox 2306 2406 2446 2460; x_wconf 89' lang='lat' dir='ltr'><strong>illam</strong></span> <span class='ocrx_word' id='word_1_678' title='bbox 2473 2420 2852 2473; x_wconf 84' lang='lat' dir='ltr'><strong>occurremus,</strong></span> <span class='ocrx_word' id='word_1_679' title='bbox 2892 2414 2946 2461; x_wconf 90' lang='lat' dir='ltr'><strong>et</strong></span> <span class='ocrx_word' id='word_1_680' title='bbox 2987 2407 3039 2460; x_wconf 89' lang='lat' dir='ltr'><strong>in</strong></span> <span class='ocrx_word' id='word_1_681' title='bbox 3082 2407 3258 2461; x_wconf 88' lang='lat' dir='ltr'><strong>sinum</strong></span> <span class='ocrx_word' id='word_1_682' title='bbox 3283 2407 3599 2478; x_wconf 79' lang='lat' dir='ltr'><strong>patriarcha:</strong></span> <span class='ocrx_word' id='word_1_683' title='bbox 3626 2408 3816 2463; x_wconf 82' lang='lat' dir='ltr'><strong>venie-</strong></span> 
     </span>
    </p>
   </div>
   <div class='ocr_carea' id='block_1_85' title="bbox 2228 2497 3817 2568">
    <p class='ocr_par' dir='ltr' id='par_1_85' title="bbox 2228 2497 3817 2568">
     <span class='ocr_line' id='line_1_85' title="bbox 2228 2497 3817 2568; baseline 0.002 -16"><span class='ocrx_word' id='word_1_684' title='bbox 2228 2513 2365 2552; x_wconf 90' lang='lat' dir='ltr'><strong>mus.</strong></span> <span class='ocrx_word' id='word_1_685' title='bbox 2396 2498 2627 2568; x_wconf 89' lang='lat' dir='ltr'><strong>Operum</strong></span> <span class='ocrx_word' id='word_1_686' title='bbox 2658 2498 2797 2553; x_wconf 90' lang='lat' dir='ltr'><strong>enim</strong></span> <span class='ocrx_word' id='word_1_687' title='bbox 2827 2499 3134 2553; x_wconf 85' lang='lat' dir='ltr'><strong>communio</strong></span> <span class='ocrx_word' id='word_1_688' title='bbox 3171 2499 3328 2554; x_wconf 88' lang='lat' dir='ltr'><strong>etiam</strong></span> <span class='ocrx_word' id='word_1_689' title='bbox 3372 2497 3637 2554; x_wconf 86' lang='lat' dir='ltr'><strong>fruitionis</strong></span> <span class='ocrx_word' id='word_1_690' title='bbox 3664 2514 3817 2555; x_wconf 80' lang='lat' dir='ltr'><strong>corn-</strong></span> 
     </span>
    </p>
   </div>
   <div class='ocr_carea' id='block_1_86' title="bbox 2229 2588 3820 2659">
    <p class='ocr_par' dir='ltr' id='par_1_86' title="bbox 2229 2588 3820 2659">
     <span class='ocr_line' id='line_1_86' title="bbox 2229 2588 3820 2659; baseline 0.001 -14"><span class='ocrx_word' id='word_1_691' title='bbox 2229 2591 2532 2645; x_wconf 89' lang='lat' dir='ltr'><strong>munionem</strong></span> <span class='ocrx_word' id='word_1_692' title='bbox 2565 2599 2800 2659; x_wconf 81' lang='lat' dir='ltr'><strong>praestat.</strong></span> <span class='ocrx_word' id='word_1_693' title='bbox 2851 2588 3048 2644; x_wconf 82' lang='lat' dir='ltr'><strong>Verum</strong></span> <span class='ocrx_word' id='word_1_694' title='bbox 3093 2589 3138 2644; x_wconf 88' lang='lat' dir='ltr'><strong>si</strong></span> <span class='ocrx_word' id='word_1_695' title='bbox 3167 2589 3368 2658; x_wconf 87' lang='lat' dir='ltr'><strong>placet,</strong></span> <span class='ocrx_word' id='word_1_696' title='bbox 3415 2589 3698 2646; x_wconf 88' lang='lat' dir='ltr'><strong>redeamus</strong></span> <span class='ocrx_word' id='word_1_697' title='bbox 3745 2604 3820 2653; x_wconf 74' lang='lat' dir='ltr'><strong>tu</strong></span> 
     </span>
    </p>
   </div>
   <div class='ocr_carea' id='block_1_87' title="bbox 2229 2679 3817 2749">
    <p class='ocr_par' dir='ltr' id='par_1_87' title="bbox 2229 2679 3817 2749">
     <span class='ocr_line' id='line_1_87' title="bbox 2229 2679 3817 2749; baseline 0.001 -12"><span class='ocrx_word' id='word_1_698' title='bbox 2229 2681 2492 2737; x_wconf 80' lang='lat' dir='ltr'><strong>sermonis</strong></span> <span class='ocrx_word' id='word_1_699' title='bbox 2522 2680 2713 2735; x_wconf 87' lang='lat' dir='ltr'><strong>seriem</strong></span> <span class='ocrx_word' id='word_1_700' title='bbox 2741 2719 2757 2745; x_wconf 88' lang='lat'><strong>,</strong></span> <span class='ocrx_word' id='word_1_701' title='bbox 2801 2689 2856 2735; x_wconf 83' lang='lat' dir='ltr'><strong>et</strong></span> <span class='ocrx_word' id='word_1_702' title='bbox 2899 2680 3171 2735; x_wconf 84' lang='lat' dir='ltr'><strong>videamus</strong></span> <span class='ocrx_word' id='word_1_703' title='bbox 3200 2687 3321 2749; x_wconf 84' lang='lat' dir='ltr'><strong>post</strong></span> <span class='ocrx_word' id='word_1_704' title='bbox 3365 2679 3540 2736; x_wconf 69' lang='lat' dir='ltr'><strong>Sarra:</strong></span> <span class='ocrx_word' id='word_1_705' title='bbox 3583 2690 3817 2738; x_wconf 75' lang='lat' dir='ltr'><strong>mortem</strong></span> 
     </span>
    </p>
   </div>
   <div class='ocr_carea' id='block_1_88' title="bbox 2231 2770 3824 2842">
    <p class='ocr_par' dir='ltr' id='par_1_88' title="bbox 2231 2770 3824 2842">
     <span class='ocr_line' id='line_1_88' title="bbox 2231 2770 3824 2842; baseline 0.003 -18"><span class='ocrx_word' id='word_1_706' title='bbox 2231 2781 2478 2842; x_wconf 88' lang='lat' dir='ltr'><strong>quantam</strong></span> <span class='ocrx_word' id='word_1_707' title='bbox 2516 2770 2689 2838; x_wconf 87' lang='lat' dir='ltr'><strong>justus</strong></span> <span class='ocrx_word' id='word_1_708' title='bbox 2711 2785 2894 2825; x_wconf 88' lang='lat' dir='ltr'><strong>curam</strong></span> <span class='ocrx_word' id='word_1_709' title='bbox 2918 2770 3026 2840; x_wconf 89' lang='lat' dir='ltr'><strong>agit</strong></span> <span class='ocrx_word' id='word_1_710' title='bbox 3054 2770 3147 2824; x_wconf 89' lang='lat' dir='ltr'><strong>filii</strong></span> <span class='ocrx_word' id='word_1_711' title='bbox 3171 2810 3185 2837; x_wconf 92' lang='lat'><strong>,</strong></span> <span class='ocrx_word' id='word_1_712' title='bbox 3234 2770 3398 2825; x_wconf 88' lang='lat' dir='ltr'><strong>lsaaci</strong></span> <span class='ocrx_word' id='word_1_713' title='bbox 3440 2771 3581 2827; x_wconf 91' lang='lat' dir='ltr'><strong>dico.</strong></span> <span class='ocrx_word' id='word_1_714' title='bbox 3613 2771 3824 2828; x_wconf 70' lang='lat' dir='ltr'><strong>Audieo</strong></span> 
     </span>
    </p>
   </div>
   <div class='ocr_carea' id='block_1_89' title="bbox 2230 2861 3818 2933">
    <p class='ocr_par' dir='ltr' id='par_1_89' title="bbox 2230 2861 3818 2933">
     <span class='ocr_line' id='line_1_89' title="bbox 2230 2861 3818 2933; baseline -0.002 -15"><span class='ocrx_word' id='word_1_715' title='bbox 2230 2879 2346 2918; x_wconf 88' lang='lat' dir='ltr'><strong>mus</strong></span> <span class='ocrx_word' id='word_1_716' title='bbox 2365 2864 2519 2933; x_wconf 90' lang='lat' dir='ltr'><strong>igitur</strong></span> <span class='ocrx_word' id='word_1_717' title='bbox 2538 2864 2770 2917; x_wconf 88' lang='lat' dir='ltr'><strong>divinam</strong></span> <span class='ocrx_word' id='word_1_718' title='bbox 2799 2863 3127 2932; x_wconf 89' lang='lat' dir='ltr'><strong>Scripturam</strong></span> <span class='ocrx_word' id='word_1_719' title='bbox 3149 2862 3303 2917; x_wconf 90' lang='lat' dir='ltr'><strong>nobis</strong></span> <span class='ocrx_word' id='word_1_720' title='bbox 3324 2873 3650 2918; x_wconf 88' lang='lat' dir='ltr'><strong>narrantem.</strong></span> <span class='ocrx_word' id='word_1_721' title='bbox 3675 2863 3732 2917; x_wconf 78' lang='grc'><strong>1.·</strong></span> <span class='ocrx_word' id='word_1_722' title='bbox 3749 2861 3818 2916; x_wconf 79' lang='lat' dir='ltr'><strong>G&#39;</strong></span> 
     </span>
    </p>
   </div>
   <div class='ocr_carea' id='block_1_90' title="bbox 2229 2952 3828 3024">
    <p class='ocr_par' dir='ltr' id='par_1_90' title="bbox 2229 2952 3828 3024">
     <span class='ocr_line' id='line_1_90' title="bbox 2229 2952 3828 3024; baseline 0.001 -15"><span class='ocrx_word' id='word_1_723' title='bbox 2229 2956 2483 3009; x_wconf 82' lang='lat' dir='ltr'><strong>Abraham</strong></span> <span class='ocrx_word' id='word_1_724' title='bbox 2507 2963 2612 3008; x_wconf 86' lang='lat' dir='ltr'><strong>erat</strong></span> <span class='ocrx_word' id='word_1_725' title='bbox 2638 2970 2790 3009; x_wconf 70' lang='lat' dir='ltr'><strong>senes</strong></span> <span class='ocrx_word' id='word_1_726' title='bbox 2808 2995 2821 3018; x_wconf 94' lang='lat'><strong>,</strong></span> <span class='ocrx_word' id='word_1_727' title='bbox 2849 2963 3109 3024; x_wconf 80' lang='lat' dir='ltr'><strong>provectus</strong></span> <span class='ocrx_word' id='word_1_728' title='bbox 3131 2954 3328 3008; x_wconf 79' lang='lat' dir='ltr'><strong>diebus.</strong></span> <span class='ocrx_word' id='word_1_729' title='bbox 3360 2952 3425 3008; x_wconf 87' lang='lat' dir='ltr'><strong>Et</strong></span> <span class='ocrx_word' id='word_1_730' title='bbox 3449 2953 3703 3009; x_wconf 79' lang='lat' dir='ltr'><strong>Dominus</strong></span> <span class='ocrx_word' id='word_1_731' title='bbox 3731 2955 3828 3010; x_wconf 78' lang='lat' dir='ltr'><strong>bt-</strong></span> 
     </span>
    </p>
   </div>
   <div class='ocr_carea' id='block_1_91' title="bbox 2231 3044 3822 3116">
    <p class='ocr_par' dir='ltr' id='par_1_91' title="bbox 2231 3044 3822 3116">
     <span class='ocr_line' id='line_1_91' title="bbox 2231 3044 3822 3116; baseline -0.002 -13"><span class='ocrx_word' id='word_1_732' title='bbox 2231 3049 2420 3104; x_wconf 74' lang='lat' dir='ltr'><strong>ucdixit</strong></span> <span class='ocrx_word' id='word_1_733' title='bbox 2443 3047 2700 3103; x_wconf 81' lang='lat' dir='ltr'><strong>Abraham</strong></span> <span class='ocrx_word' id='word_1_734' title='bbox 2724 3062 2810 3116; x_wconf 85' lang='lat' dir='ltr'><strong>per</strong></span> <span class='ocrx_word' id='word_1_735' title='bbox 2829 3045 3001 3100; x_wconf 81' lang='lat' dir='ltr'><strong>omnia</strong></span> <span class='ocrx_word' id='word_1_736' title='bbox 3027 3044 3188 3115; x_wconf 89' lang='lat' dir='ltr'><strong>(Cap.</strong></span> <span class='ocrx_word' id='word_1_737' title='bbox 3219 3044 3290 3100; x_wconf 74' lang='grc'><strong>24</strong></span> <span class='ocrx_word' id='word_1_738' title='bbox 3309 3047 3348 3113; x_wconf 91' lang='grc'><strong>).</strong></span> <span class='ocrx_word' id='word_1_739' title='bbox 3371 3045 3546 3112; x_wconf 86' lang='lat' dir='ltr'><strong>Quare</strong></span> <span class='ocrx_word' id='word_1_740' title='bbox 3573 3045 3687 3100; x_wconf 65' lang='lat' dir='ltr'><strong>huic</strong></span> <span class='ocrx_word' id='word_1_741' title='bbox 3713 3060 3822 3100; x_wconf 81' lang='lat' dir='ltr'><strong>no-</strong></span> 
     </span>
    </p>
   </div>
   <div class='ocr_carea' id='block_1_92' title="bbox 2233 3133 3828 3210">
    <p class='ocr_par' dir='ltr' id='par_1_92' title="bbox 2233 3133 3828 3210">
     <span class='ocr_line' id='line_1_92' title="bbox 2233 3133 3828 3210; baseline -0.002 -15"><span class='ocrx_word' id='word_1_742' title='bbox 2233 3140 2316 3195; x_wconf 87' lang='lat' dir='ltr'><strong>bis</strong></span> <span class='ocrx_word' id='word_1_743' title='bbox 2343 3133 2630 3210; x_wconf 75' lang='lat' dir='ltr'><strong>assign&#39;avit</strong></span> <span class='ocrx_word' id='word_1_744' title='bbox 2668 3137 2982 3208; x_wconf 76' lang='lat' dir='ltr'><strong>Scriptura?</strong></span> <span class='ocrx_word' id='word_1_745' title='bbox 3027 3137 3162 3205; x_wconf 83' lang='lat' dir='ltr'><strong>Quia</strong></span> <span class='ocrx_word' id='word_1_746' title='bbox 3190 3136 3488 3207; x_wconf 77' lang='lat' dir='ltr'><strong>patriarcha</strong></span> <span class='ocrx_word' id='word_1_747' title='bbox 3533 3139 3828 3209; x_wconf 83' lang='lat' dir='ltr'><strong>diligenter</strong></span> 
     </span>
    </p>
   </div>
   <div class='ocr_carea' id='block_1_93' title="bbox 2233 3227 3825 3299">
    <p class='ocr_par' dir='ltr' id='par_1_93' title="bbox 2233 3227 3825 3299">
     <span class='ocr_line' id='line_1_93' title="bbox 2233 3227 3825 3299; baseline -0.004 -12"><span class='ocrx_word' id='word_1_748' title='bbox 2233 3241 2515 3287; x_wconf 81' lang='lat' dir='ltr'><strong>curaturus</strong></span> <span class='ocrx_word' id='word_1_749' title='bbox 2554 3239 2669 3285; x_wconf 88' lang='lat' dir='ltr'><strong>erat</strong></span> <span class='ocrx_word' id='word_1_750' title='bbox 2706 3239 2760 3284; x_wconf 92' lang='lat' dir='ltr'><strong>ut</strong></span> <span class='ocrx_word' id='word_1_751' title='bbox 2792 3243 2986 3299; x_wconf 88' lang='lat' dir='ltr'><strong>sponsa</strong></span> <span class='ocrx_word' id='word_1_752' title='bbox 3035 3228 3222 3284; x_wconf 77' lang='lat' dir='ltr'><strong>isaaco</strong></span> <span class='ocrx_word' id='word_1_753' title='bbox 3258 3227 3647 3292; x_wconf 85' lang='lat' dir='ltr'><strong>adduceretur,</strong></span> <span class='ocrx_word' id='word_1_754' title='bbox 3695 3227 3825 3281; x_wconf 77' lang='lat' dir='ltr'><strong>ideo</strong></span> 
     </span>
    </p>
   </div>
   <div class='ocr_carea' id='block_1_94' title="bbox 2234 3315 3818 3390">
    <p class='ocr_par' dir='ltr' id='par_1_94' title="bbox 2234 3315 3818 3390">
     <span class='ocr_line' id='line_1_94' title="bbox 2234 3315 3818 3390; baseline -0.002 -16"><span class='ocrx_word' id='word_1_755' title='bbox 2234 3321 2384 3376; x_wconf 80' lang='lat' dir='ltr'><strong>nobis</strong></span> <span class='ocrx_word' id='word_1_756' title='bbox 2409 3320 2525 3390; x_wconf 87' lang='lat' dir='ltr'><strong>ejus</strong></span> <span class='ocrx_word' id='word_1_757' title='bbox 2550 3328 2760 3374; x_wconf 81' lang='lat' dir='ltr'><strong>:ntatem</strong></span> <span class='ocrx_word' id='word_1_758' title='bbox 2802 3319 3108 3388; x_wconf 85' lang='lat' dir='ltr'><strong>assignavit.</strong></span> <span class='ocrx_word' id='word_1_759' title='bbox 3147 3316 3369 3385; x_wconf 87' lang='lat' dir='ltr'><strong>Quando</strong></span> <span class='ocrx_word' id='word_1_760' title='bbox 3397 3315 3538 3372; x_wconf 75' lang='lat' dir='ltr'><strong>enim</strong></span> <span class='ocrx_word' id='word_1_761' title='bbox 3559 3358 3576 3383; x_wconf 91' lang='lat'><strong>,</strong></span> <span class='ocrx_word' id='word_1_762' title='bbox 3603 3315 3777 3386; x_wconf 83' lang='lat' dir='ltr'><strong>inquit</strong></span> <span class='ocrx_word' id='word_1_763' title='bbox 3802 3358 3818 3381; x_wconf 90' lang='lat'><strong>,</strong></span> 
     </span>
    </p>
   </div>
   <div class='ocr_carea' id='block_1_95' title="bbox 2235 3406 3820 3478">
    <p class='ocr_par' dir='ltr' id='par_1_95' title="bbox 2235 3406 3820 3478">
     <span class='ocr_line' id='line_1_95' title="bbox 2235 3406 3820 3478; baseline -0.003 -12"><span class='ocrx_word' id='word_1_764' title='bbox 2235 3413 2297 3466; x_wconf 87' lang='lat' dir='ltr'><strong>ad</strong></span> <span class='ocrx_word' id='word_1_765' title='bbox 2326 3423 2620 3468; x_wconf 80' lang='lat' dir='ltr'><strong>extremam</strong></span> <span class='ocrx_word' id='word_1_766' title='bbox 2648 3418 2976 3466; x_wconf 88' lang='lat' dir='ltr'><strong>senectutem</strong></span> <span class='ocrx_word' id='word_1_767' title='bbox 3007 3409 3272 3478; x_wconf 84' lang='lat' dir='ltr'><strong>pervenit,</strong></span> <span class='ocrx_word' id='word_1_768' title='bbox 3302 3408 3489 3464; x_wconf 85' lang='lat' dir='ltr'><strong>volens</strong></span> <span class='ocrx_word' id='word_1_769' title='bbox 3513 3406 3761 3462; x_wconf 83' lang='lat' dir='ltr'><strong>lsaacum</strong></span> <span class='ocrx_word' id='word_1_770' title='bbox 3788 3422 3820 3461; x_wconf 89' lang='lat' dir='ltr'><strong>a</strong></span> 
     </span>
    </p>
   </div>
   <div class='ocr_carea' id='block_1_96' title="bbox 2234 3497 3822 3571">
    <p class='ocr_par' dir='ltr' id='par_1_96' title="bbox 2234 3497 3822 3571">
     <span class='ocr_line' id='line_1_96' title="bbox 2234 3497 3822 3571; baseline -0.006 -12"><span class='ocrx_word' id='word_1_771' title='bbox 2234 3504 2652 3559; x_wconf 72' lang='lat' dir='ltr'><strong>Chananzrorum</strong></span> <span class='ocrx_word' id='word_1_772' title='bbox 2683 3499 2998 3571; x_wconf 84' lang='lat' dir='ltr'><strong>cognatione</strong></span> <span class='ocrx_word' id='word_1_773' title='bbox 3036 3507 3280 3555; x_wconf 87' lang='lat' dir='ltr'><strong>avertere</strong></span> <span class='ocrx_word' id='word_1_774' title='bbox 3302 3538 3318 3564; x_wconf 93' lang='lat'><strong>,</strong></span> <span class='ocrx_word' id='word_1_775' title='bbox 3351 3507 3502 3552; x_wconf 89' lang='lat' dir='ltr'><strong>utne</strong></span> <span class='ocrx_word' id='word_1_776' title='bbox 3529 3497 3651 3552; x_wconf 89' lang='lat' dir='ltr'><strong>inde</strong></span> <span class='ocrx_word' id='word_1_777' title='bbox 3679 3512 3822 3551; x_wconf 79' lang='lat' dir='ltr'><strong>uxo-</strong></span> 
     </span>
    </p>
   </div>
   <div class='ocr_carea' id='block_1_97' title="bbox 2235 3587 3819 3660">
    <p class='ocr_par' dir='ltr' id='par_1_97' title="bbox 2235 3587 3819 3660">
     <span class='ocr_line' id='line_1_97' title="bbox 2235 3587 3819 3660; baseline -0.004 -10"><span class='ocrx_word' id='word_1_778' title='bbox 2235 3611 2348 3651; x_wconf 89' lang='lat' dir='ltr'><strong>rem</strong></span> <span class='ocrx_word' id='word_1_779' title='bbox 2380 3595 2634 3657; x_wconf 87' lang='lat' dir='ltr'><strong>duceret,</strong></span> <span class='ocrx_word' id='word_1_780' title='bbox 2680 3599 2869 3647; x_wconf 87' lang='lat' dir='ltr'><strong>vocato</strong></span> <span class='ocrx_word' id='word_1_781' title='bbox 2890 3632 2906 3657; x_wconf 90' lang='lat'><strong>,</strong></span> <span class='ocrx_word' id='word_1_782' title='bbox 2953 3590 3162 3660; x_wconf 89' lang='lat' dir='ltr'><strong>inquit,</strong></span> <span class='ocrx_word' id='word_1_783' title='bbox 3202 3587 3399 3644; x_wconf 83' lang='lat' dir='ltr'><strong>famulo</strong></span> <span class='ocrx_word' id='word_1_784' title='bbox 3427 3588 3776 3659; x_wconf 89' lang='lat' dir='ltr'><strong>prudentiore</strong></span> <span class='ocrx_word' id='word_1_785' title='bbox 3802 3630 3819 3654; x_wconf 93' lang='lat'><strong>,</strong></span> 
     </span>
    </p>
   </div>
   <div class='ocr_carea' id='block_1_98' title="bbox 2236 3678 3824 3753">
    <p class='ocr_par' dir='ltr' id='par_1_98' title="bbox 2236 3678 3824 3753">
     <span class='ocr_line' id='line_1_98' title="bbox 2236 3678 3824 3753; baseline -0.005 -13"><span class='ocrx_word' id='word_1_786' title='bbox 2236 3683 2573 3740; x_wconf 87' lang='lat' dir='ltr'><strong>commendat</strong></span> <span class='ocrx_word' id='word_1_787' title='bbox 2597 3683 2644 3738; x_wconf 91' lang='lat' dir='ltr'><strong>ei</strong></span> <span class='ocrx_word' id='word_1_788' title='bbox 2675 3683 2943 3753; x_wconf 87' lang='lat' dir='ltr'><strong>negotium</strong></span> <span class='ocrx_word' id='word_1_789' title='bbox 2989 3680 3092 3736; x_wconf 87' lang='lat' dir='ltr'><strong>hoc</strong></span> <span class='ocrx_word' id='word_1_790' title='bbox 3115 3723 3129 3748; x_wconf 90' lang='lat'><strong>,</strong></span> <span class='ocrx_word' id='word_1_791' title='bbox 3170 3686 3223 3736; x_wconf 87' lang='lat' dir='ltr'><strong>et</strong></span> <span class='ocrx_word' id='word_1_792' title='bbox 3248 3679 3377 3734; x_wconf 90' lang='lat' dir='ltr'><strong>dicit</strong></span> <span class='ocrx_word' id='word_1_793' title='bbox 3406 3679 3502 3734; x_wconf 20' lang='lat'><strong>:12.</strong></span> <span class='ocrx_word' id='word_1_794' title='bbox 3536 3678 3681 3733; x_wconf 81' lang='lat' dir='ltr'><strong>Pone</strong></span> <span class='ocrx_word' id='word_1_795' title='bbox 3709 3694 3824 3733; x_wconf 81' lang='lat' dir='ltr'><strong>ma-</strong></span> 
     </span>
    </p>
   </div>
   <div class='ocr_carea' id='block_1_99' title="bbox 2238 3769 3824 3844">
    <p class='ocr_par' dir='ltr' id='par_1_99' title="bbox 2238 3769 3824 3844">
     <span class='ocr_line' id='line_1_99' title="bbox 2238 3769 3824 3844; baseline -0.002 -15"><span class='ocrx_word' id='word_1_796' title='bbox 2238 3793 2357 3829; x_wconf 84' lang='lat' dir='ltr'><strong>num</strong></span> <span class='ocrx_word' id='word_1_797' title='bbox 2394 3785 2530 3828; x_wconf 87' lang='lat' dir='ltr'><strong>tuam</strong></span> <span class='ocrx_word' id='word_1_798' title='bbox 2565 3773 2733 3828; x_wconf 83' lang='lat' dir='ltr'><strong>subter</strong></span> <span class='ocrx_word' id='word_1_799' title='bbox 2753 3777 2919 3844; x_wconf 77' lang='lat' dir='ltr'><strong>femur</strong></span> <span class='ocrx_word' id='word_1_800' title='bbox 2943 3788 3125 3826; x_wconf 73' lang='lat' dir='ltr'><strong>meum.</strong></span> <span class='ocrx_word' id='word_1_801' title='bbox 3171 3769 3372 3842; x_wconf 78' lang='lat' dir='ltr'><strong>Lingua</strong></span> <span class='ocrx_word' id='word_1_802' title='bbox 3414 3769 3597 3826; x_wconf 62' lang='lat' dir='ltr'><strong>Graeca</strong></span> <span class='ocrx_word' id='word_1_803' title='bbox 3624 3769 3824 3838; x_wconf 77' lang='lat' dir='ltr'><strong>habet.</strong></span> 
     </span>
    </p>
   </div>
   <div class='ocr_carea' id='block_1_100' title="bbox 2237 3863 3820 3939">
    <p class='ocr_par' dir='ltr' id='par_1_100' title="bbox 2237 3863 3820 3939">
     <span class='ocr_line' id='line_1_100' title="bbox 2237 3863 3820 3939; baseline -0.004 -17"><span class='ocrx_word' id='word_1_804' title='bbox 2237 3869 2401 3922; x_wconf 86' lang='lat' dir='ltr'><strong>subter</strong></span> <span class='ocrx_word' id='word_1_805' title='bbox 2425 3871 2589 3939; x_wconf 80' lang='lat' dir='ltr'><strong>femur</strong></span> <span class='ocrx_word' id='word_1_806' title='bbox 2609 3883 2773 3921; x_wconf 87' lang='lat' dir='ltr'><strong>meum</strong></span> <span class='ocrx_word' id='word_1_807' title='bbox 2801 3867 2866 3937; x_wconf 85' lang='lat' dir='ltr'><strong>(a</strong></span> <span class='ocrx_word' id='word_1_808' title='bbox 2891 3869 2911 3938; x_wconf 95' lang='lat'>)</span> <span class='ocrx_word' id='word_1_809' title='bbox 2935 3877 2951 3919; x_wconf 70' lang='grc' dir='ltr'><strong>ξ</strong></span> <span class='ocrx_word' id='word_1_810' title='bbox 2983 3865 3236 3920; x_wconf 78' lang='lat' dir='ltr'><strong>llebraica</strong></span> <span class='ocrx_word' id='word_1_811' title='bbox 3261 3877 3388 3919; x_wconf 88' lang='lat' dir='ltr'><strong>vero</strong></span> <span class='ocrx_word' id='word_1_812' title='bbox 3406 3904 3420 3929; x_wconf 93' lang='lat'><strong>,</strong></span> <span class='ocrx_word' id='word_1_813' title='bbox 3454 3863 3643 3918; x_wconf 74' lang='lat' dir='ltr'><strong>Subter</strong></span> <span class='ocrx_word' id='word_1_814' title='bbox 3682 3863 3820 3917; x_wconf 73' lang='lat' dir='ltr'><strong>lum-</strong></span> 
     </span>
    </p>
   </div>
   <div class='ocr_carea' id='block_1_101' title="bbox 2238 3953 3824 4029">
    <p class='ocr_par' dir='ltr' id='par_1_101' title="bbox 2238 3953 3824 4029">
     <span class='ocr_line' id='line_1_101' title="bbox 2238 3953 3824 4029; baseline -0.002 -16"><span class='ocrx_word' id='word_1_815' title='bbox 2238 3961 2372 4018; x_wconf 70' lang='lat' dir='ltr'><strong>bum,</strong></span> <span class='ocrx_word' id='word_1_816' title='bbox 2406 3959 2474 4014; x_wconf 83' lang='lat' dir='ltr'><strong>Et</strong></span> <span class='ocrx_word' id='word_1_817' title='bbox 2498 3970 2661 4029; x_wconf 78' lang='lat' dir='ltr'><strong>qttare</strong></span> <span class='ocrx_word' id='word_1_818' title='bbox 2689 3959 2768 4014; x_wconf 90' lang='lat' dir='ltr'><strong>sic</strong></span> <span class='ocrx_word' id='word_1_819' title='bbox 2791 3957 2962 4013; x_wconf 80' lang='lat' dir='ltr'><strong>dicit?</strong></span> <span class='ocrx_word' id='word_1_820' title='bbox 2977 3957 3090 4012; x_wconf 62' lang='lat' dir='ltr'><strong>Dios</strong></span> <span class='ocrx_word' id='word_1_821' title='bbox 3116 3956 3201 4012; x_wconf 87' lang='lat' dir='ltr'><strong>ille</strong></span> <span class='ocrx_word' id='word_1_822' title='bbox 3227 3963 3468 4011; x_wconf 86' lang='lat' dir='ltr'><strong>veterum</strong></span> <span class='ocrx_word' id='word_1_823' title='bbox 3491 3962 3627 4010; x_wconf 86' lang='lat' dir='ltr'><strong>erat.</strong></span> <span class='ocrx_word' id='word_1_824' title='bbox 3649 3953 3824 4010; x_wconf 81' lang='lat' dir='ltr'><strong>Aliter</strong></span> 
     </span>
    </p>
   </div>
   <div class='ocr_carea' id='block_1_102' title="bbox 2238 4036 3822 4118">
    <p class='ocr_par' dir='ltr' id='par_1_102' title="bbox 2238 4036 3822 4118">
     <span class='ocr_line' id='line_1_102' title="bbox 2238 4036 3822 4118; baseline -0.004 -13"><span class='ocrx_word' id='word_1_825' title='bbox 2238 4060 2412 4105; x_wconf 83' lang='lat' dir='ltr'><strong>autem</strong></span> <span class='ocrx_word' id='word_1_826' title='bbox 2441 4049 2675 4114; x_wconf 77' lang='lat' dir='ltr'><strong>dixeris,</strong></span> <span class='ocrx_word' id='word_1_827' title='bbox 2721 4049 2847 4118; x_wconf 85' lang='lat' dir='ltr'><strong>quia</strong></span> <span class='ocrx_word' id='word_1_828' title='bbox 2885 4048 3009 4102; x_wconf 83' lang='lat' dir='ltr'><strong>hinc</strong></span> <span class='ocrx_word' id='word_1_829' title='bbox 3053 4036 3366 4116; x_wconf 86' lang='lat' dir='ltr'><strong>principium</strong></span> <span class='ocrx_word' id='word_1_830' title='bbox 3407 4043 3628 4114; x_wconf 81' lang='lat' dir='ltr'><strong>originis</strong></span> <span class='ocrx_word' id='word_1_831' title='bbox 3671 4042 3822 4099; x_wconf 82' lang='lat' dir='ltr'><strong>Isaac</strong></span> 
     </span>
    </p>
   </div>
   <div class='ocr_carea' id='block_1_103' title="bbox 2240 4133 3821 4203">
    <p class='ocr_par' dir='ltr' id='par_1_103' title="bbox 2240 4133 3821 4203">
     <span class='ocr_line' id='line_1_103' title="bbox 2240 4133 3821 4203; baseline -0.003 -7"><span class='ocrx_word' id='word_1_832' title='bbox 2240 4141 2481 4196; x_wconf 82' lang='lat' dir='ltr'><strong>duxerat.</strong></span> <span class='ocrx_word' id='word_1_833' title='bbox 2513 4140 2583 4195; x_wconf 78' lang='lat' dir='ltr'><strong>Et</strong></span> <span class='ocrx_word' id='word_1_834' title='bbox 2606 4148 2665 4194; x_wconf 91' lang='lat' dir='ltr'><strong>ut</strong></span> <span class='ocrx_word' id='word_1_835' title='bbox 2687 4139 2861 4194; x_wconf 88' lang='lat' dir='ltr'><strong>discas</strong></span> <span class='ocrx_word' id='word_1_836' title='bbox 2888 4137 2989 4192; x_wconf 92' lang='lat' dir='ltr'><strong>hoc</strong></span> <span class='ocrx_word' id='word_1_837' title='bbox 3019 4145 3147 4193; x_wconf 83' lang='lat' dir='ltr'><strong>tunc</strong></span> <span class='ocrx_word' id='word_1_838' title='bbox 3176 4136 3229 4191; x_wconf 91' lang='lat' dir='ltr'><strong>in</strong></span> <span class='ocrx_word' id='word_1_839' title='bbox 3251 4151 3403 4191; x_wconf 88' lang='lat' dir='ltr'><strong>more</strong></span> <span class='ocrx_word' id='word_1_840' title='bbox 3428 4133 3613 4203; x_wconf 84' lang='lat' dir='ltr'><strong>fuisse,</strong></span> <span class='ocrx_word' id='word_1_841' title='bbox 3641 4136 3821 4192; x_wconf 77' lang='lat' dir='ltr'><strong>anitu-</strong></span> 
     </span>
    </p>
   </div>
   <div class='ocr_carea' id='block_1_104' title="bbox 2239 4227 3826 4301">
    <p class='ocr_par' dir='ltr' id='par_1_104' title="bbox 2239 4227 3826 4301">
     <span class='ocr_line' id='line_1_104' title="bbox 2239 4227 3826 4301; baseline -0.004 -14"><span class='ocrx_word' id='word_1_842' title='bbox 2239 4234 2454 4289; x_wconf 84' lang='lat' dir='ltr'><strong>adverte</strong></span> <span class='ocrx_word' id='word_1_843' title='bbox 2496 4233 2640 4287; x_wconf 88' lang='lat' dir='ltr'><strong>illum</strong></span> <span class='ocrx_word' id='word_1_844' title='bbox 2672 4232 2936 4301; x_wconf 85' lang='lat' dir='ltr'><strong>imperare</strong></span> <span class='ocrx_word' id='word_1_845' title='bbox 2983 4238 3041 4284; x_wconf 90' lang='lat' dir='ltr'><strong>ut</strong></span> <span class='ocrx_word' id='word_1_846' title='bbox 3079 4243 3291 4283; x_wconf 90' lang='lat' dir='ltr'><strong>manum</strong></span> <span class='ocrx_word' id='word_1_847' title='bbox 3328 4227 3419 4282; x_wconf 91' lang='lat' dir='ltr'><strong>ille</strong></span> <span class='ocrx_word' id='word_1_848' title='bbox 3457 4241 3524 4283; x_wconf 88' lang='lat' dir='ltr'><strong>eo</strong></span> <span class='ocrx_word' id='word_1_849' title='bbox 3569 4227 3691 4282; x_wconf 88' lang='lat' dir='ltr'><strong>loco</strong></span> <span class='ocrx_word' id='word_1_850' title='bbox 3727 4240 3826 4296; x_wconf 85' lang='lat' dir='ltr'><strong>po-</strong></span> 
     </span>
    </p>
   </div>
   <div class='ocr_carea' id='block_1_105' title="bbox 2238 4317 3826 4392">
    <p class='ocr_par' dir='ltr' id='par_1_105' title="bbox 2238 4317 3826 4392">
     <span class='ocr_line' id='line_1_105' title="bbox 2238 4317 3826 4392; baseline -0.006 -12"><span class='ocrx_word' id='word_1_851' title='bbox 2238 4335 2349 4389; x_wconf 65' lang='lat' dir='ltr'><strong>net,</strong></span> <span class='ocrx_word' id='word_1_852' title='bbox 2381 4335 2435 4380; x_wconf 84' lang='lat' dir='ltr'><strong>et</strong></span> <span class='ocrx_word' id='word_1_853' title='bbox 2466 4324 2644 4378; x_wconf 80' lang='lat' dir='ltr'><strong>statim</strong></span> <span class='ocrx_word' id='word_1_854' title='bbox 2670 4322 2962 4392; x_wconf 81' lang='lat' dir='ltr'><strong>adjungere</strong></span> <span class='ocrx_word' id='word_1_855' title='bbox 2989 4337 3002 4374; x_wconf 92' lang='lat'>:</span> <span class='ocrx_word' id='word_1_856' title='bbox 3031 4321 3084 4375; x_wconf 81' lang='grc'><strong>5.</strong></span> <span class='ocrx_word' id='word_1_857' title='bbox 3124 4318 3191 4373; x_wconf 80' lang='lat' dir='ltr'><strong>Et</strong></span> <span class='ocrx_word' id='word_1_858' title='bbox 3217 4319 3498 4390; x_wconf 83' lang='lat' dir='ltr'><strong>adjurabo,</strong></span> <span class='ocrx_word' id='word_1_859' title='bbox 3539 4317 3747 4388; x_wconf 91' lang='lat' dir='ltr'><strong>inquit,</strong></span> <span class='ocrx_word' id='word_1_860' title='bbox 3775 4326 3826 4371; x_wconf 77' lang='lat' dir='ltr'><strong>te</strong></span> 
     </span>
    </p>
   </div>
   <div class='ocr_carea' id='block_1_106' title="bbox 2239 4407 3824 4488">
    <p class='ocr_par' dir='ltr' id='par_1_106' title="bbox 2239 4407 3824 4488">
     <span class='ocr_line' id='line_1_106' title="bbox 2239 4407 3824 4488; baseline -0.006 -15"><span class='ocrx_word' id='word_1_861' title='bbox 2239 4434 2330 4488; x_wconf 84' lang='lat' dir='ltr'><strong>per</strong></span> <span class='ocrx_word' id='word_1_862' title='bbox 2349 4417 2624 4472; x_wconf 75' lang='lat' dir='ltr'><strong>Dominum</strong></span> <span class='ocrx_word' id='word_1_863' title='bbox 2642 4413 2808 4469; x_wconf 83' lang='lat' dir='ltr'><strong>Deum</strong></span> <span class='ocrx_word' id='word_1_864' title='bbox 2833 4413 2945 4467; x_wconf 68' lang='lat' dir='ltr'><strong>catli</strong></span> <span class='ocrx_word' id='word_1_865' title='bbox 2964 4420 3008 4467; x_wconf 85' lang='lat' dir='ltr'><strong>et</strong></span> <span class='ocrx_word' id='word_1_866' title='bbox 3030 4411 3191 4464; x_wconf 80' lang='lat' dir='ltr'><strong>Deum</strong></span> <span class='ocrx_word' id='word_1_867' title='bbox 3217 4418 3380 4464; x_wconf 66' lang='lat' dir='ltr'><strong>terra.</strong></span> <span class='ocrx_word' id='word_1_868' title='bbox 3402 4408 3535 4464; x_wconf 83' lang='lat' dir='ltr'><strong>V&#39;ide</strong></span> <span class='ocrx_word' id='word_1_869' title='bbox 3550 4407 3824 4480; x_wconf 77' lang='lat' dir='ltr'><strong>quomodo</strong></span> 
     </span>
    </p>
   </div>
   <div class='ocr_carea' id='block_1_107' title="bbox 2236 4499 3822 4574">
    <p class='ocr_par' dir='ltr' id='par_1_107' title="bbox 2236 4499 3822 4574">
     <span class='ocr_line' id='line_1_107' title="bbox 2236 4499 3822 4574; baseline -0.008 -8"><span class='ocrx_word' id='word_1_870' title='bbox 2236 4511 2396 4565; x_wconf 85' lang='lat' dir='ltr'><strong>docet</strong></span> <span class='ocrx_word' id='word_1_871' title='bbox 2433 4508 2687 4563; x_wconf 85' lang='lat' dir='ltr'><strong>famulum</strong></span> <span class='ocrx_word' id='word_1_872' title='bbox 2726 4505 2792 4559; x_wconf 91' lang='lat' dir='ltr'><strong>ad</strong></span> <span class='ocrx_word' id='word_1_873' title='bbox 2821 4501 3248 4574; x_wconf 82' lang='lat' dir='ltr'><strong>cognoscendum</strong></span> <span class='ocrx_word' id='word_1_874' title='bbox 3278 4501 3646 4556; x_wconf 78' lang='lat' dir='ltr'><strong>universorum</strong></span> <span class='ocrx_word' id='word_1_875' title='bbox 3671 4499 3822 4555; x_wconf 80' lang='lat' dir='ltr'><strong>Con-</strong></span> 
     </span>
    </p>
   </div>
   <div class='ocr_carea' id='block_1_108' title="bbox 2239 4591 3821 4666">
    <p class='ocr_par' dir='ltr' id='par_1_108' title="bbox 2239 4591 3821 4666">
     <span class='ocr_line' id='line_1_108' title="bbox 2239 4591 3821 4666; baseline -0.008 -8"><span class='ocrx_word' id='word_1_876' title='bbox 2239 4602 2488 4658; x_wconf 76' lang='lat' dir='ltr'><strong>ditorem.</strong></span> <span class='ocrx_word' id='word_1_877' title='bbox 2542 4597 2673 4653; x_wconf 79' lang='lat' dir='ltr'><strong>Nam</strong></span> <span class='ocrx_word' id='word_1_878' title='bbox 2714 4597 2801 4666; x_wconf 91' lang='lat' dir='ltr'><strong>qui</strong></span> <span class='ocrx_word' id='word_1_879' title='bbox 2831 4594 3003 4661; x_wconf 83' lang='lat' dir='ltr'><strong>dixit,</strong></span> <span class='ocrx_word' id='word_1_880' title='bbox 3035 4592 3197 4646; x_wconf 87' lang='lat' dir='ltr'><strong>Deum</strong></span> <span class='ocrx_word' id='word_1_881' title='bbox 3232 4591 3346 4646; x_wconf 69' lang='lat' dir='ltr'><strong>cali</strong></span> <span class='ocrx_word' id='word_1_882' title='bbox 3368 4599 3414 4646; x_wconf 87' lang='lat' dir='ltr'><strong>et</strong></span> <span class='ocrx_word' id='word_1_883' title='bbox 3443 4591 3604 4644; x_wconf 65' lang='lat' dir='ltr'><strong>Deum</strong></span> <span class='ocrx_word' id='word_1_884' title='bbox 3637 4599 3821 4657; x_wconf 67' lang='lat' dir='ltr'><strong>tam,</strong></span> 
     </span>
    </p>
   </div>
   <div class='ocr_carea' id='block_1_109' title="bbox 2236 4681 3825 4758">
    <p class='ocr_par' dir='ltr' id='par_1_109' title="bbox 2236 4681 3825 4758">
     <span class='ocr_line' id='line_1_109' title="bbox 2236 4681 3825 4758; baseline -0.009 -8"><span class='ocrx_word' id='word_1_885' title='bbox 2236 4708 2451 4750; x_wconf 83' lang='lat' dir='ltr'><strong>otnnem</strong></span> <span class='ocrx_word' id='word_1_886' title='bbox 2478 4700 2776 4748; x_wconf 85' lang='lat' dir='ltr'><strong>creaturam</strong></span> <span class='ocrx_word' id='word_1_887' title='bbox 2804 4684 3232 4758; x_wconf 81' lang='lat' dir='ltr'><strong>comprehendit.</strong></span> <span class='ocrx_word' id='word_1_888' title='bbox 3259 4683 3329 4738; x_wconf 81' lang='lat' dir='ltr'><strong>Et</strong></span> <span class='ocrx_word' id='word_1_889' title='bbox 3352 4682 3492 4754; x_wconf 89' lang='lat' dir='ltr'><strong>quod</strong></span> <span class='ocrx_word' id='word_1_890' title='bbox 3521 4681 3649 4737; x_wconf 92' lang='lat' dir='ltr'><strong>illud</strong></span> <span class='ocrx_word' id='word_1_891' title='bbox 3671 4682 3825 4750; x_wconf 83' lang='lat' dir='ltr'><strong>jura-</strong></span> 
     </span>
    </p>
   </div>
   <div class='ocr_carea' id='block_1_110' title="bbox 2239 4771 3825 4848">
    <p class='ocr_par' dir='ltr' id='par_1_110' title="bbox 2239 4771 3825 4848">
     <span class='ocr_line' id='line_1_110' title="bbox 2239 4771 3825 4848; baseline -0.009 -5"><span class='ocrx_word' id='word_1_892' title='bbox 2239 4795 2476 4843; x_wconf 85' lang='lat' dir='ltr'><strong>snentum</strong></span> <span class='ocrx_word' id='word_1_893' title='bbox 2505 4782 2658 4840; x_wconf 76' lang='lat' dir='ltr'><strong>erat?</strong></span> <span class='ocrx_word' id='word_1_894' title='bbox 2693 4779 2762 4836; x_wconf 84' lang='lat' dir='ltr'><strong>Ut</strong></span> <span class='ocrx_word' id='word_1_895' title='bbox 2790 4796 2890 4834; x_wconf 85' lang='lat' dir='ltr'><strong>non</strong></span> <span class='ocrx_word' id='word_1_896' title='bbox 2919 4777 3140 4848; x_wconf 81' lang='lat' dir='ltr'><strong>accipias</strong></span> <span class='ocrx_word' id='word_1_897' title='bbox 3168 4791 3378 4830; x_wconf 66' lang='lat' dir='ltr'><strong>umorem</strong></span> <span class='ocrx_word' id='word_1_898' title='bbox 3395 4774 3501 4843; x_wconf 77' lang='lat' dir='ltr'><strong>ﬁlio</strong></span> <span class='ocrx_word' id='word_1_899' title='bbox 3529 4788 3638 4827; x_wconf 70' lang='lat' dir='ltr'><strong>meo</strong></span> <span class='ocrx_word' id='word_1_900' title='bbox 3668 4771 3825 4828; x_wconf 79' lang='lat' dir='ltr'><strong>Isaac</strong></span> 
     </span>
    </p>
   </div>
   <div class='ocr_carea' id='block_1_111' title="bbox 2240 4864 3823 4948">
    <p class='ocr_par' dir='ltr' id='par_1_111' title="bbox 2240 4864 3823 4948">
     <span class='ocr_line' id='line_1_111' title="bbox 2240 4864 3823 4948; baseline -0.008 -17"><span class='ocrx_word' id='word_1_901' title='bbox 2240 4879 2304 4932; x_wconf 72' lang='lat' dir='ltr'><strong>de</strong></span> <span class='ocrx_word' id='word_1_902' title='bbox 2320 4877 2519 4948; x_wconf 77' lang='lat' dir='ltr'><strong>ﬁliabus</strong></span> <span class='ocrx_word' id='word_1_903' title='bbox 2547 4874 2971 4929; x_wconf 81' lang='lat' dir='ltr'><strong>Chanameorum.</strong></span> <span class='ocrx_word' id='word_1_904' title='bbox 2994 4869 3125 4922; x_wconf 78' lang='lat' dir='ltr'><strong>inter</strong></span> <span class='ocrx_word' id='word_1_905' title='bbox 3150 4882 3277 4938; x_wconf 80' lang='lat' dir='ltr'><strong>quos</strong></span> <span class='ocrx_word' id='word_1_906' title='bbox 3301 4880 3392 4937; x_wconf 73' lang='lat' dir='ltr'><strong>ego</strong></span> <span class='ocrx_word' id='word_1_907' title='bbox 3416 4864 3589 4918; x_wconf 84' lang='lat' dir='ltr'><strong>habito</strong></span> <span class='ocrx_word' id='word_1_908' title='bbox 3604 4880 3626 4919; x_wconf 90' lang='lat'><strong><em>:</em></strong></span> <span class='ocrx_word' id='word_1_909' title='bbox 3655 4865 3716 4920; x_wconf 75' lang='grc'><strong>4.</strong></span> <span class='ocrx_word' id='word_1_910' title='bbox 3731 4864 3823 4919; x_wconf 70' lang='lat' dir='ltr'><strong>sed</strong></span> 
     </span>
    </p>
   </div>
   <div class='ocr_carea' id='block_1_112' title="bbox 2240 4955 3819 5034">
    <p class='ocr_par' dir='ltr' id='par_1_112' title="bbox 2240 4955 3819 5034">
     <span class='ocr_line' id='line_1_112' title="bbox 2240 4955 3819 5034; baseline -0.011 -9"><span class='ocrx_word' id='word_1_911' title='bbox 2240 4969 2294 5024; x_wconf 70' lang='lat' dir='ltr'><strong>in</strong></span> <span class='ocrx_word' id='word_1_912' title='bbox 2314 4978 2495 5024; x_wconf 88' lang='lat' dir='ltr'><strong>terram</strong></span> <span class='ocrx_word' id='word_1_913' title='bbox 2517 4981 2702 5029; x_wconf 82' lang='lat' dir='ltr'><strong>meum,</strong></span> <span class='ocrx_word' id='word_1_914' title='bbox 2727 4963 2780 5017; x_wconf 86' lang='lat' dir='ltr'><strong>in</strong></span> <span class='ocrx_word' id='word_1_915' title='bbox 2800 4979 2899 5034; x_wconf 84' lang='lat' dir='ltr'><strong>qua</strong></span> <span class='ocrx_word' id='word_1_916' title='bbox 2928 4968 3075 5013; x_wconf 79' lang='lat' dir='ltr'><strong>natus</strong></span> <span class='ocrx_word' id='word_1_917' title='bbox 3094 4972 3229 5024; x_wconf 80' lang='lat' dir='ltr'><strong>sum,</strong></span> <span class='ocrx_word' id='word_1_918' title='bbox 3247 4956 3363 5026; x_wconf 86' lang='lat' dir='ltr'><strong>ibis,</strong></span> <span class='ocrx_word' id='word_1_919' title='bbox 3394 4963 3441 5011; x_wconf 83' lang='lat' dir='ltr'><strong>et</strong></span> <span class='ocrx_word' id='word_1_920' title='bbox 3464 4955 3532 5009; x_wconf 85' lang='lat' dir='ltr'><strong>ad</strong></span> <span class='ocrx_word' id='word_1_921' title='bbox 3551 4957 3819 5027; x_wconf 74' lang='lat' dir='ltr'><strong>cegnatio-</strong></span> 
     </span>
    </p>
   </div>
   <div class='ocr_carea' id='block_1_113' title="bbox 2301 5148 3824 5225">
    <p class='ocr_par' dir='ltr' id='par_1_113' title="bbox 2301 5148 3824 5225">
     <span class='ocr_line' id='line_1_113' title="bbox 2301 5148 3824 5225; baseline 0 0"><span class='ocrx_word' id='word_1_922' title='bbox 2301 5155 2378 5218; x_wconf 75' lang='grc' dir='ltr'><strong>(α)</strong></span> <span class='ocrx_word' id='word_1_923' title='bbox 2405 5155 2460 5206; x_wconf 78' lang='grc' dir='ltr'><strong>ιιι</strong></span> <span class='ocrx_word' id='word_1_924' title='bbox 2491 5154 2704 5225; x_wconf 56' lang='lat' dir='ltr'><strong>Hebre?</strong></span> <span class='ocrx_word' id='word_1_925' title='bbox 2726 5153 2918 5225; x_wconf 69' lang='grc' dir='ltr'><strong>ιεςίιεπ</strong></span> <span class='ocrx_word' id='word_1_926' title='bbox 2935 5148 3220 5225; x_wconf 55' lang='grc' dir='ltr'><strong>’πέπων</strong></span> <span class='ocrx_word' id='word_1_927' title='bbox 3247 5150 3398 5225; x_wconf 62' lang='grc' dir='ltr'><strong>,φρει</strong></span> <span class='ocrx_word' id='word_1_928' title='bbox 3420 5149 3651 5225; x_wconf 49' lang='lat' dir='ltr'><strong>ruitur</strong></span> <span class='ocrx_word' id='word_1_929' title='bbox 3673 5151 3824 5225; x_wconf 54' lang='grc' dir='ltr'><strong>ιαμ</strong></span> 
     </span>
    </p>
   </div>
   <div class='ocr_carea' id='block_1_114' title="bbox 2232 5211 3822 5282">
    <p class='ocr_par' dir='ltr' id='par_1_114' title="bbox 2232 5211 3822 5282">
     <span class='ocr_line' id='line_1_114' title="bbox 2232 5211 3822 5282; baseline 0 0"><span class='ocrx_word' id='word_1_930' title='bbox 2232 5211 2419 5282; x_wconf 56' lang='lat' dir='ltr'><strong>{mare</strong></span> <span class='ocrx_word' id='word_1_931' title='bbox 2467 5230 2591 5282; x_wconf 62' lang='grc' dir='ltr'><strong>ἐιςο-</strong></span> <span class='ocrx_word' id='word_1_932' title='bbox 2632 5217 2721 5282; x_wconf 77' lang='grc' dir='ltr'><strong>Αι,</strong></span> <span class='ocrx_word' id='word_1_933' title='bbox 2749 5211 2991 5282; x_wconf 62' lang='lat' dir='ltr'><strong>Diodqu</strong></span> <span class='ocrx_word' id='word_1_934' title='bbox 3029 5211 3307 5282; x_wconf 56' lang='grc' dir='ltr'>Τυθθιξιίιμ</span> <span class='ocrx_word' id='word_1_935' title='bbox 3328 5213 3381 5258; x_wconf 70' lang='lat' dir='ltr'><strong>in</strong></span> <span class='ocrx_word' id='word_1_936' title='bbox 3417 5211 3618 5282; x_wconf 63' lang='grc' dir='ltr'><strong>εὲιοοίε</strong></span> <span class='ocrx_word' id='word_1_937' title='bbox 3643 5225 3658 5282; x_wconf 75' lang='grc' dir='ltr'>ξ</span> <span class='ocrx_word' id='word_1_938' title='bbox 3687 5215 3822 5282; x_wconf 54' lang='lat' dir='ltr'><strong>Tuis</strong></span> 
     </span>
    </p>
   </div>
   <div class='ocr_carea' id='block_1_115' title="bbox 2235 5272 3824 5342">
    <p class='ocr_par' dir='ltr' id='par_1_115' title="bbox 2235 5272 3824 5342">
     <span class='ocr_line' id='line_1_115' title="bbox 2235 5272 3824 5342; baseline -0.004 -14"><span class='ocrx_word' id='word_1_939' title='bbox 2235 5272 2352 5342; x_wconf 48' lang='lat' dir='ltr'><strong>qua:</strong></span> <span class='ocrx_word' id='word_1_940' title='bbox 2373 5278 2728 5342; x_wconf 21' lang='grc' dir='ltr'><strong>τρν-Σὺρονᾉκςιὶ</strong></span> <span class='ocrx_word' id='word_1_941' title='bbox 2755 5279 2846 5342; x_wconf 38' lang='grc' dir='ltr'><strong>-τὸν</strong></span> <span class='ocrx_word' id='word_1_942' title='bbox 2890 5273 3112 5342; x_wconf 71' lang='grc' dir='ltr'>Ἑϐραῖον</span> <span class='ocrx_word' id='word_1_943' title='bbox 3146 5273 3424 5342; x_wconf 34' lang='lat' dir='ltr'><strong>(inquirere</strong></span> <span class='ocrx_word' id='word_1_944' title='bbox 3442 5272 3566 5342; x_wconf 60' lang='grc' dir='ltr'>ἔλιιγ</span> <span class='ocrx_word' id='word_1_945' title='bbox 3606 5273 3703 5342; x_wconf 60' lang='grc' dir='ltr'><strong>τὸ,Δ</strong></span> <span class='ocrx_word' id='word_1_946' title='bbox 3730 5275 3824 5342; x_wconf 63' lang='grc' dir='ltr'><strong>Θᾲς</strong></span> 
     </span>
    </p>
   </div>
   <div class='ocr_carea' id='block_1_116' title="bbox 2234 5333 3821 5402">
    <p class='ocr_par' dir='ltr' id='par_1_116' title="bbox 2234 5333 3821 5402">
     <span class='ocr_line' id='line_1_116' title="bbox 2234 5333 3821 5402; baseline -0.002 -15"><span class='ocrx_word' id='word_1_947' title='bbox 2234 5333 2325 5398; x_wconf 69' lang='grc' dir='ltr'><strong>αἰήν</strong></span> <span class='ocrx_word' id='word_1_948' title='bbox 2345 5339 2482 5402; x_wconf 74' lang='grc' dir='ltr'>χεῖρά</span> <span class='ocrx_word' id='word_1_949' title='bbox 2505 5333 2592 5386; x_wconf 66' lang='lat' dir='ltr'><strong>aeu</strong></span> <span class='ocrx_word' id='word_1_950' title='bbox 2607 5339 2696 5402; x_wconf 55' lang='lat' dir='ltr'><strong>ixi</strong></span> <span class='ocrx_word' id='word_1_951' title='bbox 2713 5339 2810 5402; x_wconf 60' lang='grc' dir='ltr'><strong>τὸν·</strong></span> <span class='ocrx_word' id='word_1_952' title='bbox 2824 5333 3105 5402; x_wconf 58' lang='grc' dir='ltr'><strong>μηρόνῬΩΨ</strong></span> <span class='ocrx_word' id='word_1_953' title='bbox 3137 5333 3348 5402; x_wconf 43' lang='grc' dir='ltr'><strong>ἄλλ’-ξας</strong></span> <span class='ocrx_word' id='word_1_954' title='bbox 3368 5333 3495 5402; x_wconf 26' lang='grc' dir='ltr'><strong>ᾳῦτρί</strong></span> <span class='ocrx_word' id='word_1_955' title='bbox 3511 5333 3821 5402; x_wconf 47' lang='lat' dir='ltr'><strong>datume-16-</strong></span> 
     </span>
    </p>
   </div>
   <div class='ocr_carea' id='block_1_117' title="bbox 2234 5357 3824 5474">
    <p class='ocr_par' dir='ltr' id='par_1_117' title="bbox 2234 5357 3824 5474">
     <span class='ocr_line' id='line_1_117' title="bbox 2234 5357 3824 5474; baseline 0.001 0"><span class='ocrx_word' id='word_1_956' title='bbox 2339 5357 3824 5474; x_wconf 40' lang='lat' dir='ltr'><strong>iactitatae:ambesa“;</strong></span> 
     </span>
    </p>
   </div>
   <div class='ocr_carea' id='block_1_118' title="bbox 2237 5456 3825 5590">
    <p class='ocr_par' dir='ltr' id='par_1_118' title="bbox 2237 5456 3825 5590">
     <span class='ocr_line' id='line_1_118' title="bbox 2237 5456 3825 5522; baseline -0.003 -11"><span class='ocrx_word' id='word_1_957' title='bbox 2237 5465 2318 5511; x_wconf 74' lang='grc' dir='ltr'><strong>καὶ</strong></span> <span class='ocrx_word' id='word_1_958' title='bbox 2345 5456 2673 5518; x_wconf 70' lang='grc' dir='ltr'><strong>τέλὴθὺνεσθαι.</strong></span> <span class='ocrx_word' id='word_1_959' title='bbox 2707 5456 2916 5518; x_wconf 78' lang='lat' dir='ltr'><strong>Quidam</strong></span> <span class='ocrx_word' id='word_1_960' title='bbox 2941 5456 3106 5508; x_wconf 61' lang='lat' dir='ltr'><strong>dicturi</strong></span> <span class='ocrx_word' id='word_1_961' title='bbox 3130 5459 3319 5522; x_wconf 72' lang='lat' dir='ltr'><strong>Syrum</strong></span> <span class='ocrx_word' id='word_1_962' title='bbox 3343 5456 3397 5509; x_wconf 75' lang='lat' dir='ltr'><strong>et</strong></span> <span class='ocrx_word' id='word_1_963' title='bbox 3431 5456 3698 5508; x_wconf 65' lang='lat' dir='ltr'><strong>Hebreum</strong></span> <span class='ocrx_word' id='word_1_964' title='bbox 3729 5469 3825 5506; x_wconf 69' lang='lat' dir='ltr'><strong>non</strong></span> 
     </span>
     <span class='ocr_line' id='line_1_119' title="bbox 2237 5518 3825 5590; baseline -0.004 -17"><span class='ocrx_word' id='word_1_965' title='bbox 2237 5523 2308 5573; x_wconf 86' lang='lat' dir='ltr'><strong>ita</strong></span> <span class='ocrx_word' id='word_1_966' title='bbox 2359 5521 2798 5590; x_wconf 34' lang='lat' dir='ltr'><strong>haberehnempe.</strong></span> <span class='ocrx_word' id='word_1_967' title='bbox 2844 5534 2973 5590; x_wconf 84' lang='lat' dir='ltr'><strong>pone</strong></span> <span class='ocrx_word' id='word_1_968' title='bbox 3013 5533 3220 5590; x_wconf 59' lang='lat' dir='ltr'><strong>manum</strong></span> <span class='ocrx_word' id='word_1_969' title='bbox 3253 5526 3407 5590; x_wconf 82' lang='lat' dir='ltr'><strong>tuam_</strong></span> <span class='ocrx_word' id='word_1_970' title='bbox 3440 5531 3594 5590; x_wconf 82' lang='lat' dir='ltr'><strong>super</strong></span> <span class='ocrx_word' id='word_1_971' title='bbox 3663 5518 3825 5590; x_wconf 76' lang='lat' dir='ltr'><strong>femur</strong></span> 
     </span>
    </p>
   </div>
   <div class='ocr_carea' id='block_1_119' title="bbox 2239 5579 3820 5652">
    <p class='ocr_par' dir='ltr' id='par_1_119' title="bbox 2239 5579 3820 5652">
     <span class='ocr_line' id='line_1_120' title="bbox 2239 5579 3820 5652; baseline -0.002 -19"><span class='ocrx_word' id='word_1_972' title='bbox 2239 5597 2404 5652; x_wconf 81' lang='lat' dir='ltr'><strong>meum</strong></span> <span class='ocrx_word' id='word_1_973' title='bbox 2448 5599 2460 5632; x_wconf 87' lang='lat'><strong>:</strong></span> <span class='ocrx_word' id='word_1_974' title='bbox 2505 5579 2620 5640; x_wconf 79' lang='lat' dir='ltr'><strong>sed,</strong></span> <span class='ocrx_word' id='word_1_975' title='bbox 2654 5579 2810 5652; x_wconf 76' lang='lat' dir='ltr'><strong>super</strong></span> <span class='ocrx_word' id='word_1_976' title='bbox 2845 5579 3015 5652; x_wconf 53' lang='lat' dir='ltr'><strong>ipsum</strong></span> <span class='ocrx_word' id='word_1_977' title='bbox 3049 5580 3339 5652; x_wconf 67' lang='lat' dir='ltr'><strong>prolilicum</strong></span> <span class='ocrx_word' id='word_1_978' title='bbox 3392 5579 3820 5652; x_wconf 52' lang='lat' dir='ltr'><strong>instrumentum;</strong></span> 
     </span>
    </p>
   </div>
   <div class='ocr_carea' id='block_1_120' title="bbox 2237 5640 3826 5711">
    <p class='ocr_par' dir='ltr' id='par_1_120' title="bbox 2237 5640 3826 5711">
     <span class='ocr_line' id='line_1_121' title="bbox 2237 5640 3826 5711; baseline -0.003 -17"><span class='ocrx_word' id='word_1_979' title='bbox 2237 5644 2466 5711; x_wconf 74' lang='lat' dir='ltr'><strong>quoniam</strong></span> <span class='ocrx_word' id='word_1_980' title='bbox 2503 5640 2820 5711; x_wconf 66' lang='lat' dir='ltr'><strong>successionis</strong></span> <span class='ocrx_word' id='word_1_981' title='bbox 2833 5640 3112 5711; x_wconf 61' lang='lat' dir='ltr'><strong>benedictio</strong></span> <span class='ocrx_word' id='word_1_982' title='bbox 3151 5641 3218 5690; x_wconf 82' lang='lat' dir='ltr'><strong>ad</strong></span> <span class='ocrx_word' id='word_1_983' title='bbox 3248 5641 3634 5711; x_wconf 8' lang='lat' dir='ltr'><strong>crescendumget</strong></span> <span class='ocrx_word' id='word_1_984' title='bbox 3654 5640 3826 5711; x_wconf 73' lang='lat' dir='ltr'><strong>multi-</strong></span> 
     </span>
    </p>
   </div>
   <div class='ocr_carea' id='block_1_121' title="bbox 2239 5701 3826 5770">
    <p class='ocr_par' dir='ltr' id='par_1_121' title="bbox 2239 5701 3826 5770">
     <span class='ocr_line' id='line_1_122' title="bbox 2239 5701 3826 5770; baseline 0.001 -15"><span class='ocrx_word' id='word_1_985' title='bbox 2239 5701 2521 5770; x_wconf 72' lang='lat' dir='ltr'><strong>plicandum</strong></span> <span class='ocrx_word' id='word_1_986' title='bbox 2544 5705 2803 5770; x_wconf 71' lang='lat' dir='ltr'><strong>spectabat.</strong></span> <span class='ocrx_word' id='word_1_987' title='bbox 2833 5706 3046 5770; x_wconf 77' lang='lat' dir='ltr'><strong>Vulgata</strong></span> <span class='ocrx_word' id='word_1_988' title='bbox 3072 5711 3237 5770; x_wconf 72' lang='lat' dir='ltr'><strong>tamen</strong></span> <span class='ocrx_word' id='word_1_989' title='bbox 3276 5704 3444 5770; x_wconf 82' lang='lat' dir='ltr'><strong>habet,</strong></span> <span class='ocrx_word' id='word_1_990' title='bbox 3475 5702 3635 5753; x_wconf 83' lang='lat' dir='ltr'><strong>subter</strong></span> <span class='ocrx_word' id='word_1_991' title='bbox 3663 5701 3826 5766; x_wconf 64' lang='lat' dir='ltr'><strong>femur</strong></span> 
     </span>
    </p>
   </div>
   <div class='ocr_carea' id='block_1_122' title="bbox 2241 5764 3507 5832">
    <p class='ocr_par' dir='ltr' id='par_1_122' title="bbox 2241 5764 3507 5832">
     <span class='ocr_line' id='line_1_123' title="bbox 2241 5764 3507 5832; baseline -0.003 -12"><span class='ocrx_word' id='word_1_992' title='bbox 2241 5764 2420 5828; x_wconf 80' lang='lat' dir='ltr'><strong>incum,</strong></span> <span class='ocrx_word' id='word_1_993' title='bbox 2445 5764 2593 5832; x_wconf 78' lang='lat' dir='ltr'><strong>atque</strong></span> <span class='ocrx_word' id='word_1_994' title='bbox 2620 5769 2687 5821; x_wconf 84' lang='lat' dir='ltr'><strong>ita</strong></span> <span class='ocrx_word' id='word_1_995' title='bbox 2711 5775 2908 5821; x_wconf 76' lang='lat' dir='ltr'><strong>vertere</strong></span> <span class='ocrx_word' id='word_1_996' title='bbox 2931 5764 3102 5817; x_wconf 64' lang='lat' dir='ltr'><strong>Solent</strong></span> <span class='ocrx_word' id='word_1_997' title='bbox 3134 5764 3507 5816; x_wconf 74' lang='lat' dir='ltr'><strong>Hebraiuntes.</strong></span> 
     </span>
    </p>
   </div>
  </div>
