4060 6430
427 432 531 491 ιδτ

435 539 593 611 Eu“
609 544 709 617 τὴν
739 544 954 615 ἐντολὴν
974 541 1067 597 τοῦ
1094 543 1430 614 πατριάρχου
1460 543 1564 613 τὴν
1583 542 1718 611 πρὸς
1749 538 1841 593 τὸν
1865 536 2082 605 οἰκέτην

433 631 762 702 γενομινηνς
785 631 875 700 Μὴ
903 628 1086 693 ἁπλῶς
1125 629 1234 699 γὰρ
1285 629 1649 701 παραδράμῃς
1687 627 1756 679 τὰ
1783 622 2044 694 εἰρημένα
2065 658 2087 686 τ

435 715 552 770 ἀλλ’
574 715 821 784 ἐννόησον
843 715 935 767 τὸν
964 714 1167 768 σκοπὸν
1192 712 1286 768 τοῦ
1311 705 1540 776 δικαίου,
1575 713 1669 765 καὶ
1692 711 1905 778 λόγισαι
1926 708 2080 770 ὅπως

432 800 497 854 τὸ
541 801 767 855 παλαιὸν
814 799 1090 855 ἐποιοῦντο
1143 800 1396 869 σπουδὴν,
1449 798 1510 852 οὐ
1554 797 1849 869 χρημάτων
1888 793 2083 864 ἐπιζη-

437 885 655 948 τοῦντες
687 887 1024 957 περιουσίαν,
1055 888 1115 940 οὐ
1154 887 1318 940 πολὺν
1352 885 1595 946 πλοῦτον,
1621 886 1714 938 καί
1737 881 2043 953 ἀνδράποδα
2063 918 2079 943 ,

431 969 528 1024 καὶ
554 971 762 1042 πλέθρα
784 973 886 1043 γῆς
907 973 1039 1026 τόσα
1067 973 1160 1025 καὶ
1195 973 1328 1027 τόσα
1350 1012 1364 1036 ,
1403 973 1462 1025 οὐ
1495 971 1590 1024 τοῦ
1619 969 1814 1035 ἔξωθεν
1850 967 2080 1030 κάλλους

430 1055 546 1126 τὴν
571 1057 868 1127 εὐμορφίαν
887 1097 902 1121 ,
934 1057 1069 1111 ἀλλά
1108 1058 1206 1128 τῆς
1246 1058 1422 1127 ψυχῆς
1447 1057 1506 1110 τὸ
1533 1056 1728 1118 κάλλος
1758 1053 2076 1124 ἐπεζήτουν,

431 1143 528 1195 καὶ
574 1143 788 1212 τρόπων
835 1142 1130 1212 εὐγένειαν.
1173 1143 1390 1214 Ἐπειδὴ
1437 1144 1545 1214 γὰρ
1588 1139 1694 1196 εῐδε
1738 1141 1846 1194 τῶν
1899 1143 1956 1193 ἐν
2009 1140 2075 1208 τῇ

429 1227 706 1298 Χαναναία
748 1227 1036 1282 οἰκούντων
1080 1229 1178 1299 τὴν
1228 1229 1518 1300 πονηρίαν,
1567 1227 1723 1292 εἰδὼς
1766 1229 1888 1285 ὅσον
1930 1224 2076 1277 ἐστὶν

428 1312 628 1379 ἀγαθὸν
653 1313 951 1384 όμότροπον
983 1313 1125 1385 ἐχειν
1149 1314 1400 1382 σύζυγον,
1423 1314 1760 1368 διατάττεται
1781 1312 1858 1383 τῷ
1886 1311 2036 1364 παιδὶ
2057 1348 2073 1372 ,

428 1398 522 1450 καὶ
549 1399 709 1468 ὅρκον
737 1400 1088 1472 προστίθησιν
1106 1440 1122 1467 ,
1158 1400 1298 1454 ὥστε
1326 1402 1391 1454 ἐκ
1420 1401 1521 1471 τῆς
1551 1399 1871 1470 συγγενείας
1904 1395 2070 1450 αὐτοῦ

429 1483 732 1550 ἀγαγέσθαι
772 1484 850 1555 τῷ
890 1485 1072 1551 Ἰσαὰκ
1112 1489 1344 1554 γυναῖκα
1368 1503 1384 1518 ·
1407 1487 1502 1540 καὶ
1543 1485 1665 1540 οὐτε
1705 1485 1765 1538 τὸ
1801 1485 2072 1552 διάστημα

423 1566 532 1620 τῶν
565 1571 764 1632 τόπων,
789 1569 910 1623 οὐτε
939 1573 996 1625 αἰ
1025 1571 1180 1625 ἀλλαι
1212 1571 1488 1625 δυσκολίαι
1519 1571 1874 1641 ὀκνηρότερον
1910 1568 2070 1621 αὐτὸν

423 1652 556 1722 περὶ
581 1652 736 1707 τοῦτο
763 1657 1118 1726 πεποιήκασιν
1142 1671 1156 1687 ο
1198 1657 1311 1710 ἀλλ’
1345 1656 1498 1720 εἰδὼς
1535 1657 1630 1708 τοῦ
1657 1655 1976 1723 πράγματος
2009 1653 2072 1705 τὸ

423 1738 737 1806 ἀναγκαῖον,
775 1743 951 1796 πᾶσαν
985 1745 1215 1798 ποιεῖται
1241 1743 1337 1814 τὴν
1367 1741 1619 1813 σπουδὴν,
1639 1741 1733 1796 καὶ
1753 1739 2069 1795 ἀποστέλλει

422 1823 511 1877 τὸν
536 1826 770 1897 οἰκέτην.
812 1828 952 1881 Ἀλλ’
980 1829 1009 1880 6
1039 1829 1134 1898 μὲν
1161 1830 1498 1899 πατριάρχης
1521 1827 1943 1898 ἐπιμελούμενος
1971 1827 2071 1897 τῆς

421 1909 564 1962 κατά
605 1910 780 1982 ψυχὴν
816 1913 1037 1984 ἀρετῆς,
1091 1914 1184 1967 καὶ
1233 1915 1448 1982 φεύγων
1497 1914 1604 1968 τῶν
1649 1913 1925 1984 ἐγχωρίων
1970 1912 2068 1982 τὴν

418 1995 708 2066 πονηρίαν,
744 1998 901 2052 τοῦτο
929 2002 1106 2054 ποιεῖ’
1151 2001 1201 2053 οἰ
1242 1999 1297 2052 δὲ
1323 2000 1416 2053 νῦν
1447 2000 1682 2063 ἅπαντες
1712 2000 1810 2052 οὐκ
1840 1998 1902 2052 ἀν
1937 2014 2066 2050 ποτε

419 2077 738 2149 ἀνάσχοιντο
779 2080 1016 2135 τοιοῦτόν
1055 2099 1108 2135 τι
1147 2084 1391 2152 ἐννοῆσαι
1433 2100 1449 2115 ο
1486 2084 1622 2136 ἀλλά
1649 2083 1753 2137 κᾶν
1793 2081 1999 2152 μυρίων

419 2163 604 2217 κακῶν
648 2166 949 2236 ἀνάμεστος
971 2205 988 2230 ,
1021 2166 1078 2220 ἐν
1113 2167 1271 2236 μόνον
1305 2168 1650 2238 ἐπιζητοῦσι,
1694 2167 1802 2220 τῶν
1847 2168 2064 2237 χρημά-

417 2268 525 2306 των
547 2252 645 2324 τὴν
679 2256 991 2324 περιουσίαν
1011 2293 1026 2317 ,
1060 2257 1154 2308 καί
1183 2256 1358 2309 πάντα
1383 2259 1449 2307 τὰ
1468 2256 1602 2309 ἀλλα
1630 2255 1856 2324 δεύτερα
1885 2255 2066 2318 αὐτοῖς

414 2337 768 2409 νενόμισται,
825 2342 924 2393 οὐκ
980 2340 1176 2403 εἰδότες
1247 2343 1328 2394 ὅτι
1379 2339 1602 2411 γνώμης
1669 2339 2066 2410 διεφθαρμένης

413 2425 612 2495 οὔσης,
663 2428 766 2482 κᾶν
808 2429 1012 2496 ἄφατός
1054 2429 1285 2501 ἐπιρρέῃ
1329 2428 1585 2491 πλοῦτος,
1623 2427 1815 2480 θᾶττόν
1857 2444 1936 2488 τις
1984 2429 2063 2490 εἰς

412 2514 646 2582 ἐσχάτην
688 2515 874 2570 πενίαν
911 2515 1063 2585 ἥξει,
1108 2517 1202 2569 καὶ
1232 2516 1382 2568 οὐδὲν
1424 2515 1610 2580 δφελος
1657 2514 1807 2567 ἔσται
1836 2514 1934 2583 τῆς
1966 2530 2062 2564 πε-

415 2601 691 2662 ριουσίας.
735 2602 835 2654 οὐκ
875 2601 1039 2672 οὔσης
1076 2603 1172 2671 τῆς
1210 2603 1511 2672 οἰκονομεῖν
1549 2601 1720 2656 ταῦτα
1761 2599 2062 2670 δυναμένης

407 2684 633 2750 δεόντως
657 2688 851 2760 ψυχῆς.

481 2769 546 2838 γ’.
592 2773 728 2824 Ἀλλ’
755 2777 784 2827 6
809 2774 908 2844 μέν
958 2775 1302 2844 πατριάρχης
1329 2774 1603 2845 ἀρκοῦσαν
1640 2775 1716 2844 τῷ
1767 2774 1916 2826 παιδὶ
1962 2771 2057 2841 τὴν

405 2855 625 2926 ἐντολὴν
654 2859 962 2929 ἐποιήσατο,
1001 2861 1092 2912 κοιί¹
1119 2861 1302 2931 ὅρκοις
1331 2862 1491 2914 αὐτὸν
1514 2861 2058 2931 συνέδησεν.Ἴδωμεν

406 2939 466 2992 δέ
493 2940 676 2994 λοιπὸν
706 2945 804 3012 τὴν
828 2945 1243 3015 εὐγνωμοσύνην
1274 2947 1366 3000 τοῦ
1396 2948 1606 3000 οἰκέτου
1630 2985 1645 3009 ,
1677 2948 1823 3008 ὅπως
1862 2943 2054 3014 ἐζήλου

406 3025 500 3079 τοῦ
553 3021 810 3083 δεσπότου
871 3032 932 3084 τὸ
995 3031 1256 3101 φιλόθεον.
1324 3032 1540 3102 Ἐπειδὴ
1596 3031 1702 3102 γὰρ
1758 3027 1863 3084 εἶδε
1919 3031 2056 3100 μετά

405 3115 604 3187 πολλῆς
652 3119 1003 3189 σφοδρότητος
1054 3119 1429 3187 ἐντελλόμενον
1493 3121 1582 3172 τὸν
1627 3119 1831 3171 δίκαιον
1856 3158 1870 3182 ,
1919 3119 2059 3187 φησί

405 3203 542 3273 πρὸς
577 3205 737 3256 αὐτόν
771 3221 785 3235 ·
841 3205 980 3259 Ἐὰν
1021 3206 1107 3273 μὴ
1131 3207 1426 3272 βούληται
1449 3207 1486 3274 ἠ
1519 3206 1669 3274 γυνὴ
1698 3205 2056 3274 πορευθῆναι

400 3290 528 3356 μετ’
556 3288 700 3354 ἐμοῦ
719 3328 732 3351 ,
756 3289 968 3351 ,βούλει
1001 3288 1107 3341 τὸν
1130 3291 1262 3343 υἱόν
1286 3307 1400 3343 σου
1437 3290 1795 3357 ἀποστρέψω
1825 3292 1909 3354 εἰς
1941 3289 2056 3354 τὴν

403 3373 542 3440 γῆν,
575 3372 712 3426 ὅθεν
731 3373 986 3442 ἐξῆλθες
1015 3374 1275 3437 ἑκεῖθεν;
1303 3373 1416 3427 Ἵνα
1448 3375 1541 3444 μὴ,
1573 3375 1706 3444 φησί
1731 3413 1745 3436 ,
1774 3375 2053 3437 δυσκολίας

403 3459 546 3521 τινὸς
581 3457 1042 3529 παρεμπεσούσης
1088 3459 1359 3514 ἐκϐαίνειν
1397 3460 1530 3524 δόξω
1566 3460 1665 3521 τὰς
1702 3460 1919 3523 ἐντολὰς
1956 3461 2053 3524 τὰς

407 3544 528 3608 σάς,
551 3543 637 3596 διὰ
666 3543 820 3597 τοῦτο
852 3543 1210 3614 πυνθάνομαι,
1241 3546 1291 3597 τί
1315 3545 1421 3598 δέοι
1458 3563 1524 3614 με
1549 3545 2050 3616 παραφυλάξασθαι,

401 3631 496 3682 καὶ
520 3629 568 3682 εἰ
597 3629 822 3698 ἀρεστόν
852 3645 933 3682 σοι
973 3629 1064 3682 τὸν
1090 3628 1236 3702 [484]
1272 3629 1450 3683 Ἰσαὰκ
1473 3632 1589 3683 ἐκεῖ
1611 3630 1882 3693 ἀπελθεῖν,
1913 3631 2051 3684 ὥστε

398 3715 630 3771 λαὸόντα
655 3715 749 3786 τὴν
765 3715 1006 3785 γαμετὴν
1025 3714 1195 3778 οὕτως
1221 3717 1552 3780 ἐπανελθεῖν,
1579 3719 1626 3770 εἰ
1648 3717 1722 3787 μὴ
1746 3719 2049 3787 ἀνάσχοιτο,

400 3801 650 3872 καθάπερ
695 3803 961 3868 ἐνετείλω,
1007 3804 1123 3871 μετ’
1152 3804 1283 3873 ἐμοῦ
1317 3804 1754 3874 παραγενέσθαι;
1783 3806 1849 3858 Τί
1892 3802 1983 3857 οὖν
2024 3807 2052 3858 ὁ

399 3889 636 3956 δίκαιος;
685 3889 1039 3961 Ἀπαγορεύει
1069 3890 1228 3944 τοῦτο
1257 3891 1402 3961 αὐτῷ
1434 3891 1526 3945 καί
1555 3909 1683 3962 φησι
1728 3908 1741 3922 ο
1783 3895 2052 3962 Πρόσεχε

399 3974 631 4040 σεαυτῷ
665 3975 748 4044 μὴ
778 3974 1169 4045 ἀποστρέψεις
1202 3976 1308 4030 τὸν
1337 3977 1468 4031 υιόν
1491 3994 1609 4045 μου
1633 3977 1773 4030 ἐκεῖ.
1796 3978 1870 4030 Οὐ
1895 3979 2052 4047 χρεία

402 4079 485 4116 σοι
538 4063 826 4132 γενήσεται
873 4063 1085 4128 τούτου,
1136 4062 1320 4132 φησίν.
1357 4065 1416 4116 '0
1454 4065 1562 4133 γὰρ
1599 4065 1697 4140 τήν
1724 4065 2050 4132 ἐπαγγελίαν

399 4148 536 4219 πρός
581 4165 646 4217 με
682 4149 1067 4218 ποιησάμενος,
1100 4147 1191 4202 καὶ
1225 4150 1316 4202 ἐπὶ
1353 4148 1608 4202 τοσοῦτον
1649 4149 1943 4220 αὐξηθῆναι
1988 4152 2050 4204 τὸ

399 4237 620 4311 σπέρμα
645 4236 808 4292 αὐτοῦ
837 4237 1202 4308 ὑποσχόμενος
1224 4277 1239 4303 ,
1263 4238 1422 4302 αὐτός
1448 4255 1528 4291 σοι
1555 4240 1646 4292 καί
1673 4239 1828 4292 τοῦτο
1855 4239 2050 4292 εὐοδῶ-

398 4344 502 4380 σει.
527 4321 624 4391 Μὴ
644 4325 820 4377 τοίνυν
840 4323 1227 4393 ἀποστρέψῃς
1257 4325 1363 4378 τὸν
1389 4326 1523 4378 υιόν
1545 4342 1662 4392 μου
1683 4324 1820 4377 ἐκεῖ.
1837 4325 2050 4392 Κύριος

397 4417 431 4468 ό
475 4411 617 4476 Θεὸς
656 4412 760 4467 τοῦ
794 4412 1050 4479 οὐρανοῦ
1085 4412 1182 4464 καί
1216 4415 1249 4465 ό
1286 4413 1428 4478 Θεὸς
1470 4411 1579 4478 τῆς
1605 4411 1736 4480 γῆς.
1767 4413 1906 4483 Ὅρα
1936 4412 2049 4474 πῶς

397 4501 492 4554 καὶ
532 4499 785 4570 ἀνωτέρω
831 4498 1008 4569 όρκῶν
1055 4497 1146 4551 τὸν
1192 4499 1356 4551 παῖδα
1377 4537 1392 4560 ,
1444 4498 1537 4551 τὸν
1581 4498 1905 4570 δημιουργὸν
1942 4499 2049 4551 τῶν

396 4587 534 4640 ὅλων
572 4586 730 4638 αὐτὸν
775 4584 1082 4638 ἐκπαιδεύει
1115 4601 1130 4616 ⁶
1165 4586 1258 4638 καὶ
1304 4585 1398 4638 νῦν
1442 4585 1648 4655 μέλλων
1694 4585 2046 4655 ἐπεύχεσθαι,

396 4674 465 4726 τὶ
491 4673 628 4725 αὐτά
651 4670 872 4742 ῥήματά
887 4688 1038 4740 φησι,
1061 4671 1147 4723 διὰ
1178 4671 1392 4724 πάντων
1425 4671 1692 4724 παιδεύων
1725 4671 1813 4722 τὸν
1834 4671 2046 4740 οἰκέτην

397 4761 484 4812 ἐπ’
517 4760 723 4811 ἐκεῖνον
752 4757 849 4827 τὴν
875 4757 1194 4826 πεποίθησιν
1219 4757 1427 4826 ἔχοντα,
1456 4755 1596 4809 οὓτω
1623 4756 1720 4825 τῆς
1746 4756 2048 4826 ὁδοιπορίας

396 4847 672 4916 ἅψασθαι,
717 4847 808 4898 καὶ
867 4845 1084 4916 θαρρεῖν
1118 4844 1212 4896 καὶ
1244 4843 1384 4913 ὑπὲρ
1414 4843 1506 4895 τοῦ
1545 4844 1748 4906 τέλους.
1801 4844 2047 4896 Διδάσκει

398 4935 506 5002 γάρ
543 4932 700 4984 αὐτὸν
727 4931 855 5000 ὅσης
883 4931 938 4996 ἐξ
976 4931 1150 5001 ἀρχῆς
1190 4931 1284 4984 καὶ
1333 4933 1395 4982 ἐκ
1436 4929 1729 5000 προοιμίων
1771 4931 2047 4998 ἀπήλαυσε

395 5021 494 5090 τῆς
544 5018 691 5087 παρά
739 5018 831 5069 τοῦ
861 5017 966 5068 τῶν
999 5016 1134 5068 ὅλων
1177 5015 1312 5068 Θεοῦ
1353 5016 1582 5079 εὐνοίας,
1626 5018 1717 5069 καὶ
1759 5018 1839 5068 ὅτι
1892 5018 2048 5080 αὐτὸς

396 5102 546 5167 οὗτος
567 5144 583 5168 ,
629 5106 658 5157 6
684 5104 777 5156 καὶ
805 5105 867 5156 ὲκ
894 5103 992 5172 τῆς
1025 5100 1229 5164 οἰκείας
1272 5103 1528 5172 πατρίδος
1577 5104 1882 5172 ἀναστήσας
1901 5144 1915 5167 ,
1954 5105 2046 5156 καὶ

402 5192 563 5260 μέχρι
601 5190 694 5242 νῦν
734 5188 802 5241 τὰ
841 5189 958 5241 κατ’
982 5187 1142 5240 αὐτὸν
1191 5188 1360 5250 οὕτως
1408 5192 1766 5257 οἰκονομήσας
1792 5231 1805 5251 ,
1861 5193 1950 5242 καὶ
1989 5193 2046 5241 ἐν

397 5277 545 5344 αὐτῷ
589 5275 664 5344 τῷ
719 5277 865 5345 γήρᾳ
916 5275 1008 5326 τοῦ
1062 5274 1244 5326 Ἰσαὰκ
1299 5275 1388 5326 τὸν
1439 5276 1594 5327 τόκον
1656 5278 2044 5346 χαρισάμενος,

397 5361 560 5424 αὐτὸς
594 5362 685 5412 καὶ
717 5361 786 5412 τὰ
812 5361 1143 5430 προκείμενα
1177 5360 1323 5428 αὐτῷ
1361 5363 1738 5416 κατευοδώσει.
1776 5365 1986 5428 Κύριος
2016 5368 2047 5415 ό

400 5447 542 5512 Θεὸς
569 5486 583 5509 ,
621 5447 750 5516 φησὶ
773 5484 787 5508 ,
824 5446 923 5499 τοῦ
959 5445 1214 5512 οὐρανοῦ
1246 5446 1344 5498 καί
1372 5446 1479 5513 τῆς
1511 5447 1652 5514 γῆς,
1683 5449 1749 5512 ὃς
1775 5449 1947 5500 ἕλαΕέ
1971 5467 2046 5518 με

397 5535 466 5586 ἐκ
508 5532 612 5586 τοῦ
661 5532 827 5584 οίκου
874 5532 977 5585 τοῦ
1027 5533 1248 5598 πατρός
1288 5550 1438 5600 μου,
1469 5533 1563 5584 καὶ
1593 5533 1660 5584 ἐκ
1691 5532 1790 5598 τῆς,
1835 5533 1944 5601 γῆς
1975 5531 2048 5603 ἧς

401 5617 752 5685 ἐγεννήθην,
781 5618 961 5683 αὐτὸς
989 5614 1165 5681 οὗτος
1195 5618 1262 5682 ὃς
1282 5617 1546 5684 ἐλάλησέ
1569 5637 1670 5685 μοι
1705 5619 1917 5685 λέγων,
1949 5622 2048 5674 Σοί

407 5705 577 5756 δώσω
603 5705 716 5771 τὴν
741 5703 852 5773 γῆν
877 5706 1095 5771 ταύτην
1122 5706 1217 5757 καί
1249 5705 1328 5768 τῷ
1351 5705 1641 5774 σπέρματί
1668 5722 1812 5766 σου,
1841 5702 1992 5769 οὗτος
2024 5710 2051 5760 ὁ

406 5789 667 5858 τοσαύτην
697 5791 819 5860 περὶ
841 5791 938 5859 ἐμὲ
967 5788 1061 5860 τὴν
1088 5789 1404 5859 κηδεμονίαν
1429 5788 1847 5857 ἐπιδειξάμενος,
1871 5794 2051 5856 αὐτὸς

405 5875 728 5930 ἀποστελεῖ
769 5877 872 5929 τὸν
919 5877 1174 5946 ἄγγελον
1207 5877 1389 5929 αὑτοῦ
1412 5877 1746 5944 ἔμπροσθέν
1771 5895 1885 5930 σου
1905 5919 1918 5941 ,
1956 5881 2054 5932 καί

411 5961 584 6030 λήύή
615 5967 862 6031 γυναῖκα
910 5963 985 6028 τῷ
1031 5963 1131 6027 vim?)
1156 5981 1272 6032 μου
1307 5963 1548 6018 ἐκεῖθεν.
1581 5964 1825 6034 Θαρρῶν,
1864 5968 2060 6036 φησὶν,

1204 429 1262 486 S.
1293 426 1572 486 JOANNIS
1607 418 2092 485 CﬂRYSOSTOMl
2141 417 2440 477 ARCHIEP
2502 417 3036 478 CONSTANTINOP.

2184 534 2337 588 ἄπιθι
2365 553 2380 568 ο
2415 537 2716 607 πέπεισμαι
2763 536 2870 605 γὰρ
2917 536 2998 588 ὃτι
3049 534 3079 586 ό
3124 547 3390 601 τοσαύτην
3439 532 3566 603 περὶ
3609 534 3712 603 ἐμὲ
3740 534 3839 606 τὴν

2184 621 2498 691 εὐεργεσίαν
2528 621 2962 693 ἐπιδειξάμενος.
3010 619 3102 673 καὶ
3134 617 3340 689 ταύτην
3373 618 3676 688 προσθήσει
3716 625 3838 688 TC"

2182 707 2598 777 προλαὼιᾶσαις,
2650 708 2745 761 ιιιαί⁵
2795 706 3080 760 ἀποστελεῖ
3114 705 3204 757 τὸν
3247 705 3475 774 ἄγγελον
3519 707 3689 760 αὐτοῦ
3742 707 3840 779 ιμ-

2182 795 2414 868 προσθέν
2451 813 2564 850 σου.
2600 796 2770 859 Αὐτός
2812 811 2892 848 σοι
2936 794 3342 864 προοδοποιήσει
3384 793 3632 854 ᾶπαντα,
3673 795 3835 860 αὐτός

2182 898 2263 935 σοι
2309 882 2404 936 καὶ
2448 882 2546 953 τὴν
2595 885 2827 950 γυναῖκα
2873 879 3146 949 γνώριμον
3197 880 3410 948 ποιήσει
3435 920 3452 943 ,
3505 880 3601 933 καὶ
3651 880 3836 935 λασὼν

2177 959 2346 1030 αὐτὴν
2375 961 2546 1028 ἥξεις.
2581 959 2704 1013 Ἐἀν
2731 961 2788 1012 δέ
2812 959 3034 1027 γένηται
3052 997 3068 1020 ,
3107 956 3137 1008 δ
3177 957 3251 1027 μὴ
3287 957 3493 1025 γένοιτο
3516 998 3532 1022 ,
3562 959 3658 1011 καὶ
3680 959 3837 1013 ἀντιο

2177 1039 2325 1110 τείνῃ
2352 1037 2536 1108 ήγυνὴ
2558 1039 2649 1092 τοῦ
2677 1039 2750 1109 μὴ
2780 1036 3130 1108 πορευθῆναι,
3162 1037 3438 1106 ἀλλότριος
3474 1037 3571 1109 {an
3604 1040 3713 1092 ἀπὸ
3731 1041 3834 1110 τῆς

2178 1113 2316 1184 ἀρᾶς
2343 1114 2435 1169 τοῦ
2467 1118 2650 1187 ὅρκου.
2683 1116 2791 1169 Τὸν
2805 1116 3012 1183 μέντοι
3041 1117 3174 1168 υίόν
3193 1131 3312 1182 μου
3330 1113 3414 1181 μὴ
3441 1115 3832 1186 ἀποστρέψας

2173 1192 2313 1246 ἐκεῖ.
2348 1191 2460 1247 Οὐκ
2485 1193 2808 1264 ἀμφιϐάλλω
2837 1194 2964 1262 γὰρ,
2988 1193 3070 1245 ὅτι
3090 1190 3442 1245 κατευοδώσει
3465 1210 3522 1245 σε
3541 1206 3566 1235 ι
3597 1195 3827 1265 Κύριος.

2175 1268 2285 1322 Καὶ
2328 1267 2535 1334 δεικνὺς
2576 1273 2719 1333 ὄπως
2747 1270 3021 1324 ἐπεποίθει
3045 1271 3110 1339 τῇ
3143 1267 3236 1321 τοῦ
3271 1267 3413 1321 Θεοῦ·
3433 1270 3679 1338 δυνάμει,
3717 1273 3830 1325 ἀπ-

2173 1348 2422 1418 αγορεύει
2469 1348 2546 1418 τῷ
2593 1349 2742 1402 παιδὶ
2779 1349 2870 1401 τὸν
2909 1347 3093 1400 Ἰσαὰκ
3129 1348 3304 1398 ἐκεῖσε
3337 1347 3661 1413 ἀπαγαγεῖν.
3696 1345 3830 1405 Εἶτα

2173 1423 2357 1494 ἐπειδὴ
2395 1424 2532 1494 μετά
2557 1425 2838 1496 ἀκριϐείας
2867 1423 3159 1478 διετείλατο
3189 1422 3265 1492 τῷ
3296 1423 3447 1475 παιδὶ
3471 1461 3486 1485 ,
3520 1424 3615 1476 καὶ
3648 1425 3832 1496 ἀπήλ-

2171 1499 2330 1565 λαξεν
2379 1503 2537 1556 αὐτὸν
2589 1505 2686 1572 τῆς
2733 1502 3006 1572 φροντίδος
3051 1500 3328 1570 (ἐδεδοίκει
3370 1501 3478 1570 γὰρ
3503 1499 3531 1551 6
3561 1505 3693 1564 παῖς
3749 1504 3828 1575 μὴ

2171 1576 2501 1650 ἐπιορκήσας
2553 1580 2665 1650 ἀλῷ
2706 1581 2766 1633 τδ
2811 1578 3142 1650 προσταχθὲν
3170 1577 3244 1646 μὴ
3287 1578 3624 1648 πληρώσας),
3665 1581 3827 1646 Θείς,

2170 1660 2326 1725 φησι,
2348 1657 2463 1724 τὴν
2488 1659 2650 1727 χεῖρα
2670 1658 2854 1715 αὐτοῦ
2885 1657 3000 1711 ὑπὸ
3030 1656 3136 1710 τὸν
3159 1655 3371 1724 μηρὸν.
3397 1656 3634 1724 ὤμοσεν
3660 1658 3827 1724 αὐτῷ

2169 1735 2302 1802 περὶ
2338 1736 2445 1790 τσῦ
2468 1736 2737 1804 ῥήματος
2762 1736 2994 1798 τούτου,
3021 1734 3163 1787 ὥστε
3193 1733 3266 1802 μὴ
3300 1733 3390 1784 τὸν
3427 1734 3606 1787 Ἰσαάκ
3638 1736 3821 1790 ἐκεῖσε

2169 1811 2489 1880 ἀπαγαγεῖν.
2544 1811 2694 1875 Εῐδες
2737 1811 2853 1874 πῶς
2890 1812 2954 1864 ἐκ
2978 1807 3274 1881 προοιμίων
3313 1809 3511 1872 ἔδειξεν
3551 1813 3824 1883 όοίκέτης

2167 1887 2264 1958 τήν
2292 1889 2501 1944 εὔνοιαν
2528 1890 2625 1960 τὴν
2653 1889 2781 1960 περὶ
2804 1889 2896 1941 τὸν
2921 1886 3220 1954 δεσπότην;
3260 1885 3400 1956 Ὅρα
3430 1887 3617 1942 λοιπὸν
3653 1891 3824 1946 αὐτόν

2167 1966 2232 2021 ἐκ
2256 1969 2355 2039 τῆς
2393 1969 2484 2022 τοῦ
2522 1961 2858 2040 πατριάρχου
2884 1965 3231 2028 διδασκαλίας
3269 1964 3461 2033 βελτίω
3498 1969 3818 2038 γινόμενον,

2165 2045 2257 2097 καὶ
2289 2045 2618 2116 μιμούμενον
2664 2043 2758 2097 τοῦ
2809 2043 3018 2097 δικαίου
3045 2042 3107 2095 τὸ
3140 2043 3404 2111 φιλόθεον.
3455 2045 3666 2100 Λαϐὼν
3687 2049 3820 2119 γὰρ,

2165 2123 2328 2190 φησὶν
2351 2163 2366 2184 ,
2402 2126 2436 2176 ό
2471 2123 2608 2189 παῖς
2633 2122 2780 2177 δέκα
2809 2120 3117 2190 καμήλους
3148 2119 3244 2174 καί
3271 2121 3387 2175 ἀπὸ
3421 2122 3664 2176 πάντων
3699 2125 3822 2180 τῶν

2162 2200 2399 2267 ἀγαθῶν
2446 2201 2549 2254 τοῦ
2590 2200 2798 2267 κυρίου
2843 2197 3028 2252 αὑτοῦ
3047 2237 3062 2263 ,
3111 2197 3374 2262 ἀναστὰς
3404 2199 3694 2269 ἐπορεύθη
3727 2205 3822 2270 εἰς

2163 2275 2278 2342 τὴν
2301 2277 2760 2345 Μεσοποταμίαν
2781 2277 2868 2341 εἰς
2905 2273 3023 2342 τὴν
3049 2276 3229 2328 πόλιν
3259 2274 3493 2343 Ναχὼρ,
3531 2277 3631 2330 καί
3662 2279 3822 2334 ἐκοί-

2161 2369 2300 2421 μισε
2362 2354 2465 2421 τὰς
2522 2354 2829 2422 καμήλους
2887 2351 3002 2414 ἔξω
3069 2350 3179 2418 τῆς
3228 2353 3459 2417 πόλεως
3518 2353 3680 2421 παρὰ
3748 2355 3816 2411 τὸ

2160 2429 2345 2498 φρέαρ
2369 2430 2473 2484 τοῦ
2497 2431 2715 2495 ὕδατος
2742 2430 2807 2482 τὸ
2833 2427 2983 2495 πρὸς
3015 2427 3150 2493 ὀψὲ,
3187 2425 3368 2492 ἡνίκα
3391 2428 3818 2496 ἐκπορεύονται

2159 2511 2218 2560 ai
2243 2507 2649 2577 ῠδρευόμεναι.
2677 2507 2788 2560 Καί
2809 2506 2939 2558 εἷπε
2968 2519 2980 2533 ·
3015 2504 3192 2570 Κύριε
3217 2507 3250 2558 ό
3279 2504 3422 2571 Θεὸς
3452 2505 3560 2559 τοῦ
3601 2511 3817 2576 κυρίου

2153 2602 2272 2651 μου
2308 2584 2569 2654 Ἁϐραάμ.
2600 2585 2741 2654 Ὅρα
2761 2581 2854 2637 τοῦ
2880 2581 3088 2635 οἰκέτου
3119 2579 3216 2650 τὴν
3243 2582 3682 2654 εὐγνωμοσύνην.
3709 2586 3814 2639 τὸν

2157 2663 2256 2730 τῆς
2277 2664 2592 2732 οἰκουμένης
2617 2660 2892 2730 Δεσπότην
2919 2659 3024 2713 ἀπὸ
3041 2658 3135 2712 τοῦ
3161 2660 3500 2730 πατριάρχου
3533 2663 3811 2733 ὀνομάζειο

2159 2740 2332 2807 Κύριε
2363 2739 2471 2810 γὰρ
2504 2742 2536 2793 ό
2571 2738 2733 2803 Θεὸς,
2763 2737 2916 2806 φησὶ,
2949 2736 3052 2791 τοῦ
3086 2737 3294 2804 κυρίου
3312 2755 3434 2805 μου
3483 2740 3758 2808 Ἀϐραὰμ,
3784 2743 3815 2794 6

2156 2816 2420 2881 τοσαύτας
2455 2817 2579 2888 περὶ
2610 2815 2769 2868 αὐτὸν
2800 2815 3114 2884 εὐεργεσίας
3138 2814 3557 2882 ἐπιδειξάμενος.
3609 2820 3717 2872 Καὶ
3756 2820 3814 2874 τί

2158 2893 2455 2962 θαυμάζεις
2482 2896 2530 2947 εί
2557 2897 2583 2946 6
2609 2893 2824 2961 οίκέτης
2851 2892 3011 2946 αὐτὸν
3035 2891 3176 2945 οὕτω
3205 2893 3355 2944 καλεῖ
3379 2894 3510 2947 Θεὸν
3525 2895 3814 2966 Ἀδραάμζ

2155 2971 2324 3035 Αὐτὸς
2362 2975 2390 3025 6
2430 2972 2538 3024 τῶν
2569 2971 2706 3024 ὅλων
2749 2970 2880 3032 θεὸς
2899 2969 3113 3030 δεικνὺς
3145 2970 3291 3032 ὅπως
3317 2970 3423 3022 τῶν
3464 2971 3687 3024 δικαίων
3711 2974 3817 3044 τὴν

2156 3049 2352 3119 ἀρετὴν
2375 3051 2503 3118 περὶ
2529 3047 2722 3102 πολλοῦ
2747 3048 3000 3111 ποιεῖται,
3033 3046 3196 3114 φησίν
3219 3062 3232 3075 ·
3270 3045 3419 3118 [485]
3457 3047 3603 3115 Ἐγώ
3629 3051 3747 3117 ειμι
3776 3053 3816 3105 ὁ

2157 3125 2297 3191 Θεὸς
2343 3126 2548 3179 Ἰακὼϐ
2565 3126 2662 3179 καί
2692 3128 2725 3177 ό
2752 3123 2893 3188 Θεὸς
2910 3121 3114 3176 Ἰσαὰκ
3133 3121 3229 3175 καί
3247 3127 3279 3176 ό
3302 3123 3445 3184 Θεὸς
3488 3124 3732 3194 Ἀϐραάμ
3757 3126 3812 3183 δ.

2155 3203 2348 3268 Κύριε,
2379 3202 2560 3270 φησὶν,
2595 3204 2627 3254 ὀ
2660 3199 2802 3265 Θεὸς
2826 3199 2930 3252 τοῦ
2964 3198 3171 3267 κυρίου
3201 3215 3321 3267 μου
3375 3200 3618 3269 Ἀϐραὰμ
3645 3243 3662 3266 ,
3712 3205 3816 3258 εὐ.

2153 3278 2386 3331 όδωσον
2409 3278 2687 3331 ἐναντίον
2717 3294 2836 3345 μου
2871 3275 3158 3344 σήμερον,
3198 3275 3296 3330 καί
3339 3278 3599 3343 ποίησον
3633 3279 3816 3348 ἕλεος

2146 3355 2296 3422 μετὰ
2348 3353 2453 3406 τοῦ
2496 3355 2705 3420 κυρίου
2744 3371 2862 3421 μου
2930 3351 3214 3420 Ἀϐραάμ·
3263 3352 3340 3416 ὡς
3384 3355 3433 3406 εἰ
3480 3353 3817 3422 ἐλεγενοείς

2152 3432 2310 3501 ἔργον
2327 3432 2498 3485 ἐλθεῖν
2520 3433 2742 3501 ποίησον
2770 3431 2838 3483 τὰ
2861 3430 3083 3494 δόξαντα
3104 3429 3273 3498 αὐτῷ,
3293 3430 3386 3482 καὶ
3412 3431 3552 3484 κατά
3580 3435 3816 3505 γνώμην

2151 3510 2250 3577 τὴν
2277 3509 2439 3561 αὐτοῦ
2477 3508 2650 3562 πάντα
2682 3508 2960 3560 εὐόδωσον.
2997 3508 3264 3571 Ποίησον
3294 3507 3467 3570 ἕλεος
3512 3511 3662 3577 μετὰ
3699 3513 3812 3566 τοῦ

2152 3588 2358 3653 κυρίου
2393 3604 2510 3654 μου
2563 3584 2830 3653 Ἀϐραάμ.
2877 3585 2940 3636 Τί
2975 3587 3090 3637 ἐστι
3112 3625 3124 3638 .
3158 3581 3424 3650 Ποίησον
3451 3585 3665 3650 hisac;
3695 3589 3814 3657 Τὴν

2153 3665 2442 3734 ἐπιθυμίαν
2489 3663 2649 3717 αὐτοῦ
2704 3664 3006 3733 πλήρωσον.
3060 3659 3192 3716 Εἶτά
3244 3679 3406 3730 φησιν
3442 3677 3455 3690 ⁶
3504 3663 3659 3717 Ἰδοὺ
3694 3665 3818 3733 ἐγὼ

2150 3742 2375 3808 ἕστηκα
2401 3741 2496 3794 ἐπὶ
2530 3741 2637 3807 τῆς
2669 3739 2870 3810 πηγῆς
2901 3741 3004 3793 τοῦ
3028 3741 3265 3804 ὕδατος,
3294 3741 3354 3792 al
3390 3739 3458 3792 δὲ
3495 3743 3818 3811 θυγατέρες

2149 3819 2268 3871 τῶν
2308 3819 2632 3870 οἰκούντων
2665 3817 2779 3884 τὴν
2815 3812 2998 3871 πὸλιν
3035 3818 3460 3883 ἐκπορεύονται
3505 3819 3817 3886 ἀντλῆσαι

2149 3895 2326 3962 ὕδωρ.
2363 3895 2470 3947 Καὶ
2505 3895 2671 3947 ἐσται
2705 3897 2742 3962 ἡ
2777 3895 3067 3963 παρθένος
3088 3936 3102 3957 ,
3137 3891 3176 3964 ᾖ
3203 3895 3280 3948 ἂν
3328 3895 3443 3963 ἐγὼ
3473 3896 3816 3959 εῖπω,Ἐ.τίο

2151 3978 2361 4026 κλίνων·
2396 3973 2510 4040 τὴν
2537 3974 2748 4040 ὑδρίαν
2775 3990 2889 4026 σου
2918 3975 3016 4026 ἵνα
3049 3975 3181 4036 πίω,
3214 3973 3309 4026 καί
3342 3973 3482 4039 εἴπῃ
3505 3991 3606 4041 μοι
3631 4015 3644 4037 ,
3680 3978 3812 4040 llis,

2149 4049 2248 4102 καὶ
2292 4052 2394 4114 τὰς
2441 4049 2750 4117 καμήλους
2800 4065 2914 4102 σου
2965 4048 3163 4112 ποτιῶ,
3203 4049 3312 4114 ἕως
3345 4049 3422 4102 ἂν
3460 4051 3814 4106 παύσωνται

2149 4125 2336 4180 πᾶσαι
2380 4127 2684 4190 πίνουσαι,
2728 4128 2953 4193 ταύτην
2990 4127 3322 4195 ἡτοίμασας
3361 4126 3440 4190 τῷ
3475 4127 3644 4180 παιδί
3687 4145 3813 4185 σου

2162 4203 2387 4262 Ἰσαὰκ.
2410 4203 2507 4256 καὶ
2529 4203 2598 4256 ἐν
2630 4204 2820 4269 τούτῳ
2847 4201 3163 4272 γνώσομαι,
3201 4203 3288 4256 ὅτι
3315 4204 3607 4271 ἐποίησας
3634 4204 3814 4273 ἕλεος

2148 4279 2228 4345 τῷ
2251 4282 2430 4347 κυρίῳ
2468 4299 2586 4348 μου
2625 4280 3054 4352 Ἀϐραάμ.⁶’ορα
3080 4281 3172 4334 τοῦ
3203 4281 3413 4334 οἰκέτου
3442 4283 3539 4350 τὴν
3566 4282 3807 4339 σύνεσιν.

2161 4359 2372 4427 Ἐπειδὴ
2406 4359 2512 4429 γάρ
2541 4359 2654 4428 ᾔδει
2677 4358 2771 4410 τοῦ
2807 4361 3141 4429 πατριάρχου
3169 4359 3227 4410 τὸ
3257 4359 3525 4426 φιλόξενον
3544 4398 3558 4421 ,
3599 4363 3693 4414 καὶ
3724 4363 3813 4417 ὅτε

2147 4435 2244 4504 τὴν
2291 4436 2456 4504 κόρην
2503 4438 2600 4504 τὴν
2642 4437 2758 4486 ἐκεῖ
2808 4435 3103 4503 μέλλουσαν
3155 4435 3458 4501 ἀπάγεσθαι
3507 4437 3815 4506 ὀμότροπον

2147 4509 2286 4565 εἶναι
2334 4515 2597 4582 προσήκει
2655 4512 2733 4581 τῷ
2786 4512 3005 4581 δικαίῳ,
3064 4511 3216 4564 οὐδὲν
3266 4512 3453 4580 ἕτερον
3504 4516 3811 4585 τεκμήριον

2148 4591 2411 4656 ἐπιζητεῖ,
2447 4590 2558 4642 ἀλλ’
2583 4591 2689 4643 ἀπὸ
2710 4591 2805 4659 τῆς
2829 4591 3053 4659 γνώμης
3079 4589 3175 4658 τὴν
3205 4589 3503 4657 φιλοξενίαν
3531 4608 3813 4664 χαρακτη-

2149 4668 2296 4737 ρίσαι
2328 4667 2568 4735 βούλεται
2598 4668 2694 4735 τῆς
2729 4668 2916 4736 κόρης.
2949 4666 3039 4719 καί
3070 4684 3234 4736 φησιν
3258 4683 3272 4696 ·
3316 4667 3440 4719 Ἐὰν
3479 4668 3611 4736 ἐμοῦ
3646 4672 3807 4739 αἰτή-

2150 4761 2339 4806 σαντος
2379 4748 2505 4816 παρ’
2548 4745 2717 4813 αὐτῆς
2753 4744 2814 4795 τὸ
2858 4744 3022 4813 ὕδωρ,
3067 4743 3316 4815 ἐπικλίνῃ
3346 4761 3434 4812 μοι
3463 4745 3559 4814 τὴν
3585 4745 3809 4816 ὑδρίαν,

2148 4821 2241 4873 καί
2271 4821 2343 4890 μὴ
2377 4822 2534 4890 μόνον
2561 4821 2620 4872 τὸ
2663 4821 2882 4889 αἰτηθὲν
2932 4823 3162 4891 ποιήσῃ,
3202 4819 3337 4872 ἀλλά
3378 4821 3470 4872 καί¹
3515 4821 3611 4890 τήν
3650 4822 3814 4890 δαψί-

2147 4899 2293 4952 λειαν
2312 4901 2408 4968 τῆς
2423 4901 2626 4962 οίκείας
2650 4899 2870 4970 γνώμης
2897 4899 3245 4968 ἐπιδείξηται,
3276 4900 3368 4951 καὶ
3385 4898 3532 4970 εἴπῃ,
3565 4902 3666 4955 Καὶ
3691 4906 3814 4968 ταῖς

2148 4977 2412 5047 καμήλοις
2465 4995 2556 5030 σου
2601 4978 3019 5048 ἐφυδρεύσομαι,
3071 4976 3344 5047 ἀρκοῦσαν
3385 4979 3656 5044 ἀπόδειξιν
3699 4999 3810 5033 πα-

2149 5059 2307 5127 ρέσχε
2351 5058 2437 5109 διὰ
2487 5057 2586 5125 τῆς
2631 5057 2721 5109 τοῦ
2768 5057 2957 5119 ὓδατος
3001 5056 3244 5126 παροχῆς
3285 5057 3382 5126 τῆς
3429 5057 3537 5108 τῶν
3591 5060 3812 5128 τρόπων

2147 5137 2460 5196 ἐπιεικείας.

2216 5215 2276 5266 δ’.
2296 5214 2569 5280 Ἐννόησον
2599 5215 2704 5283 γάρ
2729 5231 2834 5282 μοι,
2865 5215 3132 5283 ἀγαπητὴ
3151 5213 3272 5266 ὅσον
3297 5210 3364 5284 ἧν
3392 5216 3556 5287 κόρην
3596 5216 3811 5289 ἁπαλὴν

2149 5293 2512 5361 ὑδρευομένην
2545 5294 2603 5344 οὐ
2645 5294 2800 5360 μόνον
2834 5295 2906 5361 μὴ
2936 5293 3226 5345 ἀνανεῦσαι
3259 5293 3394 5360 πρὸς
3425 5297 3521 5364 τὴν
3553 5295 3767 5360 αἴτησιν
3791 5338 3806 5361 ,

2149 5373 2280 5424 ἀλλά
2302 5374 2392 5423 καὶ
2417 5371 2657 5423 καθεῖναι
2677 5373 2775 5439 τὴν
2803 5372 2989 5440 ὑδρίαν
3014 5371 3120 5422 ἀπὸ
3142 5369 3249 5421 τῶν
3273 5369 3436 5442 ᾧμων
3462 5411 3475 5430 ,
3508 5373 3598 5424 καὶ
3629 5391 3809 5443 παρα-

2154 5453 2299 5518 σχεῖν
2329 5451 2699 5518 ἐμφορηθῆναι
2719 5451 2796 5518 τῷ
2825 5451 3080 5506 αἰτοῦντι.
3111 5451 3201 5499 καὶ
3227 5449 3394 5502 ταῦτα
3421 5451 3554 5519 ξένῳ
3578 5451 3689 5501 ὖντι
3717 5454 3812 5504 καὶ

2151 5532 2444 5599 οὐδαμόθεν
2469 5533 2724 5599 γνωρίμῳ
2744 5547 2755 5558 °
2783 5533 2873 5583 καί
2905 5532 2965 5582 οὐ
3003 5532 3158 5598 μόνον
3192 5532 3386 5599 τούτῳ,
3419 5532 3552 5584 ἀλλά
3573 5534 3665 5584 καὶ
3690 5538 3810 5597 ταῖς

2154 5611 2414 5679 καμήλοις
2440 5612 2675 5673 ἀπάσαις
2706 5611 3081 5679 ὑδρεύσασθαι,
3111 5610 3203 5661 καὶ
3230 5611 3395 5674 δεῖξαι
3419 5611 3502 5662 διὰ
3530 5612 3636 5662 τῶν
3665 5629 3811 5678 γινο-

2159 5690 2331 5760 μένων
2361 5691 2455 5756 τῆς
2487 5691 2540 5740 ἐν
2577 5693 2638 5758 τῇ
2678 5691 2821 5760 ψυχῇ
2859 5690 3134 5756 εὐγενείας
3173 5690 3239 5740 τὰ
3283 5693 3575 5760 τεκμήρια.
3612 5692 3680 5743 Ἦ
3710 5693 3811 5747 οὐκ

2224 5793 2248 5819 α
2288 5791 2434 5838 Savil.
2458 5797 2510 5836 et
2529 5799 2734 5850 quatuor
2757 5807 2868 5840 mss.
2897 5810 2989 5840 σοι.
3017 5792 3185 5839 Morel.
3212 5810 3281 5840 σε.

2228 5851 2254 5887 b
2281 5854 2359 5898 Sic
2384 5855 2575 5898 inverso
2596 5854 2762 5899 ordino
2793 5856 2970 5910 legitur
2994 5853 3137 5899 etiam
3164 5854 3208 5899 in
3232 5858 3340 5901 Sav.
3363 5861 3413 5901 el.
3448 5857 3492 5901 in
3518 5867 3628 5902 nm.
3648 5854 3812 5901 Inter-

2185 5927 2284 5959 πρε
2307 5919 2446 5958 volnus
2470 5915 2646 5966 legisse
2691 5916 2898 5966 \idelur,
2944 5918 2997 5959 ιιι
3021 5921 3097 5960 ρει
3121 5916 3378 5972 ἰιοιίίρηιιρ,
3407 5916 3452 5962 in
3497 5918 3661 5964 (ξι-ιι·ςο
3687 5928 3738 5964 el
3758 5920 3811 5966 in

2185 5929 2284 5959 n‘es
2307 5929 2446 5958 \‘(‘lll§
2471 5929 2646 5966 ιυμιδςρ
2691 5929 2898 5966 ιιαειιιτ,
2944 5929 2997 5959 ιιι
3021 5929 3097 5960 (³81.
3121 5929 3378 5972 ιιουιρηιιρ,
3407 5931 3452 5962 Ill
3497 5929 3564 5962 hi"

2169 5929 2378 6034 \v‘ulgala
2395 6013 2408 6037 ,
2431 5974 2553 6022 Deus
2577 5974 2834 6036 Abraham,
2860 5977 2980 6026 υιιιε
3006 5975 3163 6035 Isaac,
3193 5983 3237 6027 ει
3270 5978 3391 6026 Deus
3412 5977 3564 6026 Juwb
