4060 6424
177 470 276 528 ιω

175 598 290 638 nent
331 597 534 647 meam,
575 587 622 634 et
655 575 774 632 inde
801 573 1015 644 accipies
1039 586 1248 626 uxorem
1296 568 1404 634 ﬁlio
1439 579 1548 618 meo
1594 560 1762 616 Isaac.

177 672 370 729 Vidisti
396 669 702 726 mandatum
730 663 1070 737 patriarchm,
1097 659 1238 731 quod
1264 657 1461 711 famqu
1485 648 1673 708 dedi‘t?
1702 653 1776 704 At

178 781 248 820 ne
293 760 650 833 perfunctorie
679 767 964 829 pnetereas
993 753 1167 817 dicta,
1209 749 1303 803 sed
1338 747 1508 813 cogita
1538 751 1769 798 mentem

175 865 230 910 ct
261 853 589 926 propositum
612 849 739 920 justi
760 889 775 913 ,
807 855 860 903 et
887 843 1104 900 attende
1132 838 1401 911 quomoda
1430 844 1638 890 veteres
1663 847 1770 886 non

176 946 492 1015 qumrebant
529 940 879 997 substantiam
923 934 1144 990 multam
1166 973 1180 996 ,
1229 946 1337 984 “On
1373 927 1583 982 divitias
1606 964 1622 989 ,
1663 936 1770 978 ma

174 1049 384 1100 servos,
417 1049 521 1086 non
551 1040 628 1086 tot
654 1041 706 1086 et
733 1037 809 1084 tot
829 1027 1014 1097 jugera
1044 1021 1178 1092 agri,
1207 1035 1311 1074 non
1337 1029 1574 1072 externa:
1600 1029 1769 1068 venu-

177 1128 330 1181 statis
359 1125 584 1179 formam
606 1163 618 1182 .
650 1120 747 1176 sed
781 1119 974 1174 animm
1004 1109 1453 1184 pulchritudinem
1485 1115 1539 1160 et
1560 1118 1768 1159 morum

176 1218 532 1272 nobilitatem.
578 1213 710 1268 Nam
741 1210 992 1280 quoniam
1019 1203 1231 1259 videbat
1263 1198 1553 1269 nequitiam
1582 1207 1768 1250 eorum

172 1307 267 1377 qui
296 1307 349 1361 in
375 1305 678 1360 Chananma
710 1296 1037 1361 habitabant,
1082 1294 1259 1349 sciens
1286 1299 1543 1360 quantum
1571 1285 1770 1339 bonum

173 1399 245 1453 sit
268 1397 549 1468 eonjugcm
585 1393 784 1447 habere
813 1388 1001 1444 iisdem
1028 1383 1267 1439 moribus
1289 1378 1562 1451 praeditam
1580 1415 1595 1438 ,
1624 1388 1767 1443 pra:-

171 1490 304 1559 cipit
333 1501 512 1550 servo,
542 1494 596 1539 et
619 1485 979 1552 juramentum
1006 1475 1244 1536 adhibet,
1277 1480 1330 1525 ut
1358 1485 1423 1524 ex
1451 1483 1555 1559 sua,
1573 1480 1768 1559 cogna-

175 1555 323 1634 tione
349 1592 570 1632 uxorem
606 1575 783 1627 lsaaeo
810 1570 1038 1624 adducat
1073 1585 1086 1622 :
1117 1579 1288 1634 neque
1319 1557 1654 1616 intervallum
1686 1555 1767 1608 Io-

140 1684 360 1726 -eorum
385 1710 400 1734 ,
445 1684 616 1733 neque
652 1666 770 1718 alia:
797 1661 1134 1717 difficultates
1155 1669 1372 1726 segnem
1413 1665 1535 1708 eum
1582 1650 1634 1703 in
1686 1647 1768 1700 llis

169 1761 404 1818 reddunt
434 1777 446 1812 :
477 1759 570 1813 sed
601 1758 776 1812 sciens
803 1754 879 1809 rei
909 1751 1304 1812 necessitatem,
1339 1758 1553 1800 omnem
1580 1755 1764 1797 curam

170 1861 228 1907 et
272 1850 505 1905 studium
535 1848 783 1912 adhibet,
816 1861 878 1901 ac
906 1844 1065 1899 mittit
1094 1840 1467 1895 domesticum.
1499 1833 1766 1890 Cmterum

169 1940 472 2012 patriarcha
499 1940 745 1992 virtutem
774 1945 980 1990 tantum
1001 1932 1162 1987 animi
1188 1941 1453 1999 quaerens,
1486 1934 1540 1980 et
1564 1923 1761 1977 abhor-

168 2046 297 2086 rens
318 2045 346 2083 a
367 2029 661 2082 vicinarum
686 2026 910 2088 malitia,
935 2025 1004 2076 ita
1034 2020 1247 2092 quidem
1274 2033 1332 2073 se
1351 2016 1518 2087 gerit;
1544 2023 1598 2068 at
1625 2026 1766 2066 nunc

165 2137 360 2177 omnes
390 2119 692 2190 hujusmodi
721 2117 1080 2172 conditionem
1108 2128 1174 2167 ne
1195 2110 1490 2180 cogitarent
1509 2105 1722 2177 quidem
1747 2120 1761 2158 :

166 2228 298 2266 nant
325 2213 428 2267 etsi
461 2211 602 2265 vitiis
630 2209 925 2264 innumeris
949 2206 1103 2276 plena
1132 2207 1221 2266 sit,
1251 2203 1354 2258 hoc
1383 2201 1554 2255 solum
1587 2197 1764 2268 inqui-

164 2312 314 2368 runt,
342 2311 594 2370 quantum
631 2299 868 2353 abundet
896 2295 1172 2366 pecuniis;
1225 2302 1416 2347 caetera
1452 2289 1632 2345 omnia
1672 2303 1766 2357 po-

161 2396 394 2448 steriore
423 2393 542 2446 loco
571 2391 789 2456 habent,
823 2389 1122 2444 nescientes
1142 2402 1222 2454 se,
1253 2386 1297 2441 si
1329 2399 1482 2440 mens
1509 2397 1761 2454 perversa

159 2485 273 2548 sit,
302 2484 424 2538 licet
453 2483 726 2537 immensa:
754 2479 975 2534 affluant
999 2477 1197 2532 divitia:
1217 2519 1231 2540 ,
1265 2477 1371 2531 cito
1393 2476 1444 2530 in
1467 2483 1760 2530 extremam

164 2584 427 2630 venturos
457 2573 689 2642 inopiam
718 2589 731 2626 :
759 2581 812 2626 et
837 2569 966 2624 nihil
997 2567 1302 2639 profuturas
1322 2579 1472 2636 opes,
1501 2580 1622 2620 cum
1655 2579 1761 2617 non

159 2668 234 2723 sit
261 2667 332 2721 ibi
364 2680 515 2720 mens
540 2681 658 2735 qua:
691 2664 826 2718 bene
849 2663 966 2716 illas
994 2661 1305 2731 dispensare
1332 2675 1402 2728 qu
1424 2666 1511 2712 'at.

235 2760 293 2814 3.
325 2758 517 2813 Verum
558 2756 856 2826 patriarcha
884 2768 1045 2809 servo
1083 2760 1392 2807 accuratum
1421 2749 1574 2804 dedit
1603 2764 1760 2803 man-

158 2849 350 2903 datum
377 2889 393 2910 ,
421 2857 477 2900 et
497 2847 814 2915 iuramentis
853 2859 976 2899 eum
1002 2842 1304 2898 adstrinxit.
1343 2840 1630 2896 Videamus
1669 2855 1764 2893 au-

162 2949 280 2996 tem
327 2952 469 2992 nunc
498 2944 553 2991 et
580 2937 717 2990 servi
747 2935 1095 3004 probitatem,
1127 2931 1397 3002 quomodo
1438 2930 1554 2984 heri
1595 2931 1762 2999 pieta-

158 3039 274 3086 tem
304 3028 536 3081 imitatus
552 3027 638 3080 sit.
663 3025 793 3079 Nam
827 3033 1102 3095 postquam
1131 3022 1262 3076 vidit
1283 3031 1388 3075 tam
1410 3020 1760 3089 scriojusttnn

158 3121 269 3174 sibi
325 3118 646 3187 praecipere,
693 3115 826 3170 dicit
863 3115 911 3169 ei
947 3114 1038 3170 :5.
1069 3113 1130 3168 Si
1173 3128 1276 3166 non
1325 3112 1539 3165 voluerit
1582 3111 1764 3164 mulier

159 3210 336 3266 venire
359 3223 550 3260 mecum
571 3248 585 3271 ,
615 3208 689 3260 vis
713 3206 880 3275 ﬁlium
911 3215 1054 3258 tuum
1078 3205 1131 3257 in
1165 3213 1351 3258 terram
1371 3244 1385 3267 ,
1413 3203 1546 3256 unde
1583 3203 1760 3268 existi,

159 3299 444 3355 inducam?
471 3297 538 3354 Ut
565 3313 632 3351 ne
652 3337 667 3362 ,
705 3295 907 3366 inquit,
939 3294 985 3348 si
1011 3293 1299 3349 difficultas
1320 3292 1493 3362 aliqua
1529 3290 1762 3358 incidat,

157 3387 542 3458 transgredior
564 3386 809 3441 mandata
856 3395 943 3438 tua
970 3403 984 3438 :
1019 3398 1148 3453 rogo
1170 3425 1184 3447 ,
1213 3383 1339 3454 quid
1385 3383 1652 3451 oportebit
1678 3398 1765 3436 me

161 3479 454 3535 observare
476 3517 491 3539 ,
518 3486 572 3531 et
593 3490 735 3530 nunc
767 3474 940 3544 placet
967 3473 1061 3527 tibi
1083 3482 1138 3527 ut
1161 3472 1287 3526 illuc
1316 3471 1473 3526 abeat
1497 3471 1644 3526 Isaac
1668 3515 1680 3535 .
1711 3481 1766 3526 et

161 3578 381 3638 accepta
408 3581 603 3637 sponsa
630 3565 851 3632 redeat,
875 3566 920 3618 si
949 3580 1053 3617 non
1084 3564 1330 3627 voluerit,
1363 3573 1425 3616 ut
1456 3562 1721 3616 mandasti
1745 3604 1760 3628 ,

161 3660 352 3718 venire
395 3659 638 3714 mecum?
671 3657 807 3724 Quid
859 3657 1018 3727 igitur
1059 3656 1272 3726 justus?
1303 3657 1536 3726 Denegat
1579 3655 1682 3710 hoc
1710 3665 1765 3711 et

161 3751 297 3806 dicit
323 3768 337 3803 :
362 3749 396 3803 6
420 3747 632 3803 Attende
659 3747 772 3810 tibi;
802 3764 864 3801 ne
888 3748 1074 3800 educas
1096 3747 1260 3816 [ilium
1287 3763 1452 3800 meum
1479 3747 1621 3801 illuc.
1645 3746 1762 3802 Non

161 3843 272 3899 erit
299 3841 390 3895 tibi
413 3840 514 3895 hac
535 3855 593 3895 re
616 3854 772 3909 opus.
787 3839 888 3906 Qui
917 3839 1062 3894 enim
1088 3838 1214 3894 mihi
1240 3839 1342 3894 hoe
1370 3838 1636 3908 pollicitus
1657 3850 1758 3906 est,

160 3941 222 3989 et
268 3931 512 4003 promisit
545 3945 729 3985 semen
777 3929 893 4000 ejus
937 3930 1007 3983 ita
1060 3929 1550 3998 multiplicandum,
1602 3932 1761 3986 etiam

160 4023 377 4081 curabit
426 4021 527 4076 hoc
553 4030 606 4074 ιιι
640 4035 893 4091 prospere
931 4021 1203 4075 succedat.
1237 4019 1320 4074 Ne
1358 4021 1519 4091 igitur
1541 4021 1764 4076 abducas

161 4113 292 4168 illuc
338 4113 503 4182 ﬁlium
555 4128 740 4166 meum.
777 4112 831 4165 7.
883 4109 1136 4166 Dominus
1186 4110 1328 4166 Deus
1376 4113 1488 4167 ειειί
1533 4123 1582 4168 et
1625 4112 1767 4170 Deus

163 4215 337 4259 teme.
390 4201 521 4257 Vide
576 4201 846 4271 quomodo
892 4203 1138 4270 superius
1191 4216 1406 4256 servum
1459 4202 1716 4274 adjurans
1746 4247 1761 4272 ,

164 4295 345 4364 ipsum
374 4291 444 4347 de
465 4292 703 4346 omnium
725 4292 1016 4346 Conditore
1041 4291 1271 4345 instituit
1301 4308 1315 4344 :
1340 4301 1396 4347 et
1413 4308 1554 4348 nunc
1581 4309 1766 4360 preca-

165 4395 320 4437 turus
351 4383 572 4446 iterum,
603 4381 792 4436 cadent
823 4381 987 4436 verba
1030 4380 1162 4436 dicit
1189 4397 1205 4436 :
1230 4397 1326 4451 per
1345 4382 1524 4438 munia
1548 4397 1767 4437 servum

161 4475 402 4536 docens,
450 4481 506 4525 ut
555 4472 743 4526 ﬁducia
792 4473 845 4526 in
889 4487 1012 4527 eum
1061 4472 1247 4540 plenus
1283 4474 1387 4528 iter
1426 4474 1684 4544 arripiat,
1713 4485 1766 4529 et

161 4564 237 4617 dc
285 4563 426 4616 bono
474 4562 550 4616 rei
612 4564 756 4617 exitu
807 4563 943 4618 bene
982 4571 1182 4632 speret.
1229 4562 1400 4618 Docet
1439 4564 1584 4618 enim
1643 4581 1765 4620 cum

163 4663 426 4726 quantam
452 4655 578 4708 olim
605 4654 674 4708 ab
700 4655 852 4709 initio
881 4654 1309 4710 benevolentiam
1333 4656 1426 4710 Dei
1457 4655 1720 4713 invenerit
1747 4700 1763 4724 ,

162 4758 222 4803 et
245 4761 370 4802 eum
403 4747 491 4816 qui
521 4762 549 4800 a
572 4746 734 4800 domo
757 4755 976 4816 paterna
997 4761 1056 4802 se
1075 4748 1397 4814 evocaverit,
1427 4759 1479 4804 et
1507 4765 1675 4820 usque
1699 4751 1766 4806 ad

168 4841 276 4894 hoc
321 4851 530 4908 tempus
572 4839 642 4892 ita
681 4839 1093 4910 gubernaverit,
1122 4839 1340 4911 jamque
1369 4843 1420 4896 in
1449 4851 1554 4897 tam
1573 4860 1764 4913 prove-

166 4940 255 4983 cta
303 4939 517 4984 senecta
558 4929 709 4985 Isaae
734 4929 980 4995 dederit,
1016 4946 1270 5001 prospera
1310 4933 1471 4988 etiam
1503 4951 1622 5004 qua:
1667 4935 1766 4990 ad-

168 5025 277 5078 huc
330 5023 637 5095 recitabant,
681 5023 942 5078 facturum
984 5038 1124 5080 esse.
1173 5024 1424 5081 Dominus
1467 5026 1639 5093 Deus,
1688 5031 1769 5084 in-

166 5113 306 5183 quit,
334 5111 506 5167 cwliet
533 5123 695 5178 terras,
712 5115 800 5186 qui
818 5117 1090 5186 assumpsit
1112 5133 1190 5170 me
1207 5127 1269 5170 tte
1283 5117 1434 5171 domo
1463 5122 1622 5188 patris
1649 5123 1766 5186 mei,

167 5215 218 5258 et
249 5203 314 5257 de
338 5213 470 5258 terra
506 5206 558 5257 in
586 5222 686 5267 qua
714 5219 864 5260 natus
890 5224 1002 5261 sum
1027 5249 1041 5274 ,
1079 5210 1167 5262 ille
1194 5210 1302 5279 ipse
1324 5212 1409 5279 qui
1433 5212 1670 5278 loquutus
1695 5223 1767 5268 est

169 5294 298 5348 mihi
328 5295 497 5348 dicens
525 5312 544 5349 :
573 5294 688 5349 Tibi
717 5296 846 5350 dabo
871 5308 1056 5350 terram
1087 5300 1218 5352 hanc
1243 5312 1289 5353 et
1312 5302 1490 5354 semini
1518 5312 1603 5356 tuo
1630 5319 1649 5356 :
1677 5304 1768 5359 ille

170 5386 263 5456 qui
311 5396 510 5440 tantam
549 5403 676 5457 erga
727 5404 814 5443 me
851 5390 1143 5444 declaravit
1175 5391 1556 5463 benignitatem
1583 5407 1637 5451 et
1665 5413 1766 5450 cu-

172 5493 289 5533 ram
315 5520 328 5544 ,
361 5479 471 5547 ipse
520 5480 681 5533 mittet
710 5489 944 5550 angelum
983 5498 1132 5535 suum
1153 5492 1271 5536 ante
1314 5495 1386 5550 te,
1414 5495 1460 5539 et
1489 5486 1608 5539 inde
1631 5489 1767 5540 acci-

176 5572 286 5640 pies
313 5571 422 5638 ﬁlio
452 5588 561 5624 meo
596 5588 825 5626 uxorem.
857 5573 1144 5628 Conlidens
1164 5617 1177 5641 ,
1208 5575 1398 5644 inquit,
1428 5577 1513 5630 abi
1542 5595 1556 5632 :
1587 5587 1767 5634 certus

169 5663 316 5717 enim
363 5677 481 5716 sunt
528 5679 651 5718 eum
701 5665 788 5734 qni
844 5667 1002 5718 tantis
1043 5682 1129 5721 me
1199 5667 1470 5724 beneﬂciis
1512 5669 1770 5728 hactenus

174 5761 532 5824 prosequutus
558 5764 669 5822 est,
703 5756 971 5824 prioribus
996 5759 1154 5813 etiam
1199 5759 1329 5813 illud
1359 5761 1686 5828 additurum,
1716 5774 1771 5820 et

176 5847 463 5903 missurum
486 5849 733 5921 angelum
765 5866 920 5908 suum
946 5861 1068 5907 ante
1100 5861 1168 5908 te.
1200 5851 1317 5924 Ipse
1341 5893 1358 5920 ,
1388 5854 1593 5926 inquit,
1623 5856 1760 5912 viam

1163 454 1226 516 iN
1265 455 1413 512 CAP.
1460 447 1645 506 XXIV.
1686 446 1932 505 GENES.
1975 444 2211 502 IIOMIL.
2255 443 2482 502 XLVIII.

1885 558 1978 611 tibi
2030 558 2352 628 prmparabit
2395 558 2458 612 in.
2479 558 2757 622 omnibus,
2791 574 3123 631 uxoremque
3156 564 3248 621 tibi
3295 578 3474 626 ηυιειη,

1880 646 2060 711 faciet,
2095 655 2155 701 ιιι·
2179 656 2400 716 accepta
2428 645 2623 702 ea'huc
2650 648 2859 704 redeas.
2898 649 3051 717 Quod
3082 653 3126 706 si
3159 659 3433 729 contingat
3458 698 3475 724 ,

1880 736 2022 807 quod
2067 736 2245 802 absit,
2275 745 2333 791 ut
2382 737 2676 793 reluctetur
2706 753 2841 792 uxor
2871 741 3058 797 venire
3094 741 3228 808 huc,
3270 747 3479 805 alienus

1878 828 1986 882 eris
2006 841 2035 881 a
2065 829 2441 884 maledictione
2457 830 2768 900 juramenti.
2793 832 2846 886 8.
2868 831 3094 888 Tantum
3120 837 3288 906 ﬁlium
3311 856 3478 896 meum

1876 926 2000 971 utuc
2038 934 2100 971 ne
2122 918 2362 974 abducas.
2389 918 2603 974 Nuilum
2625 922 2767 975 enim
2803 922 2938 978 mibi
2958 923 3177 980 dubium
3201 937 3312 995 est,
3346 932 3476 1001 quin

1878 1008 2137 1064 Dominus
2156 1011 2386 1066 secunda
2407 1011 2496 1066 tibi
2518 1011 2676 1068 faciat
2687 1015 2888 1070 omnia.
2911 1016 3198 1074 Deelarans
3212 1031 3475 1091 quantuut

1877 1098 2072 1155 divina:
2122 1102 2384 1169 potentia:
2425 1103 2583 1169 fidat,
2618 1105 2866 1172 prohibet
2904 1121 3120 1163 servum
3143 1151 3157 1176 ,
3190 1127 3258 1167 ne
3307 1114 3478 1171 lilium

1877 1186 1970 1242 illo
1995 1188 2230 1244 inducat.
2256 1191 2470 1256 Postea,
2500 1208 2622 1247 eum
2651 1194 2939 1265 diligenter
2967 1200 3274 1257 mandasset
3292 1218 3476 1272 servo,

1876 1297 2113 1352 curaque
2165 1299 2290 1339 eum
2332 1284 2974 1349 liberasset;verebatur
3017 1293 3163 1346 enim
3193 1309 3385 1352 servus
3413 1311 3482 1353 no

1876 1374 2131 1429 mandato
2158 1389 2264 1429 non
2306 1375 2525 1446 impleto
2549 1378 2766 1446 perjnrii
2798 1395 2922 1435 reus
2963 1380 3153 1437 fieret:
3186 1384 3242 1439 9.
3272 1383 3478 1449 Posita.

1876 1462 2080 1533 inquit,
2110 1482 2264 1519 manu
2292 1482 2387 1520 sua
2430 1466 2602 1521 subter
2645 1471 2826 1540 feritur,
2847 1471 3044 1541 iuravit
3073 1472 3119 1526 ei
3143 1489 3296 1544 super
3325 1477 3476 1532 verba

1877 1556 1994 1623 hoc,
2027 1559 2168 1628 quod
2202 1559 2370 1614 tilium
2391 1575 2546 1616 suum
2568 1563 2694 1618 illuc
2715 1578 2821 1619 non
2851 1565 3144 1622 abduceret
3170 1567 3343 1625 Isaae.
3375 1571 3472 1626 Vi-

1875 1645 1999 1701 disli
2029 1649 2302 1718 quomodo
2331 1651 2398 1706 ab
2421 1651 2575 1706 initio
2595 1668 2784 1709 servus
2824 1654 3140 1712 indicaverit
3163 1674 3317 1715 suam
3346 1676 3476 1733 erga

1876 1736 2154 1793 dominum
2176 1741 2636 1812 benevolentiam?
2665 1743 2798 1800 Vide
2818 1762 2960 1802 nunc
2988 1749 3260 1818 quomodo
3287 1766 3351 1807 ea
3382 1766 3474 1823 pa.

1876 1829 2124 1885 triarcha:
2147 1830 2390 1887 doctrina
2441 1833 2632 1889 melior
2651 1836 2918 1903 evaserit,
2951 1846 3006 1892 et
3035 1838 3272 1896 imitatus
3311 1840 3478 1898 fuerit

1869 1921 1997 1990 justi
2032 1923 2281 1992 pietatem
2330 1935 2493 1996 atque
2537 1927 2870 1997 religionem.
2904 1929 2988 1985 l0.
3038 1932 3274 2001 Acceptis
3296 1933 3432 1988 enim
3456 1974 3474 1999 ,

1874 2012 2064 2082 inquit,
2087 2029 2261 2068 seruus
2281 2015 2450 2070 decem
2491 2018 2698 2072 camelis
2719 2059 2733 2082 ,
2768 2027 2814 2072 et
2844 2019 2908 2073 de
2930 2020 3162 2076 omnibus
3187 2022 3330 2079 bonis
3360 2039 3482 2090 quas

1873 2104 2067 2158 domini
2090 2107 2171 2160 sui
2195 2117 2341 2161 erant
2364 2149 2378 2173 ,
2425 2113 2646 2165 surrexit
2673 2119 2720 2164 et
2760 2111 3017 2180 profectus
3044 2123 3116 2168 est
3154 2115 3208 2168 in
3237 2114 3477 2186 Mesopo-

1873 2197 2084 2251 tamiam
2106 2199 2160 2252 in
2198 2199 2453 2254 civitatem
2480 2199 2714 2267 Nachor,
2748 2203 2833 2256 Η.
2867 2212 2912 2256 et
2938 2206 3230 2262 recumbere
3246 2205 3477 2261 camelo:

1871 2290 1990 2360 fecit
2019 2300 2164 2344 extra
2188 2292 2438 2346 civitatem
2451 2295 2610 2365 juxta
2621 2305 2832 2364 puteum
2853 2312 3001 2366 aqua:
3023 2298 3219 2368 vesperi
3232 2341 3247 2365 ,
3269 2300 3475 2369 quando

1871 2381 2197 2450 egrediuntur
2233 2393 2514 2455 aquatum.
2588 2385 2674 2440 12.
2723 2384 2790 2440 Et
2833 2388 3003 2443 dixit:
3066 2388 3284 2444 Domine
3334 2390 3486 2446 Detes-

1871 2471 2064 2525 domini
2085 2474 2183 2527 mei
2221 2474 2498 2530 Abraham.
2544 2475 2680 2532 Vide
2727 2480 2869 2533 servi
2913 2479 3259 2548 probitatem.
3315 2481 3476 2539 Orbis

1871 2561 2158 2618 Dominum
2189 2580 2218 2618 a
2262 2565 2564 2635 patriarcha
2613 2568 2855 2623 nominat
2882 2586 2896 2624 :
2928 2569 3148 2625 Domine
3175 2573 3317 2626 enim
3341 2614 3354 2637 ,
3390 2572 3475 2629 in-

1870 2655 2005 2724 quit,
2039 2654 2173 2709 Deus
2203 2656 2397 2710 domini
2428 2659 2522 2711 ntei
2572 2657 2831 2712 Abraham
2855 2700 2871 2726 ,
2912 2660 3002 2730 qui
3047 2669 3190 2715 tanta
3237 2663 3288 2716 iu
3323 2663 3474 2719 illum

1872 2748 2128 2803 beneficia
2154 2749 2454 2804 contulisti.
2487 2749 2553 2804 Et
2577 2749 2704 2821 quid
2731 2751 2941 2807 miraris
2969 2752 3013 2807 si
3045 2769 3232 2810 servus
3252 2770 3377 2810 eum
3401 2755 3477 2811 ita

1871 2848 2026 2895 vocat
2049 2840 2217 2896 Deum
2244 2840 2542 2896 Abraham?
2570 2841 2688 2911 Ipse
2713 2844 2952 2900 omnium
2985 2844 3127 2900 Deus
3168 2855 3482 2906 monstrans

1871 2932 2144 3001 quomodo
2181 2932 2451 3003 justorum
2483 2933 2735 2988 virtutem
2783 2935 2962 3005 magni
3014 2934 3210 3005 faciat,
3269 2937 3478 3008 inquit,

1874 3022 1985 3092 Ego
2036 3041 2148 3077 sunt
2175 3021 2317 3079 Deus
2344 3023 2603 3078 Abraham
2633 3035 2681 3080 et
2711 3023 2851 3081 Deus
2888 3024 3044 3081 Isaac
3063 3039 3110 3082 ct
3147 3027 3287 3084 Deus
3314 3028 3480 3086 Iacob

1875 3112 2070 3185 (Exod.
2118 3114 2172 3168 5.
2225 3113 2307 3183 6).
2359 3115 2425 3169 Et
2455 3114 2586 3169 dicit
2632 3115 2895 3169 :Domiue
2941 3115 3084 3170 Deus
3130 3117 3326 3172 domini
3379 3118 3487 3174 luci

1871 3203 2127 3257 Abraham
2151 3247 2165 3269 ,
2211 3221 2450 3274 prospere
2478 3205 2641 3275 dirige
2668 3222 2842 3259 corant
2871 3223 2950 3260 me
2970 3206 3121 3260 hodie
3145 3247 3162 3273 ,
3195 3217 3241 3262 el
3265 3213 3350 3279 fac
3376 3210 3478 3263 mi-

1871 3293 2332 3348 srricordiamcum
2357 3293 2562 3348 domino
2590 3309 2701 3349 meo
2724 3293 3022 3362 Abraham;
3045 3295 3199 3366 quasi
3224 3294 3431 3352 diceret
3459 3315 3474 3351 :

1875 3384 1977 3439 Fac
2007 3394 2064 3439 ut
2090 3385 2415 3454 impleantur
2444 3400 2507 3440 ea
2537 3400 2656 3455 qua:
2686 3384 2774 3440 ille
2796 3385 2928 3452 vult,
2958 3393 3015 3441 et
3032 3386 3331 3443 secundum
3359 3390 3480 3459 ejus

1871 3477 2191 3531 sententiam
2245 3492 2501 3547 prospera
2551 3475 2635 3533 fac
2664 3480 2868 3533 omnia.
2915 3476 3028 3548 Eae
3072 3480 3479 3536 misericordiam

1871 3584 1988 3620 cunt
2032 3567 2243 3624 domino
2270 3584 2379 3621 meo
2403 3567 2683 3621 Abraham.
2726 3566 2865 3636 Quid
2887 3577 2970 3624 est
2993 3609 3007 3634 ,
3042 3567 3154 3623 Fac
3181 3569 3478 3624 miscricor-

1872 3658 2055 3710 diam?
2082 3657 2201 3712 Voti
2235 3667 2543 3728 compotem
2572 3673 2696 3714 eum
2742 3657 2848 3714 fac.
2881 3660 3086 3715 Deinde
3135 3660 3347 3731 inquit,
3381 3661 3471 3719 l3.

1876 3747 2005 3801 Ecce
2030 3764 2122 3819 ego
2150 3757 2226 3801 sto
2275 3758 2483 3818 propter
2507 3749 2700 3818 {autem
2746 3765 2892 3819 aqua:
2915 3790 2930 3816 ,
2959 3750 3082 3819 ﬁliae
3119 3760 3287 3804 autem
3331 3751 3482 3806 habia

1873 3841 2089 3894 tantium
2124 3840 2378 3893 civitatem
2417 3840 2745 3910 egrediuntur
2775 3850 2831 3894 ut
2859 3842 3103 3895 hauriant
3143 3857 3351 3910 aquam.
3383 3843 3471 3898 Li.

1873 3931 1942 3985 Et
1959 3933 2050 3987 erit
2067 3933 2208 4003 virgo
2233 3932 2315 3986 cui
2336 3949 2428 4002 ego
2451 3933 2630 3987 dixero
2652 3931 3143 4004 :lncliua-hyrlﬁam
3169 3942 3309 3987 tuam
3334 3933 3476 3988 utbi-

1871 4022 2008 4091 bam,
2026 4033 2071 4077 et
2097 4022 2281 4076 dixerit
2299 4021 2441 4084 mihi.
2461 4021 2605 4086 Bibe,
2632 4031 2679 4077 et
2698 4023 2922 4079 camelos
2941 4034 3054 4080 tuos
3066 4025 3269 4096 potabo,
3297 4040 3480 4096 usque-

1872 4132 1969 4184 quo
1986 4115 2150 4170 bibere
2163 4131 2336 4169 attines
2352 4125 2567 4179 cessent;
2587 4114 2731 4168 illam
2744 4118 3048 4187 prwparasti
3067 4133 3226 4187 puero
3250 4125 3342 4170 tuo
3361 4115 3479 4171 Isa-

1871 4223 1964 4264 ac:
1989 4217 2041 4262 et
2065 4208 2117 4261 in
2135 4208 2229 4261 hoc
2255 4223 2577 4279 cognoscam,
2601 4209 2737 4279 quod
2761 4210 3159 4264 misericordiam
3190 4210 3369 4281 feceris
3393 4208 3482 4265 do-

1873 4299 2009 4351 mino
2038 4314 2150 4352 meo
2171 4297 2449 4351 Abraham.
2481 4297 2618 4353 Vide
2646 4298 2786 4352 servi
2810 4297 3167 4367 prudentiam.
3190 4297 3324 4354 Nam
3351 4300 3478 4369 quia

1874 4397 2097 4445 noverat
2131 4386 2447 4458 patriarcha:
2495 4387 2943 4456 hospitalitatem,
2972 4397 3026 4442 et
3062 4389 3186 4458 quia
3214 4389 3476 4459 virginem

1875 4482 2000 4536 inde
2012 4479 2308 4537 ducendam
2326 4494 2422 4549 par
2435 4487 2553 4534 erat
2570 4477 2758 4534 iisdem
2774 4493 2896 4534 esse
2913 4478 3190 4548 prmditnm
3214 4479 3477 4546 moribus,

1875 4573 2069 4643 quibus
2093 4571 2272 4641 justus
2301 4571 2390 4624 ille
2423 4589 2437 4625 :
2472 4569 2673 4624 nullam
2705 4570 2866 4624 aliam
2903 4570 3273 4640 conjecturam
3302 4568 3478 4642 inqui-

1875 4664 1973 4726 rit,
2002 4661 2096 4717 sed
2120 4662 2488 4716 characterem
2517 4659 2788 4730 virginalis
2818 4659 2983 4716 animi
3012 4675 3078 4715 ex
3112 4659 3478 4732 IwSpitalitato

1874 4755 2128 4824 colligere
2153 4752 2284 4817 vult,
2310 4762 2366 4806 et
2392 4751 2562 4822 inquit
2590 4767 2606 4808 :
2637 4751 2692 4807 Si
2721 4751 2936 4821 quando
2965 4766 3067 4823 ego
3090 4767 3284 4823 aquam
3309 4751 3380 4809 ab
3415 4767 3478 4809 ca

1877 4845 2117 4916 petivere
2140 4885 2154 4909 ,
2187 4853 2242 4899 et
2294 4844 2515 4898 inclinet
2561 4842 2690 4897 mihi
2741 4841 2986 4912 hydriam
3018 4858 3033 4896 :
3062 4851 3117 4897 et
3164 4857 3271 4897 non
3301 4843 3477 4898 solum

1876 4935 2035 4990 faciat
2057 4934 2199 5005 quod
2231 4934 2478 5004 petierim
2501 4975 2516 5000 ,
2550 4933 2645 4988 sed
2675 4933 2836 4987 etiam
2868 4933 3164 4989 candorem
3187 4947 3253 4989 ac
3273 4932 3475 4989 libera-

1876 5031 2078 5084 litatem
2109 5031 2301 5085 mentis
2331 5044 2443 5084 sua:
2467 5028 2732 5093 declaret,
2764 5028 3018 5100 dicatque
3047 5046 3060 5082 :
3096 5029 3268 5084 Etiam
3290 5043 3477 5086 came-

1878 5123 1957 5178 los
1989 5132 2110 5178 tuos
2129 5121 2372 5192 aquabo,
2395 5137 2608 5176 morum
2628 5135 2850 5176 suorum
2879 5121 3348 5178 mansuetudinem
3389 5135 3479 5176 sa»-

1879 5215 1946 5269 tis
1967 5230 2034 5269 ex
2060 5229 2211 5284 aqua:
2239 5213 2522 5284 largitione
2545 5213 2804 5268 ostendit.

1948 5308 2002 5360 4.
2036 5305 2438 5371 Animadverte,
2464 5306 2712 5371 obsecro,
2744 5304 3045 5371 carissime,
3079 5314 3338 5376 quantum
3367 5305 3484 5361 fue-

1879 5398 1981 5461 rit,
2020 5397 2162 5467 quod
2194 5398 2343 5468 virgo
2374 5407 2556 5453 tenera
2587 5409 2841 5468 aquatum
2883 5399 3123 5470 profecta
3156 5416 3262 5453 non
3305 5399 3480 5453 solum

1878 5489 2125 5544 annnerit
2163 5490 2281 5559 ejus
2343 5489 2621 5559 petitioni,
2671 5498 2726 5545 et
2772 5490 3082 5559 deposuerit
3122 5492 3191 5545 ab
3245 5491 3482 5544 humeris

1881 5580 2147 5652 bydriam,
2166 5592 2217 5637 et
2239 5581 2306 5636 ad
2332 5583 2644 5638 societatem
2674 5583 2964 5652 praebuerit
2985 5583 3186 5652 petenti
3216 5581 3331 5637 viro
3360 5597 3482 5650 per-

1877 5673 2065 5742 egrino
2097 5680 2152 5727 et
2181 5687 2400 5743 prorsus
2445 5673 2628 5743 ignoto
2658 5691 2672 5726 :
2706 5682 2868 5743 atque
2909 5689 3014 5728 non
3055 5675 3232 5728 solum
3281 5673 3355 5727 iIli
3385 5673 3481 5728 de-

1878 5763 2040 5824 derit.
2069 5763 2162 5819 sed
2189 5774 2242 5820 et
2263 5763 2499 5820 camelos
2529 5777 2723 5820 omnes
2742 5765 3041 5834 aquaverit,
3070 5775 3126 5818 et
3150 5779 3245 5833 per
3271 5779 3331 5825 ea
3361 5779 3479 5832 qua:

1887 5858 2092 5915 flebant
2139 5860 2518 5916 monstraverit
2560 5859 2756 5916 anima:
2793 5872 2905 5914 sua:
2950 5858 3352 5929 ingenuitatem.
3401 5858 3483 5911 Ast
