4060 6466
584 423 694 482 839

580 538 800 595 nescitis
823 538 963 608 quod
1003 538 1148 593 multi
1176 539 1336 594 etiam
1374 540 1472 594 viri
1499 540 1764 611 denegaut
1795 557 1938 612 saepe
1957 553 2144 614 peten-

586 633 728 687 tibus
755 631 913 687 talia?
935 631 1002 686 Et
1023 631 1149 701 quid
1172 631 1297 687 dico
1322 632 1389 687 de
1413 647 1549 703 aqua
1587 649 1705 702 quat
1734 635 2038 704 praebetur?
2069 634 2155 690 ln-

587 723 794 777 tcrdum
819 737 939 777 cum
966 720 1113 781 lices
1135 731 1339 789 tenent,
1367 731 1421 778 et
1445 723 1513 777 ab
1540 724 1914 780 accedentibus
1939 735 2156 779 orantur

587 826 642 869 ιιι
668 814 935 885 paulisper
953 823 1285 884 exspectent,
1311 828 1418 884 quo
1444 815 1623 870 lumen
1648 815 1976 882 accendant,
2008 816 2059 871 id
2081 815 2157 870 fa-

589 917 707 958 rere
729 911 974 967 renuunt,
1011 903 1220 960 tametsi
1249 903 1380 962 nihil
1409 902 1533 960 inde
1561 903 1828 958 minuatur
1854 904 1989 972 ignis
2014 944 2030 970 ,
2058 904 2158 958 etsi

590 992 853 1051 innumeri
881 993 988 1056 sint
1002 993 1089 1062 qui
1113 991 1410 1052 accendere
1430 992 1615 1048 velint.
1645 992 1743 1061 Hic
1770 1001 1948 1048 autem
1970 1003 2023 1048 et
2046 1008 2162 1047 mu—

592 1082 688 1138 licr
708 1092 762 1140 et
789 1082 987 1153 puella,
1009 1082 1247 1153 ltydriam
1271 1099 1483 1154 quoque
1510 1098 1670 1154 super
1696 1084 1944 1138 humeros
1963 1084 2160 1149 terens,

592 1186 699 1226 non
723 1171 896 1229 solum
925 1185 1036 1228 non
1059 1172 1317 1242 gravatim
1346 1172 1465 1228 tulit
1506 1171 1645 1241 quod
1672 1171 1738 1226 ab
1764 1187 1825 1227 ea
1855 1180 2161 1242 peteretur:

597 1261 692 1316 sed
730 1270 785 1316 et
816 1261 932 1330 plus
959 1277 1114 1330 quam
1157 1262 1376 1331 petitum
1403 1271 1513 1319 erat
1557 1262 1820 1316 concessit
1853 1271 1948 1317 :et
1984 1271 2166 1331 potum

596 1350 762 1416 dedit,
797 1360 853 1405 ut
879 1350 1113 1421 petebat,
1144 1360 1304 1419 atque
1329 1365 1392 1404 ex
1424 1350 1597 1419 seipsa
1625 1351 1783 1407 etiam
1814 1351 2049 1406 camelos
2070 1365 2167 1420 po-

598 1451 715 1502 lare
737 1442 969 1498 festinat.
1013 1443 1284 1502 Annuerat
1309 1445 1451 1498 enim
1478 1442 1738 1513 benignus
1765 1444 1907 1500 Deus
1940 1444 2169 1514 patriar-

598 1531 714 1587 ch:c
741 1532 1004 1601 precibus,
1025 1532 1317 1601 angeloque
1344 1534 1651 1598 suo-misso,
1670 1533 1847 1593 omnia
1877 1535 1964 1590 illa
1990 1535 2172 1604 dispo-

599 1623 706 1680 suit
734 1622 847 1677 ficri
885 1623 1022 1678 sicut
1047 1637 1233 1677 servus
1267 1623 1545 1690 petiverat.
1576 1623 1704 1683 Dein
1736 1632 2017 1694 postquam
2044 1623 2174 1678 vidit

601 1729 660 1768 re
689 1714 800 1782 ipsa
830 1727 1016 1782 preces
1044 1710 1358 1780 patriarcha:
1377 1710 1646 1776 efficaces,
1676 1721 1730 1767 et
1757 1713 1985 1771 obtinuit
2011 1713 2172 1781 virgi-

609 1818 730 1858 nem
757 1816 913 1872 quam
939 1802 1175 1871 aptabat,
1206 1799 1448 1869 illiusque
1473 1801 1716 1856 eximiam
1741 1801 1870 1856 vidit
1896 1801 2175 1870 hospitali—

605 1900 799 1957 tatem,
848 1890 969 1944 vide
1011 1890 1140 1960 quid
1183 1889 1271 1955 lit;
1302 1889 1430 1947 dicit
1467 1889 1646 1944 enim:
1679 1889 1767 1944 20.
1814 1888 2092 1944 Festinavit
2133 1900 2179 1944 et

605 1988 861 2041 evacuabit
903 2003 1087 2056 aquam
1127 1986 1177 2039 in
1198 1986 1399 2042 canales
1420 2025 1436 2051 ,
1466 1994 1511 2042 et
1536 1985 1751 2042 cucurrit
1772 1985 1839 2036 atl
1870 1993 2095 2052 puteum,
2124 1992 2180 2034 ut

599 2077 832 2136 hauriret
872 2094 1090 2148 aquam,
1112 2085 1158 2136 et
1185 2077 1383 2146 aquarit
1424 2089 1593 2132 omnes
1631 2077 1851 2131 camelos.
1888 2077 2016 2145 ejus.
2047 2073 2182 2129 Vide

603 2168 1084 2238 locupletissimam
1109 2168 1598 2236 promptitudinetn.
1615 2167 1717 2223 Per
1739 2166 1843 2223 hoc
1871 2167 2012 2224 enim
2038 2163 2181 2235 quod

611 2260 705 2323 ait,
715 2256 1004 2325 Festinavit,
1014 2267 1059 2314 et
1069 2260 1321 2313 evacuavit
1334 2259 1638 2336 hydriam,et
1649 2259 1862 2317 cucurrit
1874 2256 1942 2312 ad
1957 2266 2179 2328 puteum,

617 2359 938 2405 monstratur
981 2352 1169 2418 puellae
1207 2365 1416 2405 summa
1457 2351 1702 2408 alacritas
1733 2367 1746 2403 :
1777 2350 1901 2419 quia
1930 2361 2103 2418 neque
2130 2355 2187 2406 ut

615 2442 786 2495 aliena
813 2441 1048 2511 aufugit,
1089 2457 1259 2512 neque
1284 2450 1542 2510 praetextu
1583 2439 1919 2497 continentiae
1943 2436 2188 2508 petitioni

613 2531 833 2589 renuit:
873 2532 968 2587 sed
1015 2547 1136 2588 cum
1181 2532 1344 2587 multa
1392 2531 1799 2587 mansuetudine
1843 2530 2045 2600 inquit,
2096 2527 2184 2582 18.

613 2619 757 2686 Bibe,
787 2620 1005 2676 domine.
1034 2621 1238 2690 Cogita,
1266 2622 1508 2686 obsecro,
1533 2629 1727 2690 quanta
1757 2619 1918 2674 etiam
1946 2633 2008 2673 ea
2035 2625 2190 2673 aetate

615 2711 775 2768 fuerit
798 2711 1137 2767 continentia:
1173 2710 1474 2780 diligentia,
1503 2721 1557 2765 et
1586 2709 1859 2764 modestiae
1899 2708 2187 2764 eminentia

619 2800 1100 2872 hospitalitatisque
1119 2801 1432 2870 frequentia.
1455 2799 1656 2867 Quibus
1681 2799 1840 2868 igitur
1858 2797 2049 2868 opibus
2078 2797 2195 2853 haec

518 2931 526 2938 .
621 2906 726 2956 non
755 2901 880 2947 sunt
903 2891 1257 2966 pretiosiora?
1281 2892 1474 2961 quibus
1505 2891 1767 2947 thesauris
1797 2889 1912 2944 lucc
1940 2903 2043 2943 non
2071 2890 2196 2942 sunt

622 2981 983 3052 prmfcrenda?
1011 2981 1135 3041 ilzec
1175 2995 1379 3035 summa
1405 2980 1502 3038 dos
1526 3021 1541 3045 ,
1566 2980 1678 3035 lucc
1715 2980 1996 3034 innumera
2017 2979 2153 3033 bona
2177 3018 2193 3044 ,

622 3071 738 3130 uate
779 3071 1062 3127 thesaurus
1106 3072 1197 3141 qui
1241 3087 1345 3126 non
1395 3071 1745 3127 consumitur.
1792 3070 1994 3126 Videns
2039 3071 2199 3140 igitur

624 3163 859 3233 prudens
902 3178 1089 3218 servus
1132 3162 1466 3218 manifestam
1507 3163 1598 3217 Dei
1651 3161 2067 3230 providentiam,
2101 3160 2196 3216 2i.

625 3252 861 3310 Discebat
885 3270 1017 3319 eam,
1049 3252 1256 3322 inquit,
1285 3261 1330 3308 et
1358 3253 1555 3318 silebat,
1590 3261 1642 3306 ut
1667 3254 1812 3306 sciret
1841 3267 2202 3322 prosperumne

627 3344 822 3415 [ecisset
853 3342 1098 3399 Dominus
1136 3343 1230 3398 iter
1254 3358 1434 3408 suum,
1464 3359 1530 3394 an
1571 3359 1692 3395 non.
1719 3341 1855 3409 Quid
1903 3349 1985 3395 est
2035 3340 2160 3395 illud
2182 3381 2197 3406 ,

625 3433 858 3492 Miscebat
885 3449 993 3486 eam
1013 3433 1040 3486 ?
1063 3432 1233 3488 Verba
1260 3433 1370 3501 ipsa
1407 3432 1598 3502 puella:
1647 3425 1929 3499 diligenter
1953 3429 2200 3486 conside-

627 3523 810 3589 rabat,
841 3530 1147 3591 aspectum,
1198 3521 1460 3576 incessum
1485 3562 1500 3585 ,
1533 3519 1797 3583 habitum,
1826 3520 2034 3590 aliaque
2085 3533 2202 3572 om-

629 3611 717 3669 nia
749 3629 761 3664 :
794 3619 848 3667 et
873 3611 1240 3679 exspectabat,
1276 3608 1343 3666 Ut
1374 3609 1522 3663 sciret
1561 3624 1630 3661 an
1667 3624 1965 3678 prosperum
2010 3609 2204 3675 fecisset

636 3703 878 3760 Dominus
903 3703 996 3756 iter
1013 3718 1184 3768 suum,
1198 3718 1262 3755 an
1290 3717 1411 3755 non.
1440 3700 1572 3755 Nam
1593 3699 1834 3770 quatiam
1862 3699 1998 3754 facta
2030 3706 2202 3763 erant,

630 3793 894 3863 insignem
922 3801 976 3847 et
1014 3788 1300 3860 plurimam
1332 3790 1549 3860 virginis
1588 3789 1896 3845 indicabant
1933 3789 2202 3847 virtutem.

632 3884 700 3938 Et
721 3883 839 3937 ideo
865 3896 1212 3941 remunerans
1235 3880 1351 3949 eius
1371 3879 1727 3934 obedientiam
1749 3887 1803 3932 et
1827 3893 1980 3948 aqua:
2005 3877 2207 3931 submi-

634 3973 1022 4037 uistrationem,
1055 3971 1406 4040 circumpouit
1433 3971 1482 4024 ei
1502 4012 1516 4036 ,
1549 3969 1737 4038 inquit,
1766 3969 1854 4022 22.
1879 3968 2096 4024 Inaures
2116 3984 2209 4020 au-

633 4084 746 4120 reos
765 4075 810 4120 ct
840 4066 970 4118 duas
989 4063 1234 4127 armillas,
1263 4072 1317 4118 et
1339 4062 1621 4130 diligenter
1640 4060 1969 4123 addiscebat,
1994 4075 2112 4128 quis
2139 4059 2209 4113 ad

635 4162 800 4226 ipsam
832 4159 1194 4226 pertinerent,
1217 4163 1270 4209 et
1297 4153 1553 4222 rogabat,
1584 4152 1673 4205 25.
1699 4152 1855 4220 Cujus
1882 4167 1933 4204 es
1964 4151 2108 4218 ﬁlia?
2131 4159 2206 4216 et,

639 4249 778 4304 Nunt
799 4257 870 4302 est
893 4247 1030 4315 apud
1060 4254 1251 4313 patrem
1275 4253 1414 4298 tuum
1439 4241 1575 4295 locus
1595 4241 1897 4294 diversorii?
1921 4240 2207 4299 Considera

637 4350 692 4394 ct
727 4339 812 4393 hic
850 4337 1038 4407 puellae
1066 4349 1397 4404 responsum.
1427 4333 1557 4387 Nam
1585 4336 1723 4386 sicut
1749 4347 1868 4385 cum
1899 4346 2088 4400 aquam
2122 4346 2211 4400 pe-

641 4439 794 4496 teret,
817 4445 921 4483 non
949 4429 1117 4483 solum
1140 4442 1256 4482 eam
1281 4425 1458 4491 dedit,
1489 4423 1582 4479 sed
1603 4434 1656 4480 et
1679 4424 1915 4478 camelos
1945 4423 2085 4477 illius
2114 4439 2208 4491 po-

641 4522 767 4575 tavit
798 4536 813 4573 :
844 4520 914 4574 ita
941 4527 994 4573 et
1020 4518 1104 4572 hic
1124 4559 1137 4579 ,
1170 4525 1391 4587 rogante
1415 4530 1570 4570 servo
1590 4556 1605 4580 ,
1631 4530 1755 4568 num
1781 4522 1923 4567 esset
1947 4515 2096 4567 locus
2115 4554 2130 4579 ,
2160 4519 2216 4568 et

638 4612 791 4680 cujus
820 4619 963 4665 esset
991 4609 1093 4662 lilia
1122 4648 1135 4673 ,
1165 4607 1333 4676 inquit
1357 4648 1370 4671 ,
1399 4607 1488 4660 24.
1515 4605 1654 4658 Filia
1681 4623 1790 4658 sum
1831 4604 2095 4659 Bal/melis
2119 4604 2214 4672 ﬁlii

641 4701 892 4764 Melchtc,
920 4715 1064 4768 quem
1090 4698 1277 4766 peperit
1305 4697 1403 4764 ipsi
1435 4694 1662 4748 Nachor.
1695 4695 1830 4748 Dicit
1858 4704 1911 4749 et
1937 4704 2136 4763 patrem
2161 4703 2215 4748 et

640 4804 795 4846 avum
820 4829 834 4854 ,
863 4798 921 4841 ut
964 4786 1068 4841 illis
1096 4787 1318 4855 cognitis
1345 4787 1437 4840 ﬁat
1481 4785 1723 4840 alacrior.
1757 4785 1887 4838 Vide
1929 4785 2212 4841 candorem

642 4881 851 4948 puellm.
882 4880 955 4934 De
985 4885 1139 4948 patre
1159 4887 1392 4946 rogatur,
1423 4885 1477 4931 et
1503 4893 1606 4930 non
1635 4876 1806 4930 solum
1837 4876 1975 4929 hunc
1996 4875 2211 4939 indicat,

640 4971 734 5025 scd
781 4979 835 5024 et
865 4980 1066 5038 patrem
1095 4970 1278 5037 patris.
1311 4967 1517 5024 Etcum
1549 4974 1789 5037 rogasset
1815 4981 2001 5022 servus
2043 4967 2213 5019 solum

642 5079 709 5115 an
751 5070 893 5116 esset
935 5063 1085 5116 locus
1132 5060 1430 5115 divertcndi
1459 5102 1472 5122 ,
1502 5061 1588 5113 illa
1625 5058 2004 5114 addidit:Non
2045 5059 2212 5113 solum

644 5155 813 5218 locus,
838 5153 930 5207 sed
951 5153 1041 5207 25.
1068 5150 1134 5204 Et
1156 5156 1344 5222 faenum
1364 5164 1408 5205 et
1438 5150 1672 5218 pabulum
1698 5151 1912 5204 multum
1940 5150 2078 5218 apud
2109 5164 2220 5203 nos.

647 5245 771 5297 limo
813 5252 870 5296 ut
898 5243 1097 5297 audivit
1123 5258 1338 5310 servus,
1364 5243 1652 5296 admiratus
1692 5253 1774 5298 est
1818 5243 2003 5296 miram
2034 5249 2082 5294 et
2120 5240 2226 5292 lar—

647 5347 767 5401 gam
807 5334 994 5400 puellae
1042 5332 1484 5402 hospitalitatem.
1534 5334 1595 5387 Et
1620 5341 1677 5388 ut
1715 5334 1898 5387 didicit
1927 5348 1986 5386 se
2017 5346 2121 5384 non
2151 5329 2218 5383 ad

649 5425 858 5490 ignotos
889 5425 1146 5492 quosdam
1169 5425 1412 5490 venisse,
1442 5423 1534 5478 sed
1569 5423 1621 5476 in
1649 5421 1863 5477 domum
1897 5421 2109 5476 Nachor
2132 5419 2220 5489 qui

651 5515 814 5568 lrater
834 5525 948 5568 erat
969 5517 1298 5583 patriarchae,
1326 5516 1417 5572 26.
1453 5515 1565 5568 Hoc
1585 5531 1702 5569 eum
1725 5515 1991 5584 probaret,
2017 5512 2215 5582 inquit,

653 5608 797 5661 homo
827 5607 1054 5663 adoravit
1083 5607 1377 5662 Dominum.
1418 5607 1755 5661 Exhilaratus
1781 5607 1846 5658 iis
1874 5620 1988 5672 quin
2019 5618 2220 5671 cogno-

652 5709 841 5764 verat,
866 5709 920 5754 et
951 5702 1014 5754 iis
1044 5715 1160 5771 qua:
1202 5701 1300 5769 ipsi
1325 5701 1494 5769 puella
1520 5700 1746 5764 dixerat,
1777 5699 2017 5751 Adoravit
2047 5697 2223 5750 Domi—

655 5806 796 5854 ιιιιιιι,
828 5793 1124 5861 gratiasque
1167 5791 1240 5847 illi
1280 5791 1423 5864 egit,
1452 5805 1517 5847 eo
1546 5789 1685 5861 quod
1712 5791 1762 5846 in
1791 5789 2140 5859 patriarcham
2165 5798 2220 5844 et

1299 426 1358 481 S.
1387 427 1662 484 JOANNIS
1695 429 2173 487 CHRYSOSTOMI
2199 430 2513 488 ARCHIEP.
2553 433 3085 489 CONSTANTlNOP.

3733 430 3836 492 ιω

2260 547 2314 599 in
2343 559 2402 600 se
2431 555 2630 602 tantam
2669 547 2995 603 declarasset
3017 545 3439 618 providentiam,
3470 555 3524 600 et
3552 544 3701 621 quod
3723 560 3840 602 om-

2260 633 2346 687 nia
2376 636 2528 703 plana
2558 645 2612 691 et
2648 635 2818 691 facilia
2851 637 2922 694 illi
2949 636 3304 693 reddidisset:
3334 645 3387 689 ct
3414 635 3553 691 dixit
3579 651 3598 690 :
3619 636 3710 691 27.
3741 633 3840 690 De-

2260 724 2484 780 nedictus
2513 724 2757 799 Dominus
2783 725 2920 780 Deus
2956 727 3148 780 domini
3177 727 3271 779 mei
3297 725 3553 780 Abraham
3578 766 3595 791 ,
3625 726 3716 796 qui
3740 742 3842 781 ιοιι

2262 813 2465 867 abstulit
2482 815 2738 884 justitiam
2764 832 2911 869 suam
2930 826 2974 871 et
2995 817 3246 869 veritatem
3263 833 3295 871 ιι
3319 816 3522 869 domino
3543 831 3678 870 meo.
3701 815 3846 875 Post-

2263 918 2421 973 quam
2457 903 2584 959 vidit
2627 904 2816 972 puellm
2864 905 3323 967 benevolentiam.
3356 915 3410 960 et
3451 906 3518 959 ab
3569 920 3632 959 ea
3667 905 3846 959 omnia

2266 993 2542 1048 manifeste
2570 994 2782 1059 didicit,
2814 1003 2940 1050 tunc
2983 1004 3037 1051 et
3077 996 3190 1064 ipse
3218 997 3408 1068 puellae
3433 996 3708 1065 signiﬁcat
3731 998 3851 1068 quis

2266 1091 2410 1138 esset
2439 1101 2453 1137 :
2480 1091 2536 1138 et
2564 1098 2658 1153 per
2687 1085 2975 1153 gratiarum
3013 1087 3277 1141 actionem
3315 1086 3366 1139 in
3393 1087 3558 1140 Deum
3588 1087 3771 1156 palam
3802 1087 3850 1142 ei

2271 1172 2393 1227 facit
2418 1187 2476 1227 se
2503 1189 2607 1227 non
2629 1189 2695 1228 ex
2740 1175 2912 1230 aliena
2941 1175 3100 1231 domo
3125 1178 3335 1242 venire,
3365 1178 3458 1232 sed
3494 1175 3725 1234 fratrem
3749 1178 3852 1232 Na-

2269 1260 2447 1316 choris
2467 1276 2586 1318 esse
2614 1278 2734 1317 eum
2765 1265 2853 1333 qui
2882 1265 2984 1318 huc
3010 1279 3067 1319 se
3107 1265 3360 1321 misisset.
3395 1265 3518 1320 limo
3541 1266 3633 1319 ubi
3669 1266 3857 1322 didicit

2271 1349 2363 1404 98.
2392 1348 2606 1418 Puella,
2638 1367 2757 1408 cum
2809 1369 2995 1422 magna
3031 1355 3330 1425 voluptate,
3358 1357 3621 1422 cucurrit,
3661 1358 3853 1426 inquit.

2273 1438 2408 1494 Vide
2434 1442 2701 1514 quomodo
2730 1443 2782 1496 in
2810 1443 3031 1514 singulis
3076 1444 3312 1500 declaret
3361 1445 3514 1500 nobis
3569 1446 3857 1514 hospitali—

2278 1531 2399 1585 tatis
2443 1531 2765 1590 alacritatem
2793 1574 2811 1598 ,
2836 1549 2993 1588 cursu
3012 1575 3028 1597 ,
3061 1535 3234 1590 verbis
3254 1577 3267 1598 ,
3302 1536 3735 1590 mansuetudine.
3765 1536 3865 1589 Ca-

2277 1619 2433 1673 currit
2458 1620 2598 1674 enim
2621 1662 2636 1688 ,
2663 1621 2854 1691 inquit,
2882 1632 2928 1676 et
2949 1625 3264 1677 annuntiavit
3290 1625 3340 1678 in
3370 1625 3519 1679 domo
3550 1625 3734 1680 matris
3761 1641 3865 1681 ante

2269 1711 2419 1779 juxta
2438 1711 2585 1764 verba
2609 1712 2734 1765 Ittec.
2766 1712 2950 1766 Omnia
2969 1731 3082 1783 aute
3103 1715 3362 1770 audiverat
3393 1731 3422 1769 a
3453 1730 3641 1782 servo,
3669 1733 3869 1786 parcn-

2282 1797 2422 1853 tibus
2466 1800 2798 1870 significavit.
2838 1801 2928 1856 29.
2973 1802 3039 1857 Et
3073 1806 3325 1869 cucurrit,
3351 1806 3560 1874 inquit,
3595 1805 3777 1860 Laberi
3802 1812 3872 1864 ad

2283 1892 2531 1945 hominem
2563 1895 2702 1963 foras
2728 1893 2796 1946 ad
2814 1893 3022 1962 fontem.
3049 1894 3182 1950 Vide
3211 1894 3477 1964 quomodo
3503 1907 3558 1950 et
3588 1895 3678 1950 hic
3706 1911 3873 1950 cursu

2284 1981 2604 2036 desiderium
2633 1999 2788 2038 suum
2817 1994 3076 2040 monstret
3100 1986 3171 2055 (υ.
3205 1985 3320 2053 50).
3352 1985 3419 2039 Ει
3445 1996 3497 2040 ιιι
3523 1985 3659 2040 vidit
3693 1987 3875 2041 homi-

2286 2088 2406 2128 nem
2438 2082 2664 2127 stantem
2685 2074 2825 2143 apud
2866 2073 3064 2130 fontem
3086 2090 3204 2131 cum
3227 2076 3444 2131 camelis
3468 2117 3483 2142 ,
3505 2077 3565 2130 5|
3581 2115 3597 2130 .
3619 2075 3769 2129 Dixit
3785 2077 3830 2130 ei
3857 2092 3876 2132 :

2295 2158 2440 2227 Veni,
2468 2162 2746 2231 ingredere;
2776 2163 3060 2217 benedictus
3085 2163 3327 2218 Dominus
3347 2179 3364 2218 :
3381 2181 3472 2218 cur
3494 2166 3627 2235 [oris
3647 2166 3834 2220 stetisti
3853 2166 3879 2219 .’

2286 2248 2398 2321 Ego
2420 2251 2646 2320 disposui
2660 2253 2862 2306 domum
2884 2264 2930 2307 et
2951 2255 3114 2307 locum
3133 2255 3354 2308 camelis.
3374 2254 3505 2309 Vide
3518 2265 3572 2309 et
3600 2256 3748 2310 hunc
3779 2257 3848 2311 be
3861 2281 3884 2295 ο

2289 2344 2620 2398 nedicentem
2644 2344 2810 2399 Deum
2837 2345 2887 2398 in
2919 2345 3151 2400 adventu
3183 2345 3482 2416 peregrini,
3520 2355 3576 2401 et
3599 2347 3882 2416 quomodo

2289 2441 2571 2502 antequam
2600 2432 3019 2502 hospitalitatem
3051 2435 3297 2504 impleret
3321 2450 3501 2504 opere,
3538 2436 3726 2492 multis
3756 2451 3884 2490 eum

2292 2521 2534 2577 hortatus
2561 2534 2662 2578 est.
2701 2521 2845 2588 Veni,
2873 2524 3060 2594 inquit,
3091 2524 3352 2594 ingredere
3381 2539 3399 2577 :
3421 2523 3532 2593 jam
3559 2525 3710 2580 enim
3743 2525 3887 2586 Pra-

2293 2614 2465 2681 parari
2490 2614 2690 2665 domum
2730 2623 2774 2666 et
2801 2615 2964 2667 locum
2984 2615 3209 2668 camelis.
3241 2615 3440 2671 Deinde
3484 2615 3736 2685 ingresso
3771 2630 3838 2672 eo
3865 2658 3885 2684 ,

2295 2703 2464 2773 inquit
2495 2722 2507 2758 :
2539 2702 2628 2758 52.
2657 2702 2906 2758 Destravit
2949 2705 3166 2761 camelos
3212 2713 3259 2762 et
3305 2705 3440 2763 dedit
3468 2707 3643 2775 paleas
3666 2747 3686 2775 ,
3716 2719 3767 2761 et
3788 2711 3883 2779 [ως

2296 2809 2432 2858 num,
2457 2804 2503 2847 et
2527 2811 2738 2864 aquam,
2765 2805 2821 2847 ut
2847 2795 3133 2848 lavarentur
3160 2797 3310 2865 pedes
3335 2798 3462 2865 ejus.

2368 2885 2421 2938 5.
2453 2884 2581 2938 Vide
2601 2885 2868 2955 quomodo
2894 2885 3053 2956 liiqui
3093 2886 3267 2941 adhuc
3310 2901 3495 2940 errore
3541 2889 3888 2951 tenebantur,

2299 2989 2541 3043 magnam
2565 2974 2937 3044 hospitalitatis
2954 2978 3392 3046 curamagebant.
3419 2977 3486 3030 Et
3507 2977 3647 3033 dedit
3670 2994 3892 3047 «quam,

2300 3075 2355 3119 ul
2384 3067 2675 3123 lavarentur
2700 3065 2850 3138 pedes
2879 3070 3007 3137 ejus,
3034 3078 3080 3122 et
3108 3069 3258 3137 pedes
3288 3070 3510 3123 uirorum
3539 3077 3628 3138 qui
3669 3086 3790 3123 cum
3830 3087 3896 3130 ea

2303 3167 2463 3211 erant.
2492 3159 2580 3211 55.
2613 3158 2678 3212 Et
2699 3160 2936 3228 apposuit
2960 3159 3029 3215 eis
3055 3176 3210 3228 partes
3249 3161 3318 3214 ad
3355 3161 3743 3222 comedendum.
3782 3161 3893 3218 θαι

2306 3249 2392 3303 hic
2435 3249 2669 3313 attende,
2723 3251 2970 3316 obsecro,
3013 3265 3255 3320 magnam
3306 3250 3484 3307 famuli
3525 3251 3893 3319 prudentiam.

2305 3339 2441 3405 Quid
2461 3339 2602 3394 enim
2624 3339 2735 3392 ait?
2756 3337 2878 3392 Non
2898 3339 3176 3406 comedam,
3196 3339 3355 3394 donec
3377 3341 3557 3409 loquar
3576 3342 3733 3397 verba
3753 3359 3893 3400 mea.

2307 3427 2413 3481 Vos
2441 3429 2674 3499 quidem,
2701 3429 2888 3498 inquit,
2916 3428 3148 3486 cilicium
3170 3438 3409 3485 vestrum
3460 3431 3514 3488 in
3536 3445 3624 3485 me
3678 3433 3897 3501 praesti—

2308 3517 2444 3571 tistis
2474 3535 2487 3571 :
2518 3533 2616 3588 ego
2643 3528 2819 3573 autem
2849 3534 3180 3591 nequaquam
3211 3528 3365 3574 antea
3389 3521 3584 3593 quietis
3608 3535 3748 3578 mea:
3801 3536 3896 3576 ra-

2309 3614 2505 3668 tionem
2527 3613 2754 3679 habebo,
2797 3613 2969 3669 donec
2989 3629 3201 3671 causam
3227 3629 3323 3668 vos
3353 3613 3586 3668 docuero
3609 3655 3624 3677 ,
3672 3624 3900 3683 propter

2308 3721 2465 3775 quam
2488 3706 2539 3760 in
2571 3704 2707 3762 hanc
2727 3707 2864 3760 viam
2893 3707 2991 3760 sim
3014 3706 3228 3773 missus,
3261 3714 3316 3761 et
3342 3721 3510 3776 quare
3529 3720 3560 3760 a
3587 3703 3898 3762 Chananzca

2313 3799 2416 3853 huc
2446 3798 2700 3863 venerim,
2724 3809 2777 3853 et
2794 3798 3062 3868 quomodo
3083 3799 3136 3853 in
3163 3785 3379 3851 domum
3400 3806 3631 3857 vestram
3662 3797 3769 3851 huc
3798 3799 3901 3852 du-

2312 3896 2428 3942 ctus
2454 3888 2575 3951 sim,
2606 3903 2669 3942 ac
2697 3903 2816 3942 eum
2861 3887 3036 3941 omnia
3065 3887 3375 3950 didit-eritis,
3405 3895 3530 3941 tunc
3564 3894 3622 3940 et
3647 3901 3746 3940 vos
3800 3902 3896 3942 ve-

2311 3989 2475 4034 stram
2500 3992 2623 4048 crga
2649 3980 2921 4033 dominum
2950 3995 3125 4034 meum
3161 3977 3586 4032 benevolentiam
3617 3977 3902 4034 declarare

2313 4070 2573 4141 poteritis.
2599 4068 3070 4139 Narrationcmque
3096 4081 3251 4123 orsus
3275 4069 3346 4121 ait
3369 4068 3488 4123 εδδ.
3516 4067 3706 4121 Servus
3735 4069 3904 4120 Abra-

2313 4164 2392 4216 lue
2418 4178 2528 4216 sum
2553 4178 2644 4231 ego
2671 4177 2688 4215 :
2719 4162 2806 4215 55.
2836 4160 3084 4213 Dominus
3128 4169 3294 4213 autem
3339 4160 3589 4213 benedixit
3633 4160 3906 4214 dominum

2314 4270 2476 4312 meum
2503 4254 2667 4319 valde,
2701 4262 2747 4305 et
2777 4252 3017 4306 deditei‘
3052 4267 3165 4304 oues
3209 4262 3256 4304 et
3297 4250 3497 4314 vitulos,
3526 4267 3709 4304 aurum
3737 4261 3784 4304 et
3818 4268 3904 4307 ar-

2313 4358 2534 4418 gentum,
2569 4362 2735 4399 servos
2756 4355 2802 4397 et
2831 4345 3065 4408 ancillas,
3097 4343 3313 4396 camelos
3357 4352 3404 4396 et
3446 4343 3636 4395 asinos.
3695 4343 3786 4397 36.
3840 4343 3907 4398 Ει

2316 4439 2505 4507 peperit
2533 4436 2696 4492 Sarra
2715 4451 2841 4489 uxor
2863 4435 3052 4488 domini
3068 4435 3163 4486 mei
3183 4434 3346 4502 ﬁlium
3365 4448 3520 4485 unum
3539 4432 3743 4486 domino
3766 4450 3900 4496 meo,

2316 4545 2431 4580 cum
2456 4530 2564 4596 ipse
2582 4529 2697 4594 jam
2727 4526 2989 4587 senuisset,
3021 4533 3070 4576 et
3099 4522 3235 4576 dedit
3257 4523 3335 4576 illi
3363 4522 3533 4576 omnia
3577 4538 3904 4591 quacumque

2319 4619 2512 4670 habuit.
2537 4618 2666 4672 Vide
2691 4615 2956 4687 quomodo
2977 4630 3096 4669 cum
3115 4614 3385 4683 diligentia
3413 4614 3587 4667 omnia
3603 4614 3678 4668 eis
3694 4626 3900 4666 narrat.

2321 4709 2466 4763 illius
2495 4723 2633 4771 sum,
2680 4708 2868 4776 inquit,
2903 4703 3130 4759 Abraha:
3154 4719 3360 4771 servus,
3389 4719 3548 4772 quem
3582 4706 3770 4760 uestis.
3810 4705 3903 4758 Di-

2319 4802 2451 4855 scite
2483 4801 2658 4868 itaque
2683 4807 2929 4867 quantam
2956 4797 3023 4850 ab
3051 4797 3288 4850 omnium
3317 4795 3541 4849 Domino
3569 4795 3900 4849 benedictio-

2320 4908 2443 4948 nem
2469 4901 2822 4960 consequutus
2845 4890 2933 4952 sit,
2965 4889 3035 4943 ita
3066 4897 3120 4942 ut
3153 4887 3304 4942 valde
3331 4887 3398 4940 sit
3427 4887 3644 4940 ditatus.
3699 4887 3901 4942 Dcintlc

2320 4985 2517 5039 docens
2544 4983 2842 5038 divitiarum
2896 4980 3121 5048 cepiam,
3179 4977 3385 5047 inquit:
3423 4975 3551 5030 Oves
3593 4986 3640 5028 et
3690 4977 3902 5042 vitulos,

2321 5086 2583 5147 argentum
2603 5084 2650 5129 et
2679 5089 2882 5137 aurum,
2911 5087 3075 5124 servos
3105 5081 3153 5124 et
3178 5068 3416 5132 ancillas,
3434 5067 3654 5120 camelos
3672 5077 3717 5119 et
3732 5068 3901 5122 asinos

2320 5169 2618 5239 acquisivit.
2649 5166 2862 5229 Audite,
2891 5164 3106 5228 divites,
3134 5162 3220 5229 qui
3247 5170 3322 5213 tot
3348 5170 3402 5214 et
3425 5158 3749 5228 totquotidie
3772 5159 3904 5212 emi-

2323 5262 2389 5316 tis
2411 5259 2627 5329 prgcdia,
2657 5266 2711 5311 et
2744 5256 2927 5310 balnea
2968 5269 3028 5308 ac
3069 5251 3441 5308 deambulacra
3492 5261 3544 5304 et
3599 5248 3905 5317 splendidas

2325 5355 2510 5410 domos
2537 5349 2830 5404 tediiicatis.

2393 5443 2596 5497 Dicitur
2617 5457 2718 5493 non
2758 5438 2809 5490 in
2850 5435 3120 5505 superﬂuis
3146 5433 3513 5502 impcndendte.
3556 5459 3626 5470 —
3657 5428 3860 5484 Videtis
3891 5472 3904 5496 ,

2325 5535 2378 5589 in
2408 5533 2600 5604 quibus
2623 5529 2818 5587 divitia:
2841 5528 2969 5597 justi
3013 5526 3207 5581 fuerint
3246 5522 3587 5581 constituta)?
3637 5520 3901 5590 Nusquam

2388 5665 2403 5692 ³
2434 5662 2516 5710 Sic
2537 5660 2688 5717 etiam
2715 5656 2760 5704 in
2786 5656 2935 5704 Savil.
2978 5655 3031 5703 in
3071 5658 3212 5717 textu
3239 5664 3365 5717 vero
3388 5649 3704 5717 septuaginta
3744 5649 3900 5705 luter-

2326 5729 2518 5784 pretum
2532 5712 2621 5769 'hic
2644 5720 2850 5784 effertur
2870 5730 3072 5784 sensus,
3129 5711 3448 5784 τ-Βρηεςιὶᾳπὲε.
3469 5711 3723 5784 Dominum
3746 5724 3902 5763 meum

2325 5774 2482 5843 i'alde,
2508 5789 2551 5834 ct
2575 5779 2816 5833 cru/tatus
2837 5786 2906 5829 est
2932 5780 3033 5840 (καὶ
3057 5775 3267 5838 ὑψώίὴς),
3289 5781 3333 5824 ct
3354 5774 3488 5824 dedit
3511 5774 3574 5830 ci,
3602 5779 3700 5822 etc.
