4060 6418
136 409 234 466 ιιι

133 539 284 596 eger;
311 537 572 596 nusquam
593 522 806 589 domus,
829 529 883 579 et
905 534 1296 594 supervacanea
1319 522 1724 592 sumptuositas:

135 617 233 674 sed
253 631 385 674 oves
410 625 466 673 et
487 616 636 672 vituli
655 656 672 683 ,
698 616 891 679 cameli
933 624 988 671 et
1012 618 1178 672 asina:
1200 656 1222 682 ,
1240 615 1384 671 servi
1423 624 1477 671 et
1499 613 1726 669 ancilla.

137 706 205 762 Et
231 715 289 762 ut
314 706 511 772 discas,
538 719 814 762 servorum
843 705 1126 761 multitudo
1149 704 1292 760 unde
1316 695 1371 760 ei
1404 703 1687 773 contigerit
1712 742 1728 768 ,

137 797 342 852 addidit
368 795 475 851 alio
503 795 662 851 loco:
705 795 982 852 Vernaeuli
1027 811 1214 852 omnes
1261 806 1412 850 erant
1439 796 1457 864 (
1488 793 1616 849 Gen.
1641 791 1730 848 i7.

137 885 258 956 25).
291 886 387 942 Hic
415 885 592 957 igitur,
623 885 813 956 inquit,
839 886 1088 941 dominus
1132 900 1308 950 meus,
1341 885 1425 939 cui
1467 893 1630 939 tanta:
1652 882 1734 938 fa-

140 973 369 1029 cultates
393 982 538 1037 sunt,
564 979 620 1028 et
645 973 736 1044 qui
766 974 986 1028 multam
1007 987 1237 1043 superne
1257 974 1481 1042 gratiam
1507 971 1733 1040 invenit,

141 1063 356 1134 quando
379 1062 492 1133 jam
520 1063 697 1119 senuit
723 1104 741 1130 ,
769 1078 838 1119 ex
876 1059 1036 1119 Sarra
1068 1063 1233 1118 lilium
1262 1063 1534 1133 suscepit,
1563 1063 1736 1118 hunc-

144 1169 252 1225 que
281 1153 485 1210 habens
504 1155 855 1226 unigenitum,
883 1155 1055 1225 ipsum
1080 1153 1332 1209 heredem
1348 1153 1585 1208 omnium
1608 1167 1736 1207 suo-

139 1259 260 1299 rum
291 1243 401 1313 jam
431 1245 743 1301 constituit:
769 1245 966 1314 quippe
993 1241 1180 1300 Omnia
1209 1243 1348 1297 dedit
1373 1245 1452 1298 illi
1479 1259 1737 1314 quacum-

140 1350 241 1402 que
259 1335 456 1392 habuit.
486 1333 615 1390 Dein
647 1345 925 1405 postquam
946 1336 1180 1390 narravit
1204 1333 1404 1390 domini
1427 1333 1671 1404 gloriam,
1686 1343 1738 1388 et

143 1426 312 1480 lsaaei
341 1437 571 1495 partum,
595 1426 724 1481 dicit
763 1427 979 1497 insuper
998 1433 1054 1481 et
1081 1424 1331 1479 mandata
1359 1439 1478 1494 qua:
1513 1438 1740 1492 accepe-

141 1524 227 1570 rat
255 1514 323 1569 ab
351 1514 483 1572 hero
509 1531 628 1583 suo,
653 1526 710 1571 ut
734 1517 787 1571 in
813 1515 1050 1572 Cltarran
1074 1516 1523 1587 proficisceretur.
1550 1515 1641 1570 37.
1671 1513 1740 1567 Et

141 1605 400 1674 adiurauit
428 1621 525 1670 me,
548 1606 736 1677 inquit,
767 1606 1004 1662 dominus
1022 1609 1182 1672 nt'eus,
1207 1605 1377 1660 dicens
1407 1623 1427 1660 :
1451 1603 1573 1659 Non
1599 1604 1741 1657 acci-

145 1695 256 1765 pies
275 1711 483 1750 uxorem
520 1695 630 1764 ﬁlio
652 1711 762 1750 meo
789 1693 818 1749 1
824 1713 944 1750 saac
967 1697 1032 1750 de
1055 1695 1282 1750 omnibus
1302 1695 1506 1765 ﬁliabus
1535 1694 1742 1749 Cltatta-

145 1801 374 1840 ncrorunt
399 1827 414 1851 ,
443 1787 572 1840 inter
611 1803 737 1858 quos
779 1804 870 1856 ego
924 1787 1136 1841 habito:
1173 1786 1264 1841 38.
1308 1786 1397 1840 sed
1433 1787 1488 1840 in
1537 1785 1745 1839 domum

148 1878 310 1945 patris
352 1878 448 1931 mei
477 1877 622 1944 uade,
671 1886 718 1930 et
770 1877 838 1929 ad
863 1877 1212 1947 cognationem
1256 1892 1440 1942 meam,
1470 1874 1590 1929 inde
1613 1875 1747 1929 acci-

147 1968 256 2038 pies
277 1983 484 2022 uxorem
511 1967 621 2037 ﬁlio
642 1984 771 2023 meo.
803 1968 869 2022 Et
892 1968 1009 2038 ipse
1037 1967 1252 2038 quidem
1285 1967 1403 2022 hme
1436 1966 1567 2021 mihi
1597 1981 1750 2020 man-

148 2057 314 2125 davit,
343 2073 444 2127 ego
473 2068 651 2114 autem
670 2058 1033 2115 difficultatem
1064 2060 1259 2129 negotii
1278 2074 1486 2115 meeum
1514 2072 1747 2128 perpen-

150 2148 308 2213 dens,
335 2148 587 2219 rogabam
629 2148 904 2203 dominum
936 2164 1112 2204 meum
1137 2149 1156 2221 (
1182 2165 1229 2202 υ.
1279 2149 1412 2219 59),
1443 2148 1488 2202 si
1515 2162 1620 2202 non
1650 2162 1749 2201 vo-

149 2241 310 2296 luerit
337 2241 530 2296 mulier
556 2240 735 2296 venire
763 2255 995 2296 mecum.
1052 2240 1145 2295 40.
1178 2239 1246 2293 Et
1279 2241 1408 2294 dixit
1436 2239 1563 2292 mihi
1593 2255 1613 2294 :
1643 2237 1749 2293 Do-

150 2332 320 2384 minus
349 2327 489 2384 Deus
509 2330 590 2384 cui
628 2331 908 2400 contplacui
928 2346 1100 2384 coram
1129 2346 1210 2396 eo,
1253 2330 1359 2400 ipse
1400 2331 1561 2384 mittet
1596 2345 1755 2400 ange-

155 2425 262 2474 lunt
291 2437 439 2474 suum
464 2429 626 2474 tecum
646 2461 662 2486 ,
685 2429 733 2474 et
763 2436 1059 2491 prosperum
1082 2420 1234 2489 faciet
1260 2419 1356 2473 iter
1379 2429 1523 2473 tuum
1543 2460 1559 2487 ,
1592 2429 1638 2473 et
1665 2435 1755 2472 ac-

150 2510 310 2581 cipies
339 2526 546 2564 uxorem
576 2510 683 2578 ﬁlio
710 2526 841 2576 meo,
872 2526 935 2564 ea:
959 2510 1263 2580 cognatione
1291 2526 1423 2573 mea,
1442 2517 1488 2563 et
1516 2525 1579 2564 ea:
1602 2508 1753 2563 docto

152 2601 316 2670 patris
346 2600 463 2654 mei.
517 2599 669 2667 Quod
713 2600 892 2654 sinon
923 2601 1154 2669 potuerit
1198 2599 1504 2670 persuaderi
1537 2599 1753 2666 mulier,

155 2701 212 2745 ut
234 2701 406 2745 tecum
435 2690 540 2744 huc
554 2688 1032 2760 proficiscatttr,bl.
1058 2688 1204 2744 Tunc
1220 2690 1458 2744 innocens
1476 2689 1574 2742 eris
1597 2705 1628 2740 a
1654 2704 1759 2741 ma-

155 2780 426 2835 ledictione
453 2797 585 2835 mea.
610 2779 773 2849 Igitur
796 2780 1045 2835 dominus
1070 2779 1285 2849 quidem
1309 2780 1424 2833 hare
1453 2778 1582 2832 mihi
1601 2792 1754 2831 man-

155 2869 337 2935 davit,
375 2879 429 2924 et
457 2869 638 2923 talium
692 2884 905 2937 precum
932 2870 1122 2922 viatico
1170 2884 1254 2920 me
1305 2869 1620 2922 instructum
1651 2865 1758 2920 huc

157 2960 310 3014 misit
341 2973 358 3013 :
389 2974 486 3028 ego
505 2967 682 3014 autem
713 2957 878 3012 fretus
899 2958 1040 3012 illius
1063 2958 1328 3026 precibus,
1352 2957 1440 3010 ubi
1457 2956 1524 3010 ad
1555 2955 1755 3010 fontem

160 3052 306 3118 veni,
337 3051 451 3105 lia:e
491 3051 650 3106 verba
687 3049 939 3119 loquutus
968 3064 1119 3114 sum,
1153 3059 1206 3103 et
1234 3047 1343 3102 dixi
1376 3065 1389 3100 :
1422 3046 1510 3101 42.
1540 3044 1760 3100 Domine

161 3141 304 3196 Deus
350 3142 542 3194 domini
592 3141 690 3194 mei
727 3139 1032 3204 Abraham,
1079 3138 1124 3193 si
1186 3147 1241 3190 tu
1291 3153 1588 3208 prosperum
1632 3136 1759 3206 facis

160 3233 258 3286 iter
287 3246 387 3301 quo
413 3246 548 3284 nunc
571 3229 694 3284 abeo
734 3244 754 3284 :
802 3229 894 3284 45.
926 3227 1061 3282 Ecce
1100 3243 1190 3298 ego
1216 3235 1294 3280 sto
1324 3225 1462 3297 apud
1487 3229 1679 3296 fontem
1702 3240 1761 3277 a-

162 3336 280 3390 qua:
303 3338 322 3386 ;
372 3321 493 3388 ﬁlice
533 3330 704 3373 autem
734 3319 995 3372 hominum
1023 3317 1178 3388 hujus
1205 3316 1419 3369 civitatis
1444 3314 1762 3385 egredientur

164 3411 236 3465 ad
279 3410 612 3464 hauriendam
638 3425 845 3480 aquam.
898 3407 962 3461 Et
989 3409 1082 3462 erit
1104 3407 1267 3476 uirgo,
1295 3406 1378 3460 cui
1405 3421 1496 3477 ego
1534 3405 1711 3459 dixero
1742 3419 1763 3458 :

167 3498 388 3571 Porrige
417 3500 538 3553 mihi
564 3515 746 3568 parum
771 3489 917 3566 aqua:
941 3514 1004 3552 ea:
1045 3497 1229 3567 hydria
1268 3505 1353 3551 tua
1380 3514 1400 3562 ;
1427 3497 1517 3551 44.
1551 3497 1594 3551 si
1618 3495 1764 3549 diate-

166 3592 238 3646 rit
259 3591 406 3657 ntihi,
442 3590 509 3643 Et
536 3599 590 3643 tu
614 3589 744 3655 bibe,
773 3599 818 3642 et
843 3589 1062 3642 camelos
1092 3597 1203 3641 tuos
1229 3589 1426 3658 aquabo
1467 3603 1487 3642 :
1530 3589 1644 3653 ipsa
1670 3587 1764 3640 erit

167 3699 304 3738 nator
328 3698 478 3752 quam
504 3681 802 3752 preparasti
827 3696 967 3733 servo
997 3688 1084 3732 tuo
1108 3677 1281 3732 Isaac.
1311 3678 1380 3732 Et
1406 3680 1458 3732 in
1487 3679 1581 3732 hoc
1605 3677 1766 3732 sciam

168 3771 308 3843 quod
335 3750 514 3840 feceris
540 3750 936 3824 misericordiam
965 3770 1170 3822 domino
1197 3784 1308 3822 meo
1335 3769 1612 3822 Abraham.
1640 3768 1766 3823 Haec

169 3879 274 3934 ego
297 3864 530 3934 quidem.
562 3863 750 3932 inquit,
778 3861 918 3931 apud
961 3863 1332 3930 memetipsum
1367 3862 1532 3917 Deum
1552 3862 1764 3931 rogavi;

172 3955 410 4009 nondum
449 3960 625 4007 autem
679 3952 837 4006 linem
891 3951 1121 4006 feceram
1159 3952 1245 4006 illa
1273 3951 1520 4018 dicendi,
1555 3963 1610 4007 ct
1633 3967 1768 4007 con-

173 4045 354 4100 fesﬁm
403 4043 690 4114 adimpleta
741 4052 882 4097 sunt.
931 4043 1022 4098 ιδ.
1057 4040 1197 4095 Ναιιι
1243 4042 1538 4112 priusquam
1569 4058 1664 4112 ego
1691 4042 1771 4094 di-

172 4137 322 4191 cendi
352 4137 506 4204 ﬁnem
531 4139 746 4206 facerem
775 4176 791 4200 ,
821 4151 932 4189 ecce
981 4135 1205 4190 Rebecca
1249 4135 1368 4188 exiit
1392 4150 1577 4202 aquant
1604 4137 1770 4204 ferens

175 4228 230 4280 in
278 4227 496 4280 humeris
541 4227 666 4280 suis.
708 4226 945 4279 Dicebant
999 4235 1166 4278 autem
1195 4226 1240 4276 ei
1266 4241 1286 4278 :
1318 4224 1394 4277 Da
1422 4224 1548 4276 mihi
1575 4233 1767 4291 potum.

176 4315 272 4371 ιϐ.
291 4314 352 4368 Et
377 4315 662 4370 acceleraus
691 4315 922 4385 deposuit
944 4315 1178 4386 hydriam
1203 4331 1368 4378 suam,
1386 4328 1432 4368 et
1458 4315 1586 4367 dixit
1611 4313 1769 4367 mihi:

176 4406 306 4461 Bibe
329 4417 374 4461 et
400 4415 454 4460 tu
477 4447 493 4472 ,
526 4417 570 4460 et
615 4406 834 4461 camelos
862 4418 972 4461 tuos
1023 4407 1239 4476 aquabo.
1293 4407 1358 4459 Et
1386 4421 1505 4460 eum
1533 4405 1769 4460 viderem

175 4497 285 4565 jam
315 4496 615 4550 evidentem
657 4496 770 4551 fieri
806 4496 896 4551 Dei
927 4497 1311 4567 providentiam
1333 4539 1346 4560 ,
1378 4497 1770 4567 interrogabam

179 4586 334 4655 cujus
362 4597 502 4641 esset
533 4586 657 4641 lilia.
688 4587 757 4641 Et
781 4596 838 4641 ut
862 4587 1021 4641 didici
1047 4603 1112 4642 ea
1135 4587 1198 4640 iis
1223 4603 1341 4656 qua:
1368 4586 1522 4653 dixit,
1553 4603 1638 4641 me
1667 4601 1773 4640 non

181 4675 248 4731 ad
282 4676 489 4730 alienos
518 4677 744 4741 venisse,
774 4676 868 4730 sed
902 4678 952 4729 iu
982 4676 1198 4730 domum
1233 4676 1444 4730 Nacltor
1469 4676 1646 4731 fratris
1674 4675 1774 4730 do-

185 4769 314 4821 tniui
347 4768 475 4835 mei,
502 4777 710 4836 sumpta
737 4784 832 4837 spe
857 4768 1016 4834 bona,
1049 4769 1137 4822 47.
1169 4768 1404 4839 Appendi
1432 4770 1478 4822 ei
1505 4771 1706 4822 inaures
1729 4779 1776 4822 et

184 4861 434 4926 emtillas,
465 4870 511 4914 et
532 4876 646 4913 cum
666 4859 760 4913 hoc
790 4860 1029 4928 placeret,
1065 4861 1154 4915 48.
1185 4862 1392 4916 adoravi
1421 4859 1716 4928 Dominum,
1733 4870 1778 4914 et

183 4950 418 5005 benedixi
447 4949 610 5004 Deunt
637 4952 830 5005 domini
875 4953 973 5005 mei
1018 4952 1294 5017 Abraham,
1335 4953 1454 5020 quia
1484 4968 1779 5022 prosperum

185 5042 310 5094 mihi
338 5042 430 5093 iter
446 5042 561 5109 fecit
585 5043 625 5108 ί,
653 5054 707 5094 ut
731 5060 1034 5097 assumerent
1063 5045 1224 5112 ﬁliam
1251 5044 1427 5111 fratris
1444 5044 1636 5096 domini
1660 5047 1777 5099 mei.

193 5134 386 5187 Verum
418 5132 534 5186 lucc
558 5135 628 5186 ita
655 5150 683 5186 a
717 5135 940 5187 Domino
981 5135 1255 5189 manifeste
1281 5136 1583 5203 dispensata
1620 5145 1776 5200 sunt;

192 5237 380 5291 preces
419 5224 617 5292 quippe
663 5224 860 5276 domini
903 5225 1006 5278 mei
1062 5236 1187 5278 tunc
1215 5227 1412 5279 exitum
1459 5225 1777 5280 habuerunt.

189 5314 456 5368 Cteterum
479 5331 573 5368 vos
603 5315 650 5368 si
681 5326 914 5368 vestrum
943 5317 1176 5370 officium
1210 5319 1458 5386 impletis,
1490 5318 1577 5372 49.
1605 5317 1783 5371 Facite

192 5404 587 5457 misericordiam
610 5417 656 5458 et
683 5407 928 5469 iustitiam
955 5423 1065 5459 cum
1097 5407 1298 5460 domino
1331 5426 1466 5462 meo:
1486 5411 1564 5461 sin
1593 5410 1779 5475 minus,

195 5497 491 5548 auuuntiate
512 5497 656 5550 mihi.
685 5496 800 5549 Jnm
826 5497 973 5561 milii,
1008 5499 1193 5565 inquit,
1227 5500 1539 5568 significate,
1567 5509 1622 5554 ut
1649 5502 1784 5554 scire

197 5585 394 5654 possim
425 5586 549 5654 quid
577 5598 817 5653 operient
848 5605 930 5642 me
963 5587 1152 5642 facere.
1186 5589 1333 5656 Quod
1380 5591 1424 5642 si
1464 5591 1641 5644 minus
1668 5592 1783 5653 pla-

197 5687 302 5743 Cct,
331 5686 385 5730 et
412 5677 636 5745 ldiptlllll
659 5679 838 5744 dicite,
874 5691 928 5732 ut
953 5681 1058 5733 alio
1088 5682 1185 5733 iter
1213 5682 1424 5747 faciam,
1455 5693 1509 5737 cl.
1538 5683 1623 5736 Me
1653 5702 1748 5738 catt

263 5790 283 5822 ι
317 5787 399 5836 uie
421 5791 727 5850 septuaginta
755 5797 899 5855 Inter;
916 5800 1051 5841 rctes
1070 5792 1266 5852 addunt,
1291 5792 1341 5843 in
1363 5791 1438 5843 ria
1460 5792 1691 5844 veritatis.

1101 407 1167 467 ιΝ
1201 409 1352 468 CAP.
1399 406 1590 466 XXIV.
1627 405 1874 467 CENES.
1912 409 2145 470 HOMIL.
2188 413 2422 472 XLVIII.

3324 412 3426 470 ιιιι

1834 535 2023 582 vertam
2049 529 2128 584 uel
2163 529 2233 582 ad
2257 529 2510 594 dextram,
2554 526 2632 583 vel
2655 526 2726 582 ad
2762 525 3042 581 sinistram.
3074 524 3265 580 Postea
3292 541 3428 593 quo-

1835 620 1978 674 niam
2003 621 2143 676 Deus
2179 629 2296 676 erat
2324 621 2416 690 qui
2447 619 2627 675 omnia
2658 627 2876 690 propter
2901 616 3087 688 preces
3102 616 3431 687 patriarcha:

1833 709 2187 776 secundabat,
2216 709 2401 764 dicunt
2433 708 2483 764 ei
2513 717 2664 778 pater
2691 717 2748 763 et
2782 707 2949 763 frater
2971 706 3194 776 virginis
3222 723 3237 758 :
3270 705 3361 760 50.
3389 706 3432 757 Α

1836 802 2057 857 Domino
2099 803 2220 858 aii:
2259 803 2460 857 verbum
2498 802 2594 856 hoc
2621 815 2643 855 :
2669 817 2772 855 non
2816 799 3092 870 poterimus
3120 797 3210 851 tibi
3234 806 3438 851 contra-

1837 893 2004 946 dicere
2029 893 2108 947 νει
2132 893 2323 947 malum
2363 891 2441 946 uel
2479 891 2686 945 bonum.
2715 889 2797 944 Ex
2837 889 3146 943 narratione
3191 895 3279 940 tua
3306 885 3439 939 satis

1840 980 2208 1050 intelligimus,
2241 989 2409 1036 totum
2433 979 2535 1036 hoc
2560 979 2736 1035 divina
2766 976 3167 1047 dispensatione
3193 975 3329 1030 fieri.
3363 973 3444 1030 Ne

1840 1074 2001 1143 igitur
2029 1081 2183 1141 putes
2225 1086 2324 1125 nos
2360 1070 2500 1125 velle
2523 1068 2797 1124 adversari
2828 1067 2892 1122 iis
2918 1081 3040 1137 qua:
3070 1067 3182 1120 Deo
3206 1062 3445 1134 proban-

1841 1171 1928 1218 tur
1957 1180 1970 1214 :
1996 1161 2125 1217 illud
2149 1163 2293 1217 enim
2321 1160 2621 1217 facerenon
2649 1173 2954 1229 possumus.
2977 1157 3118 1212 Ecce
3143 1154 3309 1209 habes
3336 1154 3448 1207 vir-

1839 1255 2017 1324 ginem
2043 1270 2058 1319 ;
2089 1253 2178 1308 5i.
2206 1252 2355 1308 Tolle
2391 1268 2522 1317 eam,
2546 1260 2592 1306 et
2613 1251 2960 1323 proficiscere,
2987 1261 3034 1304 et
3055 1250 3151 1303 erit
3179 1263 3311 1303 uxor
3334 1247 3446 1316 ﬁlio

1842 1344 2038 1398 domini
2062 1345 2155 1409 tui,
2183 1344 2313 1398 sicut
2337 1343 2572 1412 loquutus
2591 1350 2665 1397 est
2695 1340 2968 1396 Dominus.

1915 1434 1968 1490 6.
1990 1433 2279 1488 Historiam
2295 1432 2535 1488 Rebecca:
2560 1449 2720 1502 usque
2744 1432 2815 1485 ad
2834 1432 2995 1503 ipsius
3015 1434 3300 1501 profectum
3327 1443 3449 1496 pro-
3509 1467 3515 1472 .

1843 1527 2109 1596 sequitur;
2158 1525 2452 1579 narratione
2489 1525 2778 1592 exprimens
2822 1522 3071 1593 quidquid
3127 1522 3230 1576 sive
3271 1520 3442 1589 cediﬁ-

1845 1616 2022 1670 candis
2062 1617 2165 1669 sive
2192 1613 2482 1669 erudiendis
2505 1614 2823 1668 auditoribus
2845 1613 3086 1667 inservire
3114 1619 3295 1680 potest.
3337 1609 3446 1665 Sub

1849 1709 2002 1777 ﬁnem
2031 1707 2294 1772 homiliat,
2345 1707 2413 1758 ad
2457 1703 2698 1759 [saccum
2733 1714 2782 1758 et
2828 1703 3108 1757 Rebeccam
3134 1700 3452 1757 aemulandos

1849 1802 2080 1856 hortatur
2108 1839 2123 1864 ,
2173 1798 2337 1852 malos
2395 1797 2476 1852 sui
2527 1796 2767 1868 temporis
2828 1795 3126 1867 nuptiarum
3175 1795 3304 1848 ritus
3359 1808 3452 1846 ar-

1849 1908 2026 1963 guens.
2079 1919 2152 1930 —
2203 1889 2422 1945 Vidistis
2491 1887 2762 1958 quomodo
2808 1886 3098 1943 studebant
3153 1886 3280 1940 olim
3331 1883 3454 1938 filiis

1852 1983 1965 2038 suis
1994 1996 2190 2037 uxores
2214 1979 2456 2035 ducere?
2490 1977 2762 2049 quomodo
2789 1977 2959 2046 magis
2995 1975 3190 2031 anima:
3230 1989 3457 2046 genero-

1851 2075 2085 2139 sitatem,
2117 2086 2274 2142 quam
2297 2085 2458 2140 epum
2480 2068 2861 2124 abundantiam
2892 2065 3234 2136 inquirebant
3255 2064 3281 2118 l
3310 2062 3455 2120 Nus-

1853 2179 2010 2235 quam
2041 2164 2391 2218 instrumenta
2413 2201 2428 2227 ,
2479 2173 2742 2228 nusquam
2783 2165 2934 2227 pacta
2958 2196 2975 2222 ,
3010 2163 3067 2211 et
3103 2155 3206 2210 alia
3233 2153 3456 2210 ridicula

1854 2271 1974 2324 qua:
2003 2269 2142 2312 nunc
2169 2250 2309 2321 apud
2341 2265 2439 2306 nos
2465 2249 2620 2315 liunt,
2652 2256 2709 2304 et
2734 2247 3074 2304 conditiones
3101 2246 3208 2302 illae
3230 2260 3350 2315 qua:
3379 2253 3460 2298 ta-

1856 2346 1996 2401 bulis
2028 2346 2337 2399 inseruntur
2368 2358 2383 2394 :
2435 2341 2493 2398 Si
2521 2341 2724 2412 absque
2773 2340 2962 2395 liberis
2987 2381 3004 2407 ,
3035 2339 3231 2409 inquit,
3263 2337 3463 2392 moria-

1859 2447 1964 2500 tur,
1993 2435 2039 2490 si
2070 2435 2170 2489 hoc
2197 2442 2251 2489 et
2298 2433 2400 2487 lxoe
2424 2433 2700 2501 contingat
2730 2447 2746 2485 :
2782 2445 2969 2485 verum
3007 2427 3148 2499 apud
3178 2428 3299 2482 illos
3328 2425 3461 2482 nihil

1859 2528 1984 2592 tale,
2035 2525 2130 2581 sed
2160 2523 2405 2578 maxima:
2426 2532 2478 2577 et
2515 2521 2870 2577 securissimus
2899 2519 3091 2574 tabulae
3121 2527 3273 2573 erant
3302 2516 3461 2586 virgi-

1859 2617 1943 2671 nis
1987 2627 2211 2670 mores:
2255 2627 2517 2682 nusquam
2563 2606 2810 2682 cymbala
2851 2619 2906 2664 et
2953 2608 3190 2664 choreae.
3245 2606 3314 2660 Et
3360 2605 3462 2661 hoc

1859 2708 2018 2768 scies,
2035 2704 2247 2775 quando
2277 2703 2343 2757 ad
2372 2717 2628 2773 sponsum
2654 2701 2916 2770 virginem
2944 2699 3143 2755 videris
3170 2697 3460 2753 introduci.

1861 2797 1951 2853 52.
1988 2794 2054 2851 Ut
2083 2797 2216 2849 enint
2242 2794 2436 2848 audivit
2457 2809 2652 2859 servus,
2683 2793 2874 2862 inquit,
2909 2791 3019 2845 htec
3047 2808 3079 2844 a
3111 2799 3260 2860 patre
3287 2798 3333 2843 et
3349 2792 3464 2860 fra-

1862 2899 1954 2955 tre,
1983 2888 2214 2942 adoravit
2247 2885 2408 2940 Deum
2432 2901 2585 2954 super
2603 2883 2953 2938 ten-am.\’ide
2978 2882 3248 2954 quomodo
3272 2878 3325 2936 in
3355 2882 3464 2937 sine

1860 2979 2000 3050 gulis
2024 2994 2145 3047 qum
2169 2977 2388 3042 fiebant,
2417 2977 2788 3030 universorum
2813 2974 3045 3028 Domino
3065 2974 3262 3043 gratias
3286 2971 3464 3026 offert.

1863 3070 1982 3138 Ipse
2008 3069 2150 3123 enim
2180 3075 2298 3122 erat
2323 3066 2415 3135 qui
2463 3073 2622 3119 antea
2669 3063 3007 3134 prmparabat
3035 3062 3214 3116 omnia
3247 3102 3263 3127 ,
3295 3070 3350 3117 et
3374 3075 3465 3118 sc-

1864 3159 2096 3214 eundum
2115 3154 2435 3226 patriarcha:
2454 3154 2680 3208 verbum
2709 3152 3065 3222 prmu'iittebat
3081 3150 3327 3221 angelum
3342 3159 3466 3208 ante

1866 3251 2014 3306 illum
2043 3289 2059 3316 ,
2098 3249 2191 3319 qui
2238 3247 2416 3302 omnia
2459 3245 2686 3301 feliciter
2727 3244 3030 3300 ordinabat.
3072 3245 3315 3314 Denique
3345 3243 3466 3316 quia

1869 3340 2067 3396 certior
2093 3339 2262 3392 factus
2290 3337 2358 3392 de
2384 3338 2600 3407 negotio
2625 3335 2852 3390 feliciter
2870 3334 3133 3406 perfecto,
3155 3335 3246 3389 53.
3288 3332 3467 3389 Prolao

1867 3441 1939 3497 ta,
1969 3430 2160 3500 inquit,
2189 3444 2311 3483 uasa
2347 3443 2523 3493 aurea,
2554 3437 2601 3481 et
2625 3436 2884 3497 argentea,
2911 3437 2959 3479 et
2983 3435 3166 3480 uestem
3198 3424 3336 3479 dedit
3369 3425 3469 3480 Rc-

1868 3523 2047 3576 beccte.
2079 3521 2232 3576 Nunc
2269 3536 2392 3576 eum
2445 3519 2638 3574 fiducia
2687 3534 2806 3574 eam
2851 3518 2952 3573 sibi
2977 3519 3230 3572 conciliat
3256 3517 3468 3584 officiis,

1870 3612 2022 3682 quasi
2052 3612 2163 3680 jam
2196 3610 2373 3666 verbis
2397 3611 2776 3680 desponsatam
2823 3609 2988 3664 lsaae.
3021 3608 3261 3663 Honorat
3288 3617 3469 3662 autem

1871 3701 2029 3758 donis
2059 3712 2113 3758 et
2143 3701 2361 3757 fratrem
2387 3741 2402 3766 ,
2431 3709 2488 3756 et
2531 3711 2780 3766 matrem,
2809 3709 2864 3755 et
2891 3715 3013 3757 cunt
3040 3699 3173 3753 vidit
3197 3698 3470 3768 negotium

1873 3805 1928 3850 et
1958 3793 2267 3849 mandatum
2292 3793 2592 3862 impletum,
2626 3800 2754 3847 tunc
2774 3791 2987 3845 tandem
3015 3789 3160 3845 refici
3196 3803 3256 3844 se
3283 3802 3473 3859 passus

1873 3898 1977 3942 θεν.
2003 3887 2092 3941 54.
2125 3885 2465 3941 Comederuut
2488 3883 2629 3938 enim
2657 3924 2672 3948 ,
2712 3882 2921 3952 inquit,
2955 3892 3000 3936 et
3027 3881 3254 3935 biberunt
3293 3881 3401 3951 ipse
3425 3887 3475 3935 et

1874 3978 1968 4031 viri
1994 3978 2082 4047 qui
2105 3993 2220 4030 cum
2260 3991 2319 4029 eo
2363 3984 2541 4038 erant,
2591 3982 2637 4027 et
2683 3973 3047 4026 dormit-erunt.
3080 3970 3302 4041 Cumque
3329 3983 3477 4024 mane

1875 4065 2328 4130 surrexisset,di:cit
2359 4063 2653 4118 :Dimittite
2681 4079 2783 4127 me,
2809 4072 2863 4114 ut
2888 4061 3072 4122 vadunt
3102 4060 3170 4114 ad
3213 4059 3477 4113 dominum

1877 4173 2065 4211 nteum.
2093 4155 2357 4222 Quoniam
2388 4153 2568 4208 omnia
2618 4152 2750 4206 mihi
2798 4161 2903 4205 tam
2947 4150 3173 4205 feliciter
3199 4163 3478 4204 successe-

1877 4257 2022 4314 runt,
2056 4246 2244 4316 inquit,
2267 4253 2322 4298 et
2349 4243 2479 4298 nihil
2506 4253 2590 4298 est
2621 4242 2765 4314 quod
2787 4249 2971 4306 restet,
3002 4240 3098 4296 sed
3123 4240 3188 4295 ad
3225 4239 3477 4310 placitum

1876 4345 2112 4409 vestrum
2136 4349 2225 4390 res
2252 4333 2702 4404 agitur,Dimittite
2726 4349 2824 4397 me,
2846 4342 2900 4385 ut
2928 4332 3104 4386 abeam
3128 4331 3197 4384 ad
3219 4330 3474 4384 dominum

1877 4444 2067 4481 meum.
2096 4426 2184 4481 55.
2224 4424 2470 4479 Dixerunt
2496 4433 2687 4490 autem,
2717 4423 2928 4494 inquit,
2963 4427 3147 4493 fratres
3177 4431 3225 4475 et
3273 4430 3436 4476 mater
3468 4437 3485 4475 :

1879 4517 2090 4571 Maneat
2115 4515 2372 4569 uobiscum
2397 4515 2537 4583 virgo
2567 4513 2741 4566 diebus
2761 4513 2907 4582 quasi
2935 4513 3126 4577 decem,
3157 4521 3206 4565 et
3232 4518 3346 4580 post
3371 4511 3489 4564 hac

1879 4610 2100 4664 abibitis.
2127 4607 2218 4663 56.
2240 4605 2344 4662 Ille
2363 4617 2528 4660 autem
2550 4606 2677 4660 dixit
2704 4606 2771 4657 ad
2794 4621 2876 4658 eos
2904 4620 2923 4658 :
2955 4603 3008 4657 Ν
3013 4620 3040 4660 e
3064 4620 3144 4657 me
3172 4601 3438 4657 detinentis
3463 4621 3480 4668 ,-

1880 4702 2064 4756 etenim
2116 4699 2362 4753 Dominus
2392 4713 2694 4768 prosperum
2723 4695 2840 4764 fecit
2887 4695 2983 4748 iter
3011 4710 3178 4748 meum
3203 4709 3222 4748 :
3248 4692 3482 4748 dimittit!

1881 4807 1960 4845 me
1976 4799 2031 4843 ut
2051 4788 2229 4842 abeam
2258 4788 2326 4841 ad
2351 4787 2614 4840 dominum
2639 4801 2829 4840 meum.
2857 4783 3054 4851 Quare,
3083 4783 3274 4852 inquit,
3301 4779 3484 4837 differ-

1886 4883 1952 4938 tis
1970 4892 2023 4936 et
2049 4879 2472 4951 procrastinatis,
2495 4892 2619 4932 cum
2640 4876 2783 4931 Deus
2799 4884 2999 4931 tantam
3019 4874 3324 4929 facilitatem
3350 4869 3484 4928 mihi

1884 4975 1937 5027 in
1969 4971 2217 5027 omnibus
2237 4969 2482 5025 dederit?
2513 4967 2766 5021 Dimittite
2785 4983 2868 5020 me
2891 5007 2906 5032 ,
2935 4975 2989 5019 ut
3017 4967 3193 5020 abeam
3221 4965 3289 5018 ad
3313 4963 3469 5019 donti-

1885 5081 2008 5118 nunt
2042 5079 2230 5117 meum.
2258 5063 2350 5116 57.
2394 5053 2486 5114 Illi
2525 5068 2695 5112 autem
2737 5057 3020 5112 dixerunt:
3063 5053 3310 5110 Vocemus
3338 5054 3476 5127 puel-

1887 5157 2013 5218 lam,
2043 5165 2089 5208 et
2116 5157 2482 5223 interrogemus
2507 5153 2663 5206 eunti.
2698 5151 2792 5206 58.
2824 5148 2894 5203 Et
2916 5157 3214 5202 vocaverunt
3240 5164 3373 5213 eam,
3401 5146 3482 5200 di-

1886 5257 2170 5311 xeruntque
2198 5246 2243 5300 ei
2267 5262 2285 5298 :
2315 5243 2341 5297 Ι
2350 5245 2420 5298 bis
2449 5260 2564 5296 cum
2591 5243 2838 5296 homine?
2865 5241 2891 5294 Ι
2900 5242 2971 5296 lla
2996 5251 3164 5296 autem
3194 5242 3342 5307 dixit,
3368 5239 3481 5296 Ibo.

1890 5340 1979 5395 59.
2007 5338 2071 5394 Et
2102 5339 2402 5392 dimiserunt
2426 5337 2701 5390 Rebeccam
2739 5352 2963 5390 sororem
2987 5351 3153 5399 suam,
3184 5342 3228 5387 et
3253 5335 3482 5387 substan-

1891 5432 1989 5484 tias
2017 5432 2146 5498 ejus,
2169 5439 2212 5481 et
2243 5444 2438 5482 servum
2466 5427 2753 5490 Abraham,
2780 5437 2829 5481 et
2859 5443 2962 5492 eos,
2990 5428 3074 5495 qui
3095 5441 3212 5478 cum
3241 5442 3297 5478 eo
3318 5434 3482 5478 erant.

1891 5521 1979 5576 60.
2003 5519 2070 5572 Et
2100 5519 2459 5572 benedixerunt
2501 5516 2778 5570 Rebeccam
2803 5558 2818 5582 ,
2847 5526 2892 5570 et
2921 5518 3160 5570 dixerunt
3199 5515 3242 5568 ei
3279 5530 3298 5568 ε
3322 5514 3486 5569 Soror

1895 5627 2068 5665 nostra
2117 5629 2190 5676 es,
2225 5612 2318 5679 ﬁas
2360 5610 2414 5662 in
2452 5608 2617 5662 millia
2659 5609 2826 5662 decent
2863 5607 3102 5668 millium,
3135 5615 3181 5659 et
3199 5605 3485 5658 ltered.‘tate

1897 5703 2148 5772 possideat
2188 5717 2355 5755 semen
2387 5712 2529 5756 tuum
2552 5702 2776 5754 civitates
2805 5699 3144 5751 inimicorunt.
3188 5695 3319 5750 Vide
3349 5706 3487 5765 quo-

1968 5794 1983 5825 ¹
2019 5793 2338 5858 Septuaginta
2358 5794 2428 5841 sic
2448 5791 2649 5850 habent,
2676 5790 3021 5852 interrogch
3044 5798 3096 5836 os
3122 5788 3244 5846 ejus.
