4060 6432
630 408 734 467 ιω

638 525 798 580 modo
826 532 880 577 et
910 521 982 578 illi
1005 521 1309 590 ignorantes
1337 509 1526 582 virgini
1551 522 1667 580 qua:
1706 506 1878 562 futura
1906 510 2029 558 sunt
2062 515 2201 571 pra:-

633 616 953 687 signiticant,
983 611 1092 665 Deo
1135 614 1366 662 mentem
1409 616 1594 657 eorum
1627 597 1695 654 ad
1735 597 1838 652 hoc
1864 593 2123 664 dirigente
2151 597 2203 687 et

634 680 903 760 incitante.
935 699 1170 769 Utraque
1199 695 1340 751 enim
1369 693 1417 749 ei
1453 690 1706 768 praedicta
1731 693 1888 753 sunt,
1921 693 2030 738 tum
2060 680 2201 751 quod

629 800 681 852 in
704 795 864 851 millia
879 790 1176 863 myriadum
1204 789 1376 842 futura
1397 794 1558 849 esset,
1581 790 1687 837 tum
1709 777 1850 850 quod
1877 789 2059 832 semen
2086 773 2201 843 ejus

627 885 918 940 hereditate
961 892 1326 952 possessurum
1367 884 1509 932 esset
1544 873 1785 929 civitates
1835 867 2193 923 inimicorum.

629 976 816 1030 Vidisti
850 989 944 1044 per
969 972 1146 1028 omnia
1176 969 1475 1026 evidentem
1506 965 1595 1021 Dei
1635 962 2018 1034 providentiam
2060 959 2202 1012 relu-

624 1083 775 1134 cere,
801 1064 1070 1136 quomodo
1101 1078 1195 1132 per
1241 1060 1479 1116 inﬁdeles
1510 1059 1681 1112 futura
1720 1063 1784 1109 ut
1821 1051 2193 1123 praedicantur,

621 1158 895 1225 dispensat
919 1154 1156 1209 omnium
1183 1149 1472 1205 Dominus?
1497 1148 1583 1203 6t.
1603 1145 1729 1202 Cum
1751 1145 2076 1198 surrexissent
2097 1157 2196 1195 au-

621 1259 720 1302 tem
752 1246 976 1303 Rebecca
987 1252 1032 1299 et
1052 1243 1256 1297 ancillte
1279 1243 1407 1311 ejus,
1431 1241 1762 1295 ascenderunt
1782 1253 1934 1306 super
1957 1233 2190 1291 camelos.

622 1343 814 1398 Vidisti
856 1342 1064 1413 qualem
1102 1323 1358 1420 sponsam.
1386 1338 1547 1392 ducat
1590 1331 1935 1404 patriarcha?
1979 1332 2195 1398 Aquan-

621 1443 750 1500 tem,
783 1442 838 1489 et
865 1431 1108 1505 hydriam
1147 1444 1308 1500 super
1353 1427 1602 1482 humeros
1632 1425 1892 1480 ferentem
1919 1461 1933 1487 ,
1963 1428 2018 1475 et
2058 1433 2197 1472 nunc

621 1527 812 1581 iterum
839 1523 1214 1580 ascendentem
1250 1536 1412 1591 super
1443 1516 1697 1594 camelos.
1737 1515 2007 1585 Nusquam
2042 1511 2196 1565 multa

618 1624 839 1688 argento
861 1613 1178 1686 fulgentibus
1201 1611 1518 1674 cervicibus,
1546 1623 1716 1676 neque
1741 1606 2054 1660 famulorum
2082 1613 2196 1657 tur-

616 1706 704 1771 ba,
729 1719 900 1774 neque
925 1718 1111 1772 magna
1142 1701 1411 1765 mollities,
1441 1713 1557 1768 qum
1579 1710 1722 1750 nunc
1748 1693 1989 1749 adhiberi
2015 1692 2150 1748 solet
2176 1707 2190 1746 :

617 1797 709 1851 scd
730 1803 930 1850 tantum
960 1804 1077 1851 erat
1111 1793 1402 1864 priscarum
1445 1790 1726 1844 mulierum
1752 1787 1942 1850 robur,
1979 1794 2110 1839 utet
2143 1785 2192 1837 in

567 1937 583 1942 _
617 1886 852 1941 camelos
879 1885 1007 1954 ipsa:
1056 1882 1429 1948 ascenderent,
1477 1888 1532 1934 et
1557 1881 1635 1935 sic
1678 1880 1777 1934 iter
1825 1878 2081 1931 lacerent.
2128 1874 2195 1928 Et

618 1979 860 2048 profecta
884 1987 1034 2043 sunt,
1063 1975 1262 2045 inquit,
1293 1990 1408 2028 cum
1456 1973 1674 2027 homine.
1705 1971 1795 2026 63.
1827 1969 1977 2024 Isaac
2023 1979 2189 2021 autem

616 2081 844 2137 egressus
871 2075 984 2120 erat
1003 2106 1018 2131 ,
1051 2074 1107 2119 ut
1131 2082 1185 2118 se
1202 2072 1449 2120 exerceret
1467 2064 1519 2116 in
1549 2079 1674 2132 agro
1702 2063 1769 2114 ad
1797 2059 2141 2130 crepusculum
2171 2073 2191 2111 :

617 2167 666 2211 et
688 2159 754 2210 ibi
781 2156 983 2212 elevatis
1009 2156 1164 2210 oculis
1195 2196 1209 2220 ,
1243 2155 1366 2208 vidit
1411 2152 1628 2206 camelos
1673 2153 1940 2206 venientes.
1981 2149 2110 2202 Dum
2137 2150 2187 2202 in

616 2261 807 2317 campo
825 2255 1166 2313 versaretur,
1204 2245 1402 2315 inquit,
1434 2246 1607 2310 lsaac,
1651 2243 1782 2297 vidit
1821 2242 2072 2297 camelos.
2099 2241 2187 2295 61.

616 2336 840 2391 Rebecca
868 2346 1036 2392 autem
1068 2378 1084 2402 ,
1125 2348 1178 2391 ut
1207 2338 1329 2392 vidit
1352 2337 1501 2391 Isaac
1523 2379 1537 2402 ,
1582 2337 1768 2390 desiliit
1795 2353 1826 2388 a
1855 2336 2066 2399 camelo,
2100 2335 2186 2388 65.

613 2439 658 2482 et
683 2429 811 2482 dixit
853 2446 996 2483 seruo
1045 2445 1066 2483 :
1113 2430 1238 2495 Quis
1264 2439 1337 2483 est
1366 2429 1515 2482 homo
1538 2428 1625 2481 ille
1649 2429 1740 2497 qui
1765 2428 1903 2482 vadit
1931 2427 1984 2480 in
2010 2443 2187 2498 campo

613 2520 754 2574 nobis
783 2518 1017 2574 obviam?
1043 2519 1175 2575 Vide
1199 2519 1390 2587 puella:
1415 2519 1824 2590 generositatem
1851 2536 1865 2582 ;
1909 2531 2186 2586 postquam

614 2609 742 2664 vidit
777 2608 941 2674 lsaac,
974 2609 1245 2678 quaerebat
1281 2611 1399 2677 quis
1443 2619 1604 2663 esset.
1635 2610 1700 2663 Et
1729 2609 1813 2664 ubi
1842 2608 2024 2662 didicit
2049 2607 2187 2677 quod

613 2701 726 2770 ipse
752 2710 897 2756 esset
945 2715 1194 2769 sponsus,
1226 2701 1416 2755 velavit
1447 2715 1505 2754 se
1540 2701 1786 2753 tlieristro
1814 2717 1829 2764 ;
1873 2709 1926 2752 et
1971 2700 2188 2753 veniens

612 2805 798 2845 servus
825 2789 999 2844 omnia
1023 2790 1167 2845 clare
1195 2790 1456 2842 nuntiavit
1487 2788 1632 2843 lsaac
1663 2788 1682 2860 (
1712 2805 1758 2842 υ.
1791 2788 1903 2851 66).
1934 2788 2030 2841 llic
2056 2802 2185 2839 con-

611 2880 808 2949 sidera,
836 2896 950 2946 oro,
979 2881 1245 2949 quomodo
1273 2896 1526 2950 nusquam
1552 2881 1818 2948 superﬂua
1846 2881 1931 2934 illa
1955 2890 2008 2935 et
2029 2879 2188 2934 inuti-

611 2973 701 3038 lia,
745 2987 1005 3041 nusquam
1034 2965 1288 3027 diabﬁlica
1321 2988 1531 3042 pompa,
1565 2985 1821 3041 nusquam
1850 2970 2109 3042 cymbala,
2131 2978 2186 3025 et

612 3062 773 3128 tibize,
801 3071 855 3117 et
879 3062 1110 3127 choreae,
1133 3073 1184 3117 et
1231 3058 1462 3117 satanica
1509 3064 1592 3116 illa
1619 3062 1884 3126 convivia,
1915 3073 1971 3116 et
2011 3077 2185 3115 scom-

614 3162 755 3207 mata
784 3153 926 3207 omni
961 3154 1307 3224 obscmnit‘ate
1335 3155 1519 3222 plena;
1554 3154 1646 3208 sed
1688 3155 1862 3208 omnis
1891 3153 2141 3206 honestas
2166 3192 2184 3218 ,

611 3246 786 3299 omnis
815 3245 1094 3313 sapientia,
1121 3235 1292 3300 omiis
1311 3228 1594 3301 modestia.
1626 3246 1711 3298 67.
1761 3243 1979 3297 Intravit
2022 3253 2185 3297 amem

611 3333 782 3399 Isaac,
813 3335 997 3404 inquit,
1025 3336 1076 3386 in
1107 3335 1310 3388 domum
1351 3337 1526 3388 matris
1550 3351 1682 3397 sum,
1711 3345 1758 3388 et
1781 3336 1970 3403 accepit
1999 3334 2184 3388 Rebec-

608 3441 720 3477 cant
747 3466 764 3492 ,
816 3433 863 3479 et
910 3425 1009 3496 {uit
1037 3425 1085 3478 ei
1117 3441 1245 3479 uxor
1267 3466 1279 3489 ,
1311 3435 1360 3478 et
1399 3425 1573 3478 dilexit
1618 3441 1726 3478 eam
1752 3467 1766 3490 ,
1798 3435 1844 3478 et
1883 3423 2185 3478 consolatio-

616 3530 728 3567 nem
779 3515 969 3583 accepit
1027 3514 1179 3567 Isaac
1238 3531 1388 3584 super
1437 3515 1597 3569 Sarra
1655 3524 1813 3568 matre
1860 3532 1975 3569 sua.
2037 3507 2184 3570 llahc

611 3602 884 3656 imitentur
948 3602 1241 3670 mulieres,
1307 3602 1445 3659 hunc
1507 3604 1828 3676 aemulentur
1888 3605 1984 3659 viri
2034 3619 2048 3657 :
2105 3603 2182 3658 sic

610 3706 833 3760 sponsas
866 3692 1058 3748 dueere
1087 3700 1291 3748 curent.
1321 3693 1495 3760 Quare
1524 3696 1688 3759 enim,
1721 3695 1964 3759 dic,or0,
2003 3695 2181 3749 statim

609 3780 677 3833 ab
703 3780 852 3835 initio
882 3781 1126 3836 sordibus
1155 3781 1359 3850 impleri
1386 3783 1515 3836 sinis
1545 3785 1730 3852 puellm.
1757 3798 1912 3838 aures
1933 3792 2038 3836 tam
2072 3791 2183 3837 tur~

611 3870 767 3939 pibus
796 3872 1097 3936 cantilenis,
1130 3881 1234 3926 tam
1287 3871 1670 3939 imtempcstiva
1702 3874 1785 3926 illa
1817 3873 2042 3941 pompa?
2082 3871 2180 3926 Ne-

542 4029 548 4034 _
609 3961 717 4014 scis
740 3962 1006 4031 quomodo
1034 3961 1385 4017 adolescentia
1413 3979 1505 4030 per
1535 3977 1591 4017 se
1627 3963 1696 4017 sit
1730 3963 1783 4016 in
1827 3963 2022 4017 malum
2051 3978 2180 4032 pro-

610 4052 817 4120 pensa?
841 4067 937 4106 cur
965 4052 1184 4107 honesta
1215 4054 1516 4122 nuptiarum
1562 4055 1810 4125 mysteria
1839 4055 2047 4122 publice
2085 4052 2180 4107 de-

612 4142 907 4197 lionestas?
934 4157 1056 4197 cum
1084 4154 1354 4212 Oporteret
1404 4145 1520 4201 haec
1561 4147 1739 4200 omnia
1790 4145 2059 4215 depellere
2081 4185 2096 4210 ,
2129 4155 2184 4201 et

611 4232 982 4287 verecundiam
1012 4234 1272 4302 principio
1298 4234 1492 4290 docere
1522 4236 1768 4304 puellam,
1799 4245 1852 4291 et
1874 4237 2182 4292 sacerdotes

611 4335 820 4389 vocare,
864 4333 918 4378 et
962 4323 1207 4392 precibus
1247 4336 1301 4380 et
1345 4325 1800 4382 benedictionibus
1843 4326 2182 4386 concordiam

609 4410 837 4481 eunjugii
864 4413 1232 4483 constringere
1265 4431 1277 4466 :
1311 4421 1369 4467 ut
1413 4428 1563 4468 amor
1598 4416 1778 4484 sponsi
1802 4425 2057 4486 augeatur
2081 4456 2096 4480 ,
2129 4425 2183 4471 et

612 4503 801 4573 puella:
846 4505 1170 4559 continentia
1203 4515 1428 4571 crescat,
1474 4515 1527 4561 et
1551 4507 1727 4562 omnia
1774 4523 1893 4576 qua:
1935 4507 2068 4562 liunt
2116 4521 2182 4562 co

609 4601 852 4661 spectent
873 4602 930 4647 ut
955 4595 1163 4648 virtutis
1190 4609 1350 4663 opera
1376 4596 1736 4664 ingrediantur
1771 4597 1824 4651 in
1870 4597 2087 4653 domum
2116 4597 2181 4652 il-

611 4681 740 4749 lam,
771 4683 1124 4753 tollanturqnc
1150 4699 1181 4738 e
1209 4684 1386 4738 medio
1411 4700 1596 4745 omnes
1623 4686 1814 4742 diaboli
1853 4687 2055 4741 insidia:
2080 4729 2093 4752 ,
2129 4697 2184 4743 et

610 4773 711 4843 ipsi
741 4772 835 4827 Dei
861 4774 1056 4828 attxilio
1087 4775 1217 4829 uniti
1254 4775 1487 4844 jucunde
1525 4779 1686 4832 vitam
1733 4778 2010 4848 perﬁciant
2039 4799 2052 4834 :
2077 4797 2181 4849 quo

612 4861 767 4919 nobis
795 4864 1041 4919 omnibus
1069 4864 1169 4918 frui
1199 4864 1387 4933 detur,
1418 4869 1583 4936 gratia
1613 4877 1668 4923 et
1715 4870 2035 4940 benignitate
2072 4871 2181 4926 Do-

611 4954 740 5009 mini
781 4956 948 5008 nOStri
979 4955 1106 5010 Jesu
1150 4956 1377 5024 Christi,
1405 4960 1488 5012 cui
1514 4975 1636 5014 cum
1667 4960 1823 5015 Patre
1886 4970 1939 5016 et
1982 4962 2180 5031 Spiritu

609 5051 793 5097 sancto
821 5043 888 5097 sit
929 5043 1113 5113 gloria,
1146 5055 1377 5114 potestas
1403 5056 1456 5100 et
1489 5048 1679 5115 honor,
1705 5065 1848 5106 nunc
1867 5061 1920 5106 et
1945 5067 2178 5122 semper,

609 5143 663 5188 et
691 5135 743 5190 in
764 5136 960 5190 szecula
985 5137 1322 5191 smeulorum.
1358 5139 1545 5192 Amen.

1135 5227 1411 5282 IIOMILIA
1466 5229 1652 5283 XLIX.

717 5315 814 5370 Ila?
838 5327 1001 5371 autent
1028 5327 1143 5392 sunt
1169 5322 1527 5392 generationes,
1552 5321 1741 5392 inquit,
1769 5322 1920 5376 lsaac
1942 5323 2038 5392 lilii

1051 5389 1304 5441 Abraham
1331 5389 1480 5460 (Gen.
1504 5390 1594 5444 ‘25.
1625 5392 1732 5460 i9).

683 5478 736 5530 l.
775 5476 967 5532 lterum
994 5494 1087 5532 vos
1116 5478 1179 5532 ad
1210 5491 1518 5535 consuetam
1548 5496 1781 5537 mensam
1804 5485 1998 5540 ducere
2034 5485 2175 5550 volo,

612 5579 666 5622 et
695 5585 757 5622 ex
781 5570 953 5623 verbis
983 5569 1141 5624 Musis
1167 5573 1462 5626 convivium
1494 5589 1810 5644 praponere,
1843 5578 1946 5632 imo
1970 5594 2034 5633 ex
2062 5594 2180 5634 ver-

612 5659 690 5712 bis
713 5662 882 5713 sancti
907 5661 1148 5728 Spiritus.
1181 5663 1358 5731 Neque
1405 5667 1547 5720 enim
1589 5681 1617 5720 a
1644 5668 1818 5734 seipse
1862 5669 2033 5724 Moses
2064 5670 2176 5724 lucc

612 5752 768 5807 nobis
782 5753 1041 5821 extimuit,
1068 5754 1158 5809 sed
1190 5754 1388 5824 Spiritu
1415 5769 1596 5814 sancto
1633 5759 1858 5815 aillatus.
1893 5760 2174 5817 Videamus

1303 398 1357 454 S.
1398 390 1672 452 JO.\Nt\'IS
1703 380 2168 446 CiillYSOSTOMI
2213 376 2520 436 ARCIIIEP.
2560 381 3086 442 CONSTANTINOP.

3803 397 3893 456 iii

2311 496 2471 566 igitur
2489 500 2616 569 quid
2640 513 2692 558 et
2719 501 2875 561 hodie
2904 519 3002 560 nos
3020 503 3214 564 docere
3239 510 3386 565 velit.
3409 509 3590 584 Neque
3609 515 3756 570 enim
3783 535 3899 572 sine

2306 600 2487 655 causa,
2519 605 2690 662 neque
2732 594 2783 648 in
2811 609 3004 651 vanum
3035 597 3169 653 vitas
3207 611 3510 658 sanctorum
3546 605 3704 660 nobis
3733 623 3900 676 expo-

2305 677 2420 732 nit:
2452 679 2546 735 sed
2589 692 2647 736 ut
2673 682 2940 741 imitemur
2968 702 3153 743 eorum
3193 688 3474 763 virtutem,
3507 700 3893 756 etimitatores

2303 771 2470 826 simus
2493 773 2750 831 bonorum
2781 793 3000 846 operum
3031 787 3148 850 qua:
3181 784 3252 838 illi
3294 783 3552 842 iecerunt.
3579 788 3714 844 Nam
3745 806 3889 859 post-

2298 868 2460 930 quam
2490 865 2644 921 nobis
2669 867 2948 938 diligenter
2968 875 3202 927 narravit
3220 891 3282 930 ea
3309 893 3428 941 quae
3447 879 3512 933 ad
3530 882 3891 948 patriarcham

2302 953 2573 1011 Abraham
2608 959 2863 1026 attinent,
2891 969 2943 1014 et
2971 961 3149 1017 docuit
3188 975 3511 1033 postremum
3540 969 3681 1026 illius
3711 984 3893 1027 certa-

2302 1057 2423 1096 men
2463 1045 2515 1097 in
2541 1044 2904 1103 immolatione
2946 1049 3060 1115 ﬁlii,
3095 1055 3431 1125 narravitque
3463 1058 3563 1113 hoc
3605 1061 3889 1128 pulchrum

2301 1131 2616 1188 sacrificium
2641 1137 2739 1190 etsi
2767 1153 2871 1193 non
2893 1154 3078 1209 opere,
3104 1144 3374 1200 voluntate
3392 1155 3566 1201 tamen
3591 1149 3888 1218 perfectum

2300 1238 2440 1290 esse,
2473 1223 2734 1295 ﬁnemque
2758 1227 3008 1299 imposuit
3029 1235 3422 1289 narrationibus
3451 1237 3553 1292 illis
3583 1257 3596 1291 :
3630 1254 3774 1294 nunc
3794 1256 3892 1295 ex-

2301 1314 2447 1381 ponit
2475 1315 2626 1370 nobis
2646 1332 2764 1386 qum
2788 1319 2854 1372 ad
2877 1319 3021 1377 lsaac
3041 1324 3271 1378 occisum
3294 1335 3347 1380 et
3373 1341 3477 1381 non
3504 1330 3739 1384 occisum
3763 1346 3885 1400 per-

2303 1404 2504 1469 tinent;
2537 1407 2734 1462 factum
2757 1411 2898 1464 enim
2943 1415 3209 1483 mnigmati
3234 1417 3408 1472 simile
3436 1430 3537 1474 est.
3568 1423 3702 1476 Audi
3739 1426 3883 1478 enim

2302 1494 2523 1550 Paulum
2551 1498 2814 1555 dicentem
2849 1517 2864 1554 :
2898 1501 3030 1558 Fide
3057 1506 3234 1560 obtulit
3264 1507 3415 1563 Isaac
3442 1512 3720 1578 Abraham,
3765 1533 3882 1568 cum

2298 1594 2571 1640 tentaretur
2589 1604 2608 1641 :
2630 1599 2679 1642 et
2702 1592 3012 1660 unigenitum
3033 1596 3231 1663 obtulit,
3251 1599 3335 1665 qui
3361 1602 3714 1668 promissione:
3739 1621 3886 1658 acce-

2300 1677 2654 1748 perat(Hebr.
2689 1681 2919 1754 “.17).
2967 1685 3166 1742 Deinde
3217 1699 3274 1742 ut
3318 1690 3894 1763 discamusqnomodo

2300 1768 2403 1823 ﬁde
2431 1769 2544 1825 inec
2572 1773 2749 1827 omnia
2791 1772 2990 1831 ﬁtccret
3014 1820 3028 1842 ,
3059 1789 3113 1832 et
3140 1783 3403 1836 contraria
3436 1784 3620 1839 videns
3646 1789 3886 1855 promis-

2297 1859 2432 1912 sioni
2459 1875 2518 1913 ca
2546 1876 2664 1930 qum
2700 1863 2987 1933 jubebatur
3013 1867 3187 1922 facere
3207 1910 3224 1934 ,
3250 1885 3354 1924 non
3385 1881 3560 1928 tamen
3589 1878 3881 1944 perturba-

2297 1959 2466 2014 retur,
2492 1951 2701 2021 subjicit
2731 1969 2744 2005 :
2777 1954 2925 2010 Unde
2966 1957 3113 2010 illum
3164 1969 3212 2012 et
3255 1961 3306 2013 in
3348 1963 3640 2030 parabolam
3686 1971 3883 2037 accepit

2295 2040 2455 2109 (Ibid.
2485 2057 2530 2095 υ.
2570 2044 2680 2113 l9).
2709 2044 2845 2111 Quid
2874 2056 2973 2113 est,
2999 2046 3067 2101 Et
3090 2049 3142 2102 in
3165 2053 3458 2119 parabolam
3483 2056 3716 2125 accepit?
3741 2057 3886 2111 Nant-

2293 2143 2568 2203 postquam
2591 2152 2710 2190 eum
2744 2137 2794 2191 in
2825 2141 3139 2195 sacriﬁcium
3176 2143 3385 2209 obtulit,
3414 2154 3469 2200 et
3497 2158 3726 2202 mentem
3752 2164 3880 2220 per-

2293 2223 2479 2278 fectam
2507 2225 2810 2296 declaravit,
2844 2229 2956 2300 ipse
2984 2246 3178 2285 corona
3212 2234 3486 2289 redimitus
3507 2245 3610 2302 est,
3640 2247 3694 2292 et
3720 2253 3877 2295 acce-

2292 2324 2384 2383 pto
2419 2330 2583 2384 puero
2613 2318 2784 2384 rediit,
2814 2335 2880 2374 ac
2917 2321 3232 2376 sacriﬁcium
3261 2339 3357 2392 per
3397 2340 3552 2380 ovem
3596 2327 3886 2396 impletum

2291 2414 2371 2459 est
2396 2423 2410 2459 :
2439 2408 2773 2478 ostenditque
2795 2426 2890 2478 per
2910 2412 3084 2466 omnia
3112 2415 3342 2469 universi
3365 2414 3618 2471 Conditor
3641 2434 3751 2473 suae
3773 2420 3875 2476 be-

2290 2497 2558 2565 nignitatis
2584 2500 2954 2556 excellentiam
2983 2513 3074 2558 set
3097 2521 3156 2560 se
3183 2505 3284 2561 hoc
3306 2507 3617 2576 imperando
3642 2526 3748 2566 non
3775 2527 3877 2568 oe-

2289 2586 2390 2638 cidi
2427 2587 2603 2654 lsaac,
2634 2589 2728 2644 sed
2761 2591 2888 2659 justi
2926 2607 3176 2649 exercere
3207 2595 3561 2651 obedientiam
3609 2597 3878 2656 voluisse.

2291 2677 2552 2732 Cancrum
2578 2680 2715 2734 sicut
2742 2681 2966 2738 vidimus
2997 2686 3312 2752 patriarcha:
3341 2689 3585 2743 virtutem
3621 2689 3674 2743 in
3695 2692 3880 2746 omni-

2290 2764 2386 2820 bus
2410 2768 2732 2823 relucentem
2761 2789 2774 2824 :
2798 2785 2911 2840 age,
2941 2782 2993 2826 et
3021 2789 3138 2842 qua:
3167 2775 3236 2829 de
3275 2775 3420 2830 lsaac
3443 2777 3580 2831 dicta
3607 2788 3732 2834 sunt
3766 2779 3876 2835 ho-

2287 2855 2371 2910 die
2402 2857 2451 2910 in
2476 2857 2705 2912 medium
2733 2859 3014 2916 afferentes
3032 2902 3051 2927 ,
3077 2863 3350 2918 videamus
3382 2866 3725 2935 quomodoet
3754 2870 3876 2936 ipse

2287 2946 2428 3015 piam
2461 2957 2512 3001 et
2558 2947 2856 3017 religiosam
2890 2961 3119 3005 mentem
3165 2955 3216 3006 in
3262 2955 3508 3010 omnibus
3555 2958 3870 3026 praetulerit.

2286 3033 2472 3102 Opera:
2495 3045 2668 3091 autem
2690 3039 2912 3104 pretium
2932 3049 3033 3105 est,
3058 3052 3114 3095 ut
3138 3045 3246 3113 ipsa
3271 3045 3559 3114 Scriptura:
3586 3048 3743 3102 verba
3765 3065 3872 3102 au-

2287 3126 2513 3183 diamus.
2540 3129 2629 3183 ‘19.
2655 3129 2753 3183 Ha:
2779 3143 2942 3186 autem
2967 3143 3100 3196 sunt,
3135 3135 3320 3205 inquit,
3343 3139 3684 3207 generationes
3711 3139 3886 3194 lsaac-

2286 3217 2384 3286 ﬁlii
2403 3217 2632 3274 Abt-alue.
2662 3222 2914 3276 Abraham
2934 3226 3102 3292 genuit
3125 3223 3273 3279 Isaac
3291 3226 3440 3296 (Cap.
3463 3228 3576 3298 25).
3601 3228 3689 3284 20.
3714 3228 3872 3286 Isaac

2283 3319 2449 3362 autem
2470 3322 2576 3362 erat
2595 3327 2842 3365 annorum
2865 3314 3216 3385 quadraginta,
3239 3318 3437 3384 quando
3455 3321 3645 3388 accepit
3669 3319 3870 3375 Rebec-

2281 3411 2393 3449 cam
2415 3398 2572 3466 ﬁliam
2591 3398 2848 3455 Bathuelis
2875 3400 2996 3473 Syri
3021 3420 3083 3457 ea:
3106 3404 3488 3474 Mesopotamia,
3517 3425 3736 3464 sororem
3756 3410 3870 3465 La-

2285 3488 2380 3540 ban
2403 3486 2558 3558 Syri,
2590 3490 2684 3543 sibi
2713 3491 2765 3543 in
2785 3508 3010 3546 uxorem.

2356 3577 2600 3646 Exemplo
2629 3577 2798 3635 Isaaci
2823 3592 2956 3650 patet
3000 3599 3108 3638 esse
3155 3587 3463 3654 precandum
3485 3605 3598 3642 cum
3628 3605 3876 3658 perseue»

2283 3670 2469 3722 rantia.
2500 3668 2619 3724 Non
2647 3682 2763 3724 sunt
2787 3673 2980 3726 curiose
3006 3676 3302 3744 inquirenda
3330 3677 3421 3730 Dei
3443 3696 3612 3749 opera.
3633 3682 3866 3737 —Con-

2263 3758 2476 3823 sidera,
2499 3760 2740 3826 obsecro,
2759 3749 2968 3829 dilecte,
2991 3763 3182 3818 divinae
3203 3764 3487 3834 Scriptura:
3508 3768 3860 3839 diligentiam,

2283 3847 2548 3916 quomodo
2590 3848 2720 3903 nihil
2766 3865 3092 3918 supervacue
3138 3861 3320 3921 ponat.
3367 3853 3475 3910 Cur
3514 3857 3653 3909 enim
3705 3859 3864 3914 nobis

2284 3946 2492 3991 tetatem
2524 3937 2670 3993 lsaac
2712 3941 3003 4010 signiﬁcat,
3051 3951 3104 3997 et
3131 3942 3294 4008 dicit,
3344 3944 3472 3998 Erat
3504 3959 3669 4001 autem
3711 3947 3867 4004 lsaac

2282 4026 2618 4098 quadraginta
2643 4045 2890 4083 annorum
2927 4031 3129 4100 quando
3167 4037 3355 4102 accepit
3395 4034 3704 4090 Rebeccatn.’
3743 4038 3864 4094 Non

2283 4121 2481 4190 absque
2508 4137 2667 4177 causa
2688 4163 2703 4188 ,
2734 4138 2905 4194 neque
2935 4134 3130 4180 temere
3164 4145 3178 4181 :
3209 4127 3300 4181 sed
3336 4128 3455 4197 quia
3499 4128 3649 4185 nobis
3675 4139 3871 4199 postea

2284 4213 2538 4268 Rebeccae
2567 4215 2897 4269 sterilitatem
2930 4232 3236 4272 narraturus
3264 4228 3397 4281 erat,
3425 4229 3479 4274 et
3503 4236 3568 4276 ex
3597 4224 3868 4290 precatio-

2282 4319 2352 4359 ne
2389 4304 2515 4372 justi
2556 4306 2976 4373 procreationem
3010 4309 3172 4376 prulis
3202 4309 3280 4364 illi
3309 4325 3614 4366 concessam
3654 4311 3816 4370 fuisse
3840 4356 3860 4381 ,

2285 4393 2476 4448 docere
2507 4407 2604 4448 nos
2646 4395 2789 4464 cupit
2837 4398 3252 4465 magnitudinem
3296 4399 3560 4467 patientire
3590 4400 3736 4456 lsaac
3758 4443 3774 4467 ,
3805 4413 3864 4460 et

2283 4484 2427 4537 clare
2453 4483 2685 4538 indicare
2708 4494 2903 4553 quanto
2932 4496 3169 4554 tempore
3206 4488 3394 4542 liberis
3419 4492 3646 4545 caruerit
3672 4487 3689 4544 ἐ
3723 4502 3781 4547 ut
3805 4504 3863 4549 et

2285 4589 2383 4629 nos
2408 4575 2716 4630 mmulantes
2734 4576 2957 4645 justum,
2981 4577 3176 4631 assidui
3204 4579 3368 4634 simus
3396 4580 3447 4633 in
3469 4581 3659 4636 divinis
3685 4584 3861 4651 preci-

2284 4666 2402 4729 bus,
2432 4665 2474 4718 si
2504 4665 2714 4734 quando
2735 4666 2930 4736 aliquid
2957 4682 2985 4720 a
3013 4667 3121 4722 Deo
3145 4671 3481 4737 petierimus.
3504 4673 3558 4726 Si
3603 4674 3743 4728 enim
3765 4675 3859 4744 ju-

2283 4765 2394 4810 stus
2421 4757 2525 4820 ille,
2559 4757 2626 4811 ita
2655 4758 2844 4812 virtute
2871 4759 3142 4827 prmditus,
3168 4772 3221 4815 et
3243 4772 3385 4816 tanta
3414 4763 3507 4818 Dei
3536 4764 3860 4822 benevolen-

2283 4849 2353 4902 tia
2379 4847 2580 4914 l'ruens,
2611 4859 2807 4904 tantam
2829 4866 2938 4919 pra:
2961 4865 3020 4905 se
3048 4853 3163 4906 tulit
3189 4855 3542 4909 constantiam
3569 4867 3623 4910 et
3652 4866 3855 4914 tantum

2281 4939 2534 5004 studium,
2581 4939 2831 4994 continuo
2866 4940 3030 5004 Deum
3070 4943 3307 5010 orando,
3352 4945 3419 4998 ita
3462 4954 3522 5000 ttt
3562 4949 3861 5012 solveretur

2284 5027 2538 5083 Rebecca:
2563 5029 2816 5086 sterilitas
2849 5047 2862 5082 :
2885 5031 3010 5099 quid
3037 5030 3272 5086 dicemus
3290 5048 3408 5099 nos,
3432 5035 3526 5103 qui
3550 5035 3708 5092 tantis
3732 5051 3856 5106 pec-

2282 5128 2516 5174 catorum
2548 5121 2797 5179 oneribus
2825 5123 3135 5192 premimur,
3162 5132 3217 5179 et
3245 5139 3414 5194 neque
3443 5125 3714 5180 minimam
3745 5129 3857 5181 vir-

2281 5211 2406 5266 tutis
2441 5211 2568 5280 justi
2608 5221 2808 5280 partem
2839 5213 3167 5278 ostendimus
3200 5233 3212 5268 :
3243 5215 3334 5268 sed
3373 5223 3425 5268 et
3451 5218 3492 5268 si
3523 5231 3684 5283 parva
3715 5226 3852 5271 teni-

2283 5319 2410 5374 porc
2439 5303 2672 5358 studium
2716 5305 2924 5374 aliquod
2964 5315 3018 5367 et
3059 5305 3382 5375 diligentiam
3422 5307 3852 5371 exhibuerimns,

2282 5395 2630 5463 torpescimus
2673 5402 2728 5454 et
2774 5395 3066 5459 resilimus,
3109 5395 3208 5458 nisi
3253 5396 3428 5449 statim
3472 5397 3856 5452 exaudiamuri

2282 5487 2568 5554 Propterea
2593 5500 2708 5550 oro,
2741 5494 2798 5542 ut
2825 5503 2892 5541 ex
2921 5486 2985 5541 iis
3012 5501 3130 5556 qua-
3154 5486 3297 5554 justo
3319 5485 3391 5540 illi
3413 5497 3715 5541 evenerunt
3739 5505 3852 5543 eru-

2280 5577 2395 5641 diti,
2420 5592 2704 5646 numquam
2735 5591 3002 5630 cessemus
3029 5592 3184 5638 orare
3214 5578 3399 5639 Deum,
3421 5586 3476 5629 ut
3503 5578 3746 5646 ignoscat
3759 5595 3849 5632 no-

2284 5670 2364 5724 bis
2391 5679 2628 5738 peccata,
2651 5668 2742 5722 sed
2772 5667 2977 5723 fervens
2993 5677 3050 5724 et
3077 5679 3308 5722 mstuans
3335 5667 3656 5723 desiderium
3674 5681 3854 5724 osten-

2282 5760 2467 5815 damus
2493 5777 2504 5812 :
2529 5769 2578 5814 et
2611 5776 2714 5815 non
2735 5775 2872 5829 :rgre
2904 5759 3154 5827 feramus,
3183 5775 3352 5830 neque
3373 5759 3643 5831 segniores
3661 5761 3853 5820 simus.
