4060 6420
143 400 250 458 μδ

141 531 232 578 τες
263 513 580 584 σημαίνουσι
601 512 668 581 τῇ
699 509 833 579 κόρῃ
871 503 942 560 τά
976 504 1235 576 μέλλοντα
1264 501 1486 556 ἔσεσθαι
1509 542 1524 566 ,
1558 497 1652 552 τοῦ
1676 495 1811 550 Θεοῦ

141 601 240 672 τὴν
270 600 509 656 διάνοιαν
539 597 716 652 αὐτῶν
745 596 880 666 πρὸς
922 593 1083 647 τοῦτο
1112 589 1599 650 κατευοδώσαντος.
1619 584 1817 655 ’Δμφόυ

141 703 280 758 τερα
313 687 421 758 γὰρ
449 687 586 755 αὐτῇ
624 680 1050 754 προμηνύουσιν,
1073 680 1154 732 δτι
1199 679 1292 730 καὶ
1328 678 1406 738 είς
1430 673 1670 746 χιλιάδας
1719 688 1818 741 μυ-

144 773 346 843 ριάδων
370 772 556 835 ἐσται,
590 772 683 823 καὶ
715 771 798 822 ὃτι
850 766 1245 838 κληρονομήσει
1287 763 1347 816 τὸ
1395 761 1616 833 σπέρμα
1650 758 1819 828 αὐτῆς

141 858 244 922 τάς
279 859 460 921 πόλεις
491 857 600 910 τῶν
629 854 984 908 ὑπεναντίων.
1035 849 1187 914 Εἶδες
1221 849 1310 903 διά
1359 849 1576 902 πάντων
1608 847 1818 900 δεικνυ-

147 943 316 1014 μένην
356 942 563 1013 ἐναργῆ
596 941 689 994 τοῦ
719 939 854 994 Θεοῦ
887 938 986 1009 τὴν
1015 937 1290 1008 πρόνοιαν,
1333 933 1453 996 πῶς
1478 932 1573 985 καὶ
1603 931 1691 984 διὰ
1713 929 1820 982 τῶν

141 1031 391 1083 ἀπίστων
424 1026 840 1099 προμηνύεσθαι
875 1025 944 1078 τά
1002 1023 1264 1095 μέλλοντα
1317 1020 1592 1090 οίκονομεῖ
1637 1018 1668 1071 6
1711 1017 1819 1070 τῶν

142 1115 401 1170 ἀπάντων
449 1113 760 1184 Δεσπότης;
802 1112 910 1168 Καὶ
959 1109 1300 1172 ἀναστᾶσα,
1347 1108 1503 1180 φησὶ,
1541 1103 1822 1159 Ῥεϐέκκα

144 1204 244 1258 καὶ
277 1206 336 1256 al
381 1202 554 1270 ἅϐραι
601 1199 824 1268 αὐτῆς,
873 1197 1180 1265 ἐπέϐησαν
1203 1195 1304 1250 ἐπι
1332 1193 1440 1260 τὰς
1487 1192 1816 1262 καμήλους.

143 1287 298 1353 Εἶδες
329 1290 449 1342 οῖαν
470 1289 660 1356 ἀγεται
686 1286 905 1356 νύμφην
933 1288 960 1338 6
985 1285 1365 1356 πατριάρχηςς
1401 1280 1819 1352 ’Υδρευομένην,

141 1377 240 1430 καὶ
265 1375 362 1447 τὴν
394 1375 582 1446 ὑδρίαν
613 1371 840 1426 ἐπὶτῶν
871 1371 1035 1442 ὤμων
1070 1371 1358 1442 φέρουσαν,
1391 1369 1486 1423 xal
1532 1367 1627 1420 νῦν
1660 1365 1820 1418 πάλιν

138 1463 415 1516 ἐπιϐᾶσαν
447 1462 538 1515 ἐπί⁵
569 1461 666 1523 τὰς
709 1458 1002 1528 καμήλους.
1057 1455 1309 1527 Οὐδαμοῦ
1351 1457 1563 1526 ἡμίονοι
1595 1455 1822 1525 ἀργύρῳ

144 1548 624 1620 περιλαμπόμεναι
656 1546 782 1609 τοὺς
814 1543 1142 1614 τραχήλους,
1177 1544 1297 1596 οὐδὲ
1346 1543 1575 1595 οίκετῶν
1633 1541 1819 1610 ἐσμὸς,

137 1635 268 1688 οὐδέ
292 1636 325 1704 ἡ
361 1633 530 1704 πολλὴ
552 1632 776 1703 βλακεία
801 1634 834 1702 ή
865 1629 960 1683 νῦν
992 1630 1280 1700 γινομένη·
1314 1628 1452 1682 ἀλλά
1491 1628 1725 1698 τοσαύτη
1755 1623 1822 1697 ἦν

140 1721 254 1774 τῶν
281 1721 528 1774 παλαιῶν
551 1720 824 1788 γυναικῶν
853 1720 884 1788 ή
917 1717 1157 1788 ἀνδρεία,
1181 1717 1256 1779 ὼς
1283 1717 1378 1769 καὶ
1397 1715 1490 1768 ἐπὶ
1518 1715 1613 1778 τὰς
1643 1715 1824 1783 καμή-

141 1809 271 1872 λους
297 1809 469 1871 αὐτὰς
497 1809 818 1868 ἐπιϐαίνειν,
856 1806 949 1860 καὶ
987 1805 1162 1869 οὑτως
1193 1806 1516 1876 ὁδοιπορεῖν.
1557 1804 1665 1856 Καὶ
1693 1803 1824 1855 ἐπο-

137 1895 466 1964 ρεύθησαν,
499 1895 652 1964 φησὶ,
707 1893 858 1962 μετὰ
904 1892 1011 1945 τοῦ
1045 1890 1380 1958 ἀνθρώπου.
1419 1890 1480 1941 ’0
1509 1888 1575 1941 δὲ
1620 1890 1823 1944 Ἰσαὰκ

139 1981 309 2050 ἐξῄει
341 1978 760 2049 ἀδολεσχῆσαι
811 1980 898 2044 είς
947 1977 1013 2031 τὸ
1045 1977 1256 2031 πεδίον
1305 1976 1370 2030 τὸ
1401 1977 1555 2044 πρὸς
1593 1976 1820 2042 δείλης,

141 2065 246 2120 καί
292 2063 640 2132 ἀναϐλέψας
680 2063 802 2130 τοῖς
854 2063 1184 2132 ὀφθαλμοῖς
1207 2062 1331 2116 εἶδε
1376 2063 1484 2126 τὰς
1514 2063 1824 2131 καμήλους

139 2152 494 2222 ἀρχομένας.
547 2151 641 2213 Εἰς
693 2150 755 2202 τὸ
791 2149 993 2212 πεδίον,
1027 2150 1213 2220 φησὶν,
1241 2151 1270 2202 6
1321 2148 1504 2201 Ἰσαάκ
1535 2147 1825 2218 διατρίϐων

146 2239 409 2292 ἐθεάσατο
467 2235 566 2298 τάς
614 2235 912 2306 καμήλους.
939 2235 1007 2290 Ἢ
1054 2235 1123 2288 δὲ
1167 2233 1440 2289 Ῥεϐέκκα
1471 2235 1684 2289 ίδοῦσα
1722 2235 1828 2288 τὸν

159 2323 388 2386 Ἰσαὰκ,
413 2321 836 2389 κατεπήδησεν
856 2321 975 2376 ἀπὸ
1005 2319 1113 2389 τῆς
1139 2323 1437 2390 καμήλου,
1469 2323 1567 2375 καί
1591 2318 1722 2376 είπε
1747 2321 1828 2387 τῷ

144 2409 344 2463 παιδί’
386 2411 480 2472 Τίς
511 2408 682 2462 ἐστιν
713 2411 746 2462 ό
770 2408 1079 2476 ἄνθρωπος
1106 2409 1336 2474 ἐκεῖνος
1362 2411 1395 2462 ὁ
1427 2411 1829 2479 πορευόμενος

143 2497 219 2550 ἐν
249 2497 328 2562 τῷ
356 2495 538 2560 πεδίῳ
563 2497 648 2561 είς
676 2493 1057 2561 συνάντησιν
1089 2493 1257 2562 ἡμῶν
1274 2507 1331 2559 ι;
1360 2496 1508 2566 Ὅρα
1534 2497 1632 2566 τῆς
1661 2497 1827 2568 κόρης

145 2584 247 2655 τὴν
267 2583 566 2651 εὐγένειαν⁸
586 2579 773 2650 ἐπειδὴ
802 2576 908 2632 εἶδε
936 2581 1025 2633 τὸν
1042 2581 1078 2633 ’1
1087 2582 1250 2644 σαάκ,
1266 2582 1593 2636 ἐπυνθάνετο
1613 2584 1697 2648 τίς
1718 2585 1822 2654 εἴη.

144 2665 260 2719 Kal
294 2663 540 2734 μαθοῦσα
571 2664 652 2717 ὅτι
678 2664 838 2726 αὐτός
887 2665 1034 2716 ἐστιν
1077 2664 1105 2715 6
1138 2664 1346 2733 μέλλων
1380 2666 1548 2735 αὐτὴν
1573 2666 1824 2734 ἄγεσθαι,

145 2750 554 2823 περιεϐάλλετο,
587 2749 743 2819 φησὶ,
776 2749 835 2801 τὸ
869 2747 1172 2822 θέριστρον,
1209 2750 1304 2804 καὶ
1331 2752 1770 2821 παραγενόμενος
1800 2752 1828 2804 6

145 2841 281 2902 παῖς
300 2839 600 2910 διηγήσατο
639 2838 817 2892 πάντα
846 2838 984 2908 μετά
1015 2833 1303 2907 ἀκριϐείας
1349 2838 1427 2907 τῷ
1467 2839 1670 2892 Ἰσαάκ.
1723 2840 1830 2892 Ἐν⁴

145 2926 324 2979 ταῦθα
347 2925 540 2978 σκόπει
593 2940 709 2994 μοι,
760 2922 1032 2993 ἀγαπητὴ
1063 2922 1181 2986 πῶς
1214 2922 1447 2992 οὐδαμοῦ
1482 2924 1549 2975 τα
1601 2923 1829 2993 περιττά

145 3011 322 3067 ταῦτα
348 3011 442 3064 καὶ
466 3011 721 3080 ἀνόνητα,
752 3009 988 3080 οὐδαμοῦ
1018 3009 1212 3079 πομπὴ
1257 3009 1559 3080 διαϐολικὴ,
1595 3010 1829 3080 οὐδαμοῦ

147 3099 406 3169 κύμϐαλα
433 3098 527 3152 καὶ
565 3097 716 3151 αὐλοὶ
743 3098 836 3150 καὶ
865 3100 1096 3168 χορεῖαι,
1125 3097 1218 3150 καὶ
1242 3097 1310 3149 τά
1355 3099 1616 3152 σατανικά
1650 3099 1833 3153 ἐκεῖνα

149 3185 450 3257 συμπόσια,
491 3185 585 3238 καὶ
612 3186 668 3235 αι
702 3183 961 3256 λοιδορίαι
1011 3184 1067 3236 αἱ
1114 3182 1296 3254 πάσης
1327 3185 1715 3254 ἀσχημοσύνης
1741 3185 1833 3254 γέ-

149 3290 372 3345 μουσαι,
400 3271 535 3326 ἀλλά
563 3273 712 3324 πάσα
745 3270 1032 3340 σεμνότης,
1080 3273 1232 3324 πάσα
1269 3271 1449 3339 σοφία,
1479 3273 1627 3324 πάσα
1655 3272 1830 3325 ἐπιεί-

149 3378 295 3416 κεια.
322 3357 586 3426 Είσῆλθε
633 3355 721 3420 δὲ,
765 3355 950 3426 φησὶν,
994 3356 1200 3410 Ἰσαὰκ
1252 3361 1340 3423 είς
1367 3357 1477 3420 τὸν
1507 3353 1674 3410 οἷκον
1720 3357 1832 3426 τῆς

146 3445 374 3518 μητρὸς
396 3443 604 3508 αὐτοῦ,
632 3441 729 3496 καί
753 3442 931 3495 ἔλαϐε
958 3443 1075 3511 τὴν
1115 3443 1446 3509 Ῥεϐέκκαν,
1473 3445 1570 3498 καὶ
1595 3445 1832 3514 ἐγένετο

149 3531 312 3596 αὐτῷ
350 3529 526 3600 γυνὴ,
569 3529 666 3583 καί
715 3527 1033 3598 ἠγάπησεν
1083 3531 1296 3600 αὐτὴν,
1356 3532 1453 3585 καί
1483 3533 1834 3602 παρεκλήθη

164 3617 374 3675 ἰσαάκ
409 3615 541 3686 περί
573 3616 807 3685 Σάρῤας
835 3615 944 3686 τῆς
983 3617 1212 3686 μητρὸς
1252 3618 1460 3674 αὑτοῦ.
1501 3618 1719 3688 Ταύτην
1755 3635 1836 3688 μι-

151 3705 467 3776 μείσθωσαν
500 3704 557 3756 αί
585 3705 874 3772 γυναῖκες’
911 3702 1101 3758 τοῦτον
1131 3704 1477 3774 ζηλούτωσαν
1511 3705 1561 3758 οί
1607 3705 1834 3777 ἄνδρεςο

150 3791 297 3846 οὕτω
330 3791 431 3854 τάς
459 3791 679 3862 νύμφας
701 3790 1004 3860 ἀγαγέσθαι
1039 3790 1508 3856 σπουδαζέτωσαν.
1536 3793 1692 3856 Τίνος
1725 3792 1834 3864 γὰρ

151 3880 362 3942 ξνεκεν,
399 3878 520 3931 είπέ
553 3895 662 3947 μοι,
694 3876 754 3941 ἐξ
783 3877 956 3948 ἀρχῆς
989 3879 1080 3930 καὶ
1121 3879 1186 3932 ἐκ
1245 3879 1547 3950 προοιμίων
1601 3879 1836 3949 κηλίδων

154 3964 443 4037 πληρῶσαι
503 3965 807 4035 συγχωρεῖς
853 3963 952 4034 τῆς
1000 3963 1169 4035 κόρης
1207 3963 1308 4028 τὰς
1353 3963 1524 4028 ἀκοάς
1577 3963 1666 4017 διά
1729 3962 1835 4017 τῶν

151 4050 399 4123 αίσχρῶν
452 4051 715 4121 ᾀσμάτων
742 4089 758 4115 ,
789 4049 876 4104 διά
921 4049 1020 4119 τῆς
1051 4050 1280 4121 ἀκαίρου
1315 4051 1543 4121 πομπῆς
1586 4050 1835 4120 ἐκείνης;

152 4137 270 4192 οὐκ
296 4131 453 4188 οῐσθα
486 4135 633 4198 ὅπως
671 4134 705 4204 ἡ
737 4131 926 4203 νεότης
955 4131 1176 4197 εὐκολος
1223 4133 1360 4204 πρὸς
1403 4133 1648 4200 δλισθον;
1686 4134 1740 4186 τί
1769 4133 1837 4187 τά

157 4219 336 4291 σεμνά
361 4217 456 4270 τοῦ
485 4217 664 4288 γάμου
715 4215 1088 4286 ἐκπομπεύεις
1125 4217 1403 4288 μυστήρια
1429 4233 1444 4282 ;
1470 4215 1588 4269 δέον
1622 4217 1838 4270 ἅπαντα

155 4303 331 4359 ταῦτα
359 4299 706 4364 ἀπελαύνειν,
755 4304 851 4352 καὶ
881 4298 979 4370 τὴν
1012 4299 1145 4353 αἰδὼ
1176 4300 1241 4352 ἐκ
1296 4300 1598 4370 προοιμίων
1644 4301 1840 4354 ἐκπαι-

154 4388 335 4443 δεύειν
371 4387 470 4458 τὴν
494 4385 684 4456 κόρην,
709 4385 804 4446 καὶ
838 4385 1022 4456 ίερέας
1053 4384 1204 4458 [491]
1231 4385 1416 4439 καλεῖν
1453 4387 1547 4440 καὶ
1571 4385 1637 4438 δι’
1664 4386 1840 4456 εὐχῶν

158 4472 253 4526 καὶ
278 4468 543 4536 εὐλογιῶν
575 4468 676 4539 τὴν
700 4468 955 4536 ὁμόνοιαν
995 4468 1091 4522 τοῦ
1125 4468 1465 4523 συνοικεσίου
1495 4469 1838 4538 συσφίγγειν,

158 4556 247 4609 ἵνα
276 4555 374 4608 καὶ
401 4555 429 4606 6
449 4552 614 4615 πόθος
645 4551 742 4604 τοῦ
770 4552 1004 4622 νυμφίου
1043 4550 1292 4621 αὔξηται,
1332 4551 1428 4605 καὶ
1465 4551 1563 4622 τῆς
1607 4551 1776 4623 κόρης
1807 4553 1841 4622 ή

159 4635 487 4714 σωφροσύνη
517 4633 853 4704 ἐπιτείνηται
872 4651 887 4666 ·
923 4633 1015 4687 καὶ
1040 4633 1128 4688 διὰ
1159 4635 1378 4688 πάντων
1414 4633 1484 4688 τὰ
1509 4634 1608 4703 τῆς
1640 4634 1842 4706 ἀρετῆς

158 4720 302 4791 ἔργα
333 4717 698 4771 είσελεύσεται
728 4718 808 4780 είς
830 4717 928 4788 τὴν
956 4716 1133 4770 οίκίαν
1162 4715 1395 4786 ἐκείνην,
1425 4717 1520 4770 καὶ
1553 4719 1724 4772 πᾶσαι
1748 4719 1842 4771 τοῦ

156 4803 410 4858 διαϐόλου
439 4803 496 4856 al
527 4800 765 4871 μηχαναὶ
803 4798 1049 4854 ἐκποδὼν
1091 4799 1303 4854 ἔσονται
1333 4841 1348 4866 ,
1394 4801 1487 4854 xal
1518 4800 1671 4854 αὐτοὶ
1723 4800 1842 4871 μεθ’

157 4881 360 4955 ἡδονῆς
399 4882 490 4935 τὸν
523 4882 636 4952 βίον
659 4881 929 4946 διάξουσιν
959 4881 988 4921 ι’
1011 4922 1026 4948 ,
1086 4881 1192 4936 ὑπὸ
1223 4882 1322 4952 τῆς
1365 4881 1460 4935 τοῦ
1495 4881 1632 4935 Θεοῦ
1669 4885 1844 4954 ῥοπῆς

161 4962 624 5036 συγκροτούμενοι
642 4980 656 4992 °
682 4958 750 5036 ἧς
775 4963 981 5032 γένοιτο
1005 4962 1213 5026 πάντας
1237 4965 1384 5034 ἡμᾶς
1407 4965 1706 5034 ἐπιτυχεῖν,
1743 4965 1845 5035 χά-

163 5063 273 5115 ριτι
303 5044 399 5098 καὶ
423 5044 801 5116 φιλανθρωπίᾳ
827 5044 922 5098 τοῦ
947 5045 1153 5117 Κυρίου
1178 5044 1338 5116 ήμῶν
1377 5047 1552 5117 Ἰησοῦ
1583 5047 1843 5118 Χριστοῦ,

162 5126 282 5195 μεθ’
311 5120 373 5180 οὐ
399 5125 479 5197 τῷ
505 5125 679 5198 Πατρὶ
712 5125 828 5196 ἃμα
847 5126 928 5197 τῷ
956 5126 1096 5198 ἁγίῳ
1125 5127 1404 5198 Πνεύματι
1430 5128 1559 5193 δόξα
1577 5170 1590 5194 ,
1622 5129 1844 5200 κράτος,

158 5207 318 5280 τιμή,
345 5207 441 5262 νῦν
464 5208 682 5275 ωὶάεὶ,
709 5209 806 5262 καὶ
822 5208 903 5272 είς
918 5210 1045 5273 τοὺς
1064 5208 1266 5274 αίῶνας
1283 5210 1392 5264 τῶν
1403 5209 1634 5267 αίώνων.
1646 5213 1701 5266 Ἀ
1711 5215 1840 5284 μήν.

783 5329 1030 5385 οΜιΛιΑ
1075 5329 1205 5385 ΜΘθ.

224 5429 415 5491 Αὖται
451 5433 519 5489 δὲ
560 5440 619 5491 al
671 5435 972 5560 γενέσεξέ
1012 5435 1210 5519 φησὶν,
1254 5437 1452 5491 Ἰσαὰκ
1493 5436 1600 5491 τοῦ
1639 5437 1774 5491 υἱοῦ

964 5523 1143 5560 οααιι.

959 5523 1143 5574 paup.

234 5614 306 5662 a'.
348 5608 516 5663 Πάλιν
547 5611 691 5680 ὑμᾶς
717 5611 810 5663 ἐπὶ
841 5610 940 5679 τὴν
971 5609 1178 5680 συνήθη
1211 5609 1492 5681 τράπεζαν
1549 5613 1847 5680 ἀναγαγεῖν

164 5691 469 5762 βούλομαι,
517 5693 611 5745 καὶ
658 5696 725 5747 ἐκ
771 5691 880 5746 τῶν
923 5694 1078 5763 παρά
1113 5691 1208 5746 τοῦ
1256 5693 1534 5756 Μωῦσέως
1587 5695 1849 5763 ῥημάτων

163 5771 264 5842 τὴν
299 5771 541 5825 ἐστίασιν
567 5773 696 5843 ὑμῖν
725 5773 1070 5842 παραθεῖναι,
1103 5773 1302 5844 μᾶλλον
1330 5773 1388 5826 δὲ
1420 5773 1526 5826 τῶν
1551 5775 1643 5828 τοῦ
1678 5775 1846 5828 Πνεύ-

231 5860 257 5925 ἒ
277 5856 402 5925 LX_X_
421 5858 554 5921 ἡμῖν,
581 5859 774 5925 εῌιλίῐιίη
796 5861 1118 5925 περιωετοΖ

224 5923 258 5966 δ
285 5922 550 5988 Διάξουσιν.
594 5921 678 5988 Si};
721 5921 1076 5988 reclelSavil.‘
1096 5922 1243 5974 Cois].
1287 5923 1526 5978 διάξωσιν.
1567 5921 1740 5974 Morel.
1792 5931 1846 5976 et

168 5985 339 6038 Ioull‘.
371 5983 611 6046 διάγωσιν.
638 5982 770 6034 Enn.

1247 387 1310 444 IN
1346 385 1500 444 CAP.
1546 381 1689 440 XXV
1752 377 1995 435 CENES.
2035 374 2271 434 HOMIL.
2313 374 2499 434 XLIX.

3411 372 3518 430 6M

1923 509 2112 562 ματος.
2167 491 2304 545 Οὐδέ
2329 492 2440 561 γάρ
2471 491 2564 559 ἀφ’
2619 487 2815 544 ἐαυτοῦ
2867 489 3110 560 Μωύσῆς
3165 487 3338 543 ταῦτα
3385 489 3516 558 ἡμῖν

1919 573 2152 638 ἐξέθετο,
2185 573 2301 626 ἀλλ’
2332 575 2437 628 ὑπὸ
2466 573 2562 627 τοῦ
2595 574 2751 644 ἀγίου
2781 574 3104 645 Πνεύματος
3129 571 3514 645 ἐνηχούμενος.

1923 659 2152 728 Ίδωμεν
2176 654 2271 712 οὖν
2305 657 2358 711 τί
2391 658 2487 712 καὶ
2526 659 2767 728 σήμερον
2803 659 2951 728 ήμᾶς
2979 656 3191 720 διδάξαι
3243 655 3515 724 βούλεται.

1921 741 2055 795 Οὐδὲ
2079 742 2190 812 γάρ
2221 741 2409 804 ἁπλῶς
2446 741 2568 794 οὑδέ
2623 741 2746 810 είκῆ
2770 741 2899 803 τοὺς
2951 739 3101 810 βίους
3152 740 3283 810 ημῖν
3305 737 3415 790 τῶν
3439 737 3519 790 δι⁴

1922 825 2092 879 καίων
2119 825 2412 890 ἐκτίθεται,
2437 824 2657 878 ἀλλ’ἵνα
2683 821 3018 894 ζηλώσωμεν
3039 821 3247 874 τούτων
3271 819 3370 890 τήν
3387 822 3515 891 ἀρε-

1921 912 2041 983 τὴν,
2070 914 2164 966 καὶ
2197 915 2433 983 μιμηταὶ
2488 912 2778 983 γενώμεθα
2809 912 2920 965 τῶν
2967 909 3195 972 ἐκείνοις
3219 909 3516 979 κατωρθω-

1926 997 2122 1067 μένων.
2161 996 2380 1068 Ἐπειδή
2429 997 2539 1067 γὰρ
2569 999 2702 1068 ήμῖν
2753 997 2821 1050 τὰ
2853 996 2996 1050 κατὰ
3041 996 3132 1049 τὸν
3171 995 3520 1064 πατριάρχην

1923 1082 2170 1154 ἀκριϐῶς
2227 1083 2653 1155 διηγησάμενος,
2715 1084 2812 1137 καὶ
2843 1083 2934 1136 τὸν
2993 1082 3306 1135 τελευταῖον
3351 1080 3520 1134 αὐτοῦ

1926 1160 2088 1248 άθλην
2115 1165 2211 1248 τὸν
2243 1166 2336 1248 ἐπί
2382 1167 2459 1248 τῇ,
2497 1164 2613 1248 τοῦ
2644 1163 2973 1248 μονογενοῦς
3026 1167 3249 1235 σφαγῇ,
3299 1163 3522 1248 διδάξας

1923 1246 2076 1318 ήμᾶς
2139 1247 2257 1311 πῶς
2299 1246 2366 1300 ἂν
2394 1247 2473 1316 τῷ
2506 1247 2627 1318 Θεῷ
2654 1247 2815 1300 αὐτὸν
2848 1247 3214 1317 καλλιέρημα,
3251 1248 3298 1299 εί
3322 1247 3417 1301 καὶ
3446 1248 3522 1317 μὴ

1925 1329 2072 1400 αὐτῷ
2106 1329 2272 1399 ἔργῳ,
2303 1330 2439 1383 ἀλλά
2471 1332 2538 1400 τῇ
2573 1330 2856 1402 προθυμίᾳ
2888 1330 3204 1402 εἰργάσατο,
3240 1329 3398 1392 τέλος
3423 1331 3525 1381 ἐπο

1925 1411 2120 1482 έθηκεν
2150 1411 2381 1475 ἐκείνοις
2410 1414 2526 1475 τοῖς
2547 1411 2872 1482 διηγήμασιθ
2896 1411 2990 1464 νῦν
3007 1414 3142 1481 ἡμῖν
3164 1411 3438 1464 ἐκτίθεται
3453 1410 3526 1463 τά

1924 1493 2065 1548 κατά
2085 1493 2178 1546 τὸν
2220 1492 2405 1546 Ἰσαὰκ
2442 1493 2534 1546 τὸν
2565 1493 2843 1562 σφαγέντα
2875 1494 2970 1547 καὶ
3001 1495 3074 1564 μὴ
3106 1494 3404 1562 σφαγένταο
3435 1494 3525 1544 αῖ-

1924 1576 2149 1645 νίγματι
2185 1576 2294 1646 γάρ
2326 1575 2469 1628 ἔοικε
2511 1575 2572 1629 τὸ
2607 1577 2850 1644 γεγονός.
2881 1577 3149 1629 Ἄκουσον
3173 1575 3283 1646 γὰρ
3307 1576 3524 1630 Παύλου

1924 1657 2415 1725 λέγοντοςοηίστει
2441 1658 2863 1726 προσενήνοχε
2893 1658 3001 1712 τὸν
3035 1658 3233 1712 Ἰσαὰκ
3268 1656 3526 1728 Ἀϐραὰμ

1925 1739 2361 1807 πειραζόμενος·
2396 1740 2495 1792 καί
2521 1739 2938 1808 τὸνμονογενῆ
2972 1739 3349 1806 προσέφερεν
3368 1741 3399 1792 ὀ
3417 1738 3526 1804 τὰς

1925 1822 2285 1890 ἐπαγγελίας
2316 1819 2782 1890 ἀναδεξάμενος.
2805 1817 2940 1875 Εῐτα
2963 1821 3049 1873 ῖνα
3081 1819 3344 1890 μάθωμεν
3365 1821 3526 1891 ἀκρι-

1926 1904 2056 1967 ϐῶς,
2085 1905 2201 1967 πῶς
2234 1904 2415 1957 πίστει
2448 1905 2624 1957 ταῦτα
2647 1903 2825 1956 πάντα
2847 1903 3222 1972 διεπράττετο,
3247 1903 3339 1956 καὶ
3369 1906 3527 1957 ἐνανο

1927 1986 2017 2039 τία
2033 1989 2098 2056 τῇ
2132 1985 2422 2054 ὑποσχέσει
2449 1985 2592 2056 δρῶν
2611 1987 2678 2039 τά
2710 1983 2804 2038 ὑπ’
2832 1984 2995 2038 αὐτοῦ
3021 1983 3271 2052 γίνεσθαι
3306 1984 3527 2038 κελευό-

1927 2085 2087 2139 μενα,
2123 2069 2222 2121 οὐκ
2254 2069 2599 2140 ἐταράττετο,
2635 2068 2821 2139 φησίν·
2859 2069 3038 2120 Ὅθεν
3071 2066 3262 2121 αὑτὸν
3302 2067 3401 2120 καὶ
3455 2067 3528 2120 ἐν

1927 2150 2240 2220 παραϐολῇ
2263 2151 2606 2219 ἐκομίσατο.
2634 2153 2699 2203 Τί
2727 2153 2896 2212 ἐστιν,
2941 2152 3042 2203 Ἐν
3062 2149 3380 2219 παραϐολῇ
3394 2151 3528 2204 ἐκοο

1923 2237 2180 2304 μίσατο;
2200 2234 2420 2305 Ἐπειδὴ
2453 2235 2561 2306 γὰρ
2595 2234 2757 2288 αὐτὸν
2778 2236 2856 2296 είς
2891 2232 3082 2286 θυσίαν
3108 2233 3401 2303 ἀνήνεγκε,
3431 2233 3528 2287 καὶ

1929 2317 2346 2386 ἀπηρτισμένην
2375 2319 2474 2386 τὴν
2517 2315 2745 2386 γνώμην
2780 2315 3114 2378 ἐπεδείξατο,
3160 2314 3322 2378 αὐτός
3343 2331 3407 2383 γε
3431 2314 3528 2368 τον
3641 2331 3644 2336 ·

1931 2399 2191 2467 στέφανον
2241 2398 2562 2468 ἀνεδήσατο,
2606 2401 2694 2451 καῖ
2726 2398 2817 2450 τὸν
2851 2397 3016 2451 παῖδα
3058 2395 3240 2449 λαϐὼν
3271 2396 3523 2468 ἐπανῄει,

1931 2483 2024 2534 καὶ
2056 2484 2088 2552 ὴ
2115 2481 2278 2534 θυσία
2313 2480 2400 2534 διὰ
2421 2481 2697 2551 προϐάτου
2729 2479 3055 2550 ἐπληροῦτο,
3086 2479 3177 2533 καὶ
3201 2479 3415 2533 ἐδείκνυ
3438 2478 3530 2535 διὰ

1932 2565 2148 2618 πάντων
2182 2563 2210 2615 6
2242 2563 2350 2616 τῶν
2383 2564 2518 2616 ὅλων
2549 2563 2681 2626 Θεὸς
2712 2562 2812 2630 τῆς
2871 2561 3078 2625 οἰκείας
3113 2561 3530 2632 φιλανθρωπίας

1930 2646 2028 2717 τὴν
2053 2645 2380 2717 ὑπερϐολὴν,
2409 2646 2500 2698 καὶ
2528 2645 2610 2697 ὅτι
2659 2645 2719 2697 οὐ
2754 2645 3029 2716 σφαγῆναι
3055 2643 3146 2696 τὸν
3188 2643 3375 2698 Ἰσαάκ
3404 2643 3530 2714 βου-

1931 2729 2157 2816 λόμενος
2195 2729 2354 2816 τοῦτο
2381 2730 2696 2816 ἐπέταττει,
2715 2728 2966 2816 magna
2993 2728 3204 2816 δικαίου
3233 2727 3532 2816 γυμνάζων

1930 2813 2028 2884 τὴν
2065 2813 2334 2882 ὑπακοήν.
2407 2813 2547 2864 Ἀλλ’
2581 2810 2772 2883 ῶσπερ
2806 2812 3019 2881 εῖδομεν
3054 2812 3147 2866 τοῦ
3184 2810 3531 2883 πατριάρχου

1932 2897 2028 2966 τήν
2055 2897 2257 2967 ἀρετὴν
2282 2896 2370 2949 διὰ
2401 2896 2618 2948 πάντων
2648 2896 2995 2963 λάμπουσαν,
3016 2895 3150 2966 φέρε
3177 2896 3273 2949 καὶ
3293 2894 3361 2948 τά
3387 2894 3534 2950 κατά

1932 2977 2222 3030 τὺνΊσαάκ
2241 2979 2481 3048 σήμερον
2511 2979 2592 3041 είς
2625 2978 2789 3047 μέσον
2821 2977 3137 3046 προθέντες,
3164 2977 3365 3047 ῖδωμεν
3382 2977 3532 3041 ὅπως

1933 3059 2028 3112 καὶ
2056 3059 2219 3121 αὐτὸς
2243 3058 2302 3110 τὸ
2320 3059 2566 3126 φιλόθεον
2592 3058 2756 3111 αὐτοῦ
2799 3062 2900 3130 τῆς
2926 3059 3153 3129 γνώμης
3187 3058 3279 3110 διά
3312 3059 3532 3112 πάντων

1934 3141 2321 3196 ἐπιδείκνυται.
2359 3140 2542 3205 ’Ἄξιον
2563 3142 2620 3194 δὲ
2652 3143 2744 3194 καὶ
2773 3143 2952 3194 αὐτῶν
2976 3141 3284 3195 ἐπακοῦσαι
3313 3141 3534 3212 τῶνςῆς

1935 3224 2158 3296 Γραφῆς
2172 3227 2237 3296 ρη
2248 3226 2451 3294 μάτων.
2469 3221 2654 3281 Αὗται
2666 3224 2734 3278 δὲ
2749 3227 2809 3279 al
2819 3224 3108 3294 γενέσεις,
3123 3225 3308 3295 φησὶν,
3326 3225 3535 3278 Ἰσαὰκ

1936 3307 2042 3361 τοῦ
2075 3307 2208 3361 υίοῦ
2251 3307 2527 3376 Ἀϐραάμ.
2549 3309 2794 3376 Ἀϐραὰμ
2825 3308 3122 3378 ἐγέννησε
3150 3306 3257 3360 τὸν
3309 3305 3531 3361 Ἰσαάκ.

1935 3387 2047 3444 Ἦν
2068 3389 2136 3442 δὲ
2177 3390 2382 3444 Ἰσαὰκ
2404 3389 2553 3442 ἐτῶν
2575 3389 3045 3458 τεσσαράκοντα,
3062 3389 3162 3443 ὅτε
3183 3391 3365 3442 ἔλαϐε
3397 3389 3528 3443 Ῥε-

1937 3471 2162 3525 ϐέκκαν
2193 3472 2485 3541 θυγατέρα
2529 3471 2812 3539 Βαθουὴλ
2837 3471 2943 3524 τοῦ
2967 3472 3164 3538 Σύρου
3192 3472 3260 3525 ἐκ
3287 3471 3398 3540 τῆς
3420 3474 3536 3526 Με-

1936 3557 2331 3625 σοποταμίας,
2352 3555 2504 3627 [492]
2551 3555 2832 3626 ἀδελφὴν
2856 3555 2924 3608 δὲ
2946 3555 3151 3609 Λάϐαν
3176 3555 3284 3610 τοῦ
3312 3557 3531 3625 Σύρου,

1936 3640 2127 3706 ἐαυτῷ
2153 3642 2238 3705 είς
2268 3639 2543 3709 γυναῖκα.

1999 3722 2209 3775 ’Σκόπει
2265 3739 2380 3792 μοι,
2435 3723 2723 3792 ἀγαπητὴ
2781 3722 2880 3792 τῆς
2941 3720 3090 3784 θείας
3149 3721 3373 3792 Γραφῆς
3432 3721 3538 3793 τὴν

1937 3805 2266 3877 ἀκρίϐειαν,
2330 3805 2478 3868 ὅπως
2533 3805 2685 3859 οὐδὲν
2758 3807 3056 3878 παρέργως
3109 3807 3310 3882 τίθησι.
3375 3805 3537 3868 Τίνος

1939 3888 2049 3958 γὰρ
2105 3886 2290 3940 ἕνεκεν
2350 3889 2482 3958 ήμῖν
2541 3887 2632 3940 τὸν
2684 3887 2876 3959 χρόνον
2937 3888 3032 3942 τοῦ
3094 3890 3284 3942 Ὶσαάκ
3342 3888 3536 3957 ἐπιση-

1944 3972 2216 4044 μαίνεται,
2240 3970 2332 4024 καί
2367 3966 2668 4041 φησιν,Ἦν
2704 3971 2773 4025 δὲ
2804 3972 3002 4026 Ἰσαὰκ
3039 3969 3191 4025 ἐτῶν
3235 3970 3536 4040 τεσσαρά-

1939 4070 2144 4117 κοντα,
2173 4053 2270 4106 ὅτε
2297 4054 2475 4108 ἔλαϐε
2495 4051 2609 4120 τὴν
2648 4053 3010 4119 Ῥεϐέκκαν;
3045 4054 3157 4122 Οὐχ
3189 4053 3394 4117 ἁπλῶς,
3412 4053 3534 4105 οὐδὲ

1940 4137 2086 4207 είκῆο
2119 4135 2236 4190 ἀλλ’
2269 4136 2456 4206 ἐπειδὴ
2508 4136 2690 4206 μέλλει
2725 4138 2865 4207 μετά
2889 4137 3064 4191 ταῦτα
3094 4137 3193 4207 τῆς
3237 4137 3536 4200 Ῥεϐέκκας

1940 4223 2073 4292 ἡμῖν
2094 4220 2400 4291 διηγεῖσθαι
2432 4221 2532 4292 τὴν
2572 4221 2880 4292 στείρωσιν,
2922 4223 3017 4274 καὶ
3062 4223 3144 4274 ὅτι
3168 4220 3229 4285 ἐξ
3249 4221 3414 4291 εὐχῆς
3439 4220 3536 4274 τοῦ

1941 4303 2152 4358 δικαίου
2181 4302 2248 4356 τά
2274 4303 2374 4373 τῆς
2407 4303 2749 4367 παιδοποιίας
2775 4304 2910 4375 αὐτῇ
2936 4304 3149 4371 γέγονε,
3182 4303 3430 4374 βούλεται
3456 4303 3538 4357 δι·-

1943 4383 2100 4449 δάξαι
2121 4386 2268 4456 ἡμᾶς
2299 4385 2359 4438 τὸ
2395 4384 2626 4456 μέγεθος
2651 4385 2752 4456 τῆς
2773 4387 3053 4457 ὑπομονῆς
3075 4386 3169 4438 τοῦ
3204 4387 3410 4452 Ἰσαὰκ,
3441 4386 3539 4440 καὶ

1946 4470 2184 4540 σημᾶναι
2213 4468 2304 4521 τὸν
2333 4469 2526 4539 χρόνον
2573 4469 2839 4539 ἀκριϐῶς,
2869 4471 2993 4522 ὅσον
3023 4471 3082 4522 ἐν
3116 4469 3346 4542 ἀπαιδία
3379 4470 3540 4539 γέγο-

1946 4568 2054 4604 νεν·
2074 4551 2160 4604 ἵνα
2188 4549 2282 4603 καὶ
2308 4552 2466 4620 ἡμεῖς
2499 4549 2788 4622 ζηλοῦντες
2819 4552 2912 4606 τὸν
2933 4551 3162 4616 δίκαιον,
3190 4553 3334 4606 οὑτω
3364 4570 3541 4625 προσ-

1944 4633 2251 4706 εδρεύωμεν
2297 4637 2414 4695 ταῖς
2452 4634 2586 4702 πρὸς
2615 4634 2706 4686 τὸν
2736 4634 2867 4688 Θεὸν
2895 4634 3148 4700 ἱκεσίαις,
3183 4635 3404 4690 ἐπειδὰν
3451 4636 3540 4689 αἰ·

1943 4715 2127 4787 τῶμέν
2156 4732 2208 4767 τι
2239 4717 2369 4786 παρ’
2398 4714 2585 4768 αὐτοῦ.
2618 4717 2679 4769 Εἰ
2713 4717 2823 4788 γὰρ
2862 4719 2891 4769 6
2929 4717 3137 4782 δίκαιος
3165 4712 3321 4782 οὗτος
3348 4719 3542 4791 ἐνάρε-

1944 4815 2035 4862 τος
2063 4797 2140 4851 ὢν
2159 4838 2172 4861 ,
2203 4798 2299 4850 καὶ
2349 4797 2620 4868 τοσαύτης
2653 4800 2866 4864 εὐνοίας
2917 4799 3212 4854 ἀπολαύων
3258 4800 3409 4874 παρά
3440 4802 3542 4856 τοῦ

1944 4881 2104 4948 Θεοῦ,
2132 4880 2402 4952 τοσαύτην
2426 4883 2772 4938 ἐπεδείκνυτο
2787 4884 3022 4956 σπουδήν
3044 4885 3138 4938 καὶ
3159 4885 3424 4951 εὐτονίαν,
3444 4885 3538 4941 τὸν

1945 4965 2078 5018 Θεὸν
2102 4963 2365 5036 διηνεκῶς
2394 4965 2747 5036 παρακαλῶν,
2774 4965 2916 5020 ῶστε
2935 4965 3093 5020 λῦσαι
3116 4967 3214 5038 τῆς
3241 4967 3538 5032 Ῥεϐέκκας

1947 5046 2046 5119 τήν
2073 5048 2378 5118 στείρωσιν,
2419 5047 2473 5100 τί
2510 5046 2576 5102 ἀν
2609 5048 2861 5119 εἴποιμεν
2901 5050 3062 5120 ἡμεῖς
3080 5050 3129 5102 οἱ
3149 5048 3386 5104 τοσαῦτα
3408 5067 3544 5122 φορ-

1946 5132 2039 5186 τία
2087 5131 2502 5202 ἁμαρτημάτων
2534 5131 2750 5204 ἔχοντες
2790 5131 3133 5203 ἐπικείμενα,
3169 5133 3264 5187 καὶ
3312 5134 3450 5204 μηδὲ
3481 5132 3543 5190 τὸ

1949 5213 2242 5268 πολλοστὸν
2273 5213 2367 5266 τοῦ
2397 5213 2608 5268 δικαίου
2638 5215 2831 5268 τούτου
2865 5215 3033 5287 μέρος
3081 5216 3543 5287 ἐπιδεικνύμενοι,

1947 5297 2083 5351 ἀλλά
2103 5296 2204 5351 κάν
2231 5297 2366 5367 πρὸς
2380 5295 2559 5366 ὀλίγον
2581 5297 2818 5369 σπουδήν
2838 5315 2960 5351 τινα
2981 5296 3397 5370 ἐπιὰιξὼμεθα,
3414 5317 3546 5372 ναρ-

1948 5378 2154 5442 κῶντες
2181 5379 2276 5434 καὶ
2301 5379 2708 5450 ἀποπηδῶντες,
2739 5383 2788 5435 εί
2819 5382 2893 5452 μὴ
2920 5381 3114 5436 θᾶττον
3140 5381 3544 5454 είσακουσθείη-

1952 5478 2079 5533 μεν;
2100 5461 2199 5515 Διά
2237 5461 2418 5526 τοῦτο,
2451 5463 2756 5535 παρακαλῶ
2774 5505 2789 5529 ,
2814 5466 2879 5519 ἐκ
2915 5465 3023 5519 τῶν
3048 5464 3129 5536 τῷ
3155 5464 3347 5535 δικαίῳ
3369 5466 3546 5537 τούτῳ

1952 5544 2278 5615 συμϐάντων
2321 5545 2702 5618 παιδευόμενοι
2726 5587 2742 5612 ,
2781 5547 3055 5618 μηδέποτε
3093 5547 3399 5618 Μυὼμεθα
3450 5548 3546 5604 τδν

1951 5626 2083 5680 Θεὸν
2111 5627 2556 5699 παρακαλοῦντες
2583 5629 2725 5700 ὑπὲρ
2751 5631 2849 5701 τῆς
2886 5631 3287 5702 συγχωρήσεως
3327 5630 3437 5685 τῶν
3467 5633 3544 5683 οἱα

1952 5709 2114 5763 κείων
2137 5709 2645 5783 πλημμελημάτων,
2668 5712 2804 5768 ἀλλά
2825 5713 3034 5785 θερμὴν
3055 5714 3150 5766 καὶ
3174 5712 3400 5776 ζέουσαν
3419 5729 3549 5785 προ-

1958 5792 2159 5862 θυμίαν
2208 5793 2693 5868 ἐπιδεικνυὼμεθα,
2731 5797 2822 5850 καὶ
2869 5797 2942 5868 μὴ
2973 5796 3353 5866 ἀσχάλλωμεν,
3407 5796 3547 5867 μηδὲ

1953 5875 2301 5948 ὀκνηρότεραι
2330 5875 2694 5948 γινώμεθα,εί
2716 5879 2790 5949 μὴ
2812 5879 3004 5932 θᾶττον
3033 5877 3542 5950 είσακουσθείημεν.

1957 5959 2119 6023 Ἴσως
2135 5961 2263 6033 γὰρ,
2294 5959 2424 6025 ἴσως
2453 5960 2807 6035 σοφιζόμενος
2826 5961 2982 6034 ήμῶν
2999 5962 3098 6035 τὴν
3119 5962 3339 6034 διηνεκῆ
3367 5978 3536 6036 προσ-
