4060 6432
650 363 762 423 “5

645 476 830 550 ιδρίαν
886 473 917 528 6
961 471 1253 542 Δεσπότης,
1288 471 1717 538 amomum,
1775 469 2092 541 βουλόμενος
2120 465 2216 550 καὶ

762 556 1038 627 ὑπομονῆς·
1063 554 1208 623 ἡμᾶς
1254 552 1576 622 κομίσασθαι
1604 557 1698 608 τὸν
1753 552 1964 624 μισθὸν,
1996 551 2091 604 καὶ
2126 547 2216 600 τὸν

645 639 836 710 καιρὸν
869 635 1041 698 είδὼς,
1068 635 1184 687 καθ’
1198 633 1256 686 δν
1277 633 1550 698 λυσιτελές
1579 637 1726 687 ἐστιν
1761 635 1892 704 ἡμῖν
1923 631 2030 685 τῶν
2054 646 2218 710 amv-

645 708 950 790 δαζομένων
970 717 1261 784 ἐπιτυχεῖν.
1295 716 1426 768 Οὐδὲ
1447 718 1556 787 7&9
1586 715 1758 778 οὓτως
1783 716 1944 784 ἡμεῖς
1975 712 2131 782 ῖσμεν
2156 708 2217 762 τὸ

646 800 919 870 συμφέρον
952 799 1180 858 ἑαυτοῖς,
1213 797 1287 858 ὡς
1309 796 1469 860 αὐτὸς
1492 798 1732 868 ἀκριϐῶς
1757 797 2059 856 ἐπίσταται,
2092 795 2121 844 6
2147 790 2219 843 τὰ

646 882 928 952 ἀπόρρητα
961 876 1060 945 τῆς
1110 875 1346 940 διανοίας
1394 879 1624 932 ἐκάστου
1675 877 2058 945 ἐπιστάμενος.
2082 871 2159 924 Δι’
2188 870 2217 923 6

645 966 909 1035 προσήκει
936 963 1099 1034 μηδὲν
1138 964 1590 1036 περιεργάζεσθαι
1620 964 1714 1018 καὶ
1743 958 2217 1030 πολυπραγμονεῖν

645 1049 751 1100 τῶν
779 1046 930 1117 παρά
953 1045 1045 1098 τοῦ
1074 1045 1208 1098 Θεοῦ
1239 1046 1560 1115 γινομένων,
1607 1044 1742 1099 ἀλλὰ
1771 1043 1970 1114 πολλὴν
1999 1043 2098 1112 τὴν
2127 1040 2220 1093 εὑ-

641 1127 998 1198 γνωμοσύνην
1027 1125 1452 1189 ἐπιδείκνυσθαι,
1511 1128 1606 1179 καὶ
1659 1126 1959 1195 θαυμάζειν
2004 1122 2112 1176 τῶν
2139 1121 2218 1175 δι-

645 1210 817 1262 καίων
840 1210 936 1271 τὰς
955 1207 1175 1276 ἀρετάς.
1237 1208 1448 1276 Ἐπειδὴ
1498 1206 1605 1277 γὰρ
1663 1203 1813 1260 εἶπεν
1861 1203 2057 1276 ἡμῖθή
2100 1203 2219 1256 θεία

647 1290 854 1361 Γραφὴ,
884 1291 1025 1342 ὅσων
1046 1289 1182 1342 ἐτῶν
1207 1285 1275 1359 ἧν
1310 1288 1512 1352 Ἰσαὰκ,
1548 1288 1811 1356 λέγεικαὶ
1841 1285 1968 1356 περὶ
1999 1283 2218 1337 Ῥεϐέκ-

645 1388 747 1435 κας
769 1373 867 1442 τῆς
892 1371 1144 1440 γυναικὸς
1173 1370 1337 1423 αὐτοῦ
1365 1410 1377 1430 .
1409 1371 1489 1423 ὅτι
1523 1372 1709 1440 στεῖρα
1739 1365 1828 1436 ἧν.
1856 1367 1964 1421 Θέα
1992 1382 2079 1436 μοι
2123 1365 2216 1418 τοῦ

644 1455 851 1508 δικαίου
896 1455 956 1506 τὸ
1005 1453 1268 1520 φιλόθεον.
1307 1452 1524 1522 Ἐπειδὴ
1573 1452 1681 1521 7&9
1720 1447 1825 1504 εἶδε
1876 1448 2218 1520 χωλεύουσαν

644 1535 741 1605 τὴν
765 1535 944 1603 φύσιν,
989 1534 1080 1587 ἐπὶ
1117 1534 1207 1588 τὸν
1263 1534 1361 1603 τῆς
1399 1533 1608 1601 φύσεως
1639 1531 1963 1603 δημιουργὸν
1996 1530 2215 1599 έδραμε,

645 1619 740 1670 καὶ
775 1617 842 1669 τὰ
865 1617 1035 1687 δεσμὰ
1066 1617 1163 1686 τῆς
1194 1617 1406 1684 φύσεως
1433 1615 1519 1668 διά
1551 1613 1649 1682 τῆς
1675 1614 1839 1684 εὑχης
1883 1612 2026 1664 λύειν
2061 1611 2214 1680 ὴπεί-

645 1715 790 1766 γετο.
832 1698 1053 1752 Ἐδέετο
1077 1699 1207 1765 γὰρ,
1264 1696 1454 1764 φησὶν,
1496 1696 1699 1749 Ἰσαὰκ
1738 1694 1868 1762 περὶ
1915 1693 2219 1756 Ῥεϐέκκας

646 1779 754 1846 τῆς
786 1780 1065 1848 γυναικὸς
1086 1777 1270 1830 αὐτοῦ
1296 1777 1384 1830 ὅτι
1403 1777 1606 1845 στεῖρα
1633 1773 1729 1845 ἦν.
1768 1776 1864 1832 Ἐν
1894 1774 2049 1827 τοῦτο
2079 1773 2220 1845 πρῶ-

645 1877 736 1913 τον
762 1861 911 1924 ἄξιον
944 1859 1194 1934 ζητῆσαι,
1212 1859 1354 1921 τίνος
1378 1860 1583 1924 ἕνεκεν,
1599 1858 1713 1928 βίου
1748 1854 1881 1910 οὖσα
1903 1855 2217 1926 Θαυμαστοῦ

646 1941 741 1993 καὶ
777 1941 934 2010 αὑτὴ,
969 1941 1062 1993 καὶ
1085 1943 1112 1992 6
1139 1941 1275 2011 ἀνὴρ
1297 1941 1484 2009 αὐτῆς,
1518 1941 1610 1992 καὶ
1637 1938 1837 2008 πολλῆς
1869 1939 1964 2008 τῆς
2010 1953 2220 2008 σωφρο-

649 2024 812 2093 σύνης
841 2023 1136 2093 ἀμφότεροι
1166 2022 1608 2092 ἐπιμελούμενοι,
1641 2024 1824 2090 στεῖρα
1844 2016 1911 2089 ἦν
1935 2037 1950 2086 ;
1979 2019 2220 2088 Οὐκέχο·

649 2123 749 2176 μεν
773 2104 1122 2157 ἐπιλαϐέσθαι
1150 2103 1328 2156 αὐτῶν
1354 2105 1453 2172 τῆς
1486 2103 1652 2172 ζωῆς,
1685 2103 1777 2155 καὶ
1801 2103 1994 2165 εἰπεῖν,
2012 2100 2219 2152 ὅτιτῶν

646 2185 925 2256 ἁμαρτιῶν
946 2181 1013 2255 ἦν
1045 2184 1203 2255 ἔργον
1235 2186 1267 2253 ἡ
1303 2185 1585 2253 στείρωσις
1616 2197 1663 2237 α.
1692 2185 1800 2236 Kal
1837 2185 1922 2236 ἵνα
1957 2181 2133 2253 μάθῃς
2159 2181 2219 2233 τὸ

645 2268 970 2337 θαυμαστὸν,
999 2267 1079 2318 ὅτι
1111 2267 1211 2318 οὐκ
1237 2265 1370 2335 αὑτὴ
1396 2266 1552 2334 μόνον
1585 2269 1768 2335 στεῖρα
1797 2261 1884 2334 ἦν,
1919 2264 2053 2317 άλλά
2072 2265 2164 2316 καὶ
2185 2265 2218 2332 ἡ

651 2351 836 2419 μήτηρ
868 2347 961 2400 τοῦ
988 2346 1194 2400 δικαίου
1228 2348 1261 2416 ἡ
1288 2347 1492 2417 Σάρρα·
1523 2349 1614 2400 καὶ
1641 2348 1737 2416 οὐχ
1773 2348 1805 2416 ἡ
1842 2346 2025 2416 μήτηρ
2052 2345 2108 2398 δέ
2133 2346 2221 2398 αὑ-

646 2430 739 2484 τοῦ
766 2430 944 2500 μόνον,
987 2428 1118 2483 ἀλλὰ
1151 2431 1244 2484 καὶ
1275 2432 1307 2496 ἡ
1345 2430 1551 2500 νύμφη,
1581 2429 1672 2482 τοῦ
1724 2428 1970 2500 Ἰακὼὸή
2000 2427 2155 2498 γυνὴ,
2184 2430 2217 2498 ὴ

656 2513 856 2583 Ῥαχὴλ
880 2512 1038 2580 λέγω.
1090 2512 1154 2564 Τί
1191 2511 1437 2582 βούλεται
1462 2512 1569 2564 τῶν
1599 2511 1823 2582 στειρῶν
1855 2510 2058 2564 τούτων
2085 2512 2113 2563 6
2133 2528 2217 2579 χοι

647 2600 771 2668 ρός;
799 2596 1002 2656 Πάντες
1034 2593 1264 2656 δίκαιοι,
1318 2594 1517 2656 πάντες
1573 2593 1832 2664 ἐνάρετοι.
1892 2595 2090 2655 πάντες
2120 2593 2222 2645 ὑπὸ

646 2678 780 2730 Θεοῦ
811 2676 1261 2747 μαρτυρούμενοι.
1306 2677 1442 2746 Περὶ⁵
1473 2676 1579 2746 γὰρ
1608 2677 1783 2730 αὐτῶν
1831 2675 1984 2748 [495]
2004 2676 2217 2746 ἔλεγεν·

659 2759 798 2828 Ἐγώ
823 2761 936 2826 ειμι
961 2761 992 2811 d
1021 2758 1163 2822 Θεὸς
1203 2759 1468 2825 Ἀϐραὰμ,
1503 2760 1597 2810 καὶ
1631 2763 1662 2811 ό
1694 2759 1834 2823 Θεδς
1869 2757 2092 2821 Ἰσαὰκ,
2123 2758 2221 2811 καὶ

648 2841 680 2892 ὀ
706 2838 848 2904 Θεὸς
877 2838 1087 2892 Ἰακώϐ.
1118 2839 1226 2891 Kal
1258 2840 1284 2891 6
1308 2840 1570 2909 μακάριος
1592 2840 1646 2891 δὲ
1674 2839 1880 2901 Παῦλος
1901 2857 2052 2909 φησι·
2080 2842 2160 2893 Δι’
2188 2840 2219 2893 ὃ

646 2925 756 2975 οὐκ
776 2922 1202 2988 ἐπαισχύνεται
1235 2923 1267 2974 ό
1298 2921 1460 2987 Θεὸς,
1497 2920 1641 2987 Θεὸς
1676 2921 2087 2976 ἐπικαλεῖσθαι
2117 2926 2221 2977 αὑ-

645 3003 781 3056 τῶν.
837 3003 1012 3056 Πολλά
1046 3003 1223 3057 αὐτῶν
1243 3003 1310 3056 τὰ
1341 3003 1590 3074 ἐγκώμια
1624 3006 1680 3057 ἐν
1715 3008 1780 3076 τῇ
1808 3007 2004 3076 Καινῇ,
2040 3005 2222 3058 πολλοὶ

647 3088 694 3137 οί
739 3085 947 3138 ἔπαινοι
973 3087 1030 3137 ἐν
1079 3086 1144 3153 τῇ
1191 3085 1419 3155 Παλαιᾷ.
1459 3087 1799 3155 Πανταχόθεν
1848 3087 2090 3158 λαμπροὶ
2128 3088 2223 3140 καὶ

647 3167 924 3236 ἐπίσημοι,
946 3166 1039 3218 καὶ
1071 3166 1271 3228 πάντες
1307 3167 1523 3238 στείρας
1547 3168 1704 3236 ἔσχον
1727 3171 2012 3235 γυναῖκας,
2048 3170 2141 3222 καὶ
2165 3171 2222 3221 ἐν

646 3249 874 3320 ἀπαιδία
899 3245 1038 3319 ἦσαν
1071 3249 1230 3318 μέχρι
1259 3249 1452 3301 πολλοῦ
1476 3250 1567 3302 τοῦ
1599 3251 1810 3320 χρόνου.

719 3350 783 3419 β’.
823 3349 988 3404 Ὅταν
1006 3345 1095 3401 οὖν
1116 3350 1228 3419 ίδῃς
1258 3349 1423 3419 ἄνδρα
1441 3351 1533 3403 καὶ
1552 3356 1782 3418 γυναῖκα
1812 3354 1869 3405 ἐν
1892 3354 2059 3423 ἀρετῇ
2082 3352 2219 3415 ζῶν-

645 3451 764 3498 τας,
786 3431 880 3486 καὶ
911 3432 967 3483 ἐν
995 3431 1218 3502 ἀπαιδίᾳ
1247 3434 1632 3501 τυγχάνοντας·
1663 3435 1788 3487 ὅταν
1810 3435 1922 3505 ἴδῃς
1951 3435 2220 3498 Θεοσεϐεῖς

647 3517 804 3577 ὄντας
828 3555 842 3580 ,
878 3515 972 3566 καὶ
1027 3513 1305 3576 εὐλαϐείας
1340 3516 1794 3584 ἐπιμελομένους,
1847 3517 2108 3579 ἄπαιδας,
2147 3517 2220 3588 μὴ

647 3593 875 3664 νομίσῃς
907 3591 1184 3662 ἁμαρτιῶν
1218 3589 1355 3644 εἶναι
1403 3593 1558 3662 ἔργα.
1607 3594 1794 3646 Πολλοὶ
1826 3594 1933 3664 γὰρ
1965 3595 2055 3647 τοῦ
2086 3595 2219 3649 Θεοῦ

646 3676 746 3744 τῆς
774 3674 1082 3742 οἰκονομίας
1101 3675 1148 3726 οί
1164 3673 1306 3741 λόγοι
1337 3674 1430 3725 καὶ
1461 3676 1589 3744 ἡμῖν
1620 3676 1936 3746 ἀπόρρητοι,
1971 3678 2219 3748 καίὐπὲρ

648 3757 864 3808 πάντων
892 3755 1228 3824 εὐχαριστεῖν
1254 3754 1351 3821 δεῖ,
1387 3757 1482 3808 καὶ
1515 3756 1705 3826 μόνους
1741 3758 1979 3822 ἐκείνους
2005 3759 2220 3811 ταλανίο

649 3837 761 3900 ζειν
783 3838 905 3898 τοὺς
923 3840 979 3889 ἐν
1000 3836 1166 3905 κακίᾳ
1195 3836 1423 3900 ζῶντας,
1458 3839 1519 3889 οὐ
1558 3841 1682 3901 τοὺς
1718 3839 1900 3892 παιδία
1931 3839 2004 3909 μὴ
2032 3856 2222 3909 κεκτη-

652 3920 862 3990 μένους.
914 3918 1090 3971 Πολλά
1131 3918 1240 3989 γὰρ
1275 3919 1531 3982 πολλάκις
1561 3924 1620 3974 6:
1643 3921 1775 3983 Θεὸς
1837 3923 2218 3992 συμφερόντως

649 4003 939 4070 οἰκονομεῖ,
968 4002 1127 4070 ἡμεῖς
1157 4002 1212 4054 δὲ
1239 4003 1336 4071 τὴν
1368 4001 1543 4055 αίτίαν
1570 4002 1676 4055 τῶν
1711 4003 2089 4072 γεγενημένων
2122 4005 2220 4055 οὑκ

653 4082 826 4152 ἴσμεν.
859 4081 957 4134 Διά
983 4080 1141 4134 τοῦτο
1180 4085 1452 4153 πανταχοῦ
1488 4085 1782 4154 θαυμάζειν
1811 4085 1975 4137 αὑτοῦ
2005 4085 2102 4155 τὴν
2130 4103 2219 4138 σο-

652 4165 778 4231 φίαν
809 4164 933 4232 χρὴ,
967 4163 1062 4215 καὶ
1091 4163 1331 4228 δοξάζειν
1364 4166 1526 4218 αὐτοῦ
1549 4167 1650 4236 τὴν
1685 4167 2094 4237 φιλανθρωπίαν
2120 4169 2219 4239 τὴν

651 4247 872 4314 ἄφατον.
913 4245 1069 4298 Ἀλλά
1087 4245 1258 4299 ταῦτα
1284 4247 1382 4317 μὲν
1417 4249 1550 4317 πρὸς
1569 4249 1833 4316 ὠφέλειαν
1855 4251 1987 4318 ημῖν
2009 4251 2215 4320 εἴρηται

649 4329 746 4398 τὴν
784 4327 1074 4398 ὑμετέραν,
1107 4329 1247 4382 ὥστε
1283 4331 1484 4400 πολλὴν,
1513 4333 1610 4402 τὴν
1637 4330 2051 4403 εὐγνώμοσύνην
2101 4334 2218 4385 ἐπι-

649 4410 976 4475 δείκνυσθαι,
1011 4411 1103 4462 καὶ
1130 4412 1204 4482 μὴ
1229 4413 1687 4482 περιεργάζεσθαι
1724 4413 1818 4466 τοῦ
1850 4415 1983 4467 Θεοῦ
2013 4416 2111 4478 τὰς
2140 4419 2218 4470 οί-

651 4494 924 4562 κονομίας·
964 4493 1044 4545 δεῖ
1083 4493 1139 4546 δέ
1187 4495 1281 4547 καὶ
1323 4494 1420 4559 τὴν
1463 4495 1639 4548 αἰτίαν
1669 4499 1860 4559 εἰπεῖν,
1890 4498 1955 4549 δι’
1986 4500 2050 4568 ἢν
2077 4495 2217 4570 ἦσαν

652 4577 853 4627 ἐκεῖναι
890 4579 1096 4644 στεῖραι
1136 4579 1188 4627 al
1221 4580 1495 4642 γυναῖκες.
1543 4577 1638 4640 Τίς
1662 4575 1752 4630 οῦν
1777 4581 1922 4631 ἐστιν
1951 4583 1982 4650 ἡ
2027 4584 2172 4637 αἰτία
2199 4602 2214 4647 ;

655 4656 793 4718 Ἵνα,
821 4657 947 4708 ὅταν
980 4658 1090 4726 ἴδῃς
1133 4657 1229 4725 τὴν
1281 4658 1548 4727 Παρθένον
1606 4659 1891 4712 τίκτουσαν
1924 4663 2012 4714 τὸν
2041 4668 2216 4718 κοινὸν

653 4737 807 4806 ἡμῶν
839 4738 1132 4806 Δεσπότην,
1168 4737 1242 4807 μὴ
1293 4741 1616 4811 ἀπιστήσῃς,
1666 4741 1940 4810 Γύμνασόν
1994 4761 2084 4797 σου
2133 4749 2218 4801 ἐν-

651 4817 825 4871 ταῦθα
844 4817 941 4888 τὴν
967 4818 1221 4883 διάνοιαν,
1251 4821 1434 4889 φησὶν,
1452 4821 1510 4872 ἐν
1535 4825 1598 4891 τῇ
1630 4824 1810 4892 μήτρα
1833 4823 1940 4876 τῶν
1969 4828 2214 4897 στειρῶν,

655 4901 718 4951 ἵν’
740 4901 866 4952 ὅταν
893 4901 1005 4971 ἴδῃς
1029 4901 1431 4975 πεπηρωμένην
1448 4904 1538 4955 καὶ
1553 4903 1835 4974 δεδεμένην
1855 4906 2064 4976 μήτραν
2085 4911 2214 4980 πρὸς

655 4981 986 5064 παιδοποιίαν
1020 4982 1372 5064 ἀνοιγομένην
1395 4985 1458 5036 ἐκ
1485 4985 1586 5053 τῆς
1614 4985 1706 5038 τοῦ
1726 4987 1860 5038 Θεοῦ
1881 4989 2122 5060 χάριτος,
2142 4993 2218 5064 μὴ

655 5061 937 5133 θαυμάσῃς
964 5063 1174 5115 ἀκούων
1193 5065 1274 5116 ὅτι
1296 5065 1559 5135 παρθένος
1582 5067 1754 5124 ἐτεκε.
1782 5073 1998 5126 Μᾶλλον
2018 5074 2076 5125 δὲ
2100 5061 2221 5126 Θαύξ

659 5161 826 5214 μασον
870 5148 961 5197 καὶ
998 5145 1335 5227 ἐκπλάγηθι,
1386 5147 1521 5200 ἀλλά
1549 5150 1622 5218 μὴ
1659 5153 1962 5227 ἀπιστήσῃς
1987 5154 2064 5226 τῷ
2089 5154 2220 5208 θαύ-

658 5243 807 5296 ματι.
833 5229 1001 5280 Ὅταν
1030 5224 1122 5283 οὖν
1155 5228 1286 5301 λέγῃ
1316 5229 1452 5300 πρὸς
1480 5231 1538 5283 σέ
1570 5235 1597 5284 6
1637 5224 2059 5300 ἸουδαῖοςίΠῶς
2103 5238 2217 5292 ἕτε-

655 5326 750 5361 κεν
764 5312 798 5379 ὴ
822 5311 1112 5381 παρθένος;
1138 5313 1259 5365 είπέ
1279 5314 1415 5383 πρὸς
1431 5313 1609 5380 αὑτὸν,
1630 5315 1750 5380 Πῶς
1773 5317 1957 5373 ἔτεκεν
1982 5322 2015 5390 ἡ
2034 5323 2218 5392 στεῖρα

656 5401 749 5452 καὶ
775 5405 1139 5471 γεγηρακυῖα;
1191 5404 1295 5481 Δύο
1322 5405 1430 5477 7&9
1462 5404 1755 5477 κωλύματα
1780 5410 1898 5462 τότε
1947 5407 2036 5482 ἧν,
2071 5414 2129 5466 τό
2155 5431 2214 5466 τε

720 5642 747 5671 ⁸
771 5641 924 5715 8ανί1;
960 5652 1011 5692 el
1026 5659 1167 5715 _unps
1186 5649 1640 5715 εοιίςιηᾶμφὸτεροι
1672 5652 1997 5715 ἐπεμελοῦντο,
2022 5661 2102 5707 καὶ
2127 5664 2215 5712 οὐκ

657 5703 882 5763 mm"
904 5704 969 5752 ετ*
990 5708 1083 5753 τῶν
1103 5703 1425 5771 ἀτιαρτιῶν’ἠν’
1439 5703 1582 5775 {pm-
1609 5703 1798 5775 εἶχετοὶὑ
1809 5733 1884 5772 την
1899 5719 1927 5773 ἡ
1949 5703 2213 5783 αἰνέιρὧᾶὲῖ

1362 357 1421 413 8.
1459 357 1748 416 JOANNIS
1783 347 2276 426 ειιιιῑεοετοιιι
2310 346 2633 407 ABCIIIEP.
2665 343 3216 405 CONSTANTINOP.

3792 341 3900 399 ιιι

2323 464 2498 536 ἄωρον
2523 466 2618 535 τῆς
2643 465 2874 535 ἡλικίας,
2901 464 2996 516 καὶ
3026 462 3087 515 τὸ
3107 460 3378 531 ἄχρηστον
3407 456 3506 528 τῆς
3541 455 3785 526 φύσεωςο
3807 455 3903 510 ἐπὶ

2320 553 2376 607 δέ
2396 553 2493 622 τῆς
2517 552 2787 624 παρθένου
2819 552 2876 604 ἐν
2897 550 3126 619 κώλυμα
3149 546 3237 618 ἦν,
3289 547 3350 600 τὺ
3376 545 3451 618 μὴ
3481 545 3779 615 μετασχεῖν
3815 545 3906 598 αὐ-

2319 643 2418 712 τὴν
2445 643 2645 713 γάμου.
2668 642 3013 715 Προοδοποιεῖ
3025 639 3202 692 τοίνυν
3226 639 3291 708 τῇ
3325 635 3578 708 παρθένῳ
3606 638 3640 704 ὴ
3691 636 3904 703 στεῖρα.

2321 732 2432 786 Kal
2458 733 2545 785 ῖνα
2574 733 2751 804 μάθῃς
2775 733 2858 785 ὅτι
2905 729 2994 783 διά
3018 729 3175 781 τοῦτο
3206 729 3414 797 στεῖραι
3457 723 3786 795 προέλαϐον,
3819 721 3904 774 ἵνα

2322 822 2582 892 πιστευθῇ
2609 824 2707 891 τῆς
2732 821 3044 892 παρθένουό
3060 819 3236 881 τόκος,
3261 817 3495 871 ἄκουσον
3535 814 3646 867 ἀπὸ
3667 811 3783 866 τῶν
3811 814 3903 883 ῥη-

2325 915 2509 985 μάτων
2529 915 2621 968 τοῦ
2652 912 2886 984 Γαϐριὴλ
2925 911 3035 963 τῶν
3067 910 3201 980 πρὸς
3229 909 3328 978 τὴν
3354 906 3624 978 παρθένον
3671 904 3906 974 είρημέ-

2321 1023 2446 1059 νων.
2483 1005 2696 1074 Ἐπειδὴ
2725 1003 2836 1072 γὰρ
2861 998 2992 1072 ἦλθε
3018 999 3112 1053 καὶ
3138 995 3287 1051 εἶπεν
3311 997 3470 1068 αὐτῇ,
3501 995 3812 1063 Συλλήψῃ
3838 993 3907 1047 ἐν

2323 1095 2552 1165 ⁴ναστρί,
2585 1093 2679 1146 καί
2705 1092 2846 1160 τέξῃ
2863 1091 3025 1156 υἱὸν,
3058 1090 3157 1142 καὶ
3180 1089 3464 1154 καλέσεις
3484 1086 3553 1141 τὸ
3590 1085 3906 1154 ὅνομααύ-

2323 1187 2427 1238 τοῦ
2471 1182 2736 1252 Ἰησοῦν,
2769 1182 3069 1250 ἐξεπλάγη
3118 1180 3215 1233 καὶ
3245 1179 3567 1246 ἐθαύμασε,
3610 1174 3715 1228 καὶ
3751 1173 3901 1228 εἷκε·

2322 1274 2455 1342 Πῶς
2481 1275 2649 1328 ἔσται
2667 1291 2767 1342 μοι
2788 1273 2985 1335 τοῦτο,
3014 1269 3144 1324 ἐπεί
3181 1269 3370 1337 ἄνδρα
3389 1270 3461 1322 οὐ
3487 1265 3806 1337 γινώσκοις
3842 1265 3907 1319 Τί

2323 1363 2414 1420 οὖν
2437 1368 2465 1418 6
2494 1365 2752 1433 ἄγγελοςς
2780 1364 3020 1431 Πνεῦμα
3055 1362 3226 1431 ἅγιον
3249 1360 3641 1414 ἐπελεύσεται
3669 1358 3772 1412 ἐπὶ
3809 1355 3904 1421 σὲ,

2324 1454 2422 1507 καὶ
2449 1454 2701 1522 δύναμις
2741 1453 3030 1521 Ὑψίστου
3068 1450 3408 1503 ἐπισκιάσει
3445 1463 3564 1502 σοι.
3595 1448 3692 1519 Μὴ
3726 1447 3904 1516 ζήτει,

2325 1545 2479 1614 φησὶ,
2509 1545 2721 1614 φύσεως
2745 1543 3085 1608 ἀκολουθίαν,
3116 1544 3242 1595 ὅταν
3269 1540 3408 1611 ὑπὲρ
3431 1539 3592 1607 φύσιν
3680 1537 3752 1591 τά
3770 1536 3906 1605 γινό-

2327 1652 2481 1704 μενα·
2513 1636 2587 1704 μὴ
2613 1634 2939 1705 περιϐλέπου
2967 1633 3160 1702 γάμων
3187 1630 3398 1694 ὠδῖνας,
3431 1630 3560 1683 ὃταν
3587 1627 3796 1699 μείζων
3817 1626 3909 1694 γά-

2328 1744 2427 1797 μου
2450 1725 2550 1792 τῆς
2565 1728 2868 1795 γεννήσεως
2895 1728 2923 1778 6
2949 1719 3218 1797 τρόπος
3244 1723 3353 1776 Καὶ
3371 1720 3496 1787 πῶς
3512 1721 3687 1775 ἔσται
3702 1719 3906 1784 τοῦτο,

2326 1819 2507 1886 φησὶν,
2540 1817 2664 1870 ἐπεὶ
2698 1816 2886 1884 ἄνδρα
2915 1819 2985 1869 οὐ
3021 1813 3324 1885 τινώσκω;
3372 1811 3482 1866 Kal
3513 1811 3620 1882 μὴν
3641 1810 3733 1863 διὰ
3749 1809 3910 1862 τοῦτο

2327 1907 2498 1973 ἔσται,
2530 1907 2714 1977 ἐπειδὴ
2744 1906 2910 1977 ἄνδρα
2937 1906 2998 1958 οὐ
3023 1904 3333 1974 γινώσκεις.
3377 1904 3441 1957 El
3473 1904 3583 1973 7&9
3604 1903 3910 1970 ἐγίνωσκες

2327 1997 2512 2068 ἄνδρα,
2544 1998 2642 2051 οὐκ
2672 1997 2737 2050 ἂν
2760 1995 3101 2066 κατηξιώθης
3127 1993 3576 2066 ὑπηρετήσασθαι
3611 1995 3681 2062 τῇ
3722 1990 3905 2043 διακο-

2326 2087 2412 2158 νίᾳ
2431 2088 2622 2159 ταύτῃ.
2655 2088 2816 2141 ’Ὥστε
2832 2087 2899 2140 δι’
2925 2087 2952 2139 6
2979 2088 3244 2149 ἀπιστεῖς,
3274 2086 3339 2138 δι’
3367 2084 3495 2140 αὐτὸ
3525 2082 3776 2138 πίστευε.
3796 2081 3914 2136 οὐκ

2326 2179 2513 2250 ἐπειδὴ
2544 2179 2712 2232 κακὸν
2768 2180 2795 2232 ό
2818 2179 3023 2249 γάμος,
3057 2176 3170 2231 ἀλλ’
3195 2176 3380 2247 ἐπειδὴ
3409 2175 3674 2247 κρείττων
3699 2173 3736 2242 ἡ
3772 2188 3915 2242 παρ-

2328 2269 2495 2324 Θενία·
2524 2270 2623 2341 τὴν
2651 2271 2707 2323 δέ
2734 2269 2825 2322 τοῦ
2857 2269 3036 2324 κοινοῦ
3066 2269 3280 2323 πάντων
3310 2266 3581 2319 Δεσπότου
3609 2263 3767 2336 [494]
3800 2262 3916 2316 εἴσ-

2326 2361 2443 2414 οδον
2503 2363 2830 2431 σεμνοτέραν
2861 2361 3026 2431 ἐχρῆν
3048 2356 3184 2412 εἶναι
3205 2360 3301 2429 τῆς
3323 2357 3612 2428 ἡμετέρας·
3652 2353 3912 2425 βασιλικὴ

2326 2452 2434 2523 7&9
2455 2448 2573 2523 ἦνή
2603 2453 2821 2516 εἴσοδος.
2839 2453 2984 2505 Ἔδει
3012 2453 3289 2518 κοινωνεῖνι
3303 2452 3432 2519 ἡμῖν
3457 2449 3554 2517 τῆς
3574 2447 3911 2520 γεννήσεως,

2328 2541 2424 2594 καὶ¹
2462 2541 2781 2611 ἐξηλλάχθαι
2835 2544 2932 2608 τῆς
2957 2539 3252 2610 ἡμετέρας.
3281 2538 3388 2590 Kal
3423 2536 3712 2607 ἀμφότερα
3733 2527 3915 2587 ταῦτα

2328 2632 2536 2699 γέγονε,
2564 2632 2656 2684 καὶ
2678 2632 2825 2693 ὅπως
2851 2628 3111 2683 ἀκουε.Τὺ
3132 2629 3228 2698 μὲν
3259 2626 3365 2680 ἀπὸ
3390 2625 3602 2696 μήτρας
3627 2623 3912 2693 γενέσθαι,

2330 2723 2503 2775 κοινὸν
2536 2722 2670 2792 πρὸς
2696 2723 2864 2791 ἡμᾶς·
2896 2720 2956 2772 τὸ
2987 2720 3041 2772 δέ
3073 2718 3238 2790 χωρὶς
3267 2717 3460 2787 γάμων
3485 2715 3766 2785 γενέσθαι,
3796 2717 3913 2785 μεῖ·

2329 2812 2472 2882 ζονῆ
2507 2811 2627 2864 καθ’
2661 2813 2827 2882 ἡμᾶς.
2864 2811 2971 2864 Kal
2997 2810 3057 2862 τὸ
3083 2810 3181 2880 μὲν
3214 2811 3272 2861 ἐν
3293 2808 3490 2879 γαστρὶ
3524 2808 3673 2877 σχεῖν
3702 2822 3786 2868 σε,
3813 2805 3914 2874 τῆς

2329 2904 2542 2973 φύσεως
2571 2905 2668 2971 τῆς
2728 2902 3092 2972 ἀνθρωπείας
3135 2901 3195 2954 τὸ
3229 2901 3286 2953 δέ
3315 2900 3481 2970 χωρὶς
3535 2899 3735 2969 μίξεως
3758 2900 3914 2968 γενέ-

2331 2993 2451 3045 σθαι
2469 2993 2565 3062 τὴν
2595 2991 2809 3060 κύησιν,
2827 2991 3148 3061 σεμνότερον
3172 2990 3268 3060 τῆς
3290 2989 3635 3059 ἀνθρωπίνης
3667 2990 3909 3056 φύσεως-

2331 3082 2413 3134 ἴνα
2432 3082 2524 3135 καὶ
2563 3081 2658 3150 τὴν
2678 3081 2950 3151 ὑπεροχὴν
2989 3081 3080 3133 καὶ
3105 3081 3202 3151 τὴν
3230 3079 3514 3133 κοινωνίαν
3556 3080 3656 3148 τὴν
3683 3079 3825 3148 πρὸς
3884 3079 3914 3130 ὲ

2332 3171 2528 3242 μάθῃς.
2554 3172 2661 3223 Kal
2693 3172 2881 3223 σκόπει
2907 3172 3005 3242 τὴν
3040 3173 3232 3240 σοφίαν
3280 3171 3388 3223 τῶν
3417 3170 3738 3240 γινομένων.
3770 3167 3911 3220 Οῦτε

2328 3263 2619 3332 ὴὺπεροχὴ
2648 3261 2744 3332 τὴν
2785 3263 3044 3331 ὁμοίωσιν
3093 3263 3187 3314 καὶ
3212 3261 3526 3328 συγγένειαν
3575 3259 3906 3329 ἐλυμήνατο,

2327 3354 2447 3407 οὕτε
2487 3357 2519 3423 ὴ
2551 3356 2688 3425 πρὸς
2715 3357 2862 3425 ἡμᾶς
2892 3356 3180 3423 συγγένεια
3215 3354 3312 3426 τὴν
3338 3353 3610 3426 ὑπεροχὴν
3633 3352 3908 3424 ὴμαύρω-

2329 3461 2440 3507 σεν,
2470 3444 2582 3497 ἀλλ’
2610 3445 2844 3515 ἑκάτερα
2877 3445 3151 3499 ἐδείκνυτο
3169 3446 3257 3498 διὰ
3283 3445 3391 3497 τῶν
3419 3443 3786 3514 πραγμάτων·
3815 3442 3912 3495 καὶ

2327 3535 2395 3589 τὰ
2428 3537 2525 3607 μὲν
2558 3536 2827 3607 ὁλόκληρα
2857 3534 2999 3606 εἶχεν
3035 3538 3298 3606 ἡμέτερα,
3345 3535 3414 3588 τὰ
3445 3535 3500 3588 δὲ
3529 3533 3910 3605 ἐνηλλαγμένα

2328 3626 2463 3697 πρὸς
2500 3629 2667 3697 ἡμᾶς.
2700 3627 2863 3691 Ἀλλ’,
2893 3629 3028 3697 ὅπερ
3075 3628 3274 3696 ἔλεγον,
3306 3627 3391 3680 διὰ
3420 3625 3574 3679 τοῦτο
3609 3627 3662 3678 al
3694 3628 3912 3696 στεῖραι

2326 3711 2506 3782 αὗται,
2527 3718 2614 3771 ἵνα
2636 3718 2898 3788 πιστευθῇ
2949 3722 3046 3788 τῆς
3073 3717 3345 3789 Παρθένου
3375 3721 3402 3771 ό
3431 3718 3605 3782 τόκος,
3640 3718 3728 3770 ῖνα
3762 3717 3907 3789 αὕτη

2324 3807 2707 3879 χειραγωγηθῇ
2737 3809 2874 3878 πρὸς
2906 3809 3004 3878 τὴν
3023 3809 3313 3879 πίστιντῆς
3336 3807 3663 3876 ἐπαγγεὶίας
3693 3807 3792 3860 καὶ
3810 3809 3909 3877 τῆς

2327 3894 2684 3964 ὑποσχέσεως.
2723 3897 2986 3949 ’Ἄκουσον
3017 3897 3125 3967 7&9
3154 3897 3206 3949 τί
3238 3913 3398 3966 φησιν
3445 3899 3472 3948 ὁ
3495 3895 3727 3964 ἄγγελος
3767 3896 3909 3965 πρὸς

2326 3980 2512 4050 αὑτήν.
2547 3980 2782 4048 Πνεῦμα
2807 3982 2978 4050 ἅγιον
3014 3983 3399 4036 ἐπελεύσεται
3437 3982 3533 4034 ἐπὶ
3564 3981 3656 4045 σὲ,
3680 3981 3782 4035 καὶ
3804 3981 3909 4035 δύο

2325 4072 2617 4140 ναμιςὙιβ
2631 4073 2806 4125 ίστου
2836 4073 3177 4126 ἐπισκιάσει
3206 4088 3322 4126 σοι.
3353 4072 3531 4134 Οὕτω,
3554 4075 3740 4142 φησιν,
3761 4074 3908 4143 ἔχεις

2324 4160 2520 4222 τεκεῖν,
2549 4160 2642 4210 καὶ
2659 4158 2756 4226 τῆς
2772 4159 3050 4227 ἐνεργείας
3073 4158 3165 4211 τοῦ
3186 4157 3497 4227 Πνεῦματος
3512 4158 3573 4210 τὸ
3589 4160 3698 4212 πᾶν
3725 4159 3902 4214 ἔσται.

2323 4246 2414 4316 Μὴ
2446 4246 2622 4299 τοίνυν
2654 4246 2814 4316 βλέπε
2863 4246 2995 4317 πρὸς
3028 4246 3123 4316 τὴν
3150 4247 3269 4317 γῆν·
3311 4248 3417 4299 άπὸ
3449 4247 3555 4300 τῶν
3587 4248 3838 4318 οὐρανῶν
3870 4251 3903 4318 ἡ

2324 4337 2568 4406 ἐνέργεια
2586 4337 2819 4406 ἔρχεται.
2864 4335 2968 4388 Τοῦ
2994 4336 3305 4405 Ιῐνεύματός
3334 4337 3448 4410 ἐστι
3485 4337 3644 4406 χάρις
3666 4337 3728 4388 τὸ
3753 4338 3904 4405 γινό-

2328 4442 2503 4496 μενον
2527 4425 2600 4496 μὴ
2620 4426 2765 4495 ζήτει
2797 4424 3011 4491 φύσεως
3040 4424 3376 4488 ἀκολουθίαν,
3417 4426 3488 4494 μὴ
3512 4424 3653 4478 κατά
3697 4427 3900 4497 νόμους

2324 4516 2416 4569 καὶ
2437 4516 2632 4585 γάμον.
2659 4513 2795 4566 Ἀλλ’
2827 4513 3011 4582 ἐπειδὴ
3033 4514 3252 4582 μείζονα
3275 4515 3446 4568 ταῦτα
3483 4510 3551 4585 ἦν
3586 4517 3802 4588 ἐκείνης
3829 4520 3897 4572 τά

2327 4603 2560 4670 ῥήματα,
2583 4599 2827 4668 βούλεται
2847 4600 2939 4651 καὶ
2957 4600 3146 4671 ἑτέραν
3160 4601 3187 4640 ι)
3210 4602 3346 4670 αὑτῇ
3366 4606 3664 4673 παρασχεῖν
3677 4605 3869 4661 ἁπόδει
3881 4637 3898 4648 .

2325 4687 2405 4754 ξιν
2417 4725 2433 4740 .

2394 4812 2449 4862 γ.
2481 4795 2551 4846 Σὺ
2572 4793 2628 4846 δέ
2661 4810 2749 4862 μοι
2769 4793 2978 4858 σκόπει,
3007 4793 3278 4862 άγαπητέ,
3311 4795 3426 4858 πῶς
3455 4798 3486 4866 ἡ
3520 4799 3702 4868 στεῖρα
3730 4800 3902 4872 αὐτὴν

2323 4885 2653 4956 χειραγωγεῖ
2686 4883 2817 4953 πρὸς
2843 4883 2940 4952 τὴν
2965 4885 3145 4936 πίστιν
3188 4884 3280 4938 τοῦ
3313 4887 3492 4940 τόκου.
3531 4888 3748 4961 Ἐπειδὴ
3790 4890 3901 4962 7&9

2321 4980 2352 5045 ἡ
2388 4975 2628 5046 προτέρα
2648 4973 2914 5038 ἀπόδειξις
2937 4975 3136 5043 μείζων
3159 4971 3226 5045 ἦν
3255 4977 3352 5042 τῆς
3383 4977 3618 5041 διανοίας
3643 4981 3743 5050 τῆς
3757 5000 3897 5052 παρ-

2324 5063 2496 5122 θένου,
2529 5061 2757 5113 ἄκουσον
2783 5060 2899 5122 πῶς
2915 5063 3008 5112 καὶ
3036 5063 3127 5113 ἐπὶ
3142 5061 3208 5115 τὰ
3232 5063 3587 5135 ταπεινότερα
3611 5070 3896 5138 κατήγαγε

2322 5149 2606 5215 τὸνλόγον,
2640 5147 2728 5199 διὰ
2759 5147 2866 5200 τῶν
2895 5149 3166 5218 αἰσθητῶν
3183 5149 3355 5222 αὐτὴν
3384 5155 3761 5224 χειραγωγῶν.
3786 5158 3895 5212 Kal

2324 5240 2470 5304 ἰδοὺ,
2504 5237 3009 5307 φησ“ιν,Ὲλισά6ετ
3048 5241 3085 5305 ἡ
3116 5242 3416 5309 συγγενής
3440 5258 3578 5308 σου,
3603 5245 3699 5300 καί
3741 5251 3894 5318 αὐτὴ

2324 5327 2724 5396 συνεαληφυῖα
2751 5329 2883 5382 υἱὸν
2909 5328 2980 5381 ὲν
3006 5327 3169 5398 τήρει
3193 5329 3381 5398 αὐτῆς
3399 5347 3413 5363 ·
3446 5333 3545 5386 καὶ
3574 5330 3754 5402 οὗτος
3769 5338 3898 5406 μὴν

2323 5420 2497 5489 ἕκτος
2536 5421 2706 5475 ἐστὶν
2740 5422 2895 5491 αὐτῇ
2930 5423 3005 5490 τῇ
3035 5425 3377 5495 καλουμένῃ
3412 5429 3637 5500 στείρᾳ.
3666 5433 3768 5488 Διὰ
3798 5434 3895 5505 τὴν

2329 5739 2358 5776 e
2382 5665 2724 5778 ξέηιίῗῖξιῖιέιτ
2741 5669 2904 5719 nomr.
2931 5674 3016 5729 τήν
3055 5675 3231 5737 ἑτέραν,
3252 5679 3412 5729 minus
3435 5686 3586 5733 recte.
3612 5683 3896 5738 Οοποιιιιιι
