4060 6422
193 356 296 415 με,

191 471 236 525 si
263 486 373 525 non
395 467 574 526 statim
596 467 890 522 audiamur.
913 460 1176 518 Fortassis
1197 459 1341 515 enim
1367 458 1624 513 Dominus
1648 472 1778 512 eon-

189 566 388 615 tlnuam
434 569 672 613 nostram
721 555 1059 611 sedulitatem
1109 553 1381 620 sapienter
1409 564 1667 605 exercens
1708 551 1777 601 ita

190 651 566 720 procrastinat,
600 658 659 702 ttt
689 645 991 701 mercedem
1014 655 1227 714 quoque
1255 641 1526 711 patientia:
1553 639 1778 708 recipia—

187 757 307 795 mus
335 759 349 794 :
380 751 434 796 et
463 742 586 811 quia
615 740 727 808 ipse
760 749 970 806 tempus
998 737 1100 789 scit
1127 733 1340 804 quando
1360 732 1513 786 nobis
1544 732 1672 786 utile
1700 740 1782 786 est

183 836 398 906 assequi
449 836 589 905 quod
628 834 935 903 qumrimus.
975 832 1156 900 Neque
1185 830 1328 884 enim
1359 844 1456 883 nos
1479 829 1550 882 ita
1584 830 1780 883 scimus

183 929 313 998 quid
354 927 506 982 nobis
531 926 661 980 utile
681 967 695 990 ,
727 934 784 979 ut
815 925 928 993 ipse
966 922 1244 978 evidenter
1290 921 1456 983 novit,
1488 921 1578 990 qui
1617 921 1778 973 etiam

181 1018 497 1074 abscondita
528 1017 721 1071 mentis
747 1025 945 1070 nostra:
974 1012 1266 1081 cognoscit.
1293 1011 1527 1066 Proinde
1551 1026 1646 1080 par
1673 1020 1777 1076 est,

188 1120 251 1164 ut
279 1109 410 1163 nihil
438 1108 700 1162 curiosius
719 1118 1038 1177 qumramus,
1067 1117 1239 1172 neque
1259 1112 1560 1156 scrutentur
1578 1115 1640 1154 ea
1661 1115 1781 1168 qua:

181 1215 212 1252 a
247 1199 358 1254 Deo
385 1197 730 1268 providentur
758 1213 772 1249 :
800 1194 895 1248 sed
923 1193 1061 1262 grati
1085 1191 1371 1245 admodum
1402 1191 1590 1251 simus,
1619 1197 1673 1243 et
1693 1189 1783 1242 ad-

189 1289 452 1344 miremur
462 1289 726 1358 justorum
744 1286 988 1340 virtutes.
1012 1282 1144 1337 Nam
1173 1290 1450 1350 postquam
1474 1280 1604 1334 dixit
1625 1278 1781 1333 nobis

179 1379 362 1433 divina
389 1378 695 1446 Scriptura,
723 1386 854 1446 qum
887 1388 1152 1427 annorum
1181 1370 1341 1425 fuerit
1368 1369 1513 1424 Isaae
1532 1409 1548 1435 ,
1570 1369 1699 1423 dicit
1726 1377 1782 1423 et

180 1469 251 1526 de
280 1470 521 1525 Rebecca
551 1482 717 1522 uxore
746 1466 893 1536 ejus,
930 1464 1073 1534 quod
1100 1463 1298 1518 sterilis
1325 1470 1459 1516 erat.
1491 1459 1645 1526 Vide,
1680 1460 1780 1515 ob-

180 1574 361 1622 secro,
389 1558 519 1627 justi
560 1557 862 1626 religiosam
901 1564 1158 1607 mentem.
1189 1550 1450 1618 Quoniam
1480 1550 1621 1604 enim
1651 1550 1781 1603 vidit

179 1657 430 1704 naturam
450 1646 865 1712 claudicantem,
896 1643 962 1698 ad
990 1651 1192 1697 natura:
1217 1641 1562 1696 Conditorem
1590 1640 1780 1695 confu-

179 1741 279 1808 git,
308 1747 364 1794 et
384 1738 594 1793 vincula
621 1747 827 1792 natura:
858 1735 1101 1804 precibus
1124 1735 1334 1788 solvere
1363 1731 1650 1786 festinavit.
1683 1732 1778 1786 21.

180 1829 498 1897 Deprecatus
525 1828 657 1882 enim
688 1837 779 1891 est,
811 1826 1000 1893 inquit,
1030 1822 1183 1878 Isaac
1202 1839 1354 1891 super
1377 1820 1598 1874 Rebecca
1625 1836 1782 1874 uxore

181 1935 298 1983 sua,
321 1918 439 1988 quia
459 1915 644 1971 sterilis
670 1924 796 1968 erat.
829 1914 1004 1970 Unum
1035 1914 1136 1966 hoc
1163 1913 1215 1965 in
1246 1911 1430 1981 primis
1456 1925 1634 1979 opera:
1661 1925 1782 1980 pre-

181 2011 315 2064 titttn
349 2020 405 2063 ut
442 2022 778 2079 quaeramus,
813 2020 978 2074 quare
1004 2044 1016 2068 ,
1061 2020 1183 2058 cum
1234 2012 1288 2058 et
1314 2003 1446 2072 ipsa,
1477 2013 1532 2056 et
1557 2002 1640 2056 vir
1665 2002 1782 2069 ejus

181 2101 308 2153 \‘itz't‘
341 2098 797 2158 lucrinteximitc.
843 2105 896 2150 et
924 2095 1083 2148 ambo
1130 2095 1472 2148 continentim
1518 2092 1776 2157 studiosi,

181 2189 385 2242 sterilis
413 2187 552 2240 fuit?
579 2185 691 2240 Non
724 2199 1008 2253 possumus
1047 2197 1270 2252 carpere
1299 2199 1482 2237 eorum
1517 2184 1699 2245 vitam,
1729 2158 1802 2234 ett

177 2277 361 2331 dicere
377 2277 708 2331 sterilitatem
731 2275 872 2328 illam
895 2282 1234 2343 peccatorum
1259 2286 1417 2326 causa
1440 2272 1780 2325 immissam‘.

184 2366 255 2419 Et
281 2375 334 2418 ιιι
359 2366 534 2419 discis
561 2379 672 2419 rent
704 2367 916 2429 miram,
948 2377 1053 2416 non
1082 2363 1252 2416 solum
1291 2362 1406 2429 ipsa
1434 2361 1632 2415 sterilis
1661 2359 1778 2426 fuit,

179 2455 279 2509 sed
307 2464 358 2507 et
391 2465 560 2508 mater
585 2455 710 2522 jusu
736 2453 896 2508 Sarra
923 2470 937 2505 :
967 2467 1139 2522 neque
1167 2461 1338 2505 mater
1377 2451 1492 2520 ejus
1522 2451 1655 2517 sola,
1684 2450 1780 2504 sed

175 2554 234 2600 et
269 2562 431 2598 nurus
455 2588 468 2610 ,
497 2545 698 2599 Rachel
735 2560 868 2598 uxor
904 2543 1106 2598 Jacobi.
1141 2542 1276 2609 Quid
1301 2543 1400 2595 sibi
1431 2541 1540 2595 vult
1567 2540 1655 2596 ille
1684 2548 1782 2596 ste-

181 2636 366 2690 rilium
407 2637 643 2690 chorus?
674 2636 872 2690 Omnes
897 2635 1055 2704 justi,
1087 2650 1276 2688 omnes
1305 2634 1502 2689 virtute
1535 2632 1741 2702 prmditi
1764 2673 1778 2697 ,

178 2743 426 2784 outnesa
472 2729 579 2783 Deo
610 2728 974 2783 testimonium
1023 2727 1302 2781 habentes.
1357 2725 1490 2780 Nam
1536 2726 1605 2779 de
1654 2725 1785 2794 ipsis

175 2820 430 2876 dicebat:
465 2819 577 2890 Ego
616 2837 726 2873 sum
758 2819 891 2881 Deus
919 2819 1176 2872 Abraham
1199 2860 1214 2883 ,
1254 2817 1391 2871 Deus
1435 2819 1608 2883 Isaac,
1645 2816 1784 2871 Deus

179 2911 350 2964 Jacob
396 2910 589 2980 (Exod.
618 2912 674 2964 5.
717 2909 796 2980 6).
827 2910 1019 2963 Beatus
1059 2919 1238 2963 autem
1270 2908 1465 2963 Paulus
1495 2909 1571 2960 ait
1607 2924 1623 2960 :
1658 2905 1784 2960 Ideo

176 3019 285 3056 non
322 3002 650 3072 confunditur
677 2999 846 3063 Deus,
886 3009 938 3052 ut
970 3011 1169 3052 vocetur
1204 3015 1377 3053 eorum
1418 2997 1558 3050 Deus
1598 2995 1780 3067 (Hebr.

176 3096 272 3149 11.
309 3093 422 3161 16).
472 3093 647 3146 Multa:
693 3093 927 3160 ipSorum
974 3091 1156 3144 laudes
1196 3091 1247 3144 in
1284 3089 1454 3154 Novo,
1500 3089 1682 3142 multm
1729 3089 1782 3140 in

178 3185 390 3239 Veteri.
429 3183 671 3252 Undique
712 3183 839 3236 clari
876 3191 930 3235 et
970 3181 1214 3247 nobiles,
1247 3190 1300 3234 et
1344 3195 1533 3233 omnes
1573 3178 1784 3233 steriles

177 3275 486 3330 habuerunt
500 3273 995 3342 uxores,multoque
1010 3282 1250 3340 tempore
1269 3279 1556 3325 caruerunt
1574 3269 1781 3324 liberis.

259 3370 316 3420 2.
367 3366 583 3436 PrOptcr
618 3383 796 3419 causas
825 3381 1040 3418 arcanas
1068 3364 1428 3434 fecunditatem
1458 3364 1608 3415 etiam
1620 3363 1778 3432 justis

184 3472 340 3531 negat
371 3461 548 3526 Deus;
590 3460 872 3530 fecunditas
901 3459 1146 3513 sterilium
1188 3466 1388 3526 partum
1429 3457 1638 3525 virginis
1666 3471 1783 3523 pro-

180 3551 621 3617 bat—Quando
651 3552 809 3620 igitur
843 3549 1038 3603 videris
1082 3548 1252 3601 virum
1285 3557 1334 3601 et
1367 3547 1646 3600 mulierem
1674 3545 1784 3598 vir-

183 3642 286 3695 tuti
334 3641 563 3707 tleditos,
607 3656 795 3695 carere
845 3641 1014 3709 prole,
1063 3639 1277 3708 quando
1325 3637 1521 3691 videris
1570 3637 1683 3704 pios
1731 3646 1784 3689 et

180 3731 462 3801 religionis
488 3731 751 3786 studiosos
775 3747 878 3783 non
911 3730 1104 3784 habere
1131 3731 1343 3791 liberos,
1371 3745 1435 3781 ne
1457 3729 1656 3781 tribuas
1684 3727 1785 3781 huc

185 3823 442 3891 peccatis.
497 3822 670 3876 Multa:
701 3823 843 3876 enim
890 3822 1083 3875 divina:
1113 3820 1523 3888 dispensationis
1553 3820 1784 3873 rationes

181 3913 340 3966 nobis
382 3921 506 3966 sunt
562 3927 792 3976 arcanm,
849 3921 903 3965 et
955 3926 1051 3980 pro
1099 3910 1345 3963 omnibus
1385 3911 1583 3978 gratias
1625 3924 1785 3979 agere

179 4012 418 4073 oportet,
450 4018 511 4057 ac
538 4003 682 4057 solos
713 4003 830 4056 illos
862 4003 1088 4055 miseros
1115 4001 1314 4064 dicere,
1348 4001 1434 4068 qui
1485 4002 1535 4052 in
1563 4012 1784 4068 pecetto

183 4096 390 4156 vivunt,
421 4109 522 4148 non
546 4109 639 4148 eos
683 4094 873 4163 quibus
900 4092 989 4146 filii
1039 4091 1251 4145 desunt.
1300 4091 1506 4160 Quippe
1533 4106 1782 4158 smpcnu-

182 4200 340 4239 utero
369 4185 530 4239 multa
561 4185 699 4238 Deus
731 4186 930 4238 utiliter
974 4183 1266 4251 dispensat,
1288 4199 1512 4250 quorum
1543 4197 1638 4235 nos
1660 4197 1786 4235 cau-

181 4291 300 4329 sam
335 4275 621 4329 nescimus.
657 4275 953 4343 EaprOptcr
977 4273 1028 4328 in
1058 4273 1302 4326 omnibus
1325 4273 1637 4341 sapientiam
1669 4273 1786 4339 ejus

183 4366 440 4419 admirari
470 4373 702 4434 Oportet,
741 4379 804 4418 ae
847 4364 1148 4434 glorilieare
1195 4362 1515 4418 ineﬂ’abilem
1568 4364 1782 4417 miseri-

184 4457 448 4511 cordiam.
478 4457 584 4510 Sed
605 4461 718 4510 lure
747 4456 959 4525 quidem
988 4455 1054 4508 ad
1077 4456 1354 4509 utilitatem
1383 4464 1614 4509 vestram
1642 4455 1782 4509 dicta

183 4559 334 4609 sunt,
363 4549 481 4600 ideo
509 4558 564 4600 ιιι
589 4547 875 4600 admodum
894 4554 1098 4616 gratam
1117 4546 1444 4599 voluntatem
1463 4546 1779 4610 exlttbcatis,

186 4652 364 4706 neque
396 4637 461 4689 de
501 4636 900 4705 dispensatione
941 4635 1116 4687 divina
1151 4635 1361 4687 curiose
1392 4635 1733 4687 sciscitcmini
1769 4652 1781 4686 :

183 4743 403 4782 causam
456 4737 632 4781 tamen
683 4727 926 4780 dicamus
961 4739 1177 4796 propter
1219 4742 1377 4795 quam
1407 4727 1656 4780 mulieres
1685 4727 1787 4780 illa:

184 4819 402 4872 steriles
448 4817 616 4871 fuere.
661 4818 914 4886 Quantam
966 4818 1126 4887 igitur
1175 4827 1258 4872 est
1306 4833 1464 4873 causa
1482 4820 1505 4869 ‘t
1548 4819 1615 4874 Ut
1667 4835 1785 4873 cunt

185 4909 389 4963 \ideris
434 4909 692 4977 virginem
741 4919 982 4963 nostrum
1011 4924 1350 4963 communem
1383 4911 1665 4964 Dominum
1699 4928 1790 4980 pa—

186 5003 439 5066 rientem,
483 5017 549 5055 ne
599 5001 671 5055 sis
715 5001 1038 5056 incredulus.
1082 5004 1285 5058 Exerce
1331 5005 1474 5058 enim
1528 5004 1612 5056 hic
1669 5014 1788 5058 tuos

184 5109 398 5157 senats,
429 5094 616 5162 inquit,
650 5095 699 5146 itt
732 5094 886 5146 vulva
913 5095 1199 5160 sterilium,
1248 5103 1325 5160 ut,
1374 5111 1494 5149 cum
1528 5094 1783 5150 didiceris

189 5189 404 5255 ligatam
435 5195 487 5241 et
521 5199 818 5240 emortuam
853 5186 1061 5240 vulvam
1084 5188 1262 5241 divina
1312 5190 1507 5242 virtute
1545 5189 1611 5241 ad
1666 5204 1788 5259 pro-

188 5278 516 5331 creationem
541 5277 757 5345 aperiri,
783 5277 905 5332 inde
926 5278 1156 5347 copiosis
1185 5281 1513 5347 argumentis
1531 5280 1784 5348 acceptis,

254 5395 269 5424 ¹
307 5390 446 5440 Savil.
476 5399 528 5440 et
551 5404 680 5439 unus
703 5392 859 5441 codex
885 5393 955 5441 sic
992 5391 1204 5442 efferunt
1238 5392 1368 5440 hunc
1390 5391 1548 5440 laeum
1575 5405 1588 5438 :
1635 5399 1788 5440 tinum

187 5454 360 5522 1106....
387 5465 556 5522 quare,
582 5466 693 5522 eum
709 5461 754 5522 et
773 5453 882 5522 ipsa
901 5461 946 5502 et
966 5453 1038 5502 vir
1060 5455 1165 5513 ejus
1183 5455 1292 5504 vita:
1315 5455 1493 5522 fuerint
1513 5452 1724 5511 eximite,
1742 5461 1788 5502 et

190 5515 336 5564 ambo
357 5514 659 5577 centumuiri:
680 5514 962 5573 διειάὶοείιεί
987 5529 1097 5577 cum
1119 5528 1212 5564 non
1235 5515 1467 5577 possian
1491 5527 1691 5576 carpere
1708 5527 1786 5563 co-

190 5589 301 5648 rum
329 5574 800 5648 tritumatteeheorunt.
811 5576 1022 5648 peccatis
1058 5574 1361 5648 sterilitatem
1385 5574 1612 5648 tribuere,
1639 5586 1789 5638 quare

191 5646 351 5688 tamen
375 5634 459 5685 illa
483 5635 628 5694 fuerit
665 5634 844 5687 sterilis
864 5635 889 5688 ?
908 5643 1041 5687 Hunc
1064 5651 1184 5688 vero
1208 5638 1383 5695 locum,
1408 5645 1463 5686 ttt
1486 5634 1696 5693 videtur,
1725 5651 1785 5684 ex

193 5701 281 5748 hac
315 5697 820 5760 ltomilia_excerptum
845 5700 1165 5750 habcs'ronto
1202 5707 1273 5760 nt,
1316 5701 1365 5750 in
1389 5698 1578 5750 ltontilia
1603 5705 1669 5748 Dc
1696 5712 1788 5748 non

195 5759 484 5824 evulgazttlis
505 5757 705 5808 fratrum
730 5763 957 5823 peccatis.

1226 341 1293 399 IN
1330 340 1486 399 CAP.
1526 336 1695 395 XXV.
1724 336 1973 395 GENES.
2016 335 2244 393 IIOMIL.
2288 333 2474 392 XLIX.

3374 335 3482 396 “6

1892 472 1999 512 non
2066 455 2344 510 admireris
2387 453 2610 510 audiens
2669 453 2928 526 virginem
2979 456 3250 528 peperisse
3298 474 3312 512 :
3372 457 3482 514 imo

1887 547 2152 602 admirare
2173 557 2228 602 et
2267 547 2606 617 obstupesee,
2647 547 2740 602 sed
2767 561 2836 602 ne
2870 547 2945 602 sis
2989 548 3294 603 incredulus
3319 547 3482 603 mira.

1885 640 2028 695 culo.
2059 637 2284 704 Quando
2311 638 2467 707 igitur
2493 639 2588 693 tibi
2618 638 2745 693 dicit
2781 639 3021 705 Judzeus,
3048 639 3334 706 Quomodo
3389 655 3475 711 pe-

1887 733 2023 799 perit
2070 732 2253 800 virgo?
2305 732 2393 787 die
2441 732 2489 787 ei
2543 749 2556 786 :
2602 732 2885 798 Quomodo
2938 732 3143 801 peperit
3179 733 3378 788 sterilis
3425 743 3483 788 et

1887 823 2106 877 vetula?
2138 823 2250 877 Duo
2272 823 2654 893 impedimenta
2690 832 2814 878 tunc
2847 832 3020 889 erant,
3049 833 3104 878 et
3131 833 3260 878 aetas
3292 825 3482 878 intento

1886 913 2112 981 pestiva,
2152 921 2207 966 et
2253 921 2440 967 natura
2489 899 2715 967 vitiata:
2750 913 2804 966 in
2850 912 3053 980 virgine
3086 920 3263 968 autem
3317 929 3482 969 unum

1887 1002 2322 1068 impedimentum
2356 1001 2468 1067 fuit,
2499 1003 2640 1072 quod
2684 1017 2790 1057 non
2819 1013 2964 1058 esset
2990 1004 3255 1073 particeps
3285 1019 3484 1060 concu-

1886 1096 2051 1149 bitus.
2082 1096 2290 1151 Stcrilis
2319 1096 2478 1166 igitur
2503 1097 2614 1166 jam
2657 1098 2795 1152 viam
2850 1105 3003 1165 parat
3051 1098 3261 1168 virgini.
3317 1099 3382 1153 Et
3425 1109 3484 1154 ut

1886 1187 2024 1240 scias
2083 1196 2300 1256 propter
2348 1186 2448 1241 hoc
2490 1188 2704 1242 steriles
2743 1189 2890 1257 prius
2931 1187 3117 1254 fuisse,
3149 1201 3204 1244 ut
3233 1191 3484 1246 credatur

1884 1277 2203 1344 virginitatis
2249 1286 2430 1343 partus
2457 1293 2471 1331 :
2502 1276 2627 1330 audi
2654 1278 2814 1332 verba
2835 1276 3102 1332 Gabriclis
3122 1278 3191 1332 ad
3211 1275 3479 1346 Yirgiuent

1886 1342 2048 1422 dicia.
2091 1369 2376 1438 Postquam
2428 1370 2570 1428 enim
2627 1370 2774 1424 venit
2822 1377 2875 1423 et
2930 1368 3082 1435 dixit,
3135 1342 3400 1440 Cobcipies
3431 1369 3486 1423 in

1887 1469 2028 1512 utero
2051 1501 2066 1524 ,
2110 1469 2158 1512 et
2210 1460 2376 1527 paries
2409 1459 2576 1525 [ilium
2595 1501 2609 1523 ,
2641 1468 2687 1512 et
2725 1459 2927 1513 vocabis
2951 1476 3135 1513 nomen
3163 1461 3273 1529 ejus
3300 1459 3484 1513 Iesum

1884 1548 2036 1620 (Luc.
2069 1550 2120 1602 1.
2148 1549 2239 1619 51)
2274 1567 2287 1602 :
2317 1549 2680 1618 obstupefacta
2710 1557 2864 1604 estet
2893 1548 3171 1614 admirata,
3204 1549 3477 1619 dixitque:

1889 1641 2152 1710 Quomodo
2173 1643 2265 1694 erit
2287 1641 2410 1693 mihi
2431 1639 2568 1693 istud
2583 1681 2597 1704 ,
2631 1641 2749 1709 quia
2770 1642 2937 1694 virum
2965 1657 3065 1694 non
3099 1656 3346 1710 cognosco
3370 1637 3480 1711 (Ib.

1887 1749 1933 1785 υ.
1963 1730 2053 1801 54)
2077 1732 2100 1784 ‘I
2125 1731 2263 1800 Quid
2300 1732 2458 1802 igitur
2485 1733 2746 1800 angelus?
2772 1731 2997 1800 Spiritus
3022 1743 3226 1784 sanctus
3252 1746 3481 1796 superse-

1886 1822 1986 1875 niet
2007 1838 2160 1892 super
2180 1832 2246 1887 te,
2269 1820 2497 1876 etvirtus
2509 1817 3095 1874 Altissimiobutnbrabit
3123 1819 3210 1873 tibi
3244 1818 3406 1890 (Ibid.
3433 1835 3482 1873 υ.

1885 1911 2000 1980 55).
2029 1911 2104 1965 Ne
2136 1926 2368 1982 quzeras,
2402 1910 2601 1980 inquit,
2637 1919 2843 1964 naturae
2876 1909 3091 1964 modum
3121 1918 3175 1966 et
3203 1909 3482 1975 ordinem,

1885 2002 2099 2071 quando
2146 2016 2308 2070 super
2354 2015 2596 2056 naturam
2641 2011 2766 2055 sunt
2805 2015 2925 2070 quat
2957 2000 3126 2065 ﬁunt;
3160 2015 3228 2054 ne
3272 2009 3484 2070 spectes

1886 2093 2113 2162 conjugii
2125 2092 2356 2155 dolores,
2373 2091 2584 2162 quando
2601 2091 2940 2160 majorquam
2953 2091 3004 2145 itt
3020 2090 3216 2160 nuptiis
3229 2091 3485 2145 natalium

1887 2185 2077 2239 modus
2105 2186 2226 2240 erit.
2252 2184 2316 2238 Et
2338 2184 2589 2252 quomodo
2620 2185 2705 2252 fiet
2730 2184 2888 2249 istud,
2920 2184 3110 2254 inquit,
3140 2183 3380 2254 quoniam
3409 2183 3486 2235 vi-

1886 2289 2000 2326 rtmt
2029 2288 2130 2326 non
2164 2290 2408 2344 cognosco
2429 2274 2455 2327 .9
2477 2273 2616 2328 Sane
2650 2283 2868 2342 propter
2914 2273 3017 2328 hoc
3045 2274 3146 2327 erit
3165 2314 3179 2338 ,
3231 2273 3484 2344 quoniam

1887 2365 2058 2417 virum
2089 2379 2192 2417 non
2216 2341 2514 2433 cogitoseis.
2545 2363 2679 2418 Nam
2706 2364 2752 2417 si
2781 2378 3135 2433 cognosceres
3162 2364 3354 2428 virum,
3377 2379 3487 2418 non

1889 2456 2080 2510 fuisses
2106 2455 2283 2509 habita
2325 2455 2482 2523 digna
2522 2466 2578 2509 ut
2618 2454 2743 2510 huic
2767 2455 3066 2509 ministerio
3092 2456 3343 2510 scrvircs.
3376 2454 3486 2508 ita-

1887 2561 1991 2614 que
2013 2561 2074 2600 ea
2105 2545 2172 2601 de
2200 2562 2381 2612 causa,
2411 2562 2514 2615 qua
2541 2547 2775 2613 dubitas,
2801 2561 2861 2600 ea
2887 2546 2997 2615 ipsa
3022 2546 3091 2600 de
3117 2561 3276 2601 causa
3301 2545 3488 2604 crede.

1886 2636 2003 2690 Non
2030 2637 2150 2706 quia
2179 2637 2377 2692 malum
2413 2637 2645 2707 nuptite,
2673 2638 2767 2693 sed
2798 2637 2920 2706 quia
2950 2637 3142 2692 melior
3175 2637 3486 2707 virginitas;

1889 2726 2028 2782 hunc
2047 2737 2224 2782 autem
2256 2729 2553 2797 ingressum
2581 2728 2751 2782 nostri
2774 2727 3012 2782 omnium
3043 2729 3256 2783 Domini
3278 2727 3489 2797 dignio-

1889 2838 2002 2875 rem
2033 2836 2152 2876 esse
2195 2830 2424 2890 oportet,
2456 2836 2614 2890 quam
2657 2833 2898 2875 nostrunt
2929 2838 2942 2873 :
2978 2819 3173 2891 Regius
3201 2823 3346 2876 enim
3392 2821 3490 2875 fuit

1891 2912 2157 2966 introitus.
2189 2911 2480 2983 Oportebat
2521 2920 2575 2964 et
2612 2926 2953 2965 communem
2993 2926 3114 2966 cum
3152 2919 3337 2965 nostro
3375 2910 3490 2980 ejus

1889 3019 2009 3057 esse
2039 3014 2253 3067 ortum,
2284 3013 2337 3056 et
2380 3003 2648 3056 diversum
2675 3018 2706 3054 a
2736 3015 2942 3066 nostro,
2975 3013 3029 3056 et
3055 3011 3341 3072 utrumque
3366 3016 3490 3057 eve-

1889 3097 1982 3148 nit.
2019 3095 2086 3148 Et
2133 3095 2401 3163 quomodo
2451 3094 2595 3147 audi.
2641 3092 2774 3146 Nam
2805 3094 2872 3147 de
2903 3105 3054 3147 utero
3095 3094 3344 3162 prodire,
3386 3091 3492 3148 hoc

1888 3203 2171 3242 commune
2215 3188 2489 3241 nobiseum
2519 3195 2639 3241 est:
2668 3186 2871 3255 absque
2900 3186 3121 3249 nuptiali
3150 3195 3330 3240 autem
3359 3199 3493 3240 con-

1888 3294 2073 3347 gressu
2098 3280 2264 3343 nasci,
2290 3293 2450 3347 supra
2477 3288 2714 3331 nostram
2741 3287 2823 3332 est
2847 3279 3130 3348 originem.
3153 3278 3377 3333 Uterum
3400 3292 3492 3348 ge-

1889 3378 2036 3424 stare
2067 3379 2137 3434 te,
2172 3371 2221 3423 id
2254 3380 2457 3424 natura:
2482 3381 2564 3424 est
2586 3371 2867 3435 humanm;
2907 3370 3024 3424 sine
3049 3386 3342 3440 congressu
3375 3378 3493 3426 utc-

1889 3479 2006 3517 rum
2035 3473 2266 3532 gestare,
2292 3463 2341 3516 id
2374 3470 2557 3515 natura
2588 3461 2815 3515 humana
2843 3462 3120 3517 sublimius
3152 3480 3164 3514 :
3196 3470 3328 3517 utet
3354 3477 3494 3532 pra:-

1891 3555 2140 3608 stantiam
2161 3562 2216 3608 et
2231 3554 2662 3606 communionem
2686 3567 2845 3621 quant
2875 3560 3048 3606 tecum
3072 3551 3234 3607 habet
3260 3551 3490 3607 ediscas.

1889 3645 2182 3698 Considera
2213 3653 2393 3698 autem
2423 3653 2619 3712 quanta
2651 3643 2909 3712 sapientia
2935 3643 3049 3697 hate
3081 3644 3215 3697 facta
3245 3644 3371 3708 sint,
3406 3658 3494 3699 ne-

1890 3752 1992 3805 que
2023 3737 2310 3790 eminentia
2337 3733 2506 3790 obfuit
2531 3733 2865 3789 similitudini
2905 3742 2958 3788 et
2980 3733 3222 3787 aftiuitati
3245 3734 3361 3804 ejus
3391 3749 3493 3787 no-

1892 3828 2118 3891 biscum,
2145 3843 2317 3896 neque
2349 3836 2527 3880 nostra
2558 3827 2788 3881 aflinitas
2818 3835 2874 3880 et
2911 3826 3207 3881 similitudo
3245 3827 3362 3896 ejus
3391 3826 3490 3880 ob-

1891 3922 2117 3974 scuravit
2143 3920 2513 3974 excellentiam
2539 3935 2554 3984 ;
2584 3919 2676 3973 sed
2708 3918 2960 3988 operibus
2991 3928 3276 3987 utrumque
3306 3927 3489 3974 esten.

1890 4029 2008 4067 sum
2039 4022 2157 4066 est:
2193 4013 2402 4080 aliaque
2433 4011 2669 4079 perfecte
2696 4011 2852 4065 nobis
2871 4011 3063 4064 similia
3097 4011 3303 4076 habuit,
3332 4011 3434 4065 alia
3462 4026 3491 4064 a

1893 4096 2046 4149 nobis
2087 4096 2317 4149 diversa.
2357 4095 2584 4160 Verum,
2624 4103 2678 4147 ut
2706 4094 2851 4157 dixi,
2898 4103 3114 4163 propter
3158 4094 3260 4148 hoc
3283 4094 3495 4148 steriles

1892 4185 2104 4240 fuerunt
2134 4187 2268 4249 istm,
2295 4195 2350 4238 ut
2378 4184 2692 4240 crederetur
2718 4184 3037 4253 virginitatis
3065 4194 3268 4253 partus,
3295 4194 3351 4238 ut
3379 4185 3492 4253 ipsa

1891 4279 2234 4333 induceretur
2263 4278 2328 4331 ad
2374 4278 2531 4331 lident
2578 4277 2969 4345 promissionis.
3004 4278 3141 4329 Audi
3191 4276 3332 4330 enim
3364 4276 3492 4344 quid

1892 4372 2020 4426 dicit
2049 4373 2268 4442 angelus
2300 4371 2394 4424 Dei
2437 4387 2449 4422 :
2487 4370 2713 4439 Spiritus
2750 4380 2954 4422 sanctus
2979 4369 3138 4421 veniet
3168 4385 3316 4436 super
3347 4377 3409 4432 te,
3446 4377 3494 4421 et

1891 4465 2048 4518 virtus
2076 4465 2322 4518 Altissimi
2359 4462 2670 4516 obuntbrabit
2697 4461 2784 4513 tibi
2805 4459 3101 4530 (Ibidem).
3133 4458 3221 4512 Sic
3242 4500 3256 4522 ,
3288 4457 3493 4528 inquit,

1893 4559 2092 4626 poteris
2113 4569 2318 4623 parere.
2344 4554 2534 4608 Totum
2557 4553 2866 4621 Operatione
2889 4552 3118 4620 Spiritus
3141 4550 3266 4605 erit.
3289 4549 3366 4605 Ne
3397 4550 3496 4619 igi-

1895 4659 1979 4702 tur
2006 4655 2216 4717 spectes
2244 4648 2292 4700 in
2327 4655 2546 4709 terram,
2575 4660 2605 4699 c
2631 4645 2782 4699 ctelis
2807 4645 3047 4714 Operatio
3074 4644 3236 4698 venit.
3266 4643 3498 4713 Spiritus

1891 4741 2076 4810 gratia:
2120 4747 2204 4794 est
2249 4737 2391 4807 quod
2439 4737 2523 4799 fit,
2557 4751 2624 4789 ne
2653 4749 2864 4804 quatras
2889 4743 3094 4787 natura:
3139 4734 3396 4797 modum,
3433 4749 3501 4788 tte

1894 4833 2187 4887 secundum
2213 4832 2515 4900 nuptiarum
2539 4829 2685 4896 leges
2705 4828 2990 4897 intelligas.
3019 4827 3215 4880 Verum
3241 4827 3496 4896 quoniam

1895 4925 2097 4993 majora
2126 4933 2249 4978 sunt
2288 4923 2449 4977 verba
2482 4922 2616 4988 hate,
2642 4936 2800 4991 quam
2834 4933 2889 4974 ut
2917 4921 3004 4974 illa
3036 4929 3270 4990 caperet,
3302 4918 3414 4973 vult
3441 4927 3494 4973 et

1894 5017 2051 5070 aliam
2083 5016 2128 5070 ei
2156 5017 2393 5085 praebere
2417 5012 2952 5069 demonstrationem.

1966 5109 2017 5162 5.
2060 5108 2142 5162 Tu
2174 5116 2389 5172 autem,
2439 5105 2666 5171 dilecte,
2716 5103 2934 5158 attende
2983 5102 3252 5171 quomodo
3297 5100 3497 5156 sterilis

1897 5201 2050 5253 istam
2077 5199 2395 5253 manuducut
2425 5196 2489 5251 ad
2522 5196 2680 5250 fidem
2712 5203 2915 5264 partus.
2944 5193 3207 5261 Quoniam
3239 5194 3384 5262 prior
3404 5192 3497 5247 de-

1898 5291 2214 5342 monstratio
2253 5287 2422 5356 major
2447 5294 2562 5341 erat
2586 5285 2908 5354 cogitatione
2937 5284 3177 5352 virginis,
3205 5284 3328 5337 audi
3359 5297 3492 5352 quo-

1899 5379 2057 5434 modo
2081 5387 2135 5432 et
2158 5378 2495 5431 humiliorem
2523 5390 2829 5430 sermonem
2856 5373 3067 5439 afferat,
3102 5388 3197 5443 per
3225 5373 3496 5429 sensibilia

1898 5470 2068 5539 ipsam
2092 5469 2479 5524 manuducens.
2509 5465 2578 5520 Et
2604 5483 2735 5532 ecce,
2765 5466 2957 5536 inquit,
2989 5463 3255 5519 Elisabetlt
3280 5474 3496 5536 cognata

1897 5573 1984 5615 tua
2011 5571 2056 5614 et
2078 5561 2188 5632 ipsa
2209 5561 2432 5630 concepit
2452 5560 2620 5628 ﬁlium
2641 5559 2694 5612 in
2720 5568 2969 5612 senectute
2991 5575 3086 5611 sua
3117 5572 3136 5610 :
3172 5567 3217 5609 et
3242 5558 3323 5610 Itie
3350 5573 3494 5611 men-

1897 5656 1965 5707 sis
1986 5664 2158 5708 sextus
2186 5663 2261 5706 est
2286 5653 2331 5706 ei
2351 5668 2464 5722 qua:
2485 5659 2694 5705 vocatur
2718 5649 2905 5704 sterilis
2930 5648 3080 5719 (an.
3109 5650 3160 5704 1.
3189 5649 3303 5717 56).
3336 5648 3496 5703 Vidtzs

1902 5759 1958 5804 ut
1982 5749 2180 5803 sterilis
2209 5756 2427 5818 propter
2457 5745 2714 5817 virginem
2759 5743 2814 5800 in
2854 5742 3091 5802 medium
3129 5743 3198 5798 sit
3225 5737 3494 5792 adducta"
