4060 6426
574 367 677 429 ιω

570 477 817 550 Alioquin
851 475 1002 546 cujus
1038 472 1118 530 rei
1142 471 1314 545 gratia
1342 469 1613 526 retulisset
1651 475 1858 536 partum
1887 470 2147 533 cognatm,

571 568 726 639 cujus
747 568 875 626 item
899 563 1065 634 gratia
1090 559 1334 630 dixisset,
1367 558 1495 626 Qua:
1511 567 1718 614 uocatur
1739 555 1924 611 sterilis
1939 555 1964 607 ?
1990 553 2153 609 Plane

569 671 666 726 per
692 657 868 714 annois
890 641 1189 710 deducebat
1210 667 1329 709 eam
1359 650 1426 707 ad
1450 647 1775 706 credendum
1804 643 2150 702 annuntiatio-

572 747 660 800 ni:
685 753 967 818 propterea
991 752 1045 798 et
1067 754 1276 814 tempus
1300 740 1454 808 dixit,
1480 748 1536 795 et
1555 749 1757 794 natura:
1779 737 2146 792 sterilitatem:

570 843 850 903 propterea
898 843 950 888 et
981 843 1192 903 tempus
1220 833 1424 887 distulit
1451 829 1835 899 conceptionis.
1866 822 1980 882 Non
2007 825 2150 880 enim

568 924 747 986 statim
773 939 803 977 a
832 924 1094 995 principio
1131 924 1179 980 ei
1218 924 1585 978 annuntiatuxn
1605 927 1689 976 est
1707 958 1723 984 ,
1752 917 1849 975 sed
1878 916 2151 988 prmterito

570 1024 808 1084 tempore
827 1017 1094 1082 semestri,
1125 1024 1183 1070 ut
1211 1012 1349 1070 uteri
1376 1011 1586 1066 sarcina
1620 1009 2024 1079 conceptionem
2052 1006 2149 1061 do-

565 1114 731 1161 ceret.
751 1106 818 1160 Et
833 1105 955 1160 vide
977 1113 1175 1177 quanta
1191 1101 1404 1160 Gabriel
1420 1102 1584 1157 utitur
1600 1099 1836 1156 solertia.
1864 1097 1978 1153 Non
2008 1098 2149 1152 etum

569 1199 621 1252 in
641 1183 949 1268 metnoriam
966 1198 1016 1253 ei
1041 1193 1248 1251 reducit
1271 1194 1352 1251 vel
1370 1193 1608 1259 Sacram,
1629 1190 1711 1247 vel
1729 1191 2043 1256 Rebeccam,
2069 1190 2149 1244 vel

570 1283 879 1350 ltachelcm.
903 1271 1082 1350 Quare
1111 1295 1165 1339 et
1189 1298 1350 1354 quam
1377 1282 1449 1336 ob
1463 1295 1680 1337 causam
1702 1281 1726 1333 ΐ
1745 1279 1877 1334 Nam
1906 1278 1987 1333 us:
2011 1294 2148 1348 quo-

565 1389 671 1444 que
699 1377 912 1429 fuerunt
925 1375 1161 1439 steriles,
1183 1383 1236 1428 et
1254 1373 1467 1438 vetulze,
1490 1380 1545 1427 et
1567 1384 1815 1440 magnum
1838 1368 2150 1424 miraculum

568 1465 621 1519 in
649 1465 752 1520 illis
779 1464 875 1520 fuit
901 1482 915 1518 :
949 1465 1042 1520 sed
1070 1464 1192 1536 quia
1220 1479 1407 1521 omnes
1439 1463 1524 1524 ha:
1553 1463 1889 1519 uenationes
1921 1461 2153 1530 antiqum

567 1564 753 1622 erant,
796 1555 1011 1610 adducit
1052 1570 1168 1610 eam
1199 1554 1266 1610 ad
1307 1554 1358 1608 id
1388 1552 1525 1624 quod
1556 1567 1725 1628 nuper
1748 1551 2068 1622 contigerat,
2099 1540 2157 1603 ut

569 1648 803 1701 mentem
830 1645 1033 1715 ejusad
1059 1644 1385 1711 credendum
1411 1652 1746 1713 provocarat.

649 1735 839 1808 Viginti
863 1735 1010 1790 aenis
1034 1744 1318 1805 perseuerat
1356 1752 1507 1798 orans
1536 1733 1709 1789 Isaac.
1737 1762 1811 1774 —-
1829 1731 1932 1789 Sed
1964 1747 2154 1788 neces-

567 1826 768 1896 sarium
795 1835 964 1890 est-ut
992 1825 1388 1887 adinstitutum
1416 1839 1721 1881 sermonem
1751 1822 2034 1879 redeamus
2057 1864 2072 1884 .
2104 1832 2159 1876 ct

569 1917 932 1987 signiﬁcemus
966 1911 1095 1986 justi
1145 1917 1436 1981 virtutem,
1489 1923 1545 1971 et
1589 1914 1860 1983 quomodo
1909 1913 2158 1984 precibus

569 1995 905 2067 sterilitatem
934 2006 1192 2064 Rebeccae
1219 2006 1474 2072 solverit,
1506 2015 1561 2060 et.
1588 2005 1795 2060 vincula
1836 2013 2037 2059 natura:
2065 2019 2157 2069 stt-

569 2097 850 2166 pcravcrit.
877 2096 971 2151 ει.
1004 2097 1382 2166 Deprecabatnr
1405 2106 1592 2158 autem,
1621 2097 1782 2160 dicit,
1811 2111 1910 2165 pro
1938 2093 2157 2148 Rebecca

567 2202 722 2241 uxore
746 2203 859 2252 sua,
881 2187 1116 2254 quoniam
1138 2188 1321 2241 sterilis
1346 2197 1452 2240 erat
1469 2228 1483 2250 ,
1506 2194 1554 2240 et
1581 2185 1835 2240 exaudivit
1861 2201 1974 2240 eum
1994 2180 2154 2238 Dens.

567 2275 683 2338 Non
709 2279 828 2346 quia
852 2292 976 2332 mox
1005 2277 1076 2331 ita
1102 2277 1345 2332 subditur
1363 2286 1418 2332 et
1445 2277 1699 2346 scriptum
1725 2283 1831 2343 est,
1861 2284 2014 2345 putes
2033 2289 2157 2329 eum

567 2383 598 2421 e
627 2367 849 2437 vestigio
885 2376 939 2428 et
968 2368 1211 2436 protinus
1244 2374 1584 2435 assequutum
1618 2379 1739 2421 esse
1773 2365 1913 2434 quod
1940 2365 2159 2434 optabat

567 2457 938 2531 etqnmrcbat.
979 2456 1108 2511 Nam
1141 2456 1320 2529 viginti
1352 2456 1506 2512 anuis
1537 2455 1894 2523 perseveravit
1921 2470 2082 2508 orans
2106 2462 2161 2510 ct

565 2545 861 2615 deprecans
887 2548 1070 2610 Deum,
1094 2555 1144 2600 et
1173 2555 1297 2601 tunc
1322 2545 1532 2602 tandem
1557 2553 1875 2614 assequutus
1903 2555 1984 2599 est
2014 2544 2156 2615 quod

568 2636 921 2692 desiderabat.
950 2637 1016 2692 Et
1053 2634 1192 2692 unde
1218 2637 1447 2692 sciemus
1473 2635 1610 2690 hoc?
1640 2635 1696 2690 Si
1731 2635 2009 2705 diligenter
2037 2650 2156 2704 per.

569 2742 844 2787 curramus
868 2713 1076 2798 qnaziin
1113 2727 1291 2782 divina
1331 2727 1602 2797 Scriptum
1645 2725 2006 2782 continentur.
2039 2725 2155 2780 Non

569 2819 714 2887 enim
737 2829 946 2888 tempus
972 2817 1126 2873 nobis
1154 2817 1521 2874 absconditum
1546 2825 1647 2882 est,
1676 2815 1769 2871 sed
1793 2815 2024 2885 signavit
2043 2816 2160 2886 qui-

568 2907 750 2984 dem,»
778 2909 1000 2962 latenter
1052 2918 1264 2972 tamen,
1315 2908 1385 2962 ita
1438 2914 1496 2961 ut
1548 2915 1799 2974 provocet
1836 2905 2160 2961 desiderium

569 3007 848 3064 nostrum,
893 3006 948 3053 et
973 2998 1040 3052 ad
1084 2998 1296 3068 dignam
1332 2995 1729 3067 inquisitionem
1778 2996 1980 3051 incitet.
2028 2996 2161 3050 Nam

569 3089 707 3143 sicut
745 3089 925 3144 docuit
963 3103 1061 3147 nos
1103 3103 1363 3143 annorum
1407 3102 1690 3142 numerum
1728 3101 1887 3156 quem
1927 3085 2112 3140 habuit
2141 3087 2158 3118 *

569 3176 783 3247 quando
815 3179 1109 3234 Rebeccam
1136 3179 1305 3245 duxit,
1337 3179 1406 3233 ita
1435 3178 1612 3234 ethoc
1635 3178 1789 3232 nobis
1820 3179 1992 3248 palam
2017 3177 2160 3233 fecit.

573 3270 701 3324 Erat
723 3272 886 3336 enim,
913 3272 1102 3342 inquit,
1127 3271 1276 3325 Isaac
1301 3288 1552 3326 annorum
1580 3272 1935 3342 quadraginta,
1959 3273 2163 3341 quando

570 3364 764 3431 accepit
788 3362 1062 3417 Itebeccam
1082 3363 1244 3431 ﬁliam
1269 3361 1540 3416 Batltuelis
1571 3361 1710 3432 Syri.
1771 3361 2005 3417 Didicisti
2036 3362 2160 3418 dili-

569 3461 757 3523 genter
801 3463 1028 3523 tempus.
1061 3452 1260 3508 Deinde
1300 3461 1580 3523 postquam
1623 3452 1798 3506 dixit:
1847 3451 2163 3520 Deprecatus

571 3553 641 3598 est
672 3543 824 3597 Isaac
854 3560 945 3610 pro
970 3561 1126 3598 uxore
1151 3561 1264 3609 sua,
1296 3546 1415 3615 quia
1443 3545 1626 3598 sterilis
1657 3553 1782 3610 erat,
1812 3552 1869 3598 ut
1894 3545 2160 3600 discamus

572 3651 830 3692 annorum
880 3649 1181 3702 numerum,
1227 3636 1513 3705 assignavit
1552 3635 1708 3690 nobis
1736 3644 1866 3706 quot
1900 3650 2162 3691 annorum

573 3722 728 3778 fuerit
760 3724 904 3778 lsaac
931 3725 1143 3795 quando
1170 3727 1278 3779 nati
1319 3733 1444 3780 sunt
1477 3725 1527 3780 ei
1560 3725 1651 3780 lilii
1683 3725 1753 3780 de
1780 3724 2040 3780 Rebecca.
2067 3725 2158 3780 26.

575 3813 706 3867 Erat
733 3816 867 3867 enim
894 3814 1047 3868 Isaac
1071 3855 1086 3878 ,
1119 3815 1310 3884 inquit,
1341 3831 1591 3869 annorum
1634 3816 1895 3885 sexaginta
1914 3857 1928 3881 ,
1959 3817 2162 3886 quando

575 3906 766 3976 peperit
797 3904 1039 3959 Rebecca.
1083 3905 1138 3961 Si
1178 3907 1340 3976 igitur
1369 3905 1714 3977 quadraginta
1746 3922 2007 3961 annorum
2046 3920 2162 3963 erat

575 3993 786 4065 quando
815 3979 958 4049 illam
985 3994 1172 4061 duxit,
1204 3996 1476 4066 sexaginta
1505 4004 1687 4050 autem
1713 3996 1926 4064 quando
1957 3999 2162 4066 peperit

576 4101 725 4149 uxor,
757 4085 1094 4142 manifestum
1123 4096 1204 4140 est
1234 4101 1356 4141 eum
1391 4087 1545 4141 anuis
1573 4086 1758 4155 viginti
1789 4101 2162 4156 perseverasse

577 4185 818 4230 orantem
851 4176 1038 4239 Deum,
1067 4184 1121 4229 et
1149 4183 1359 4230 uterum
1390 4175 1643 4230 Rebeccae
1673 4175 1912 4230 iutuilem
1939 4190 2164 4244 genera-

579 4266 741 4330 tioni,
793 4264 1040 4322 idoneum
1087 4264 1420 4337 fecissem.
1469 4264 1688 4319 Vidistis
1731 4265 1992 4320 orationis
2033 4266 2157 4332 vim,

578 4354 843 4427 quomodo
891 4365 947 4410 et
989 4366 1230 4412 naturam
1275 4355 1443 4425 ipsam
1487 4355 1738 4425 superet?
1784 4355 1936 4410 lluuc
1978 4371 2164 4413 omnes

581 4447 878 4511 imitemur,
910 4455 966 4501 et
992 4448 1062 4500 ita
1088 4446 1140 4501 in
1165 4445 1408 4516 precibus
1437 4446 1605 4501 simus
1633 4444 1854 4511 assidui,
1880 4447 2166 4518 animoque

581 4539 740 4595 sobrii
768 4549 818 4594 et
845 4539 1075 4594 humiles
1098 4557 1112 4593 :
1145 4537 1526 4607 sudiamusque
1549 4537 1769 4592 Paulum
1789 4538 2164 4595 admonentem

586 4642 639 4687 et
677 4632 980 4687 dicentem:
1030 4631 1272 4685 Leuantes
1313 4640 1512 4684 sanctas
1556 4647 1735 4683 manus
1771 4631 1956 4701 absque
1997 4633 2074 4685 ira
2122 4642 2169 4687 et

569 4721 1018 4792 disceptationibus
1037 4720 1112 4792 (l.
1141 4720 1272 4774 Tim.
1293 4722 1345 4774 2.
1355 4719 1409 4794 8)
1432 4741 1443 4774 :
1473 4731 1527 4776 et
1551 4721 1856 4777 Studeamus
1875 4737 2086 4795 semper
2109 4726 2173 4778 Ιί-

583 4813 754 4868 berari
797 4827 829 4867 a
878 4812 1293 4882 perturbatione,
1334 4821 1394 4868 ut
1435 4827 1590 4868 mens
1633 4813 1700 4867 sit
1741 4813 1794 4867 in
1837 4817 2123 4884 tranquillo
2149 4859 2164 4882 ,

582 4903 810 4957 maxime
833 4910 1011 4957 autem
1041 4917 1254 4972 precum
1283 4913 1552 4973 tempore,
1586 4903 1802 4973 quando
1823 4905 1988 4959 multa
2017 4907 2168 4962 nobis

581 5005 715 5062 opus
741 5000 824 5046 est
862 5007 893 5046 a
935 4986 1046 5046 Deo
1070 4991 1413 5061 benignitate.
1445 4991 1578 5046 Nam
1609 4993 1653 5046 si
1695 5007 1796 5057 nos
1827 4994 2024 5049 viderit
2051 5011 2170 5064 prc-

579 5081 690 5136 cari
715 5081 1005 5139 secundum
1025 5082 1171 5151 leges
1197 5084 1264 5137 ab
1284 5097 1344 5138 se
1372 5084 1589 5152 positas,
1614 5085 1795 5141 statim
1823 5084 1977 5143 nobis
2001 5086 2169 5141 dono-

581 5188 703 5228 rnm
740 5189 960 5229 suorum
1005 5173 1303 5244 largitatem
1349 5174 1635 5232 liberaliter
1684 5178 1975 5234 concedet:
2026 5179 2168 5248 quod

584 5263 737 5316 nobis
779 5264 989 5332 assequi
1044 5263 1221 5332 liceat,
1266 5265 1433 5334 gratia
1481 5273 1539 5319 et
1578 5265 1902 5337 benignitate
1956 5269 2167 5324 Domini

586 5352 752 5408 nostri
775 5351 904 5408 Jesu
926 5351 1157 5419 Christi,
1183 5369 1303 5408 cum
1329 5369 1434 5424 quo
1464 5355 1602 5411 Patri
1632 5357 1700 5412 sit
1723 5357 1890 5427 gloria
1907 5400 1920 5423 ,
1956 5358 2127 5414 honor
2151 5402 2166 5428 ,

588 5440 868 5510 imperium
890 5483 907 5508 ,
934 5443 1090 5498 simul
1117 5453 1170 5500 et
1199 5455 1384 5500 sancto
1410 5445 1650 5518 Spiritui,
1680 5464 1819 5504 nunc
1844 5458 1899 5506 ct
1916 5464 2128 5522 semper
2140 5491 2166 5529 ,

589 5542 644 5586 ct
669 5531 720 5585 in
749 5533 941 5588 secula
968 5533 1304 5591 smculorum.
1334 5538 1526 5592 Amen.

656 5646 677 5710 ε
707 5645 846 5710 coist.
870 5647 1067 5710 omllttt,
1088 5660 1228 5710 quem
1251 5649 1433 5700 habuit.

657 5704 733 5778 (ct)
766 5704 1318 5778 tlucdesinltlbutsillc
1337 5712 1546 5778 hinc._ut
1569 5722 1780 5778 tutatur,
1802 5731 1826 5766 a
1847 5719 2177 5778 Chrysostomo

588 5771 853 5830 excerptas
872 5769 922 5818 in
942 5770 1139 5821 timuiita
1163 5777 1228 5822 De
1254 5785 1350 5821 non
1372 5769 1658 5837 cv‘ulgaudis
1679 5769 1877 5829 fratrum

1342 360 1402 418 S.
1441 355 1716 417 10thle
1750 345 2224 410 (ιιιιιτδοθτοιιι
2262 347 2581 407 ARGHIEP.
2619 350 3163 410 CONSTANTINOP.

3755 352 3864 414 με

2869 464 3146 521 ιιοιιιωρι
3186 464 3249 522 L.

2253 593 2494 666 Cmtrepit
2541 602 2711 653 autem
2764 593 2989 653 Rebecca
3009 640 3026 667 ,
3080 608 3132 654 et
3181 594 3505 658 collaudata
3554 601 3765 676 parvuli
3800 602 3861 657 in

2717 688 2812 743 ille
2848 686 3004 760 (Gen.
3030 686 3124 747 25.
3149 686 3241 746 2|.
3269 684 3386 762 2!).

2330 822 2379 878 l.
2413 822 2583 878 Vultis
2608 823 2772 878 etiam
2793 823 2953 879 hodie
2975 838 3310 894 apponamus
3332 824 3541 882 caritati
3571 835 3774 882 vestra
3798 841 3860 883 es

2253 927 2374 981 qua:
2399 911 2454 966 in
2478 911 2710 968 lectione
2731 913 2982 969 hesterna
3011 914 3197 968 relicta
3225 916 3388 969 sunt?
3416 915 3498 970 Ad
3520 916 3685 971 linem
3713 918 3858 972 enim

2256 1002 2550 1071 perducere
2580 1012 2751 1060 totum
2764 1015 3134 1076 argumentum
3158 1007 3530 1077 nequivimus;
3552 1008 3649 1063 sed
3676 1019 3861 1065 osten-

2254 1093 2430 1148 dimus
2469 1110 2566 1164 per
2600 1095 2844 1150 assiduas
2883 1111 3068 1166 preces
3112 1096 3262 1152 Isaac
3307 1098 3548 1170 potuisse
3593 1097 3860 1155 Rebecca

2253 1184 2462 1238 vulvam
2490 1185 2721 1241 filiorum
2747 1186 3078 1256 gener-atieni
3117 1187 3348 1244 reddere
3376 1188 3624 1244 idoneam
3654 1229 3672 1258 ,
3700 1197 3861 1244 utn-

2253 1289 2476 1345 ramque
2514 1275 2687 1346 ipsam
2715 1276 2959 1334 inutilem
2998 1276 3194 1332 factam
3212 1316 3230 1345 ,
3259 1287 3327 1341 ut
3347 1278 3420 1334 ita
3446 1279 3624 1334 dicam
3644 1319 3669 1346 ,
3695 1295 3859 1351 τερα.

2257 1381 2376 1421 rare
2401 1385 2415 1420 :
2445 1367 2560 1422 hmo
2584 1367 2760 1423 cumis
2789 1367 2905 1422 heri
2930 1368 3062 1425 satis
3089 1383 3186 1425 vos
3213 1369 3518 1437 docuimus,
3541 1379 3860 1427 monstran-

2259 1467 2339 1513 tes
2377 1473 2641 1514 annorum
2687 1474 3004 1527 numerum,
3036 1461 3266 1531 quibus,
3299 1471 3360 1516 ut
3399 1461 3505 1518 hoc
3546 1463 3864 1533 impetraret

2256 1548 2444 1604 beatus
2473 1550 2585 1616 ille,
2613 1564 2775 1606 orans
2801 1559 2858 1606 et
2881 1552 3180 1621 deprecans
3206 1553 3504 1622 permansit
3531 1570 3547 1608 :
3571 1564 3630 1609 et
3651 1555 3710 1610 in
3737 1568 3858 1611 ser-

2259 1652 2474 1694 monem
2497 1639 2567 1694 de
2587 1639 2858 1695 sterilibus
2876 1642 3101 1711 egressi,
3123 1641 3266 1696 dicta
3285 1642 3437 1697 vobis
3452 1657 3614 1700 causa
3637 1654 3863 1715 propter

2257 1743 2414 1798 quam
2438 1728 2710 1799 iustorum
2735 1730 2948 1786 illorum
2976 1745 3174 1792 uxores
3201 1733 3416 1788 steriles
3444 1735 3592 1788 fuere
3609 1771 3628 1801 ,
3652 1748 3864 1789 semo-

2259 1833 2382 1872 nem
2403 1820 2626 1874 missum
2653 1820 2898 1876 fecimus.
2929 1820 3118 1893 Operae
3161 1823 3390 1892 pretium
3438 1831 3621 1879 autem
3649 1833 3736 1880 est
3764 1839 3864 1880 nos

2259 1909 2418 1965 hodie
2453 1910 2663 1967 discere
2691 1911 2948 1968 Rebecca:
2993 1913 3297 1984 religiosam
3340 1923 3597 1980 mentem,
3648 1926 3710 1970 ut
3754 1931 3862 1970 non

2258 2001 2436 2055 solum
2460 2001 2615 2056 nobis
2634 2016 2665 2056 a
2688 2002 2885 2056 virtute
2905 2002 3037 2072 justi
3060 2004 3270 2061 lucrum
3295 2004 3536 2069 accedat,
3567 2003 3666 2060 sed
3697 2006 3863 2060 etiam

2257 2103 2322 2145 ex
2352 2089 2573 2146 historia
2595 2106 2715 2162 qua
2741 2091 3041 2147 Rebeceam
3067 2093 3324 2164 respicit,
3351 2093 3418 2148 ad
3461 2095 3867 2150 aemulationem

2260 2194 2551 2250 provocare
2589 2182 2857 2252 possimus
2882 2181 3176 2238 auditores.
3211 2182 3502 2254 Postquam
3529 2184 3675 2239 enim
3722 2184 3867 2240 Deus

2260 2272 2530 2327 exaudivit
2566 2275 2867 2329 orationem
2905 2274 3074 2345 justi,
3099 2275 3190 2330 2|.
3219 2274 3288 2329 Et
3327 2284 3524 2330 uterum
3559 2277 3726 2346 ‘gcsst't
3757 2275 3864 2332 Re-

2260 2353 2428 2429 ὕδωα,
2456 2362 2546 2417 2‘2.
2587 2364 2945 2431 colludebant,
2998 2365 3204 2436 inquit,
3238 2366 3381 2433 pueri
3419 2366 3474 2420 in
3515 2381 3614 2432 ea,
3664 2377 3718 2421 et
3749 2382 3868 2422 ωας

2260 2468 2366 2524 gno
2411 2469 2531 2518 eam
2559 2455 2748 2512 dolore
2790 2455 3114 2512 efﬁciebant.
3161 2455 3302 2511 Dixit
3342 2458 3512 2525 enim,
3537 2458 3751 2528 inquit,
3803 2459 3866 2513 Si

2261 2546 2335 2598 sic
2379 2546 2504 2599 mihi
2548 2547 2779 2615 futurum
2827 2547 2933 2614 sit,
2985 2564 3076 2608 cur
3121 2549 3246 2601 mihi
3289 2548 3432 2602 hoc?
3474 2548 3661 2620 Neque
3711 2551 3864 2605 enim

2265 2650 2400 2690 unus
2463 2645 2580 2691 erat
2634 2637 2971 2705 nasciturus,
3033 2639 3128 2694 sed
3177 2639 3314 2694 duos
3368 2638 3530 2694 simul
3586 2641 3641 2694 in
3709 2650 3867 2696 utero

2263 2741 2459 2797 pueros
2497 2729 2760 2798 gestabat,
2804 2737 2862 2784 ct
2899 2744 2968 2784 ex
3009 2729 3251 2799 angustia
3291 2729 3515 2785 multum
3560 2731 3863 2785 cruciatum

2263 2820 2546 2874 sentiebat.
2573 2820 2678 2876 Sed
2722 2821 2811 2876 hic
2848 2821 2988 2887 vide,
3037 2821 3283 2887 obsecro,
3328 2823 3568 2877 mulieris
3608 2825 3867 2892 pietatem

2263 2918 2318 2964 et
2342 2911 2678 2980 religionem.
2708 2910 2825 2966 Non
2853 2912 2999 2966 enim
3027 2913 3167 2968 sicut
3207 2913 3458 2967 mulieres
3504 2913 3714 2978 titulun,
3741 2929 3868 2985 qua

2265 3000 2593 3069 negligenter
2631 3002 2831 3064 vivunt,
2885 3001 3044 3056 hodie
3093 3002 3268 3058 facere
3313 3013 3751 3070 consueverunt,
3796 3006 3866 3061 ad

2266 3089 2554 3145 humanum
2582 3092 2819 3162 confugit
2854 3092 3183 3158 subsidium,
3215 3107 3322 3148 non
3362 3093 3430 3148 ad
3467 3108 3562 3149 eos
3600 3096 3692 3165 qui
3739 3096 3866 3152 talia

2265 3184 2375 3238 suis
2416 3185 2757 3253 conjecturis,
2793 3201 3007 3256 sumque
3033 3186 3254 3242 rationis
3279 3189 3748 3245 observationibus
3773 3190 3865 3259 ju.

2264 3273 2443 3328 dicare
2486 3276 2706 3341 volunt;
2737 3290 2909 3345 neque
2935 3289 2994 3330 se
3021 3277 3269 3346 exposuit
3300 3276 3604 3348 deceptioni
3629 3280 3866 3347 circula-

2266 3377 2460 3431 torem,
2489 3377 2544 3422 et
2568 3381 2753 3422 eorum
2782 3368 2868 3437 qui
2896 3368 3150 3437 pollicere
3177 3369 3378 3424 audent
3400 3386 3518 3441 qua:
3551 3356 3718 3441 supra
3762 3372 3867 3427 ιω-

2263 3473 2476 3512 manam
2504 3466 2629 3512 sunt
2669 3465 2912 3512 naturam
2946 3457 3077 3513 :sed
3101 3458 3257 3524 Abiit,
3284 3459 3474 3530 inquit,
3497 3470 3552 3513 ut
3579 3463 3870 3518 consuleret

2261 3546 2560 3620 Donu'num.
2589 3550 2724 3605 Vide
2747 3551 2985 3606 mulieris
3025 3551 3389 3621 sagacitatem.
3422 3552 3688 3621 Quoniam
3734 3555 3868 3611 vidit

2263 3657 2387 3698 eum
2424 3643 2513 3711 qui
2551 3644 2758 3698 vulvam
2798 3643 2914 3714 ejus
2954 3653 3238 3710 reserarat,
3281 3653 3338 3700 et
3384 3647 3474 3717 qui
3520 3647 3868 3704 infecundum

2265 3743 2507 3789 ventrem
2538 3745 2758 3805 repente
2784 3736 2852 3790 ita
2878 3735 3160 3791 fecundum
3189 3735 3458 3804 eﬂecerat,
3495 3747 3706 3794 natura
3741 3754 3868 3796 esse

2267 3825 2574 3891 Dominum,
2605 3828 2855 3896 quoniam
2884 3826 3015 3880 vidit
3036 3828 3172 3881 uteri
3201 3827 3467 3882 sarcinam
3494 3844 3685 3899 magna
3717 3846 3868 3901 qua:-

2263 3916 2387 3972 dam
2416 3918 2748 3988 promittere,
2769 3917 2923 3985 Abiit,
2944 3919 3132 3990 inquit,
3162 3929 3218 3974 ut
3247 3920 3532 3975 consuleret
3562 3921 3866 3980 Dominum.

2265 4007 2403 4074 Quid
2429 4017 2532 4074 est,
2561 4008 2692 4062 Abiit
2719 4018 2774 4062 ut
2819 4011 3098 4064 consuleret
3123 4010 3445 4068 Dominum?
3498 4015 3748 4074 Cucurrit
3801 4021 3870 4078 ad

2268 4115 2449 4154 veram
2477 4101 2776 4169 scientiam,
2808 4113 2861 4157 et
2889 4101 3159 4159 festinavit
3183 4105 3249 4160 ad
3279 4106 3615 4164 sacerdotem
3648 4111 3747 4167 Dei
3762 4114 3864 4169 uti-

2268 4191 2518 4259 nistrum,
2557 4207 2653 4262 per
2671 4207 2835 4263 quem
2868 4194 3095 4250 latenter
3121 4195 3198 4250 rei
3223 4197 3500 4252 scientiam
3527 4198 3743 4257 discere
3767 4218 3868 4259 cn-

2269 4281 2447 4350 picbat
2473 4282 2489 4312 ¹
2521 4300 2535 4337 :
2564 4291 2619 4337 et
2642 4298 2900 4339 enarrans
2917 4285 3094 4341 omnia
3114 4301 3236 4357 qua:
3265 4287 3367 4342 sibi
3393 4290 3754 4360 contigerant,
3781 4294 3868 4349 di-

2267 4373 2397 4429 dicit
2420 4374 2701 4445 diligenter
2727 4377 2927 4441 ornttia,
2945 4377 3291 4434 misericorde
3312 4379 3423 4435 Deo
3451 4395 3546 4450 per
3568 4385 3873 4443 sacerdotis

2269 4466 2505 4536 linguam
2554 4466 2834 4535 detegente
2870 4466 2920 4521 ci
2961 4467 3137 4522 omnia
3180 4469 3497 4537 manifeste,
3539 4483 3596 4528 et
3633 4475 3872 4531 alacrio-

2270 4573 2383 4612 rem
2413 4572 2530 4612 eam
2558 4558 2830 4614 reddente.
2849 4559 2913 4614 Et
2939 4568 2996 4613 ut
3021 4560 3160 4615 scias
3180 4572 3374 4632 quanta
3402 4573 3529 4620 tunc
3549 4574 3665 4621 erat
3680 4582 3872 4624 sacer-

2271 4649 2452 4703 dotunt
2479 4644 2732 4721 dignitas,
2759 4666 3019 4723 nusquam
3049 4653 3180 4708 dicit
3203 4655 3534 4711 sacerdotem
3562 4659 3611 4713 ei
3639 4675 3872 4730 respon-

2272 4742 2435 4806 disse,
2450 4742 2543 4798 sed
2563 4752 2838 4813 postquam
2868 4744 3021 4811 dixit,
3038 4745 3171 4799 Abiit
3188 4755 3244 4799 ut
3258 4748 3543 4802 consuleret
3560 4748 3868 4820 Dominum,

2272 4833 2530 4904 subjecit,
2559 4834 2650 4889 23.
2674 4834 2742 4887 Et
2762 4835 2890 4888 dixit
2922 4833 3459 4908 Dominusei,nempe
3488 4855 3583 4909 per
3613 4845 3872 4900 sacerdo-

2274 4934 2400 4991 tem,
2417 4925 2560 4979 Duas
2570 4936 2740 4997 gentes
2750 4927 2802 4981 in
2818 4935 2960 4980 utero
2977 4940 3061 4981 tuo
3077 4930 3318 4982 contines.
3341 4929 3550 4986 Etenim
3563 4941 3618 4986 et
3630 4933 3735 4987 alio
3751 4935 3875 4992 loco

2273 5019 2518 5089 angelum
2542 5029 2694 5073 vocat
2713 5019 3043 5076 sacerdotem
3063 5020 3241 5075 divina
3252 5020 3546 5092 Scriptura,
3578 5027 3876 5085 ostendens

2276 5111 2423 5166 illum
2442 5127 2504 5167 ea
2522 5112 2688 5182 loqui,
2720 5128 2838 5182 quae
2866 5113 3083 5183 inspirat
3103 5128 3166 5168 ac
3179 5117 3417 5186 suggerit
3432 5115 3661 5186 Spiritus
3673 5123 3871 5190 gratia.

2279 5202 2419 5256 Dixit
2448 5203 2608 5274 igitur
2637 5203 2891 5258 Dominus
2915 5205 2964 5260 ei
2994 5220 3092 5274 per
3117 5204 3490 5262 sacerdotem:
3526 5206 3660 5262 Data:
3700 5224 3876 5281 gentes

2275 5293 2328 5347 in
2355 5303 2495 5348 utero
2519 5304 2605 5348 tuo
2627 5304 2766 5362 sunt,
2795 5305 2842 5349 et
2865 5295 2966 5350 duo
2985 5296 3163 5366 populi
3187 5297 3241 5350 in
3255 5307 3423 5352 ventre
3446 5305 3533 5353 tuo
3551 5300 3874 5370 dividentur,

2277 5395 2324 5439 et
2349 5387 2567 5457 populus
2591 5387 2779 5457 populo
2810 5388 3099 5458 prastabit,
3152 5397 3200 5443 et
3227 5391 3392 5462 major
3435 5394 3615 5447 seruiet
3661 5396 3874 5451 minori.

2280 5475 2413 5533 Vide
2438 5478 2745 5534 vaticinium
2784 5478 2929 5550 quod
2972 5477 3257 5536 mnifesto
3307 5481 3549 5552 praedicit
3591 5484 3643 5540 ei
3691 5487 3876 5547 onmia

2346 5662 2361 5690 ι
2398 5659 2536 5728 (χρίει,
2557 5667 2616 5728 _ct
2640 5664 2887 5728 Intermes
2910 5655 3139 5728 vulgatus
3159 5659 3205 5728 in
3231 5658 3443 5708 Editione
3470 5660 3653 5728 διοικειῇ
3680 5677 3694 5712 :
3726 5673 3778 5716 Et
3803 5666 3872 5726 fe-

2282 5720 2470 5788 stinavit
2501 5722 2565 5770 ad
2583 5719 2883 5788 sacerdotem
2908 5719 3309 5780 Dei’mint'strnm,
3333 5733 3420 5783 per
3438 5735 3582 5786 quem
3623 5719 3874 5781 taumatia

2287 5784 2530 5834 scientiam
2552 5783 2731 5828 colebat
2764 5783 2969 5832 discere.
