4060 6424
211 552 403 606 fautra.
434 547 698 606 Salientes
717 545 862 604 enim
892 544 1044 617 pueri
1065 545 1118 599 in
1145 552 1318 610 utero,
1347 553 1403 600 et
1431 541 1799 612 incompositis

209 641 448 714 gestibus
472 654 534 696 se
558 647 856 704 moventes,
875 636 987 707 jam
1003 637 1182 691 omnia
1201 634 1402 705 liquido
1417 633 1794 704 praedicabant:

201 741 265 789 et
292 746 433 787 nunc
457 730 650 787 didicit
671 729 862 784 mulier
883 742 987 782 non
1013 741 1074 783 se
1094 727 1229 782 duos
1279 726 1452 781 solum
1508 724 1795 795 parituram

209 834 424 894 pueros,
444 820 538 876 sed
559 828 612 875 et
631 820 749 873 illos
773 819 1015 889 ingentes
1053 815 1422 888 propagandos
1451 814 1588 902 fore,
1618 822 1674 870 et
1701 814 1799 864 IIII-

208 927 394 967 norem
439 909 627 980 majori
651 907 1046 964 dominaturum
1085 921 1228 962 esse.
1269 906 1334 960 Et
1360 903 1570 975 quando
1613 910 1795 972 postea

208 1003 650 1076 apprOpinquavit
691 1013 903 1073 tempus
946 1000 1205 1072 pariendi,
1258 999 1350 1054 25.
1397 998 1555 1061 Εεὶὶι,
1599 994 1791 1065 inquit,

206 1096 402 1162 primus
444 1099 621 1166 rufus,
648 1095 792 1166 quasi
837 1094 1005 1164 pellis,
1024 1092 1254 1164 hispidus
1281 1107 1302 1148 :
1329 1101 1376 1145 et
1401 1091 1592 1144 vocavit
1614 1105 1794 1142 nomen

205 1186 338 1256 ejus,
361 1185 520 1241 Esai.
540 1184 610 1240 Et
625 1195 797 1257 postea
812 1186 933 1240 eatiit
955 1189 1114 1258 frater
1127 1185 1258 1254 ejus,
1278 1193 1326 1239 et
1345 1199 1525 1236 manus
1539 1182 1647 1252 ejus
1665 1196 1798 1234 com-

195 1276 472 1346 prehendit
507 1278 798 1331 calcaneum
833 1274 996 1342 Esat't,
1022 1287 1070 1329 et
1097 1275 1288 1331 vocavit
1320 1261 1508 1328 nomen
1547 1272 1678 1343 ejus,
1697 1268 1794 1324 Ja-

195 1368 327 1422 cob‘
362 1382 383 1421 :
407 1369 558 1438 quasi
584 1369 690 1436 jam
716 1368 1017 1424 ctabinitio
1040 1374 1303 1423 monstret
1328 1366 1469 1420 Deus
1507 1366 1789 1427 minorem,

202 1458 501 1513 secundum
530 1458 584 1513 id
612 1457 752 1528 quod
790 1457 990 1513 dictum
1035 1466 1139 1524 est,
1168 1455 1356 1527 majori
1398 1469 1521 1511 esse
1551 1453 1792 1508 domina-

201 1555 403 1601 turum.
437 1547 574 1603 Dicit
607 1548 770 1615 enim,
801 1548 1017 1603 tenebat
1054 1562 1212 1600 manu
1249 1546 1557 1601 calcaneum
1600 1543 1741 1598 Esau
1772 1558 1792 1596 :

202 1637 258 1693 id
285 1639 427 1710 quod
470 1649 587 1695 erat
623 1641 832 1711 signum
862 1638 1164 1710 superantis
1190 1643 1311 1693 eu‘m
1359 1638 1448 1708 qui
1473 1636 1628 1691 fortis
1670 1649 1792 1690 esse

200 1727 501 1785 videbatur.
547 1730 612 1784 Et
658 1728 938 1785 considam
977 1729 1213 1784 divinam
1263 1727 1613 1797 Scriptorum,
1657 1739 1792 1796 quo-

196 1820 364 1876 modo
389 1831 608 1892 propter
631 1836 692 1875 ea
715 1835 834 1890 qua:
878 1829 1060 1889 postea
1101 1818 1275 1873 futura
1317 1825 1491 1882 erant,
1513 1817 1625 1887 jam
1654 1831 1790 1886 prm-

200 1911 352 1978 dicit,
380 1921 434 1965 et
461 1911 530 1965 ab
555 1911 706 1965 initio
733 1917 994 1965 monstrat
1019 1908 1172 1964 nobis
1200 1908 1474 1977 utriusque
1499 1905 1734 1962 studium
1770 1922 1784 1958 :

199 2011 256 2058 et
275 1985 416 2072 quod
455 2001 543 2056 ille
567 2001 779 2072 quidem
805 2000 1072 2056 venationi
1103 1998 1332 2062 deditus,
1358 1998 1444 2053 hic
1465 2011 1595 2052 vero
1624 1997 1788 2050 rusti-

197 2107 298 2148 cus
336 2101 482 2148 esset
524 2093 702 2156 homo,
749 2092 996 2160 simplex,
1029 2089 1245 2144 domum
1289 2089 1614 2143 inhabitans.
1658 2087 1790 2142 Pro-

202 2191 384 2252 pterea
415 2181 655 2237 Rebecca
690 2181 942 2252 diligebat
981 2179 1167 2241 Iacob.
1199 2180 1344 2234 Isaac
1379 2188 1554 2234 autem
1599 2178 1737 2233 Esau
1771 2195 1785 2232 :

196 2271 290 2328 ~28.
326 2272 580 2339 Quoniam
617 2273 814 2326 venatio
842 2273 971 2341 ejus,
1011 2271 1200 2341 inquit,
1227 2271 1368 2324 cibus
1396 2280 1502 2325 erat
1527 2270 1622 2324 illi.
1651 2268 1787 2324 Vide

198 2364 470 2436 quomodo
509 2378 702 2434 pueros
738 2365 1082 2434 distinguant.
1117 2363 1186 2418 Et
1210 2373 1382 2419 mater
1417 2363 1630 2434 quidem
1660 2377 1786 2433 erga

198 2456 368 2513 Jacob
407 2457 664 2526 majorem
711 2455 1014 2512 declarabat
1055 2455 1499 2521 benevolentiam,
1537 2470 1603 2510 eo
1644 2454 1787 2525 quod

193 2533 495 2618 simplicem
519 2548 735 2603 videbat
759 2556 812 2603 et
836 2547 982 2602 domi
1027 2555 1328 2603 versantem
1364 2564 1376 2599 :
1411 2556 1562 2617 pater
1607 2556 1784 2603 autem

187 2637 452 2709 diligebat
493 2638 653 2704 Esau,
695 2646 804 2693 tum
847 2638 986 2708 quod
1028 2637 1411 2708 primogenitus
1448 2645 1629 2703 esset,
1673 2646 1785 2693 tum

197 2728 340 2800 quod
371 2730 656 2784 venatione
695 2728 809 2798 ejus
833 2735 1156 2783 vesceretur.
1185 2726 1312 2782 Ilzec
1335 2727 1548 2798 quidem
1588 2728 1664 2783 illi
1707 2728 1788 2783 fa-

196 2822 414 2877 ciebant
441 2821 732 2876 naturalem
753 2819 1087 2876 dilectionem
1113 2827 1433 2890 sequentes;
1481 2820 1784 2877 vaticinium

197 2921 378 2967 autem
409 2910 660 2990 paqlatim
697 2910 1032 2980 implebatnr,
1069 2910 1194 2964 illud
1226 2911 1446 2975 scilicet,
1482 2911 1655 2980 Major
1673 2928 1784 2966 ser-

197 3003 298 3057 viet
329 3003 532 3056 minori.
574 3000 708 3056 Vide
740 3001 881 3056 enim
929 3001 1126 3055 statim.
1151 2999 1240 3056 29.
1271 2998 1436 3066 Coxit,
1485 3001 1674 3070 inquit,
1691 3001 1784 3055 Ja-

194 3097 289 3151 (τοὺ
324 3097 599 3149 coctionem
631 3109 652 3149 :
675 3094 805 3148 venit
846 3101 1014 3147 autem
1043 3092 1182 3147 Esas‘t
1218 3108 1489 3164 excatnpo
1525 3094 1780 3162 deﬁciens.

193 3186 288 3243 30.
322 3184 389 3239 Et
412 3185 542 3239 dixit
561 3183 702 3238 Emi
727 3183 796 3237 ad
821 3181 992 3238 Jacob
1016 3197 1036 3237 :
1070 3179 1179 3237 Fac
1203 3198 1281 3236 me
1307 3192 1510 3255 gustare
1535 3182 1785 3238 deedulio

196 3281 295 3333 hoc
338 3281 474 3349 rufo,
517 3277 638 3348 quia
680 3276 880 3344 deﬁcio.
926 3273 1205 3344 Propterea
1239 3283 1468 3329 uocatum
1506 3282 1576 3328 est
1605 3291 1787 3330 nomen

195 3373 331 3442 ejus,
361 3368 581 3424 Edom'.
608 3367 697 3422 51.
729 3365 797 3419 Et
831 3366 960 3420 dixit
993 3363 1156 3420 Jacob
1184 3380 1203 3418 :
1231 3365 1314 3419 Da
1341 3366 1465 3418 mihi
1507 3365 1658 3420 hodie
1681 3367 1787 3438 pri-

196 3461 450 3532 mogenita
477 3468 584 3513 tua.
608 3458 702 3513 Ille
720 3465 897 3512 autem
925 3455 1095 3510 dixit:
1123 3454 1260 3522 Quid
1288 3456 1417 3509 mihi
1457 3457 1602 3511 hisce
1628 3472 1783 3527 opus,

195 3568 322 3608 cum
342 3566 488 3607 mors
496 3551 606 3621 jam
628 3565 714 3606 me
734 3548 965 3615 invadat,
983 3547 1084 3603 nisi
1103 3562 1358 3618 accepero
1377 3548 1552 3602 cibum
1577 3549 1647 3619 (υ.
1668 3550 1788 3618 '52)?

198 3645 350 3700 Alius
370 3652 547 3698 autem
572 3642 932 3712 juramentum
955 3638 1217 3710 exigebat,
1245 3645 1303 3692 ut
1329 3638 1536 3694 stabilis
1558 3640 1605 3695 ei
1634 3639 1788 3696 ﬁeret

188 3736 292 3792 illa
320 3736 616 3790 concessio.
642 3733 734 3789 33.
759 3729 832 3786 Et
846 3731 1061 3801 iuravit,
1095 3729 1286 3801 inquit,
1315 3728 1473 3784 Esaii.

269 3826 325 3881 2.
359 3825 500 3881 Ecce
535 3837 678 3879 nunc
709 3822 799 3878 hic
826 3823 1066 3878 inversus
1089 3829 1172 3875 est
1205 3820 1357 3886 ordo,
1385 3829 1440 3875 et
1464 3820 1786 3891 primogeni-

200 3932 336 3977 tura:
361 3917 593 3989 dignitas
619 3898 830 3972 transiit
849 3899 926 3968 'ad
951 3929 1072 3969 eum
1100 3913 1192 3983 qui
1227 3912 1422 3967 virtute
1449 3913 1610 3966 animi
1651 3928 1788 3984 pra:-

198 4011 456 4083 fulgebat.
483 4008 553 4064 Et
580 4007 823 4073 uendidit,
867 4005 1061 4076 inquit,
1093 4003 1235 4059 Esas't
1278 4003 1614 4075 primogenita
1641 4018 1660 4057 :
1686 4003 1789 4058 hoc

193 4112 317 4171 est,
363 4100 601 4159 vendidit
617 4098 721 4154 cibi
762 4096 930 4169 gratia
958 4094 1268 4166 dignitatem
1298 4111 1327 4148 a
1355 4102 1542 4149 natura
1569 4093 1668 4150 sibi
1693 4093 1788 4148 da-

200 4203 312 4250 tam
345 4211 359 4246 :
387 4192 508 4248 ideo
529 4199 586 4247 et
610 4188 845 4245 subdidit
865 4229 881 4253 ,
913 4186 1005 4243 5L
1037 4183 1103 4240 Et
1140 4185 1459 4256 parbipendit
1492 4182 1633 4239 Esat‘t
1675 4185 1787 4256 pri-

195 4285 490 4358 mogenita,-
531 4279 684 4353 quasi
720 4279 924 4340 diceret
953 4295 970 4333 :
997 4277 1240 4348 Ingratus
1276 4283 1391 4331 erat
1430 4289 1495 4330 ac
1537 4275 1786 4345 indignus

197 4391 288 4443 ea,
315 4389 476 4446 quam
504 4372 608 4429 sibi
646 4378 834 4425 natura
878 4366 1122 4432 dederat,
1147 4366 1424 4437 dignitate.
1451 4365 1566 4421 Hoc
1607 4375 1786 4423 autem

202 4475 374 4523 totum
398 4472 501 4527 est,
532 4472 592 4518 ut
611 4461 753 4517 illius
794 4458 1255 4515 demonstraretur
1283 4456 1520 4527 ingratus
1549 4456 1783 4523 animus,

196 4567 258 4615 et
283 4557 378 4614 Dei
401 4555 672 4610 oraculum
712 4551 1114 4621 adimpleretur.

274 4646 493 4704 Muralis
518 4642 765 4716 epilogus.
795 4640 870 4694 De
909 4646 1198 4710 contemptu
1242 4637 1546 4691 divitiarum.
1571 4667 1643 4678 —
1662 4636 1787 4692 Ilmc

200 4737 480 4794 audientes
522 4734 789 4788 discamus
828 4745 1119 4800 numquam
1166 4727 1435 4798 negligere
1464 4727 1600 4781 dona
1625 4743 1652 4781 α
1678 4728 1787 4782 Deo

203 4829 358 4884 nobis
382 4826 526 4890 data,
558 4838 730 4894 neque
751 4831 967 4892 propter
1006 4834 1165 4889 parva
1191 4829 1245 4872 et
1265 4818 1387 4870 vilia
1433 4832 1622 4889 magna
1669 4834 1788 4887 per-

205 4921 350 4977 dere.
369 4920 543 4985 Quare
568 4917 733 4982 enim,
757 4914 842 4969 dic
862 4912 1011 4978 mihi,
1031 4915 1303 4982 prOposito
1324 4924 1490 4980 regno
1508 4911 1782 4976 cmlorum,

203 5013 466 5082 bonisque
492 5010 596 5063 illis
625 5006 1001 5071 iuell'ahilibus,
1019 5005 1089 5060 ita
1120 5004 1171 5058 in
1200 5003 1503 5058 divitiarum
1521 5003 1785 5072 cupidita-

203 5115 314 5163 tem
341 5101 653 5165 insanimus,
684 5106 741 5154 et
767 5106 1162 5163 momentanea,
1185 5110 1303 5167 qum
1324 5111 1466 5164 szrpc
1487 5110 1592 5149 non
1619 5110 1786 5164 usque

201 5195 269 5252 ad
286 5206 560 5263 vesperam
581 5194 911 5260 permanent,
936 5188 1205 5258 perpetuis
1224 5201 1539 5262 semperque
1565 5188 1784 5242 duratu-

202 5288 278 5343 ris
320 5280 696 5358 proferimus?
718 5281 786 5338 Et
811 5279 938 5352 quid
979 5279 1080 5334 bac
1125 5279 1355 5334 amentia
1390 5279 1626 5334 deterius
1663 5295 1784 5335 esse

261 5401 278 5433 ³
303 5399 448 5458 Haec,
494 5405 541 5461 e__t
581 5395 771 5450 vocavit
807 5411 979 5461 nomen
1019 5397 1125 5461 ejus
1165 5395 1373 5461 Jacob_(
1395 5398 1476 5444 καὶ
1499 5395 1710 5461 ἐκφεσὲ
1734 5396 1792 5445 τὸ

196 5461 351 5522 ὄνομα
389 5455 539 5510 αὑτοῦ
595 5461 839 5520 Ἰακώϐ),
889 5455 1070 5508 όθεαιῖί
1113 5460 1164 5506 in
1212 5455 1449 5522 Saviligt
1490 5455 1792 5522 quibusdam

199 5518 576 5585 mnuscriptls;
597 5525 648 5571 In
664 5518 812 5572 Coisl.
825 5518 1015 5585 autem
1031 5522 1370 5582 reperiuntur.
1394 5518 1470 5568 0b
1489 5518 1616 5585 hanc
1634 5521 1792 5581 ipsam

198 5596 400 5656 causam
610 5581 962 5656 suppleviinus
1003 5581 1303 5656 hasnvoces,
1334 5586 1380 5631 et
1404 5581 1588 5630 vocavit
1620 5594 1794 5631 nomen

196 5657 304 5740 ei?
468 5641 1336 5772 ἑξξὲεθὲεὲξξῗὲδιῗξξάθεῃη(
1359 5701 1407 5749 1η
1439 5700 1594 5772 ροίςῃ.
1619 5702 1673 5772 et
1701 5697 1794 5772 ss-

200 5739 289 5820 .n’.
316 5739 448 5818 ἱὶῖῖῗ
466 5739 1345 5827 ξέιῧὶῗέἴῦἱὶἒιῖξἀἶ”ὗὶἳκίῗῗῇἷίζίἶ
1361 5739 1594 5822 ’Ἐκὶἁῖιῖιῖξ
1621 5739 1797 5821 "tibiis,

199 5831 335 5895 quod
355 5830 612 5895 expressit
631 5829 897 5891 interpres.

1253 429 1328 487 IN
1364 429 1520 486 CAP.
1561 425 1726 485 XXV.
1767 424 2012 485 δεμες.
2056 423 2288 484 1105111..
2330 426 2394 482 1..

3392 435 3499 490 ιδο

1902 539 2106 609 possit?
2153 538 2367 611 quando
2405 547 2460 594 et
2507 539 2610 596 illis
2661 539 2932 612 privamur
2955 543 3025 600 ob
3051 544 3276 601 nimium
3306 548 3357 602 in
3383 546 3498 606 hanc

1903 645 2166 694 amorem,
2193 640 2248 686 et
2273 647 2562 702 numquam
2612 632 2696 688 his
2721 633 2823 688 frui
2864 650 2995 706 pure
3033 653 3337 707 possumus.
3368 643 3499 710 Quae

1905 720 2068 786 enim,
2096 735 2298 789 quaeso,
2327 723 2524 777 utilitas
2565 739 2876 794 magnarum
2920 725 3266 786 facultatum?
3289 734 3372 787 An
3398 749 3498 789 ne-

1902 809 2052 864 scitis
2077 813 2438 867 accessionem
2480 815 2762 870 multarum
2799 820 3144 885 pecuniarum
3174 823 3304 878 nihil
3351 826 3497 882 aliud

1904 897 2058 954 nobis
2099 899 2312 966 all'crre,
2342 919 2500 972 quam
2539 920 2786 962 curarum
2805 907 3158 979 incrementa,
3188 917 3497 986 occupatio-

1903 1006 1999 1046 nes
2028 994 2242 1060 mcntis,
2264 1004 2320 1050 et
2347 997 2591 1067 vigilias?
2618 998 2733 1054 Non
2776 1000 2967 1057 videtis
2998 1002 3095 1059 hos
3133 1007 3372 1063 omnium
3399 1026 3499 1079 pu-

1904 1082 2188 1170 tissimum,
2243 1096 2301 1139 ut
2344 1089 2412 1140 ita
2452 1087 2647 1157 dicam,
2691 1105 2880 1148 servos
2920 1098 3298 1167 cssc,.quibus
3343 1101 3496 1170 plura

1900 1169 2174 1259 afllnunt,
2210 1184 2266 1230 et
2308 1177 2546 1246 quotidie
2601 1181 2816 1236 umbras
2874 1183 3016 1253 ipsas
3071 1186 3314 1259 timent?
3346 1169 3497 1247 Inde

1899 1258 2043 1317 enim
2079 1277 2370 1322 nascuntur
2407 1268 2612 1325 insidia:
2632 1311 2648 1338 ,
2674 1272 2986 1343 invidentia,
3017 1258 3198 1333 odium
3228 1296 3411 1351 grave,
3440 1293 3498 1339 ct

1899 1351 2178 1443 innumera
2218 1358 2320 1411 alia
2366 1360 2526 1414 mala.
2561 1362 2626 1416 Et
2653 1377 2796 1433 saepe
2843 1366 2994 1423 vides
3039 1386 3162 1424 eum
3203 1373 3291 1443 qni
3329 1373 3493 1432 habet

1899 1441 2085 1498 decem
2121 1446 2282 1501 millia
2329 1450 2667 1525 talentaauri
2711 1458 3006 1524 recondita,
3034 1441 3249 1518 beatum
3296 1481 3496 1524 vocare

1897 1548 2019 1588 eum
2065 1538 2155 1606 qui
2196 1537 2252 1592 in
2293 1541 2503 1596 ollicina
2547 1555 2819 1614 operatur,
2854 1561 2906 1603 et
2931 1565 2998 1605 ex
3025 1551 3205 1610 labore
3234 1569 3493 1614 manuum

1893 1625 2078 1680 cibum
2126 1638 2296 1698 parat.
2343 1634 2524 1698 Qualis
2570 1636 2731 1706 igitur
2779 1641 3046 1712 voluptas,
3083 1655 3177 1700 aut
3218 1650 3377 1720 quale
3407 1652 3491 1708 Iu-

1895 1729 2069 1786 crum,
2085 1722 2296 1791 quando
2319 1737 2493 1795 neque
2519 1729 2599 1782 his
2623 1731 2934 1798 fruimur,et
2961 1747 3178 1808 propter
3199 1743 3336 1798 hanc
3359 1760 3490 1800 cou-

1893 1814 2278 1879 cnpiscentiam
2304 1815 2466 1870 etiam
2493 1819 2783 1888 majoribus
2810 1826 3113 1893 privamur?
3137 1833 3273 1897 Quid
3310 1845 3490 1890 autem

1894 1898 2350 1996 dico‘majoribus,
2374 1909 2587 1977 quando
2613 1927 2733 1966 cum
2757 1916 2910 1971 malis
2932 1935 3000 1987 qu
3018 1936 3049 1972 c
3070 1921 3154 1976 liic
3175 1940 3271 1979 nos
3291 1939 3486 1996 appre-

1894 1990 2151 2084 hendunt,
2181 2005 2285 2052 eta
2314 1998 2468 2055 bonis
2515 2020 2634 2073 qua:
2683 2007 2753 2061 ibi
2797 2019 2923 2063 sunt
2965 2013 3280 2084 excidimus,
3418 2022 3486 2076 ad

1893 2081 2190 2152 gehennam
2212 2087 2381 2156 ipsam
2401 2093 2692 2149 mittimur?
2716 2098 2780 2152 Et
2811 2101 3044 2157 nondum
3067 2106 3187 2160 dico
3209 2081 3484 2169 innumera

1894 2185 2254 2273 peccata-quas
2284 2180 2409 2237 hinc
2437 2186 2776 2258 colliguntur,
2808 2192 2982 2260 dolos,
3000 2198 3314 2267 calumnias,
3338 2205 3484 2273 rapi-

1894 2281 1991 2320 nas
2018 2278 2069 2322 et
2101 2268 2333 2326 fraudes.
2385 2274 2578 2331 Verum
2618 2281 2826 2336 etiamsi
2854 2285 2973 2353 quis
2999 2288 3066 2339 ab
3093 2290 3339 2348 omnium
3378 2268 3484 2349 illis

1895 2355 2065 2452 liber,
2105 2359 2173 2414 id.
2201 2362 2342 2431 quod
2382 2378 2646 2436 perquam
2685 2369 2902 2427 difﬁcile
2945 2385 2999 2428 ct
3043 2392 3254 2444 rarum,
3292 2382 3484 2452 opibus

1891 2448 2145 2518 abundet,
2176 2461 2230 2507 et
2261 2454 2374 2523 ipse
2419 2456 2568 2512 solus
2594 2460 2673 2514 eis
2703 2471 2901 2531 utatur,
2936 2475 2989 2519 ct
3015 2481 3107 2522 eas
3132 2485 3255 2524 cum
3293 2448 3360 2528 iis
3391 2476 3482 2545 qui

1891 2555 2025 2633 opus
2069 2542 2268 2599 habent
2310 2561 2417 2600 non
2463 2549 2606 2620 large
2632 2557 3022 2622 communicet,
3055 2574 3177 2614 eum
3220 2542 3482 2633 gehennzc

1892 2631 2030 2704 ignis
2056 2635 2304 2707 excipiet.
2333 2638 2484 2706 Quod
2511 2658 2609 2697 nns
2633 2645 2918 2702 manifeste
2955 2649 3112 2706 ducet
3150 2631 3404 2724 parabole
3426 2659 3482 2714 in

1891 2729 2182 2802 Evangelio
2225 2735 2416 2802 posita,
2461 2752 2585 2791 cum
2628 2743 2811 2796 statuit
2835 2744 2969 2800 alios
2993 2747 3271 2818 adextris,
3300 2753 3481 2809 aliosa

1889 2825 2120 2882 sinistris
2152 2845 2166 2881 :
2202 2827 2408 2899 illisque
2429 2830 2566 2886 dixit
2592 2845 2950 2904 praeparatum
2979 2854 3100 2896 esse
3128 2855 3353 2914 regnum
3376 2861 3484 2902 ea»

1889 2915 2064 2972 lorum
2089 2917 2159 2973 ob
2183 2933 2365 2974 curam
2405 2923 2588 2992 egenis
2618 2925 2912 2996 impensam
2940 2947 2952 2982 :
2997 2927 3168 2986 Venite
3206 2935 3372 3002 enim,
3395 2936 3482 2992 iu-

1889 3007 2021 3076 quit,
2051 3007 2295 3063 benedicti
2319 3009 2492 3066 Patris
2517 3015 2633 3082 mei,
2660 3016 2712 3070 in
2741 3018 3066 3075 hereditatem
3105 3026 3319 3094 accipite
3346 3043 3483 3098 prc-

1891 3102 2279 3167 paratumuobis
2303 3120 2510 3173 regnum
2528 3105 2591 3158 ab
2613 3107 2806 3179 origine
2825 3111 2999 3164 mundi
3025 3112 3233 3183 (Matth.
3254 3115 3345 3171 25.
3363 3119 3478 3188 51).

1889 3187 2068 3246 Curet
2105 3208 2208 3264 qua
2245 3194 2314 3250 de
2356 3197 2556 3252 causa?
2593 3195 2796 3252 Esarivi
2832 3201 2985 3269 enim,
3021 3216 3070 3262 et
3108 3207 3317 3263 dedistis
3357 3187 3482 3265 mihi

1890 3285 2150 3341 comedere
2193 3285 2352 3357 (Ibid.
2393 3305 2439 3342 υ.
2489 3289 2601 3360 55).
2638 3289 2733 3345 His
2775 3306 2901 3348 vero
2948 3294 3122 3364 ignem
3171 3306 3479 3357 aeternum:

1891 3374 2019 3429 dicit
2035 3376 2180 3430 enim
2204 3397 2217 3431 :
2244 3375 2534 3431 Disceditea
2546 3396 2644 3443 me,
2660 3381 2946 3450 maledicti,
2960 3385 3016 3438 in
3031 3385 3203 3456 ignem
3212 3397 3477 3457 retentum,

1890 3467 1975 3535 qui
1998 3478 2316 3538 prmparatus
2341 3477 2414 3521 est
2442 3469 2643 3523 diabolo
2673 3480 2719 3523 et
2744 3474 2938 3541 angelis
2965 3479 3076 3541 ejus
3099 3476 3258 3547 (Ibid.
3286 3495 3334 3533 υ.
3362 3481 3480 3552 Ii).

1892 3557 2138 3628 Magnum
2166 3561 2313 3614 verbi
2358 3561 2568 3630 pondus
2594 3579 2607 3614 :
2636 3564 2875 3618 omnium
2919 3566 3174 3623 Dominus
3202 3581 3257 3625 et
3282 3573 3481 3629 Condi-

1891 3656 1974 3703 tor
1994 3650 2149 3703 dicit‘
2176 3667 2188 3702 :
2212 3648 2434 3718 Esurivi,
2454 3661 2498 3704 et
2532 3667 2634 3706 non
2649 3654 2855 3708 dedistis
2881 3657 3005 3710 milii
3033 3661 3291 3715 comedere
3314 3663 3479 3736 (Ibid.

1891 3754 1939 3793 υ.
1983 3739 2098 3810 42).
2145 3741 2310 3811 Cujus
2350 3741 2584 3798 animam
2631 3760 2736 3799 non
2783 3748 3072 3803 movebunt
3116 3751 3232 3807 lucc
3275 3759 3474 3826 verba,

1890 3834 2097 3911 etiamsi
2127 3833 2332 3902 lapidea
2361 3834 2464 3888 sit?
2487 3835 2739 3890 Dominus
2781 3846 2903 3892 tuus
2942 3841 3188 3898 esuriens
3224 3844 3480 3903 obambu-

1890 3923 1985 3990 lat,
2012 3911 2221 3978 etxtues
2243 3924 2295 3977 in
2324 3925 2569 3981 deliciis:
2597 3942 2771 3998 neque
2799 3929 2902 3984 hoc
2922 3933 3114 3998 solum,
3139 3937 3231 3990 sed
3263 3937 3314 3990 in
3342 3937 3481 3994 deli-

1890 4015 1988 4070 ciis
2033 4014 2204 4084 ipsum
2233 4014 2497 4084 despicis;
2529 4019 2738 4072 tametsi
2783 4035 2887 4074 non
2917 4024 3142 4079 multum
3181 4027 3250 4081 sit
3281 4029 3425 4100 quod
3447 4045 3479 4084 a

1891 4116 1943 4161 te
1976 4109 2138 4177 petit;
2173 4122 2364 4178 nempe
2389 4124 2581 4178 panem
2597 4112 2789 4177 solum,
2805 4128 2911 4182 quo
2931 4114 3126 4171 famem
3154 4123 3322 4187 possit
3347 4122 3478 4177 sub-

1892 4198 2090 4254 levare.
2122 4199 2187 4253 Et
2213 4199 2328 4270 ipse
2350 4200 2568 4270 quidem
2594 4203 2790 4272 frigore
2830 4206 3102 4274 rigesccns
3130 4211 3478 4278 obambulat,

1892 4299 1948 4344 tu
1977 4302 2156 4346 autem
2185 4292 2371 4347 sericis
2394 4292 2610 4348 indutus
2637 4309 2703 4348 ne
2728 4298 2951 4365 respicis
2976 4299 3191 4368 quidem
3209 4342 3223 4368 ,
3279 4304 3480 4361 nullam

1890 4384 2414 4439 commiserationem
2441 4393 2554 4454 pra:
2598 4393 2650 4440 te
2687 4385 2814 4452 fers,
2844 4389 2940 4443 sed
2989 4391 3482 4453 immisericorditer

1893 4476 2152 4544 prmteris.
2175 4475 2242 4530 Et
2254 4489 2358 4545 qua
2371 4476 2522 4530 venia
2538 4486 2664 4530 sunt
2686 4477 2800 4531 lucc
2813 4477 2972 4550 digna
2987 4481 3012 4534 ?
3025 4480 3104 4537 Nc
3114 4484 3272 4554 igitur
3286 4488 3358 4540 sit
3379 4487 3482 4546 hoc

1892 4566 2406 4631 studiumnostrum,
2460 4577 2516 4621 ut
2544 4568 2740 4624 multas
2784 4571 3059 4639 quibusvis
3100 4575 3306 4631 artibus
3348 4593 3481 4650 Opes

1890 4660 2264 4729 conquiramus
2295 4676 2309 4712 :
2337 4659 2431 4714 sed
2459 4659 2585 4714 illud
2618 4662 2668 4715 in
2689 4677 2855 4732 scopo
2877 4663 3186 4733 habeamus,
3209 4673 3483 4739 quomodo

1893 4762 1942 4806 ct
1974 4753 2084 4805 haec
2116 4753 2251 4806 bene
2281 4751 2649 4821 disponamus,
2694 4763 2750 4807 et
2794 4755 2979 4822 egenis
3026 4759 3404 4816 consulamus:
3428 4773 3483 4817 et

1892 4857 1960 4898 ne
1986 4844 2054 4897 ab
2079 4845 2182 4899 illis
2207 4844 2517 4899 excidemus
2553 4859 2674 4914 qua:
2717 4858 2946 4914 semper
2974 4860 3225 4916 manent,
3265 4853 3319 4906 ei
3357 4868 3480 4922 qua:

1892 4937 2094 4992 nullam
2119 4935 2406 4990 admittunt
2430 4935 2853 4990 vicissitudinem
2867 4952 2930 4991 ac
2945 4941 3314 4996 mutationem.
3334 4945 3483 5011 Quo-

1893 5031 2032 5085 circa
2063 5030 2206 5085 diem
2225 5029 2414 5084 mortis
2441 5038 2637 5084 nostra:
2668 5029 2931 5086 incertum
2956 5047 3076 5088 esse
3102 5035 3267 5088 voluit
3299 5036 3485 5091 Domi-

1891 5139 1992 5177 nus
2011 5165 2026 5187 ,
2059 5133 2116 5177 ut
2144 5138 2241 5176 nos
2271 5131 2594 5192 praepararet
2620 5122 2686 5176 ad
2715 5123 3020 5180 continuam
3055 5127 3400 5184 sobrietatem
3426 5141 3480 5186 et

1889 5213 2236 5285 vigilantiam,
2251 5224 2303 5267 et
2324 5213 2392 5267 ita
2412 5213 2581 5281 magis
2597 5211 2662 5266 ad
2682 5213 2892 5267 virtutis
2911 5215 3143 5270 studium
3164 5231 3265 5271 nos
3285 5233 3477 5287 provo-

1889 5316 2056 5361 caret.
2087 5305 2222 5360 Dicit
2245 5305 2426 5359 enim:
2467 5301 2703 5376 Yigilate,
2734 5305 2855 5374 quia
2891 5306 3093 5360 nescitis
3133 5324 3294 5380 neque
3315 5309 3472 5375 diem,

1889 5411 2048 5465 neque
2069 5395 2247 5448 horam
2264 5392 2474 5466 (Matth.
2490 5393 2582 5450 25.
2604 5394 2714 5466 I5).
2735 5394 2891 5465 Atqui
2915 5409 3012 5450 nos
3028 5396 3183 5465 plane
3201 5397 3472 5454 diversum

1889 5501 2192 5557 operantur,
2221 5496 2275 5540 et
2296 5485 2594 5540 dormimus
2621 5500 2810 5541 somno
2835 5489 3075 5556 graviore
3099 5503 3258 5559 quam
3287 5492 3358 5545 sit
3380 5506 3474 5546 na-

1891 5579 2076 5632 turalis
2104 5578 2212 5631 ille.
2239 5575 2374 5632 Nam
2397 5581 2484 5645 qui
2510 5579 2735 5632 naturali
2765 5592 2955 5634 somno
2980 5581 3226 5651 quiescit,
3251 5597 3350 5637 nec
3379 5582 3469 5637 bo-

1953 5795 1971 5828 ι
2006 5793 2170 5856 misi"
2193 5792 2403 5844 murium
2426 5792 2671 5854 Conditor,
2694 5791 2906 5844 omnium
2931 5793 3146 5858 largitor
3168 5789 3313 5846 dicit.
