4060 6426
592 431 689 485 451

589 559 738 608 num,
770 555 865 596 nec
896 538 1091 593 malum
1120 543 1368 602 speratur
1398 551 1411 587 :
1453 548 1550 588 nos
1597 541 1771 586 autem
1814 529 1923 583 alio
1968 541 2156 590 sortitio

591 631 907 691 dormimus,
939 609 1264 680 dormientes
1292 621 1359 677 ad
1380 622 1611 687 virtutis,
1640 620 1921 688 vigilantes
1945 615 2011 672 ad
2040 629 2157 669 ma-

591 723 716 778 litia:
730 735 918 791 opera.
945 706 1145 773 strenui
1174 717 1227 771 in
1259 715 1430 779 malis,
1463 709 1673 768 desides
1697 712 1749 766 in
1779 708 1931 766 bonis
1959 725 1973 762 :
2005 706 2160 776 idque

589 814 814 871 facimus
832 811 1075 866 videntes
1098 809 1333 879 quotidie
1359 806 1553 861 multos
1577 803 1698 857 hinc
1715 800 2160 868 abduci,magnas

588 916 766 963 autem
789 905 1011 960 aliorum
1033 916 1150 957 esse
1179 902 1228 954 in
1261 897 1504 970 praesenti
1533 896 1636 949 vita
1660 891 2082 948 vicissitudines:
2104 896 2160 944 et

588 1011 759 1067 neque
771 1004 912 1050 tanta
927 1009 1104 1050 rerum
1123 989 1499 1059 inzequahilitas
1511 986 1574 1040 ad
1594 983 1799 1040 virtutis
1813 995 2049 1036 amorem
2062 992 2160 1032 nos

586 1087 850 1143 adducere
889 1091 1077 1154 potest,
1103 1095 1272 1153 neque
1301 1077 1538 1149 disponit
1566 1082 1626 1131 ut
1645 1073 2000 1143 despiciemus
2023 1085 2160 1139 prte-

586 1177 784 1244 sentia,
797 1185 850 1230 et
863 1157 1225 1228 desideremus
1259 1168 1453 1233 futura,
1473 1163 1916 1237 praiferamusque
1936 1160 2158 1215 somniis

573 1276 641 1321 et
661 1266 859 1320 umbra:
879 1264 1178 1316 veritatem.
1205 1258 1320 1313 Non
1346 1258 1486 1311 enim
1508 1254 1756 1310 diï¬‚'eru'nt
1781 1250 2060 1322 praesentia
2088 1248 2158 1303 ab

587 1357 790 1412 umbris
827 1365 880 1410 et
907 1353 1149 1409 somniis.
1195 1349 1422 1406 Proinde
1475 1363 1542 1404 ne
1570 1347 1894 1415 decipiamus
1926 1351 2159 1398 nosmet-

586 1448 750 1518 ipsos,
770 1438 943 1516 neque
955 1452 1224 1500 sectemur
1242 1441 1452 1496 umbras
1471 1455 1484 1492 :
1502 1436 1596 1494 sed
1613 1437 1694 1492 vel
1709 1449 1830 1492 sero
1846 1434 2057 1489 tandem
2074 1447 2159 1486 sa-

590 1540 710 1594 lutis
725 1547 918 1593 nostra:
939 1550 1118 1592 curam
1139 1534 1449 1595 habeamus,
1467 1541 1517 1585 et
1531 1543 1658 1599 apes
1673 1527 2026 1596 indigentibus
2036 1539 2157 1579 cva-

586 1644 832 1693 cuemus,
878 1637 935 1682 ut
974 1641 1072 1698 pro
1119 1625 1225 1679 illis
1267 1621 1797 1678 remunerationema
1826 1614 2153 1671 misericordi

593 1720 701 1774 Deo
745 1719 986 1788 accipere
1032 1728 1333 1770 mereamur
1371 1729 1384 1764 :
1425 1724 1528 1780 qua
1571 1708 1722 1764 nobis
1763 1705 2008 1760 omnibus
2053 1701 2153 1757 frni

585 1809 926 1873 concedatur,
952 1807 1118 1879 gratia
1162 1813 1218 1861 et
1262 1800 1689 1858 miserationibus
1735 1796 1944 1852 Domini
1988 1793 2154 1850 nostri

583 1899 708 1956 Jesu
735 1897 948 1962 Christi,
971 1911 1092 1972 cum
1121 1909 1226 1964 quo
1256 1893 1396 1949 Patri
1419 1900 1475 1946 et
1501 1889 1714 1958 Spiritui
1741 1895 1926 1941 sancto
1955 1885 2022 1940 sit
2050 1884 2157 1954 glo-

586 1992 684 2059 ria,
716 1990 1015 2059 imperium,
1055 1987 1243 2051 honor,
1290 1992 1429 2038 nunc
1465 1991 1516 2037 et
1543 1995 1773 2050 semper,
1804 1987 1858 2034 et
1885 1978 1937 2032 in
1963 1974 2154 2031 smcula

583 2080 923 2135 saeculorum.
953 2078 1143 2133 Amen.

1160 2201 1439 2264 IIOMILIA
1470 2201 1554 2258 LI.

584 2344 746 2399 Facta
787 2354 860 2398 est
911 2351 1076 2397 autem
1119 2345 1278 2412 fames
1319 2354 1467 2408 super
1515 2345 1716 2396 tetram,
1746 2341 1926 2403 pra'ter
1969 2329 2153 2399 [autem

612 2437 848 2503 priorem,
875 2447 987 2498 quia
1011 2431 1176 2499 fuerin
1200 2437 1421 2498 tempore
1450 2425 1702 2479 Abraham
1732 2421 1881 2495 (Gen.
1910 2419 2002 2475 26.
2038 2420 2115 2492 1).

655 2567 702 2618 I.
735 2565 929 2618 Iterum
957 2578 1023 2616 ex
1053 2561 1117 2616 iis
1145 2576 1262 2632 qua:
1289 2574 1457 2628 nuper
1484 2556 1712 2613 diximus
1739 2555 2033 2611 doctrinam
2060 2565 2154 2607 vo-

577 2656 661 2711 bis
685 2655 903 2710 alterum
932 2671 946 2707 :
974 2662 1033 2708 ut
1061 2661 1236 2707 autem
1265 2650 1464 2720 liquido
1509 2649 1684 2704 sciatis
1717 2647 1804 2700 ubi
1833 2659 2002 2715 nuper
2029 2657 2148 2697 ser-

582 2759 793 2800 nionem
822 2747 1038 2799 missum
1065 2742 1366 2803 fecerimus.
1384 2748 1440 2796 et
1465 2739 1601 2794 unde
1622 2736 1782 2792 hstdie
1801 2733 2153 2792 resumendus

579 2837 667 2903 sit,
695 2850 758 2892 ea
787 2851 904 2905 qua:
931 2849 1087 2904 supra
1126 2832 1266 2886 dicta
1309 2840 1450 2896 sunt,
1480 2837 1672 2885 vestrm
1696 2827 1900 2881 caritati
1949 2826 2002 2880 in
2033 2839 2151 2881 me-

579 2927 800 2981 moriam
831 2923 1031 2980 referre
1069 2937 1248 2994 operte
1276 2919 1501 2990 pretium
1541 2918 1719 2973 fuerit.
1749 2915 1983 2972 Tametsi
2008 2915 2148 2971 enim

576 3031 693 3083 vos,
723 3016 843 3086 quia
870 3014 1049 3070 multis
1068 3014 1215 3070 euris
1235 3011 1612 3076 distrahiinini,
1635 3024 1818 3065 eorum
1844 3007 1980 3063 forte
2000 3007 2150 3062 obliti

559 3109 729 3170 estis,
760 3106 854 3161 sed
903 3119 1079 3160 meum
1107 3113 1192 3160 est
1218 3110 1274 3156 ut
1302 3105 1354 3157 in
1383 3101 1692 3156 memoriam
1719 3099 1868 3155 vobis
1900 3097 2150 3153 reducam

577 3211 660 3262 ea,
692 3211 799 3266 quo
841 3209 1018 3251 sermo
1045 3193 1202 3249 hodie
1230 3189 1842 3247 dicendusmanifestior
1869 3187 2024 3242 vobis
2060 3187 2150 3244 sit.

578 3286 737 3342 Seitis
767 3285 907 3341 enim
934 3299 1034 3339 nos
1062 3297 1232 3352 nuper
1262 3281 1514 3337 Rebeccae
1542 3281 1792 3352 pietatem
1819 3286 2148 3343 enarrantes,

577 3376 702 3431 inde
737 3374 806 3430 ad
852 3375 992 3429 Esau
1019 3382 1073 3428 et
1112 3372 1276 3428 Jacob
1311 3371 1615 3435 devenisse,
1647 3369 1732 3424 ubi
1763 3377 2030 3422 narratum
2069 3373 2152 3421 est

576 3465 720 3521 Esau
748 3463 1116 3535 primogenita,
1159 3471 1217 3514 ut
1255 3461 1373 3516 cibo
1406 3461 1691 3522 frueretur,
1721 3457 1921 3514 Iacobo
1959 3457 2151 3512 vendi-

575 3555 736 3620 disse,
755 3565 809 3611 et
829 3561 1042 3623 propter
1063 3551 1164 3607 cibi
1192 3549 1528 3619 cupiditatem
1555 3547 1895 3617 semetipsum
1923 3561 2023 3602 suo
2052 3546 2152 3600 ho-

534 3701 539 3707 ,
575 3660 707 3700 nore
753 3644 1006 3713 privasse.
1040 3642 1152 3696 Hoc
1195 3650 1373 3696 autem
1412 3654 1518 3694 non
1564 3647 1766 3693 temere
1810 3635 2030 3703 factum,
2058 3635 2152 3691 sed

578 3747 633 3792 ut
674 3736 950 3808 prephetia
993 3734 1374 3802 compleretur,
1410 3747 1528 3801 qnte
1565 3729 1694 3785 dicit
1726 3745 1739 3782 :
1767 3729 1928 3783 Jacob
1956 3728 2112 3783 dilexi
2135 3770 2150 3794 ,

581 3828 722 3882 Emit
743 3837 910 3880 autent
952 3825 1068 3878 odio
1097 3822 1250 3876 habui
1293 3820 1544 3893 (Halaclt.
1590 3822 1639 3874 1.
1682 3818 1735 3872 2.
1767 3819 1843 3888 5).
1873 3818 2003 3873 Nam
2030 3833 2154 3872 cum

580 3921 723 3975 Deus
750 3918 1044 3972 futurorum
1073 3915 1138 3969 sit
1167 3915 1443 3984 praescius,
1473 3911 1714 3980 praedixit
1740 3919 1795 3965 et
1822 3910 1960 3964 illius
1991 3910 2157 3964 virtu-

582 4020 711 4077 tem,
741 4017 794 4064 et
819 4006 976 4076 hujus
1009 4005 1170 4060 animi
1197 4003 1503 4071 nequitiam.
1547 4003 1800 4067 Quaenam
1829 4009 2006 4054 autem
2032 4005 2156 4053 sunt

581 4102 684 4157 illa:
731 4095 1199 4170 primogenitum?
1239 4095 1419 4164 Igitur,
1468 4094 1590 4163 quia
1635 4101 1761 4146 tunc
1801 4101 2007 4160 tempus
2047 4105 2153 4146 non

587 4189 926 4262 permittebat
964 4186 1172 4241 caritati
1199 4193 1388 4239 vestra
1430 4183 1629 4247 dicere,
1657 4196 1798 4236 nunc
1821 4195 2040 4236 necesse
2075 4189 2158 4235 est

585 4291 638 4335 ut
662 4281 900 4334 doceam.
932 4276 1084 4346 Apud
1122 4283 1332 4331 veteres
1357 4285 1596 4328 summus
1623 4269 1932 4338 honorent
1959 4271 2160 4340 primo-

585 4373 841 4442 genitum
872 4388 884 4424 :
915 4369 1038 4424 hinc
1083 4377 1258 4422 autem
1307 4365 1524 4420 honoris
1569 4379 1784 4420 causam
1820 4375 1874 4418 et
1902 4363 2157 4432 originem

590 4468 792 4522 habuit.
821 4465 950 4521 Cum
998 4464 1138 4518 Deus
1166 4461 1522 4517 Israelitarum
1547 4467 1760 4529 gentem
1805 4458 1874 4513 ab
1907 4457 2161 4527 Egyptio

589 4559 836 4620 liberare,
861 4565 914 4611 et
957 4554 1247 4608 secundum
1295 4550 1698 4620 promissionem
1731 4547 2048 4617 patriarcha:
2079 4545 2160 4601 fa-

588 4661 728 4706 ctam
754 4663 783 4701 a
809 4646 1084 4718 tyrannide
1111 4643 1399 4697 Pharaonis
1424 4641 1632 4709 eripere
1651 4639 1832 4702 vellet,
1854 4637 2165 4692 obluctante

596 4753 646 4794 et
677 4739 915 4794 detinere
945 4735 1155 4788 volente
1177 4742 1297 4786 tunc
1323 4730 1575 4800 Egyptio
1607 4746 1620 4781 :
1651 4737 1766 4797 post
1789 4727 1958 4781 varias
1988 4728 2166 4797 plagas

593 4832 752 4883 etiam
831 4827 967 4881 hanc
1022 4833 1338 4894 postremam
1383 4826 1462 4875 eis
1519 4820 1736 4878 intulit:
1797 4818 1906 4873 fere
1972 4833 2166 4888 cogens

605 4918 872 4988 Iligyptios
901 4924 959 4969 ut
1004 4915 1116 4969 suis
1145 4911 1387 4966 manibus
1425 4908 1768 4964 extruderent
1813 4908 2165 4964 IsraÃ©litarum

601 5025 767 5081 genus
812 5007 1003 5069 (Exod.
1049 5005 1157 5072 I2).
1207 5004 1337 5057 Nam
1385 5001 1542 5056 simul
1571 5001 1746 5054 omnia
1795 4999 2166 5070 Egyptiorum

600 5096 944 5170 primogenita
972 5094 1138 5149 occidi
1164 5092 1322 5162 jussit
1351 5088 1424 5161 (Î±)
1450 5107 1463 5143 :
1495 5089 1822 5160 vidissesque
1850 5091 1899 5143 in
1950 5088 2169 5158 singulis

659 5317 731 5377 (Î±)
765 5317 849 5364 Hic
871 5314 1058 5373 videtur
1080 5311 1336 5377 pugnantia
1363 5311 1491 5371 loqui
1528 5307 1899 5377 Chrysostomus,
1924 5321 2030 5357 cum
2050 5309 2174 5377 juris

602 5368 990 5440 primogenitum
1029 5368 1209 5440 Î¹Ï‰á½³Î¹Î¹á¾·Î½,
1235 5373 1282 5420 id
1328 5368 1637 5440 est,'caus_ani
1662 5377 1714 5440 et
1734 5369 1990 5440 originem,
2018 5368 2176 5418 refert

601 5428 657 5487 ad
683 5428 1065 5486 internecionem
1083 5428 1511 5497 primogenitorum
1527 5430 1729 5497 )Egï¬‚nti.
1749 5428 1885 5478 annis
1903 5428 2013 5497 plus
2031 5443 2175 5497 quam

603 5501 835 5548 trecentis
851 5507 955 5560 post
970 5493 1127 5560 ortum
1147 5493 1264 5543 Esaii
1288 5501 1339 5560 Ï‚Î¹Î¹
1355 5493 1514 5541 Jacobi
1542 5493 1636 5560 :de
1659 5503 1862 5560 quorum
1886 5494 2176 5560 primogeni-

605 5567 709 5608 tura
729 5567 778 5607 et
794 5553 864 5620 de
882 5559 991 5620 jure
1011 5558 1139 5620 illam
1178 5557 1438 5605 comitante
1463 5553 1665 5620 qurestio
1688 5559 1780 5601 est.
1823 5553 1912 5620 sed
1939 5553 2068 5620 bene
2091 5553 2178 5600 ad-

609 5622 753 5681 vertit
777 5619 856 5681 ille
880 5612 1047 5681 postea
1075 5618 1249 5681 idgnon
1283 5628 1424 5681 posse
1448 5612 1706 5681 quadrare,
1727 5626 1836 5681 cum
1860 5612 1998 5681 dicit,
2017 5627 2179 5681 quam-

609 5683 684 5729 vis
706 5675 941 5741 Iegislaiio
964 5678 1042 5728 illa
1058 5675 1368 5741 Hebrzeorum
1383 5675 1448 5724 de
1470 5675 1804 5736 primogenitis
1810 5677 2058 5741 posterior
2075 5675 2180 5741 iue-

608 5743 694 5809 rit,_
709 5735 783 5800 jus
805 5749 962 5789 tamen
996 5740 1188 5809 aliquod
1213 5740 1602 5809 primegpnitura:
1636 5735 1776 5809 antea
1807 5735 1974 5783 fuisse.
2002 5741 2052 5784 Et
2076 5737 2181 5807 hac

607 5799 796 5851 raucae
819 5814 925 5864 qua:
951 5814 1043 5850 non
1069 5799 1302 5863 quadrare
1339 5799 1645 5859 videbantur,
1680 5803 1940 5858 utcumque
1964 5801 2176 5862 corrigit.

1340 421 1401 474 S.
1439 413 1714 473 JOANNIS
1749 403 2220 470 CIIRYSOSTOMI
2260 405 2572 462 AIlCIllEP.
2615 403 3146 461 CONSTANTINOIâ€˜.

3747 405 3853 460 15â€˜!

2268 523 2514 578 domibus
2539 523 2764 592 ejulatus
2791 532 2846 578 et
2875 524 3174 595 larrymas;
3203 536 3376 593 neque
3401 522 3478 578 sic
3505 523 3766 593 putabant
3795 525 3857 578 fi-

2224 680 2234 684 _
2267 614 2365 668 niri
2393 614 2625 685 plagam,
2653 612 2744 669 sed
2789 613 2933 668 illinc
2975 615 3134 668 etiam
3182 612 3561 682 exspectabant
3602 623 3661 667 ut
3707 629 3856 668 mors

2263 720 2370 775 qua
2399 713 2638 775 cmperat
2679 719 2924 775 pergens,
2970 703 3036 758 ad
3076 717 3266 778 omnes
3315 703 3635 774 perveniret.
3671 703 3855 774 Itaque

2262 799 2384 858 quia
2414 798 2466 852 in
2509 795 2742 868 Egypto
2771 812 2872 852 una
2914 796 3151 851 omnium
3183 795 3651 866 primogenitorum
3704 810 3854 849 mors

2266 890 2380 956 fuit,
2403 887 2653 944 Israelita:
2678 897 2852 943 autem
2873 888 3048 943 divina
3077 887 3195 944 freti
3219 891 3409 959 gratia,
3434 888 3582 944 ilicei
3599 902 3854 958 perman-

2263 988 2445 1034 serunt
2476 996 2489 1033 :
2520 993 2615 1048 per
2644 979 2744 1034 hoc
2765 979 2927 1035 etiam
2958 977 3245 1035 ostendens
3272 979 3507 1033 omnium
3532 979 3674 1034 Deus
3693 992 3850 1033 suam

2261 1066 2384 1139 erga
2417 1067 2537 1124 illos
2582 1068 3031 1132 benevolentiam.
3077 1068 3358 1139 imperavit
3383 1068 3437 1122 in
3485 1077 3763 1137 posterum
3794 1076 3853 1120 ut

2263 1168 2478 1229 propter
2508 1159 2930 1215 interfectionem
2959 1159 3431 1230 primogenitomm
3458 1157 3703 1230 Egypti,
3741 1157 3854 1229 ÏÎ¹-á½·.

2262 1250 2515 1321 mogeniti
2543 1249 2845 1307 Judaeorum
2895 1251 3046 1320 pueri
3090 1251 3190 1306 sibi
3233 1245 3574 1306 otl'errentur.
3610 1247 3752 1303 [line
3795 1257 3853 1304 ct

2263 1344 2431 1398 tribus
2477 1341 2604 1398 Levi
2637 1343 2688 1396 in
2737 1340 3092 1398 sacerdotium
3117 1348 3394 1412 segregata
3439 1347 3544 1406 est,
3566 1347 3624 1394 et
3660 1353 3731 1393 ex
3759 1337 3852 1393 illo

2261 1448 2365 1487 non
2395 1433 2564 1487 solum
2590 1433 2937 1503 primogenita
2960 1431 3233 1487 hominum
3254 1431 3429 1486 oblata
3449 1439 3571 1486 sunt
3591 1428 3729 1497 Deo,
3752 1428 3849 1484 sed

2260 1533 2314 1578 ct
2355 1524 2655 1588 lii-urorum,
2698 1533 2752 1577 et
2802 1524 2853 1576 in
2899 1522 3210 1577 universum
3239 1521 3500 1576 omnium.
3531 1521 3596 1575 Et
3645 1533 3850 1588 pracc-

2262 1628 2407 1685 ptum
2456 1625 2589 1682 erat,
2623 1631 2720 1684 pro
2768 1615 3072 1671 hominibus
3111 1623 3168 1670 et
3195 1613 3482 1668 immundis
3523 1610 3849 1667 animalibus

2261 1707 2486 1777 pretium
2533 1705 2782 1776 dependi.
2824 1705 3079 1772 Quamvis
3118 1713 3296 1759 autem
3339 1702 3605 1772 Iegislatio
3634 1699 3752 1756 haec
3779 1700 3850 1755 de

2261 1795 2628 1867 primogenitis
2691 1797 2956 1866 posterior
3009 1793 3168 1849 fuerit
3200 1802 3473 1848 :attamen
3520 1791 3634 1861 jam
3682 1803 3848 1859 supra

2261 1895 2316 1940 et
2359 1886 2487 1940 olim
2529 1883 2846 1938 videbantur
2889 1882 3100 1954 aliquod
3130 1882 3328 1937 habere
3368 1880 3728 1952 privilegium,
3756 1878 3848 1948 qui

2262 1976 2474 2029 vulvam
2519 1974 2704 2028 matris
2754 1973 2982 2042 primum
3029 1970 3427 2041 adaperiebant.
3475 1969 3624 2024 [Iane
3685 1968 3850 2038 igitur

2258 2067 2608 2138 dignitatem,
2655 2080 2812 2136 quam
2852 2079 2881 2118 a
2910 2073 3094 2119 natura
3143 2062 3372 2118 habebat
3415 2062 3574 2123 Esau,
3627 2069 3847 2129 propter

2257 2157 2724 2228 intemperantiam
2772 2172 2923 2212 suam
2962 2155 3232 2209 transtulit
3270 2155 3322 2208 in
3369 2153 3606 2206 fratrem.
3643 2151 3712 2205 Et
3756 2151 3849 2205 ille

2257 2249 2470 2318 quidem
2518 2246 2748 2317 perdidit
2788 2245 2930 2316 quod
2955 2261 2985 2299 a
3015 2253 3203 2299 natura
3246 2241 3512 2298 habebat:
3541 2241 3628 2296 hic
3665 2251 3846 2294 autem

2257 2349 2311 2395 et
2343 2339 2484 2409 quod
2527 2353 2631 2392 non
2660 2337 2891 2394 habebat
2915 2352 2944 2391 a
2973 2346 3181 2399 natura,
3213 2333 3435 2403 accepit.
3479 2332 3547 2386 Et
3577 2331 3701 2401 quia
3731 2331 3851 2385 lucc

2258 2441 2413 2485 antea
2443 2430 2661 2485 oraculo
2700 2429 2960 2499 promissa
3009 2433 3179 2492 erant,
3211 2424 3332 2479 ideo
3362 2423 3625 2484 Rebecca,
3657 2420 3846 2490 appel-

2258 2523 2456 2578 latione
2484 2523 2531 2576 ei
2562 2521 2746 2584 indita,
2791 2519 2957 2575 Jacob
2997 2533 3120 2574 eum
3168 2514 3378 2570 vocavit
3407 2512 3585 2584 :quod
3638 2511 3848 2565 scilicet

2257 2613 2742 2686 supplantationem
2794 2609 3130 2679 interpretari
3187 2617 3360 2676 potes,
3416 2605 3553 2659 sicut
3596 2612 3652 2658 et
3699 2602 3846 2657 Esau

2257 2713 2375 2774 post
2401 2704 2564 2773 patris
2589 2700 2989 2756 benedictiones
3031 2697 3234 2768 ejulans
3259 2694 3490 2759 dicebat,
3519 2691 3669 2747 Juste
3695 2707 3848 2745 vore-

2255 2802 2363 2847 tum
2389 2802 2464 2848 est
2501 2807 2684 2845 nomen
2711 2790 2821 2860 ejus
2856 2787 3017 2842 Iacob
3046 2805 3066 2840 :
3090 2785 3431 2857 supplantavit
3459 2784 3592 2838 enim
3624 2797 3705 2835 me
3730 2781 3848 2851 jam

2252 2884 2494 2950 secundo,
2524 2891 2573 2937 et
2618 2882 2951 2954 primogenita
2994 2897 3104 2933 mea
3132 2879 3342 2948 accepit,
3375 2885 3422 2931 et
3463 2892 3596 2928 nunc
3633 2872 3846 2928 benedi-

2253 2976 2466 3029 ctionem
2494 2989 2656 3028 meam
2698 2971 2849 3042 (Gen.
2875 2971 2965 3025 27.
2995 2969 3108 3040 36).

2331 3063 2384 3117 N
2387 3065 2612 3118 ominum
2641 3063 2958 3132 propriorum
2978 3059 3231 3125 impositio
3247 3087 3337 3111 .-â€”
3355 3056 3484 3112 Vide
3509 3066 3705 3124 quanta
3727 3063 3849 3109 crat

2255 3158 2555 3227 priscorum
2605 3153 2906 3224 prudentia,
2960 3151 3044 3204 vel
3088 3149 3281 3218 potius,
3313 3157 3506 3217 quanta
3558 3145 3719 3201 fuerit
3751 3144 3846 3200 Dei

2255 3244 2539 3315 sapientia,
2588 3257 2692 3312 qua
2736 3241 2972 3297 olfecerit
3003 3248 3059 3294 ut
3099 3249 3152 3293 et
3180 3238 3430 3293 mulieres
3459 3236 3595 3290 natis
3624 3235 3844 3289 nomina

2255 3350 2362 3390 non
2385 3342 2588 3389 temere
2616 3346 2714 3387 nec
2738 3329 2957 3386 fortuito
2997 3333 3350 3398 imponerent,
3383 3326 3476 3382 sed
3506 3325 3722 3380 nomina
3749 3323 3846 3380 tisâ€”

2253 3435 2396 3489 rent,
2423 3439 2544 3494 quae
2582 3423 2703 3478 filiis
2731 3431 2910 3477 essent
2955 3422 3250 3475 futurerum
3295 3417 3586 3490 praedictio.
3615 3417 3684 3472 Et
3721 3432 3848 3472 raro

2255 3516 2496 3574 invenies
2518 3513 2711 3570 eodem
2741 3529 2848 3584 quo
2891 3523 3068 3583 patres
3121 3510 3336 3566 nomine
3377 3509 3633 3579 appellari
3665 3508 3807 3564 ï¬lios
3828 3549 3845 3575 ,

2257 3607 2502 3663 velforte
2526 3620 2785 3674 nusquam
2821 3623 2834 3658 :
2865 3603 2958 3660 sed
2986 3605 3101 3660 sive
3125 3613 3297 3658 mater
3323 3602 3441 3657 sive
3471 3611 3619 3672 pater
3647 3616 3848 3658 nomen

2259 3700 2369 3755 filio
2398 3699 2741 3768 impositurus
2766 3707 2904 3762 erat,
2935 3712 3113 3751 rarum
3138 3694 3406 3764 quoddam
3433 3703 3488 3748 et
3513 3710 3708 3750 novum
3739 3696 3847 3749 im-

2258 3791 2508 3859 ponebat,
2541 3799 2599 3844 ut
2645 3804 2740 3857 per
2787 3789 2913 3843 illud
2942 3787 3116 3858 aliqua
3170 3786 3340 3840 futura
3384 3786 3847 3856 praesigniï¬caret.

2260 3881 2334 3935 Ita
2360 3890 2414 3935 et
2441 3879 2670 3934 Lamech
2712 3878 2874 3932 lilium
2920 3877 3128 3931 vocavit
3174 3875 3306 3939 Noe,
3352 3876 3580 3930 dicens:
3616 3874 3716 3928 llic
3753 3890 3851 3930 nos

2259 3973 2568 4042 requiescere
2609 3971 2760 4040 {aciei
2789 3968 2942 4038 (Gen.
2971 3968 3022 4024 5.
3051 3968 3168 4037 29).
3203 3967 3277 4021 Ita
3319 3968 3364 4022 si
3391 3967 3595 4037 singula
3627 3967 3850 4023 nomina

2259 4064 2530 4127 scruteris,
2561 4063 2781 4116 omnino
2812 4062 2864 4116 in
2911 4061 3158 4116 omnibus
3179 4060 3424 4114 invenies
3470 4060 3670 4128 aliquid
3714 4061 3852 4116 insi-

2262 4156 2415 4208 nuari
2449 4171 2463 4206 :
2496 4170 2599 4209 non
2630 4154 2765 4208 sicut
2789 4165 2930 4206 nunc
2953 4150 3172 4216 faciunt,
3203 4151 3291 4220 qui
3319 4160 3521 4206 temere
3547 4160 3602 4204 et
3629 4162 3684 4205 ut
3711 4151 3853 4207 forte

2261 4245 2457 4309 evenit,
2489 4241 2852 4312 aparcntibus
2879 4242 3223 4311 agnominare
3250 4240 3427 4296 solent
3457 4259 3472 4294 :
3503 4241 3598 4297 sed
3627 4243 3855 4302 omnino

2252 4335 2385 4387 'illuc
2413 4333 2740 4403 Spectabant,
2768 4342 2827 4387 ut
2850 4340 3158 4401 perpetuam
3186 4331 3497 4385 memoriam
3540 4346 3637 4400 per
3660 4333 3854 4402 appel-

2266 4429 2518 4482 lationem
2537 4427 2680 4480 illam
2700 4424 2821 4480 liliis
2838 4423 3101 4478 inderent.
3119 4422 3384 4478 Cattcrum
3402 4422 3681 4479 videamus
3713 4439 3859 4481 nunc

2265 4526 2384 4586 post
2413 4515 2840 4585 primogenitum
2861 4513 3325 4583 permutationem,
3339 4513 3465 4583 quid
3485 4514 3678 4568 iterum
3700 4516 3859 4571 nobis

2267 4615 2448 4661 narret
2490 4605 2675 4660 beatus
2703 4604 2875 4658 Moses
2906 4603 2982 4659 de
3029 4613 3178 4672 patre
3223 4603 3453 4669 illorum,
3483 4613 3540 4658 et
3583 4606 3861 4674 quomodo

2269 4695 2402 4749 sicut
2434 4693 2503 4748 de
2534 4691 2830 4762 patriarcha
2850 4691 3049 4746 dictum
3077 4699 3176 4755 est,
3212 4691 3280 4744 ita
3305 4699 3360 4745 et
3383 4691 3450 4746 de
3474 4690 3577 4746 hoc
3603 4692 3858 4761 legimus,

2268 4803 2388 4842 eum
2423 4786 2560 4840 fame
2587 4786 2864 4855 ingruente
2888 4783 3107 4836 multam
3139 4783 3229 4836 Dei
3259 4797 3438 4837 curam
3465 4784 3722 4850 sensisse,
3743 4792 3860 4839 tum

2271 4886 2485 4948 propter
2515 4877 2762 4930 virtutem
2792 4873 3056 4942 propriam
3078 4914 3092 4938 ,
3127 4882 3236 4926 tum
3281 4883 3499 4943 propter
3544 4875 3863 4942 promissio-

2273 4985 2392 5022 nem
2421 4967 2736 5037 patriarcha:
2767 4965 2976 5021 factam.
3010 4965 3059 5018 I.
3096 4963 3257 5017 Facta
3297 4975 3370 5018 est
3393 4976 3560 5024 autem
3589 4959 3751 5037 {antes
3774 4985 3865 5023 su-

2275 5076 2360 5126 per
2386 5071 2588 5114 terram.
2621 5065 2803 5125 praeter
2832 5056 3015 5124 [autem
3041 5055 3281 5125 priorem,
3310 5071 3421 5124 quae
3447 5057 3470 5121 á½·
3473 5067 3613 5108 uerat
3639 5069 3866 5127 tempore

2275 5149 2490 5203 Ablâ€˜a/lw
2518 5147 2668 5212 (Cap.
2695 5146 2806 5216 26).
2834 5145 2905 5201 Ut
2935 5161 3001 5200 ne
3031 5155 3182 5215 putes
3211 5148 3278 5200 de
3319 5148 3403 5200 illa
3448 5148 3590 5201 fame
3628 5163 3752 5202 eum
3784 5151 3867 5202 di-

2277 5256 2412 5304 cere,
2442 5246 2713 5307 propterea
2743 5237 2979 5292 subdidit
3002 5255 3014 5291 :
3034 5236 3231 5291 Prtetcr
3257 5242 3436 5308 famem
3465 5256 3580 5309 qua
3607 5251 3716 5294 erat
3735 5250 3866 5294 tem-

2281 5348 2396 5398 pore
2427 5330 2746 5401 patriarcha,
2779 5329 2927 5399 quasi
2971 5329 3200 5394 diceret,
3230 5332 3330 5384 alia
3373 5332 3562 5402 similis
3594 5350 3737 5388 nunc
3761 5336 3866 5390 ite-

2281 5438 2394 5475 rum
2426 5421 2591 5476 fames
2617 5421 2761 5474 venit
2802 5435 2961 5489 super
3007 5429 3201 5475 terram
3231 5432 3467 5490 tempore
3497 5424 3665 5489 Isaae,
3694 5427 3869 5494 qualis

2282 5524 2396 5567 erat
2441 5522 2681 5581 tempore
2742 5512 2904 5580 patris
2956 5511 3112 5565 illius.
3165 5512 3596 5568 Necessarinrnni
3646 5519 3869 5586 {umnria

2286 5620 2472 5661 omnes
2501 5606 2551 5658 in
2581 5618 2840 5658 summam
2872 5604 3164 5673 angustiam
3191 5605 3538 5658 concludebat
3570 5626 3580 5660 :
3618 5620 3779 5676 atque
3805 5625 3869 5663 ex

2287 5699 2396 5752 suis
2425 5697 2651 5766 migrare
2681 5705 2732 5748 et
2759 5695 2823 5748 nd
2856 5695 2942 5749 illa
2976 5695 3087 5748 loca
3123 5697 3348 5749 transire
3376 5699 3616 5766 cogebat.
3648 5701 3734 5754 ubi
3784 5716 3870 5754 re-

2292 5804 2404 5842 rum
2449 5799 2864 5841 necessariarum
2915 5786 3123 5854 cupiam
3171 5787 3488 5841 invenirent.
3549 5787 3701 5843 ï¬nde
3753 5807 3870 5847 eum
