4060 6428
211 537 389 607 justus
427 531 519 589 ille
563 528 756 583 famem
786 523 1009 585 videret,
1040 516 1309 587 Profectus
1351 519 1445 578 est,
1495 505 1683 584 inquit,
1733 501 1801 607 ed

215 593 499 682 'Abimetoch
525 621 580 675 in
608 617 820 674 (ἕσσω.
849 612 929 668 Eo
957 610 1101 666 enim
1128 615 1182 662 et
1209 603 1476 661 Abraham
1507 605 1626 668 post
1673 593 1798 649 red-

218 716 351 769 itum
377 725 532 766 suum
557 723 624 765 ex
662 704 894 776 Egypto
935 706 1173 754 venerat.
1200 690 1502 750 Verisimile
1532 696 1710 742 autem
1750 695 1797 738 et

227 806 371 861 hunc
401 808 682 873 propterea
711 797 842 852 illuc
868 792 1084 856 abiisse,
1114 785 1258 858 quod
1286 783 1409 840 inde
1435 778 1802 873 in_.£_gyptum

221 867 549 951 contendere
577 887 770 951 vellet;
798 893 856 942 et
891 880 1034 954 quod
1063 879 1166 934 hoc
1191 878 1262 932 ita
1288 875 1378 939 sit,
1403 871 1523 928 audi
1567 867 1779 934 Scripta

221 998 339 1039 ram
368 981 633 1037 dicentem
671 977 689 1010 ³
722 994 736 1031 :
764 975 821 1029 2.
862 973 1008 1028 Visus
1032 979 1103 1024 est
1130 969 1272 1023 enim
1301 965 1366 1030 ei,
1413 961 1603 1032 inquit,
1636 957 1804 1018 Deus,

228 1083 275 1126 et
319 1071 450 1126 dixit
476 1083 496 1122 :
525 1065 609 1122 Ne
631 1063 901 1120 descendas
924 1062 978 1115 in
998 1057 1308 1130 Egyptum.
1337 1051 1474 1108 Nolo
1500 1059 1572 1112 te,
1605 1044 1805 1114 inquit,

234 1163 447 1231 longam
491 1157 634 1212 illum
675 1156 815 1209 viam
843 1149 1130 1221 proﬁcisci,
1161 1145 1254 1201 sed
1300 1144 1388 1198 hie
1416 1152 1632 1195 manere
1667 1134 1807 1189 volo.

231 1225 416 1318 Neque
442 1245 691 1316 permitto
717 1251 770 1297 ut
797 1239 1092 1310 angustiam
1121 1233 1431 1305 experiaris,
1459 1229 1552 1284 sed
1581 1225 1809 1297 promis-

229 1316 434 1394 sionem
458 1335 594 1405 patri
620 1343 713 1388 tuo
737 1331 931 1386 factam
953 1326 1207 1398 implebo,
1231 1332 1286 1378 et
1310 1337 1428 1392 qua:
1451 1321 1525 1375 illi
1555 1316 1813 1390 promissa

230 1436 379 1492 sunt,
409 1426 462 1480 in
511 1433 564 1480 te
610 1423 857 1479 evenient
888 1426 904 1476 :'
933 1427 988 1474 et
1033 1428 1090 1472 tu
1135 1412 1542 1486 promissiones,
1588 1423 1706 1479 qua:
1738 1405 1816 1460 illi

231 1517 388 1575 facta:
414 1525 556 1578 sunt,
587 1530 646 1570 re
688 1515 802 1584 ipsa
826 1511 1073 1581 accipies.
1121 1507 1206 1562 Ne
1235 1504 1519 1561 descendas
1544 1505 1598 1557 in
1638 1499 1812 1570 Egy-

232 1618 415 1681 ptian:
446 1607 613 1660 habita
641 1614 804 1658 autem
845 1603 897 1657 in
944 1613 1080 1656 terra
1129 1615 1290 1669 quam
1330 1597 1421 1651 tibi
1462 1597 1653 1657 dixero,
1685 1593 1738 1647 5.
1767 1599 1821 1644 et

233 1697 523 1769 peregrinus
549 1706 651 1750 mo
679 1696 730 1748 in
756 1682 888 1748 terra
909 1695 1024 1747 hac.

307 1789 364 1844 2.
393 1787 594 1843 Deinde
622 1794 680 1840 ut
706 1800 776 1840 ne
804 1791 954 1854 putet
978 1782 1175 1851 justus,
1204 1779 1370 1834 Deum
1412 1776 1516 1831 hoc
1558 1774 1821 1843 imperare

235 1878 387 1950 qmsi
416 1879 680 1933 volentem
711 1889 832 1929 eum
862 1872 1014 1927 famis
1039 1869 1335 1939 angustiam
1356 1864 1606 1936 experiri,
1632 1870 1687 1918 et
1716 1877 1822 1916 non

242 1965 554 2038 permittere
582 1964 630 2018 ei
659 1960 939 2018 transitum
966 1960 1018 2013 in
1047 1958 1356 2028 .IEgypIum,
1403 1954 1574 2024 inquit
1609 1950 1724 2007 :Ne
1749 1950 1824 2004 sis

243 2054 458 2116 anxius,
495 2067 666 2120 neque
690 2065 872 2106 curam
901 2048 1056 2115 habe,
1086 2047 1180 2103 sed
1211 2047 1295 2100 hic
1319 2059 1480 2100 mane
1511 2061 1524 2095 :
1555 2042 1665 2112 Ego
1693 2041 1825 2093 enini

237 2163 324 2203 ero
345 2157 524 2201 tecum.
572 2143 736 2214 Igitur
783 2156 903 2197 cum
947 2139 1395 2210 suppeditatorem
1425 2134 1684 2190 bonorum
1707 2146 1824 2185 om-

241 2237 390 2292 nium
422 2234 638 2296 habeas,
686 2245 754 2286 ne
802 2233 879 2287 sis
927 2229 1349 2294 sollicitus:ch
1395 2224 1538 2279 enim
1573 2221 1826 2275 Dominus

241 2325 480 2381 omnium
508 2337 602 2378 cro
629 2333 802 2376 tecum
836 2337 850 2374 :
881 2333 1052 2390 neque
1096 2317 1195 2372 hoc
1223 2315 1417 2380 solum,
1447 2313 1541 2368 sed
1583 2311 1650 2366 Et
1682 2311 1828 2365 benc-

244 2419 409 2472 dicam
435 2426 502 2482 te,
527 2417 631 2469 hoc
658 2421 761 2478 est,
792 2412 1082 2482 gloriosum
1111 2417 1162 2464 te
1189 2408 1400 2473 faciam,
1427 2416 1481 2462 et
1504 2405 1834 2461 benedictio-

246 2521 369 2564 nem
413 2519 588 2560 meam
640 2502 906 2574 prazliebo.
957 2501 1093 2567 Quid
1137 2499 1237 2554 hoc
1276 2501 1420 2568 justo
1465 2497 1689 2560 beatius,
1739 2494 1829 2565 qui

247 2598 408 2654 talem
451 2594 860 2668 promissionem
891 2608 922 2646 a
959 2593 1068 2647 Deo
1104 2592 1306 2660 accepit
1339 2609 1354 2645 :
1390 2589 1491 2644 Ero
1538 2599 1733 2652 tecum,
1783 2595 1832 2642 et

247 2686 532 2742 benedicere
561 2685 648 2738 te?
691 2683 804 2738 Iloc
843 2691 894 2737 te
924 2681 1212 2736 declarabit
1239 2680 1488 2735 omnibus
1512 2678 1831 2744 feliciorem,

249 2777 352 2832 hoc
368 2786 421 2831 te
444 2772 749 2829 afﬂuentem
771 2771 930 2827 rebus
945 2771 1187 2826 omnibus
1205 2768 1377 2834 faciet,
1400 2770 1512 2823 haec
1527 2775 1610 2824 est
1623 2780 1834 2822 summa

247 2867 438 2941 gloria,
468 2864 583 2919 haec
628 2871 712 2918 est
740 2877 864 2916 vera
890 2861 1169 2926 securitas,
1200 2860 1302 2914 hoc
1325 2869 1407 2915 est
1430 2860 1640 2913 culmen
1661 2865 1722 2913 et
1740 2871 1834 2912 ca-

249 2966 348 3031 put
373 2957 654 3022 bonorum,
685 2954 806 3024 quia
832 2967 936 3023 ego
964 2960 1137 3007 tecum
1163 2966 1302 3007 sum.
1353 2951 1418 3004 Et
1443 2951 1732 3004 benedicam
1764 2956 1833 3003 tet

254 3045 536 3116 Quomodo
586 3053 762 3098 autem
791 3053 845 3099 te
887 3041 1242 3098 benedicam?
1271 3041 1386 3095 Tibi
1411 3052 1477 3095 et
1518 3039 1699 3095 semini
1750 3050 1836 3094 tuo

251 3136 382 3192 dabo
413 3147 600 3190 terram
643 3135 793 3189 hanc.
825 3134 905 3189 Tu
947 3134 1143 3189 videris
1170 3134 1222 3188 in
1268 3134 1365 3188 hac
1393 3134 1610 3202 regione
1634 3132 1834 3186 versari

253 3225 406 3298 quasi
437 3225 636 3295 hospes
679 3233 733 3280 et
760 3239 922 3295 vagus
952 3242 965 3278 :
1001 3224 1139 3278 scias
1167 3231 1342 3278 autem
1369 3221 1506 3293 quod
1549 3221 1643 3275 tibi
1669 3230 1722 3276 et
1747 3235 1832 3276 se-

254 3317 383 3371 mini
410 3326 499 3369 tuo
537 3315 748 3369 dabitur
775 3314 888 3369 haec
914 3313 1087 3369 omnis
1119 3322 1279 3368 terra.
1329 3312 1394 3367 Et
1420 3322 1476 3366 ut
1506 3312 1642 3367 bene
1668 3314 1838 3366 conﬂ-

252 3407 370 3469 das,
400 3405 547 3461 disce
574 3419 660 3458 me
679 3404 1040 3473 juramentum
1067 3402 1214 3468 illud,
1246 3401 1387 3470 quod
1410 3402 1581 3470 juravi
1608 3400 1838 3455 Abrahae

254 3497 391 3568 patri
423 3505 537 3560 tuo,
570 3504 743 3550 tecum
774 3501 1029 3548 statuere.
1075 3492 1204 3548 Vide
1230 3491 1501 3562 quomodo
1528 3504 1832 3546 sermonem

256 3602 415 3642 suum
449 3584 589 3640 Deus
617 3586 806 3639 iterum
826 3592 1141 3653 attemperat
1167 3591 1365 3638 nostra:
1386 3579 1698 3635 inﬁrmitati.
1721 3579 1840 3634 Non

256 3678 392 3734 dixit
417 3676 745 3746 simpliciter,
776 3675 936 3730 Pacta
981 3689 1099 3744 quae
1128 3673 1227 3730 feci
1274 3688 1394 3728 cum
1425 3680 1572 3741 patre
1600 3679 1710 3735 tuo,
1743 3685 1840 3726 ne-

259 3782 367 3838 que
397 3765 775 3836 promissiones
797 3779 928 3834 quas
957 3764 1174 3834 promisi
1204 3779 1218 3818 :
1246 3762 1347 3819 sed
1365 3762 1537 3834 quid?
1561 3761 1836 3816 Juremen-

261 3868 368 3912 tam
391 3856 527 3927 quod
560 3856 753 3927 juravi.
783 3854 1135 3925 Jurejurando
1161 3855 1333 3926 ipsum
1362 3853 1672 3910 conﬁrmavi
1692 3852 1843 3922 jura-

261 3956 524 4014 Incntum,
554 3958 606 4002 et
638 3955 823 4002 teneor
847 3955 905 4001 ut
928 3960 1090 4015 opere
1118 3945 1387 4015 perﬁciam
1412 3942 1554 4015 quod
1576 3942 1769 4014 juravi.

336 4035 458 4092 Non
482 4045 674 4108 spectat
700 4052 844 4091 mam
882 4035 1176 4107 dignitatem
1206 4033 1364 4100 Deus,
1394 4034 1482 4088 sed
1508 4044 1733 4088 nostram
1762 4034 1844 4087 in-

263 4126 808 4198 ﬁrmitatem—Vides
835 4127 926 4182 Dei
952 4126 1326 4182 clementiam?
1346 4124 1462 4180 Non
1476 4123 1552 4179 .ad
1577 4123 1842 4194 propriam

261 4216 574 4287 dignitatem
602 4217 894 4288 respiciens
928 4216 1179 4287 loquitur,
1225 4214 1319 4271 sed
1347 4215 1414 4270 ad
1461 4225 1696 4270 nostram
1725 4229 1846 4270 sese

262 4317 625 4376 attemperans
668 4306 1052 4362 inﬁrmitatem.
1099 4305 1230 4360 Nam
1274 4305 1397 4376 quia
1447 4304 1691 4360 homines
1734 4303 1846 4359 fere

265 4410 478 4466 semper
502 4395 590 4450 illa
631 4411 793 4465 opere
819 4394 1073 4465 perﬁcere
1096 4394 1329 4461 student,
1359 4409 1466 4450 non
1496 4409 1614 4465 quae
1639 4394 1845 4463 simpli-

263 4486 401 4542 citer
430 4486 792 4556 promiserunt
838 4484 1017 4549 alicui,
1066 4484 1161 4539 sed
1206 4500 1327 4555 quae
1373 4500 1493 4538 cum
1541 4484 1846 4554 iuramento

265 4575 630 4649 promiserunt
659 4592 676 4630 :
705 4575 863 4630 simili
893 4575 1054 4630 modo
1080 4583 1135 4630 et
1177 4573 1316 4629 Deus
1354 4573 1504 4645 justo
1546 4574 1754 4644 plenam
1785 4574 1848 4626 ﬁ-

265 4667 391 4725 dem
421 4665 640 4752 iaciens,
670 4681 731 4722 ea
778 4681 896 4737 qum
922 4681 953 4720 a
980 4681 1041 4721 se
1086 4666 1225 4720 dicta
1265 4674 1391 4720 sunt
1426 4667 1645 4720 omnino
1674 4665 1846 4719 futura

265 4772 389 4816 esse
441 4755 611 4812 dicit:
640 4756 788 4812 Scias
832 4771 894 4811 ea
940 4771 1059 4828 qum
1094 4771 1125 4810 a
1165 4771 1251 4810 me
1289 4756 1591 4825 juramento
1641 4755 1847 4809 ﬁrmata

266 4856 413 4914 sunt,
444 4862 606 4917 opere
649 4847 912 4917 implenda
961 4861 1101 4903 esse.
1157 4847 1294 4916 Quid
1349 4847 1548 4917 igitur?
1599 4846 1845 4916 inquies:

269 4937 414 4992 Deus
450 4936 646 5006 iuravit
664 4937 690 4990 ἲ
716 4946 770 4990 et
797 4951 890 5006 per
916 4952 1073 5008 quem
1096 4936 1278 5007 iurare
1305 4935 1516 5006 potuit?
1543 4934 1702 4991 Vides
1747 4935 1849 4990 hoc

271 5040 394 5082 sese
424 5023 490 5078 ad
517 5033 749 5078 nostram
779 5024 1135 5080 inﬁrmitatem
1158 5027 1560 5094 attemperantis
1578 5039 1698 5081 esse
1722 5043 1735 5079 :
1761 5026 1854 5079 ﬁr-

267 5115 555 5170 motionem
587 5115 954 5182 promissionis
993 5117 1202 5171 vocavit
1231 5117 1613 5184 juramentu'm.
1643 5113 1844 5169 Et'sta-

269 5216 432 5270 tuam,
471 5204 660 5275 inquit,
691 5206 1036 5276 juramcnttnn
1064 5223 1251 5273 meum,
1289 5206 1424 5276 quod
1450 5206 1648 5276 jurana-
1674 5206 1847 5276 juraoi

271 5295 489 5350 Abrahae
530 5295 662 5364 patri
700 5306 801 5350 tuo.
853 5295 1053 5351 Deinde
1079 5296 1237 5351 docet
1279 5312 1401 5351 eum
1431 5312 1548 5367 quae
1591 5308 1718 5351 sunt
1760 5296 1846 5351 illa

269 5402 392 5456 qua
418 5387 678 5456 promisit,
706 5398 760 5442 et
787 5389 854 5444 de
880 5389 1071 5460 quibus
1095 5389 1144 5443 ei
1169 5388 1364 5458 juravit
1413 5389 1467 5443 ι.
1499 5387 1563 5442 Et
1599 5390 1842 5456 multipli-

267 5479 394 5535 ubo
429 5494 598 5534 semen
641 5490 781 5535 tum
819 5483 946 5536 sicut
984 5481 1156 5536 stellas
1192 5481 1322 5535 ccli.
1356 5481 1466 5535 Iloc
1506 5482 1647 5536 enim
1676 5494 1728 5537 et
1758 5499 1847 5550 pn-

332 5633 353 5666 ⁸
385 5638 484 5682 sex
526 5639 653 5694 Il...
694 5635 826 5707 audi.
854 5637 1142 5699 ineﬂ'ubiicnt
1186 5637 1276 5688 Dei
1316 5633 1677 5686 hummiimlcm.
1711 5635 1845 5686 risus

264 5694 354 5741 est.
373 5697 470 5741 etc.
494 5694 654 5741 SaviL
672 5698 788 5741 audi
807 5699 1094 5741 υκσηιήιηη
1117 5697 1204 5741 nd
1235 5697 1618 5741 inimicm-dimi:
1678 5695 1842 5741 stin-el.

267 5694 356 5801 ag:
373 5697 470 5745 etc.
494 5694 654 5766 savii.
672 5697 790 5748 audi
807 5694 1096 5768 iueJdbilem
1115 5697 1204 5751 Dei
1234 5697 1618 5750 misericordiwn
1678 5695 1842 5750 alorci.

334 5793 344 5803 .
376 5762 574 5822 manu
593 5768 776 5810 sumus.

1227 398 1296 454 ΙΝ
1333 395 1487 453 CAP.
1527 390 1715 451 XXVI.
1755 383 2005 444 CENES.
2045 377 2275 437 liOﬂIL.
2318 375 2399 432 LI.

3386 359 3490 414 ιω

1911 495 2158 552 triarehm
2205 492 2260 548 in
2299 487 2561 561 principio
2603 482 2814 540 dicebat
2842 497 2855 533 :
2886 477 3113 533 Tantum
3160 473 3261 530 erit
3314 485 3500 527 semen

1913 597 2082 651 tuum,
2116 591 2172 637 ut
2199 591 2254 637 et
2275 579 2448 636 stellis
2472 587 2523 631 et
2551 587 2729 629 arena:
2758 571 3087 638 adaequetur.
3135 562 3202 616 Et
3240 562 3392 626 dabo,
3421 561 3503 613 in-

1908 676 2043 748 quit,
2073 675 2250 729 scmini
2270 683 2354 726 tuo
2381 679 2567 724 terram
2584 667 2756 729 istam,
2788 672 2834 716 et
2865 658 3217 714 benedicentur
3241 654 3294 707 in
3315 651 3502 706 semine

1912 781 1994 824 tuo
2018 782 2192 821 omnes
2221 776 2385 837 gentes
2426 771 2574 815 teme
2603 755 2756 828 (Gen.
2785 753 2880 808 22.
2909 751 3021 818 17).
3059 750 3344 817 Propterea
3374 759 3502 813 pro-

1914 858 2196 913 missiones
2223 833 2341 922 qua:
2386 852 2461 904 illi
2504 851 2657 903 facta:
2701 855 2844 908 sunt,
2879 843 2932 896 in
2961 849 3014 895 te
3058 836 3311 907 implebo.
3340 837 3395 890 5.
3428 833 3507 888 Es

1913 946 2048 1017 quod
2073 933 2263 998 audivit
2286 940 2541 994 Abraham
2571 946 2715 1008 pater
2735 944 2850 987 tuus
2878 947 3043 986 vocem
3065 943 3248 990 meam,
3269 935 3320 981 et
3344 934 3502 979 custo-

1913 1038 2037 1091 diuit
2067 1035 2305 1089 mandata
2337 1047 2445 1084 mea
2475 1029 2577 1103 (a),
2608 1037 2654 1081 et
2678 1025 3074 1097 juuiﬁcationcs
3110 1035 3267 1084 meas,
3295 1027 3341 1071 et
3386 1017 3511 1087 legi-

1915 1129 2036 1181 tima
2063 1141 2198 1180 mea;
2225 1121 2360 1178 Vide
2393 1121 2485 1175 Dei
2515 1117 2851 1188 sapientiam,
2880 1110 3151 1183 quomodo
3176 1108 3335 1178 erigit
3360 1121 3512 1160 men-

1919 1228 2028 1273 tem
2053 1216 2203 1286 justi,
2234 1222 2289 1268 et
2329 1212 2641 1267 alacriorem
2668 1206 2844 1263 reddit
2875 1222 2890 1258 :
2918 1212 2974 1258 et
3001 1213 3058 1257 ut
3085 1200 3252 1271 patris
3278 1199 3514 1252 imitator

1919 1307 2031 1371 ﬁat,
2063 1303 2247 1359 efﬁcit.
2291 1302 2423 1356 Nam
2465 1299 2513 1353 si
2556 1298 2666 1362 ille,
2697 1296 2888 1366 inquit,
2929 1293 3051 1362 quia
3097 1305 3230 1345 mea:
3279 1286 3514 1344 obedivit

1919 1396 2059 1458 voci,
2094 1402 2236 1447 tanta
2271 1389 2649 1466 pollicitatione
2682 1386 2872 1457 dignus
2905 1382 3115 1436 habitus
3164 1388 3268 1444 est,
3296 1386 3351 1432 et
3394 1390 3514 1431 eam

1923 1495 2141 1557 propter
2168 1484 2309 1537 illius
2337 1483 2586 1535 virtutem
2616 1479 2668 1532 in
2699 1487 2772 1543 te,
2805 1477 2893 1546 qui
2915 1491 2979 1528 ex
3010 1488 3075 1529 eo
3099 1480 3252 1525 natus
3281 1483 3362 1534 es,
3393 1483 3514 1523 sum

1924 1556 2243 1646 impleturus
2275 1590 2288 1627 :
2319 1574 2362 1626 si
2393 1581 2446 1626 et
2472 1573 2584 1639 ipse
2609 1569 2752 1622 illius
2772 1567 3007 1620 imitator
3035 1563 3214 1625 fueris,
3246 1569 3301 1613 ct
3329 1556 3516 1613 eadem

1923 1682 2025 1736 qua
2056 1666 2146 1718 ille
2177 1664 2260 1716 via
2292 1659 2595 1724 iucesseris,
2623 1657 2794 1726 cogita
2821 1661 3076 1724 quantum
3115 1647 3254 1718 apud
3308 1661 3394 1700 me
3424 1645 3518 1698 be-

1926 1735 2278 1811 nevolentiam
2304 1751 2581 1806 habiturus
2615 1749 2711 1812 sis,
2743 1754 2800 1800 et
2826 1751 3023 1814 quanta
3053 1755 3173 1795 mea
3201 1753 3329 1793 cura
3361 1747 3412 1791 te
3434 1735 3520 1790 di-

1924 1856 2182 1916 gnaturus
2209 1844 2310 1897 sim
2375 1840 2508 1894 Nam
2532 1839 2577 1894 si
2619 1837 2704 1891 cui
2733 1837 2802 1890 ob
2831 1834 3054 1888 alterius
3092 1831 3340 1884 virtutem
3385 1826 3522 1880 bene

1927 1915 2160 1991 iuturum
2191 1941 2292 1994 est,
2321 1932 2364 1984 si
2389 1939 2443 1984 et
2473 1932 2584 1996 ipse
2613 1928 2807 1980 virtute
2839 1923 3092 1993 prmditus
3136 1919 3316 1982 fuerit,
3350 1915 3522 1970 multo

1927 2025 2131 2095 majore
2168 2022 2357 2092 dignus
2387 2019 2668 2073 habebitur
2693 2030 2841 2070 cura.
2890 2012 3033 2080 Quid
3060 2022 3237 2064 autem
3285 2017 3368 2062 est
3398 2027 3410 2060 :
3445 2004 3524 2059 Eo

1927 2117 2063 2187 quod
2096 2114 2309 2169 obedivit
2336 2113 2441 2166 voci
2471 2125 2615 2175 mea,
2661 2117 2709 2162 et
2749 2104 3013 2160 custodiuit
3040 2101 3282 2155 mandata
3308 2114 3438 2164 mea,
3478 2105 3524 2149 et

1931 2186 2185 2275 prd-cepta
2215 2219 2347 2269 mea,
2393 2211 2439 2257 et
2477 2197 2868 2272 justiﬁcationcs
2907 2191 3089 2246 meas?
3138 2189 3388 2243 Dicebam
3428 2186 3522 2241 ei:

1930 2297 2184 2369 Egredere
2212 2295 2274 2348 de
2316 2302 2452 2347 terra
2494 2302 2579 2342 tua
2623 2297 2667 2342 et
2695 2287 2758 2340 de
2783 2283 3078 2354 cognatione
3119 2291 3226 2344 tua,
3259 2287 3305 2332 et
3332 2276 3444 2330 ueni
3473 2276 3526 2329 in

1933 2368 2118 2442 terram
2141 2401 2294 2456 quam
2315 2391 2652 2437 monstravero
2675 2378 2764 2433 tibi
2788 2375 2948 2447 (Ibid.
2974 2373 3059 2428 l2.
3083 2370 3134 2442 I)
3165 2392 3178 2427 :
3207 2368 3529 2438 reliquitque

1933 2479 2022 2533 illa
2041 2492 2161 2548 qua:
2185 2477 2238 2532 in
2269 2473 2515 2529 manibus
2537 2478 2711 2534 erant,
2739 2476 2794 2522 et
2819 2467 3020 2520 incerta
3043 2468 3395 2534 persequutus
3424 2465 3528 2511 est.

1933 2570 2001 2626 Et
2028 2545 2134 2622 non
2163 2565 2449 2621 ﬁuctuabat
2479 2575 2652 2632 neque
2695 2556 3046 2613 cunctabatur
3074 2573 3088 2608 :
3115 2549 3208 2606 sed
3238 2564 3359 2605 cum
3384 2545 3531 2602 omni

1935 2659 2214 2717 alacritate
2267 2653 2577 2712 mandatum
2628 2647 2922 2719 implebat,
2974 2653 3029 2700 et
3080 2639 3361 2696 obediebat
3415 2634 3533 2691 voci

1936 2765 2092 2806 meas.
2123 2748 2318 2803 Iterum
2347 2760 2465 2814 quas
2510 2756 2672 2811 super
2699 2747 2942 2794 naturam
2973 2741 3098 2789 sunt
3120 2731 3169 2789 ei
3211 2726 3451 2798 promisi,
3478 2732 3534 2779 et

1935 2855 2056 2896 cum
2101 2839 2211 2909 jam
2241 2847 2372 2891 aetas
2414 2848 2536 2888 eum
2568 2847 2597 2885 a
2627 2846 2723 2900 spe
2762 2829 3036 2896 dejiceret,
3087 2827 3151 2876 ac
3200 2833 3374 2890 neque
3417 2816 3534 2886 ipse

1938 2946 2112 3002 neque
2146 2940 2318 2984 mater
2344 2936 2430 2981 tua
2453 2921 2809 2996 procreanda:
2830 2917 2966 2989 proli
2991 2914 3167 2971 idonei
3189 2917 3390 2973 essent,
3411 2922 3533 2963 cum

1937 2998 2145 3081 audiret
2160 3036 2190 3076 a
2216 3035 2302 3076 me
2322 3033 2504 3074 semen
2527 3016 2644 3086 ejus
2665 3014 2717 3066 in
2741 3019 2943 3066 tantum
2970 3009 3084 3062 fore
3105 2998 3530 3076 propagandum,

1938 3123 1998 3170 ut
2045 3125 2262 3168 mecm
2317 3119 2514 3163 terram
2569 3110 2715 3156 esset
2766 3099 3148 3168 impleturum;
3182 3105 3354 3160 neque
3407 3097 3536 3143 tunc

1921 3205 2118 3270 animo
2147 3200 2388 3257 turbatus
2436 3195 2552 3261 fuit,
2583 3192 2678 3248 sed
2721 3188 2946 3246 credidit
2980 3207 2993 3242 ε
3025 3184 3144 3239 ideo
3173 3191 3227 3237 et
3269 3181 3323 3236 in
3362 3178 3531 3251 justi-

1940 3298 2067 3352 tiam
2091 3295 2141 3351 ei
2169 3299 2467 3363 reputatum
2494 3295 2572 3343 est
2606 3283 2767 3357 (Ibid.
2797 3281 2886 3336 15.
2923 3279 2978 3350 6)
3003 3295 3018 3343 ;
3050 3275 3171 3347 quia
3196 3272 3376 3348 virtuti
3400 3283 3536 3363 mea

1940 3361 2246 3452 credendo,
2264 3393 2319 3440 et
2361 3385 2412 3436 in
2442 3375 2886 3452 promissionibus
2915 3371 3049 3427 meis
3075 3379 3230 3450 spem
3254 3361 3499 3422 habendo
3516 3401 3535 3428 ,

1941 3442 2175 3534 humana
2203 3442 2515 3530 inﬁrmitate
2539 3465 2786 3538 superior
2813 3463 2930 3517 iuit.
2963 3460 3028 3515 Et
3053 3442 3333 3530 postquam
3361 3462 3416 3506 tu
3443 3466 3536 3506 na-

1944 3579 2031 3625 tus
2058 3583 2142 3631 es,
2172 3580 2293 3621 cum
2323 3570 2496 3618 mater
2525 3568 2611 3613 tua
2642 3560 2984 3611 succensent
3008 3546 3216 3604 lsniaeli
3241 3559 3310 3600 ex
3336 3539 3536 3623 ancilla

1944 3668 2092 3726 nato,
2121 3629 2178 3714 et
2220 3654 2378 3710 vellet
2403 3666 2525 3708 eum
2554 3648 2770 3718 abigere
2797 3659 2826 3697 a
2852 3642 3014 3699 domo
3039 3652 3164 3695 cum
3193 3639 3350 3708 Agar,
3383 3629 3540 3718 ita/ut

1946 3725 2085 3805 nihil
2125 3759 2411 3802 commune
2459 3740 2535 3795 illi
2567 3746 2746 3794 tecum
2791 3741 2952 3799 esset,
3001 3730 3128 3785 licet
3169 3728 3224 3782 in
3262 3725 3414 3780 illum
3443 3738 3554 3793 paa

1947 3839 2178 3898 triarcba
2222 3846 2444 3908 paterna
2471 3839 2526 3887 et
2545 3828 2778 3901 genuina
2804 3824 3093 3881 dilectione
3134 3820 3271 3875 bene
3295 3815 3543 3872 afﬁcere-

1949 3943 2032 3989 tur
2062 3952 2076 3988 :
2104 3904 2327 3986 audiens
2354 3936 2529 3980 tamen
2559 3937 2588 3976 a
2615 3935 2734 3985 me,
2764 3917 2866 3973 sibi
2909 3912 3208 3969 faciendum
3251 3922 3372 3965 esse
3396 3904 3543 3977 quod

1951 4023 2122 4078 visum
2152 4025 2298 4075 esset
2322 4015 2517 4077 Same,
2541 4011 2739 4067 oblitus
2763 4006 3022 4063 naturalis
3039 4001 3361 4066 dilectionis,
3382 3997 3544 4068 ejccit

1949 4111 2232 4170 Ismaelem
2259 4121 2384 4163 cum
2413 4102 2626 4168 ancilla,
2651 4109 2707 4154 et
2728 4111 2948 4166 semper
2972 4092 3204 4149 obedivit
3230 4088 3350 4145 voci
3383 4101 3541 4151 meae.

1950 4219 2013 4260 ac
2039 4198 2324 4258 custodis-it
2348 4202 2611 4268 pgrzccepta
2652 4204 2796 4244 mea.
2816 4185 3066 4252 Denique
3095 4195 3215 4236 eum
3254 4176 3542 4248 prmeepis-

1949 4309 2067 4351 sem
2091 4293 2162 4358 ei,
2210 4298 2270 4345 ut
2295 4267 2426 4343 mihi
2478 4286 2529 4339 in
2560 4279 2884 4336 sacriﬁcium
2921 4273 3140 4330 oll'erret
3176 4269 3340 4324 ﬁlium
3371 4267 3425 4322 in
3455 4281 3544 4320 se-

1953 4393 2172 4442 nectute
2197 4380 2299 4436 sibi
2324 4387 2660 4435 conoessum,
2685 4378 2740 4424 et
2764 4376 2873 4422 tam
2897 4365 3172 4427 dilectum,
3197 4359 3331 4414 nihil
3355 4371 3545 4413 causa-

1951 4484 2038 4531 tus
2067 4481 2170 4539 est,
2189 4482 2361 4539 neque
2383 4463 2646 4522 curiosius
2669 4459 2738 4514 de
2763 4461 3032 4527 praecepto
3052 4449 3346 4520 inquisivit,
3370 4461 3544 4516 neque

1952 4566 2196 4624 turbatus
2221 4571 2303 4617 est
2328 4570 2530 4621 mente,
2570 4565 2744 4621 neque
2781 4542 3195 4602 communicavit
3221 4555 3342 4596 cum
3372 4548 3543 4593 matre

1953 4669 2083 4723 tua,
2112 4650 2285 4724 neque
2334 4664 2456 4706 cum
2484 4645 2684 4716 pueris,
2717 4653 2893 4708 neque
2946 4645 3146 4700 tecum,
3194 4631 3322 4702 quid
3372 4628 3544 4685 factu;

1953 4765 2046 4805 rus
2068 4717 2215 4803 casei
2239 4760 2255 4810 ;
2287 4741 2380 4797 sed
2426 4735 2548 4793 forti
2577 4741 2755 4790 mente
2780 4739 2835 4785 et
2861 4725 3060 4797 ingenti
3096 4721 3370 4778 alacritate
3399 4717 3547 4774 festi-

1953 4838 2118 4901 navit,
2147 4845 2206 4890 ut
2233 4809 2541 4887 mandatum
2561 4837 2740 4880 meum
2766 4817 3012 4887 impleret
3046 4834 3060 4872 :
3091 4811 3316 4884 proinde
3349 4809 3540 4864 volun-

1953 4939 2119 4987 tatem
2167 4926 2284 4996 ejus
2313 4918 2582 4982 coronavi,
2615 4927 2752 4984 opus
2778 4920 2954 4965 autem
2983 4915 3041 4961 ut
3071 4904 3414 4976 perﬁceretur
3439 4915 3544 4955 non

1953 5019 2165 5077 admisi.
2195 4990 2513 5084 Eapropter,
2531 5006 2653 5077 quia
2678 5005 2732 5058 in
2756 4999 3003 5057 omnibus
3020 5008 3266 5064 magnam
3289 4990 3545 5047 obedien-

1953 5114 2081 5169 tiam
2123 5081 2433 5169 declaravit,
2461 5109 2517 5156 et
2551 5094 2926 5154 mandatorum
2955 5101 3196 5142 meomm
3223 5081 3541 5143 custodiam,

1955 5215 2008 5260 te
2031 5219 2092 5257 ex
2129 5200 2220 5254 illo
2248 5206 2428 5252 natum
2458 5188 2893 5263 promissionum,
2925 5197 3044 5250 qua:
3090 5179 3162 5233 illi
3195 5179 3345 5231 laete
3391 5180 3536 5239 sunt,

1952 5291 2206 5350 heredem
2228 5286 2382 5342 facio.

2025 5386 2078 5441 5.
2125 5381 2335 5435 Imitare
2375 5375 2534 5445 igitur
2574 5371 2714 5425 illius
2750 5363 3110 5422 obedientiam
3136 5402 3151 5428 ,
3183 5369 3238 5414 et
3275 5360 3338 5412 iis
3365 5365 3486 5440 qia?
3510 5365 3543 5410 3

1953 5491 2038 5530 me
2077 5473 2219 5527 dicta
2258 5443 2615 5526 sunt—crede,
2643 5469 2701 5516 ut
2739 5457 2907 5513 multo
2948 5453 3186 5524 pluribus
3216 5443 3544 5504 remunerari

1951 5571 2143 5635 dignus
2170 5559 2404 5615 habeare
2424 5595 2439 5621 ,
2471 5563 2524 5610 et
2555 5567 2651 5624 pro
2679 5549 2845 5621 patris
2875 5547 2950 5602 tui
2979 5545 3208 5610 virtute,
3244 5548 3298 5597 et
3331 5554 3428 5610 pro
3456 5546 3544 5591 tua

2012 5687 2085 5746 (α)
2126 5682 2254 5733 Bibl.
2283 5680 2497 5746 addunt,
2542 5677 2588 5722 et
2631 5663 3193 5746 precepts-“melliﬁci
3234 5660 3320 5716 τὰς
3352 5654 3549 5710 ἐντολάς

1950 5729 2098 5814 tibi”,
2123 5729 2256 5808 quod
2291 5742 2414 5792 inl’ra
2446 5729 2669 5800 agnoscit
2691 5735 2743 5782 5.
2769 5729 3167 5790 Chrj'sostomus.
