4060 6424
603 384 709 442 455

608 499 902 555 obedientia
935 517 948 552 :
979 507 1033 553 et
1073 511 1140 554 ne
1173 496 1461 552 descendas
1497 494 1549 549 in
1591 494 1874 567 Egyptum
1898 537 1913 562 ,
1955 496 2047 551 sed
2087 495 2173 553 hic

609 605 783 645 mane.
814 588 999 644 Vidisti
1028 589 1115 642 Dei
1142 585 1577 653 misericordiam,
1607 584 1872 656 quomodo
1902 599 1997 655 per
2024 601 2171 641 men-

607 681 802 732 tionem
840 677 1048 732 virtutis
1091 676 1255 746 patris
1299 675 1454 743 hujus
1497 662 1727 730 mentem
1767 675 2078 730 roboravit?
2115 675 2168 730 6.

610 768 861 822 Habitavit
883 778 1048 822 autem
1072 767 1221 821 Isaac
1241 769 1294 821 in
1322 767 1542 822 Geraris.
1564 767 1696 822 Vide
1719 767 1982 838 quomodo
2007 765 2167 820 ferme

607 859 657 912 in
697 859 881 914 eadem
919 860 1145 929 pericula
1186 858 1368 914 incidit
1391 859 1514 924 ille,
1546 859 1596 913 in
1627 874 1742 926 qua:
1770 867 1823 912 et
1858 868 2002 926 pater
2031 857 2164 925 ejus.

602 949 731 1004 Nam
761 965 881 1005 cum
907 949 1228 1004 domicilium
1253 949 1472 1002 haberet
1500 948 1550 1000 in
1579 946 1791 1002 Geraris
1811 987 1826 1011 ,
1860 947 1908 998 7.
1942 946 2166 1015 Rogata:-

602 1046 753 1104 ratnt,
785 1037 987 1107 inquit,
1016 1038 1110 1092 viri
1136 1037 1232 1090 loci
1257 1035 1396 1089 illius
1426 1036 1488 1088 de
1515 1034 1736 1088 Rebecca
1765 1049 1918 1086 uxore
1948 1034 2054 1101 ejus
2078 1073 2092 1098 ,
2121 1042 2168 1086 ct

601 1125 749 1193 dixit,
781 1125 940 1181 Soror
965 1141 1074 1178 mea
1099 1133 1209 1185 est;
1238 1124 1409 1177 timuit
1434 1124 1573 1178 enim
1607 1137 1672 1177 ne
1701 1121 1838 1176 forte
1863 1121 2165 1176 occiderent

601 1231 720 1270 eum
746 1258 760 1281 ,
803 1216 924 1270 victi
967 1213 1356 1284 pulchritudine
1397 1214 1576 1268 uxoris
1609 1211 1744 1267 :Ne
1780 1213 1906 1280 forte
1939 1212 2166 1265 occidant

598 1313 712 1358 cum
732 1346 748 1370 ,
778 1304 946 1372 inquit
969 1345 984 1370 ,
1011 1304 1104 1357 uiri
1129 1302 1226 1358 loci
1251 1312 1454 1373 propter
1483 1301 1748 1356 Rebeccam
1769 1343 1784 1368 ,
1812 1303 1929 1372 quia
1955 1295 2164 1372 pulchra

597 1396 726 1464 facie
753 1403 876 1448 erat.
899 1394 950 1449 8.
979 1393 1100 1448 Fuit
1127 1402 1291 1448 autem
1318 1395 1423 1448 illic
1450 1395 1598 1464 longo
1623 1404 1856 1463 tempore.
1885 1393 2162 1447 Abimeleclt

595 1492 761 1538 autem
783 1500 896 1537 cum
933 1484 1235 1553 prospiceret
1268 1499 1357 1554 per
1394 1486 1658 1553 fenestram
1678 1524 1693 1547 ,
1721 1482 1843 1535 uidit
1884 1480 2034 1535 Isaac
2075 1483 2159 1536 Iu-

596 1571 790 1625 dentem
829 1587 942 1624 cum
984 1571 1204 1626 Rebecca
1239 1587 1394 1626 uxore
1423 1587 1548 1634 sua,
1577 1571 1629 1626 9.
1658 1580 1704 1625 et
1731 1573 1917 1625 vocavit
1947 1588 2088 1639 cum,
2119 1581 2163 1627 et

593 1661 720 1715 dixit
746 1662 792 1715 ei
821 1677 841 1715 .'
867 1660 1100 1732 Profecto
1134 1678 1260 1715 uxor
1289 1670 1373 1714 tua
1397 1670 1485 1715 est.
1513 1658 1614 1715 Cur
1635 1661 1804 1715 dixisti
1823 1702 1837 1725 ,
1868 1661 2027 1716 Soror
2054 1679 2164 1717 mea

593 1755 706 1806 est?
729 1752 1010 1821 Postquam
1040 1767 1102 1806 cx
1134 1753 1450 1821 conjecturis
1474 1751 1834 1821 deprehensus
1860 1763 1941 1808 est
1963 1754 2159 1822 justus,

594 1858 699 1897 non
738 1842 869 1897 ultra
909 1852 1065 1910 negat
1096 1859 1111 1896 :
1143 1843 1235 1898 sed
1277 1843 1499 1908 fatetur,
1534 1851 1588 1898 et
1627 1858 1839 1898 causam
1885 1843 2162 1899 manifeste

591 1933 760 2000 aliert,
784 1947 945 2004 quare
967 1949 1203 1989 sororem
1224 1935 1511 1989 vocandum
1535 1937 1818 1990 censuerit.
1849 1935 1988 1989 Dixit
2009 1938 2158 2000 enim,

591 2026 789 2095 inquit,
825 2025 906 2080 Ne
941 2029 1068 2097 forte
1101 2028 1290 2080 moriar
1321 2035 1524 2096 propter
1557 2027 1719 2096 ipsam
1746 2042 1765 2080 :
1794 2028 1977 2081 mortis
2007 2027 2163 2081 timor

592 2130 676 2170 me
703 2115 801 2171 hoc
830 2131 986 2186 agere
1013 2116 1203 2186 coegit.
1245 2115 1402 2170 Forte
1435 2124 1609 2170 autem
1643 2115 1859 2169 edoctus
1887 2124 2001 2169 erat
2020 2155 2033 2177 ,
2065 2131 2155 2182 pa-

589 2216 725 2258 trem
762 2219 970 2274 quoque
1015 2205 1169 2258 talem
1213 2203 1441 2258 fabulam
1489 2211 1844 2257 commentum
1887 2202 1965 2257 sic
2003 2203 2154 2256 saluti

588 2311 699 2350 suae
723 2295 1082 2361 consuluisse;
1107 2295 1255 2366 cujus
1274 2297 1414 2350 viam
1439 2305 1493 2350 et
1517 2295 1629 2364 ipse
1654 2304 1904 2365 sequutus
1924 2302 2024 2350 est.
2053 2294 2154 2348 Sed

591 2402 683 2442 rex
724 2387 895 2441 adhuc
941 2403 1144 2442 memor
1189 2402 1372 2442 eorum
1416 2403 1532 2457 qua:
1573 2396 1808 2456 tempore
1847 2386 2156 2455 patriarcha:

589 2485 735 2547 rapta
777 2477 933 2532 Sarra
975 2493 1162 2547 passus
1198 2477 1401 2545 fuerat,
1443 2479 1618 2532 statim
1658 2480 1727 2533 ob
1759 2479 2156 2549 castigationem

583 2567 707 2622 olim
735 2568 1020 2622 imntissam
1048 2584 1104 2622 se
1133 2583 1278 2623 reum
1297 2569 1621 2624 constituens
1641 2567 1734 2641 (τι),
1764 2570 1895 2625 dixit
1918 2571 1992 2625 illi
2024 2588 2037 2622 :
2069 2570 2154 2626 10.

585 2658 687 2714 Cur
726 2660 817 2712 hoc
853 2659 1053 2729 fecisti?
1093 2659 1279 2711 Parum
1320 2660 1479 2727 abfuit
1520 2661 1638 2727 quin
1677 2661 1989 2714 concubuerit
2017 2662 2153 2730 quis-

587 2750 722 2818 piam
753 2750 814 2801 de
840 2765 1017 2818 genere
1054 2765 1158 2802 meo
1185 2766 1297 2802 cum
1324 2765 1478 2802 uxore
1501 2757 1605 2816 tua,
1631 2760 1675 2802 et
1703 2749 1982 2804 induxisses
2007 2766 2155 2818 super

586 2854 677 2891 nos
705 2839 1077 2907 ignorantiam?
1101 2839 1245 2893 Hanc
1271 2838 1526 2900 fraudem,
1561 2839 1745 2908 inquit,
1769 2851 1820 2893 et
1845 2839 1969 2892 olim
1997 2840 2151 2893 sustio

583 2927 795 2980 nuimus
821 2943 848 2978 a
882 2937 1029 2996 patre
1059 2937 1177 2991 tuo,
1211 2938 1264 2982 et
1288 2943 1426 2982 nunc
1455 2929 1553 2982 nisi
1585 2929 1638 2982 in
1664 2936 1904 2998 tempore
1933 2944 2150 2999 prospe-

582 3015 871 3083 xissemus,
900 3017 1083 3072 eadem
1127 3018 1277 3071 laturi
1311 3032 1550 3081 eramus,
1586 3017 1649 3070 Et
1688 3015 1967 3073 induxisses
2003 3035 2152 3088 super

582 3123 673 3159 nos
698 3107 1052 3177 ignorantiam.
1081 3108 1285 3161 Etenim
1311 3119 1365 3162 et
1395 3120 1515 3161 tunc
1540 3122 1633 3177 per
1661 3111 2005 3177 ignorantiam
2030 3122 2153 3177 peo-

582 3199 748 3249 eaturi
782 3212 1027 3261 eramus,
1061 3207 1115 3251 et
1149 3213 1288 3252 nunc
1314 3213 1522 3268 quoque
1560 3206 1774 3267 propter
1802 3199 2148 3268 ignorantiam

583 3287 746 3341 ferme
778 3289 830 3342 in
858 3303 1013 3342 causa
1052 3288 1241 3342 fuisses
1259 3329 1274 3354 ,
1301 3301 1357 3343 ut
1385 3289 1438 3342 in
1467 3297 1736 3358 peccatum
1776 3290 2147 3344 incideremus.

585 3371 671 3425 Η.
698 3369 944 3438 Ρηῑιεερὶι
968 3379 1132 3421 autem
1156 3370 1436 3424 Abimelech
1462 3371 1648 3437 populo
1670 3389 1784 3439 suo,
1803 3374 2141 3428 dicens:0nt-

583 3464 662 3514 nis
686 3462 772 3529 qui
805 3463 1020 3529 tetigerit
1046 3461 1294 3512 hominem
1336 3462 1470 3514 hunc
1495 3472 1539 3514 et
1566 3478 1776 3516 uxorem
1806 3465 1938 3533 ejus,
1968 3465 2145 3519 mortis

582 3566 697 3604 reus
722 3549 976 3602 erit.Vide
999 3548 1088 3603 Dei
1124 3551 1527 3617 providentiam,
1550 3554 1672 3608 vide
1701 3555 2020 3611 ineﬂ‘abilem
2050 3573 2143 3612 cu-

582 3657 714 3695 ram.
748 3640 874 3693 Nam
899 3642 982 3708 qui
1013 3640 1218 3694 dixerat
1245 3643 1291 3695 ei
1315 3658 1334 3694 τ’
1356 3642 1435 3696 Ne
1463 3646 1733 3698 descendas
1757 3645 1809 3697 in
1832 3644 2138 3716 Egyptum,

579 3743 625 3784 et
656 3733 823 3784 habita
853 3733 906 3785 in
932 3744 1064 3785 terra
1101 3734 1219 3796 ista,
1244 3742 1290 3786 et
1320 3750 1403 3786 ero
1435 3743 1596 3788 tecum
1623 3753 1639 3790 :
1662 3738 1747 3790 ille
1773 3751 1890 3792 erat
1919 3741 2004 3806 qui
2030 3740 2140 3795 haec

579 3823 753 3874 omnia
798 3823 1160 3890 dispensabat,
1191 3833 1243 3877 et
1269 3824 1466 3890 justum
1512 3825 1562 3877 in
1606 3836 1748 3882 tanta
1788 3829 2140 3885 constituebat

578 3911 748 3965 securi
775 3921 878 3966 ate.
921 3911 1208 3967 Considera
1256 3913 1394 3966 enim
1444 3929 1620 3983 regem
1671 3929 2033 3983 procurantem
2085 3931 2140 3974 ut

577 4004 842 4070 impavide
867 4003 934 4056 ibi
958 4012 1094 4072 agat,
1119 4003 1357 4072 liberque
1384 4005 1454 4058 sit
1473 4005 1540 4058 ab
1559 4007 1704 4058 omni
1725 4022 1868 4060 cura.
1899 4009 2138 4075 Mortem,

576 4094 763 4163 inquit,
799 4093 1172 4148 interminatus
1196 4104 1276 4147 est
1317 4096 1561 4148 omnibus
1603 4098 1920 4167 quicumque
1953 4104 2140 4170 tetige-

575 4191 682 4242 rint
707 4197 797 4241 aut
826 4204 968 4251 eum,
1008 4198 1099 4242 aut
1126 4204 1346 4243 uxorem
1393 4190 1527 4258 ejus.
1574 4189 1712 4255 Quia
1733 4193 1875 4245 enim
1910 4193 1993 4247 hic
2023 4204 2138 4248 erat

575 4277 752 4338 timor,
785 4279 970 4330 mortis
999 4279 1217 4340 scilicet,
1250 4278 1341 4346 qui
1365 4292 1706 4333 concusserat
1733 4281 1847 4348 ejus
1879 4292 2133 4350 mentem,

573 4376 852 4435 propterea
881 4375 934 4420 et
963 4367 1111 4420 illum
1141 4367 1332 4421 auferri
1362 4369 1568 4422 curavit
1614 4369 1912 4423 misericors
1957 4373 2138 4424 Domi-

570 4465 774 4520 nus,ut
817 4464 997 4523 postea
1045 4458 1264 4514 omnino
1311 4471 1498 4513 secure
1543 4469 1742 4528 ageret.
1787 4461 1850 4514 Et
1879 4462 1997 4515 vide
2022 4477 2133 4516 rem

569 4545 759 4601 miram
785 4556 838 4600 et
859 4550 1194 4619 stupendam,
1225 4551 1494 4620 quomodo
1521 4550 1691 4607 solers
1723 4567 1842 4607 cum
1871 4555 1939 4607 sit
1967 4563 2021 4608 et
2048 4568 2135 4608 sa-

571 4640 722 4706 piens
747 4677 760 4696 ,
796 4642 969 4686 ornnia
1007 4637 1293 4688 secundum
1324 4651 1472 4688 suam
1500 4637 1821 4690 voluntatem
1844 4649 2048 4702 vertat,
2081 4651 2131 4694 et

569 4725 620 4777 in
663 4723 817 4777 inviis
862 4724 994 4775 tiam
1037 4724 1303 4790 inveniat,
1334 4740 1432 4794 per
1472 4726 1554 4778 illa
1601 4727 1709 4794 ipsa
1747 4743 1864 4795 qua:
1906 4729 2132 4784 maxime

564 4813 784 4867 adversa
814 4813 1082 4878 videntur,
1107 4814 1260 4867 saluti
1288 4830 1560 4868 servorum
1590 4831 1802 4870 suorum
1828 4820 2126 4875 consulens.

565 4902 696 4956 Hinc
747 4903 887 4957 enim
940 4911 1040 4969 est,
1095 4905 1234 4972 quod
1280 4920 1373 4958 rex
1422 4904 1511 4958 ille
1560 4914 1754 4960 tantam
1806 4906 1994 4961 habeat
2039 4925 2128 4964 cu-

564 5010 674 5048 ram
699 4994 844 5062 justi,
873 4997 1018 5063 quasi
1051 4996 1340 5060 prmdicans
1362 5011 1480 5050 eum
1509 4998 1749 5052 omnibus
1772 5001 1996 5053 civitatis
2020 5017 2129 5055 sua:

560 5086 774 5150 incolis,
805 5095 855 5138 et
894 5086 1164 5141 declarans
1200 5103 1354 5156 quam
1395 5089 1653 5155 gloriosus
1695 5093 1793 5154 sit,
1828 5100 1879 5145 ct
1921 5107 2127 5148 summo

621 5342 812 5412 (axon)
836 5341 1061 5412 videlicet
1084 5351 1278 5412 propter
1296 5354 1477 5412 raptam
1501 5356 1678 5396 sarram
1703 5359 1973 5412 meret-atus
1985 5361 2035 5401 et
2056 5367 2121 5402 ca-

558 5404 764 5463 stigatus
785 5402 952 5452 fuisset
975 5402 1274 5476 animum,
1311 5402 1658 5476 ubi-“comperit
1682 5402 1954 5472 nebeccam,
1983 5428 2126 5476 quam

558 5475 770 5511 sororem
802 5477 935 5532 suam
967 5465 1344 5532 dixerat__tsaac,
1383 5468 1510 5517 illius
1534 5465 1661 5518 esse
1699 5486 1916 5532 uxorem,
1944 5465 2126 5526 veritus

559 5536 621 5597 ne
651 5536 678 5571 a
705 5526 932 5594 quapiam
971 5538 1034 5596 ex
1058 5526 1258 5597 subditis
1292 5541 1349 5576 ea
1367 5533 1555 5592 conjugi
1588 5526 1921 5592 abriperetur,
1957 5545 2007 5584 et
2025 5539 2123 5597 jam

555 5581 668 5631 olim
704 5581 923 5655 immissa:
969 5587 1016 5634 in
1058 5587 1198 5659 simili
1256 5601 1368 5637 casu
1425 5581 1578 5652 pinnae
1631 5581 1846 5659 memor,
1966 5581 2121 5659 attigi

714 5647 1006 5705 existimans,
1032 5649 1178 5697 verba
1198 5662 1306 5710 quae
1321 5647 1588 5713 sequuntur
1611 5647 2122 5720 tremoris'plena'pro-

626 5717 675 5752 ιι.

1435 384 1472 438 ε
1521 380 1793 439 ΣΟΑΝΝΙΞ
1817 381 2280 439 εηηγεοετοδιι
2308 381 2618 442 AllCiIlEP.
2659 383 3183 443 CONSTANTINOP.

3750 379 3858 444 856

2277 496 2477 553 honore
2505 497 2723 568 dignus,
2751 513 2908 568 quem
2936 508 3007 554 et-
3029 501 3242 558 maximi
3267 490 3522 556 faciebat.
3549 501 3640 559 Sic
3662 510 3720 560 et
3744 501 3861 559 Na—

2277 587 2681 642 buchodonosor
2715 597 2990 658 postquam
3032 603 3224 659 pueros
3257 588 3383 646 illos
3415 599 3523 646 tres
3564 593 3618 648 in
3662 591 3852 649 fom-

2273 674 2388 731 cem
2419 678 2669 746 iniecerat
2695 677 2867 750 (Dan.
2897 681 2948 735 3.
2976 679 3044 734 93
3059 678 3102 750 ),
3129 686 3182 735 et
3207 679 3380 750 reipsa
3407 683 3854 752 comprobavcrat

2272 767 2598 835 captivorum
2639 768 3033 825 adulescentum
3076 770 3322 827 virtutem
3343 812 3359 837 ,
3391 780 3517 827 tunc
3551 773 3852 842 praedicare

2273 871 2368 912 eos
2394 859 2551 929 cmpit
2576 899 2591 925 ,
2623 869 2676 913 et
2713 860 2905 931 ubique
2940 863 3115 933 lingua
3152 877 3246 917 sua
3287 863 3406 920 iecit
3435 864 3684 920 illustres.
3720 865 3850 921 [huc

2275 947 2413 999 enim
2453 949 2785 1018 potissimum
2814 966 3000 1021 magna
3029 951 3124 1007 Dei
3150 953 3317 1008 virtus
3342 963 3456 1017 est,
3480 954 3692 1023 quando
3722 954 3850 1011 facit

2273 1045 2329 1090 ut
2370 1053 2464 1105 per
2501 1037 2741 1094 inimicos
2778 1041 3112 1098 celebrentur
3145 1043 3286 1098 servi
3330 1045 3443 1100 Dei.
3485 1045 3549 1100 Et
3585 1047 3681 1116 qui
3720 1061 3846 1102 cum

2272 1125 2448 1181 furore
2472 1116 2686 1182 accendi
2711 1129 2938 1199 iusserat
2971 1131 3238 1187 fornacem
3271 1134 3412 1188 illam
3433 1173 3447 1199 ,
3476 1137 3729 1205 quonia
3767 1137 3848 1192 vi-

2269 1214 2346 1268 dit
2372 1232 2466 1283 per
2493 1231 2779 1285 supernum
2806 1221 3062 1275 auxilium
3099 1237 3382 1291 puerorum
3422 1225 3670 1282 virtutem
3709 1227 3848 1298 ignis

2268 1307 2527 1359 actionem
2556 1306 2802 1374 vincere,
2835 1301 3050 1379 repente
3080 1319 3308 1368 mutatus
3335 1313 3575 1369 clamavit
3604 1315 3795 1372 dicens
3832 1333 3848 1372 :

2269 1389 2414 1446 Servi
2439 1393 2529 1476 Dei
2558 1396 2758 1450 excelsi.
2793 1398 2940 1462 Vide,
2967 1413 3073 1453 non
3098 1399 3269 1455 solum
3297 1403 3414 1458 illos
3438 1404 3680 1459 excelsos
3703 1419 3846 1476 pra-

2267 1485 2427 1551 dicat,
2574 1497 2632 1544 et
2657 1490 2933 1544 Dominum
2961 1491 3326 1548 universon
3356 1511 3369 1548 :
3397 1493 3543 1549 Serui
3562 1473 3729 1563 enim,
3763 1497 3847 1552 iu-

2265 1578 2398 1647 quit,
2431 1577 2528 1632 Dei
2549 1582 2751 1646 excelsi,
2781 1583 3089 1651 egredimini.
3120 1584 3256 1651 Quid
3281 1584 3477 1642 factum
3504 1597 3587 1642 est
3604 1588 3630 1642 ἲ
3657 1603 3846 1646 nonne

2267 1677 2322 1722 tu
2349 1683 2442 1724 eos
2473 1680 2738 1726 tormento
2768 1673 3028 1728 tradidisti
3049 1674 3074 1726 ἲ
3102 1689 3280 1729 nonne
3309 1684 3363 1731 tu
3404 1676 3456 1731 in
3492 1687 3696 1733 tantum
3729 1679 3845 1735 for-

2259 1755 2448 1834 ‘nacem
2470 1759 2687 1815 accendi
2715 1762 3010 1832 praecepisti
3031 1763 3056 1817 τ
3080 1763 3341 1832 Profecto,
3366 1766 3555 1836 inquit,
3581 1769 3676 1824 sed
3700 1786 3846 1826 nunc

2263 1849 2424 1904 video
2445 1865 2531 1905 res
2559 1841 2896 1910 admirabiles
2918 1863 2973 1910 et
3000 1870 3182 1911 novas.
3213 1856 3546 1912 Elementum
3566 1861 3710 1914 enim
3739 1860 3844 1918 hoc

2264 1955 2373 1996 sum
2416 1944 2735 2012 operationis
2777 1946 3026 2012 oblitum,
3068 1949 3216 2017 quasi
3257 1949 3481 2004 vinculis
3517 1951 3840 2021 quibusdam

2264 2032 2501 2101 ligatum,
2532 2043 2727 2090 tantam
2763 2037 3000 2093 exhibuit
3027 2038 3400 2106 obedientiam,
3429 2049 3489 2095 ut
3513 2056 3686 2112 neque
3710 2057 3844 2098 con-

2263 2121 2486 2191 tingeret
2527 2125 2734 2180 illorum
2774 2127 3010 2195 capillos.
3051 2127 3202 2184 Unde
3241 2128 3422 2185 videre
3461 2145 3746 2200 possumus
3786 2133 3842 2189 id

2263 2209 2452 2266 factum
2483 2228 2640 2283 supra
2672 2216 2952 2270 humanam
2985 2225 3225 2272 naturam.
3249 2233 3401 2287 esse,
3429 2229 3483 2274 et
3512 2208 3840 2277 ineﬂ'abilem

2260 2302 2542 2371 quamdam
2585 2319 2646 2358 ac
2683 2305 2911 2360 divinam
2953 2308 3057 2360 vim
3101 2308 3212 2363 bare
3249 2311 3457 2374 operari
3481 2351 3497 2377 ,
3529 2321 3841 2384 tantamque

2262 2406 2543 2460 puerorum
2585 2393 2782 2449 habere
2822 2395 3229 2466 providentiam.
3260 2398 3445 2454 Vidisti
3483 2400 3579 2455 Dei
3620 2401 3836 2457 miseri-

2259 2482 2492 2538 cordiam
2522 2525 2537 2552 ,
2587 2485 2852 2554 quomodo
2904 2502 3186 2556 numquam
3232 2489 3605 2562 derelinquens
3651 2510 3839 2550 servos

2259 2587 2420 2641 suos,
2464 2576 2718 2644 permittit
2760 2577 2812 2631 in
2854 2577 3120 2634 fornacem
3168 2582 3346 2650 injici;
3384 2585 3478 2639 sed
3516 2600 3611 2640 eos
3649 2588 3840 2644 volens

2257 2662 2507 2719 clariores
2535 2664 2727 2729 facere,
2759 2676 2812 2721 et
2840 2682 2988 2722 suam
3014 2669 3263 2726 virtutem
3287 2672 3673 2740 demonstrare,
3709 2677 3838 2732 bar-

2257 2755 2368 2825 bari
2394 2757 2636 2811 demulsit
2662 2758 2892 2813 animum
2915 2768 2968 2814 et
2990 2769 3188 2815 tantam
3214 2763 3546 2819 tolerantiam
3567 2768 3838 2824 ostendit?

2255 2843 2436 2912 Neque
2465 2845 2608 2900 enim
2634 2856 2740 2902 tam
2771 2849 3080 2904 admirabile
3109 2863 3258 2916 erat,
3287 2854 3330 2906 si
3359 2869 3388 2907 a
3418 2855 3678 2926 principio
3705 2873 3837 2927 pro-

2255 2934 2509 2990 hibuisset
2535 2951 2627 2991 eos
2667 2937 2720 2991 in
2753 2940 3016 2992 caminum
3062 2941 3203 3009 injici
3238 2960 3251 2995 :
3281 2943 3435 2997 sicuti
3481 2961 3620 3000 nunc
3662 2947 3833 3003 admio

2253 3027 2469 3081 rabilius
2497 3036 2550 3082 et
2576 3029 2744 3082 rarius
2772 3029 2963 3083 factum
2987 3040 3067 3086 est
3093 3073 3106 3094 ,
3133 3046 3256 3087 cum
3291 3035 3340 3087 in
3369 3035 3544 3091 medio
3570 3037 3707 3108 ignis
3733 3055 3832 3094 ex-

2252 3117 2499 3174 sistentes
2522 3160 2538 3183 ,
2575 3120 2705 3174 nihil
2753 3121 2967 3176 insuave
3003 3123 3107 3192 pati
3150 3126 3423 3193 permittit.
3457 3127 3586 3182 Nam
3616 3132 3834 3199 quando

2251 3209 2382 3273 vult,
2411 3209 2569 3263 etiam
2595 3225 2690 3265 eos
2713 3212 2797 3280 qui
2829 3210 2880 3265 in
2914 3214 3099 3268 mediis
3129 3223 3252 3268 sunt
3278 3217 3524 3285 periculis
3551 3229 3599 3273 et
3633 3223 3833 3292 poenis,

2252 3299 2574 3366 potentiores
2611 3299 2774 3356 facit:
2804 3309 2858 3355 et
2889 3316 2982 3356 eos
3019 3304 3105 3372 qui
3149 3305 3415 3372 patiuntur
3435 3349 3450 3372 ,
3480 3307 3546 3362 iis
3579 3311 3668 3377 qui
3701 3311 3834 3370 ilics

2250 3385 2485 3456 allligunt
2507 3391 2807 3457 superiores
2831 3391 3022 3446 reddit.
3057 3393 3165 3447 Hoc
3191 3403 3243 3448 et
3269 3396 3320 3449 in
3347 3399 3602 3466 apostolis
3628 3400 3830 3458 factum

2250 3489 2348 3533 est.
2376 3480 2504 3534 Nam
2527 3484 2614 3550 qui
2641 3498 2734 3537 eos
2765 3486 3020 3553 urgebant
3046 3497 3100 3542 et
3123 3487 3456 3544 adducebant
3483 3492 3534 3545 in
3567 3494 3826 3562 medium,

2250 3580 2303 3623 et
2330 3573 2475 3636 quasi
2513 3572 2758 3628 dentibus
2796 3575 3051 3632 adversus
3097 3592 3189 3631 eos
3229 3579 3556 3646 fremebant,
3592 3583 3732 3639 inter
3767 3600 3830 3642 se

2247 3659 2531 3716 dicebant:
2566 3662 2701 3728 Quid
2738 3664 2977 3730 faciemus
3021 3668 3144 3721 viris
3177 3670 3284 3722 istis
3319 3669 3469 3740 (Act.
3510 3671 3560 3727 4.
3597 3673 3741 3746 16)ἳ
3772 3676 3826 3731 in

2248 3753 2488 3807 manibus
2515 3753 2629 3808 illos
2654 3754 2937 3822 habebant,
2965 3766 3020 3811 et
3041 3757 3353 3814 dubitabant
3379 3777 3581 3832 secum,
3609 3766 3734 3835 quid
3758 3768 3826 3824 de

2245 3841 2322 3894 eis
2348 3841 2599 3897 facerent.
2628 3844 2815 3909 Tanta,
2845 3855 3054 3916 tamque
3079 3849 3248 3904 valida
3272 3867 3356 3906 res
3377 3864 3458 3908 est
3479 3855 3662 3923 virtus,
3688 3866 3823 3914 tam.

2244 3947 2345 4001 que
2376 3935 2647 3990 imbecillis
2675 3939 2872 3991 malitia
2894 3981 2906 4003 ,
2940 3948 2997 3993 ut
3024 3941 3110 3994 illa
3141 3941 3353 4011 quidem
3374 3986 3388 4009 ,
3417 3945 3539 4000 licet
3568 3949 3820 4019 patiatur,

2244 4022 2436 4088 vincat,
2466 4027 2575 4079 haec
2605 4042 2733 4081 vero
2757 4038 2810 4082 et
2835 4030 2878 4082 si
2904 4031 3028 4098 quid
3059 4041 3198 4100 agat,
3226 4033 3356 4087 nihil
3386 4035 3527 4090 aliud
3553 4039 3820 4110 proficiat,

2245 4127 2401 4181 quam
2426 4116 2563 4182 quod
2591 4131 2736 4170 suam
2769 4120 2952 4186 prodat
2979 4121 3354 4178 inﬁrmitatem.

2314 4204 2526 4259 Moralis
2559 4209 2856 4263 exhortatio.
2881 4243 2954 4251 —
2984 4212 3038 4267 Id
3067 4214 3314 4281 scientes,
3345 4215 3542 4286 dilecti,
3572 4235 3823 4291 magnam

2243 4294 2445 4349 virtutis
2486 4298 2770 4355 habeamus
2812 4304 3103 4372 rationem,
3144 4315 3198 4362 et
3235 4309 3358 4361 vitia
3409 4309 3665 4378 fugiamus
3698 4330 3713 4366 :
3747 4316 3816 4369 ita

2239 4385 2379 4438 enim
2422 4397 2475 4440 et
2515 4402 2794 4458 supernam
2837 4396 3056 4462 gratiam
3101 4398 3252 4452 nobis
3291 4401 3732 4468 conciliabimus,
3763 4415 3817 4459 et

2241 4474 2408 4530 futura
2439 4495 2820 4550 consequemur
2853 4486 2987 4539 bona
3017 4504 3031 4542 :
3060 4503 3177 4556 qua:
3218 4489 3368 4544 nobis
3409 4492 3656 4548 omnibus
3685 4509 3817 4551 cve-

2240 4569 2400 4634 niant,
2425 4573 2591 4639 gratia
2618 4585 2670 4627 et
2696 4576 3052 4630 misericordia
3088 4580 3292 4634 Domini
3324 4586 3487 4637 nostri
3513 4584 3639 4640 Jesu
3659 4585 3816 4642 Chri-

2239 4658 2324 4719 sti,
2357 4660 2440 4712 cui
2481 4661 2566 4726 sit,
2594 4677 2712 4716 cum
2759 4666 2911 4720 Patre
2939 4677 2992 4719 et
3026 4669 3225 4737 Spiritu
3255 4682 3460 4738 sancto,
3491 4674 3678 4743 gloria,
3711 4676 3814 4732 im-

2235 4749 2458 4816 perium,
2489 4750 2672 4817 honor,
2702 4770 2839 4808 nunc
2866 4766 2918 4811 et
2943 4772 3172 4828 semper,
3202 4771 3255 4815 et
3285 4763 3336 4816 in
3367 4766 3558 4820 saecula
3588 4769 3812 4825 saeculo-

2235 4854 2370 4893 rum.
2401 4842 2587 4897 Amen.

2803 4979 3077 5036 HOMILIA
3117 4983 3223 5038 LII.

2234 5129 2506 5184 Seminavit
2536 5142 2698 5184 autem
2726 5133 2872 5188 Isaac
2899 5138 2949 5188 in
2981 5146 3112 5189 terra
3137 5139 3246 5204 illa,
3267 5149 3318 5195 et
3340 5141 3529 5198 invenit
3552 5149 3806 5216 centupli—

2429 5239 2548 5276 cans
2574 5224 2814 5277 hordeum
2842 5226 2893 5277 in
2918 5244 3049 5282 anno
3080 5229 3168 5281 illo
3195 5229 3346 5300 (Gen.
3368 5233 3459 5287 26.
3488 5236 3602 5305 12).

2302 5353 2348 5405 1.
2380 5353 2646 5422 Reliquias
2669 5354 2781 5409 heri
2806 5357 3064 5412 dictorum
3097 5374 3272 5428 operae
3293 5364 3518 5430 pretium
3541 5375 3622 5421 est
3644 5367 3803 5426 hodie

2231 5444 2449 5498 reddere
2486 5457 2678 5499 vestrm
2715 5449 2956 5513 caritati,
3002 5461 3053 5502 et
3099 5454 3320 5518 repetita
3361 5457 3623 5510 sermonis
3661 5462 3803 5516 serie

2229 5533 2412 5585 iterum
2448 5534 2626 5587 videre
2655 5545 2902 5603 quantam
2928 5539 3102 5605 justus
3131 5539 3274 5593 lsaac
3303 5556 3585 5610 sopernam
3623 5550 3801 5615 provi-

2227 5620 2456 5678 dentiam
2489 5624 2558 5676 sit
2588 5635 2922 5692 assequutus.
2959 5626 3088 5680 Nam
3119 5630 3205 5696 qui
3245 5631 3293 5682 ei
3337 5631 3678 5698 prohibuerat
3704 5633 3802 5691 de-

2232 5728 2476 5767 scensum
2498 5715 2547 5768 in
2574 5713 2870 5786 Algyptum,
2895 5728 2947 5772 et
2971 5719 3172 5774 dixerat
3199 5738 3211 5773 :
3246 5720 3431 5776 Habita
3451 5725 3501 5778 in
3522 5733 3652 5779 terra
3681 5725 3794 5794 hac,
