4060 6420
232 373 337 433 45⁸1

225 589 285 636 ut
301 595 408 637 non
431 580 601 636 multo
625 591 746 652 post
767 583 1018 638 invidiam
1043 596 1282 641 moveret
1307 587 1446 657 regis
1471 587 1816 646 Gerarurum.

222 668 476 727 Videntes
495 673 640 726 enim
658 673 774 741 ejus
801 671 1151 742 substantiam
1177 675 1419 745 quotidie
1443 679 1646 748 augeri,
1672 691 1816 735 metu

1269 381 1335 438 ΙΝ
1373 379 1523 442 CAP.
1561 381 1751 441 XXVI.
1791 380 2038 447 (Ξεέἰῶ
2076 389 2313 453 ηθιιιι..
2354 395 2467 456 ιιι.

225 500 278 544 at
304 505 390 544 era
419 498 580 544 tecum
610 505 631 545 :
659 489 746 546 ille
775 491 828 545 in
855 490 1103 547 omnibus
1133 500 1242 549 tam
1269 496 1474 551 clarum
1501 510 1624 552 eum
1656 496 1783 554 fecit
1800 538 1818 555 ,τ

1930 427 2038 447 η...
2076 427 2313 453 Iuv-Ilua
2354 427 2467 456 υιι.

1930 494 2205 607 videamus
2237 511 2506 607 quomodo
2545 480 2808 576 (ierarcni
2848 521 3088 584 videntes
3123 529 3346 590 afﬂuere
3376 427 3529 607 5:3:

1920 606 2094 690 opes,
2121 597 2172 652 in
2213 603 2611 662 aemulationem
2659 615 2930 679 provocati
2972 617 3190 690 abigere
3229 638 3354 681 eum
3376 597 3524 686 viudu

1891 673 2096 790 ciuitati
2123 699 2268 790 sunt.
2293 693 2390 790 ll.
2420 673 2680 752 A‘mulali
2699 711 2815 783 sunt
2840 705 2975 758 enim

217 760 399 874 aedi
424 771 548 817 ⁸¹³ηι
569 763 803 874 qui“
831 778 1012 818 secum
1042 764 1406 874 habitaret,
1436 769 1818 874 transmigrare
1917 775 2110 830 tistiim.
2143 779 2343 838 Deinde
2368 797 2669 846 monstrare
2702 775 2891 850 volens

218 849 345 958 inde
368 861 682 958 coegerunt.
718 853 940 924 Dignum
969 865 1147 956 autem
1171 865 1282 958 est,
1306 863 1364 910 ut
1387 857 1498 926 ipsa
1509 857 1815 958 “Scriptum
1916 878 2024 933 quo
2043 871 2441 930 aemulationem
2460 876 2823 950 declararunt,
2848 849 3521 958 subdiditi-lws:

221 943 382 998 verba
427 942 736 1007 audiamus,
771 955 828 998 ιιι
866 959 962 1014 per
989 946 1168 1000 omnia
1198 945 1472 1001 videamus
1507 947 1602 1002 Dei
1643 947 1813 1004 bene-

214 1031 524 1096 volentiam,
553 1047 709 1102 quam
745 1048 867 1103 erga
900 1033 1126 1090 famulos
1151 1049 1280 1089 suos
1306 1033 1561 1090 declarat.
1594 1035 1680 1091 l2.
1712 1036 1812 1091 Se-

212 1124 422 1177 ntinaait
457 1135 660 1192 autem,
693 1126 898 1196 inquit,
933 1125 1084 1180 Isaac
1119 1127 1173 1180 iu
1213 1138 1348 1182 terra
1385 1128 1506 1194 illa,
1537 1138 1584 1181 et
1621 1130 1811 1184 invenit

212 1215 559 1283 centuplicatis
587 1214 832 1269 hordeum
851 1217 904 1269 in
929 1232 1064 1270 anno
1085 1216 1194 1270 illo.
1223 1215 1353 1272 Vide
1382 1218 1533 1284 mihi,
1559 1219 1804 1286 obsecro,

214 1304 307 1360 Dei
335 1306 680 1374 sapientiam,
712 1315 771 1360 ut
799 1305 1045 1361 ostendat
1070 1305 1215 1376 justo
1239 1319 1300 1362 se
1330 1316 1536 1364 natura:
1565 1309 1807 1364 condito-

211 1412 327 1452 rem
357 1411 498 1460 esse,
529 1407 584 1452 et
611 1398 663 1459 in
694 1398 853 1453 rebus
883 1397 1194 1454 difﬁcilibus
1220 1397 1394 1453 facilia
1420 1401 1597 1455 omnia
1630 1399 1806 1456 facere

209 1502 367 1557 posse
397 1504 411 1541 :
443 1503 507 1542 ac
543 1489 632 1558 qui
674 1489 742 1543 ab
781 1489 934 1543 initio
965 1498 1167 1544 terram
1195 1503 1296 1544 suo
1335 1489 1584 1545 mandato
1619 1489 1807 1546 fecerit

205 1579 454 1634 idoneam
473 1579 540 1634 ad
567 1579 916 1650 proferendos
941 1579 1167 1644 fructus,
1191 1580 1330 1636 idem
1358 1595 1501 1636 nunc
1522 1579 1722 1636 efliciat
1747 1593 1804 1636 ut

205 1670 535 1740 centupliees
563 1671 751 1726 reddat
791 1686 888 1742 pro
925 1671 1055 1725 satis
1085 1670 1386 1741 manipulos
1416 1686 1431 1725 :
1462 1671 1620 1726 simul
1653 1673 1802 1727 illum

202 1761 260 1816 in
289 1769 433 1816 tanta
464 1761 735 1818 affluentia
768 1762 1102 1817 constituens
1124 1803 1141 1828 ,
1178 1771 1238 1816 ut
1275 1762 1474 1818 nullius
1518 1763 1754 1834 indigeat
1783 1781 1798 1818 :

200 1862 362 1922 atque
389 1853 524 1907 alios
552 1868 646 1921 per
673 1868 835 1923 opera
865 1853 1099 1921 docens,
1131 1864 1327 1925 quanta
1361 1871 1592 1925 superna
1629 1857 1800 1927 gratia

199 1946 374 2016 justus
398 1945 623 2000 fruatur.
655 1945 1013 2017 Omnipotens
1036 1947 1183 2002 enim
1209 1955 1265 2002 et
1289 1948 1504 2018 sapiens
1539 1948 1679 2004 Deus
1704 1963 1800 2018 per

199 2052 290 2094 res
311 2037 530 2093 easdem
565 2037 871 2108 frequenter
908 2037 1172 2094 benefaeit
1208 2039 1358 2105 suis;
1381 2046 1434 2094 et
1460 2046 1612 2093 curat
1636 2039 1799 2094 etiam

201 2136 260 2183 ιιι
300 2127 336 2182 ii
379 2143 590 2198 quoque
631 2130 722 2199 qui
766 2128 942 2184 adhuc
978 2129 1031 2182 in
1074 2143 1261 2184 errore
1299 2139 1611 2194 versantur,
1643 2143 1797 2184 suam

197 2220 452 2275 virtutem
491 2231 546 2275 et
589 2219 884 2292 potentiam
919 2220 1218 2276 addiscant.
1263 2219 1377 2277 Hoc
1421 2231 1609 2291 postea
1649 2230 1704 2276 et
1739 2221 1798 2277 in

197 2310 434 2384 Egypto
474 2310 597 2367 fecit
627 2329 641 2366 :
674 2311 778 2367 illis
805 2311 948 2368 enim
979 2325 1167 2383 pinnas
1195 2310 1495 2382 irrogabat,
1523 2310 1796 2367 Israelita

198 2419 328 2460 vero
370 2404 570 2459 illesos
614 2403 989 2460 conservabat.
1036 2401 1324 2458 Discehant
1364 2402 1509 2457 enim
1553 2416 1660 2458 non
1700 2417 1790 2456 so-

196 2495 308 2552 lum
352 2511 448 2566 per
489 2495 908 2566 indignationem
948 2494 1043 2550 Dei
1067 2535 1083 2558 ,
1113 2509 1216 2565 qua
1256 2493 1354 2563 ipsi
1400 2492 1792 2564 puniebantuz,

194 2585 439 2642 omnium
461 2585 680 2658 Opiileis
704 2586 959 2640 virtutem
978 2625 995 2652 ,
1031 2584 1126 2641 sed
1154 2585 1314 2640 etiam
1344 2599 1440 2654 pcr
1471 2583 1794 2638 sollicitudi-

195 2692 320 2736 nem
353 2693 514 2749 quam
556 2677 610 2732 in
649 2677 768 2732 illos
793 2675 1098 2732 exhibebat.
1129 2674 1198 2730 Et
1223 2675 1420 2730 iterum
1445 2689 1552 2729 non
1578 2691 1644 2736 ex
1679 2675 1794 2731 sola

193 2770 524 2844 providentia
555 2780 608 2825 et
643 2769 1036 2833 sollicitudine,
1067 2783 1226 2840 quam
1251 2767 1682 2838 experiebantur,
1712 2768 1797 2824 di-

192 2863 420 2920 scebant
460 2862 730 2933 ingentem
768 2860 863 2916 Dei
889 2860 1184 2916 bonitatem
1213 2877 1229 2916 :
1259 2859 1356 2914 sed
1386 2859 1546 2914 etiam
1576 2873 1674 2930 per
1699 2873 1796 2915 eos

192 2954 388 3026 quibus
423 2951 662 3024 quotidie
701 2951 952 3008 videbant
975 2958 1056 3018 tot
1087 2950 1268 3022 plagas
1291 2950 1537 3021 irrogari.
1570 2950 1672 3004 Per
1696 2965 1794 3005 ea-

191 3046 318 3102 dem
340 3045 486 3101 enim
515 3057 677 3113 opera
702 3053 756 3099 et
783 3042 915 3108 suis,
941 3050 996 3098 et
1028 3038 1353 3098 adversariis
1381 3039 1651 3116 indicabat
1678 3055 1791 3096 sua:

191 3138 446 3209 potentia:
493 3134 934 3206 magnitudinem.
985 3131 1120 3188 Nam
1162 3131 1430 3213 elementa
1476 3132 1591 3202 ipsa
1635 3146 1790 3187 suum

190 3227 549 3284 ministerium
597 3236 652 3282 et
695 3225 1016 3296 obsequium
1057 3225 1334 3279 conservis
1381 3223 1751 3279 demonstrant
1771 3264 1788 3288 ,

192 3315 406 3389 quando
432 3316 693 3372 benevole
734 3315 990 3370 Dominus
1012 3327 1136 3385 erga
1165 3313 1285 3368 illos
1312 3312 1564 3368 afﬁcitur.
1594 3312 1665 3368 Et
1690 3314 1792 3368 hoc

192 3407 376 3480 utique
415 3407 606 3463 viderit
646 3407 764 3479 quis
808 3405 933 3466 huic
973 3405 1122 3476 justo
1166 3405 1499 3475 contingere.
1551 3403 1607 3460 ιιι
1645 3404 1790 3460 enim

188 3501 340 3574 quod
373 3500 574 3572 alioqui
617 3509 804 3556 natura
845 3507 1004 3555 terra
1040 3513 1148 3553 non
1184 3495 1404 3566 habuit,
1435 3495 1539 3552 hoc
1571 3505 1794 3567 promer

191 3594 504 3651 mandatum
531 3593 899 3650 universorum
929 3590 1023 3648 Dei
1053 3605 1194 3645 nunc
1225 3587 1430 3661 profert
1453 3597 1598 3644 tanta
1627 3589 1790 3646 uber-

189 3695 330 3753 tate,
369 3693 429 3740 ut
465 3692 686 3755 repente
726 3682 880 3738 valde
918 3680 1110 3752 opibus
1150 3679 1429 3736 abundans
1463 3678 1687 3737 edoctus
1719 3681 1793 3737 sit

189 3774 358 3831 haue.
384 3772 650 3830 Benedixit
675 3773 840 3840 enim,
867 3772 1069 3844 inquit,
1099 3788 1212 3827 eum
1239 3769 1380 3827 Deus
1398 3814 1414 3840 ,
1447 3771 1536 3827 l3.
1563 3780 1613 3827 et
1639 3771 1789 3828 exal-

189 3876 327 3923 tutus
347 3876 421 3924 est
446 3868 616 3934 Itonia,
637 3879 685 3924 et
710 3866 989 3938 procedens
1011 3867 1177 3936 major
1197 3864 1367 3935 ﬁebat,
1393 3865 1552 3922 donec
1573 3883 1788 3938 magnus

187 3962 357 4030 factus
392 3969 466 4014 est
498 3958 666 4015 valde.
698 3958 830 4014 Nam
854 3959 978 4030 quia
1006 3968 1134 4014 tunc
1160 3957 1486 4016 abundantia
1518 3958 1785 4030 justorutn

186 4061 305 4110 erat
332 4052 386 4108 in
418 4051 691 4110 fertilitate
719 4060 912 4119 terrae,
938 4061 995 4108 et
1019 4052 1073 4107 in
1103 4051 1445 4108 multitudine
1481 4065 1736 4123 pecorum
1767 4068 1789 4109 :

184 4154 469 4217 peopterea
508 4144 636 4200 dicit
655 4185 669 4209 ,
705 4143 978 4200 Benedisit
995 4159 1110 4200 eum
1142 4143 1284 4202 Deus
1304 4185 1322 4214 ,
1350 4153 1398 4200 et
1429 4143 1684 4200 excitatus
1711 4153 1788 4201 est

187 4238 343 4294 Ιιοιιιο
361 4279 380 4307 ,
405 4237 459 4294 id
483 4247 568 4294 est
584 4279 602 4306 ,
629 4237 920 4294 abundavit
945 4253 966 4293 :
988 4244 1044 4292 et
1069 4251 1176 4292 non
1203 4236 1520 4308 simpliciter
1547 4235 1786 4292 abunda-

183 4331 298 4398 vit,
328 4327 426 4386 sed
455 4337 508 4385 et
537 4325 744 4401 Μαίον’,
774 4328 987 4400 inquit,
1012 4328 1163 4398 ﬁebat
1189 4329 1346 4384 donec
1369 4343 1586 4400 magnus
1616 4327 1786 4398 [actus
1819 4389 1826 4396 ,

182 4433 258 4479 est
284 4421 451 4477 valde.
483 4420 775 4478 Considera
803 4421 946 4478 enim
974 4427 1232 4492 quernum
1273 4420 1343 4475 sit
1364 4461 1382 4488 ,
1420 4433 1520 4491 pro
1555 4419 1625 4477 iis
1662 4434 1783 4492 quae

181 4513 482 4571 seminabat
507 4513 814 4584 centuplum
843 4513 1108 4583 accipere.
1140 4511 1293 4581 Quod
1330 4511 1378 4568 si
1411 4511 1514 4568 hoc
1539 4512 1631 4568 tibi
1663 4527 1779 4570 ma-

179 4625 350 4684 gnum
377 4608 610 4676 videtur,
628 4591 908 4664 considera
935 4606 1252 4662 immensam
1281 4605 1374 4662 Dei
1393 4603 1743 4662 clementiam
1761 4647 1779 4675 ,

181 4716 346 4776 quam
370 4713 624 4774 processu
648 4699 908 4770 temporis
935 4713 1058 4770 erga
1086 4713 1186 4754 nos
1207 4695 1518 4753 declaravit.
1539 4697 1612 4754 lis
1635 4697 1782 4754 enim

179 4795 272 4868 qui
301 4802 424 4866 pust
444 4795 560 4866 ejus
583 4791 874 4848 adventum
898 4792 1151 4847 virtutem
1177 4798 1454 4858 exercent,
1473 4805 1579 4847 non
1605 4790 1782 4847 solum

179 4883 496 4956 centuplum
532 4884 620 4940 hic
660 4883 956 4952 promittit,
985 4882 1080 4939 sed
1109 4891 1162 4937 et
1193 4882 1360 4937 vitam
1396 4892 1656 4937 aternam
1678 4921 1693 4944 ,
1724 4889 1782 4937 et

181 4975 335 5049 regni
353 4974 609 5031 culorum
635 4973 1048 5046 possession.
1072 4970 1264 5028 Vidisti
1285 4971 1660 5029 liberalitatem
1681 4971 1783 5028 Do-

179 5068 352 5128 mini?
387 5067 567 5124 vidisti
596 5066 963 5123 beneﬁcentiae
989 5063 1374 5138 augmentum?
1399 5065 1582 5121 vidisti
1610 5081 1781 5137 quan-

183 5170 298 5218 tum
325 5144 482 5216 nobis
515 5159 738 5230 largitus
761 5168 846 5214 est
873 5157 1130 5230 unigeniti
1170 5155 1295 5214 Filii
1335 5155 1429 5213 Dei
1471 5157 1781 5214 adn-ntus?

179 5252 452 5326 quomodo
477 5251 801 5308 ineffabilem
825 5265 1008 5307 rerum
1033 5251 1505 5306 commutationem
1527 5259 1781 5322 operatus

179 5343 308 5401 est?
345 5342 473 5399 ﬂmc
512 5342 672 5414 igitur
708 5341 1074 5414 unusquisque
1107 5341 1246 5412 apud
1276 5355 1337 5397 se
1358 5341 1700 5414 expendens,
1725 5352 1780 5400 et

179 5436 371 5494 videns
393 5435 747 5494 diﬁcrentiam
772 5435 915 5492 inter
935 5449 999 5490 ea
1021 5449 1139 5505 quae
1164 5433 1268 5490 illis
1289 5443 1414 5490 ante
1435 5436 1621 5506 gratia:
1647 5443 1775 5491 tem-

182 5543 285 5601 pus
325 5528 566 5599 promitti
600 5527 878 5595 solebant,
907 5535 963 5583 et
1004 5541 1066 5582 ea
1103 5540 1223 5597 qua:
1260 5541 1404 5582 nunc
1435 5532 1558 5596 post
1594 5525 1779 5598 gratiae

182 5633 414 5693 tempus,
441 5619 700 5692 gloriﬁcet
722 5619 887 5676 etiam
913 5619 966 5674 in
1000 5617 1102 5675 hoc
1131 5618 1448 5674 immensam
1473 5617 1590 5689 ejus
1616 5618 1779 5675 mise-

181 5711 503 5778 ricordiam,
533 5719 589 5769 et
626 5727 695 5768 ne
723 5719 1023 5781 temporum
1061 5709 1342 5765 mutationi
1371 5717 1542 5765 totum
1575 5708 1778 5766 adscri-

184 5807 293 5863 hat.
323 5804 388 5862 At
415 5818 512 5876 par
536 5811 617 5860 est
643 5811 700 5860 ut
730 5799 796 5857 ad
836 5799 1034 5857 seriem
1073 5799 1338 5858 sermonis
1375 5798 1692 5868 redeanuts,
1721 5809 1775 5856 ut

1915 965 2130 1026 puteos,
2157 963 2592 1055 quase/foderunt
2615 973 2746 1026 servi
2773 984 2997 1047 tempore
3015 982 3176 1050 patris
3201 1001 3313 1054 qus
3328 1026 3347 1055 ,
3374 987 3520 1046 obtuo

1912 1059 2174 1113 raserunt,
2207 1066 2255 1106 et
2283 1054 2619 1126 impleverunt
2645 1071 2804 1118 terra.

1985 1135 2189 1240 Invidia
2233 1142 2604 1240 Gerareuorum
2631 1165 2843 1222 quanta.
2871 1188 2932 1199 —
2959 1159 3254 1222 Considera
3301 1181 3500 1240 quanta

1911 1227 2128 1326 illorum
2152 1234 2448 1292 incolarum
2475 1241 2712 1309 malitia,
2739 1246 2832 1316 qui
2880 1256 2935 1303 et
2975 1265 3144 1323 aquas
3181 1227 3335 1326 justo
3373 1227 3513 1318 invi-

1910 1317 2077 1414 dent:
2109 1337 2284 1392 neque
2313 1342 2405 1382 rex
2430 1369 2447 1394 ,
2472 1331 2562 1399 qui
2603 1333 2654 1386 in
2683 1342 2828 1390 tanta
2877 1317 3140 1407 potestate
3181 1317 3299 1402 erat
3323 1390 3339 1414 ,
3373 1317 3513 1407 invi-

1909 1409 2050 1510 diam
2092 1414 2109 1446 ¹
2131 1418 2410 1510 continere
2449 1424 2656 1492 potuit;
2688 1426 2786 1482 sed
2830 1427 2962 1484 dicit
2993 1451 3006 1485 :
3043 1434 3136 1510 16.
3159 1437 3258 1490 Abi
3293 1409 3508 1509 natabis,

1907 1505 2028 1595 quia
2057 1509 2311 1574 potentior
2335 1512 2476 1567 nobis
2497 1515 2662 1584 fartus
2686 1535 2737 1572 cs
2764 1521 2928 1575 valde.
2970 1505 3159 1595 Magna
3181 1505 3510 1588 malevoleti;

1913 1593 2006 1650 tia.
2035 1595 2198 1688 Dujus
2224 1601 2394 1669 gratia
2421 1603 2590 1675 abigis
2607 1606 2810 1677 justum
2839 1612 2862 1664 ?
2895 1629 3019 1667 nttm
3048 1593 3222 1688 aliqua
3251 1620 3302 1675 in
3329 1637 3388 1678 re
3415 1623 3512 1680 tibi

1906 1685 2126 1740 nocuit!
2167 1704 2293 1743 num
2321 1690 2564 1760 injuriam
2588 1695 2811 1753 intulit?
2839 1699 2945 1756 Sed
2982 1705 3050 1758 ita
3086 1685 3155 1763 δέ
3178 1709 3338 1766 habet
3370 1713 3507 1769 invi~

1903 1775 2024 1843 dia;
2052 1778 2184 1834 nihil
2208 1797 2328 1836 cum
2357 1785 2567 1842 ratione
2595 1801 2868 1859 operatur.
2894 1795 3026 1852 Cum
3053 1800 3194 1855 enim
3234 1807 3507 1874 oportuis-

1902 1877 2150 1938 sctcum,
2177 1887 2334 1942 quem
2359 1875 2573 1934 videbat
2601 1891 2744 1936 tanta
2775 1888 3015 1944 omnium
3048 1891 3141 1948 Dei
3172 1893 3527 1954 benevolen-.

1903 1958 1976 2052 tia
2018 1959 2308 2030 fruentem,
2337 1969 2506 2037 magis
2539 1969 2722 2028 fovere
2760 1985 2816 2029 et
2839 1978 3053 2046 colere,
3086 1993 3144 2038 ut
3194 1985 3400 2044 honore
3451 1990 3507 2052 in

1902 2048 2050 2105 illum
2078 2053 2275 2111 collato
2293 2095 2312 2120 ,
2338 2059 2499 2112 etiam
2527 2059 2642 2130 ipse
2662 2063 2899 2122 divinum
2925 2069 3025 2124 sibi
3052 2070 3292 2130 favorem
3321 2048 3506 2136 conciv-

1901 2138 2058 2196 liaret
2087 2157 2103 2195 :
2129 2142 2235 2236 ille,
2263 2160 2370 2236 non
2400 2147 2577 2204 solum
2610 2151 2713 2208 hoc
2752 2169 2858 2209 non
2908 2156 3075 2227 facit,
3101 2163 3194 2217 sed
3238 2167 3508 2236 expellere

1903 2238 2071 2324 teutat
2098 2248 2162 2289 ac
2188 2232 2319 2290 dicit
2348 2254 2360 2289 :
2387 2238 2477 2293 l6.
2509 2239 2606 2294 Abi
2645 2259 2678 2294 α
2706 2245 2870 2312 nobis,
2900 2248 3020 2317 quia
3065 2255 3225 2307 multo
3254 2232 3507 2324 potentior

1899 2323 2072 2392 factus
2089 2339 2162 2390 es,
2194 2341 2347 2395 quam
2369 2344 2461 2382 nos
2482 2346 2676 2386 sumus.
2707 2331 2786 2389 lta
2811 2351 2972 2407 agere
3009 2341 3150 2396 solet
3172 2344 3504 2414 invidentia;

1902 2425 2011 2503 non
2045 2423 2226 2484 potest
2261 2416 2495 2500 benigne
2547 2421 2729 2478 videre
2768 2425 2994 2482 aliorum
3023 2427 3335 2490 felicitatem
3359 2476 3376 2503 ,
3407 2437 3504 2494 sed

1899 2501 2209 2560 felicitatem
2235 2509 2462 2576 proximi
2491 2526 2644 2566 suam
2677 2523 2825 2583 putat
2850 2517 3242 2590 infelicitatem,
3270 2535 3325 2581 et

1899 2591 2002 2685 scit
2031 2591 2186 2649 bouis
2210 2597 2442 2665 proximi
2467 2617 2480 2654 :
2511 2600 2563 2654 id
2585 2603 2729 2672 quod
2758 2614 2809 2660 et
2839 2605 2927 2662 hic
2951 2609 3163 2665 accidit.
3198 2612 3309 2669 Rex
3331 2617 3499 2685 enim,

1897 2681 2001 2739 sub
2018 2685 2171 2755 cujus
2201 2696 2463 2756 potestate
2491 2699 2596 2746 tota
2619 2695 2808 2750 civitas
2835 2707 2972 2765 erat,
3002 2711 3055 2755 et
3082 2701 3287 2760 habens
3313 2681 3502 2766 omnes

1897 2773 1999 2869 sub
2021 2790 2181 2831 manu
2211 2793 2328 2846 sua,
2362 2783 2667 2852 peregrino,
2700 2801 2856 2857 vago,
2888 2788 2992 2845 buc
3020 2801 3074 2847 et
3103 2793 3230 2850 illuc
3251 2798 3501 2869 migranti

1895 2865 2027 2923 dicit
2053 2869 2190 2960 :A_0i
2211 2887 2242 2923 a
2266 2872 2411 2928 nobis
2435 2913 2450 2936 .
2476 2877 2597 2946 quia
2639 2882 2893 2948 potentior
2916 2885 3086 2954 factus
3115 2903 3191 2952 es,
3216 2865 3368 2960 quant
3407 2906 3502 2948 nos

2118 2957 2187 3013 Et
2227 2977 2351 3016 vere
2379 2967 2649 3033 potentior
2668 2977 2817 3036 erat,
2855 2985 3148 3044 supernum
3189 2957 3499 3049 praesidium

1897 3046 2104 3140 habens
2149 3049 2202 3106 in
2251 3051 2523 3122 omnibus,
2550 3056 2885 3130 dexteraque
2934 3063 3024 3119 Dei
3070 3046 3326 3122 munitus.
3379 3071 3501 3140 Quo

1895 3137 2058 3209 igitur
2090 3141 2262 3213 abigis
2283 3142 2488 3214 justum
2511 3145 2535 3198 τ
2561 3147 2776 3217 ignoras
2814 3153 2956 3222 quod
2992 3170 3332 3229 quocumque
3374 3137 3496 3218 euut

1893 3229 1974 3286 ine
1996 3233 2260 3304 coegeris,
2296 3249 2513 3308 semper
2533 3238 2638 3294 erit
2666 3238 2718 3294 in
2741 3239 2807 3296 iis
2830 3257 2951 3312 qua:
2982 3245 3192 3301 Domini
3220 3249 3303 3304 sui
3327 3262 3454 3307 sunt
3472 3253 3498 3306 2

1895 3335 2002 3376 non
2028 3321 2214 3379 docuit
2258 3334 2310 3382 te
2349 3341 2532 3384 rerum
2561 3331 2890 3400 experientia
2913 3375 2926 3397 ,
2958 3335 3051 3390 Dei
3102 3352 3320 3394 manum
3351 3355 3494 3408 esse,

1893 3424 2014 3499 qua:
2037 3412 2304 3470 illustrem
2333 3416 2456 3472 facit
2484 3426 2540 3474 et
2566 3432 2850 3476 conservat
2867 3423 3074 3494 justum
3095 3427 3313 3497 lQuare
3337 3432 3495 3499 igitur

1890 3498 2158 3590 abigendo
2181 3503 2414 3574 justum,
2443 3522 2571 3580 erga
2618 3509 2903 3568 Dominum
2949 3515 3070 3586 ejus
3125 3527 3180 3574 te
3221 3498 3492 3590 ingratum
3596 3531 3599 3533 ’

1895 3589 2180 3650 declaras?
2199 3604 2257 3651 et
2279 3611 2454 3668 neque
2478 3613 2670 3672 magna
2692 3602 2792 3656 viri
2823 3607 3181 3663 mansuetudo
3209 3589 3353 3665 tuam
3389 3613 3492 3667 do-

1890 3698 2042 3740 mare
2069 3685 2244 3757 potuit
2284 3687 2563 3759 invidiam,
2592 3692 2688 3748 sed
2719 3693 2892 3751 victus
2926 3710 2960 3753 a
2999 3700 3210 3765 morbo,
3239 3701 3490 3760 invidiam

1889 3790 2057 3848 opere
2075 3779 2337 3850 comples,
2364 3789 2422 3837 et
2445 3781 2638 3839 iterum
2666 3785 2898 3856 migrare
2941 3804 3064 3845 eum
3093 3791 3274 3863 cogis,
3300 3794 3390 3864 qui
3433 3793 3488 3850 itt

1889 3869 2040 3925 nullo
2061 3876 2112 3926 te
2139 3869 2313 3927 laesit?
2339 3871 2529 3951 Nescis
2544 3875 2687 3945 quod
2719 3877 2846 3935 licet
2874 3879 2928 3934 in
2959 3877 3284 3950 ipsissimant
3306 3885 3494 3942 solitu-

1888 3957 2072 4017 dinem
2101 3976 2225 4017 eum
2264 3961 2482 4035 fugaris,
2511 3964 2678 4023 habet
2704 3976 2883 4026 tamen
2928 3971 2997 4026 ita
3025 3973 3282 4031 solertem
3313 3977 3492 4034 Domi-

1889 4067 2038 4121 num,
2061 4062 2120 4107 ut
2137 4068 2199 4110 se
2219 4053 2300 4110 vel
2322 4055 2430 4111 illic
2449 4067 2752 4114 versantem
2771 4061 2939 4116 multo
2959 4063 3240 4121 clariorem
3262 4066 3494 4126 reddere

1887 4145 2057 4216 possit
2071 4140 2250 4202 mihi]
2266 4148 2410 4204 enim
2427 4149 2698 4208 robustius
2713 4167 2780 4208 eo
2794 4155 2882 4224 qui
2901 4154 3093 4211 fruitur
3109 4172 3490 4232 supernoprze-

1885 4236 2025 4294 sidio
2046 4253 2061 4292 :
2085 4239 2225 4296 sicut
2240 4239 2370 4295 nihil
2383 4241 2644 4299 inﬁrmius
2659 4246 2827 4316 coqui
2847 4247 2933 4302 tali
2948 4248 3147 4303 auxilio
3159 4250 3486 4310 destituitur.

1956 4327 2015 4384 2.
2056 4327 2209 4385 Nihil
2230 4329 2485 4387 robustius
2508 4349 2566 4388 eo
2591 4350 2744 4402 quem
2782 4334 2920 4391 Deus
2947 4338 3118 4409 juvat.
3147 4369 3222 4382 —-
3249 4340 3442 4399 Vidisti
3465 4385 3486 4409 ,

1886 4420 2109 4490 dilecte,
2136 4431 2193 4478 et
2211 4423 2354 4494 regis
2375 4423 2701 4481 Gerarorum
2717 4468 2734 4491 ,
2763 4436 2818 4483 et
2846 4429 3087 4486 omnium
3107 4432 3199 4502 qui
3226 4432 3299 4489 ibi
3334 4433 3492 4491 babi-

1886 4512 2074 4569 tabent
2093 4513 2290 4570 mentis
2316 4513 2614 4570 malitiam?
2641 4515 2771 4572 Vide
2798 4527 2852 4572 et
2874 4516 3002 4588 justi
3051 4535 3298 4592 magnam
3327 4537 3485 4579 man-

1883 4592 2245 4671 suetudinem,
2273 4606 2546 4677 quomodo
2575 4621 2681 4662 non
2718 4608 3033 4678 superblvit,
3083 4625 3257 4684 neque
3297 4613 3492 4672 videns

1882 4695 2061 4767 reipsa
2085 4695 2325 4751 divinam
2355 4695 2455 4751 sibi
2484 4701 2709 4768 gratiam
2740 4698 3032 4769 assistere,
3065 4711 3252 4760 contra
3276 4720 3485 4777 regem,

1883 4785 2054 4845 fretus
2075 4786 2480 4844 commilitantis
2505 4788 2726 4855 virtute,
2753 4790 3041 4847 insurrcxit
3063 4809 3078 4846 :
3104 4792 3200 4849 sed
3224 4795 3376 4866 quasi
3402 4796 3489 4854 via

1884 4878 2030 4934 omni
2049 4879 2360 4949 patrocinio
2385 4893 2597 4944 carens,
2629 4890 2686 4935 et
2714 4879 2920 4936 nullum
2950 4882 3207 4938 auxilium
3236 4885 3486 4943 alicunde

1883 4978 2223 5047 exspectans,
2256 4969 2424 5025 multa
2449 4984 2571 5025 cum
2604 4971 3034 5038 mansuetudine,
3067 4989 3136 5030 ne
3159 4974 3337 5032 verbis
3359 4977 3483 5049 qui-

1882 5061 2008 5119 dem
2032 5065 2289 5120 resistens
2307 5102 2322 5128 ,
2377 5062 2604 5118 faciebat
2626 5064 2769 5135 quod
2795 5064 2898 5121 sibi
2921 5080 2953 5119 a
2981 5080 3105 5137 rege
3137 5068 3487 5140 prmdpielp.

1886 5165 1973 5212 tur
1993 5197 2012 5224 ,
2040 5165 2096 5211 et
2122 5155 2302 5211 statim
2328 5155 2474 5212 illinc
2501 5155 2750 5212 discessit
2775 5175 2790 5212 :
2816 5168 2865 5213 et
2893 5159 3121 5217 ulterius
3142 5177 3482 5234 progressus,

1884 5247 2143 5319 repressit
2183 5246 2514 5319 aegritudinis
2567 5246 2837 5303 ﬁamtnam
2863 5289 2880 5312 ,
2923 5249 3083 5304 simul
3131 5259 3190 5308 et
3227 5253 3482 5309 eximiam

1881 5353 2034 5396 suam
2064 5339 2524 5398 mansuetudinem
2553 5339 2856 5409 declarans,
2873 5352 2929 5399 et
2953 5342 3094 5398 illius
3115 5346 3486 5414 perturbatum

1883 5432 2120 5488 animum
2147 5432 2420 5504 mitigans.
2453 5432 2541 5488 l7.
2576 5431 2643 5486 Et
2694 5433 2818 5487 abiit
2871 5434 3008 5500 inde,
3053 5443 3100 5489 et
3143 5435 3388 5491 habitavit
3419 5435 3485 5492 in

1880 5525 2012 5581 salte
2038 5522 2369 5580 Ger-ararum.
2416 5523 2484 5580 Et
2511 5523 2563 5580 id
2589 5523 2732 5596 quod
2778 5524 3051 5596 discipulis
3077 5527 3191 5582 suis
3226 5525 3482 5585 omnibus

1881 5617 2128 5674 Christus
2163 5617 2458 5674 adveniens
2490 5616 2754 5687 pra-cipit,
2784 5616 3008 5674 dicens:
3041 5616 3261 5685 Quando
3308 5634 3478 5688 peru-

1879 5720 2096 5783 quentur
2130 5726 2240 5778 eos,
2282 5709 2442 5782 fugite
2487 5709 2542 5764 in
2569 5709 2729 5762 alium
2765 5709 2932 5765 locum
2974 5707 3188 5784 (.llattlt.
3218 5710 3303 5768 l0.
3332 5710 3427 5784 23)
3459 5725 3477 5767 '.

1941 5809 1958 5842 '
1993 5816 2202 5870 om
2222 5814 2355 5871 tau,
