4060 6420
654 505 756 562 hoc
778 507 866 561 ille
889 506 996 575 jam
1020 503 1266 572 operibus
1290 501 1587 556 exhibebat.
1616 498 1679 554 Et
1704 499 1842 553 sicut
1871 496 2032 552 David
2067 495 2198 551 Sati-

657 597 723 651 lis
743 609 984 666 magnam
1008 592 1254 646 invidiam
1284 590 1634 660 reprimebat,
1661 586 1915 642 secedens
1933 596 1988 642 et
2011 585 2208 640 subdu-

651 698 778 738 cens
797 698 874 745 se.
902 691 955 736 et
988 681 1124 735 illius
1151 679 1496 749 refrigerahat
1530 677 1772 731 ardorem
1802 675 1875 747 (1.
1895 674 2034 761 βαρ.
2069 673 2169 742 19)
2194 690 2206 725 :

649 775 835 828 eodem
861 787 988 826 sane
1010 771 1166 826 modo
1185 779 1239 826 et
1259 771 1429 838 justus
1454 769 1540 824 ille
1565 768 1910 837 apostolicum
1953 765 2079 820 illud
2112 765 2210 817 im-

647 865 820 934 plebat
843 883 858 917 :
887 861 1019 917 Date
1043 864 1205 916 locum
1225 863 1313 916 ire
1342 859 1512 932 (Rom.
1535 859 1621 914 12.
1647 858 1734 927 19)
1761 875 1774 910 :
1805 866 1857 914 et
1883 857 2059 911 relicta
2082 855 2208 908 civi-

645 965 769 1019 tate,
798 955 926 1010 exiit
950 955 1000 1008 in
1025 952 1234 1007 vallem.
1259 953 1520 1007 Caeterum
1556 950 1672 1006 vide
1695 959 1939 1019 quantam
1969 947 2074 1002 illic
2102 946 2202 1000 ite-

643 1059 761 1099 rum
814 1042 1263 1098 mansuetudinem
1301 1055 1411 1110 ιιι-ε
1451 1056 1512 1096 se
1547 1041 1682 1094 tulit.
1730 1039 1908 1107 Neque
1947 1039 2088 1092 enim
2120 1037 2204 1093 hic

643 1134 764 1189 unis
786 1132 881 1188 fuit
907 1132 1262 1186 molestiarum
1293 1147 1308 1184 :
1338 1145 1460 1185 nam
1486 1145 1601 1184 cum
1632 1129 1788 1183 etiam
1816 1127 1920 1182 illic
1945 1137 2084 1183 esset
2107 1170 2120 1190 ,
2150 1135 2203 1182 et

609 1276 617 1286 ,
641 1225 812 1279 fontes
826 1223 1057 1280 edodere
1074 1223 1251 1288 vellet,
1273 1222 1412 1276 rixas
1430 1228 1724 1275 moverunt.
1752 1219 1835 1274 l8.
1861 1218 2016 1272 Fodit
2035 1218 2198 1281 enim,

639 1313 828 1383 inquit,
848 1322 1060 1384 puteos,
1087 1329 1210 1381 quos
1251 1321 1367 1365 ante
1407 1309 1548 1379 pueri
1589 1311 1746 1380 patris
1790 1310 1900 1380 ejus
1941 1311 2193 1378 fecerant,

632 1411 682 1457 et
708 1403 1056 1458 obturaverunt
1082 1399 1388 1471 Phylistiim,
1420 1401 1719 1468 etimposuit
1744 1400 1815 1454 eis
1840 1400 2062 1463 nemina,
2088 1413 2200 1467 qua:

634 1503 778 1562 pater
800 1509 920 1547 suus
945 1495 1268 1560 imposuerat.
1308 1490 1391 1545 l9.
1424 1489 1487 1544 Et
1513 1490 1767 1560 redimunt,
1799 1490 1967 1558 inquit
1993 1529 2007 1552 ,
2056 1489 2196 1557 pueri

633 1582 802 1649 Isaac,
832 1593 880 1637 et
911 1583 1197 1635 inuenerunt
1232 1590 1434 1649 puteum
1476 1594 1619 1645 aqua
1659 1578 1863 1633 uiuentis
1901 1594 1920 1633 :
1951 1578 2051 1633 hoc
2077 1587 2192 1640 est,

630 1671 817 1726 subtus
841 1669 1190 1725 scaturientia.
1220 1668 1310 1722 20.
1341 1667 1408 1722 Et
1432 1669 1747 1738 litigaverunt
1775 1677 1999 1739 pastores
2036 1665 2194 1722 Gera-

628 1775 817 1821 rorum,
853 1758 1067 1812 dicentes
1091 1773 1209 1812 suas
1235 1773 1341 1811 esse
1363 1772 1539 1825 aquas.

698 1846 1030 1901 Mansuetudo
1049 1863 1163 1900 vera
1180 1861 1311 1916 qua'.
1327 1844 1581 1899 Patientia
1599 1844 1965 1900 [suaet—Hic
1983 1857 2189 1916 quoque

627 1937 758 1992 nihil
795 1935 1070 1990 contendit
1110 1936 1318 2004 justus,
1347 1950 1516 2004 neque
1540 1936 1858 2000 obluctatur,
1886 1936 1979 1991 sed
2029 1937 2187 1990 etiam

627 2026 924 2095 pastoribus
952 2025 1110 2080 cedit.
1132 2026 1254 2080 [huc
1281 2026 1424 2081 enim
1453 2041 1577 2080 vere
1594 2026 1940 2081 mansuetudo
1962 2038 2063 2089 est,
2084 2042 2186 2080 non

624 2116 838 2184 quando
864 2115 986 2185 quis
1007 2114 1241 2170 otfensus
1269 2131 1296 2169 a
1328 2118 1710 2186 potentioribus
1739 2129 2011 2172 mansuete
2040 2118 2140 2172 fert
2169 2136 2182 2172 :

618 2205 711 2259 sed
741 2204 948 2274 quando
970 2204 1088 2274 quis
1132 2203 1200 2258 ab
1228 2204 1291 2259 iis
1332 2190 1492 2260 etiam
1523 2206 1610 2277 qui
1641 2206 1913 2260 inferiores
1938 2214 2185 2275 putantur

617 2294 850 2350 oll‘ensus
878 2295 1017 2350 cedit
1045 2312 1058 2348 :
1084 2304 1208 2350 tunc
1236 2295 1377 2349 enim
1403 2295 1520 2366 ejus
1546 2297 1636 2365 qui
1653 2296 1916 2351 invaditur
1935 2312 2182 2351 mansue-

618 2384 784 2438 tudini
807 2394 970 2438 totum
998 2384 1311 2439 adscribitur
1337 2403 1350 2438 :
1383 2402 1505 2440 nam
1535 2385 1664 2439 alias
1685 2386 1884 2440 diceret
1903 2387 2038 2454 quis,
2062 2401 2180 2440 eum

616 2475 1067 2528 mansuetudinem
1096 2475 1373 2530 simulasse
1398 2518 1412 2542 ,
1443 2477 1563 2544 quia
1601 2491 1703 2528 non
1737 2484 1913 2545 posset
1939 2477 2183 2544 potentia:

613 2562 927 2619 offendentis
954 2565 1218 2618 resistere.
1252 2564 1354 2619 Sed
1387 2575 1441 2618 ut
1469 2567 1643 2620 discas
1669 2580 1786 2618 eum
1806 2567 1913 2634 regi
1935 2565 2178 2632 cessisse,

613 2669 719 2707 non
743 2663 955 2722 promer
971 2655 1256 2722 potentiam
1280 2655 1393 2723 ejus
1417 2697 1430 2719 ,
1463 2655 1556 2710 sed
1589 2671 1682 2709 suo
1707 2671 1854 2710 more
1887 2666 2128 2725 agentem
2164 2673 2178 2708 :

613 2741 737 2796 vide
765 2741 1031 2810 quomodo
1055 2743 1192 2796 idem
1221 2744 1355 2811 apud
1377 2754 1610 2812 pastores
1641 2743 1810 2798 faciat.
1840 2745 1903 2798 Et
1930 2746 2065 2798 sicut
2094 2745 2180 2798 ille

615 2837 848 2901 dicebat,
883 2835 1074 2890 Recede
1122 2853 1154 2889 a
1196 2838 1337 2891 nobis
1367 2853 1385 2890 :
1417 2847 1468 2890 ct
1524 2838 1721 2903 statim,
1766 2839 1916 2906 quasi
1961 2847 2178 2906 accepto

611 2929 895 2991 mandato,
935 2928 1223 2984 abscessit:
1250 2931 1318 2983 ita
1357 2938 1410 2982 et
1435 2945 1602 2995 nunc,
1632 2931 1927 2999 pastoribm
1984 2930 2177 2985 hedera

610 3018 973 3087 cupientibus,
1002 3028 1056 3072 et
1109 3027 1322 3087 puteum
1361 3019 1460 3073 sibi
1509 3020 1923 3085 vindicantibus,
1954 3019 2172 3075 recedit.

614 3109 788 3175 Atque
833 3117 888 3160 ut
934 3118 1187 3178 perpetuo
1213 3108 1347 3161 hanc
1376 3108 1687 3176 injustitiam
1715 3113 1910 3164 sc'rent
1957 3112 2172 3176 posteri,

608 3210 798 3249 nomen
825 3196 1045 3264 imponit
1067 3207 1222 3265 puteo
1249 3213 1312 3251 ex
1342 3212 1406 3251 co
1427 3198 1566 3264 quod
1593 3199 1869 3252 acciderat.
1894 3199 2176 3254 Enimvero

614 3286 735 3354 quia
767 3285 1095 3338 manifestam
1124 3287 1444 3339 admiserant
1473 3286 1801 3356 injustitiam,
1835 3287 2038 3341 Vocavit
2081 3305 2174 3341 no-

606 3389 718 3426 men
748 3374 883 3442 putei
906 3414 920 3438 ,
954 3372 1076 3425 Loci
1123 3375 1386 3442 injustitia.
1427 3376 1491 3428 Et
1535 3387 1648 3429 erat
1676 3387 1856 3445 postea
1876 3419 1890 3441 ,
1919 3379 2066 3447 quasi
2121 3379 2171 3432 in

609 3462 853 3515 columna
875 3477 1032 3522 terea,
1065 3463 1289 3530 posteris
1321 3478 1510 3518 nomen
1541 3464 1639 3519 loci
1671 3465 1906 3519 doctrina
1945 3476 1997 3520 et
2026 3482 2170 3520 man-

605 3550 901 3604 suetudinis
923 3543 1082 3619 jnsti,
1116 3561 1169 3605 et
1198 3553 1487 3621 iniquitatis
1515 3554 1745 3608 illorum.
1794 3555 1997 3610 Nomen
2025 3559 2168 3612 enim

603 3639 702 3694 loci
736 3640 975 3704 faciebat,
1022 3650 1076 3695 nt
1101 3643 1337 3711 quisquis
1367 3653 1574 3712 rogaret
1600 3660 1883 3714 quarenam
1912 3648 1987 3699 sic
2011 3662 2169 3700 voca-

602 3741 767 3795 retur,
799 3731 1027 3785 disceret
1055 3741 1106 3785 ct
1150 3732 1304 3801 hujus
1344 3733 1593 3787 virtutem
1620 3775 1634 3800 ,
1662 3745 1713 3788 et
1745 3735 2008 3804 ingentem
2047 3737 2166 3789 illo-

602 3834 716 3871 rum
759 3814 1032 3872 malitiam.
1075 3819 1688 3889 Animadverte,quazso,
1711 3824 1976 3891 quomodo
2007 3825 2164 3878 etiam

605 3908 691 3962 hic
719 3925 866 3962 suam
888 3919 1074 3978 augeat
1099 3908 1364 3974 virtutem,
1395 3927 1489 3979 per
1514 3915 1686 3965 omnia
1714 3916 2165 3970 mansuetudinem

598 4012 748 4050 suam
785 3998 1040 4051 exhibens
1064 4041 1079 4062 ,
1111 4009 1162 4053 et
1195 3999 1265 4052 illi
1298 4000 1492 4068 ingenti
1533 4003 1783 4070 nequitia,
1815 4005 1971 4058 etiam
2021 4005 2166 4058 inviti

594 4088 792 4156 justum
825 4088 1165 4143 illustriorem
1213 4088 1435 4144 reddere
1482 4099 1740 4162 satagunt.
1791 4091 1972 4161 Neque
2024 4095 2163 4147 enim

596 4179 828 4233 contenti
857 4178 918 4230 iis
939 4193 1056 4246 qua:
1093 4178 1344 4243 iecerant,
1371 4189 1642 4247 restquam
1671 4182 1828 4234 alium
1869 4181 2166 4236 effoderunt

596 4275 831 4335 puteum,
874 4267 1062 4320 iterum
1104 4268 1320 4333 instant,
1352 4269 1624 4338 rixamque
1649 4279 1878 4324 movent.
1911 4271 2000 4325 2t.
2029 4271 2163 4324 Pro-

596 4358 753 4426 fectus
780 4358 938 4419 enim,
968 4357 1155 4422 inquit,
1183 4358 1342 4422 illinc,
1377 4358 1503 4428 fodit
1535 4369 1735 4426 puteum
1764 4360 1923 4412 alium
1947 4377 1966 4414 :
1992 4363 2162 4430 litiga-

599 4451 715 4501 bunt
737 4458 901 4500 autem
932 4449 1076 4500 etiam
1101 4449 1161 4500 de
1188 4449 1298 4514 illo,
1326 4460 1369 4501 et
1397 4451 1815 4516 nominaviteum,
1838 4450 2159 4507 Inimicitias.

596 4537 692 4592 llic
720 4540 910 4591 iterum
933 4539 1292 4594 animadverte
1315 4541 1440 4610 justi
1463 4543 1816 4609 prudentiam.
1848 4543 1962 4598 Non
1993 4548 2164 4599 omni-

595 4644 666 4682 no
717 4639 948 4697 puteum,
976 4638 1031 4682 ut
1080 4630 1302 4692 videtur,
1347 4631 1696 4697 abstulerunt,
1731 4634 1822 4687 sed
1873 4636 2162 4690 contende-

595 4721 720 4773 bant
769 4737 781 4772 :
828 4730 881 4772 et
936 4721 1045 4773 visa
1100 4719 1376 4773 manifesta
1432 4720 1726 4789 injustitia,
1781 4723 2157 4781 discesserunt.

593 4812 873 4880 Propterea
907 4811 1208 4866 Inimicitias
1235 4827 1353 4864 eum
1377 4815 1675 4882 appellavit,
1704 4815 1842 4883 quod
1867 4817 2160 4872 inimicitia-

588 4918 703 4956 rum
735 4903 916 4957 fuisset
947 4905 1174 4958 occasio.
1207 4903 1470 4958 Cmternm
1501 4907 1736 4974 quotidie
1772 4911 2153 4977 propemodum

592 4993 711 5044 talia
739 4993 915 5046 ferens
942 4993 1007 5046 ab
1039 4993 1101 5046 iis
1126 4993 1214 5062 qui
1245 4995 1511 5063 regionem
1545 4997 1874 5059 incidebant,
1906 5015 2012 5052 non
2037 5016 2159 5068 gra-

591 5085 748 5136 vatim
775 5085 910 5149 tnlit,
943 5101 1043 5137 non
1076 5086 1281 5154 abjecto
1312 5087 1404 5140 fuit
1436 5088 1634 5153 animo,
1667 5104 1768 5142 non
1793 5093 2043 5159 cogitavit
2071 5109 2156 5148 se-

589 5189 729 5237 cum,
753 5188 923 5241 neque
950 5174 1076 5226 dixit
1106 5193 1118 5226 :
1150 5175 1282 5228 Ecce
1311 5191 1376 5230 ne
1424 5189 1699 5246 puteorum
1729 5181 1936 5248 quidem
1977 5191 2033 5236 ιιι
2059 5185 2155 5238 sim

589 5263 852 5325 dominus,
885 5264 1007 5317 mihi
1037 5265 1190 5317 datur
1233 5285 1245 5318 :
1286 5282 1352 5319 an
1377 5282 1480 5320 non
1508 5284 1738 5336 superno
1764 5272 1964 5325 auxilio
1991 5274 2153 5327 desti-

591 5363 731 5405 tutus
753 5369 867 5406 smn
888 5355 910 5404 ’ἶ
930 5371 995 5407 an
1028 5371 1129 5407 non
1171 5357 1422 5411 Dominus
1451 5359 1654 5427 objecta
1683 5377 1807 5414 cura
1831 5365 1930 5417 mei
1964 5365 2158 5418 oblitus

589 5443 711 5494 est?
750 5443 888 5496 Nihil
935 5445 1194 5513 ejusmodi
1239 5448 1324 5500 vel
1378 5447 1508 5502 dixit
1559 5451 1642 5505 vel
1697 5454 1942 5521 cogitavit
1999 5475 2012 5510 :
2065 5461 2155 5512 sed

589 5533 763 5584 omnia
794 5549 978 5602 magna
1005 5549 1123 5587 cum
1160 5539 1562 5594 mansuetudine
1585 5541 1857 5607 toleravit,
1884 5554 1935 5596 et
1961 5546 2156 5599 idcirco

593 5623 781 5691 dignus
805 5624 896 5678 fuit
926 5625 1155 5693 habitus,
1188 5628 1276 5697 qui
1303 5630 1543 5698 ampliori
1573 5631 1752 5685 divino
1781 5634 1974 5688 auxilio
2005 5637 2156 5705 adju-

591 5723 817 5766 varetnr.
865 5715 990 5770 Nam
1023 5719 1136 5776 haec
1161 5733 1277 5790 quae
1307 5731 1614 5788 evenerunt,
1639 5724 1966 5793 exercitatio,
1995 5736 2050 5780 ut
2081 5727 2147 5781 ita

1352 392 1410 450 S.
1448 389 1722 448 JOANNIS
1745 387 2215 446 CIIRYSOSTOMI
2245 386 2561 443 ARCIllEP.
2591 386 3116 445 CONSTANTINOP.

3796 393 3897 448 ι,δο

2318 494 2510 561 dicam,
2536 497 2742 553 virtutis
2777 498 2906 568 justi
2943 500 3107 554 fuere.
3149 501 3281 555 Dicit
3305 503 3443 555 enim
3471 521 3482 553 :
3507 502 3598 556 23.
3627 502 3900 574 Profectus

2315 584 2475 649 illinc,
2502 588 2630 657 fodit
2655 597 2858 656 puteum
2894 589 3071 652 alium,
3120 599 3166 642 et
3205 606 3304 643 non
3343 593 3706 645 contenderunt
3746 606 3901 663 super

2315 676 2402 728 illo
2429 691 2448 729 :
2477 685 2522 729 et
2543 680 2878 747 agnominauit
2905 695 3082 733 nomen
3103 683 3210 750 ejus
3232 720 3248 743 ,
3278 679 3641 745 Latitudinem,
3677 682 3854 739 dicens
3876 699 3898 740 .'

2317 763 2448 827 Quia
2473 780 2604 817 nunc
2625 766 2852 820 dilatauit
2873 785 2964 822 nos
2993 766 3241 822 Dominus
3261 810 3274 834 ,
3307 779 3352 823 et
3377 786 3601 825 crescere
3639 788 3736 826 nos
3781 772 3896 841 fecit

2312 870 2462 922 super
2493 864 2676 907 terram
2687 895 2701 909 .

2381 943 2434 995 3.
2477 940 2660 996 Gratus
2679 946 2876 999 animus
2903 943 3095 1000 Isauri.
3133 946 3272 1002 Deus
3299 949 3462 1019 exigit
3477 959 3530 1003 ut
3551 951 3750 1021 gratias
3770 966 3892 1021 oga.

2311 1047 2420 1082 mus
2457 1061 2528 1071 ——
2553 1031 2683 1087 Vide
2697 1042 2901 1103 gratum
2929 1037 3161 1091 animum
3185 1037 3334 1108 justi.
3355 1039 3484 1094 Nam
3522 1058 3645 1095 cum
3685 1044 3891 1111 priores

2308 1117 2477 1173 lentes
2497 1120 2725 1190 diripere
2738 1132 3128 1189 tentarent,uon
3145 1142 3282 1197 argre
3295 1128 3430 1193 tulit,
3451 1145 3554 1183 non
3577 1131 3886 1188 obluctatus

2305 1217 2386 1260 est
2407 1226 2420 1262 :
2443 1208 2536 1263 sed
2550 1210 2599 1264 in
2616 1211 2724 1266 sola
2745 1221 3019 1280 puteorum
3041 1217 3397 1286 appellatione
3418 1222 3638 1276 malitia:
3665 1223 3886 1278 illorum

2305 1297 2637 1356 indelebilem
2650 1303 2857 1374 reliquit
2875 1309 3200 1362 memoriam.
3223 1308 3320 1363 Hic
3335 1323 3460 1365 vero
3473 1312 3595 1380 quia
3615 1313 3762 1366 nulla
3781 1314 3890 1369 fue-

2303 1398 2423 1442 runt
2449 1389 2739 1456 obstacula,
2760 1393 2852 1448 sed
2877 1408 2999 1450 cum
3027 1399 3171 1452 omni
3197 1400 3442 1455 libertate
3471 1402 3749 1457 laboribus
3778 1407 3888 1459 suis

2303 1476 2400 1531 frui
2419 1477 2583 1541 licuit,
2607 1489 2771 1535 totum
2800 1482 2982 1537 tribuit
3011 1486 3138 1541 Deo.
3165 1485 3550 1556 Vocaniteuim,
3571 1490 3773 1560 inquit,
3795 1510 3888 1561 pse

2301 1574 2430 1619 tcum
2451 1568 2613 1633 illum,
2636 1568 2967 1625 Lo'itudinem
2993 1588 3012 1627 :
3039 1585 3092 1629 et
3110 1574 3300 1631 deinde
3322 1577 3706 1647 interpretatus
3727 1596 3885 1634 vorar-

2299 1655 2510 1720 bntnm,
2542 1657 2708 1712 dcit:
2742 1661 2962 1730 Propter
3017 1665 3115 1718 hoc
3146 1665 3501 1723 Latitudinem
3548 1685 3714 1735 voco,
3751 1671 3884 1738 Quia

2297 1743 2522 1799 dilatat-it
2562 1745 2807 1803 Dominus
2848 1761 2896 1805 et
2925 1754 3066 1806 auxit
3093 1771 3184 1809 nos
3226 1773 3379 1824 super
3423 1769 3629 1813 terram.
3691 1761 3811 1815 Vidi
3845 1766 3882 1818 tl

2296 1835 2435 1904 piam
2469 1844 2720 1905 mentem,
2748 1841 3013 1909 quomodo
3059 1859 3164 1898 non
3205 1844 3343 1900 facta
3384 1850 3659 1905 mentione
3704 1860 3883 1906 tanta-

2295 1942 2412 1982 rum
2437 1929 2799 1985 diflicultatum
2836 1949 2953 2002 qua:
3001 1935 3332 2001 obstiterant,
3363 1939 3626 1995 bonorum
3671 1952 3880 1998 tantum

2293 2018 2550 2080 meminit,
2585 2027 2639 2073 et
2667 2035 2761 2087 pro
2795 2012 2898 2076 illis
2940 2025 3139 2090 gratias
3169 2026 3275 2080 Deo
3299 2029 3442 2098 agit,
3472 2030 3671 2085 etdicit
3697 2049 3710 2084 :
3749 2033 3882 2101 Quia

2291 2104 2518 2159 dilatauit
2543 2106 2785 2162 Dominus
2807 2127 2915 2172 nos,
2947 2122 2993 2163 ct
3021 2114 3163 2165 auxit
3184 2131 3274 2168 nos
3302 2133 3454 2184 super
3473 2122 3705 2173 terram?
3735 2122 3878 2176 Nihil

2294 2197 2434 2249 enim
2475 2205 2580 2249 tam
2624 2211 2896 2267 acceptum
2927 2201 3054 2267 Deo,
3080 2210 3135 2254 ut
3159 2205 3332 2257 anima
3382 2215 3530 2275 grata
3574 2215 3633 2262 et
3678 2212 3881 2278 gluttias

2294 2299 2476 2352 agens.
2525 2286 2654 2340 Nam
2725 2304 2844 2341 cum
2921 2290 3213 2346 innumeris
3285 2293 3564 2352 beneliciis
3633 2301 3881 2368 quotidie

2289 2389 2472 2431 omnes
2503 2393 2599 2431 nos
2625 2389 3002 2448 prosequatur,
3044 2383 3158 2437 sive
3201 2384 3429 2439 velimus
3454 2386 3571 2441 sive
3597 2390 3838 2446 nolimus
3862 2433 3876 2457 ,

2289 2465 2402 2520 sive
2427 2481 2486 2519 ea
2517 2467 2746 2522 sciamus
2774 2470 2884 2524 sive
2927 2471 3252 2539 ignoremus,
3281 2474 3410 2527 nihil
3447 2484 3624 2532 tamen
3649 2479 3800 2534 aliud
3846 2497 3877 2535 a

2288 2556 2438 2610 nobis
2459 2557 2642 2627 exigit,
2682 2573 2838 2628 quam
2869 2568 2924 2613 ut
2959 2561 3247 2618 habeamus
3270 2565 3490 2632 gratiam
3519 2581 3617 2635 pro
3655 2568 3720 2621 iis
3757 2585 3880 2638 qua:

2285 2645 2439 2699 nobis
2466 2661 2718 2702 concessa
2749 2657 2892 2716 sunt,
2920 2660 2976 2703 ut
3000 2667 3094 2720 pro
3125 2651 3210 2705 illa
3239 2653 3351 2722 ipsa
3381 2657 3672 2724 gratiarum
3702 2661 3879 2714 actio-

2289 2751 2355 2790 ne
2385 2737 2449 2790 ad
2478 2739 2730 2807 ampliora
2755 2740 2928 2794 danda
2962 2757 3296 2811 provocetur.
3327 2745 3437 2800 Hoc
3464 2756 3518 2800 ut
3551 2750 3726 2816 scias,
3757 2752 3878 2806 vide

2287 2827 2556 2894 quomodo
2576 2831 2752 2896 justus
2782 2830 2872 2885 ille
2899 2832 3033 2900 grati
3059 2832 3342 2887 admodum
3377 2836 3538 2890 animi
3563 2853 3724 2893 causa
3773 2843 3872 2896 de-

2283 2929 2390 2969 nuo
2415 2929 2702 2985 supernum
2733 2922 2988 2974 meruerit
3019 2923 3210 2976 visum.
3244 2924 3373 2978 Nam
3396 2929 3645 2995 quoniam
3677 2932 3869 2986 cendi-

2282 3020 2440 3076 gnum
2471 3021 2580 3060 suae
2607 3007 2811 3062 virtutis
2840 3010 3106 3076 specimen
3138 3012 3472 3080 exhibuerat,
3497 3024 3552 3069 et
3576 3019 3718 3085 apud
3762 3019 3870 3074 Gc-

2279 3113 2522 3164 rarenos,
2549 3109 2600 3153 et
2626 3114 2743 3152 cum
2774 3116 2863 3153 rex
2887 3115 3007 3154 eum
3035 3103 3347 3170 expelleret,
3371 3115 3425 3159 et
3449 3121 3581 3168 cum,
3618 3118 3869 3176 pastores

2282 3201 2468 3257 puteos
2491 3190 2758 3245 auferrent
2787 3209 2799 3243 :
2832 3193 3087 3262 benignus
3122 3195 3375 3249 Dominus
3397 3197 3558 3252 veluti
3577 3202 3870 3254 conlirma-

2282 3286 2430 3333 turus
2455 3279 2570 3347 ejus
2598 3280 2922 3335 alacritatem
2946 3323 2961 3347 ,
2990 3283 3097 3350 jam
3129 3283 3198 3337 ob
3238 3286 3497 3355 insignem
3525 3288 3671 3342 illam
3706 3306 3859 3344 inan-

2277 3370 2609 3424 s-aetudiuem
2659 3385 2776 3423 eum
2821 3382 3091 3440 acceptant
3134 3372 3380 3429 habens:
3426 3385 3709 3445 postquam
3769 3379 3862 3436 ‘23.

2281 3459 2513 3512 Ascendit
2559 3460 2698 3512 illinc
2741 3461 2808 3511 ad
2859 3473 3061 3530 puteum
3096 3465 3375 3534 juramenti
3398 3508 3409 3526 ,
3441 3465 3530 3521 24.
3563 3469 3700 3522 uisus
3722 3481 3796 3523 est
3819 3475 3867 3525 ei

2277 3548 2520 3602 Dominus
2546 3550 2597 3602 in
2623 3560 2765 3603 nocte
2788 3551 2896 3616 illa,
2923 3562 2968 3604 et
2985 3554 3110 3606 dixit
3135 3571 3152 3607 :
3180 3553 3290 3624 Ego
3307 3573 3417 3608 sum
3439 3556 3576 3611 Deus
3605 3559 3865 3613 Abraham

2275 3652 2376 3710 pati
2391 3643 2431 3694 is
2458 3643 2549 3707 tui,
2583 3658 2643 3694 ne
2666 3643 2839 3695 timeas
2872 3660 2890 3696 :
2916 3655 3074 3696 tecum
3097 3648 3225 3698 enim
3248 3663 3378 3709 sum,
3403 3659 3447 3700 et
3468 3648 3762 3702 benedicam
3791 3662 3863 3716 te,

2273 3742 2318 3784 el
2349 3731 2686 3800 multiplicabo
2711 3749 2876 3786 semen
2931 3743 3070 3786 tuum
3127 3746 3326 3805 prapter
3355 3737 3610 3790 Abraham
3663 3750 3860 3807 patrem

2273 3831 2432 3874 tumu.
2478 3821 2622 3876 Visus
2675 3831 2743 3876 est
2787 3825 2851 3886 ei,
2891 3824 3079 3893 inquit,
3111 3825 3161 3877 in
3202 3836 3346 3879 nocte
3393 3825 3504 3879 ile.
3560 3827 3858 3896 considera

2277 3910 2366 3963 Dei
2392 3911 2834 3965 sollicitudinem:
2869 3923 2924 3966 ut
2956 3915 3101 3967 illuni
3132 3915 3394 3970 refocillct
3424 3932 3486 3971 ac
3519 3918 3857 3974 lidentioretn

2274 3999 2477 4063 reddat,
2508 4011 2726 4070 apparet
2754 4003 2819 4065 ei,
2852 4014 2903 4056 et
2928 4003 3088 4058 dicit:
3124 4005 3234 4074 Ego
3277 4024 3386 4059 sum
3429 4006 3566 4060 Deus
3591 4008 3854 4063 Abraham

2271 4091 2431 4159 patris
2459 4091 2554 4152 tui,
2589 4101 2789 4159 patrem
2821 4101 2962 4145 tuum
3005 4094 3290 4162 glorificavi
3320 4106 3371 4148 ct
3409 4096 3544 4148 adeo
3587 4097 3856 4153 Celebrent

2273 4181 2511 4244 reddidi,
2570 4196 2632 4234 ac
2686 4185 3017 4251 peregrinum
3075 4183 3437 4254 advenamque
3509 4187 3857 4243 illustriorem

2269 4271 2512 4324 omnibus
2541 4272 2726 4326 incolis
2750 4271 2871 4326 feci.
2914 4275 3020 4342 Ego
3040 4289 3154 4328 sum
3188 4275 3276 4329 ille
3303 4317 3316 4339 ,
3344 4277 3429 4344 qui
3461 4275 3612 4330 hunc
3632 4278 3707 4331 ita
3735 4294 3856 4334 cre-

2268 4380 2416 4419 scere
2438 4367 2784 4429 curavi,etin
2825 4369 3069 4420 omnibus
3124 4383 3305 4420 curam
3358 4369 3473 4433 ejus
3534 4370 3702 4438 gessi.
3748 4372 3858 4442 Ego

2271 4471 2423 4509 sum:
2456 4457 2534 4508 Ne
2565 4458 2718 4526 igitur
2741 4461 2932 4513 timeas.
2965 4459 3098 4524 Quid
3120 4460 3216 4512 sibi
3241 4450 3511 4525 vultill'ud,
3538 4461 3620 4515 Ne
3641 4463 3860 4520 timeas!

2269 4546 2456 4599 Nelibi
2501 4551 2691 4601 mirum
2718 4550 2960 4603 videatur
2981 4551 3117 4618 quod
3169 4552 3236 4604 ab
3288 4551 3599 4608 Abimeleclt
3644 4556 3723 4608 sis
3765 4572 3859 4612 ex-

2269 4637 2468 4706 pulsus,
2500 4639 2636 4706 quod
2665 4654 2694 4691 a
2727 4640 3023 4706 pastoribus
3054 4640 3127 4694 sis
3182 4640 3372 4710 injuria
3417 4641 3661 4698 affectus.
3692 4645 3852 4702 Multa

2269 4729 2388 4782 talia
2421 4739 2470 4783 et
2498 4739 2644 4798 pater
2671 4739 2790 4786 tuus
2818 4731 3052 4799 pertulit,
3079 4741 3133 4787 et
3169 4733 3291 4788 inde
3316 4733 3597 4802 gloriosior
3633 4735 3854 4791 effectus

2267 4830 2364 4871 est.
2425 4819 2500 4873 Ne
2554 4820 2836 4886 igtturhoc
2877 4831 2926 4876 te
2967 4830 3200 4876 terreat:
3238 4821 3343 4893 Ego
3369 4825 3502 4876 enim
3526 4837 3687 4879 tecum
3719 4845 3849 4882 sunt.

2267 4909 2463 4964 Idcirco
2489 4911 2599 4963 luec
2632 4911 2739 4964 fieri
2770 4914 3034 4979 permitto,
3069 4914 3224 4966 simul
3266 4916 3448 4967 volens
3477 4925 3533 4969 et
3564 4916 3850 4973 declarare

2266 5010 2407 5054 tuam
2435 5005 2681 5053 virtutem
2706 5040 2721 5065 ,
2752 5010 2804 5053 et
2831 5003 3157 5056 manifestari
3204 5005 3398 5057 mentis
3426 5006 3641 5060 illorum
3674 5011 3849 5078 pravi-

2266 5101 2445 5155 tatem,
2471 5100 2524 5142 nt
2549 5090 2737 5143 horum
2766 5092 3004 5145 omnium
3043 5106 3200 5146 causa
3247 5102 3298 5147 te
3336 5109 3624 5160 coronem;
3658 5097 3849 5150 Tecum

2264 5183 2391 5234 enim
2422 5197 2552 5233 sum.
2588 5181 2709 5235 ideo
2758 5191 2810 5239 ct
2861 5183 3085 5236 invictus
3114 5183 3240 5246 eris,
3267 5193 3423 5252 atque
3476 5185 3849 5242 infestantibus

2267 5273 2547 5341 potentior,
2583 5281 2634 5325 et
2667 5272 3037 5327 invadentibus
3069 5272 3275 5328 fortior.
3307 5275 3373 5328 Et
3417 5286 3616 5330 tantam
3644 5278 3720 5332 tui
3751 5294 3848 5333 cu-

2265 5381 2375 5418 ram
2432 5364 2653 5428 habebo,
2691 5373 2746 5418 ut
2793 5365 3081 5419 invidiosus
3127 5366 3230 5420 illis
3275 5367 3346 5419 sis
3401 5366 3612 5422 futurus
3671 5386 3683 5420 :
3739 5369 3849 5441 Ego

2264 5460 2393 5509 enim
2427 5465 2584 5510 terum
2626 5474 2735 5510 sum
2763 5500 2777 5523 ,
2811 5467 2855 5511 et
2896 5459 3184 5511 benedicam
3212 5470 3258 5511 te
3282 5501 3295 5522 ,
3321 5471 3365 5512 et
3395 5459 3740 5528 multiplicabo
3764 5477 3846 5514 se-

2265 5562 2374 5597 men
2430 5557 2567 5597 tuum
2596 5557 2795 5616 promer
2826 5549 3074 5600 Abraham
3104 5561 3293 5617 patrem
3326 5560 3484 5599 tuum.

2335 5636 2470 5690 Deus
2492 5653 2579 5689 cur
2600 5655 2650 5690 se
2676 5640 2807 5690 dicat
2833 5638 2992 5690 Deum
3023 5639 3312 5692 Abrahami.
3342 5668 3409 5676 -ο
3436 5638 3724 5693 Considera
3757 5639 3844 5692 bc.»

2267 5730 2570 5800 nignitatem
2620 5731 2728 5786 Dei.
2764 5730 2891 5785 Nam
2941 5741 3213 5801 postquam
3242 5730 3398 5796 dixit,
3436 5730 3538 5799 Fgo
3570 5747 3678 5783 sum
3713 5729 3842 5785 Deus
