4086 6418
147 431 244 486 ισι

149 540 366 595 Abrahae
386 535 545 608 patris
566 535 658 602 tui,
685 544 734 590 et
765 529 998 588 ostendit
1021 531 1290 599 quomodo
1310 526 1410 582 sibi
1433 524 1739 580 vindicave-

150 632 244 693 rit,
273 629 655 698 propriumque
685 625 867 680 fecerit
900 620 1276 692 patriarcham,
1307 621 1377 674 ita
1409 626 1468 673 ut
1495 617 1745 686 dignatus

149 723 220 776 sit
249 735 310 776 se
339 733 533 774 vocare
560 719 725 772 Deum
754 715 981 772 Abrahae
1001 755 1017 779 ,
1049 722 1208 783 atque
1239 710 1496 766 Dominus
1522 723 1585 764 ac
1612 722 1747 761 cou-

140 812 296 865 tiitor
320 810 492 870 orbis,
513 808 672 862 unius
699 806 928 860 hominis
959 805 1122 858 Deum
1153 816 1212 856 se
1238 800 1454 866 dixerit,
1479 814 1584 853 non
1612 812 1746 852 eou-

147 902 377 959 eludens
393 902 444 956 in
460 913 564 955 uno
580 896 875 968 patriarcha
894 894 1184 950 dominium
1202 909 1378 958 suum,
1395 891 1486 946 sed
1501 902 1746 959 magnam

154 993 211 1046 in
240 991 388 1046 illum
418 1003 570 1043 suam
595 985 1018 1041 benevolentiam
1048 992 1354 1037 monstrans
1387 999 1399 1033 :
1430 979 1522 1042 ita,
1555 977 1744 1046 inquit,

143 1094 272 1134 eum
307 1078 435 1134 mihi
465 1077 564 1133 feci
591 1077 892 1146 prapriutu,
923 1084 979 1128 ιιι
1005 1073 1143 1142 apud
1167 1087 1253 1126 me
1284 1079 1556 1141 reputetur
1584 1067 1747 1134 tanti,

155 1171 338 1241 quanti
368 1170 458 1225 alii
486 1182 676 1224 omnes
706 1184 721 1222 :
767 1166 889 1221 ideo
932 1154 999 1218 Et
1035 1163 1378 1233 multiplicabo
1405 1177 1571 1215 semen
1608 1169 1751 1212 tuum

156 1268 368 1330 propter
392 1259 650 1312 Abraham
678 1266 868 1328 patrem
891 1263 1050 1309 tuum.
1081 1253 1288 1312 Multas,
1321 1251 1519 1318 inquit,
1550 1251 1622 1304 illi
1653 1248 1749 1304 de-

160 1353 263 1405 beo
285 1349 666 1404 retributiones
693 1347 762 1400 ob
793 1360 942 1400 suam
974 1345 1024 1397 in
1053 1358 1139 1399 me
1164 1341 1520 1397 obedientiam
1549 1357 1563 1394 :
1595 1339 1753 1409 igitur

158 1450 380 1511 propter
405 1441 552 1494 illutn
579 1435 931 1507 Multiplicabo
955 1451 1119 1489 semen
1140 1443 1322 1496 tuum;
1349 1431 1505 1486 simul
1527 1439 1582 1485 et
1606 1429 1751 1498 justo

147 1532 410 1586 fiduciam
451 1530 678 1594 indidit,
709 1537 763 1583 et
797 1528 932 1582 facta
963 1526 1126 1594 patris
1150 1525 1422 1579 mentione
1445 1564 1461 1588 ,
1487 1522 1556 1576 ad
1587 1537 1751 1574 annu-

148 1623 372 1678 "landum
392 1632 660 1692 palemam
675 1621 919 1674 virtutem
935 1617 1256 1688 provocavit.
1274 1616 1559 1685 Postquam
1574 1622 1750 1668 autem

160 1723 305 1768 tanta
327 1714 375 1767 ei
394 1691 527 1768 bona
547 1711 809 1782 promisit,
826 1711 917 1766 25.
933 1691 1254 1779 Ediﬁéavit,
1277 1707 1466 1777 inquit,
1485 1706 1553 1760 ibi
1568 1707 1749 1770 altare,

161 1814 208 1859 et
249 1804 496 1858 invocavit
525 1819 704 1857 nomen
733 1801 971 1865 Domini,
1001 1811 1047 1854 et
1086 1801 1198 1868 ﬁxit
1235 1800 1340 1854 illic
1377 1799 1754 1853 tabernaculum

159 1911 333 1950 suum.
353 1893 489 1961 Quid
505 1902 607 1959 est,
629 1892 930 1960 lidiﬁcavit
948 1893 1053 1946 illic
1069 1892 1263 1945 altare?
1278 1890 1579 1945 Gratiarum
1599 1889 1758 1945 actio-

161 1999 281 2048 nes,
298 1983 487 2053 inquit,
503 1984 611 2038 illic
627 1983 850 2038 Domino
864 1983 1072 2047 obtulit,
1086 1982 1174 2051 qui
1192 1991 1386 2035 tantam
1402 1996 1497 2051 pro
1509 1997 1567 2035 se
1578 1995 1759 2050 gesse-

163 2082 245 2128 rat
261 2073 699 2128 sollicitudinem.
725 2072 793 2126 Et
813 2073 1050 2145 foderunt
1070 2073 1176 2126 illic
1190 2073 1333 2142 pueri
1358 2071 1512 2125 Isaac
1529 2082 1753 2141 puteum.

163 2163 392 2219 Demum
430 2178 552 2218 cum
585 2163 880 2218 securitare
910 2163 1056 2233 degit
1079 2163 1256 2231 justus
1289 2183 1303 2218 :
1337 2178 1458 2216 nam
1487 2164 1574 2232 qui
1602 2161 1756 2217 dixe-

161 2263 243 2310 rat
267 2295 282 2317 ,
322 2253 433 2324 Ego
463 2265 624 2308 tecum
647 2269 756 2307 sum
776 2294 792 2321 ,
825 2262 872 2307 et
909 2254 1198 2307 benedicam
1223 2261 1301 2320 te,
1330 2263 1377 2306 et
1411 2252 1758 2320 multiplicabo

162 2360 334 2398 semen
357 2355 497 2399 tuum
521 2361 541 2398 :
569 2345 682 2414 ipse
706 2344 865 2399 simul
885 2359 1005 2399 eum
1029 2353 1083 2407 et
1110 2345 1411 2409 illustravit,
1438 2352 1494 2398 et
1514 2344 1759 2398 omnibus

166 2433 292 2490 fecit
331 2433 697 2504 spectabilem.
745 2434 927 2504 itaque
955 2433 1073 2489 vide
1105 2434 1410 2490 Abimelecli
1446 2435 1594 2501 illum
1625 2475 1638 2499 ,
1668 2433 1758 2503 qui

166 2525 386 2596 abigere
411 2540 533 2580 eum
559 2540 842 2596 aggressus
870 2534 972 2592 est,
999 2539 1061 2580 ac
1085 2525 1238 2591 dixit,
1267 2526 1361 2579 Abi
1380 2542 1412 2579 a
1434 2525 1594 2591 nobis,
1619 2539 1760 2579 nunc

167 2619 235 2672 ad
261 2633 382 2674 eum
415 2618 773 2674 accedentem.
803 2618 893 2673 26.
922 2617 1020 2671 ιυὶι
1048 2619 1211 2685 enim,
1236 2618 1422 2687 inquit,
1451 2616 1760 2683 Abimelcclt,

163 2719 217 2762 et
246 2713 515 2779 pra-fectus
540 2709 764 2778 ρειπωεεί
788 2719 835 2763 et
857 2709 962 2762 dua:
986 2708 1230 2763 exercitus
1257 2709 1402 2777 ejus;
1431 2707 1522 2762 28.
1555 2717 1602 2760 et
1632 2707 1765 2761 dixit

164 2799 241 2853 eis
276 2797 429 2852 lsaac
471 2813 490 2852 :
528 2797 700 2863 Quare
736 2799 940 2853 venistis
977 2799 1045 2851 ad
1078 2798 1198 2852 me?
1226 2813 1311 2852 vos
1341 2807 1511 2851 autent
1539 2798 1656 2851 odio
1686 2813 1765 2849 nte

172 2887 440 2954 habuistis,
462 2897 518 2942 -et
545 2886 810 2958 expulistis
839 2905 871 2942 a
896 2888 1051 2942 vobis.
1086 2888 1248 2954 Vide,
1277 2887 1503 2942 obsecro
1523 2930 1536 2950 ,
1565 2897 1762 2958 quanta

156 2981 244 3035 "sit
263 2977 616 3035 mansuetudo
633 2979 782 3049 justi.
809 2979 1005 3035 Videns
1026 2995 1118 3036 eos
1137 2995 1167 3035 a
1188 2980 1378 3050 quibus
1400 2979 1609 3050 fugatas
1627 2987 1761 3047 erat,

161 3077 228 3124 et
255 3069 346 3139 qui
372 3077 520 3124 tanto
545 3083 665 3123 eum
687 3069 813 3124 odio
838 3069 1047 3124 fuerant
1076 3070 1406 3139 prosequuti,
1429 3084 1574 3124 nunc
1597 3069 1760 3123 veluti

171 3160 443 3229 supplices
469 3159 535 3214 ad
562 3175 621 3225 se
642 3160 845 3226 venire,
871 3173 972 3215 non
994 3159 1288 3229 superbivit
1311 3167 1498 3214 contra
1517 3175 1631 3222 eos,
1657 3173 1761 3213 non

171 3249 315 3304 elato
343 3249 441 3304 fuit
488 3250 688 3317 animo,
744 3264 952 3305 memor
1004 3265 1190 3304 eorum
1237 3265 1355 3318 qua:
1398 3249 1498 3304 sibi
1527 3264 1557 3302 a
1584 3249 1766 3304 Domi-

165 3356 248 3397 no
273 3341 414 3395 dicta
455 3341 662 3396 fuerant
686 3383 701 3407 ,
727 3356 902 3411 neque
933 3340 1125 3395 virtute
1153 3340 1358 3394 Domini
1392 3340 1559 3394 fretus
1591 3340 1766 3394 insur-

175 3431 313 3484 rexit
357 3439 542 3485 contra
574 3445 752 3500 regem
783 3447 795 3482 :
825 3430 918 3486 sed
956 3432 1148 3484 iterum
1176 3440 1486 3484 consuetam
1519 3445 1766 3486 mansue-

175 3518 415 3575 tudinem
443 3533 551 3590 pra:
573 3534 632 3576 se
658 3518 857 3587 ferens,
882 3535 1001 3575 cum
1031 3536 1217 3590 magna
1241 3521 1459 3575 lenitate
1479 3521 1764 3576 verberum

173 3607 311 3663 dixit
347 3609 428 3664 eis
459 3627 474 3663 :
505 3607 676 3674 Quare
710 3609 912 3664 venistis
940 3610 1009 3663 ad
1049 3626 1130 3663 me
1159 3610 1186 3663 ?
1213 3626 1299 3664 eos
1327 3620 1496 3663 autem
1533 3609 1652 3663 odio
1689 3626 1768 3664 me

173 3699 453 3765 habuistis,
486 3711 533 3756 et
557 3716 590 3756 a
612 3686 748 3756 vobis
765 3702 1047 3773 expulistis.
1078 3701 1285 3768 Quare,
1318 3702 1520 3772 inquit,
1548 3702 1764 3758 censui-

175 3791 274 3845 stis
310 3799 369 3846 ιιι
397 3792 889 3847 vobis-veniendum
930 3792 995 3846 sit
1036 3793 1101 3847 ad
1134 3809 1220 3848 me
1249 3794 1527 3862 expulsum
1558 3801 1612 3850 et
1640 3793 1764 3848 odio

175 3881 456 3937 habitum?
479 3882 569 3938 ‘28.
600 3882 668 3937 Et
697 3883 933 3937 dixerunt
960 3899 979 3936 :
1014 3882 1246 3938 Videutes
1274 3883 1489 3938 vidimus
1513 3886 1631 3952 quia
1658 3885 1766 3940 Do-

173 3973 345 4026 minus
388 3983 584 4038 tecum,
615 3982 662 4027 et
690 3973 909 4027 diximus
935 3989 954 4026 :
980 3971 1100 4026 Fiat
1141 3975 1412 4028 exsecratio
1441 3975 1572 4030 inter
1600 3991 1692 4030 nos
1717 3984 1766 4030 et

173 4064 307 4134 inter
335 4072 413 4129 te,
433 4073 493 4118 set
517 4063 840 4133 disponemus
870 4063 1034 4134 [udus
1063 4072 1226 4117 tecum
1246 4106 1262 4131 ,
1293 4063 1382 4119 29.
1412 4075 1468 4118 ut
1491 4081 1554 4122 ne
1588 4065 1768 4133 feceris

175 4151 437 4206 nobiscum
460 4153 680 4217 malum,
705 4155 833 4209 sicut
863 4169 953 4208 nos
981 4169 1083 4208 non
1111 4155 1387 4208 abominati
1410 4171 1585 4209 sumus
1608 4166 1687 4223 te,
1719 4166 1767 4210 et

173 4247 427 4317 quotuodo
457 4259 618 4304 tecum
658 4249 778 4304 bene
812 4266 986 4306 sumus
1025 4253 1103 4306 usi
1127 4293 1143 4317 ,
1170 4263 1216 4306 et
1261 4253 1542 4308 dimisimus
1571 4263 1618 4310 te
1651 4271 1766 4310 cum

177 4355 325 4409 pace,
355 4347 404 4392 et
428 4356 563 4393 nunc
587 4340 871 4396 benedictus
897 4353 951 4396 tu
979 4359 1014 4398 ιι
1039 4341 1280 4399 Domino.

249 4430 305 4483 ι.
349 4428 480 4485 Vide
505 4439 757 4500 quautum
785 4435 1206 4490 mansuetudinis
1231 4437 1394 4506 robur
1416 4479 1433 4505 ,
1464 4450 1767 4510 quantaque

178 4519 389 4575 virtutis
430 4522 686 4591 potentis.
731 4522 862 4578 Nam
889 4523 980 4594 qui
1021 4525 1228 4595 pridem
1269 4527 1595 4599 abegersnt,
1625 4545 1768 4586 nunc

177 4604 397 4657 veniunt
422 4603 488 4658 ad
521 4607 892 4676 peregrinum,
918 4609 986 4663 ad
1013 4609 1184 4664 virum
1211 4613 1424 4669 civitate
1451 4609 1721 4671 carentem
1745 4657 1761 4682 ,

175 4693 242 4748 ad
282 4708 527 4748 erronem
558 4715 571 4750 :
599 4705 655 4750 et
683 4711 788 4750 non
815 4697 986 4752 solum
1011 4699 1379 4764 satisfaciunt,
1413 4717 1476 4758 ac
1507 4715 1765 4760 excusant

175 4801 236 4842 se
276 4786 347 4842 de
389 4787 454 4841 iis
490 4802 610 4856 quae
650 4790 1062 4854 commiserant,
1090 4801 1143 4846 et
1182 4804 1518 4862 peccatormn
1550 4796 1764 4851 veniam

179 4885 385 4946 petunt,
415 4879 509 4933 sed
536 4888 590 4934 et
622 4881 910 4949 pnndicaut
930 4882 1153 4952 justum,
1187 4882 1526 4959 indicantqtte
1553 4888 1655 4943 sibi
1685 4891 1766 4944 in-

177 4983 395 5022 russmn
421 4979 640 5039 metum,
671 4987 732 5040 ac
757 4971 1078 5028 confitemur
1102 4991 1251 5028 suam
1283 4976 1645 5033 inﬁmitatem
1666 5020 1681 5044 ,
1712 4988 1765 5035 et

172 5060 303 5129 justi
327 5073 571 5130 magnam
598 5069 860 5118 testantur
879 5065 1149 5120 virtutem.
1175 5065 1309 5133 Quid
1333 5068 1474 5121 enim
1497 5069 1766 5126 robustius

176 5166 243 5206 eo
288 5151 378 5221 qui
418 5165 600 5207 secum
645 5151 805 5208 habet
842 5154 1043 5210 Deum?
1095 5156 1326 5212 Videntes
1349 5200 1364 5221 ,
1395 5161 1602 5229 inquit,
1631 5161 1766 5232 quod

181 5239 431 5302 Dominus
451 5250 614 5296 tecum
639 5255 733 5298 est.
756 5243 909 5300 Unde
933 5245 1082 5300 vobis
1104 5246 1188 5300 illa
1215 5248 1475 5303 scientia?
1498 5250 1762 5319 Profecto,

177 5331 395 5396 dicunt.
427 5347 514 5388 res
544 5334 671 5406 ipsa:
699 5349 797 5390 nos
823 5335 1138 5392 docuerunt.
1169 5339 1408 5395 Vidimus
1439 5353 1490 5397 te
1518 5343 1766 5400 abactum

179 5421 515 5492 abigentihus
539 5422 812 5480 fortiorem
842 5426 1038 5481 factum
1067 5441 1186 5483 esse
1205 5465 1220 5492 ,
1251 5439 1306 5483 et
1333 5438 1581 5486 vexatum
1612 5448 1705 5488 eos
1736 5450 1766 5489 a

179 5512 374 5581 quibus
408 5513 674 5569 vexaltare
702 5530 982 5586 superasse
1007 5557 1022 5580 ,
1053 5526 1108 5572 et
1135 5533 1199 5572 ex
1231 5533 1407 5574 rerum
1437 5522 1578 5577 serie
1608 5524 1757 5578 intel-

183 5604 409 5659 leximus
453 5614 506 5659 te
548 5619 782 5675 superno
817 5606 915 5662 frui
956 5609 1172 5686 auxilio.
1223 5609 1335 5665 Hoc
1370 5621 1547 5667 autem
1575 5614 1768 5671 divina:

181 5694 236 5748 di
269 5695 594 5764 pensationis
617 5711 751 5766 opus
778 5706 861 5752 est
882 5739 895 5761 ,
922 5699 1063 5769 quod
1093 5715 1245 5755 mens
1269 5715 1454 5770 eorum
1479 5705 1768 5777 obstupue-

185 5796 256 5842 ιιι
277 5786 501 5857 justum,
532 5797 587 5845 et
610 5789 749 5860 quod
777 5789 877 5848 hoc
899 5793 1266 5863 cognoverint.
1295 5793 1555 5862 Quoniam
1580 5797 1763 5870 igitur,

1218 413 1282 466 lN
1323 410 1476 467 CAP.
1515 406 1704 466 XXVI.
1746 403 1989 463 GENES.
2033 404 2262 462 ilOMlL.
2304 401 2411 462 LII.

3345 398 3451 460 ως

1852 518 2040 590 inquit,
2071 519 2330 574 Dominus
2357 526 2556 581 tecum,
2584 511 2704 569 Fiat
2722 513 3000 569 exsecratio
3023 512 3154 569 inter
3172 529 3282 570 nos.
3312 514 3446 571 Vide

1848 608 2119 678 quomodo
2140 607 2449 677 impellente
2468 604 2792 661 conscientia
2817 603 3138 674 semetipsos
3159 605 3453 675 reprelien-

1850 699 1980 754 dere
2011 698 2284 764 festinant,
2314 713 2436 753 cum
2468 699 2644 752 nullus
2667 695 2806 750 alius
2828 704 3005 765 cogat.
3033 694 3119 751 vel
3148 693 3281 749 facta
3307 692 3442 761 obji-

1852 789 1976 845 ciat.
2005 789 2136 844 Nam
2167 789 2267 844 nisi
2295 788 2542 856 injuriam
2566 784 2847 850 fecissetis,
2867 801 3032 855 quare
3050 799 3081 839 s
3099 787 3244 853 justo
3265 785 3445 855 petitis

1852 886 1912 932 ut
1941 878 2149 932 ineatur
2187 876 2399 932 ftedusi
2425 875 2532 932 Sed
2561 877 2634 932 ita
2663 890 2723 931 se
2748 874 2910 930 habet
2942 875 3198 945 injustitia
3227 891 3239 927 :
3268 876 3449 946 quoti-

1853 967 1941 1022 die
1968 966 2293 1022 conscientia
2321 965 2549 1031 mordet,
2579 973 2635 1020 et
2663 965 2853 1020 silente
2880 979 2949 1020 eo
2968 965 3058 1036 qui
3082 964 3314 1020 oil'ensus
3340 972 3448 1029 est,

1857 1071 2066 1127 pasuam
2099 1067 2256 1127 atque
2298 1057 2557 1110 rationem
2598 1055 2738 1126 exigi
2785 1061 2977 1126 putant
3012 1055 3101 1124 qui
3133 1055 3450 1124 injustitiam

1855 1159 1982 1205 sunt
2006 1150 2212 1218 operati
2241 1168 2254 1204 ε
2278 1149 2518 1219 quatidie
2545 1159 2829 1219 anguntur,
2854 1157 2908 1203 et
2933 1150 3083 1218 quasi
3106 1150 3455 1218 sibimetipsis

1861 1239 2214 1310 praescribunt
2245 1251 2586 1310 peccatorum
2614 1255 2831 1294 suorum
2860 1239 3135 1294 ultionem.
3168 1237 3220 1293 Id
3249 1254 3369 1293 cum
3397 1248 3454 1295 et

1858 1331 1931 1384 illi
1958 1331 2272 1384 didicissent
2293 1371 2305 1388 .
2341 1330 2462 1396 Sit,
2494 1329 2772 1398 inquiunt,
2802 1330 3081 1384 exsecratio
3119 1331 3250 1382 inter
3289 1345 3382 1383 nos
3406 1338 3454 1383 et

1855 1421 1987 1474 inter
2030 1430 2095 1473 te.
2149 1419 2348 1474 Deinde
2390 1419 2574 1474 dicunt
2618 1418 2828 1488 qualem
2867 1419 3289 1488 exsecrationem
3337 1418 3450 1474 fieri

1857 1512 2041 1566 velint.
2077 1508 2143 1563 Et
2181 1511 2420 1570 inibimus
2464 1511 2628 1580 ftedus
2657 1520 2817 1564 tecum
2841 1549 2856 1574 ,
2888 1519 2943 1562 ut
2981 1526 3046 1563 ne
3089 1509 3268 1577 feceris
3310 1509 3454 1563 nobis

1858 1606 2049 1658 malum
2074 1647 2086 1666 ,
2117 1605 2246 1657 sicut
2283 1620 2375 1656 nos
2413 1619 2512 1656 non
2547 1619 2721 1656 sumus
2753 1612 2800 1655 te
2825 1601 3120 1655 abominati.
3155 1601 3286 1655 Vide
3314 1616 3453 1670 quo-

1859 1695 2018 1748 modo
2045 1694 2326 1764 pugnantia
2357 1693 2496 1747 inter
2523 1707 2582 1747 se
2609 1707 2719 1763 prae
2752 1692 2945 1748 mentis
2974 1706 3171 1761 angore
3192 1700 3246 1744 et
3274 1691 3456 1744 turba-

1862 1785 2004 1837 tione
2029 1785 2317 1852 loquuntur
2345 1799 2362 1837 :
2394 1780 2475 1835 Ne
2504 1783 2679 1850 feceris
2721 1780 2863 1833 nobis
2905 1780 3118 1832 malum.
3161 1779 3336 1847 Quare
3374 1780 3454 1832 sic

1864 1877 2115 1931 timuistis
2149 1877 2349 1946 justum
2376 1915 2391 1940 ,
2422 1874 2668 1930 videntes
2703 1889 2824 1928 eum
2856 1881 3054 1927 tantam
3084 1888 3196 1944 prae
3225 1889 3284 1928 sc
3315 1873 3456 1928 ferre

1861 1965 2322 2020 mansuetudinem
2351 1979 2476 2032 erga
2507 1978 2601 2018 eos
2629 1963 2718 2032 qui
2749 1962 3116 2017 lacessebant?
3145 1961 3250 2016 Sed
3279 1962 3458 2017 ineor-

1863 2069 2047 2127 ruptus
2066 2057 2228 2126 judex
2253 2098 2268 2123 ,
2297 2056 2620 2116 conscientia
2641 2098 2658 2123 ,
2689 2070 2784 2110 eos
2811 2055 3098 2120 excitavit,
3130 2065 3182 2109 et
3212 2053 3456 2118 animad-

1862 2156 2129 2202 verterunt
2158 2156 2414 2217 quautum
2446 2162 2571 2217 erga
2598 2147 2799 2216 justum
2831 2146 3022 2216 ingrati
3055 2143 3250 2200 fuerint
3279 2163 3293 2198 :
3326 2161 3456 2215 pro-

1865 2247 2046 2308 pterca
2085 2252 2192 2307 prze
2223 2237 2412 2293 timore
2441 2249 2600 2307 atque
2627 2235 2912 2292 formidine
2952 2252 3055 2291 uou
3091 2235 3371 2291 attendunt
3399 2249 3459 2290 se

1863 2328 2069 2383 diversa
2098 2336 2151 2381 et
2175 2327 2459 2398 pugnantia
2485 2329 2649 2398 loqui.
2684 2326 2765 2380 Ne
2791 2329 3001 2397 feceris,
3032 2329 3203 2397 inquit
3222 2371 3235 2393 ,
3265 2329 3458 2382 malum

1864 2418 2158 2482 nobiscum,
2191 2419 2322 2476 sicut
2367 2434 2458 2471 nos
2489 2430 2538 2472 te
2580 2434 2681 2472 non
2722 2417 2997 2471 abominati
3041 2435 3232 2473 sumus.
3282 2418 3459 2487 Quare

1866 2510 2024 2580 igitur
2049 2497 2338 2580 abegistis?
2380 2510 2576 2565 Verum
2618 2511 2794 2580 justus
2838 2525 2941 2564 non
2987 2512 3115 2580 petit
3155 2511 3454 2574 rationem,

1865 2616 2038 2670 neque
2067 2603 2366 2669 expostulat
2384 2633 2400 2666 ,—
2434 2617 2607 2670 neque
2630 2616 2814 2656 eorum
2839 2601 2982 2656 dicta
3008 2602 3198 2672 arguit.
3229 2600 3296 2654 Et
3324 2617 3455 2672 quo-

1867 2694 2016 2745 modo
2039 2734 2052 2756 ,
2084 2693 2250 2762 inquit
2269 2733 2286 2758 ,
2317 2693 2439 2745 bene
2463 2701 2512 2745 te
2538 2693 2614 2745 usi
2642 2709 2816 2746 suntus
2840 2733 2852 2754 ,
2882 2702 2926 2746 et
2957 2693 3240 2746 dimisimus
3269 2702 3316 2747 te
3343 2709 3460 2746 cum

1869 2798 1993 2851 pace
2014 2824 2028 2847 ,
2077 2793 2123 2835 et
2151 2798 2286 2836 nunc
2313 2792 2368 2836 tu
2393 2780 2682 2837 benedictus
2708 2800 2741 2836 a
2780 2783 3020 2838 Domino.
3052 2783 3212 2838 Vides
3251 2799 3344 2839 eos
3370 2799 3462 2838 su-

1870 2889 2086 2943 pernam
2126 2876 2409 2930 viudictam
2449 2876 2709 2932 timuisse.
2751 2876 2952 2930 Norant
2989 2877 3131 2931 enim
3161 2877 3300 2946 quod
3338 2876 3462 2932 licet

1868 2967 1983 3034 ipse
2007 2973 2221 3035 propter
2247 2967 2629 3021 humanitatem
2658 2981 2808 3021 suam
2838 2983 2942 3021 non
2975 2968 3320 3022 ulcisceretur
3339 2983 3460 3037 qua:
3525 3014 3528 3016 .

1869 3053 2104 3110 iecerant
2127 3097 2141 3119 ,
2170 3071 2292 3110 eum
2336 3066 2483 3111 certe
2510 3057 2600 3126 qui
2649 3067 2848 3111 tantam
2875 3058 2989 3124 ejus
3018 3071 3199 3110 curam
3229 3058 3461 3125 agebat,

1870 3147 2216 3217 repetiturum
2245 3161 2365 3202 esse
2392 3140 2652 3200 rationem
2680 3161 2863 3200 eorum
2887 3163 3004 3215 qum
3030 3147 3082 3199 in
3099 3147 3299 3216 justum
3323 3148 3459 3202 facta

1870 3237 2082 3295 fuerant
2112 3257 2124 3291 :
2155 3247 2440 3308 caprontcr
2463 3237 2665 3307 jusmtn
2710 3237 2960 3308 placant,
3003 3245 3059 3292 et
3086 3248 3295 3308 pactum
3326 3240 3462 3295 inire

1869 3343 1992 3384 cum
2031 3345 2097 3384 eo
2138 3329 2392 3392 student,
2423 3329 2582 3384 simul
2623 3338 2675 3384 et
2714 3343 2814 3399 pro
2860 3329 2923 3383 iis
2965 3345 3083 3399 qua:
3131 3328 3263 3384 Lecta
3305 3338 3463 3386 erant

1869 3419 2130 3474 rationem
2173 3419 2457 3475 reddentes
2481 3459 2496 3485 ,
2530 3429 2584 3474 et
2627 3419 2678 3474 in
2723 3418 2956 3473 futurum
2987 3421 3326 3474 securitatem
3359 3421 3461 3476 sibi

1870 3510 2236 3566 conciliantes.
2281 3511 2372 3566 30.
2403 3510 2468 3563 Et
2507 3511 2624 3580 fecit
2661 3511 2735 3564 eis
2761 3550 2776 3578 ,
2822 3511 3026 3580 inquit,
3069 3511 3385 3575 convivium,
3415 3519 3462 3564 et

1869 3603 2190 3656 comederunt
2213 3612 2259 3655 et
2283 3601 2512 3657 biberunt
2538 3618 2558 3656 :
2578 3603 2666 3656 5i.
2696 3613 2743 3657 et
2774 3619 2886 3657 cum
2913 3605 3247 3657 surrexissent
3277 3620 3421 3657 mane
3443 3645 3461 3671 ,

1861 3695 2057 3766 jurauit
2081 3695 2422 3766 unusquisque
2451 3695 2680 3764 proximo
2710 3711 2802 3748 suo
2827 3736 2842 3759 ,
2871 3705 2915 3748 et
2941 3695 3131 3748 dimisit
3158 3710 3240 3748 eos
3266 3695 3422 3748 Isaac
3443 3735 3460 3760 ,

1870 3797 1918 3841 et
1946 3787 2279 3842 discesserunt
2304 3787 2368 3841 ab
2394 3802 2453 3840 eo
2479 3802 2594 3840 cum
2621 3787 2803 3841 salute.
2835 3786 2966 3841 Vide
3003 3788 3132 3862 justi
3161 3786 3462 3856 benignitao

1873 3887 1977 3934 tem
2005 3921 2020 3942 ,
2051 3866 2324 3948 quomodo
2345 3894 2466 3934 cum
2497 3879 2576 3933 eis
2604 3879 2805 3949 absque
2838 3865 3142 3934 vindicandi
3172 3879 3463 3950 cupiditate

1872 3969 2107 4043 loquitur
2135 3988 2149 4023 :
2178 3980 2230 4026 et
2259 3983 2365 4024 non
2401 3970 2570 4024 solum
2601 3969 2932 4025 obliviscitur
2961 3984 3147 4025 eorum
3177 3986 3296 4040 qua:
3324 3970 3376 4025 in
3405 3984 3466 4027 so

1873 4062 2029 4126 facta,
2052 4061 2145 4118 sed
2174 4076 2362 4133 magna
2385 4061 2746 4132 hospitalitate
2774 4063 2892 4116 illos
2912 4062 3129 4132 excipit.
3158 4061 3298 4116 Fecit
3319 4063 3465 4118 enim

1871 4155 1941 4210 eis
1956 4153 2256 4221 conuiuium,
2276 4163 2326 4208 et
2350 4154 2670 4209 consederunt
2695 4162 2743 4208 et
2771 4153 3015 4209 biberunt.
3047 4153 3305 4208 Convivio
3330 4155 3466 4210 satis

1871 4253 2019 4301 certa
2055 4244 2148 4298 dat
2179 4251 2488 4314 argumenta
2512 4288 2527 4306 ,
2556 4258 2618 4299 se
2655 4259 2762 4298 non
2802 4243 2917 4304 fore
2955 4237 3248 4300 memorem
3275 4260 3464 4300 eorum

1871 4350 1992 4406 qua:
2015 4335 2068 4389 in
2095 4349 2154 4390 se
2181 4333 2579 4389 commiserant.
2606 4333 2674 4388 Et
2692 4335 2882 4388 dimisit
2905 4351 3008 4401 eos,
3039 4337 3229 4406 inquit,
3252 4345 3298 4390 et
3322 4335 3466 4392 abie-

1869 4438 1989 4482 runt
2011 4443 2125 4481 cum
2149 4427 2330 4483 salute.
2359 4425 2686 4497 Significavit
2707 4441 2803 4497 per
2828 4426 2932 4482 hoc
2954 4426 3132 4482 divina
3159 4428 3460 4498 Scriptum,

1869 4532 1965 4576 eos
1994 4534 2187 4590 magno
2224 4534 2344 4573 cum
2385 4519 2574 4573 timore
2605 4518 2918 4586 advenisse,
2951 4520 3248 4588 peri-culum
3273 4537 3452 4590 exspe

1870 4616 2076 4665 ctantes
2100 4651 2116 4672 ,
2144 4618 2199 4664 et
2223 4609 2290 4664 de
2314 4625 2493 4665 rerum
2519 4625 2727 4665 summa
2747 4651 2764 4676 ,
2794 4619 2855 4666 ut
2885 4612 2954 4666 ita
2980 4611 3154 4667 dicam
3179 4654 3196 4679 ,
3226 4614 3421 4669 anxios
3445 4654 3463 4680 ,

1871 4710 1931 4757 ut
1981 4712 2299 4756 excusarent
2342 4717 2441 4766 se,
2489 4702 2556 4757 ad
2602 4702 2806 4772 justum
2845 4687 3215 4762 ccuteudisse.
3274 4706 3465 4764 Vidisti

1871 4794 2140 4864 quomodo
2165 4794 2295 4847 nihil
2322 4793 2547 4849 validius
2573 4793 2805 4850 virtute?
2831 4795 2964 4851 nihil
2991 4797 3257 4865 potentius
3277 4813 3466 4867 super-

1850 4885 1955 4941 nis
1979 4885 2191 4954 auxiliis
2213 4884 2389 4940 freto?
2412 4885 2604 4940 i'ostea
2624 4885 2752 4941 dicit
2777 4903 2790 4939 :
2817 4884 2904 4942 52.
2930 4884 2995 4940 In
3017 4887 3099 4941 die
3121 4887 3211 4941 illo
3236 4888 3466 4944 abierunt

1870 4977 2012 5046 pueri
2046 4973 2229 5041 Isaac,
2260 4983 2308 5030 et
2333 4970 2572 5045 foderunt
2595 4984 2820 5044 puteum,
2846 4986 2894 5030 et
2920 4977 3157 5031 dixerunt
3187 4993 3206 5030 :
3238 4977 3356 5033 Non
3380 4980 3464 5033 in-

1869 5068 2090 5122 venimus
2129 5083 2334 5138 aquam.
2364 5066 2452 5123 35.
2481 5065 2550 5120 Et
2585 5067 2776 5122 vocavit
2808 5082 2924 5121 eum
2944 5108 2959 5132 ,
2985 5066 3365 5126 lui-amentum.
3399 5064 3465 5120 Et

1868 5160 2056 5215 idcirco
2079 5159 2274 5215 uocauit
2300 5174 2480 5213 nomen
2505 5159 2696 5214 civitati
2713 5200 2730 5225 ,
2761 5156 2954 5227 Puteus
2976 5159 3252 5229 juramenti
3269 5199 3284 5223 ,
3310 5173 3467 5226 usque

1867 5252 1921 5306 in
1953 5251 2252 5306 hodiernum
2278 5250 2434 5306 diem.
2463 5249 2595 5312 Vide
2618 5259 2673 5306 et
2697 5250 2802 5315 hic,
2826 5266 2891 5305 ex
2916 5250 2982 5304 iis
2999 5265 3120 5321 qua
3147 5249 3279 5308 facta
3301 5256 3461 5312 sunt,

1870 5345 1990 5400 loco
2019 5359 2211 5407 nomen
2253 5342 2581 5414 impositum.
2611 5341 2743 5399 Nam
2771 5343 2894 5415 quia
2920 5343 3120 5400 eﬂ'osso
3148 5354 3306 5414 puteo
3332 5341 3462 5396 nihil

1869 5436 2187 5509 invenerunt
2207 5434 2260 5488 in
2282 5433 2482 5488 dieillo
2501 5448 2606 5504 quo
2621 5433 2926 5503 juramenta
2951 5434 3090 5490 inter
3112 5447 3172 5489 se
3198 5432 3460 5500 fecerunt,

1869 5521 2095 5578 Puteum
2135 5522 2423 5593 juramenti
2467 5523 2675 5578 vocavit
2713 5538 2906 5578 nomen
2933 5523 3034 5579 loci
3059 5563 3074 5588 ,
3106 5531 3164 5578 ut
3200 5521 3461 5577 factorum

1871 5612 2090 5670 duraret
2136 5613 2414 5669 memoria.
2465 5613 2654 5669 Vidisti
2698 5615 2967 5686 quomodo
3007 5614 3186 5685 justus
3216 5613 3340 5678 ille,
3370 5611 3462 5684 qui

1868 5723 2044 5779 neque
2069 5722 2099 5762 a
2125 5707 2244 5779 lege
2266 5707 2509 5766 eruditus
2547 5707 2642 5761 iuit
2663 5749 2678 5776 ,
2708 5722 2881 5779 neque
2907 5707 2972 5762 ad
3002 5708 3236 5779 aliquem
3264 5706 3460 5760 virtute

1875 5799 2154 5872 prmditum
2185 5800 2450 5874 respicere
2479 5799 2669 5870 potuit,
2698 5798 2793 5856 sed
2824 5800 2989 5871 patr's
3015 5796 3236 5870 vestigia
3265 5811 3460 5869 sequu-
