  <div class='ocr_page' id='page_1' title='image "/cluster/home/n/w/nwhite01/storage/ocr_20150623/54/ien.35556001660810/098.png"; bbox 0 0 4086 6428; ppageno 0'>
   <div class='ocr_carea' id='block_1_1' title="bbox 265 362 372 421">
    <p class='ocr_par' dir='ltr' id='par_1_1' title="bbox 265 362 372 421">
     <span class='ocr_line' id='line_1_1' title="bbox 265 362 372 421; baseline 0 -1"><span class='ocrx_word' id='word_1_1' title='bbox 265 362 372 421; x_wconf 65' lang='lat'><strong>£65</strong></span> 
     </span>
    </p>
   </div>
   <div class='ocr_carea' id='block_1_2' title="bbox 254 458 1853 532">
    <p class='ocr_par' dir='ltr' id='par_1_2' title="bbox 254 458 1853 532">
     <span class='ocr_line' id='line_1_2' title="bbox 254 458 1853 532; baseline -0.001 -16"><span class='ocrx_word' id='word_1_2' title='bbox 254 471 386 516; x_wconf 84' lang='lat' dir='ltr'><strong>nam</strong></span> <span class='ocrx_word' id='word_1_3' title='bbox 412 474 703 532; x_wconf 79' lang='lat' dir='ltr'><strong>supernam</strong></span> <span class='ocrx_word' id='word_1_4' title='bbox 733 458 919 516; x_wconf 86' lang='lat' dir='ltr'><strong>habuit</strong></span> <span class='ocrx_word' id='word_1_5' title='bbox 941 458 1337 526; x_wconf 79' lang='lat' dir='ltr'><strong>subsidiariam,</strong></span> <span class='ocrx_word' id='word_1_6' title='bbox 1367 461 1529 516; x_wconf 86' lang='lat' dir='ltr'><strong>etiam</strong></span> <span class='ocrx_word' id='word_1_7' title='bbox 1565 462 1732 518; x_wconf 85' lang='lat' dir='ltr'><strong>invito</strong></span> <span class='ocrx_word' id='word_1_8' title='bbox 1758 477 1853 530; x_wconf 89' lang='lat' dir='ltr'><strong>pa-</strong></span> 
     </span>
    </p>
   </div>
   <div class='ocr_carea' id='block_1_3' title="bbox 255 549 1856 621">
    <p class='ocr_par' dir='ltr' id='par_1_3' title="bbox 255 549 1856 621">
     <span class='ocr_line' id='line_1_3' title="bbox 255 549 1856 621; baseline -0.001 -14"><span class='ocrx_word' id='word_1_9' title='bbox 255 561 340 608; x_wconf 86' lang='lat' dir='ltr'><strong>tre</strong></span> <span class='ocrx_word' id='word_1_10' title='bbox 370 551 515 606; x_wconf 87' lang='lat' dir='ltr'><strong>illius</strong></span> <span class='ocrx_word' id='word_1_11' title='bbox 541 551 971 608; x_wconf 89' lang='lat' dir='ltr'><strong>benedictionem</strong></span> <span class='ocrx_word' id='word_1_12' title='bbox 1007 549 1224 621; x_wconf 79' lang='lat' dir='ltr'><strong>abripit.</strong></span> <span class='ocrx_word' id='word_1_13' title='bbox 1258 551 1400 606; x_wconf 83' lang='lat' dir='ltr'><strong>Nihil</strong></span> <span class='ocrx_word' id='word_1_14' title='bbox 1443 553 1586 606; x_wconf 90' lang='lat' dir='ltr'><strong>enim</strong></span> <span class='ocrx_word' id='word_1_15' title='bbox 1629 552 1856 607; x_wconf 79' lang='lat' dir='ltr'><strong>validius</strong></span> 
     </span>
    </p>
   </div>
   <div class='ocr_carea' id='block_1_4' title="bbox 253 642 1858 714">
    <p class='ocr_par' dir='ltr' id='par_1_4' title="bbox 253 642 1858 714">
     <span class='ocr_line' id='line_1_4' title="bbox 253 642 1858 714; baseline -0.002 -14"><span class='ocrx_word' id='word_1_16' title='bbox 253 659 325 700; x_wconf 86' lang='lat' dir='ltr'><strong>eo</strong></span> <span class='ocrx_word' id='word_1_17' title='bbox 354 645 444 714; x_wconf 90' lang='lat' dir='ltr'><strong>qui</strong></span> <span class='ocrx_word' id='word_1_18' title='bbox 489 642 683 698; x_wconf 80' lang='lat' dir='ltr'><strong>dextra</strong></span> <span class='ocrx_word' id='word_1_19' title='bbox 725 643 811 698; x_wconf 91' lang='lat' dir='ltr'><strong>illa</strong></span> <span class='ocrx_word' id='word_1_20' title='bbox 856 644 1158 713; x_wconf 75' lang='lat' dir='ltr'><strong>adiuvatur.</strong></span> <span class='ocrx_word' id='word_1_21' title='bbox 1182 642 1320 699; x_wconf 82' lang='lat' dir='ltr'><strong>Vide</strong></span> <span class='ocrx_word' id='word_1_22' title='bbox 1365 643 1527 713; x_wconf 80' lang='lat' dir='ltr'><strong>igitur</strong></span> <span class='ocrx_word' id='word_1_23' title='bbox 1569 643 1858 713; x_wconf 82' lang='lat' dir='ltr'><strong>diligenter</strong></span> 
     </span>
    </p>
   </div>
   <div class='ocr_carea' id='block_1_5' title="bbox 250 734 1859 806">
    <p class='ocr_par' dir='ltr' id='par_1_5' title="bbox 250 734 1859 806">
     <span class='ocr_line' id='line_1_5' title="bbox 250 734 1859 806; baseline -0.002 -16"><span class='ocrx_word' id='word_1_24' title='bbox 250 736 457 803; x_wconf 81' lang='lat' dir='ltr'><strong>omnia,</strong></span> <span class='ocrx_word' id='word_1_25' title='bbox 484 745 544 790; x_wconf 92' lang='lat' dir='ltr'><strong>ut</strong></span> <span class='ocrx_word' id='word_1_26' title='bbox 565 735 742 791; x_wconf 88' lang='lat' dir='ltr'><strong>discas</strong></span> <span class='ocrx_word' id='word_1_27' title='bbox 766 734 1177 806; x_wconf 74' lang='lat' dir='ltr'><strong>dispensationis</strong></span> <span class='ocrx_word' id='word_1_28' title='bbox 1197 735 1571 790; x_wconf 77' lang='lat' dir='ltr'><strong>excellentiam</strong></span> <span class='ocrx_word' id='word_1_29' title='bbox 1595 750 1613 800; x_wconf 89' lang='lat'><strong>;</strong></span> <span class='ocrx_word' id='word_1_30' title='bbox 1644 744 1698 790; x_wconf 92' lang='lat' dir='ltr'><strong>et</strong></span> <span class='ocrx_word' id='word_1_31' title='bbox 1722 749 1859 804; x_wconf 86' lang='lat' dir='ltr'><strong>quo-</strong></span> 
     </span>
    </p>
   </div>
   <div class='ocr_carea' id='block_1_6' title="bbox 250 824 1855 895">
    <p class='ocr_par' dir='ltr' id='par_1_6' title="bbox 250 824 1855 895">
     <span class='ocr_line' id='line_1_6' title="bbox 250 824 1855 895; baseline 0.001 -17"><span class='ocrx_word' id='word_1_32' title='bbox 250 824 417 879; x_wconf 90' lang='lat' dir='ltr'><strong>modo</strong></span> <span class='ocrx_word' id='word_1_33' title='bbox 438 825 524 881; x_wconf 88' lang='lat' dir='ltr'><strong>hic</strong></span> <span class='ocrx_word' id='word_1_34' title='bbox 543 824 760 895; x_wconf 86' lang='lat' dir='ltr'><strong>quidem</strong></span> <span class='ocrx_word' id='word_1_35' title='bbox 785 825 872 879; x_wconf 87' lang='lat' dir='ltr'><strong>illa</strong></span> <span class='ocrx_word' id='word_1_36' title='bbox 896 825 1066 895; x_wconf 78' lang='lat' dir='ltr'><strong>gratia</strong></span> <span class='ocrx_word' id='word_1_37' title='bbox 1092 824 1286 891; x_wconf 80' lang='lat' dir='ltr'><strong>fretus,</strong></span> <span class='ocrx_word' id='word_1_38' title='bbox 1315 839 1565 895; x_wconf 74' lang='lat' dir='ltr'><strong>magnum</strong></span> <span class='ocrx_word' id='word_1_39' title='bbox 1595 825 1649 879; x_wconf 88' lang='lat' dir='ltr'><strong>in</strong></span> <span class='ocrx_word' id='word_1_40' title='bbox 1676 824 1855 879; x_wconf 81' lang='lat' dir='ltr'><strong>utnni-</strong></span> 
     </span>
    </p>
   </div>
   <div class='ocr_carea' id='block_1_7' title="bbox 250 915 1858 988">
    <p class='ocr_par' dir='ltr' id='par_1_7' title="bbox 250 915 1858 988">
     <span class='ocr_line' id='line_1_7' title="bbox 250 915 1858 988; baseline 0.002 -21"><span class='ocrx_word' id='word_1_41' title='bbox 250 915 354 969; x_wconf 85' lang='lat' dir='ltr'><strong>bus</strong></span> <span class='ocrx_word' id='word_1_42' title='bbox 399 915 658 970; x_wconf 79' lang='lat' dir='ltr'><strong>auxilium</strong></span> <span class='ocrx_word' id='word_1_43' title='bbox 705 924 762 972; x_wconf 89' lang='lat' dir='ltr'><strong>et</strong></span> <span class='ocrx_word' id='word_1_44' title='bbox 803 917 1239 987; x_wconf 85' lang='lat' dir='ltr'><strong>cooperatinnem</strong></span> <span class='ocrx_word' id='word_1_45' title='bbox 1293 917 1628 988; x_wconf 79' lang='lat' dir='ltr'><strong>adipiscitur,</strong></span> <span class='ocrx_word' id='word_1_46' title='bbox 1675 917 1748 970; x_wconf 89' lang='lat' dir='ltr'><strong>ita</strong></span> <span class='ocrx_word' id='word_1_47' title='bbox 1800 924 1858 972; x_wconf 88' lang='lat' dir='ltr'><strong>ut</strong></span> 
     </span>
    </p>
   </div>
   <div class='ocr_carea' id='block_1_8' title="bbox 249 1005 1856 1073">
    <p class='ocr_par' dir='ltr' id='par_1_8' title="bbox 249 1005 1856 1073">
     <span class='ocr_line' id='line_1_8' title="bbox 249 1005 1856 1073; baseline 0.004 -16"><span class='ocrx_word' id='word_1_48' title='bbox 249 1005 422 1073; x_wconf 80' lang='lat' dir='ltr'><strong>patris</strong></span> <span class='ocrx_word' id='word_1_49' title='bbox 465 1005 518 1059; x_wconf 92' lang='lat' dir='ltr'><strong>iu</strong></span> <span class='ocrx_word' id='word_1_50' title='bbox 559 1021 688 1061; x_wconf 85' lang='lat' dir='ltr'><strong>eum</strong></span> <span class='ocrx_word' id='word_1_51' title='bbox 743 1006 1096 1063; x_wconf 78' lang='lat' dir='ltr'><strong>transferatur</strong></span> <span class='ocrx_word' id='word_1_52' title='bbox 1141 1006 1449 1064; x_wconf 85' lang='lat' dir='ltr'><strong>benedictio</strong></span> <span class='ocrx_word' id='word_1_53' title='bbox 1483 1027 1497 1064; x_wconf 90' lang='lat'><strong>:</strong></span> <span class='ocrx_word' id='word_1_54' title='bbox 1532 1008 1623 1064; x_wconf 88' lang='lat' dir='ltr'><strong>ille</strong></span> <span class='ocrx_word' id='word_1_55' title='bbox 1673 1020 1856 1064; x_wconf 88' lang='lat' dir='ltr'><strong>autem</strong></span> 
     </span>
    </p>
   </div>
   <div class='ocr_carea' id='block_1_9' title="bbox 251 1095 1856 1170">
    <p class='ocr_par' dir='ltr' id='par_1_9' title="bbox 251 1095 1856 1170">
     <span class='ocr_line' id='line_1_9' title="bbox 251 1095 1856 1170; baseline 0.004 -22"><span class='ocrx_word' id='word_1_56' title='bbox 251 1095 433 1149; x_wconf 86' lang='lat' dir='ltr'><strong>omnia</strong></span> <span class='ocrx_word' id='word_1_57' title='bbox 478 1097 696 1165; x_wconf 85' lang='lat' dir='ltr'><strong>amittit,</strong></span> <span class='ocrx_word' id='word_1_58' title='bbox 726 1098 958 1168; x_wconf 85' lang='lat' dir='ltr'><strong>perdens</strong></span> <span class='ocrx_word' id='word_1_59' title='bbox 987 1100 1333 1169; x_wconf 82' lang='lat' dir='ltr'><strong>semetipsum</strong></span> <span class='ocrx_word' id='word_1_60' title='bbox 1381 1109 1602 1170; x_wconf 86' lang='lat' dir='ltr'><strong>propter</strong></span> <span class='ocrx_word' id='word_1_61' title='bbox 1643 1114 1856 1155; x_wconf 91' lang='lat' dir='ltr'><strong>morum</strong></span> 
     </span>
    </p>
   </div>
   <div class='ocr_carea' id='block_1_10' title="bbox 250 1186 1855 1262">
    <p class='ocr_par' dir='ltr' id='par_1_10' title="bbox 250 1186 1855 1262">
     <span class='ocr_line' id='line_1_10' title="bbox 250 1186 1855 1262; baseline 0.004 -24"><span class='ocrx_word' id='word_1_62' title='bbox 250 1186 608 1257; x_wconf 87' lang='lat' dir='ltr'><strong>iniquitatem.</strong></span> <span class='ocrx_word' id='word_1_63' title='bbox 633 1190 687 1244; x_wconf 83' lang='lat'><strong>5.</strong></span> <span class='ocrx_word' id='word_1_64' title='bbox 726 1187 953 1243; x_wconf 76' lang='lat' dir='ltr'><strong>Rebecca</strong></span> <span class='ocrx_word' id='word_1_65' title='bbox 978 1200 1171 1254; x_wconf 86' lang='lat' dir='ltr'><strong>autem,</strong></span> <span class='ocrx_word' id='word_1_66' title='bbox 1205 1190 1395 1262; x_wconf 87' lang='lat' dir='ltr'><strong>inquit,</strong></span> <span class='ocrx_word' id='word_1_67' title='bbox 1425 1191 1618 1245; x_wconf 72' lang='lat' dir='ltr'><strong>audivit</strong></span> <span class='ocrx_word' id='word_1_68' title='bbox 1642 1192 1855 1261; x_wconf 84' lang='lat' dir='ltr'><strong>loquen-</strong></span> 
     </span>
    </p>
   </div>
   <div class='ocr_carea' id='block_1_11' title="bbox 244 1275 1855 1348">
    <p class='ocr_par' dir='ltr' id='par_1_11' title="bbox 244 1275 1855 1348">
     <span class='ocr_line' id='line_1_11' title="bbox 244 1275 1855 1348; baseline 0.002 -18"><span class='ocrx_word' id='word_1_69' title='bbox 244 1282 351 1330; x_wconf 68' lang='lat' dir='ltr'><strong>tem</strong></span> <span class='ocrx_word' id='word_1_70' title='bbox 371 1275 525 1332; x_wconf 79' lang='lat' dir='ltr'><strong>Isaac</strong></span> <span class='ocrx_word' id='word_1_71' title='bbox 552 1295 666 1332; x_wconf 89' lang='lat' dir='ltr'><strong>cum</strong></span> <span class='ocrx_word' id='word_1_72' title='bbox 695 1277 840 1334; x_wconf 76' lang='lat' dir='ltr'><strong>Esas‘t</strong></span> <span class='ocrx_word' id='word_1_73' title='bbox 861 1280 971 1348; x_wconf 77' lang='lat' dir='ltr'><strong>[ilio</strong></span> <span class='ocrx_word' id='word_1_74' title='bbox 996 1297 1110 1334; x_wconf 81' lang='lat' dir='ltr'><strong>suo.</strong></span> <span class='ocrx_word' id='word_1_75' title='bbox 1140 1278 1244 1334; x_wconf 80' lang='lat' dir='ltr'><strong>Ivit</strong></span> <span class='ocrx_word' id='word_1_76' title='bbox 1272 1291 1443 1334; x_wconf 87' lang='lat' dir='ltr'><strong>autem</strong></span> <span class='ocrx_word' id='word_1_77' title='bbox 1470 1280 1611 1335; x_wconf 70' lang='lat' dir='ltr'><strong>Esau</strong></span> <span class='ocrx_word' id='word_1_78' title='bbox 1632 1281 1684 1335; x_wconf 87' lang='lat' dir='ltr'><strong>in</strong></span> <span class='ocrx_word' id='word_1_79' title='bbox 1710 1298 1855 1334; x_wconf 87' lang='lat' dir='ltr'><strong>cam-</strong></span> 
     </span>
    </p>
   </div>
   <div class='ocr_carea' id='block_1_12' title="bbox 244 1372 1855 1441">
    <p class='ocr_par' dir='ltr' id='par_1_12' title="bbox 244 1372 1855 1441">
     <span class='ocr_line' id='line_1_12' title="bbox 244 1372 1855 1441; baseline 0.004 -20"><span class='ocrx_word' id='word_1_80' title='bbox 244 1385 396 1438; x_wconf 73' lang='lat' dir='ltr'><strong>pum,</strong></span> <span class='ocrx_word' id='word_1_81' title='bbox 425 1379 480 1424; x_wconf 88' lang='lat' dir='ltr'><strong>ut</strong></span> <span class='ocrx_word' id='word_1_82' title='bbox 506 1381 774 1424; x_wconf 75' lang='lat' dir='ltr'><strong>venaretur</strong></span> <span class='ocrx_word' id='word_1_83' title='bbox 816 1373 1045 1441; x_wconf 71' lang='lat' dir='ltr'><strong>prmdam</strong></span> <span class='ocrx_word' id='word_1_84' title='bbox 1066 1373 1209 1441; x_wconf 79' lang='lat' dir='ltr'><strong>patri</strong></span> <span class='ocrx_word' id='word_1_85' title='bbox 1251 1389 1363 1427; x_wconf 85' lang='lat' dir='ltr'><strong>suo.</strong></span> <span class='ocrx_word' id='word_1_86' title='bbox 1405 1373 1458 1427; x_wconf 87' lang='lat'><strong>6.</strong></span> <span class='ocrx_word' id='word_1_87' title='bbox 1505 1372 1647 1428; x_wconf 71' lang='lat' dir='ltr'><strong>Dixit</strong></span> <span class='ocrx_word' id='word_1_88' title='bbox 1686 1385 1855 1427; x_wconf 87' lang='lat' dir='ltr'><strong>autem</strong></span> 
     </span>
    </p>
   </div>
   <div class='ocr_carea' id='block_1_13' title="bbox 249 1459 1858 1535">
    <p class='ocr_par' dir='ltr' id='par_1_13' title="bbox 249 1459 1858 1535">
     <span class='ocr_line' id='line_1_13' title="bbox 249 1459 1858 1535; baseline 0.002 -20"><span class='ocrx_word' id='word_1_89' title='bbox 249 1459 482 1515; x_wconf 79' lang='lat' dir='ltr'><strong>Rebecca</strong></span> <span class='ocrx_word' id='word_1_90' title='bbox 511 1460 582 1514; x_wconf 88' lang='lat' dir='ltr'><strong>ad</strong></span> <span class='ocrx_word' id='word_1_91' title='bbox 622 1461 789 1528; x_wconf 77' lang='lat' dir='ltr'><strong>[ilium</strong></span> <span class='ocrx_word' id='word_1_92' title='bbox 812 1479 964 1516; x_wconf 86' lang='lat' dir='ltr'><strong>suum</strong></span> <span class='ocrx_word' id='word_1_93' title='bbox 991 1463 1275 1534; x_wconf 82' lang='lat' dir='ltr'><strong>juniorem.</strong></span> <span class='ocrx_word' id='word_1_94' title='bbox 1302 1465 1479 1530; x_wconf 86' lang='lat' dir='ltr'><strong>Quare</strong></span> <span class='ocrx_word' id='word_1_95' title='bbox 1505 1465 1721 1535; x_wconf 81' lang='lat' dir='ltr'><strong>adjecit,</strong></span> <span class='ocrx_word' id='word_1_96' title='bbox 1755 1465 1858 1519; x_wconf 82' lang='lat' dir='ltr'><strong>Ju-</strong></span> 
     </span>
    </p>
   </div>
   <div class='ocr_carea' id='block_1_14' title="bbox 240 1550 1855 1626">
    <p class='ocr_par' dir='ltr' id='par_1_14' title="bbox 240 1550 1855 1626">
     <span class='ocr_line' id='line_1_14' title="bbox 240 1550 1855 1626; baseline 0.005 -23"><span class='ocrx_word' id='word_1_97' title='bbox 240 1550 489 1605; x_wconf 68' lang='lat' dir='ltr'><strong>niorem!</strong></span> <span class='ocrx_word' id='word_1_98' title='bbox 533 1551 670 1618; x_wconf 84' lang='lat' dir='ltr'><strong>Quia</strong></span> <span class='ocrx_word' id='word_1_99' title='bbox 714 1553 962 1622; x_wconf 75' lang='lat' dir='ltr'><strong>superius</strong></span> <span class='ocrx_word' id='word_1_100' title='bbox 1004 1554 1234 1619; x_wconf 83' lang='lat' dir='ltr'><strong>dixerat,</strong></span> <span class='ocrx_word' id='word_1_101' title='bbox 1275 1554 1481 1609; x_wconf 83' lang='lat' dir='ltr'><strong>Vocavit</strong></span> <span class='ocrx_word' id='word_1_102' title='bbox 1507 1555 1662 1610; x_wconf 84' lang='lat' dir='ltr'><strong>Isaac</strong></span> <span class='ocrx_word' id='word_1_103' title='bbox 1689 1557 1855 1626; x_wconf 81' lang='lat' dir='ltr'><strong>ﬁlium</strong></span> 
     </span>
    </p>
   </div>
   <div class='ocr_carea' id='block_1_15' title="bbox 242 1646 1856 1720">
    <p class='ocr_par' dir='ltr' id='par_1_15' title="bbox 242 1646 1856 1720">
     <span class='ocr_line' id='line_1_15' title="bbox 242 1646 1856 1720; baseline 0.008 -26"><span class='ocrx_word' id='word_1_104' title='bbox 242 1657 397 1695; x_wconf 82' lang='lat' dir='ltr'><strong>suum</strong></span> <span class='ocrx_word' id='word_1_105' title='bbox 428 1653 549 1697; x_wconf 86' lang='lat' dir='ltr'><strong>natu</strong></span> <span class='ocrx_word' id='word_1_106' title='bbox 595 1646 861 1712; x_wconf 82' lang='lat' dir='ltr'><strong>maiorem,</strong></span> <span class='ocrx_word' id='word_1_107' title='bbox 893 1653 949 1700; x_wconf 93' lang='lat' dir='ltr'><strong>ut</strong></span> <span class='ocrx_word' id='word_1_108' title='bbox 989 1646 1259 1702; x_wconf 84' lang='lat' dir='ltr'><strong>discamus</strong></span> <span class='ocrx_word' id='word_1_109' title='bbox 1284 1649 1370 1704; x_wconf 89' lang='lat' dir='ltr'><strong>cui</strong></span> <span class='ocrx_word' id='word_1_110' title='bbox 1417 1664 1560 1704; x_wconf 92' lang='lat' dir='ltr'><strong>nunc</strong></span> <span class='ocrx_word' id='word_1_111' title='bbox 1603 1651 1856 1720; x_wconf 83' lang='lat' dir='ltr'><strong>loquatur</strong></span> 
     </span>
    </p>
   </div>
   <div class='ocr_carea' id='block_1_16' title="bbox 242 1733 1850 1813">
    <p class='ocr_par' dir='ltr' id='par_1_16' title="bbox 242 1733 1850 1813">
     <span class='ocr_line' id='line_1_16' title="bbox 242 1733 1850 1813; baseline 0.005 -22"><span class='ocrx_word' id='word_1_112' title='bbox 242 1733 517 1805; x_wconf 78' lang='lat' dir='ltr'><strong>Rebecca,</strong></span> <span class='ocrx_word' id='word_1_113' title='bbox 550 1738 741 1808; x_wconf 87' lang='lat' dir='ltr'><strong>inquit,</strong></span> <span class='ocrx_word' id='word_1_114' title='bbox 767 1738 848 1793; x_wconf 79' lang='lat' dir='ltr'><strong>Ad</strong></span> <span class='ocrx_word' id='word_1_115' title='bbox 861 1739 1145 1810; x_wconf 82' lang='lat' dir='ltr'><strong>juniorem,</strong></span> <span class='ocrx_word' id='word_1_116' title='bbox 1171 1741 1272 1797; x_wconf 88' lang='lat' dir='ltr'><strong>hoc</strong></span> <span class='ocrx_word' id='word_1_117' title='bbox 1293 1751 1396 1810; x_wconf 91' lang='lat' dir='ltr'><strong>est,</strong></span> <span class='ocrx_word' id='word_1_118' title='bbox 1426 1743 1613 1798; x_wconf 81' lang='lat' dir='ltr'><strong>Jacob.</strong></span> <span class='ocrx_word' id='word_1_119' title='bbox 1643 1743 1850 1813; x_wconf 77' lang='lat' dir='ltr'><strong>Audivi,</strong></span> 
     </span>
    </p>
   </div>
   <div class='ocr_carea' id='block_1_17' title="bbox 245 1825 1854 1912">
    <p class='ocr_par' dir='ltr' id='par_1_17' title="bbox 245 1825 1854 1912">
     <span class='ocr_line' id='line_1_17' title="bbox 245 1825 1854 1912; baseline 0.006 -32"><span class='ocrx_word' id='word_1_120' title='bbox 245 1825 444 1898; x_wconf 85' lang='lat' dir='ltr'><strong>inquit,</strong></span> <span class='ocrx_word' id='word_1_121' title='bbox 468 1839 661 1897; x_wconf 86' lang='lat' dir='ltr'><strong>patrem</strong></span> <span class='ocrx_word' id='word_1_122' title='bbox 689 1841 830 1883; x_wconf 86' lang='lat' dir='ltr'><strong>tuum</strong></span> <span class='ocrx_word' id='word_1_123' title='bbox 856 1833 1140 1912; x_wconf 77' lang='lat' dir='ltr'><strong>loquentem</strong></span> <span class='ocrx_word' id='word_1_124' title='bbox 1176 1849 1293 1886; x_wconf 83' lang='lat' dir='ltr'><strong>cum</strong></span> <span class='ocrx_word' id='word_1_125' title='bbox 1322 1832 1464 1889; x_wconf 70' lang='lat' dir='ltr'><strong>Esau</strong></span> <span class='ocrx_word' id='word_1_126' title='bbox 1491 1840 1650 1906; x_wconf 75' lang='lat' dir='ltr'><strong>fratre</strong></span> <span class='ocrx_word' id='word_1_127' title='bbox 1673 1845 1780 1903; x_wconf 85' lang='lat' dir='ltr'><strong>tuo,</strong></span> <span class='ocrx_word' id='word_1_128' title='bbox 1806 1845 1854 1890; x_wconf 90' lang='lat' dir='ltr'><strong>et</strong></span> 
     </span>
    </p>
   </div>
   <div class='ocr_carea' id='block_1_18' title="bbox 243 1918 1848 1997">
    <p class='ocr_par' dir='ltr' id='par_1_18' title="bbox 243 1918 1848 1997">
     <span class='ocr_line' id='line_1_18' title="bbox 243 1918 1848 1997; baseline 0.006 -26"><span class='ocrx_word' id='word_1_129' title='bbox 243 1918 494 1972; x_wconf 74' lang='lat' dir='ltr'><strong>dicentem</strong></span> <span class='ocrx_word' id='word_1_130' title='bbox 516 1935 535 1973; x_wconf 90' lang='lat'><strong>:</strong></span> <span class='ocrx_word' id='word_1_131' title='bbox 561 1921 613 1973; x_wconf 88' lang='lat'><strong>7.</strong></span> <span class='ocrx_word' id='word_1_132' title='bbox 635 1919 781 1986; x_wconf 76' lang='lat' dir='ltr'><strong>A/fer</strong></span> <span class='ocrx_word' id='word_1_133' title='bbox 804 1921 930 1975; x_wconf 77' lang='lat' dir='ltr'><strong>mihi</strong></span> <span class='ocrx_word' id='word_1_134' title='bbox 959 1923 1295 1991; x_wconf 80' lang='lat' dir='ltr'><strong>venationem,</strong></span> <span class='ocrx_word' id='word_1_135' title='bbox 1318 1934 1366 1979; x_wconf 90' lang='lat' dir='ltr'><strong>et</strong></span> <span class='ocrx_word' id='word_1_136' title='bbox 1393 1930 1478 1997; x_wconf 81' lang='lat' dir='ltr'><strong>[ac</strong></span> <span class='ocrx_word' id='word_1_137' title='bbox 1504 1926 1630 1997; x_wconf 60' lang='lat' dir='ltr'><strong>milii</strong></span> <span class='ocrx_word' id='word_1_138' title='bbox 1655 1927 1848 1992; x_wconf 85' lang='lat' dir='ltr'><strong>edulia,</strong></span> 
     </span>
    </p>
   </div>
   <div class='ocr_carea' id='block_1_19' title="bbox 238 1993 1853 2088">
    <p class='ocr_par' dir='ltr' id='par_1_19' title="bbox 238 1993 1853 2088">
     <span class='ocr_line' id='line_1_19' title="bbox 238 1993 1853 2088; baseline 0.006 -25"><span class='ocrx_word' id='word_1_139' title='bbox 238 2018 304 2063; x_wconf 82' lang='lat' dir='ltr'><strong>ut</strong></span> <span class='ocrx_word' id='word_1_140' title='bbox 330 2025 446 2063; x_wconf 80' lang='lat' dir='ltr'><strong>cum</strong></span> <span class='ocrx_word' id='word_1_141' title='bbox 475 2011 760 2080; x_wconf 89' lang='lat' dir='ltr'><strong>comedero,</strong></span> <span class='ocrx_word' id='word_1_142' title='bbox 803 2012 1098 2067; x_wconf 87' lang='lat' dir='ltr'><strong>benedicam</strong></span> <span class='ocrx_word' id='word_1_143' title='bbox 1125 2024 1172 2068; x_wconf 88' lang='lat' dir='ltr'><strong>te</strong></span> <span class='ocrx_word' id='word_1_144' title='bbox 1195 2031 1369 2070; x_wconf 88' lang='lat' dir='ltr'><strong>coram</strong></span> <span class='ocrx_word' id='word_1_145' title='bbox 1411 1993 1653 2084; x_wconf 59' lang='lat' dir='ltr'><strong>Domitio,</strong></span> <span class='ocrx_word' id='word_1_146' title='bbox 1684 2019 1853 2088; x_wconf 85' lang='lat' dir='ltr'><strong>prius-</strong></span> 
     </span>
    </p>
   </div>
   <div class='ocr_carea' id='block_1_20' title="bbox 240 2104 1851 2180">
    <p class='ocr_par' dir='ltr' id='par_1_20' title="bbox 240 2104 1851 2180">
     <span class='ocr_line' id='line_1_20' title="bbox 240 2104 1851 2180; baseline 0.008 -27"><span class='ocrx_word' id='word_1_147' title='bbox 240 2118 400 2168; x_wconf 81' lang='lat' dir='ltr'><strong>quam</strong></span> <span class='ocrx_word' id='word_1_148' title='bbox 440 2105 632 2156; x_wconf 88' lang='lat' dir='ltr'><strong>moriar</strong></span> <span class='ocrx_word' id='word_1_149' title='bbox 656 2121 771 2175; x_wconf 73' lang='lat' dir='ltr'><strong>ego.</strong></span> <span class='ocrx_word' id='word_1_150' title='bbox 809 2104 937 2162; x_wconf 63' lang='lat' dir='ltr'><strong>Huic</strong></span> <span class='ocrx_word' id='word_1_151' title='bbox 977 2107 1191 2178; x_wconf 87' lang='lat' dir='ltr'><strong>quidem</strong></span> <span class='ocrx_word' id='word_1_152' title='bbox 1219 2108 1395 2164; x_wconf 79' lang='lat' dir='ltr'><strong>audivi</strong></span> <span class='ocrx_word' id='word_1_153' title='bbox 1449 2119 1653 2180; x_wconf 86' lang='lat' dir='ltr'><strong>patrem</strong></span> <span class='ocrx_word' id='word_1_154' title='bbox 1704 2121 1851 2166; x_wconf 90' lang='lat' dir='ltr'><strong>tuum</strong></span> 
     </span>
    </p>
   </div>
   <div class='ocr_carea' id='block_1_21' title="bbox 241 2193 1852 2273">
    <p class='ocr_par' dir='ltr' id='par_1_21' title="bbox 241 2193 1852 2273">
     <span class='ocr_line' id='line_1_21' title="bbox 241 2193 1852 2273; baseline 0.005 -25"><span class='ocrx_word' id='word_1_155' title='bbox 241 2193 400 2248; x_wconf 76' lang='lat' dir='ltr'><strong>fratri</strong></span> <span class='ocrx_word' id='word_1_156' title='bbox 431 2208 523 2249; x_wconf 92' lang='lat' dir='ltr'><strong>tuo</strong></span> <span class='ocrx_word' id='word_1_157' title='bbox 548 2195 693 2251; x_wconf 72' lang='lat' dir='ltr'><strong>Esau</strong></span> <span class='ocrx_word' id='word_1_158' title='bbox 721 2198 1050 2267; x_wconf 86' lang='lat' dir='ltr'><strong>loquentem.</strong></span> <span class='ocrx_word' id='word_1_159' title='bbox 1096 2200 1152 2255; x_wconf 89' lang='lat'><strong>8.</strong></span> <span class='ocrx_word' id='word_1_160' title='bbox 1197 2199 1355 2256; x_wconf 88' lang='lat' dir='ltr'><strong>Nunc</strong></span> <span class='ocrx_word' id='word_1_161' title='bbox 1393 2203 1568 2273; x_wconf 84' lang='lat' dir='ltr'><strong>igitur,</strong></span> <span class='ocrx_word' id='word_1_162' title='bbox 1593 2203 1691 2273; x_wconf 75' lang='lat' dir='ltr'><strong>ﬁli,</strong></span> <span class='ocrx_word' id='word_1_163' title='bbox 1726 2203 1852 2256; x_wconf 87' lang='lat' dir='ltr'><strong>audi</strong></span> 
     </span>
    </p>
   </div>
   <div class='ocr_carea' id='block_1_22' title="bbox 240 2285 1851 2360">
    <p class='ocr_par' dir='ltr' id='par_1_22' title="bbox 240 2285 1851 2360">
     <span class='ocr_line' id='line_1_22' title="bbox 240 2285 1851 2360; baseline 0.008 -24"><span class='ocrx_word' id='word_1_164' title='bbox 240 2301 329 2338; x_wconf 84' lang='lat' dir='ltr'><strong>me</strong></span> <span class='ocrx_word' id='word_1_165' title='bbox 346 2285 478 2338; x_wconf 89' lang='lat' dir='ltr'><strong>sicut</strong></span> <span class='ocrx_word' id='word_1_166' title='bbox 502 2301 592 2356; x_wconf 80' lang='lat' dir='ltr'><strong>ego</strong></span> <span class='ocrx_word' id='word_1_167' title='bbox 616 2287 705 2340; x_wconf 88' lang='lat' dir='ltr'><strong>tibi</strong></span> <span class='ocrx_word' id='word_1_168' title='bbox 728 2289 989 2360; x_wconf 74' lang='lat' dir='ltr'><strong>prtecipio,</strong></span> <span class='ocrx_word' id='word_1_169' title='bbox 1019 2289 1072 2346; x_wconf 92' lang='lat'><strong>9.</strong></span> <span class='ocrx_word' id='word_1_170' title='bbox 1101 2299 1148 2346; x_wconf 87' lang='lat' dir='ltr'><strong>et</strong></span> <span class='ocrx_word' id='word_1_171' title='bbox 1182 2292 1312 2346; x_wconf 79' lang='lat' dir='ltr'><strong>uade</strong></span> <span class='ocrx_word' id='word_1_172' title='bbox 1334 2294 1402 2346; x_wconf 81' lang='lat' dir='ltr'><strong>ad</strong></span> <span class='ocrx_word' id='word_1_173' title='bbox 1429 2310 1564 2360; x_wconf 82' lang='lat' dir='ltr'><strong>oves,</strong></span> <span class='ocrx_word' id='word_1_174' title='bbox 1593 2304 1638 2348; x_wconf 93' lang='lat' dir='ltr'><strong>et</strong></span> <span class='ocrx_word' id='word_1_175' title='bbox 1662 2297 1851 2350; x_wconf 78' lang='lat' dir='ltr'><strong>sumito</strong></span> 
     </span>
    </p>
   </div>
   <div class='ocr_carea' id='block_1_23' title="bbox 240 2376 1851 2457">
    <p class='ocr_par' dir='ltr' id='par_1_23' title="bbox 240 2376 1851 2457">
     <span class='ocr_line' id='line_1_23' title="bbox 240 2376 1851 2457; baseline 0.009 -29"><span class='ocrx_word' id='word_1_176' title='bbox 240 2376 375 2429; x_wconf 83' lang='lat' dir='ltr'><strong>mihi</strong></span> <span class='ocrx_word' id='word_1_177' title='bbox 397 2376 518 2431; x_wconf 86' lang='lat' dir='ltr'><strong>inde</strong></span> <span class='ocrx_word' id='word_1_178' title='bbox 545 2378 674 2432; x_wconf 83' lang='lat' dir='ltr'><strong>duos</strong></span> <span class='ocrx_word' id='word_1_179' title='bbox 697 2379 872 2435; x_wconf 68' lang='lat' dir='ltr'><strong>lutilos</strong></span> <span class='ocrx_word' id='word_1_180' title='bbox 897 2391 1095 2437; x_wconf 81' lang='lat' dir='ltr'><strong>teneros</strong></span> <span class='ocrx_word' id='word_1_181' title='bbox 1120 2392 1168 2438; x_wconf 86' lang='lat' dir='ltr'><strong>et</strong></span> <span class='ocrx_word' id='word_1_182' title='bbox 1198 2386 1374 2452; x_wconf 87' lang='lat' dir='ltr'><strong>bonos,</strong></span> <span class='ocrx_word' id='word_1_183' title='bbox 1410 2393 1458 2440; x_wconf 91' lang='lat' dir='ltr'><strong>et</strong></span> <span class='ocrx_word' id='word_1_184' title='bbox 1479 2388 1667 2457; x_wconf 81' lang='lat' dir='ltr'><strong>faciam</strong></span> <span class='ocrx_word' id='word_1_185' title='bbox 1693 2403 1755 2441; x_wconf 73' lang='lat' dir='ltr'><strong>ex</strong></span> <span class='ocrx_word' id='word_1_186' title='bbox 1778 2389 1851 2443; x_wconf 90' lang='lat' dir='ltr'><strong>eis</strong></span> 
     </span>
    </p>
   </div>
   <div class='ocr_carea' id='block_1_24' title="bbox 240 2468 1852 2548">
    <p class='ocr_par' dir='ltr' id='par_1_24' title="bbox 240 2468 1852 2548">
     <span class='ocr_line' id='line_1_24' title="bbox 240 2468 1852 2548; baseline 0.006 -24"><span class='ocrx_word' id='word_1_187' title='bbox 240 2468 420 2524; x_wconf 78' lang='lat' dir='ltr'><strong>edulia</strong></span> <span class='ocrx_word' id='word_1_188' title='bbox 439 2471 574 2540; x_wconf 87' lang='lat' dir='ltr'><strong>patri</strong></span> <span class='ocrx_word' id='word_1_189' title='bbox 591 2481 696 2537; x_wconf 88' lang='lat' dir='ltr'><strong>tuo,</strong></span> <span class='ocrx_word' id='word_1_190' title='bbox 714 2481 766 2525; x_wconf 87' lang='lat' dir='ltr'><strong>ut</strong></span> <span class='ocrx_word' id='word_1_191' title='bbox 782 2484 954 2528; x_wconf 89' lang='lat' dir='ltr'><strong>amat:</strong></span> <span class='ocrx_word' id='word_1_192' title='bbox 974 2474 1062 2530; x_wconf 87' lang='grc'><strong>1-0.</strong></span> <span class='ocrx_word' id='word_1_193' title='bbox 1082 2485 1132 2529; x_wconf 86' lang='lat' dir='ltr'><strong>et</strong></span> <span class='ocrx_word' id='word_1_194' title='bbox 1155 2476 1342 2547; x_wconf 75' lang='lat' dir='ltr'><strong>inferas</strong></span> <span class='ocrx_word' id='word_1_195' title='bbox 1368 2479 1506 2548; x_wconf 88' lang='lat' dir='ltr'><strong>patri</strong></span> <span class='ocrx_word' id='word_1_196' title='bbox 1522 2490 1607 2533; x_wconf 87' lang='lat' dir='ltr'><strong>tuo</strong></span> <span class='ocrx_word' id='word_1_197' title='bbox 1638 2489 1685 2533; x_wconf 86' lang='lat' dir='ltr'><strong>et</strong></span> <span class='ocrx_word' id='word_1_198' title='bbox 1717 2495 1852 2534; x_wconf 88' lang='lat' dir='ltr'><strong>com-</strong></span> 
     </span>
    </p>
   </div>
   <div class='ocr_carea' id='block_1_25' title="bbox 236 2560 1842 2647">
    <p class='ocr_par' dir='ltr' id='par_1_25' title="bbox 236 2560 1842 2647">
     <span class='ocr_line' id='line_1_25' title="bbox 236 2560 1842 2647; baseline 0.011 -34"><span class='ocrx_word' id='word_1_199' title='bbox 236 2560 381 2629; x_wconf 76' lang='lat' dir='ltr'><strong>edet,</strong></span> <span class='ocrx_word' id='word_1_200' title='bbox 401 2572 458 2614; x_wconf 92' lang='lat' dir='ltr'><strong>ut</strong></span> <span class='ocrx_word' id='word_1_201' title='bbox 477 2563 737 2619; x_wconf 76' lang='lat' dir='ltr'><strong>benedicat</strong></span> <span class='ocrx_word' id='word_1_202' title='bbox 767 2576 815 2620; x_wconf 89' lang='lat' dir='ltr'><strong>te</strong></span> <span class='ocrx_word' id='word_1_203' title='bbox 835 2578 979 2637; x_wconf 77' lang='lat' dir='ltr'><strong>pater</strong></span> <span class='ocrx_word' id='word_1_204' title='bbox 1005 2579 1121 2625; x_wconf 85' lang='lat' dir='ltr'><strong>tuus</strong></span> <span class='ocrx_word' id='word_1_205' title='bbox 1144 2572 1437 2641; x_wconf 82' lang='lat' dir='ltr'><strong>priusquam</strong></span> <span class='ocrx_word' id='word_1_206' title='bbox 1450 2575 1697 2628; x_wconf 87' lang='lat' dir='ltr'><strong>moriatur</strong></span> <span class='ocrx_word' id='word_1_207' title='bbox 1715 2576 1842 2647; x_wconf 81' lang='lat' dir='ltr'><strong>ipse.</strong></span> 
     </span>
    </p>
   </div>
   <div class='ocr_carea' id='block_1_26' title="bbox 314 2653 1848 2731">
    <p class='ocr_par' dir='ltr' id='par_1_26' title="bbox 314 2653 1848 2731">
     <span class='ocr_line' id='line_1_26' title="bbox 314 2653 1848 2731; baseline 0.012 -25"><span class='ocrx_word' id='word_1_208' title='bbox 314 2653 371 2707; x_wconf 76' lang='lat'><strong>2.</strong></span> <span class='ocrx_word' id='word_1_209' title='bbox 416 2653 644 2709; x_wconf 82' lang='lat' dir='ltr'><strong>Rebecca</strong></span> <span class='ocrx_word' id='word_1_210' title='bbox 671 2657 725 2711; x_wconf 89' lang='lat' dir='ltr'><strong>in</strong></span> <span class='ocrx_word' id='word_1_211' title='bbox 750 2657 899 2713; x_wconf 80' lang='lat' dir='ltr'><strong>rebus</strong></span> <span class='ocrx_word' id='word_1_212' title='bbox 925 2676 1038 2731; x_wconf 63' lang='lat' dir='ltr'><strong>qua:</strong></span> <span class='ocrx_word' id='word_1_213' title='bbox 1062 2662 1130 2715; x_wconf 86' lang='lat' dir='ltr'><strong>ad</strong></span> <span class='ocrx_word' id='word_1_214' title='bbox 1154 2661 1553 2725; x_wconf 80' lang='lat' dir='ltr'><strong>benedictionem</strong></span> <span class='ocrx_word' id='word_1_215' title='bbox 1577 2666 1761 2722; x_wconf 83' lang='lat' dir='ltr'><strong>Jacobi</strong></span> <span class='ocrx_word' id='word_1_216' title='bbox 1783 2671 1848 2725; x_wconf 86' lang='lat' dir='ltr'><strong>ab</strong></span> 
     </span>
    </p>
   </div>
   <div class='ocr_carea' id='block_1_27' title="bbox 239 2743 1849 2824">
    <p class='ocr_par' dir='ltr' id='par_1_27' title="bbox 239 2743 1849 2824">
     <span class='ocr_line' id='line_1_27' title="bbox 239 2743 1849 2824; baseline 0.011 -27"><span class='ocrx_word' id='word_1_217' title='bbox 239 2743 434 2802; x_wconf 84' lang='lat' dir='ltr'><strong>Isaaco</strong></span> <span class='ocrx_word' id='word_1_218' title='bbox 472 2756 720 2817; x_wconf 74' lang='lat' dir='ltr'><strong>spectant,</strong></span> <span class='ocrx_word' id='word_1_219' title='bbox 757 2759 806 2805; x_wconf 90' lang='lat' dir='ltr'><strong>et</strong></span> <span class='ocrx_word' id='word_1_220' title='bbox 837 2767 932 2805; x_wconf 84' lang='lat' dir='ltr'><strong>suo</strong></span> <span class='ocrx_word' id='word_1_221' title='bbox 976 2755 1142 2808; x_wconf 88' lang='lat' dir='ltr'><strong>amori</strong></span> <span class='ocrx_word' id='word_1_222' title='bbox 1174 2763 1220 2808; x_wconf 90' lang='lat' dir='ltr'><strong>et</strong></span> <span class='ocrx_word' id='word_1_223' title='bbox 1262 2756 1362 2824; x_wconf 90' lang='lat' dir='ltr'><strong>ipsi</strong></span> <span class='ocrx_word' id='word_1_224' title='bbox 1405 2757 1504 2811; x_wconf 87' lang='lat' dir='ltr'><strong>Dei</strong></span> <span class='ocrx_word' id='word_1_225' title='bbox 1546 2760 1849 2815; x_wconf 78' lang='lat' dir='ltr'><strong>ministravit</strong></span> 
     </span>
    </p>
   </div>
   <div class='ocr_carea' id='block_1_28' title="bbox 240 2830 1848 2919">
    <p class='ocr_par' dir='ltr' id='par_1_28' title="bbox 240 2830 1848 2919">
     <span class='ocr_line' id='line_1_28' title="bbox 240 2830 1848 2919; baseline 0.013 -30"><span class='ocrx_word' id='word_1_226' title='bbox 240 2830 488 2905; x_wconf 85' lang='lat' dir='ltr'><strong>oraculo</strong></span> <span class='ocrx_word' id='word_1_227' title='bbox 509 2843 775 2910; x_wconf 86' lang='lat' dir='ltr'><strong>cooperari</strong></span> <span class='ocrx_word' id='word_1_228' title='bbox 791 2860 886 2898; x_wconf 89' lang='lat' dir='ltr'><strong>nos</strong></span> <span class='ocrx_word' id='word_1_229' title='bbox 912 2845 1020 2899; x_wconf 80' lang='lat' dir='ltr'><strong>vult</strong></span> <span class='ocrx_word' id='word_1_230' title='bbox 1047 2848 1243 2902; x_wconf 73' lang='lat' dir='ltr'><strong>auxilio</strong></span> <span class='ocrx_word' id='word_1_231' title='bbox 1273 2866 1366 2905; x_wconf 82' lang='lat' dir='ltr'><strong>suo</strong></span> <span class='ocrx_word' id='word_1_232' title='bbox 1399 2849 1572 2919; x_wconf 72' lang='lat' dir='ltr'><strong>Deus;</strong></span> <span class='ocrx_word' id='word_1_233' title='bbox 1613 2870 1715 2908; x_wconf 85' lang='lat' dir='ltr'><strong>non</strong></span> <span class='ocrx_word' id='word_1_234' title='bbox 1755 2871 1848 2910; x_wconf 89' lang='lat' dir='ltr'><strong>co-</strong></span> 
     </span>
    </p>
   </div>
   <div class='ocr_carea' id='block_1_29' title="bbox 235 2933 1844 3013">
    <p class='ocr_par' dir='ltr' id='par_1_29' title="bbox 235 2933 1844 3013">
     <span class='ocr_line' id='line_1_29' title="bbox 235 2933 1844 3013; baseline 0.014 -33"><span class='ocrx_word' id='word_1_235' title='bbox 235 2939 487 2996; x_wconf 75' lang='lat' dir='ltr'><strong>eperatur</strong></span> <span class='ocrx_word' id='word_1_236' title='bbox 519 2933 802 2988; x_wconf 86' lang='lat' dir='ltr'><strong>mendacio.</strong></span> <span class='ocrx_word' id='word_1_237' title='bbox 826 2964 901 2976; x_wconf 95' lang='lat'><strong><em>—</em></strong></span> <span class='ocrx_word' id='word_1_238' title='bbox 923 2937 1055 2993; x_wconf 82' lang='lat' dir='ltr'><strong>Vide</strong></span> <span class='ocrx_word' id='word_1_239' title='bbox 1084 2955 1335 3010; x_wconf 74' lang='lat' dir='ltr'><strong>maguum</strong></span> <span class='ocrx_word' id='word_1_240' title='bbox 1369 2943 1555 2998; x_wconf 88' lang='lat' dir='ltr'><strong>mat-ris</strong></span> <span class='ocrx_word' id='word_1_241' title='bbox 1581 2961 1844 3013; x_wconf 90' lang='lat' dir='ltr'><strong>amorem,</strong></span> 
     </span>
    </p>
   </div>
   <div class='ocr_carea' id='block_1_30' title="bbox 239 3021 1847 3105">
    <p class='ocr_par' dir='ltr' id='par_1_30' title="bbox 239 3021 1847 3105">
     <span class='ocr_line' id='line_1_30' title="bbox 239 3021 1847 3105; baseline 0.013 -30"><span class='ocrx_word' id='word_1_242' title='bbox 239 3021 356 3076; x_wconf 89' lang='lat' dir='ltr'><strong>imo</strong></span> <span class='ocrx_word' id='word_1_243' title='bbox 399 3023 854 3093; x_wconf 73' lang='lat' dir='ltr'><strong>diSpCllSﬂlIOllcm</strong></span> <span class='ocrx_word' id='word_1_244' title='bbox 887 3029 1001 3084; x_wconf 88' lang='lat' dir='ltr'><strong>Dei.</strong></span> <span class='ocrx_word' id='word_1_245' title='bbox 1046 3029 1164 3101; x_wconf 87' lang='lat' dir='ltr'><strong>Ipse</strong></span> <span class='ocrx_word' id='word_1_246' title='bbox 1183 3036 1331 3088; x_wconf 88' lang='lat' dir='ltr'><strong>enim</strong></span> <span class='ocrx_word' id='word_1_247' title='bbox 1372 3046 1488 3089; x_wconf 88' lang='lat' dir='ltr'><strong>erat</strong></span> <span class='ocrx_word' id='word_1_248' title='bbox 1519 3039 1608 3105; x_wconf 90' lang='lat' dir='ltr'><strong>qui</strong></span> <span class='ocrx_word' id='word_1_249' title='bbox 1650 3040 1700 3094; x_wconf 90' lang='lat' dir='ltr'><strong>ei</strong></span> <span class='ocrx_word' id='word_1_250' title='bbox 1744 3042 1847 3096; x_wconf 85' lang='lat' dir='ltr'><strong>hoc</strong></span> 
     </span>
    </p>
   </div>
   <div class='ocr_carea' id='block_1_31' title="bbox 232 3116 1848 3196">
    <p class='ocr_par' dir='ltr' id='par_1_31' title="bbox 232 3116 1848 3196">
     <span class='ocr_line' id='line_1_31' title="bbox 232 3116 1848 3196; baseline 0.01 -26"><span class='ocrx_word' id='word_1_251' title='bbox 232 3116 529 3171; x_wconf 78' lang='lat' dir='ltr'><strong>consilium</strong></span> <span class='ocrx_word' id='word_1_252' title='bbox 561 3119 729 3186; x_wconf 84' lang='lat' dir='ltr'><strong>dedit,</strong></span> <span class='ocrx_word' id='word_1_253' title='bbox 762 3131 815 3176; x_wconf 91' lang='lat' dir='ltr'><strong>et</strong></span> <span class='ocrx_word' id='word_1_254' title='bbox 841 3124 1021 3177; x_wconf 84' lang='lat' dir='ltr'><strong>omnia</strong></span> <span class='ocrx_word' id='word_1_255' title='bbox 1057 3124 1194 3180; x_wconf 88' lang='lat' dir='ltr'><strong>bene</strong></span> <span class='ocrx_word' id='word_1_256' title='bbox 1213 3141 1373 3196; x_wconf 80' lang='lat' dir='ltr'><strong>agere</strong></span> <span class='ocrx_word' id='word_1_257' title='bbox 1400 3130 1624 3183; x_wconf 86' lang='lat' dir='ltr'><strong>curavit.</strong></span> <span class='ocrx_word' id='word_1_258' title='bbox 1653 3129 1848 3186; x_wconf 65' lang='lat' dir='ltr'><strong>Vidisti</strong></span> 
     </span>
    </p>
   </div>
   <div class='ocr_carea' id='block_1_32' title="bbox 236 3208 1846 3300">
    <p class='ocr_par' dir='ltr' id='par_1_32' title="bbox 236 3208 1846 3300">
     <span class='ocr_line' id='line_1_32' title="bbox 236 3208 1846 3300; baseline 0.009 -38"><span class='ocrx_word' id='word_1_259' title='bbox 236 3208 432 3264; x_wconf 83' lang='lat' dir='ltr'><strong>matris</strong></span> <span class='ocrx_word' id='word_1_260' title='bbox 466 3210 726 3280; x_wconf 85' lang='lat' dir='ltr'><strong>optimum</strong></span> <span class='ocrx_word' id='word_1_261' title='bbox 752 3214 1078 3268; x_wconf 85' lang='lat' dir='ltr'><strong>consilium?</strong></span> <span class='ocrx_word' id='word_1_262' title='bbox 1121 3215 1253 3272; x_wconf 85' lang='lat' dir='ltr'><strong>Vide</strong></span> <span class='ocrx_word' id='word_1_263' title='bbox 1281 3217 1530 3300; x_wconf 41' lang='lat' dir='ltr'><strong>et‘Jacob</strong></span> <span class='ocrx_word' id='word_1_264' title='bbox 1555 3221 1846 3291; x_wconf 82' lang='lat' dir='ltr'><strong>providen-</strong></span> 
     </span>
    </p>
   </div>
   <div class='ocr_carea' id='block_1_33' title="bbox 237 3299 1847 3376">
    <p class='ocr_par' dir='ltr' id='par_1_33' title="bbox 237 3299 1847 3376">
     <span class='ocr_line' id='line_1_33' title="bbox 237 3299 1847 3376; baseline 0.011 -24"><span class='ocrx_word' id='word_1_265' title='bbox 237 3299 370 3353; x_wconf 78' lang='lat' dir='ltr'><strong>tiam</strong></span> <span class='ocrx_word' id='word_1_266' title='bbox 396 3309 496 3356; x_wconf 15' lang='lat' dir='ltr'><strong>:Aet</strong></span> <span class='ocrx_word' id='word_1_267' title='bbox 531 3304 802 3373; x_wconf 87' lang='lat' dir='ltr'><strong>quomodo</strong></span> <span class='ocrx_word' id='word_1_268' title='bbox 828 3307 1183 3376; x_wconf 85' lang='lat' dir='ltr'><strong>respondens,</strong></span> <span class='ocrx_word' id='word_1_269' title='bbox 1207 3299 1427 3365; x_wconf 85' lang='lat' dir='ltr'><strong>suorum</strong></span> <span class='ocrx_word' id='word_1_270' title='bbox 1458 3328 1667 3368; x_wconf 91' lang='lat' dir='ltr'><strong>morum</strong></span> <span class='ocrx_word' id='word_1_271' title='bbox 1710 3316 1847 3369; x_wconf 84' lang='lat' dir='ltr'><strong>indi-</strong></span> 
     </span>
    </p>
   </div>
   <div class='ocr_carea' id='block_1_34' title="bbox 239 3395 1846 3477">
    <p class='ocr_par' dir='ltr' id='par_1_34' title="bbox 239 3395 1846 3477">
     <span class='ocr_line' id='line_1_34' title="bbox 239 3395 1846 3477; baseline 0.011 -33"><span class='ocrx_word' id='word_1_272' title='bbox 239 3399 331 3445; x_wconf 88' lang='lat' dir='ltr'><strong>cat</strong></span> <span class='ocrx_word' id='word_1_273' title='bbox 376 3395 866 3450; x_wconf 88' lang='lat' dir='ltr'><strong>mansuetudinem.</strong></span> <span class='ocrx_word' id='word_1_274' title='bbox 914 3400 1001 3460; x_wconf 85' lang='grc'><strong>11.</strong></span> <span class='ocrx_word' id='word_1_275' title='bbox 1053 3398 1200 3455; x_wconf 69' lang='lat' dir='ltr'><strong>Dixit</strong></span> <span class='ocrx_word' id='word_1_276' title='bbox 1246 3404 1408 3469; x_wconf 88' lang='lat' dir='ltr'><strong>enim,</strong></span> <span class='ocrx_word' id='word_1_277' title='bbox 1459 3406 1648 3477; x_wconf 69' lang='lat' dir='ltr'><strong>inquit,</strong></span> <span class='ocrx_word' id='word_1_278' title='bbox 1698 3412 1846 3463; x_wconf 85' lang='lat' dir='ltr'><strong>matri</strong></span> 
     </span>
    </p>
   </div>
   <div class='ocr_carea' id='block_1_35' title="bbox 237 3482 1846 3568">
    <p class='ocr_par' dir='ltr' id='par_1_35' title="bbox 237 3482 1846 3568">
     <span class='ocr_line' id='line_1_35' title="bbox 237 3482 1846 3568; baseline 0.012 -33"><span class='ocrx_word' id='word_1_279' title='bbox 237 3498 351 3537; x_wconf 76' lang='lat' dir='ltr'><strong>sua:</strong></span> <span class='ocrx_word' id='word_1_280' title='bbox 381 3499 399 3537; x_wconf 91' lang='lat'><strong>:</strong></span> <span class='ocrx_word' id='word_1_281' title='bbox 429 3482 523 3538; x_wconf 80' lang='lat' dir='ltr'><strong>Est</strong></span> <span class='ocrx_word' id='word_1_282' title='bbox 559 3486 720 3555; x_wconf 79' lang='lat' dir='ltr'><strong>frater</strong></span> <span class='ocrx_word' id='word_1_283' title='bbox 749 3504 889 3542; x_wconf 92' lang='lat' dir='ltr'><strong>meus</strong></span> <span class='ocrx_word' id='word_1_284' title='bbox 929 3492 1005 3544; x_wconf 83' lang='lat' dir='ltr'><strong>uir</strong></span> <span class='ocrx_word' id='word_1_285' title='bbox 1032 3493 1285 3563; x_wconf 82' lang='lat' dir='ltr'><strong>hispidus,</strong></span> <span class='ocrx_word' id='word_1_286' title='bbox 1323 3512 1414 3568; x_wconf 83' lang='lat' dir='ltr'><strong>ego</strong></span> <span class='ocrx_word' id='word_1_287' title='bbox 1453 3509 1620 3552; x_wconf 88' lang='lat' dir='ltr'><strong>autem</strong></span> <span class='ocrx_word' id='word_1_288' title='bbox 1652 3501 1726 3553; x_wconf 84' lang='lat' dir='ltr'><strong>vir</strong></span> <span class='ocrx_word' id='word_1_289' title='bbox 1750 3501 1846 3554; x_wconf 79' lang='lat' dir='ltr'><strong>lte-</strong></span> 
     </span>
    </p>
   </div>
   <div class='ocr_carea' id='block_1_36' title="bbox 235 3573 1849 3655">
    <p class='ocr_par' dir='ltr' id='par_1_36' title="bbox 235 3573 1849 3655">
     <span class='ocr_line' id='line_1_36' title="bbox 235 3573 1849 3655; baseline 0.012 -28"><span class='ocrx_word' id='word_1_290' title='bbox 235 3576 316 3628; x_wconf 66' lang='grc' dir='ltr'><strong><em>οἰδ</em></strong></span> <span class='ocrx_word' id='word_1_291' title='bbox 338 3590 358 3629; x_wconf 86' lang='lat'><strong>.&#39;</strong></span> <span class='ocrx_word' id='word_1_292' title='bbox 388 3573 475 3630; x_wconf 72' lang='grc'><strong>12.</strong></span> <span class='ocrx_word' id='word_1_293' title='bbox 503 3593 567 3630; x_wconf 87' lang='lat' dir='ltr'><strong>ne</strong></span> <span class='ocrx_word' id='word_1_294' title='bbox 593 3581 724 3648; x_wconf 80' lang='lat' dir='ltr'><strong>forte</strong></span> <span class='ocrx_word' id='word_1_295' title='bbox 746 3591 1017 3637; x_wconf 88' lang='lat' dir='ltr'><strong>contrectet</strong></span> <span class='ocrx_word' id='word_1_296' title='bbox 1051 3600 1132 3637; x_wconf 90' lang='lat' dir='ltr'><strong>me</strong></span> <span class='ocrx_word' id='word_1_297' title='bbox 1169 3597 1316 3654; x_wconf 87' lang='lat' dir='ltr'><strong>pater</strong></span> <span class='ocrx_word' id='word_1_298' title='bbox 1342 3605 1501 3655; x_wconf 87' lang='lat' dir='ltr'><strong>meus,</strong></span> <span class='ocrx_word' id='word_1_299' title='bbox 1538 3603 1585 3644; x_wconf 88' lang='lat' dir='ltr'><strong>et</strong></span> <span class='ocrx_word' id='word_1_300' title='bbox 1612 3608 1697 3645; x_wconf 87' lang='lat' dir='ltr'><strong>ero</strong></span> <span class='ocrx_word' id='word_1_301' title='bbox 1730 3604 1849 3647; x_wconf 85' lang='lat' dir='ltr'><strong>ante</strong></span> 
     </span>
    </p>
   </div>
   <div class='ocr_carea' id='block_1_37' title="bbox 239 3669 1846 3751">
    <p class='ocr_par' dir='ltr' id='par_1_37' title="bbox 239 3669 1846 3751">
     <span class='ocr_line' id='line_1_37' title="bbox 239 3669 1846 3751; baseline 0.012 -34"><span class='ocrx_word' id='word_1_302' title='bbox 239 3680 358 3718; x_wconf 83' lang='lat' dir='ltr'><strong>eum</strong></span> <span class='ocrx_word' id='word_1_303' title='bbox 395 3669 538 3736; x_wconf 82' lang='lat' dir='ltr'><strong>quasi</strong></span> <span class='ocrx_word' id='word_1_304' title='bbox 572 3675 916 3740; x_wconf 77' lang='lat' dir='ltr'><strong>contemnens,</strong></span> <span class='ocrx_word' id='word_1_305' title='bbox 954 3683 1003 3727; x_wconf 87' lang='lat' dir='ltr'><strong>et</strong></span> <span class='ocrx_word' id='word_1_306' title='bbox 1032 3675 1271 3730; x_wconf 85' lang='lat' dir='ltr'><strong>inducam</strong></span> <span class='ocrx_word' id='word_1_307' title='bbox 1318 3679 1444 3732; x_wconf 84' lang='lat' dir='ltr'><strong>mihi</strong></span> <span class='ocrx_word' id='word_1_308' title='bbox 1486 3681 1584 3751; x_wconf 81' lang='lat' dir='ltr'><strong>ipsi</strong></span> <span class='ocrx_word' id='word_1_309' title='bbox 1628 3684 1846 3737; x_wconf 86' lang='lat' dir='ltr'><strong>maledi-</strong></span> 
     </span>
    </p>
   </div>
   <div class='ocr_carea' id='block_1_38' title="bbox 237 3761 1848 3842">
    <p class='ocr_par' dir='ltr' id='par_1_38' title="bbox 237 3761 1848 3842">
     <span class='ocr_line' id='line_1_38' title="bbox 237 3761 1848 3842; baseline 0.012 -29"><span class='ocrx_word' id='word_1_310' title='bbox 237 3761 482 3829; x_wconf 82' lang='lat' dir='ltr'><strong>ctionem,</strong></span> <span class='ocrx_word' id='word_1_311' title='bbox 511 3779 612 3818; x_wconf 89' lang='lat' dir='ltr'><strong>non</strong></span> <span class='ocrx_word' id='word_1_312' title='bbox 648 3764 1066 3824; x_wconf 81' lang='lat' dir='ltr'><strong>benedictionem.</strong></span> <span class='ocrx_word' id='word_1_313' title='bbox 1095 3769 1280 3841; x_wconf 76' lang='lat' dir='ltr'><strong>Magna</strong></span> <span class='ocrx_word' id='word_1_314' title='bbox 1312 3774 1460 3842; x_wconf 84' lang='lat' dir='ltr'><strong>pueri</strong></span> <span class='ocrx_word' id='word_1_315' title='bbox 1489 3775 1765 3840; x_wconf 85' lang='lat' dir='ltr'><strong>honestas,</strong></span> <span class='ocrx_word' id='word_1_316' title='bbox 1795 3788 1848 3833; x_wconf 85' lang='lat' dir='ltr'><strong>et</strong></span> 
     </span>
    </p>
   </div>
   <div class='ocr_carea' id='block_1_39' title="bbox 241 3852 1846 3934">
    <p class='ocr_par' dir='ltr' id='par_1_39' title="bbox 241 3852 1846 3934">
     <span class='ocr_line' id='line_1_39' title="bbox 241 3852 1846 3934; baseline 0.011 -26"><span class='ocrx_word' id='word_1_317' title='bbox 241 3852 299 3908; x_wconf 86' lang='lat' dir='ltr'><strong>in</strong></span> <span class='ocrx_word' id='word_1_318' title='bbox 325 3865 532 3925; x_wconf 80' lang='lat' dir='ltr'><strong>putrem</strong></span> <span class='ocrx_word' id='word_1_319' title='bbox 568 3860 890 3915; x_wconf 85' lang='lat' dir='ltr'><strong>reverentia.</strong></span> <span class='ocrx_word' id='word_1_320' title='bbox 929 3861 1141 3929; x_wconf 89' lang='lat' dir='ltr'><strong>Timeo,</strong></span> <span class='ocrx_word' id='word_1_321' title='bbox 1173 3866 1362 3934; x_wconf 84' lang='lat' dir='ltr'><strong>inquit,</strong></span> <span class='ocrx_word' id='word_1_322' title='bbox 1396 3883 1465 3922; x_wconf 88' lang='lat' dir='ltr'><strong>ne</strong></span> <span class='ocrx_word' id='word_1_323' title='bbox 1490 3869 1542 3922; x_wconf 90' lang='lat' dir='ltr'><strong>in</strong></span> <span class='ocrx_word' id='word_1_324' title='bbox 1573 3869 1846 3926; x_wconf 91' lang='lat' dir='ltr'><strong>diversum</strong></span> 
     </span>
    </p>
   </div>
   <div class='ocr_carea' id='block_1_40' title="bbox 241 3945 1848 4030">
    <p class='ocr_par' dir='ltr' id='par_1_40' title="bbox 241 3945 1848 4030">
     <span class='ocr_line' id='line_1_40' title="bbox 241 3945 1848 4030; baseline 0.011 -30"><span class='ocrx_word' id='word_1_325' title='bbox 241 3945 496 4001; x_wconf 76' lang='lat' dir='ltr'><strong>eveniant</strong></span> <span class='ocrx_word' id='word_1_326' title='bbox 526 3949 698 4003; x_wconf 83' lang='lat' dir='ltr'><strong>studia</strong></span> <span class='ocrx_word' id='word_1_327' title='bbox 721 3966 863 4020; x_wconf 83' lang='lat' dir='ltr'><strong>mea,</strong></span> <span class='ocrx_word' id='word_1_328' title='bbox 896 3967 962 4008; x_wconf 89' lang='lat' dir='ltr'><strong>ne</strong></span> <span class='ocrx_word' id='word_1_329' title='bbox 1002 3955 1186 4010; x_wconf 85' lang='lat' dir='ltr'><strong>videar</strong></span> <span class='ocrx_word' id='word_1_330' title='bbox 1213 3956 1486 4014; x_wconf 86' lang='lat' dir='ltr'><strong>adversari</strong></span> <span class='ocrx_word' id='word_1_331' title='bbox 1529 3962 1697 4030; x_wconf 83' lang='lat' dir='ltr'><strong>patris</strong></span> <span class='ocrx_word' id='word_1_332' title='bbox 1725 3977 1848 4016; x_wconf 83' lang='lat' dir='ltr'><strong>sen-</strong></span> 
     </span>
    </p>
   </div>
   <div class='ocr_carea' id='block_1_41' title="bbox 245 4037 1847 4110">
    <p class='ocr_par' dir='ltr' id='par_1_41' title="bbox 245 4037 1847 4110">
     <span class='ocr_line' id='line_1_41' title="bbox 245 4037 1847 4110; baseline 0.012 -20"><span class='ocrx_word' id='word_1_333' title='bbox 245 4037 445 4105; x_wconf 65' lang='lat' dir='ltr'><strong>tentiae,</strong></span> <span class='ocrx_word' id='word_1_334' title='bbox 476 4047 532 4095; x_wconf 91' lang='lat' dir='ltr'><strong>et</strong></span> <span class='ocrx_word' id='word_1_335' title='bbox 552 4055 656 4110; x_wconf 84' lang='lat' dir='ltr'><strong>pro</strong></span> <span class='ocrx_word' id='word_1_336' title='bbox 701 4041 1076 4102; x_wconf 85' lang='lat' dir='ltr'><strong>benedictione</strong></span> <span class='ocrx_word' id='word_1_337' title='bbox 1121 4049 1556 4106; x_wconf 87' lang='lat' dir='ltr'><strong>maledictioucm</strong></span> <span class='ocrx_word' id='word_1_338' title='bbox 1587 4053 1717 4108; x_wconf 88' lang='lat' dir='ltr'><strong>mihi</strong></span> <span class='ocrx_word' id='word_1_339' title='bbox 1748 4055 1847 4109; x_wconf 88' lang='lat' dir='ltr'><strong>ad-</strong></span> 
     </span>
    </p>
   </div>
   <div class='ocr_carea' id='block_1_42' title="bbox 241 4127 1847 4205">
    <p class='ocr_par' dir='ltr' id='par_1_42' title="bbox 241 4127 1847 4205">
     <span class='ocr_line' id='line_1_42' title="bbox 241 4127 1847 4205; baseline 0.012 -24"><span class='ocrx_word' id='word_1_340' title='bbox 241 4127 458 4184; x_wconf 88' lang='lat' dir='ltr'><strong>ducam.</strong></span> <span class='ocrx_word' id='word_1_341' title='bbox 481 4132 619 4198; x_wconf 87' lang='lat' dir='ltr'><strong>Quid</strong></span> <span class='ocrx_word' id='word_1_342' title='bbox 645 4133 804 4205; x_wconf 77' lang='lat' dir='ltr'><strong>igitur</strong></span> <span class='ocrx_word' id='word_1_343' title='bbox 823 4135 1088 4205; x_wconf 81' lang='lat' dir='ltr'><strong>Rebecca,</strong></span> <span class='ocrx_word' id='word_1_344' title='bbox 1114 4140 1446 4197; x_wconf 87' lang='lat' dir='ltr'><strong>admirabilis</strong></span> <span class='ocrx_word' id='word_1_345' title='bbox 1472 4144 1562 4199; x_wconf 83' lang='lat' dir='ltr'><strong>illa</strong></span> <span class='ocrx_word' id='word_1_346' title='bbox 1586 4155 1636 4200; x_wconf 92' lang='lat' dir='ltr'><strong>et</strong></span> <span class='ocrx_word' id='word_1_347' title='bbox 1659 4161 1847 4202; x_wconf 88' lang='lat' dir='ltr'><strong>amans</strong></span> 
     </span>
    </p>
   </div>
   <div class='ocr_carea' id='block_1_43' title="bbox 243 4219 1846 4305">
    <p class='ocr_par' dir='ltr' id='par_1_43' title="bbox 243 4219 1846 4305">
     <span class='ocr_line' id='line_1_43' title="bbox 243 4219 1846 4305; baseline 0.013 -33"><span class='ocrx_word' id='word_1_348' title='bbox 243 4219 379 4275; x_wconf 73' lang='lat' dir='ltr'><strong>lilii?</strong></span> <span class='ocrx_word' id='word_1_349' title='bbox 407 4220 541 4288; x_wconf 87' lang='lat' dir='ltr'><strong>Quia</strong></span> <span class='ocrx_word' id='word_1_350' title='bbox 568 4238 675 4279; x_wconf 88' lang='lat' dir='ltr'><strong>non</strong></span> <span class='ocrx_word' id='word_1_351' title='bbox 702 4241 767 4280; x_wconf 86' lang='lat' dir='ltr'><strong>cx</strong></span> <span class='ocrx_word' id='word_1_352' title='bbox 803 4241 899 4282; x_wconf 91' lang='lat' dir='ltr'><strong>sua</strong></span> <span class='ocrx_word' id='word_1_353' title='bbox 937 4237 1141 4284; x_wconf 87' lang='lat' dir='ltr'><strong>tantum</strong></span> <span class='ocrx_word' id='word_1_354' title='bbox 1169 4235 1434 4289; x_wconf 86' lang='lat' dir='ltr'><strong>sententia</strong></span> <span class='ocrx_word' id='word_1_355' title='bbox 1472 4235 1719 4305; x_wconf 80' lang='lat' dir='ltr'><strong>iaciebat,</strong></span> <span class='ocrx_word' id='word_1_356' title='bbox 1751 4239 1846 4293; x_wconf 89' lang='lat' dir='ltr'><strong>sed</strong></span> 
     </span>
    </p>
   </div>
   <div class='ocr_carea' id='block_1_44' title="bbox 240 4309 1849 4392">
    <p class='ocr_par' dir='ltr' id='par_1_44' title="bbox 240 4309 1849 4392">
     <span class='ocr_line' id='line_1_44' title="bbox 240 4309 1849 4392; baseline 0.013 -28"><span class='ocrx_word' id='word_1_357' title='bbox 240 4317 299 4364; x_wconf 90' lang='lat' dir='ltr'><strong>et</strong></span> <span class='ocrx_word' id='word_1_358' title='bbox 345 4309 533 4367; x_wconf 88' lang='lat' dir='ltr'><strong>divino</strong></span> <span class='ocrx_word' id='word_1_359' title='bbox 562 4315 901 4373; x_wconf 88' lang='lat' dir='ltr'><strong>ministrabat</strong></span> <span class='ocrx_word' id='word_1_360' title='bbox 927 4323 1170 4388; x_wconf 90' lang='lat' dir='ltr'><strong>oraculo,</strong></span> <span class='ocrx_word' id='word_1_361' title='bbox 1202 4323 1324 4378; x_wconf 84' lang='lat' dir='ltr'><strong>ideo</strong></span> <span class='ocrx_word' id='word_1_362' title='bbox 1362 4327 1508 4381; x_wconf 90' lang='lat' dir='ltr'><strong>omni</strong></span> <span class='ocrx_word' id='word_1_363' title='bbox 1547 4328 1726 4392; x_wconf 76' lang='lat' dir='ltr'><strong>studio</strong></span> <span class='ocrx_word' id='word_1_364' title='bbox 1756 4346 1849 4385; x_wconf 92' lang='lat' dir='ltr'><strong>co-</strong></span> 
     </span>
    </p>
   </div>
   <div class='ocr_carea' id='block_1_45' title="bbox 235 4406 1849 4488">
    <p class='ocr_par' dir='ltr' id='par_1_45' title="bbox 235 4406 1849 4488">
     <span class='ocr_line' id='line_1_45' title="bbox 235 4406 1849 4488; baseline 0.014 -34"><span class='ocrx_word' id='word_1_365' title='bbox 235 4410 403 4456; x_wconf 86' lang='lat' dir='ltr'><strong>natur</strong></span> <span class='ocrx_word' id='word_1_366' title='bbox 445 4406 685 4461; x_wconf 70' lang='lat' dir='ltr'><strong>eximere</strong></span> <span class='ocrx_word' id='word_1_367' title='bbox 729 4423 897 4479; x_wconf 88' lang='lat' dir='ltr'><strong>puero</strong></span> <span class='ocrx_word' id='word_1_368' title='bbox 927 4421 1149 4478; x_wconf 89' lang='lat' dir='ltr'><strong>metum,</strong></span> <span class='ocrx_word' id='word_1_369' title='bbox 1175 4423 1231 4469; x_wconf 93' lang='lat' dir='ltr'><strong>et</strong></span> <span class='ocrx_word' id='word_1_370' title='bbox 1272 4416 1472 4472; x_wconf 88' lang='lat' dir='ltr'><strong>addere</strong></span> <span class='ocrx_word' id='word_1_371' title='bbox 1515 4420 1747 4488; x_wconf 90' lang='lat' dir='ltr'><strong>animos,</strong></span> <span class='ocrx_word' id='word_1_372' title='bbox 1791 4431 1849 4476; x_wconf 91' lang='lat' dir='ltr'><strong>ut</strong></span> 
     </span>
    </p>
   </div>
   <div class='ocr_carea' id='block_1_46' title="bbox 232 4497 1847 4581">
    <p class='ocr_par' dir='ltr' id='par_1_46' title="bbox 232 4497 1847 4581">
     <span class='ocr_line' id='line_1_46' title="bbox 232 4497 1847 4581; baseline 0.011 -31"><span class='ocrx_word' id='word_1_373' title='bbox 232 4497 527 4552; x_wconf 84' lang='lat' dir='ltr'><strong>consilium</strong></span> <span class='ocrx_word' id='word_1_374' title='bbox 556 4499 794 4569; x_wconf 86' lang='lat' dir='ltr'><strong>perliciat</strong></span> <span class='ocrx_word' id='word_1_375' title='bbox 825 4519 838 4556; x_wconf 92' lang='lat'><strong>:</strong></span> <span class='ocrx_word' id='word_1_376' title='bbox 876 4519 976 4560; x_wconf 89' lang='lat' dir='ltr'><strong>nec</strong></span> <span class='ocrx_word' id='word_1_377' title='bbox 1004 4507 1269 4575; x_wconf 86' lang='lat' dir='ltr'><strong>promittit</strong></span> <span class='ocrx_word' id='word_1_378' title='bbox 1297 4509 1346 4564; x_wconf 91' lang='lat' dir='ltr'><strong>ei</strong></span> <span class='ocrx_word' id='word_1_379' title='bbox 1373 4511 1514 4580; x_wconf 92' lang='lat' dir='ltr'><strong>quod</strong></span> <span class='ocrx_word' id='word_1_380' title='bbox 1559 4514 1729 4581; x_wconf 90' lang='lat' dir='ltr'><strong>possit</strong></span> <span class='ocrx_word' id='word_1_381' title='bbox 1753 4514 1847 4568; x_wconf 89' lang='lat' dir='ltr'><strong>de-</strong></span> 
     </span>
    </p>
   </div>
   <div class='ocr_carea' id='block_1_47' title="bbox 239 4585 1848 4668">
    <p class='ocr_par' dir='ltr' id='par_1_47' title="bbox 239 4585 1848 4668">
     <span class='ocr_line' id='line_1_47' title="bbox 239 4585 1848 4668; baseline 0.011 -28"><span class='ocrx_word' id='word_1_382' title='bbox 239 4585 431 4642; x_wconf 89' lang='lat' dir='ltr'><strong>ludere</strong></span> <span class='ocrx_word' id='word_1_383' title='bbox 453 4598 681 4657; x_wconf 82' lang='lat' dir='ltr'><strong>patrem,</strong></span> <span class='ocrx_word' id='word_1_384' title='bbox 704 4601 758 4647; x_wconf 93' lang='lat' dir='ltr'><strong>et</strong></span> <span class='ocrx_word' id='word_1_385' title='bbox 790 4593 959 4650; x_wconf 87' lang='lat' dir='ltr'><strong>latere</strong></span> <span class='ocrx_word' id='word_1_386' title='bbox 985 4612 998 4650; x_wconf 91' lang='lat'><strong>:</strong></span> <span class='ocrx_word' id='word_1_387' title='bbox 1029 4598 1124 4651; x_wconf 86' lang='lat' dir='ltr'><strong>sed</strong></span> <span class='ocrx_word' id='word_1_388' title='bbox 1153 4599 1319 4668; x_wconf 83' lang='lat' dir='ltr'><strong>quid?</strong></span> <span class='ocrx_word' id='word_1_389' title='bbox 1348 4601 1434 4655; x_wconf 82' lang='grc'><strong>15.</strong></span> <span class='ocrx_word' id='word_1_390' title='bbox 1460 4599 1526 4655; x_wconf 76' lang='lat' dir='ltr'><strong>In</strong></span> <span class='ocrx_word' id='word_1_391' title='bbox 1551 4619 1628 4656; x_wconf 87' lang='lat' dir='ltr'><strong>me</strong></span> <span class='ocrx_word' id='word_1_392' title='bbox 1653 4606 1848 4659; x_wconf 85' lang='lat' dir='ltr'><strong>recidat</strong></span> 
     </span>
    </p>
   </div>
   <div class='ocr_carea' id='block_1_48' title="bbox 237 4679 1846 4762">
    <p class='ocr_par' dir='ltr' id='par_1_48' title="bbox 237 4679 1846 4762">
     <span class='ocr_line' id='line_1_48' title="bbox 237 4679 1846 4762; baseline 0.014 -32"><span class='ocrx_word' id='word_1_393' title='bbox 237 4679 532 4735; x_wconf 86' lang='lat' dir='ltr'><strong>maledictio</strong></span> <span class='ocrx_word' id='word_1_394' title='bbox 571 4685 701 4751; x_wconf 63' lang='lat' dir='ltr'><strong>lta&#39;c,</strong></span> <span class='ocrx_word' id='word_1_395' title='bbox 746 4685 826 4753; x_wconf 77' lang='lat' dir='ltr'><strong>ﬁli</strong></span> <span class='ocrx_word' id='word_1_396' title='bbox 864 4687 936 4741; x_wconf 86' lang='lat' dir='ltr'><strong>mi</strong></span> <span class='ocrx_word' id='word_1_397' title='bbox 967 4703 990 4742; x_wconf 81' lang='lat'><strong>.°</strong></span> <span class='ocrx_word' id='word_1_398' title='bbox 1033 4699 1231 4744; x_wconf 85' lang='lat' dir='ltr'><strong>tantum</strong></span> <span class='ocrx_word' id='word_1_399' title='bbox 1279 4693 1428 4749; x_wconf 79' lang='lat' dir='ltr'><strong>obedi</strong></span> <span class='ocrx_word' id='word_1_400' title='bbox 1463 4697 1574 4748; x_wconf 76' lang='lat' dir='ltr'><strong>voci</strong></span> <span class='ocrx_word' id='word_1_401' title='bbox 1615 4714 1760 4762; x_wconf 73' lang='lat' dir='ltr'><strong>mete,</strong></span> <span class='ocrx_word' id='word_1_402' title='bbox 1800 4710 1846 4752; x_wconf 89' lang='lat' dir='ltr'><strong>et</strong></span> 
     </span>
    </p>
   </div>
   <div class='ocr_carea' id='block_1_49' title="bbox 233 4770 1842 4856">
    <p class='ocr_par' dir='ltr' id='par_1_49' title="bbox 233 4770 1842 4856">
     <span class='ocr_line' id='line_1_49' title="bbox 233 4770 1842 4856; baseline 0.012 -34"><span class='ocrx_word' id='word_1_403' title='bbox 233 4770 430 4824; x_wconf 71' lang='lat' dir='ltr'><strong>eadem</strong></span> <span class='ocrx_word' id='word_1_404' title='bbox 476 4771 607 4838; x_wconf 75' lang='lat' dir='ltr'><strong>aﬂ&#39;er</strong></span> <span class='ocrx_word' id='word_1_405' title='bbox 632 4775 777 4829; x_wconf 82' lang='lat' dir='ltr'><strong>mihi.</strong></span> <span class='ocrx_word' id='word_1_406' title='bbox 826 4775 894 4831; x_wconf 86' lang='lat' dir='ltr'><strong>Et</strong></span> <span class='ocrx_word' id='word_1_407' title='bbox 936 4777 982 4833; x_wconf 89' lang='lat' dir='ltr'><strong>si</strong></span> <span class='ocrx_word' id='word_1_408' title='bbox 1031 4779 1194 4836; x_wconf 81' lang='lat' dir='ltr'><strong>fuerit</strong></span> <span class='ocrx_word' id='word_1_409' title='bbox 1236 4783 1437 4853; x_wconf 90' lang='lat' dir='ltr'><strong>aliquid</strong></span> <span class='ocrx_word' id='word_1_410' title='bbox 1479 4785 1602 4850; x_wconf 84' lang='lat' dir='ltr'><strong>tale,</strong></span> <span class='ocrx_word' id='word_1_411' title='bbox 1652 4787 1842 4856; x_wconf 89' lang='lat' dir='ltr'><strong>inquit,</strong></span> 
     </span>
    </p>
   </div>
   <div class='ocr_carea' id='block_1_50' title="bbox 239 4861 1846 4943">
    <p class='ocr_par' dir='ltr' id='par_1_50' title="bbox 239 4861 1846 4943">
     <span class='ocr_line' id='line_1_50' title="bbox 239 4861 1846 4943; baseline 0.014 -29"><span class='ocrx_word' id='word_1_412' title='bbox 239 4861 376 4916; x_wconf 89' lang='lat' dir='ltr'><strong>nihil</strong></span> <span class='ocrx_word' id='word_1_413' title='bbox 410 4862 505 4918; x_wconf 93' lang='lat' dir='ltr'><strong>tibi</strong></span> <span class='ocrx_word' id='word_1_414' title='bbox 549 4867 779 4922; x_wconf 89' lang='lat' dir='ltr'><strong>nocebit.</strong></span> <span class='ocrx_word' id='word_1_415' title='bbox 813 4867 894 4925; x_wconf 81' lang='lat' dir='ltr'><strong>Ne</strong></span> <span class='ocrx_word' id='word_1_416' title='bbox 936 4870 1097 4940; x_wconf 74' lang='lat' dir='ltr'><strong>igitur</strong></span> <span class='ocrx_word' id='word_1_417' title='bbox 1125 4873 1335 4943; x_wconf 87' lang='lat' dir='ltr'><strong>timeas,</strong></span> <span class='ocrx_word' id='word_1_418' title='bbox 1377 4877 1470 4932; x_wconf 90' lang='lat' dir='ltr'><strong>sed</strong></span> <span class='ocrx_word' id='word_1_419' title='bbox 1501 4877 1640 4934; x_wconf 88' lang='lat' dir='ltr'><strong>bene</strong></span> <span class='ocrx_word' id='word_1_420' title='bbox 1675 4880 1846 4937; x_wconf 87' lang='lat' dir='ltr'><strong>lideus</strong></span> 
     </span>
    </p>
   </div>
   <div class='ocr_carea' id='block_1_51' title="bbox 237 4951 1846 5031">
    <p class='ocr_par' dir='ltr' id='par_1_51' title="bbox 237 4951 1846 5031">
     <span class='ocr_line' id='line_1_51' title="bbox 237 4951 1846 5031; baseline 0.015 -26"><span class='ocrx_word' id='word_1_421' title='bbox 237 4951 403 5007; x_wconf 84' lang='lat' dir='ltr'><strong>Obedi</strong></span> <span class='ocrx_word' id='word_1_422' title='bbox 425 4957 532 5008; x_wconf 77' lang='lat' dir='ltr'><strong>voci</strong></span> <span class='ocrx_word' id='word_1_423' title='bbox 561 4973 704 5025; x_wconf 76' lang='lat' dir='ltr'><strong>mete,</strong></span> <span class='ocrx_word' id='word_1_424' title='bbox 733 4968 786 5015; x_wconf 89' lang='lat' dir='ltr'><strong>et</strong></span> <span class='ocrx_word' id='word_1_425' title='bbox 815 4960 899 5017; x_wconf 80' lang='lat' dir='ltr'><strong>iac</strong></span> <span class='ocrx_word' id='word_1_426' title='bbox 918 4977 1039 5031; x_wconf 64' lang='lat' dir='ltr'><strong>qua:</strong></span> <span class='ocrx_word' id='word_1_427' title='bbox 1056 4963 1149 5020; x_wconf 91' lang='lat' dir='ltr'><strong>tibi</strong></span> <span class='ocrx_word' id='word_1_428' title='bbox 1176 4968 1549 5025; x_wconf 89' lang='lat' dir='ltr'><strong>consuluntur.</strong></span> <span class='ocrx_word' id='word_1_429' title='bbox 1575 4970 1702 5027; x_wconf 67' lang='lat' dir='ltr'><strong>Haec</strong></span> <span class='ocrx_word' id='word_1_430' title='bbox 1721 4989 1846 5029; x_wconf 87' lang='lat' dir='ltr'><strong>vere</strong></span> 
     </span>
    </p>
   </div>
   <div class='ocr_carea' id='block_1_52' title="bbox 239 5046 1847 5130">
    <p class='ocr_par' dir='ltr' id='par_1_52' title="bbox 239 5046 1847 5130">
     <span class='ocr_line' id='line_1_52' title="bbox 239 5046 1847 5130; baseline 0.014 -32"><span class='ocrx_word' id='word_1_431' title='bbox 239 5053 480 5098; x_wconf 80' lang='lat' dir='ltr'><strong>materna</strong></span> <span class='ocrx_word' id='word_1_432' title='bbox 509 5046 730 5104; x_wconf 88' lang='lat' dir='ltr'><strong>dilectio</strong></span> <span class='ocrx_word' id='word_1_433' title='bbox 767 5062 871 5117; x_wconf 90' lang='lat' dir='ltr'><strong>est,</strong></span> <span class='ocrx_word' id='word_1_434' title='bbox 906 5063 964 5108; x_wconf 91' lang='lat' dir='ltr'><strong>ut</strong></span> <span class='ocrx_word' id='word_1_435' title='bbox 1001 5070 1099 5125; x_wconf 91' lang='lat' dir='ltr'><strong>pro</strong></span> <span class='ocrx_word' id='word_1_436' title='bbox 1131 5073 1296 5126; x_wconf 86' lang='lat' dir='ltr'><strong>puero</strong></span> <span class='ocrx_word' id='word_1_437' title='bbox 1322 5071 1506 5130; x_wconf 83' lang='lat' dir='ltr'><strong>parata</strong></span> <span class='ocrx_word' id='word_1_438' title='bbox 1552 5065 1620 5118; x_wconf 88' lang='lat' dir='ltr'><strong>sit</strong></span> <span class='ocrx_word' id='word_1_439' title='bbox 1664 5067 1847 5120; x_wconf 91' lang='lat' dir='ltr'><strong>omnia</strong></span> 
     </span>
    </p>
   </div>
   <div class='ocr_carea' id='block_1_53' title="bbox 238 5133 1846 5217">
    <p class='ocr_par' dir='ltr' id='par_1_53' title="bbox 238 5133 1846 5217">
     <span class='ocr_line' id='line_1_53' title="bbox 238 5133 1846 5217; baseline 0.015 -31"><span class='ocrx_word' id='word_1_440' title='bbox 238 5133 402 5188; x_wconf 83' lang='lat' dir='ltr'><strong>t’crre.</strong></span> <span class='ocrx_word' id='word_1_441' title='bbox 445 5135 540 5190; x_wconf 78' lang='lat' dir='ltr'><strong>liis</strong></span> <span class='ocrx_word' id='word_1_442' title='bbox 563 5137 720 5217; x_wconf 77' lang='lat' dir='ltr'><strong>dictis</strong></span> <span class='ocrx_word' id='word_1_443' title='bbox 765 5141 934 5198; x_wconf 84' lang='lat' dir='ltr'><strong>lilium</strong></span> <span class='ocrx_word' id='word_1_444' title='bbox 979 5159 1010 5199; x_wconf 86' lang='lat' dir='ltr'><strong>a</strong></span> <span class='ocrx_word' id='word_1_445' title='bbox 1060 5147 1252 5204; x_wconf 86' lang='lat' dir='ltr'><strong>timore</strong></span> <span class='ocrx_word' id='word_1_446' title='bbox 1297 5151 1564 5207; x_wconf 85' lang='lat' dir='ltr'><strong>liberavit.</strong></span> <span class='ocrx_word' id='word_1_447' title='bbox 1601 5155 1688 5210; x_wconf 78' lang='grc'><strong>14.</strong></span> <span class='ocrx_word' id='word_1_448' title='bbox 1717 5154 1846 5211; x_wconf 82' lang='lat' dir='ltr'><strong>Cum</strong></span> 
     </span>
    </p>
   </div>
   <div class='ocr_carea' id='block_1_54' title="bbox 235 5227 1846 5321">
    <p class='ocr_par' dir='ltr' id='par_1_54' title="bbox 235 5227 1846 5321">
     <span class='ocr_line' id='line_1_54' title="bbox 235 5227 1846 5321; baseline 0.017 -42"><span class='ocrx_word' id='word_1_449' title='bbox 235 5227 396 5298; x_wconf 78' lang='lat' dir='ltr'><strong>igitur</strong></span> <span class='ocrx_word' id='word_1_450' title='bbox 439 5231 641 5287; x_wconf 86' lang='lat' dir='ltr'><strong>abiisset</strong></span> <span class='ocrx_word' id='word_1_451' title='bbox 657 5274 686 5297; x_wconf 93' lang='lat'><strong>,.</strong></span> <span class='ocrx_word' id='word_1_452' title='bbox 705 5239 922 5306; x_wconf 86' lang='lat' dir='ltr'><strong>sumpsit</strong></span> <span class='ocrx_word' id='word_1_453' title='bbox 968 5250 1015 5293; x_wconf 86' lang='lat' dir='ltr'><strong>ct</strong></span> <span class='ocrx_word' id='word_1_454' title='bbox 1042 5243 1210 5296; x_wconf 81' lang='lat' dir='ltr'><strong>attulit</strong></span> <span class='ocrx_word' id='word_1_455' title='bbox 1242 5247 1392 5300; x_wconf 84' lang='lat' dir='ltr'><strong>matri</strong></span> <span class='ocrx_word' id='word_1_456' title='bbox 1440 5263 1549 5301; x_wconf 69' lang='lat' dir='ltr'><strong>suae</strong></span> <span class='ocrx_word' id='word_1_457' title='bbox 1594 5288 1607 5303; x_wconf 92' lang='lat'><strong>.</strong></span> <span class='ocrx_word' id='word_1_458' title='bbox 1660 5261 1707 5304; x_wconf 91' lang='lat' dir='ltr'><strong>et</strong></span> <span class='ocrx_word' id='word_1_459' title='bbox 1726 5254 1846 5321; x_wconf 82' lang='lat' dir='ltr'><strong>fecit</strong></span> 
     </span>
    </p>
   </div>
   <div class='ocr_carea' id='block_1_55' title="bbox 237 5323 1844 5414">
    <p class='ocr_par' dir='ltr' id='par_1_55' title="bbox 237 5323 1844 5414">
     <span class='ocr_line' id='line_1_55' title="bbox 237 5323 1844 5414; baseline 0.014 -38"><span class='ocrx_word' id='word_1_460' title='bbox 237 5323 433 5389; x_wconf 73' lang='lat' dir='ltr'><strong>edulia,</strong></span> <span class='ocrx_word' id='word_1_461' title='bbox 454 5327 586 5380; x_wconf 85' lang='lat' dir='ltr'><strong>sicut</strong></span> <span class='ocrx_word' id='word_1_462' title='bbox 612 5331 818 5384; x_wconf 88' lang='lat' dir='ltr'><strong>amabat</strong></span> <span class='ocrx_word' id='word_1_463' title='bbox 857 5343 1003 5402; x_wconf 88' lang='lat' dir='ltr'><strong>pater</strong></span> <span class='ocrx_word' id='word_1_464' title='bbox 1029 5336 1159 5406; x_wconf 86' lang='lat' dir='ltr'><strong>ejus.</strong></span> <span class='ocrx_word' id='word_1_465' title='bbox 1185 5337 1272 5391; x_wconf 84' lang='grc'><strong>15.</strong></span> <span class='ocrx_word' id='word_1_466' title='bbox 1303 5337 1372 5392; x_wconf 82' lang='lat' dir='ltr'><strong>Et</strong></span> <span class='ocrx_word' id='word_1_467' title='bbox 1411 5350 1464 5394; x_wconf 90' lang='lat' dir='ltr'><strong>ut</strong></span> <span class='ocrx_word' id='word_1_468' title='bbox 1498 5345 1712 5414; x_wconf 84' lang='lat' dir='ltr'><strong>sumpsit</strong></span> <span class='ocrx_word' id='word_1_469' title='bbox 1743 5343 1844 5399; x_wconf 83' lang='lat' dir='ltr'><strong>Re-</strong></span> 
     </span>
    </p>
   </div>
   <div class='ocr_carea' id='block_1_56' title="bbox 236 5415 1842 5505">
    <p class='ocr_par' dir='ltr' id='par_1_56' title="bbox 236 5415 1842 5505">
     <span class='ocr_line' id='line_1_56' title="bbox 236 5415 1842 5505; baseline 0.014 -38"><span class='ocrx_word' id='word_1_470' title='bbox 236 5415 410 5480; x_wconf 84' lang='lat' dir='ltr'><strong>becca,</strong></span> <span class='ocrx_word' id='word_1_471' title='bbox 447 5418 637 5486; x_wconf 69' lang='lat' dir='ltr'><strong>inquit,</strong></span> <span class='ocrx_word' id='word_1_472' title='bbox 660 5423 845 5476; x_wconf 86' lang='lat' dir='ltr'><strong>stolam</strong></span> <span class='ocrx_word' id='word_1_473' title='bbox 884 5425 984 5493; x_wconf 78' lang='lat' dir='ltr'><strong>ﬁlii</strong></span> <span class='ocrx_word' id='word_1_474' title='bbox 1019 5427 1100 5481; x_wconf 88' lang='lat' dir='ltr'><strong>sui</strong></span> <span class='ocrx_word' id='word_1_475' title='bbox 1136 5429 1350 5484; x_wconf 86' lang='lat' dir='ltr'><strong>senioris</strong></span> <span class='ocrx_word' id='word_1_476' title='bbox 1376 5432 1668 5502; x_wconf 82' lang='lat' dir='ltr'><strong>pulchram,</strong></span> <span class='ocrx_word' id='word_1_477' title='bbox 1689 5451 1842 5505; x_wconf 79' lang='lat' dir='ltr'><strong>quam</strong></span> 
     </span>
    </p>
   </div>
   <div class='ocr_carea' id='block_1_57' title="bbox 238 5509 1846 5600">
    <p class='ocr_par' dir='ltr' id='par_1_57' title="bbox 238 5509 1846 5600">
     <span class='ocr_line' id='line_1_57' title="bbox 238 5509 1846 5600; baseline 0.014 -40"><span class='ocrx_word' id='word_1_478' title='bbox 238 5509 453 5563; x_wconf 81' lang='lat' dir='ltr'><strong>Itabcbat</strong></span> <span class='ocrx_word' id='word_1_479' title='bbox 481 5513 622 5580; x_wconf 83' lang='lat' dir='ltr'><strong>apud</strong></span> <span class='ocrx_word' id='word_1_480' title='bbox 665 5530 718 5568; x_wconf 88' lang='lat' dir='ltr'><strong>se</strong></span> <span class='ocrx_word' id='word_1_481' title='bbox 742 5516 901 5584; x_wconf 85' lang='lat' dir='ltr'><strong>domi,</strong></span> <span class='ocrx_word' id='word_1_482' title='bbox 938 5520 1104 5574; x_wconf 85' lang='lat' dir='ltr'><strong>induit</strong></span> <span class='ocrx_word' id='word_1_483' title='bbox 1148 5521 1309 5576; x_wconf 68' lang='lat' dir='ltr'><strong>Iacob</strong></span> <span class='ocrx_word' id='word_1_484' title='bbox 1351 5526 1516 5586; x_wconf 80' lang='lat' dir='ltr'><strong>ﬁlium</strong></span> <span class='ocrx_word' id='word_1_485' title='bbox 1563 5545 1711 5582; x_wconf 90' lang='lat' dir='ltr'><strong>suum</strong></span> <span class='ocrx_word' id='word_1_486' title='bbox 1751 5530 1846 5600; x_wconf 85' lang='lat' dir='ltr'><strong>ju-</strong></span> 
     </span>
    </p>
   </div>
   <div class='ocr_carea' id='block_1_58' title="bbox 238 5599 1844 5686">
    <p class='ocr_par' dir='ltr' id='par_1_58' title="bbox 238 5599 1844 5686">
     <span class='ocr_line' id='line_1_58' title="bbox 238 5599 1844 5686; baseline 0.014 -36"><span class='ocrx_word' id='word_1_487' title='bbox 238 5599 456 5660; x_wconf 74' lang='lat' dir='ltr'><strong>niorem.</strong></span> <span class='ocrx_word' id='word_1_488' title='bbox 490 5600 580 5656; x_wconf 86' lang='grc'><strong>16.</strong></span> <span class='ocrx_word' id='word_1_489' title='bbox 609 5613 658 5657; x_wconf 85' lang='lat' dir='ltr'><strong>et</strong></span> <span class='ocrx_word' id='word_1_490' title='bbox 684 5605 899 5673; x_wconf 78' lang='lat' dir='ltr'><strong>pellibus</strong></span> <span class='ocrx_word' id='word_1_491' title='bbox 928 5608 1193 5666; x_wconf 69' lang='lat' dir='ltr'><strong>[radat-unt</strong></span> <span class='ocrx_word' id='word_1_492' title='bbox 1220 5614 1427 5669; x_wconf 83' lang='lat' dir='ltr'><strong>brachia</strong></span> <span class='ocrx_word' id='word_1_493' title='bbox 1446 5616 1560 5686; x_wconf 85' lang='lat' dir='ltr'><strong>ejus</strong></span> <span class='ocrx_word' id='word_1_494' title='bbox 1582 5633 1601 5670; x_wconf 91' lang='lat'><strong>:</strong></span> <span class='ocrx_word' id='word_1_495' title='bbox 1632 5628 1678 5672; x_wconf 92' lang='lat' dir='ltr'><strong>et</strong></span> <span class='ocrx_word' id='word_1_496' title='bbox 1706 5599 1844 5672; x_wconf 83' lang='lat' dir='ltr'><strong>nuda</strong></span> 
     </span>
    </p>
   </div>
   <div class='ocr_carea' id='block_1_59' title="bbox 236 5690 1844 5777">
    <p class='ocr_par' dir='ltr' id='par_1_59' title="bbox 236 5690 1844 5777">
     <span class='ocr_line' id='line_1_59' title="bbox 236 5690 1844 5777; baseline 0.014 -34"><span class='ocrx_word' id='word_1_497' title='bbox 236 5690 360 5743; x_wconf 83' lang='lat' dir='ltr'><strong>colli</strong></span> <span class='ocrx_word' id='word_1_498' title='bbox 379 5691 490 5762; x_wconf 78' lang='lat' dir='ltr'><strong>ejus</strong></span> <span class='ocrx_word' id='word_1_499' title='bbox 517 5693 870 5763; x_wconf 80' lang='lat' dir='ltr'><strong>circumdedit,</strong></span> <span class='ocrx_word' id='word_1_500' title='bbox 890 5700 977 5755; x_wconf 86' lang='grc'><strong>17.</strong></span> <span class='ocrx_word' id='word_1_501' title='bbox 1000 5709 1046 5755; x_wconf 87' lang='lat' dir='ltr'><strong>et</strong></span> <span class='ocrx_word' id='word_1_502' title='bbox 1065 5703 1207 5756; x_wconf 76' lang='lat' dir='ltr'><strong>dedit</strong></span> <span class='ocrx_word' id='word_1_503' title='bbox 1231 5705 1426 5773; x_wconf 86' lang='lat' dir='ltr'><strong>edulia,</strong></span> <span class='ocrx_word' id='word_1_504' title='bbox 1447 5715 1495 5760; x_wconf 89' lang='lat' dir='ltr'><strong>et</strong></span> <span class='ocrx_word' id='word_1_505' title='bbox 1524 5724 1681 5776; x_wconf 87' lang='lat' dir='ltr'><strong>panes</strong></span> <span class='ocrx_word' id='word_1_506' title='bbox 1717 5726 1844 5777; x_wconf 85' lang='lat' dir='ltr'><strong>quos</strong></span> 
     </span>
    </p>
   </div>
   <div class='ocr_carea' id='block_1_60' title="bbox 237 5781 1837 5873">
    <p class='ocr_par' dir='ltr' id='par_1_60' title="bbox 237 5781 1837 5873">
     <span class='ocr_line' id='line_1_60' title="bbox 237 5781 1837 5873; baseline 0.016 -40"><span class='ocrx_word' id='word_1_507' title='bbox 237 5781 431 5852; x_wconf 62' lang='lat' dir='ltr'><strong>privat</strong></span> <span class='ocrx_word' id='word_1_508' title='bbox 476 5785 528 5837; x_wconf 85' lang='lat' dir='ltr'><strong>in</strong></span> <span class='ocrx_word' id='word_1_509' title='bbox 579 5802 758 5844; x_wconf 84' lang='lat' dir='ltr'><strong>manus</strong></span> <span class='ocrx_word' id='word_1_510' title='bbox 800 5789 963 5848; x_wconf 78' lang='lat' dir='ltr'><strong>Iacob</strong></span> <span class='ocrx_word' id='word_1_511' title='bbox 988 5782 1086 5865; x_wconf 74' lang='lat' dir='ltr'><strong>ﬁlii</strong></span> <span class='ocrx_word' id='word_1_512' title='bbox 1115 5797 1217 5868; x_wconf 87' lang='lat' dir='ltr'><strong>sui,</strong></span> <span class='ocrx_word' id='word_1_513' title='bbox 1245 5807 1294 5854; x_wconf 85' lang='lat' dir='ltr'><strong>ct</strong></span> <span class='ocrx_word' id='word_1_514' title='bbox 1334 5797 1518 5856; x_wconf 87' lang='lat' dir='ltr'><strong>obtulit</strong></span> <span class='ocrx_word' id='word_1_515' title='bbox 1559 5803 1837 5873; x_wconf 84' lang='lat' dir='ltr'><strong>patrisuo.</strong></span> 
     </span>
    </p>
   </div>
   <div class='ocr_carea' id='block_1_61' title="bbox 1255 341 2502 406">
    <p class='ocr_par' dir='ltr' id='par_1_61' title="bbox 1255 341 2502 406">
     <span class='ocr_line' id='line_1_61' title="bbox 1255 341 2502 406; baseline -0.003 -7"><span class='ocrx_word' id='word_1_516' title='bbox 1255 341 1322 400; x_wconf 78' lang='lat' dir='ltr'><strong>IN</strong></span> <span class='ocrx_word' id='word_1_517' title='bbox 1356 344 1508 404; x_wconf 80' lang='lat' dir='ltr'><strong>CAP.</strong></span> <span class='ocrx_word' id='word_1_518' title='bbox 1553 347 1768 406; x_wconf 69' lang='lat' dir='ltr'><strong>XXVII.</strong></span> <span class='ocrx_word' id='word_1_519' title='bbox 1810 344 2054 403; x_wconf 77' lang='lat' dir='ltr'><strong>GENES.</strong></span> <span class='ocrx_word' id='word_1_520' title='bbox 2096 342 2330 402; x_wconf 74' lang='lat' dir='ltr'><strong>IIOMIL.</strong></span> <span class='ocrx_word' id='word_1_521' title='bbox 2372 341 2502 398; x_wconf 87' lang='lat' dir='ltr'><strong>Llll.</strong></span> 
     </span>
    </p>
   </div>
   <div class='ocr_carea' id='block_1_62' title="bbox 3468 348 3577 403">
    <p class='ocr_par' dir='ltr' id='par_1_62' title="bbox 3468 348 3577 403">
     <span class='ocr_line' id='line_1_62' title="bbox 3468 348 3577 403; baseline 0.018 -1"><span class='ocrx_word' id='word_1_522' title='bbox 3468 348 3577 403; x_wconf 71' lang='grc' dir='ltr'><strong>ισθ</strong></span> 
     </span>
    </p>
   </div>
   <div class='ocr_carea' id='block_1_63' title="bbox 1964 452 3576 528">
    <p class='ocr_par' dir='ltr' id='par_1_63' title="bbox 1964 452 3576 528">
     <span class='ocr_line' id='line_1_63' title="bbox 1964 452 3576 528; baseline 0.002 -16"><span class='ocrx_word' id='word_1_523' title='bbox 1964 456 2123 523; x_wconf 70' lang='lat' dir='ltr'><strong>Vide,</strong></span> <span class='ocrx_word' id='word_1_524' title='bbox 2171 456 2423 522; x_wconf 84' lang='lat' dir='ltr'><strong>obsecro,</strong></span> <span class='ocrx_word' id='word_1_525' title='bbox 2457 453 2543 510; x_wconf 85' lang='lat' dir='ltr'><strong>hic</strong></span> <span class='ocrx_word' id='word_1_526' title='bbox 2592 452 2852 511; x_wconf 76' lang='lat' dir='ltr'><strong>Rebecca:</strong></span> <span class='ocrx_word' id='word_1_527' title='bbox 2889 453 3014 512; x_wconf 79' lang='lat' dir='ltr'><strong>cum</strong></span> <span class='ocrx_word' id='word_1_528' title='bbox 3054 471 3247 528; x_wconf 74' lang='lat' dir='ltr'><strong>magna</strong></span> <span class='ocrx_word' id='word_1_529' title='bbox 3290 457 3576 517; x_wconf 69' lang='lat' dir='ltr'><strong>dilectione</strong></span> 
     </span>
    </p>
   </div>
   <div class='ocr_carea' id='block_1_64' title="bbox 1963 547 3575 620">
    <p class='ocr_par' dir='ltr' id='par_1_64' title="bbox 1963 547 3575 620">
     <span class='ocr_line' id='line_1_64' title="bbox 1963 547 3575 620; baseline 0.002 -17"><span class='ocrx_word' id='word_1_530' title='bbox 1963 547 2306 617; x_wconf 85' lang='lat' dir='ltr'><strong>conjunctam</strong></span> <span class='ocrx_word' id='word_1_531' title='bbox 2361 561 2540 604; x_wconf 87' lang='lat' dir='ltr'><strong>raram</strong></span> <span class='ocrx_word' id='word_1_532' title='bbox 2585 547 2924 617; x_wconf 85' lang='lat' dir='ltr'><strong>sapientiam.</strong></span> <span class='ocrx_word' id='word_1_533' title='bbox 2969 547 3105 603; x_wconf 85' lang='lat' dir='ltr'><strong>Nam</strong></span> <span class='ocrx_word' id='word_1_534' title='bbox 3152 549 3276 619; x_wconf 91' lang='lat' dir='ltr'><strong>quia</strong></span> <span class='ocrx_word' id='word_1_535' title='bbox 3326 551 3575 620; x_wconf 85' lang='lat' dir='ltr'><strong>superius</strong></span> 
     </span>
    </p>
   </div>
   <div class='ocr_carea' id='block_1_65' title="bbox 1965 638 3572 710">
    <p class='ocr_par' dir='ltr' id='par_1_65' title="bbox 1965 638 3572 710">
     <span class='ocr_line' id='line_1_65' title="bbox 1965 638 3572 710; baseline 0.002 -17"><span class='ocrx_word' id='word_1_536' title='bbox 1965 640 2119 704; x_wconf 87' lang='lat' dir='ltr'><strong>dixit,</strong></span> <span class='ocrx_word' id='word_1_537' title='bbox 2141 640 2288 694; x_wconf 89' lang='lat' dir='ltr'><strong>illum</strong></span> <span class='ocrx_word' id='word_1_538' title='bbox 2317 638 2533 709; x_wconf 89' lang='lat' dir='ltr'><strong>quidem</strong></span> <span class='ocrx_word' id='word_1_539' title='bbox 2563 639 2832 710; x_wconf 74' lang='lat' dir='ltr'><strong>biSpidum</strong></span> <span class='ocrx_word' id='word_1_540' title='bbox 2858 654 3000 706; x_wconf 89' lang='lat' dir='ltr'><strong>esse,</strong></span> <span class='ocrx_word' id='word_1_541' title='bbox 3030 639 3174 696; x_wconf 90' lang='lat' dir='ltr'><strong>hunc</strong></span> <span class='ocrx_word' id='word_1_542' title='bbox 3200 655 3329 696; x_wconf 89' lang='lat' dir='ltr'><strong>vero</strong></span> <span class='ocrx_word' id='word_1_543' title='bbox 3351 641 3572 709; x_wconf 66' lang='lat' dir='ltr'><strong>laevent;</strong></span> 
     </span>
    </p>
   </div>
   <div class='ocr_carea' id='block_1_66' title="bbox 1963 731 3575 802">
    <p class='ocr_par' dir='ltr' id='par_1_66' title="bbox 1963 731 3575 802">
     <span class='ocr_line' id='line_1_66' title="bbox 1963 731 3575 802; baseline 0.004 -17"><span class='ocrx_word' id='word_1_544' title='bbox 1963 732 2122 798; x_wconf 85' lang='lat' dir='ltr'><strong>stola,</strong></span> <span class='ocrx_word' id='word_1_545' title='bbox 2143 731 2334 802; x_wconf 88' lang='lat' dir='ltr'><strong>inquit,</strong></span> <span class='ocrx_word' id='word_1_546' title='bbox 2361 732 2503 787; x_wconf 72' lang='lat' dir='ltr'><strong>Esau</strong></span> <span class='ocrx_word' id='word_1_547' title='bbox 2525 731 2698 786; x_wconf 87' lang='lat' dir='ltr'><strong>induit</strong></span> <span class='ocrx_word' id='word_1_548' title='bbox 2716 747 2860 795; x_wconf 87' lang='lat' dir='ltr'><strong>eum,</strong></span> <span class='ocrx_word' id='word_1_549' title='bbox 2884 741 2937 787; x_wconf 90' lang='lat' dir='ltr'><strong>et</strong></span> <span class='ocrx_word' id='word_1_550' title='bbox 2961 732 3192 802; x_wconf 86' lang='lat' dir='ltr'><strong>pellibus</strong></span> <span class='ocrx_word' id='word_1_551' title='bbox 3218 733 3575 791; x_wconf 90' lang='lat' dir='ltr'><strong>circumdedit</strong></span> 
     </span>
    </p>
   </div>
   <div class='ocr_carea' id='block_1_67' title="bbox 1964 820 3576 894">
    <p class='ocr_par' dir='ltr' id='par_1_67' title="bbox 1964 820 3576 894">
     <span class='ocr_line' id='line_1_67' title="bbox 1964 820 3576 894; baseline 0.003 -19"><span class='ocrx_word' id='word_1_552' title='bbox 1964 835 2110 885; x_wconf 90' lang='lat' dir='ltr'><strong>eum,</strong></span> <span class='ocrx_word' id='word_1_553' title='bbox 2139 829 2195 876; x_wconf 89' lang='lat' dir='ltr'><strong>et</strong></span> <span class='ocrx_word' id='word_1_554' title='bbox 2222 835 2347 876; x_wconf 92' lang='lat' dir='ltr'><strong>cum</strong></span> <span class='ocrx_word' id='word_1_555' title='bbox 2381 821 2614 892; x_wconf 91' lang='lat' dir='ltr'><strong>undique</strong></span> <span class='ocrx_word' id='word_1_556' title='bbox 2641 838 2762 876; x_wconf 89' lang='lat' dir='ltr'><strong>eum</strong></span> <span class='ocrx_word' id='word_1_557' title='bbox 2791 820 2858 877; x_wconf 89' lang='lat' dir='ltr'><strong>ad</strong></span> <span class='ocrx_word' id='word_1_558' title='bbox 2879 821 3255 894; x_wconf 82' lang='lat' dir='ltr'><strong>deceptionem</strong></span> <span class='ocrx_word' id='word_1_559' title='bbox 3285 824 3576 880; x_wconf 79' lang='lat' dir='ltr'><strong>instruxis-</strong></span> 
     </span>
    </p>
   </div>
   <div class='ocr_carea' id='block_1_68' title="bbox 1964 910 3574 988">
    <p class='ocr_par' dir='ltr' id='par_1_68' title="bbox 1964 910 3574 988">
     <span class='ocr_line' id='line_1_68' title="bbox 1964 910 3574 988; baseline 0.004 -23"><span class='ocrx_word' id='word_1_560' title='bbox 1964 921 2067 976; x_wconf 90' lang='lat' dir='ltr'><strong>set,</strong></span> <span class='ocrx_word' id='word_1_561' title='bbox 2099 910 2238 966; x_wconf 89' lang='lat' dir='ltr'><strong>datis</strong></span> <span class='ocrx_word' id='word_1_562' title='bbox 2263 910 2458 967; x_wconf 88' lang='lat' dir='ltr'><strong>eduliis</strong></span> <span class='ocrx_word' id='word_1_563' title='bbox 2487 921 2543 967; x_wconf 92' lang='lat' dir='ltr'><strong>et</strong></span> <span class='ocrx_word' id='word_1_564' title='bbox 2564 911 2792 982; x_wconf 87' lang='lat' dir='ltr'><strong>panibus</strong></span> <span class='ocrx_word' id='word_1_565' title='bbox 2816 913 2868 967; x_wconf 90' lang='lat' dir='ltr'><strong>in</strong></span> <span class='ocrx_word' id='word_1_566' title='bbox 2903 929 3114 980; x_wconf 64' lang='lat' dir='ltr'><strong>manus,</strong></span> <span class='ocrx_word' id='word_1_567' title='bbox 3143 913 3322 982; x_wconf 70' lang='lat' dir='ltr'><strong>eﬂ&#39;ecit</strong></span> <span class='ocrx_word' id='word_1_568' title='bbox 3348 925 3403 968; x_wconf 90' lang='lat' dir='ltr'><strong>ut</strong></span> <span class='ocrx_word' id='word_1_569' title='bbox 3434 917 3574 988; x_wconf 88' lang='lat' dir='ltr'><strong>patri</strong></span> 
     </span>
    </p>
   </div>
   <div class='ocr_carea' id='block_1_69' title="bbox 1963 999 3578 1075">
    <p class='ocr_par' dir='ltr' id='par_1_69' title="bbox 1963 999 3578 1075">
     <span class='ocr_line' id='line_1_69' title="bbox 1963 999 3578 1075; baseline 0.004 -22"><span class='ocrx_word' id='word_1_570' title='bbox 1963 999 2203 1056; x_wconf 81' lang='lat' dir='ltr'><strong>aﬂ‘erret.</strong></span> <span class='ocrx_word' id='word_1_571' title='bbox 2233 1001 2531 1057; x_wconf 86' lang='lat' dir='ltr'><strong>Considera</strong></span> <span class='ocrx_word' id='word_1_572' title='bbox 2575 1004 2663 1057; x_wconf 90' lang='lat' dir='ltr'><strong>hic</strong></span> <span class='ocrx_word' id='word_1_573' title='bbox 2686 1017 2921 1068; x_wconf 89' lang='lat' dir='ltr'><strong>rursum,</strong></span> <span class='ocrx_word' id='word_1_574' title='bbox 2952 1005 3223 1075; x_wconf 90' lang='lat' dir='ltr'><strong>quomodo</strong></span> <span class='ocrx_word' id='word_1_575' title='bbox 3260 1007 3442 1060; x_wconf 88' lang='lat' dir='ltr'><strong>omnia</strong></span> <span class='ocrx_word' id='word_1_576' title='bbox 3481 1022 3578 1063; x_wconf 84' lang='lat' dir='ltr'><strong>su-</strong></span> 
     </span>
    </p>
   </div>
   <div class='ocr_carea' id='block_1_70' title="bbox 1963 1090 3577 1168">
    <p class='ocr_par' dir='ltr' id='par_1_70' title="bbox 1963 1090 3577 1168">
     <span class='ocr_line' id='line_1_70' title="bbox 1963 1090 3577 1168; baseline 0.007 -21"><span class='ocrx_word' id='word_1_577' title='bbox 1963 1107 2130 1162; x_wconf 87' lang='lat' dir='ltr'><strong>perna</strong></span> <span class='ocrx_word' id='word_1_578' title='bbox 2157 1090 2325 1164; x_wconf 75' lang='lat' dir='ltr'><strong>gratia</strong></span> <span class='ocrx_word' id='word_1_579' title='bbox 2354 1096 2655 1151; x_wconf 83' lang='lat' dir='ltr'><strong>evenerint.</strong></span> <span class='ocrx_word' id='word_1_580' title='bbox 2680 1095 2815 1152; x_wconf 87' lang='lat' dir='ltr'><strong>Nam</strong></span> <span class='ocrx_word' id='word_1_581' title='bbox 2837 1098 3054 1168; x_wconf 90' lang='lat' dir='ltr'><strong>quando</strong></span> <span class='ocrx_word' id='word_1_582' title='bbox 3075 1099 3219 1168; x_wconf 91' lang='lat' dir='ltr'><strong>quod</strong></span> <span class='ocrx_word' id='word_1_583' title='bbox 3249 1115 3280 1154; x_wconf 90' lang='lat' dir='ltr'><strong>a</strong></span> <span class='ocrx_word' id='word_1_584' title='bbox 3311 1100 3467 1156; x_wconf 88' lang='lat' dir='ltr'><strong>nobis</strong></span> <span class='ocrx_word' id='word_1_585' title='bbox 3489 1111 3577 1159; x_wconf 86' lang='lat' dir='ltr'><strong>est</strong></span> 
     </span>
    </p>
   </div>
   <div class='ocr_carea' id='block_1_71' title="bbox 1953 1184 3575 1266">
    <p class='ocr_par' dir='ltr' id='par_1_71' title="bbox 1953 1184 3575 1266">
     <span class='ocr_line' id='line_1_71' title="bbox 1953 1184 3575 1266; baseline 0.007 -27"><span class='ocrx_word' id='word_1_586' title='bbox 1953 1184 2262 1254; x_wconf 5' lang='lat' dir='ltr'><strong>uoll&#39;erimus,</strong></span> <span class='ocrx_word' id='word_1_587' title='bbox 2295 1187 2517 1259; x_wconf 80' lang='lat' dir='ltr'><strong>largiter</strong></span> <span class='ocrx_word' id='word_1_588' title='bbox 2550 1187 2789 1244; x_wconf 79' lang='lat' dir='ltr'><strong>divinam</strong></span> <span class='ocrx_word' id='word_1_589' title='bbox 2817 1193 3257 1261; x_wconf 88' lang='lat' dir='ltr'><strong>cooperationem</strong></span> <span class='ocrx_word' id='word_1_590' title='bbox 3282 1197 3575 1266; x_wconf 83' lang='lat' dir='ltr'><strong>consequi-</strong></span> 
     </span>
    </p>
   </div>
   <div class='ocr_carea' id='block_1_72' title="bbox 1961 1277 3576 1352">
    <p class='ocr_par' dir='ltr' id='par_1_72' title="bbox 1961 1277 3576 1352">
     <span class='ocr_line' id='line_1_72' title="bbox 1961 1277 3576 1352; baseline 0.009 -23"><span class='ocrx_word' id='word_1_591' title='bbox 1961 1292 2106 1331; x_wconf 90' lang='lat' dir='ltr'><strong>mur.</strong></span> <span class='ocrx_word' id='word_1_592' title='bbox 2141 1277 2277 1332; x_wconf 83' lang='lat' dir='ltr'><strong>Nam</strong></span> <span class='ocrx_word' id='word_1_593' title='bbox 2301 1287 2360 1333; x_wconf 91' lang='lat' dir='ltr'><strong>ut</strong></span> <span class='ocrx_word' id='word_1_594' title='bbox 2391 1294 2460 1335; x_wconf 87' lang='lat' dir='ltr'><strong>ne</strong></span> <span class='ocrx_word' id='word_1_595' title='bbox 2489 1278 2704 1336; x_wconf 89' lang='lat' dir='ltr'><strong>desides</strong></span> <span class='ocrx_word' id='word_1_596' title='bbox 2741 1291 2796 1336; x_wconf 92' lang='lat' dir='ltr'><strong>et</strong></span> <span class='ocrx_word' id='word_1_597' title='bbox 2823 1283 3000 1352; x_wconf 89' lang='lat' dir='ltr'><strong>supini</strong></span> <span class='ocrx_word' id='word_1_598' title='bbox 3028 1283 3220 1349; x_wconf 84' lang='lat' dir='ltr'><strong>simus,</strong></span> <span class='ocrx_word' id='word_1_599' title='bbox 3268 1285 3380 1339; x_wconf 81' lang='lat' dir='ltr'><strong>vult</strong></span> <span class='ocrx_word' id='word_1_600' title='bbox 3407 1288 3576 1343; x_wconf 87' lang='lat' dir='ltr'><strong>etiam</strong></span> 
     </span>
    </p>
   </div>
   <div class='ocr_carea' id='block_1_73' title="bbox 1962 1369 3574 1445">
    <p class='ocr_par' dir='ltr' id='par_1_73' title="bbox 1962 1369 3574 1445">
     <span class='ocr_line' id='line_1_73' title="bbox 1962 1369 3574 1445; baseline 0.009 -23"><span class='ocrx_word' id='word_1_601' title='bbox 1962 1383 2062 1423; x_wconf 86' lang='lat' dir='ltr'><strong>nos</strong></span> <span class='ocrx_word' id='word_1_602' title='bbox 2083 1369 2282 1440; x_wconf 89' lang='lat' dir='ltr'><strong>aliquid</strong></span> <span class='ocrx_word' id='word_1_603' title='bbox 2311 1370 2580 1438; x_wconf 79' lang='lat' dir='ltr'><strong>conferre,</strong></span> <span class='ocrx_word' id='word_1_604' title='bbox 2607 1389 2713 1442; x_wconf 90' lang='lat' dir='ltr'><strong>quo</strong></span> <span class='ocrx_word' id='word_1_605' title='bbox 2742 1375 2820 1430; x_wconf 89' lang='lat' dir='ltr'><strong>sic</strong></span> <span class='ocrx_word' id='word_1_606' title='bbox 2847 1374 2935 1430; x_wconf 91' lang='lat' dir='ltr'><strong>illa</strong></span> <span class='ocrx_word' id='word_1_607' title='bbox 2962 1389 3058 1433; x_wconf 88' lang='lat' dir='ltr'><strong>sua</strong></span> <span class='ocrx_word' id='word_1_608' title='bbox 3084 1375 3357 1445; x_wconf 81' lang='lat' dir='ltr'><strong>exhibeat,</strong></span> <span class='ocrx_word' id='word_1_609' title='bbox 3385 1388 3440 1433; x_wconf 90' lang='lat' dir='ltr'><strong>ct</strong></span> <span class='ocrx_word' id='word_1_610' title='bbox 3464 1396 3574 1436; x_wconf 90' lang='lat' dir='ltr'><strong>non</strong></span> 
     </span>
    </p>
   </div>
   <div class='ocr_carea' id='block_1_74' title="bbox 1962 1462 3574 1538">
    <p class='ocr_par' dir='ltr' id='par_1_74' title="bbox 1962 1462 3574 1538">
     <span class='ocr_line' id='line_1_74' title="bbox 1962 1462 3574 1538; baseline 0.007 -25"><span class='ocrx_word' id='word_1_611' title='bbox 1962 1469 2133 1515; x_wconf 92' lang='lat' dir='ltr'><strong>totum</strong></span> <span class='ocrx_word' id='word_1_612' title='bbox 2159 1462 2230 1516; x_wconf 90' lang='lat' dir='ltr'><strong>sit</strong></span> <span class='ocrx_word' id='word_1_613' title='bbox 2257 1463 2479 1532; x_wconf 89' lang='lat' dir='ltr'><strong>superni</strong></span> <span class='ocrx_word' id='word_1_614' title='bbox 2509 1465 2717 1531; x_wconf 85' lang='lat' dir='ltr'><strong>auxilii,</strong></span> <span class='ocrx_word' id='word_1_615' title='bbox 2751 1464 2848 1520; x_wconf 90' lang='lat' dir='ltr'><strong>sed</strong></span> <span class='ocrx_word' id='word_1_616' title='bbox 2873 1476 3121 1538; x_wconf 87' lang='lat' dir='ltr'><strong>oporteat</strong></span> <span class='ocrx_word' id='word_1_617' title='bbox 3155 1469 3321 1525; x_wconf 85' lang='lat' dir='ltr'><strong>etiam</strong></span> <span class='ocrx_word' id='word_1_618' title='bbox 3351 1485 3449 1524; x_wconf 88' lang='lat' dir='ltr'><strong>nus</strong></span> <span class='ocrx_word' id='word_1_619' title='bbox 3475 1470 3574 1524; x_wconf 83' lang='lat' dir='ltr'><strong>ali-</strong></span> 
     </span>
    </p>
   </div>
   <div class='ocr_carea' id='block_1_75' title="bbox 1961 1552 3570 1630">
    <p class='ocr_par' dir='ltr' id='par_1_75' title="bbox 1961 1552 3570 1630">
     <span class='ocr_line' id='line_1_75' title="bbox 1961 1552 3570 1630; baseline 0.007 -26"><span class='ocrx_word' id='word_1_620' title='bbox 1961 1552 2088 1622; x_wconf 90' lang='lat' dir='ltr'><strong>quid</strong></span> <span class='ocrx_word' id='word_1_621' title='bbox 2112 1553 2270 1608; x_wconf 90' lang='lat' dir='ltr'><strong>simul</strong></span> <span class='ocrx_word' id='word_1_622' title='bbox 2293 1553 2520 1619; x_wconf 80' lang='lat' dir='ltr'><strong>aiferre;</strong></span> <span class='ocrx_word' id='word_1_623' title='bbox 2553 1571 2775 1627; x_wconf 87' lang='lat' dir='ltr'><strong>nequea</strong></span> <span class='ocrx_word' id='word_1_624' title='bbox 2796 1557 2950 1612; x_wconf 82' lang='lat' dir='ltr'><strong>nobis</strong></span> <span class='ocrx_word' id='word_1_625' title='bbox 2972 1558 3169 1614; x_wconf 90' lang='lat' dir='ltr'><strong>iterum</strong></span> <span class='ocrx_word' id='word_1_626' title='bbox 3189 1561 3354 1630; x_wconf 80' lang='lat' dir='ltr'><strong>exigit</strong></span> <span class='ocrx_word' id='word_1_627' title='bbox 3375 1569 3570 1628; x_wconf 89' lang='lat' dir='ltr'><strong>totum,</strong></span> 
     </span>
    </p>
   </div>
   <div class='ocr_carea' id='block_1_76' title="bbox 1960 1643 3570 1722">
    <p class='ocr_par' dir='ltr' id='par_1_76' title="bbox 1960 1643 3570 1722">
     <span class='ocr_line' id='line_1_76' title="bbox 1960 1643 3570 1722; baseline 0.007 -26"><span class='ocrx_word' id='word_1_628' title='bbox 1960 1643 2139 1699; x_wconf 87' lang='lat' dir='ltr'><strong>sciens</strong></span> <span class='ocrx_word' id='word_1_629' title='bbox 2166 1643 2494 1701; x_wconf 81' lang='lat' dir='ltr'><strong>inﬁrmitatis</strong></span> <span class='ocrx_word' id='word_1_630' title='bbox 2521 1656 2719 1702; x_wconf 80' lang='lat' dir='ltr'><strong>nostra:</strong></span> <span class='ocrx_word' id='word_1_631' title='bbox 2751 1649 3204 1716; x_wconf 79' lang='lat' dir='ltr'><strong>magnitudinem:</strong></span> <span class='ocrx_word' id='word_1_632' title='bbox 3227 1650 3321 1705; x_wconf 71' lang='lat' dir='ltr'><strong>sud</strong></span> <span class='ocrx_word' id='word_1_633' title='bbox 3350 1666 3446 1722; x_wconf 90' lang='lat' dir='ltr'><strong>pro</strong></span> <span class='ocrx_word' id='word_1_634' title='bbox 3473 1667 3570 1708; x_wconf 86' lang='lat' dir='ltr'><strong>sua</strong></span> 
     </span>
    </p>
   </div>
   <div class='ocr_carea' id='block_1_77' title="bbox 1960 1735 3570 1814">
    <p class='ocr_par' dir='ltr' id='par_1_77' title="bbox 1960 1735 3570 1814">
     <span class='ocr_line' id='line_1_77' title="bbox 1960 1735 3570 1814; baseline 0.008 -26"><span class='ocrx_word' id='word_1_635' title='bbox 1960 1735 2313 1806; x_wconf 76' lang='lat' dir='ltr'><strong>benignitate,</strong></span> <span class='ocrx_word' id='word_1_636' title='bbox 2345 1747 2399 1793; x_wconf 86' lang='lat' dir='ltr'><strong>et</strong></span> <span class='ocrx_word' id='word_1_637' title='bbox 2423 1739 2610 1794; x_wconf 86' lang='lat' dir='ltr'><strong>volens</strong></span> <span class='ocrx_word' id='word_1_638' title='bbox 2648 1742 2992 1797; x_wconf 89' lang='lat' dir='ltr'><strong>occasionem</strong></span> <span class='ocrx_word' id='word_1_639' title='bbox 3039 1742 3272 1812; x_wconf 85' lang='lat' dir='ltr'><strong>aliquam</strong></span> <span class='ocrx_word' id='word_1_640' title='bbox 3299 1747 3570 1814; x_wconf 87' lang='lat' dir='ltr'><strong>accipere,</strong></span> 
     </span>
    </p>
   </div>
   <div class='ocr_carea' id='block_1_78' title="bbox 1961 1827 3575 1902">
    <p class='ocr_par' dir='ltr' id='par_1_78' title="bbox 1961 1827 3575 1902">
     <span class='ocr_line' id='line_1_78' title="bbox 1961 1827 3575 1902; baseline 0.008 -24"><span class='ocrx_word' id='word_1_641' title='bbox 1961 1835 2018 1879; x_wconf 94' lang='lat' dir='ltr'><strong>ut</strong></span> <span class='ocrx_word' id='word_1_642' title='bbox 2042 1840 2194 1882; x_wconf 89' lang='lat' dir='ltr'><strong>suam</strong></span> <span class='ocrx_word' id='word_1_643' title='bbox 2214 1827 2456 1884; x_wconf 88' lang='lat' dir='ltr'><strong>declaret</strong></span> <span class='ocrx_word' id='word_1_644' title='bbox 2482 1829 2879 1892; x_wconf 86' lang='lat' dir='ltr'><strong>liberalitatem,</strong></span> <span class='ocrx_word' id='word_1_645' title='bbox 2899 1841 3183 1902; x_wconf 88' lang='lat' dir='ltr'><strong>exspectat</strong></span> <span class='ocrx_word' id='word_1_646' title='bbox 3208 1841 3266 1888; x_wconf 93' lang='lat' dir='ltr'><strong>ut</strong></span> <span class='ocrx_word' id='word_1_647' title='bbox 3283 1833 3575 1891; x_wconf 66' lang='lat' dir='ltr'><strong>aderamus</strong></span> 
     </span>
    </p>
   </div>
   <div class='ocr_carea' id='block_1_79' title="bbox 1957 1917 3572 1992">
    <p class='ocr_par' dir='ltr' id='par_1_79' title="bbox 1957 1917 3572 1992">
     <span class='ocr_line' id='line_1_79' title="bbox 1957 1917 3572 1992; baseline 0.006 -22"><span class='ocrx_word' id='word_1_648' title='bbox 1957 1931 2079 1986; x_wconf 67' lang='lat' dir='ltr'><strong>quae</strong></span> <span class='ocrx_word' id='word_1_649' title='bbox 2117 1931 2147 1972; x_wconf 91' lang='lat' dir='ltr'><strong>a</strong></span> <span class='ocrx_word' id='word_1_650' title='bbox 2190 1917 2345 1973; x_wconf 89' lang='lat' dir='ltr'><strong>nobis</strong></span> <span class='ocrx_word' id='word_1_651' title='bbox 2374 1929 2500 1974; x_wconf 90' lang='lat' dir='ltr'><strong>sunt</strong></span> <span class='ocrx_word' id='word_1_652' title='bbox 2525 1937 2538 1974; x_wconf 90' lang='lat'><strong>:</strong></span> <span class='ocrx_word' id='word_1_653' title='bbox 2566 1919 2618 1974; x_wconf 91' lang='lat' dir='ltr'><strong>id</strong></span> <span class='ocrx_word' id='word_1_654' title='bbox 2649 1921 2790 1992; x_wconf 78' lang='lat' dir='ltr'><strong>quod</strong></span> <span class='ocrx_word' id='word_1_655' title='bbox 2820 1931 2873 1976; x_wconf 90' lang='lat' dir='ltr'><strong>et</strong></span> <span class='ocrx_word' id='word_1_656' title='bbox 2899 1937 3044 1977; x_wconf 86' lang='lat' dir='ltr'><strong>nunc</strong></span> <span class='ocrx_word' id='word_1_657' title='bbox 3071 1921 3272 1982; x_wconf 79' lang='lat' dir='ltr'><strong>factum</strong></span> <span class='ocrx_word' id='word_1_658' title='bbox 3298 1933 3403 1978; x_wconf 91' lang='lat' dir='ltr'><strong>est.</strong></span> <span class='ocrx_word' id='word_1_659' title='bbox 3437 1923 3572 1980; x_wconf 79' lang='lat' dir='ltr'><strong>Nam</strong></span> 
     </span>
    </p>
   </div>
   <div class='ocr_carea' id='block_1_80' title="bbox 1957 2007 3573 2085">
    <p class='ocr_par' dir='ltr' id='par_1_80' title="bbox 1957 2007 3573 2085">
     <span class='ocr_line' id='line_1_80' title="bbox 1957 2007 3573 2085; baseline 0.005 -23"><span class='ocrx_word' id='word_1_660' title='bbox 1957 2007 2081 2077; x_wconf 87' lang='lat' dir='ltr'><strong>quia</strong></span> <span class='ocrx_word' id='word_1_661' title='bbox 2131 2007 2298 2065; x_wconf 86' lang='lat' dir='ltr'><strong>Jacob</strong></span> <span class='ocrx_word' id='word_1_662' title='bbox 2336 2019 2393 2065; x_wconf 92' lang='lat' dir='ltr'><strong>et</strong></span> <span class='ocrx_word' id='word_1_663' title='bbox 2440 2011 2684 2067; x_wconf 80' lang='lat' dir='ltr'><strong>Rebecca</strong></span> <span class='ocrx_word' id='word_1_664' title='bbox 2736 2013 2978 2068; x_wconf 82' lang='lat' dir='ltr'><strong>fecerunt</strong></span> <span class='ocrx_word' id='word_1_665' title='bbox 3015 2028 3077 2068; x_wconf 92' lang='lat' dir='ltr'><strong>ea</strong></span> <span class='ocrx_word' id='word_1_666' title='bbox 3116 2029 3239 2085; x_wconf 77' lang='lat' dir='ltr'><strong>qua:</strong></span> <span class='ocrx_word' id='word_1_667' title='bbox 3278 2030 3309 2069; x_wconf 92' lang='lat' dir='ltr'><strong>a</strong></span> <span class='ocrx_word' id='word_1_668' title='bbox 3348 2030 3408 2070; x_wconf 91' lang='lat' dir='ltr'><strong>se</strong></span> <span class='ocrx_word' id='word_1_669' title='bbox 3457 2015 3573 2072; x_wconf 77' lang='lat' dir='ltr'><strong>ﬁeri</strong></span> 
     </span>
    </p>
   </div>
   <div class='ocr_carea' id='block_1_81' title="bbox 1958 2098 3570 2173">
    <p class='ocr_par' dir='ltr' id='par_1_81' title="bbox 1958 2098 3570 2173">
     <span class='ocr_line' id='line_1_81' title="bbox 1958 2098 3570 2173; baseline 0.007 -22"><span class='ocrx_word' id='word_1_670' title='bbox 1958 2098 2282 2166; x_wconf 85' lang='lat' dir='ltr'><strong>oportebat:</strong></span> <span class='ocrx_word' id='word_1_671' title='bbox 2317 2107 2372 2156; x_wconf 88' lang='lat' dir='ltr'><strong>et</strong></span> <span class='ocrx_word' id='word_1_672' title='bbox 2419 2101 2508 2156; x_wconf 91' lang='lat' dir='ltr'><strong>ille</strong></span> <span class='ocrx_word' id='word_1_673' title='bbox 2555 2103 2772 2173; x_wconf 91' lang='lat' dir='ltr'><strong>quidem</strong></span> <span class='ocrx_word' id='word_1_674' title='bbox 2803 2105 3040 2160; x_wconf 86' lang='lat' dir='ltr'><strong>obedivit</strong></span> <span class='ocrx_word' id='word_1_675' title='bbox 3082 2106 3312 2161; x_wconf 89' lang='lat' dir='ltr'><strong>consilio</strong></span> <span class='ocrx_word' id='word_1_676' title='bbox 3355 2109 3570 2173; x_wconf 82' lang='lat' dir='ltr'><strong>matris,</strong></span> 
     </span>
    </p>
   </div>
   <div class='ocr_carea' id='block_1_82' title="bbox 1956 2186 3570 2267">
    <p class='ocr_par' dir='ltr' id='par_1_82' title="bbox 1956 2186 3570 2267">
     <span class='ocr_line' id='line_1_82' title="bbox 1956 2186 3570 2267; baseline 0.007 -25"><span class='ocrx_word' id='word_1_677' title='bbox 1956 2186 2076 2243; x_wconf 74' lang='lat' dir='ltr'><strong>hac</strong></span> <span class='ocrx_word' id='word_1_678' title='bbox 2129 2199 2311 2245; x_wconf 88' lang='lat' dir='ltr'><strong>autem</strong></span> <span class='ocrx_word' id='word_1_679' title='bbox 2340 2192 2522 2247; x_wconf 88' lang='lat' dir='ltr'><strong>omnia</strong></span> <span class='ocrx_word' id='word_1_680' title='bbox 2550 2209 2673 2264; x_wconf 75' lang='lat' dir='ltr'><strong>qua:</strong></span> <span class='ocrx_word' id='word_1_681' title='bbox 2723 2195 2792 2249; x_wconf 86' lang='lat' dir='ltr'><strong>ad</strong></span> <span class='ocrx_word' id='word_1_682' title='bbox 2837 2211 2898 2252; x_wconf 89' lang='lat' dir='ltr'><strong>se</strong></span> <span class='ocrx_word' id='word_1_683' title='bbox 2945 2197 3249 2252; x_wconf 87' lang='lat' dir='ltr'><strong>attinebant</strong></span> <span class='ocrx_word' id='word_1_684' title='bbox 3291 2197 3570 2267; x_wconf 66' lang='lat' dir='ltr'><strong>imi-Iuvit:</strong></span> 
     </span>
    </p>
   </div>
   <div class='ocr_carea' id='block_1_83' title="bbox 1958 2280 3571 2359">
    <p class='ocr_par' dir='ltr' id='par_1_83' title="bbox 1958 2280 3571 2359">
     <span class='ocr_line' id='line_1_83' title="bbox 1958 2280 3571 2359; baseline 0.007 -24"><span class='ocrx_word' id='word_1_685' title='bbox 1958 2289 2087 2335; x_wconf 86' lang='lat' dir='ltr'><strong>tunc</strong></span> <span class='ocrx_word' id='word_1_686' title='bbox 2131 2280 2268 2344; x_wconf 87' lang='lat' dir='ltr'><strong>ultra</strong></span> <span class='ocrx_word' id='word_1_687' title='bbox 2324 2282 2497 2337; x_wconf 86' lang='lat' dir='ltr'><strong>bonus</strong></span> <span class='ocrx_word' id='word_1_688' title='bbox 2543 2285 2801 2342; x_wconf 88' lang='lat' dir='ltr'><strong>Dominus</strong></span> <span class='ocrx_word' id='word_1_689' title='bbox 2848 2302 3039 2359; x_wconf 80' lang='lat' dir='ltr'><strong>magna</strong></span> <span class='ocrx_word' id='word_1_690' title='bbox 3085 2289 3339 2345; x_wconf 80' lang='lat' dir='ltr'><strong>facilitate</strong></span> <span class='ocrx_word' id='word_1_691' title='bbox 3385 2290 3571 2359; x_wconf 82' lang='lat' dir='ltr'><strong>perlici</strong></span> 
     </span>
    </p>
   </div>
   <div class='ocr_carea' id='block_1_84' title="bbox 1956 2373 3571 2448">
    <p class='ocr_par' dir='ltr' id='par_1_84' title="bbox 1956 2373 3571 2448">
     <span class='ocr_line' id='line_1_84' title="bbox 1956 2373 3571 2448; baseline 0.007 -22"><span class='ocrx_word' id='word_1_692' title='bbox 1956 2373 2166 2427; x_wconf 79' lang='lat' dir='ltr'><strong>curavit</strong></span> <span class='ocrx_word' id='word_1_693' title='bbox 2209 2373 2352 2443; x_wconf 85' lang='lat' dir='ltr'><strong>quod</strong></span> <span class='ocrx_word' id='word_1_694' title='bbox 2379 2375 2619 2431; x_wconf 91' lang='lat' dir='ltr'><strong>omnium</strong></span> <span class='ocrx_word' id='word_1_695' title='bbox 2667 2387 2784 2432; x_wconf 88' lang='lat' dir='ltr'><strong>erat</strong></span> <span class='ocrx_word' id='word_1_696' title='bbox 2815 2378 3211 2448; x_wconf 78' lang='lat' dir='ltr'><strong>difﬁcillimum,</strong></span> <span class='ocrx_word' id='word_1_697' title='bbox 3246 2397 3314 2437; x_wconf 91' lang='lat' dir='ltr'><strong>ne</strong></span> <span class='ocrx_word' id='word_1_698' title='bbox 3361 2380 3571 2438; x_wconf 80' lang='lat' dir='ltr'><strong>fraudis</strong></span> 
     </span>
    </p>
   </div>
   <div class='ocr_carea' id='block_1_85' title="bbox 1957 2461 3571 2545">
    <p class='ocr_par' dir='ltr' id='par_1_85' title="bbox 1957 2461 3571 2545">
     <span class='ocr_line' id='line_1_85' title="bbox 1957 2461 3571 2545; baseline 0.008 -29"><span class='ocrx_word' id='word_1_699' title='bbox 1957 2461 2119 2532; x_wconf 80' lang='lat' dir='ltr'><strong>hujus</strong></span> <span class='ocrx_word' id='word_1_700' title='bbox 2148 2463 2324 2520; x_wconf 75' lang='lat' dir='ltr'><strong>fabula</strong></span> <span class='ocrx_word' id='word_1_701' title='bbox 2348 2475 2473 2521; x_wconf 85' lang='lat' dir='ltr'><strong>nota</strong></span> <span class='ocrx_word' id='word_1_702' title='bbox 2504 2480 2652 2523; x_wconf 85' lang='lat' dir='ltr'><strong>esset</strong></span> <span class='ocrx_word' id='word_1_703' title='bbox 2675 2468 2882 2526; x_wconf 86' lang='lat' dir='ltr'><strong>lsaaco.</strong></span> <span class='ocrx_word' id='word_1_704' title='bbox 2914 2472 3047 2527; x_wconf 80' lang='lat' dir='ltr'><strong>Nam</strong></span> <span class='ocrx_word' id='word_1_705' title='bbox 3077 2483 3364 2545; x_wconf 88' lang='lat' dir='ltr'><strong>postquam</strong></span> <span class='ocrx_word' id='word_1_706' title='bbox 3389 2476 3571 2535; x_wconf 88' lang='lat' dir='ltr'><strong>attulit</strong></span> 
     </span>
    </p>
   </div>
   <div class='ocr_carea' id='block_1_86' title="bbox 1956 2552 3566 2635">
    <p class='ocr_par' dir='ltr' id='par_1_86' title="bbox 1956 2552 3566 2635">
     <span class='ocr_line' id='line_1_86' title="bbox 1956 2552 3566 2635; baseline 0.009 -28"><span class='ocrx_word' id='word_1_707' title='bbox 1956 2552 2134 2609; x_wconf 86' lang='lat' dir='ltr'><strong>edulia</strong></span> <span class='ocrx_word' id='word_1_708' title='bbox 2183 2557 2342 2625; x_wconf 88' lang='lat' dir='ltr'><strong>patri,</strong></span> <span class='ocrx_word' id='word_1_709' title='bbox 2375 2558 2462 2613; x_wconf 87' lang='grc'><strong>19.</strong></span> <span class='ocrx_word' id='word_1_710' title='bbox 2497 2557 2640 2614; x_wconf 70' lang='lat' dir='ltr'><strong>Discit</strong></span> <span class='ocrx_word' id='word_1_711' title='bbox 2682 2562 2751 2614; x_wconf 87' lang='lat' dir='ltr'><strong>ad</strong></span> <span class='ocrx_word' id='word_1_712' title='bbox 2792 2579 2907 2616; x_wconf 89' lang='lat' dir='ltr'><strong>eum</strong></span> <span class='ocrx_word' id='word_1_713' title='bbox 2929 2580 2948 2617; x_wconf 89' lang='lat'><strong>:</strong></span> <span class='ocrx_word' id='word_1_714' title='bbox 2981 2563 3106 2631; x_wconf 84' lang='lat' dir='ltr'><strong>Quis</strong></span> <span class='ocrx_word' id='word_1_715' title='bbox 3148 2575 3202 2619; x_wconf 86' lang='lat' dir='ltr'><strong>tu</strong></span> <span class='ocrx_word' id='word_1_716' title='bbox 3232 2583 3304 2632; x_wconf 84' lang='lat' dir='ltr'><strong>es,</strong></span> <span class='ocrx_word' id='word_1_717' title='bbox 3338 2567 3413 2635; x_wconf 80' lang='lat' dir='ltr'><strong>ﬁli</strong></span> <span class='ocrx_word' id='word_1_718' title='bbox 3439 2568 3465 2621; x_wconf 83' lang='lat'><strong>.’</strong></span> <span class='ocrx_word' id='word_1_719' title='bbox 3495 2567 3566 2626; x_wconf 68' lang='lat' dir='ltr'><strong>Et</strong></span> 
     </span>
    </p>
   </div>
   <div class='ocr_carea' id='block_1_87' title="bbox 1956 2645 3571 2728">
    <p class='ocr_par' dir='ltr' id='par_1_87' title="bbox 1956 2645 3571 2728">
     <span class='ocr_line' id='line_1_87' title="bbox 1956 2645 3571 2728; baseline 0.01 -30"><span class='ocrx_word' id='word_1_720' title='bbox 1956 2645 2089 2700; x_wconf 71' lang='lat' dir='ltr'><strong>dixit</strong></span> <span class='ocrx_word' id='word_1_721' title='bbox 2131 2646 2294 2702; x_wconf 69' lang='lat' dir='ltr'><strong>Iacob</strong></span> <span class='ocrx_word' id='word_1_722' title='bbox 2321 2649 2390 2701; x_wconf 85' lang='lat' dir='ltr'><strong>ad</strong></span> <span class='ocrx_word' id='word_1_723' title='bbox 2435 2661 2628 2719; x_wconf 89' lang='lat' dir='ltr'><strong>patrem</strong></span> <span class='ocrx_word' id='word_1_724' title='bbox 2659 2669 2807 2707; x_wconf 87' lang='lat' dir='ltr'><strong>suum</strong></span> <span class='ocrx_word' id='word_1_725' title='bbox 2840 2671 2858 2707; x_wconf 92' lang='lat'><strong>:</strong></span> <span class='ocrx_word' id='word_1_726' title='bbox 2903 2654 3169 2727; x_wconf 82' lang='lat' dir='ltr'><strong>Egosum</strong></span> <span class='ocrx_word' id='word_1_727' title='bbox 3201 2656 3342 2712; x_wconf 85' lang='lat' dir='ltr'><strong>Esau</strong></span> <span class='ocrx_word' id='word_1_728' title='bbox 3371 2660 3571 2728; x_wconf 57' lang='lat' dir='ltr'><strong>primo-</strong></span> 
     </span>
    </p>
   </div>
   <div class='ocr_carea' id='block_1_88' title="bbox 1950 2739 3572 2824">
    <p class='ocr_par' dir='ltr' id='par_1_88' title="bbox 1950 2739 3572 2824">
     <span class='ocr_line' id='line_1_88' title="bbox 1950 2739 3572 2824; baseline 0.009 -32"><span class='ocrx_word' id='word_1_729' title='bbox 1950 2739 2153 2821; x_wconf 61' lang='lat' dir='ltr'><strong>genitus</strong></span> <span class='ocrx_word' id='word_1_730' title='bbox 2196 2750 2313 2794; x_wconf 85' lang='lat' dir='ltr'><strong>tuus</strong></span> <span class='ocrx_word' id='word_1_731' title='bbox 2340 2757 2359 2795; x_wconf 90' lang='lat'><strong>:</strong></span> <span class='ocrx_word' id='word_1_732' title='bbox 2393 2743 2492 2812; x_wconf 76' lang='lat' dir='ltr'><strong>feci</strong></span> <span class='ocrx_word' id='word_1_733' title='bbox 2537 2743 2626 2796; x_wconf 86' lang='lat' dir='ltr'><strong>tibi</strong></span> <span class='ocrx_word' id='word_1_734' title='bbox 2669 2746 2799 2798; x_wconf 85' lang='lat' dir='ltr'><strong>sicut</strong></span> <span class='ocrx_word' id='word_1_735' title='bbox 2847 2747 3082 2817; x_wconf 85' lang='lat' dir='ltr'><strong>loquutus</strong></span> <span class='ocrx_word' id='word_1_736' title='bbox 3125 2750 3251 2802; x_wconf 80' lang='lat' dir='ltr'><strong>milii</strong></span> <span class='ocrx_word' id='word_1_737' title='bbox 3280 2768 3350 2805; x_wconf 80' lang='lat' dir='ltr'><strong>cs.</strong></span> <span class='ocrx_word' id='word_1_738' title='bbox 3399 2750 3572 2824; x_wconf 71' lang='lat' dir='ltr'><strong>Surge</strong></span> 
     </span>
    </p>
   </div>
   <div class='ocr_carea' id='block_1_89' title="bbox 1953 2812 3570 2906">
    <p class='ocr_par' dir='ltr' id='par_1_89' title="bbox 1953 2812 3570 2906">
     <span class='ocr_line' id='line_1_89' title="bbox 1953 2812 3570 2906; baseline 0.01 -23"><span class='ocrx_word' id='word_1_739' title='bbox 1953 2812 2096 2902; x_wconf 74' lang='lat' dir='ltr'><strong>ergo,</strong></span> <span class='ocrx_word' id='word_1_740' title='bbox 2116 2833 2252 2896; x_wconf 85' lang='lat' dir='ltr'><strong>sede,</strong></span> <span class='ocrx_word' id='word_1_741' title='bbox 2279 2842 2325 2889; x_wconf 83' lang='lat' dir='ltr'><strong>et</strong></span> <span class='ocrx_word' id='word_1_742' title='bbox 2346 2837 2554 2890; x_wconf 87' lang='lat' dir='ltr'><strong>comede</strong></span> <span class='ocrx_word' id='word_1_743' title='bbox 2581 2837 2646 2891; x_wconf 90' lang='lat' dir='ltr'><strong>de</strong></span> <span class='ocrx_word' id='word_1_744' title='bbox 2675 2839 2938 2894; x_wconf 84' lang='lat' dir='ltr'><strong>venatione</strong></span> <span class='ocrx_word' id='word_1_745' title='bbox 2961 2857 3091 2906; x_wconf 84' lang='lat' dir='ltr'><strong>mea,</strong></span> <span class='ocrx_word' id='word_1_746' title='bbox 3119 2853 3170 2896; x_wconf 90' lang='lat' dir='ltr'><strong>ut</strong></span> <span class='ocrx_word' id='word_1_747' title='bbox 3197 2843 3460 2898; x_wconf 76' lang='lat' dir='ltr'><strong>benedicat</strong></span> <span class='ocrx_word' id='word_1_748' title='bbox 3489 2859 3570 2900; x_wconf 75' lang='lat' dir='ltr'><strong>me</strong></span> 
     </span>
    </p>
   </div>
   <div class='ocr_carea' id='block_1_90' title="bbox 1953 2924 3569 3003">
    <p class='ocr_par' dir='ltr' id='par_1_90' title="bbox 1953 2924 3569 3003">
     <span class='ocr_line' id='line_1_90' title="bbox 1953 2924 3569 3003; baseline 0.01 -27"><span class='ocrx_word' id='word_1_749' title='bbox 1953 2924 2127 2977; x_wconf 87' lang='lat' dir='ltr'><strong>anima</strong></span> <span class='ocrx_word' id='word_1_750' title='bbox 2151 2933 2261 2980; x_wconf 89' lang='lat' dir='ltr'><strong>tua.</strong></span> <span class='ocrx_word' id='word_1_751' title='bbox 2281 2925 2575 2982; x_wconf 82' lang='lat' dir='ltr'><strong>Considera</strong></span> <span class='ocrx_word' id='word_1_752' title='bbox 2602 2929 2704 2995; x_wconf 85' lang='lat' dir='ltr'><strong>hic,</strong></span> <span class='ocrx_word' id='word_1_753' title='bbox 2738 2931 2987 3000; x_wconf 89' lang='lat' dir='ltr'><strong>obsecro,</strong></span> <span class='ocrx_word' id='word_1_754' title='bbox 3007 2944 3205 3003; x_wconf 84' lang='lat' dir='ltr'><strong>quanta</strong></span> <span class='ocrx_word' id='word_1_755' title='bbox 3227 2950 3351 2992; x_wconf 88' lang='lat' dir='ltr'><strong>cum</strong></span> <span class='ocrx_word' id='word_1_756' title='bbox 3379 2936 3569 2991; x_wconf 80' lang='lat' dir='ltr'><strong>anxie-</strong></span> 
     </span>
    </p>
   </div>
   <div class='ocr_carea' id='block_1_91' title="bbox 1957 3015 3568 3098">
    <p class='ocr_par' dir='ltr' id='par_1_91' title="bbox 1957 3015 3568 3098">
     <span class='ocr_line' id='line_1_91' title="bbox 1957 3015 3568 3098; baseline 0.01 -31"><span class='ocrx_word' id='word_1_757' title='bbox 1957 3022 2064 3069; x_wconf 87' lang='lat' dir='ltr'><strong>tate</strong></span> <span class='ocrx_word' id='word_1_758' title='bbox 2084 3015 2247 3070; x_wconf 87' lang='lat' dir='ltr'><strong>verba</strong></span> <span class='ocrx_word' id='word_1_759' title='bbox 2275 3017 2393 3072; x_wconf 66' lang='lat' dir='ltr'><strong>haec</strong></span> <span class='ocrx_word' id='word_1_760' title='bbox 2421 3018 2674 3090; x_wconf 86' lang='lat' dir='ltr'><strong>loquutus</strong></span> <span class='ocrx_word' id='word_1_761' title='bbox 2700 3022 2770 3076; x_wconf 92' lang='lat' dir='ltr'><strong>sit</strong></span> <span class='ocrx_word' id='word_1_762' title='bbox 2793 3021 2981 3078; x_wconf 79' lang='lat' dir='ltr'><strong>Jacob.</strong></span> <span class='ocrx_word' id='word_1_763' title='bbox 3005 3025 3108 3091; x_wconf 86' lang='lat' dir='ltr'><strong>Qui</strong></span> <span class='ocrx_word' id='word_1_764' title='bbox 3131 3027 3272 3081; x_wconf 82' lang='lat' dir='ltr'><strong>enim</strong></span> <span class='ocrx_word' id='word_1_765' title='bbox 3300 3028 3568 3098; x_wconf 82' lang='lat' dir='ltr'><strong>principio</strong></span> 
     </span>
    </p>
   </div>
   <div class='ocr_carea' id='block_1_92' title="bbox 1954 3103 3570 3185">
    <p class='ocr_par' dir='ltr' id='par_1_92' title="bbox 1954 3103 3570 3185">
     <span class='ocr_line' id='line_1_92' title="bbox 1954 3103 3570 3185; baseline 0.012 -29"><span class='ocrx_word' id='word_1_766' title='bbox 1954 3103 2162 3162; x_wconf 89' lang='lat' dir='ltr'><strong>dixerat</strong></span> <span class='ocrx_word' id='word_1_767' title='bbox 2186 3109 2388 3163; x_wconf 88' lang='lat' dir='ltr'><strong>matri:</strong></span> <span class='ocrx_word' id='word_1_768' title='bbox 2422 3109 2613 3164; x_wconf 84' lang='lat' dir='ltr'><strong>Timeo</strong></span> <span class='ocrx_word' id='word_1_769' title='bbox 2643 3125 2712 3166; x_wconf 87' lang='lat' dir='ltr'><strong>ne</strong></span> <span class='ocrx_word' id='word_1_770' title='bbox 2739 3112 2988 3168; x_wconf 85' lang='lat' dir='ltr'><strong>inducam</strong></span> <span class='ocrx_word' id='word_1_771' title='bbox 3023 3129 3187 3185; x_wconf 69' lang='lat' dir='ltr'><strong>Super</strong></span> <span class='ocrx_word' id='word_1_772' title='bbox 3216 3133 3304 3173; x_wconf 89' lang='lat' dir='ltr'><strong>me</strong></span> <span class='ocrx_word' id='word_1_773' title='bbox 3342 3119 3570 3176; x_wconf 80' lang='lat' dir='ltr'><strong>maledi-</strong></span> 
     </span>
    </p>
   </div>
   <div class='ocr_carea' id='block_1_93' title="bbox 1953 3195 3566 3280">
    <p class='ocr_par' dir='ltr' id='par_1_93' title="bbox 1953 3195 3566 3280">
     <span class='ocr_line' id='line_1_93' title="bbox 1953 3195 3566 3280; baseline 0.009 -30"><span class='ocrx_word' id='word_1_774' title='bbox 1953 3195 2206 3264; x_wconf 81' lang='lat' dir='ltr'><strong>ctioncm,</strong></span> <span class='ocrx_word' id='word_1_775' title='bbox 2246 3207 2302 3254; x_wconf 88' lang='lat' dir='ltr'><strong>et</strong></span> <span class='ocrx_word' id='word_1_776' title='bbox 2352 3216 2458 3254; x_wconf 86' lang='lat' dir='ltr'><strong>non</strong></span> <span class='ocrx_word' id='word_1_777' title='bbox 2519 3202 2988 3261; x_wconf 78' lang='lat' dir='ltr'><strong>benedictionem:</strong></span> <span class='ocrx_word' id='word_1_778' title='bbox 3037 3222 3181 3262; x_wconf 87' lang='lat' dir='ltr'><strong>nunc</strong></span> <span class='ocrx_word' id='word_1_779' title='bbox 3221 3211 3470 3280; x_wconf 71' lang='lat' dir='ltr'><strong>expende</strong></span> <span class='ocrx_word' id='word_1_780' title='bbox 3513 3213 3566 3265; x_wconf 92' lang='lat' dir='ltr'><strong>in</strong></span> 
     </span>
    </p>
   </div>
   <div class='ocr_carea' id='block_1_94' title="bbox 1953 3290 3564 3368">
    <p class='ocr_par' dir='ltr' id='par_1_94' title="bbox 1953 3290 3564 3368">
     <span class='ocr_line' id='line_1_94' title="bbox 1953 3290 3564 3368; baseline 0.008 -26"><span class='ocrx_word' id='word_1_781' title='bbox 1953 3297 2156 3356; x_wconf 89' lang='lat' dir='ltr'><strong>quanto</strong></span> <span class='ocrx_word' id='word_1_782' title='bbox 2179 3290 2371 3345; x_wconf 89' lang='lat' dir='ltr'><strong>timore</strong></span> <span class='ocrx_word' id='word_1_783' title='bbox 2393 3294 2720 3355; x_wconf 81' lang='lat' dir='ltr'><strong>constitutus</strong></span> <span class='ocrx_word' id='word_1_784' title='bbox 2750 3295 2932 3364; x_wconf 82' lang='lat' dir='ltr'><strong>fuerit,</strong></span> <span class='ocrx_word' id='word_1_785' title='bbox 2957 3297 3046 3368; x_wconf 88' lang='lat' dir='ltr'><strong>qui</strong></span> <span class='ocrx_word' id='word_1_786' title='bbox 3080 3308 3281 3353; x_wconf 87' lang='lat' dir='ltr'><strong>tantam</strong></span> <span class='ocrx_word' id='word_1_787' title='bbox 3329 3302 3564 3356; x_wconf 76' lang='lat' dir='ltr'><strong>fabulam</strong></span> 
     </span>
    </p>
   </div>
   <div class='ocr_carea' id='block_1_95' title="bbox 1953 3378 3568 3459">
    <p class='ocr_par' dir='ltr' id='par_1_95' title="bbox 1953 3378 3568 3459">
     <span class='ocr_line' id='line_1_95' title="bbox 1953 3378 3568 3459; baseline 0.01 -29"><span class='ocrx_word' id='word_1_788' title='bbox 1953 3378 2176 3446; x_wconf 80' lang='lat' dir='ltr'><strong>ageret?</strong></span> <span class='ocrx_word' id='word_1_789' title='bbox 2205 3379 2398 3435; x_wconf 84' lang='lat' dir='ltr'><strong>Verum</strong></span> <span class='ocrx_word' id='word_1_790' title='bbox 2433 3384 2559 3452; x_wconf 87' lang='lat' dir='ltr'><strong>quia</strong></span> <span class='ocrx_word' id='word_1_791' title='bbox 2611 3385 2749 3440; x_wconf 75' lang='lat' dir='ltr'><strong>Deus</strong></span> <span class='ocrx_word' id='word_1_792' title='bbox 2779 3397 2896 3440; x_wconf 86' lang='lat' dir='ltr'><strong>erat</strong></span> <span class='ocrx_word' id='word_1_793' title='bbox 2924 3389 3013 3457; x_wconf 91' lang='lat' dir='ltr'><strong>qui</strong></span> <span class='ocrx_word' id='word_1_794' title='bbox 3060 3391 3456 3459; x_wconf 71' lang='lat' dir='ltr'><strong>coeperabatur</strong></span> <span class='ocrx_word' id='word_1_795' title='bbox 3502 3392 3568 3446; x_wconf 83' lang='lat' dir='ltr'><strong>iis</strong></span> 
     </span>
    </p>
   </div>
   <div class='ocr_carea' id='block_1_96' title="bbox 1953 3472 3565 3556">
    <p class='ocr_par' dir='ltr' id='par_1_96' title="bbox 1953 3472 3565 3556">
     <span class='ocr_line' id='line_1_96' title="bbox 1953 3472 3565 3556; baseline 0.011 -33"><span class='ocrx_word' id='word_1_796' title='bbox 1953 3487 2073 3541; x_wconf 72' lang='lat' dir='ltr'><strong>qua:</strong></span> <span class='ocrx_word' id='word_1_797' title='bbox 2105 3472 2324 3541; x_wconf 75' lang='lat' dir='ltr'><strong>fiebant,</strong></span> <span class='ocrx_word' id='word_1_798' title='bbox 2355 3478 2533 3530; x_wconf 85' lang='lat' dir='ltr'><strong>omnia</strong></span> <span class='ocrx_word' id='word_1_799' title='bbox 2563 3494 2728 3548; x_wconf 88' lang='lat' dir='ltr'><strong>opere</strong></span> <span class='ocrx_word' id='word_1_800' title='bbox 2763 3490 2888 3535; x_wconf 90' lang='lat' dir='ltr'><strong>sunt</strong></span> <span class='ocrx_word' id='word_1_801' title='bbox 2928 3481 3166 3553; x_wconf 83' lang='lat' dir='ltr'><strong>impleta.</strong></span> <span class='ocrx_word' id='word_1_802' title='bbox 3200 3483 3338 3552; x_wconf 85' lang='lat' dir='ltr'><strong>Quid</strong></span> <span class='ocrx_word' id='word_1_803' title='bbox 3380 3486 3565 3556; x_wconf 83' lang='lat' dir='ltr'><strong>igitur,</strong></span> 
     </span>
    </p>
   </div>
   <div class='ocr_carea' id='block_1_97' title="bbox 1953 3564 3569 3640">
    <p class='ocr_par' dir='ltr' id='par_1_97' title="bbox 1953 3564 3569 3640">
     <span class='ocr_line' id='line_1_97' title="bbox 1953 3564 3569 3640; baseline 0.009 -23"><span class='ocrx_word' id='word_1_804' title='bbox 1953 3564 2098 3620; x_wconf 88' lang='lat' dir='ltr'><strong>dicet</strong></span> <span class='ocrx_word' id='word_1_805' title='bbox 2141 3566 2354 3636; x_wconf 88' lang='lat' dir='ltr'><strong>aliquis,</strong></span> <span class='ocrx_word' id='word_1_806' title='bbox 2387 3580 2780 3640; x_wconf 84' lang='lat' dir='ltr'><strong>cooperatusne</strong></span> <span class='ocrx_word' id='word_1_807' title='bbox 2811 3573 2952 3628; x_wconf 87' lang='lat' dir='ltr'><strong>Deus</strong></span> <span class='ocrx_word' id='word_1_808' title='bbox 2982 3583 3067 3630; x_wconf 90' lang='lat' dir='ltr'><strong>est</strong></span> <span class='ocrx_word' id='word_1_809' title='bbox 3105 3577 3429 3632; x_wconf 84' lang='lat' dir='ltr'><strong>mendacio?</strong></span> <span class='ocrx_word' id='word_1_810' title='bbox 3475 3577 3569 3632; x_wconf 89' lang='lat' dir='ltr'><strong>Di-</strong></span> 
     </span>
    </p>
   </div>
   <div class='ocr_carea' id='block_1_98' title="bbox 1952 3657 3564 3737">
    <p class='ocr_par' dir='ltr' id='par_1_98' title="bbox 1952 3657 3564 3737">
     <span class='ocr_line' id='line_1_98' title="bbox 1952 3657 3564 3737; baseline 0.009 -26"><span class='ocrx_word' id='word_1_811' title='bbox 1952 3657 2110 3724; x_wconf 88' lang='lat' dir='ltr'><strong>lecte,</strong></span> <span class='ocrx_word' id='word_1_812' title='bbox 2144 3675 2211 3715; x_wconf 90' lang='lat' dir='ltr'><strong>ne</strong></span> <span class='ocrx_word' id='word_1_813' title='bbox 2239 3662 2461 3733; x_wconf 83' lang='lat' dir='ltr'><strong>indages</strong></span> <span class='ocrx_word' id='word_1_814' title='bbox 2503 3673 2714 3720; x_wconf 85' lang='lat' dir='ltr'><strong>tantum</strong></span> <span class='ocrx_word' id='word_1_815' title='bbox 2740 3667 2880 3737; x_wconf 90' lang='lat' dir='ltr'><strong>quod</strong></span> <span class='ocrx_word' id='word_1_816' title='bbox 2909 3667 2982 3734; x_wconf 84' lang='lat' dir='ltr'><strong>lit,</strong></span> <span class='ocrx_word' id='word_1_817' title='bbox 3015 3669 3108 3724; x_wconf 90' lang='lat' dir='ltr'><strong>sed</strong></span> <span class='ocrx_word' id='word_1_818' title='bbox 3155 3671 3377 3728; x_wconf 87' lang='lat' dir='ltr'><strong>attende</strong></span> <span class='ocrx_word' id='word_1_819' title='bbox 3402 3672 3564 3727; x_wconf 88' lang='lat' dir='ltr'><strong>etiam</strong></span> 
     </span>
    </p>
   </div>
   <div class='ocr_carea' id='block_1_99' title="bbox 1952 3756 3567 3831">
    <p class='ocr_par' dir='ltr' id='par_1_99' title="bbox 1952 3756 3567 3831">
     <span class='ocr_line' id='line_1_99' title="bbox 1952 3756 3567 3831; baseline 0.009 -27"><span class='ocrx_word' id='word_1_820' title='bbox 1952 3765 2197 3820; x_wconf 82' lang='lat' dir='ltr'><strong>seupum,</strong></span> <span class='ocrx_word' id='word_1_821' title='bbox 2230 3763 2284 3808; x_wconf 89' lang='lat' dir='ltr'><strong>et</strong></span> <span class='ocrx_word' id='word_1_822' title='bbox 2315 3756 2456 3825; x_wconf 77' lang='lat' dir='ltr'><strong>quod</strong></span> <span class='ocrx_word' id='word_1_823' title='bbox 2509 3757 2558 3809; x_wconf 92' lang='lat' dir='ltr'><strong>id</strong></span> <span class='ocrx_word' id='word_1_824' title='bbox 2592 3772 2700 3812; x_wconf 90' lang='lat' dir='ltr'><strong>non</strong></span> <span class='ocrx_word' id='word_1_825' title='bbox 2742 3757 2945 3816; x_wconf 84' lang='lat' dir='ltr'><strong>factum</strong></span> <span class='ocrx_word' id='word_1_826' title='bbox 2973 3760 3044 3814; x_wconf 88' lang='lat' dir='ltr'><strong>sit</strong></span> <span class='ocrx_word' id='word_1_827' title='bbox 3072 3763 3387 3831; x_wconf 77' lang='lat' dir='ltr'><strong>teinporalis</strong></span> <span class='ocrx_word' id='word_1_828' title='bbox 3416 3777 3567 3818; x_wconf 81' lang='lat' dir='ltr'><strong>cont-</strong></span> 
     </span>
    </p>
   </div>
   <div class='ocr_carea' id='block_1_100' title="bbox 1949 3842 3568 3923">
    <p class='ocr_par' dir='ltr' id='par_1_100' title="bbox 1949 3842 3568 3923">
     <span class='ocr_line' id='line_1_100' title="bbox 1949 3842 3568 3923; baseline 0.009 -26"><span class='ocrx_word' id='word_1_829' title='bbox 1949 3842 2097 3897; x_wconf 82' lang='lat' dir='ltr'><strong>mudi</strong></span> <span class='ocrx_word' id='word_1_830' title='bbox 2121 3844 2203 3899; x_wconf 92' lang='lat' dir='ltr'><strong>vel</strong></span> <span class='ocrx_word' id='word_1_831' title='bbox 2231 3847 2470 3901; x_wconf 74' lang='lat' dir='ltr'><strong>avaritia:</strong></span> <span class='ocrx_word' id='word_1_832' title='bbox 2495 3862 2678 3916; x_wconf 89' lang='lat' dir='ltr'><strong>causa,</strong></span> <span class='ocrx_word' id='word_1_833' title='bbox 2710 3848 2805 3904; x_wconf 87' lang='lat' dir='ltr'><strong>sed</strong></span> <span class='ocrx_word' id='word_1_834' title='bbox 2829 3851 2969 3921; x_wconf 87' lang='lat' dir='ltr'><strong>quod</strong></span> <span class='ocrx_word' id='word_1_835' title='bbox 3012 3853 3101 3907; x_wconf 90' lang='lat' dir='ltr'><strong>ille</strong></span> <span class='ocrx_word' id='word_1_836' title='bbox 3129 3855 3294 3923; x_wconf 88' lang='lat' dir='ltr'><strong>patris</strong></span> <span class='ocrx_word' id='word_1_837' title='bbox 3334 3855 3568 3911; x_wconf 27' lang='lat' dir='ltr'><strong>.bcnedi‘</strong></span> 
     </span>
    </p>
   </div>
   <div class='ocr_carea' id='block_1_101' title="bbox 1953 3936 3568 4018">
    <p class='ocr_par' dir='ltr' id='par_1_101' title="bbox 1953 3936 3568 4018">
     <span class='ocr_line' id='line_1_101' title="bbox 1953 3936 3568 4018; baseline 0.009 -29"><span class='ocrx_word' id='word_1_838' title='bbox 1953 3937 2189 3993; x_wconf 86' lang='lat' dir='ltr'><strong>ctioucm</strong></span> <span class='ocrx_word' id='word_1_839' title='bbox 2218 3939 2318 3994; x_wconf 89' lang='lat' dir='ltr'><strong>sibi</strong></span> <span class='ocrx_word' id='word_1_840' title='bbox 2349 3954 2666 4010; x_wconf 85' lang='lat' dir='ltr'><strong>comparare</strong></span> <span class='ocrx_word' id='word_1_841' title='bbox 2697 3943 2937 3998; x_wconf 83' lang='lat' dir='ltr'><strong>studeret</strong></span> <span class='ocrx_word' id='word_1_842' title='bbox 2971 3963 2985 4000; x_wconf 86' lang='lat'><strong>:</strong></span> <span class='ocrx_word' id='word_1_843' title='bbox 3026 3936 3229 4018; x_wconf 62' lang='grc' dir='ltr'><strong>πηίορυὶ</strong></span> <span class='ocrx_word' id='word_1_844' title='bbox 3260 3947 3304 4003; x_wconf 92' lang='lat' dir='ltr'><strong>si</strong></span> <span class='ocrx_word' id='word_1_845' title='bbox 3337 3950 3407 4003; x_wconf 91' lang='lat' dir='ltr'><strong>ita</strong></span> <span class='ocrx_word' id='word_1_846' title='bbox 3437 3949 3568 4003; x_wconf 78' lang='lat' dir='ltr'><strong>sim-</strong></span> 
     </span>
    </p>
   </div>
   <div class='ocr_carea' id='block_1_102' title="bbox 1953 4028 3568 4113">
    <p class='ocr_par' dir='ltr' id='par_1_102' title="bbox 1953 4028 3568 4113">
     <span class='ocr_line' id='line_1_102' title="bbox 1953 4028 3568 4113; baseline 0.009 -31"><span class='ocrx_word' id='word_1_847' title='bbox 1953 4028 2166 4098; x_wconf 83' lang='lat' dir='ltr'><strong>pliciter</strong></span> <span class='ocrx_word' id='word_1_848' title='bbox 2200 4047 2319 4101; x_wconf 70' lang='lat' dir='ltr'><strong>qua:</strong></span> <span class='ocrx_word' id='word_1_849' title='bbox 2371 4033 2505 4088; x_wconf 89' lang='lat' dir='ltr'><strong>liunt</strong></span> <span class='ocrx_word' id='word_1_850' title='bbox 2551 4036 2955 4093; x_wconf 80' lang='lat' dir='ltr'><strong>cxaminaturus</strong></span> <span class='ocrx_word' id='word_1_851' title='bbox 3001 4054 3080 4104; x_wconf 92' lang='lat' dir='ltr'><strong>es,</strong></span> <span class='ocrx_word' id='word_1_852' title='bbox 3132 4056 3307 4111; x_wconf 87' lang='lat' dir='ltr'><strong>neque</strong></span> <span class='ocrx_word' id='word_1_853' title='bbox 3350 4058 3568 4113; x_wconf 89' lang='lat' dir='ltr'><strong>semper</strong></span> 
     </span>
    </p>
   </div>
   <div class='ocr_carea' id='block_1_103' title="bbox 1953 4124 3566 4199">
    <p class='ocr_par' dir='ltr' id='par_1_103' title="bbox 1953 4124 3566 4199">
     <span class='ocr_line' id='line_1_103' title="bbox 1953 4124 3566 4199; baseline 0.01 -25"><span class='ocrx_word' id='word_1_854' title='bbox 1953 4134 2176 4191; x_wconf 73' lang='lat' dir='ltr'><strong>scopum</strong></span> <span class='ocrx_word' id='word_1_855' title='bbox 2207 4124 2461 4193; x_wconf 79' lang='lat' dir='ltr'><strong>exquiras</strong></span> <span class='ocrx_word' id='word_1_856' title='bbox 2487 4166 2500 4189; x_wconf 92' lang='lat'><strong>,</strong></span> <span class='ocrx_word' id='word_1_857' title='bbox 2548 4126 2670 4182; x_wconf 87' lang='lat' dir='ltr'><strong>vide</strong></span> <span class='ocrx_word' id='word_1_858' title='bbox 2700 4141 2769 4184; x_wconf 91' lang='lat' dir='ltr'><strong>ne</strong></span> <span class='ocrx_word' id='word_1_859' title='bbox 2799 4140 2852 4184; x_wconf 90' lang='lat' dir='ltr'><strong>et</strong></span> <span class='ocrx_word' id='word_1_860' title='bbox 2884 4131 3252 4199; x_wconf 54' lang='lat' dir='ltr'><strong>patriarcham&#39;</strong></span> <span class='ocrx_word' id='word_1_861' title='bbox 3276 4133 3370 4187; x_wconf 84' lang='lat' dir='ltr'><strong>lilii</strong></span> <span class='ocrx_word' id='word_1_862' title='bbox 3401 4135 3566 4190; x_wconf 88' lang='lat' dir='ltr'><strong>inter-</strong></span> 
     </span>
    </p>
   </div>
   <div class='ocr_carea' id='block_1_104' title="bbox 1955 4212 3561 4294">
    <p class='ocr_par' dir='ltr' id='par_1_104' title="bbox 1955 4212 3561 4294">
     <span class='ocr_line' id='line_1_104' title="bbox 1955 4212 3561 4294; baseline 0.009 -28"><span class='ocrx_word' id='word_1_863' title='bbox 1955 4212 2236 4281; x_wconf 78' lang='lat' dir='ltr'><strong>fectorem,</strong></span> <span class='ocrx_word' id='word_1_864' title='bbox 2265 4223 2324 4270; x_wconf 89' lang='lat' dir='ltr'><strong>et</strong></span> <span class='ocrx_word' id='word_1_865' title='bbox 2349 4216 2610 4294; x_wconf 54' lang='lat' dir='ltr'><strong>Ifhineem</strong></span> <span class='ocrx_word' id='word_1_866' title='bbox 2651 4219 2975 4276; x_wconf 83' lang='lat' dir='ltr'><strong>homicidam</strong></span> <span class='ocrx_word' id='word_1_867' title='bbox 3005 4223 3208 4278; x_wconf 59' lang='lat' dir='ltr'><strong>dicas‘.</strong></span> <span class='ocrx_word' id='word_1_868' title='bbox 3241 4223 3440 4279; x_wconf 86' lang='lat' dir='ltr'><strong>Verum</strong></span> <span class='ocrx_word' id='word_1_869' title='bbox 3468 4240 3561 4280; x_wconf 82' lang='lat' dir='ltr'><strong>ne-</strong></span> 
     </span>
    </p>
   </div>
   <div class='ocr_carea' id='block_1_105' title="bbox 1953 4307 3567 4380">
    <p class='ocr_par' dir='ltr' id='par_1_105' title="bbox 1953 4307 3567 4380">
     <span class='ocr_line' id='line_1_105' title="bbox 1953 4307 3567 4380; baseline 0.009 -22"><span class='ocrx_word' id='word_1_870' title='bbox 1953 4321 2060 4376; x_wconf 89' lang='lat' dir='ltr'><strong>que</strong></span> <span class='ocrx_word' id='word_1_871' title='bbox 2091 4307 2361 4361; x_wconf 79' lang='lat' dir='ltr'><strong>Abraham</strong></span> <span class='ocrx_word' id='word_1_872' title='bbox 2411 4310 2504 4364; x_wconf 77' lang='lat' dir='ltr'><strong>lilii</strong></span> <span class='ocrx_word' id='word_1_873' title='bbox 2551 4311 2818 4367; x_wconf 83' lang='lat' dir='ltr'><strong>homicida</strong></span> <span class='ocrx_word' id='word_1_874' title='bbox 2861 4313 2980 4380; x_wconf 77' lang='lat' dir='ltr'><strong>iuit,</strong></span> <span class='ocrx_word' id='word_1_875' title='bbox 3010 4315 3105 4370; x_wconf 92' lang='lat' dir='ltr'><strong>sed</strong></span> <span class='ocrx_word' id='word_1_876' title='bbox 3135 4323 3189 4370; x_wconf 92' lang='lat' dir='ltr'><strong>et</strong></span> <span class='ocrx_word' id='word_1_877' title='bbox 3216 4314 3371 4372; x_wconf 83' lang='lat' dir='ltr'><strong>valde</strong></span> <span class='ocrx_word' id='word_1_878' title='bbox 3398 4315 3448 4371; x_wconf 91' lang='lat' dir='ltr'><strong>ei</strong></span> <span class='ocrx_word' id='word_1_879' title='bbox 3486 4318 3567 4371; x_wconf 62' lang='grc' dir='ltr'><strong>δίς</strong></span> 
     </span>
    </p>
   </div>
   <div class='ocr_carea' id='block_1_106' title="bbox 1956 4398 3563 4474">
    <p class='ocr_par' dir='ltr' id='par_1_106' title="bbox 1956 4398 3563 4474">
     <span class='ocr_line' id='line_1_106' title="bbox 1956 4398 3563 4474; baseline 0.005 -22"><span class='ocrx_word' id='word_1_880' title='bbox 1956 4398 2126 4453; x_wconf 79' lang='lat' dir='ltr'><strong>lectus</strong></span> <span class='ocrx_word' id='word_1_881' title='bbox 2151 4409 2301 4465; x_wconf 89' lang='lat' dir='ltr'><strong>erat,</strong></span> <span class='ocrx_word' id='word_1_882' title='bbox 2332 4400 2376 4454; x_wconf 91' lang='lat' dir='ltr'><strong>si</strong></span> <span class='ocrx_word' id='word_1_883' title='bbox 2408 4402 2528 4471; x_wconf 89' lang='lat' dir='ltr'><strong>quis</strong></span> <span class='ocrx_word' id='word_1_884' title='bbox 2566 4403 2704 4458; x_wconf 89' lang='lat' dir='ltr'><strong>alius</strong></span> <span class='ocrx_word' id='word_1_885' title='bbox 2731 4421 2744 4463; x_wconf 87' lang='lat'><strong>:</strong></span> <span class='ocrx_word' id='word_1_886' title='bbox 2791 4419 2968 4474; x_wconf 83' lang='lat' dir='ltr'><strong>neque</strong></span> <span class='ocrx_word' id='word_1_887' title='bbox 2996 4405 3228 4463; x_wconf 83' lang='lat' dir='ltr'><strong>Phinees</strong></span> <span class='ocrx_word' id='word_1_888' title='bbox 3272 4407 3563 4471; x_wconf 85' lang='lat' dir='ltr'><strong>homicida,</strong></span> 
     </span>
    </p>
   </div>
   <div class='ocr_carea' id='block_1_107' title="bbox 1953 4490 3561 4569">
    <p class='ocr_par' dir='ltr' id='par_1_107' title="bbox 1953 4490 3561 4569">
     <span class='ocr_line' id='line_1_107' title="bbox 1953 4490 3561 4569; baseline 0.006 -25"><span class='ocrx_word' id='word_1_889' title='bbox 1953 4490 2049 4544; x_wconf 89' lang='lat' dir='ltr'><strong>sed</strong></span> <span class='ocrx_word' id='word_1_890' title='bbox 2078 4493 2196 4546; x_wconf 86' lang='lat' dir='ltr'><strong>zelo</strong></span> <span class='ocrx_word' id='word_1_891' title='bbox 2228 4493 2438 4560; x_wconf 84' lang='lat' dir='ltr'><strong>plenus.</strong></span> <span class='ocrx_word' id='word_1_892' title='bbox 2469 4493 2704 4564; x_wconf 67' lang='lat' dir='ltr'><strong>Uterque</strong></span> <span class='ocrx_word' id='word_1_893' title='bbox 2732 4496 2877 4550; x_wconf 89' lang='lat' dir='ltr'><strong>enim</strong></span> <span class='ocrx_word' id='word_1_894' title='bbox 2901 4497 3047 4567; x_wconf 91' lang='lat' dir='ltr'><strong>quod</strong></span> <span class='ocrx_word' id='word_1_895' title='bbox 3077 4499 3188 4554; x_wconf 90' lang='lat' dir='ltr'><strong>Deo</strong></span> <span class='ocrx_word' id='word_1_896' title='bbox 3212 4498 3561 4569; x_wconf 87' lang='lat' dir='ltr'><strong>probabatur,</strong></span> 
     </span>
    </p>
   </div>
   <div class='ocr_carea' id='block_1_108' title="bbox 1955 4582 3565 4657">
    <p class='ocr_par' dir='ltr' id='par_1_108' title="bbox 1955 4582 3565 4657">
     <span class='ocr_line' id='line_1_108' title="bbox 1955 4582 3565 4657; baseline 0.007 -22"><span class='ocrx_word' id='word_1_897' title='bbox 1955 4582 2204 4637; x_wconf 82' lang='lat' dir='ltr'><strong>faciebat.</strong></span> <span class='ocrx_word' id='word_1_898' title='bbox 2234 4583 2596 4651; x_wconf 79' lang='lat' dir='ltr'><strong>Quamobrem</strong></span> <span class='ocrx_word' id='word_1_899' title='bbox 2625 4586 2719 4642; x_wconf 84' lang='lat' dir='ltr'><strong>ille</strong></span> <span class='ocrx_word' id='word_1_900' title='bbox 2753 4602 2849 4657; x_wconf 90' lang='lat' dir='ltr'><strong>per</strong></span> <span class='ocrx_word' id='word_1_901' title='bbox 2863 4588 3251 4656; x_wconf 75' lang='lat' dir='ltr'><strong>obedientiam,</strong></span> <span class='ocrx_word' id='word_1_902' title='bbox 3276 4591 3503 4646; x_wconf 88' lang='lat' dir='ltr'><strong>multam</strong></span> <span class='ocrx_word' id='word_1_903' title='bbox 3534 4611 3565 4648; x_wconf 84' lang='lat' dir='ltr'><strong>a</strong></span> 
     </span>
    </p>
   </div>
   <div class='ocr_carea' id='block_1_109' title="bbox 1956 4675 3566 4755">
    <p class='ocr_par' dir='ltr' id='par_1_109' title="bbox 1956 4675 3566 4755">
     <span class='ocr_line' id='line_1_109' title="bbox 1956 4675 3566 4755; baseline 0.007 -27"><span class='ocrx_word' id='word_1_904' title='bbox 1956 4675 2068 4729; x_wconf 92' lang='lat' dir='ltr'><strong>Deo</strong></span> <span class='ocrx_word' id='word_1_905' title='bbox 2113 4677 2600 4750; x_wconf 73' lang='lat' dir='ltr'><strong>remunerationem</strong></span> <span class='ocrx_word' id='word_1_906' title='bbox 2658 4684 2985 4748; x_wconf 83' lang='lat' dir='ltr'><strong>promeruit;</strong></span> <span class='ocrx_word' id='word_1_907' title='bbox 3039 4681 3124 4736; x_wconf 90' lang='lat' dir='ltr'><strong>hic</strong></span> <span class='ocrx_word' id='word_1_908' title='bbox 3171 4699 3300 4738; x_wconf 88' lang='lat' dir='ltr'><strong>vero</strong></span> <span class='ocrx_word' id='word_1_909' title='bbox 3342 4695 3566 4755; x_wconf 87' lang='lat' dir='ltr'><strong>propter</strong></span> 
     </span>
    </p>
   </div>
   <div class='ocr_carea' id='block_1_110' title="bbox 1953 4771 3567 4844">
    <p class='ocr_par' dir='ltr' id='par_1_110' title="bbox 1953 4771 3567 4844">
     <span class='ocr_line' id='line_1_110' title="bbox 1953 4771 3567 4844; baseline 0.006 -22"><span class='ocrx_word' id='word_1_910' title='bbox 1953 4771 2124 4823; x_wconf 81' lang='lat' dir='ltr'><strong>zelum</strong></span> <span class='ocrx_word' id='word_1_911' title='bbox 2170 4772 2508 4840; x_wconf 63' lang='lat' dir='ltr'><strong>praedicatur.</strong></span> <span class='ocrx_word' id='word_1_912' title='bbox 2563 4773 2767 4827; x_wconf 90' lang='lat' dir='ltr'><strong>Dicitur</strong></span> <span class='ocrx_word' id='word_1_913' title='bbox 2806 4775 2951 4829; x_wconf 87' lang='lat' dir='ltr'><strong>enim</strong></span> <span class='ocrx_word' id='word_1_914' title='bbox 2983 4794 2995 4829; x_wconf 92' lang='lat'><strong>:</strong></span> <span class='ocrx_word' id='word_1_915' title='bbox 3027 4775 3174 4831; x_wconf 88' lang='lat' dir='ltr'><strong>Stetit</strong></span> <span class='ocrx_word' id='word_1_916' title='bbox 3230 4776 3473 4844; x_wconf 84' lang='lat' dir='ltr'><strong>Pltiuees,</strong></span> <span class='ocrx_word' id='word_1_917' title='bbox 3519 4787 3567 4833; x_wconf 88' lang='lat' dir='ltr'><strong>et</strong></span> 
     </span>
    </p>
   </div>
   <div class='ocr_carea' id='block_1_111' title="bbox 1954 4863 3564 4937">
    <p class='ocr_par' dir='ltr' id='par_1_111' title="bbox 1954 4863 3564 4937">
     <span class='ocr_line' id='line_1_111' title="bbox 1954 4863 3564 4937; baseline 0.006 -22"><span class='ocrx_word' id='word_1_918' title='bbox 1954 4863 2173 4932; x_wconf 78' lang='lat' dir='ltr'><strong>placavit</strong></span> <span class='ocrx_word' id='word_1_919' title='bbox 2201 4863 2373 4928; x_wconf 84' lang='lat' dir='ltr'><strong>(Psal.</strong></span> <span class='ocrx_word' id='word_1_920' title='bbox 2410 4864 2532 4919; x_wconf 78' lang='grc'><strong>105.</strong></span> <span class='ocrx_word' id='word_1_921' title='bbox 2566 4865 2680 4937; x_wconf 78' lang='grc'><strong>50).</strong></span> <span class='ocrx_word' id='word_1_922' title='bbox 2726 4864 2781 4920; x_wconf 87' lang='lat' dir='ltr'><strong>Si</strong></span> <span class='ocrx_word' id='word_1_923' title='bbox 2810 4864 2973 4936; x_wconf 77' lang='lat' dir='ltr'><strong>igitur</strong></span> <span class='ocrx_word' id='word_1_924' title='bbox 3003 4867 3349 4924; x_wconf 83' lang='lat' dir='ltr'><strong>homicidium</strong></span> <span class='ocrx_word' id='word_1_925' title='bbox 3377 4881 3432 4925; x_wconf 87' lang='lat' dir='ltr'><strong>et</strong></span> <span class='ocrx_word' id='word_1_926' title='bbox 3462 4870 3564 4927; x_wconf 81' lang='lat' dir='ltr'><strong>lilii</strong></span> 
     </span>
    </p>
   </div>
   <div class='ocr_carea' id='block_1_112' title="bbox 1952 4955 3565 5027">
    <p class='ocr_par' dir='ltr' id='par_1_112' title="bbox 1952 4955 3565 5027">
     <span class='ocr_line' id='line_1_112' title="bbox 1952 4955 3565 5027; baseline 0.007 -20"><span class='ocrx_word' id='word_1_927' title='bbox 1952 4955 2131 5009; x_wconf 67' lang='lat' dir='ltr'><strong>caules</strong></span> <span class='ocrx_word' id='word_1_928' title='bbox 2180 4955 2516 5024; x_wconf 80' lang='lat' dir='ltr'><strong>placuerunt,</strong></span> <span class='ocrx_word' id='word_1_929' title='bbox 2565 4956 2690 5027; x_wconf 88' lang='lat' dir='ltr'><strong>quia</strong></span> <span class='ocrx_word' id='word_1_930' title='bbox 2739 4957 3039 5013; x_wconf 81' lang='lat' dir='ltr'><strong>secundum</strong></span> <span class='ocrx_word' id='word_1_931' title='bbox 3093 4960 3187 5014; x_wconf 89' lang='lat' dir='ltr'><strong>Dei</strong></span> <span class='ocrx_word' id='word_1_932' title='bbox 3237 4962 3565 5018; x_wconf 84' lang='lat' dir='ltr'><strong>sententiam</strong></span> 
     </span>
    </p>
   </div>
   <div class='ocr_carea' id='block_1_113' title="bbox 1955 5042 3564 5123">
    <p class='ocr_par' dir='ltr' id='par_1_113' title="bbox 1955 5042 3564 5123">
     <span class='ocr_line' id='line_1_113' title="bbox 1955 5042 3564 5123; baseline 0.008 -25"><span class='ocrx_word' id='word_1_933' title='bbox 1955 5044 2184 5112; x_wconf 76' lang='lat' dir='ltr'><strong>ﬁebant,</strong></span> <span class='ocrx_word' id='word_1_934' title='bbox 2231 5061 2335 5100; x_wconf 84' lang='lat' dir='ltr'><strong>nec</strong></span> <span class='ocrx_word' id='word_1_935' title='bbox 2388 5042 2715 5103; x_wconf 81' lang='lat' dir='ltr'><strong>attendimus</strong></span> <span class='ocrx_word' id='word_1_936' title='bbox 2756 5047 2824 5103; x_wconf 89' lang='lat' dir='ltr'><strong>ad</strong></span> <span class='ocrx_word' id='word_1_937' title='bbox 2863 5048 3034 5115; x_wconf 75' lang='lat' dir='ltr'><strong>facta,</strong></span> <span class='ocrx_word' id='word_1_938' title='bbox 3082 5051 3174 5105; x_wconf 84' lang='lat' dir='ltr'><strong>sed</strong></span> <span class='ocrx_word' id='word_1_939' title='bbox 3223 5053 3289 5106; x_wconf 90' lang='lat' dir='ltr'><strong>ad</strong></span> <span class='ocrx_word' id='word_1_940' title='bbox 3341 5068 3564 5123; x_wconf 86' lang='lat' dir='ltr'><strong>scopum</strong></span> 
     </span>
    </p>
   </div>
   <div class='ocr_carea' id='block_1_114' title="bbox 1952 5139 3564 5223">
    <p class='ocr_par' dir='ltr' id='par_1_114' title="bbox 1952 5139 3564 5223">
     <span class='ocr_line' id='line_1_114' title="bbox 1952 5139 3564 5223; baseline 0.006 -32"><span class='ocrx_word' id='word_1_941' title='bbox 1952 5152 2141 5192; x_wconf 90' lang='lat' dir='ltr'><strong>eorum</strong></span> <span class='ocrx_word' id='word_1_942' title='bbox 2168 5153 2290 5209; x_wconf 77' lang='lat' dir='ltr'><strong>qua:</strong></span> <span class='ocrx_word' id='word_1_943' title='bbox 2319 5139 2663 5223; x_wconf 66' lang='lat' dir='ltr'><strong>gerebantur,</strong></span> <span class='ocrx_word' id='word_1_944' title='bbox 2697 5151 2754 5197; x_wconf 91' lang='lat' dir='ltr'><strong>et</strong></span> <span class='ocrx_word' id='word_1_945' title='bbox 2777 5141 2845 5196; x_wconf 90' lang='lat' dir='ltr'><strong>ad</strong></span> <span class='ocrx_word' id='word_1_946' title='bbox 2876 5142 3212 5197; x_wconf 84' lang='lat' dir='ltr'><strong>voluntatem</strong></span> <span class='ocrx_word' id='word_1_947' title='bbox 3254 5157 3441 5199; x_wconf 86' lang='lat' dir='ltr'><strong>eorum</strong></span> <span class='ocrx_word' id='word_1_948' title='bbox 3469 5145 3564 5216; x_wconf 88' lang='lat' dir='ltr'><strong>qui</strong></span> 
     </span>
    </p>
   </div>
   <div class='ocr_carea' id='block_1_115' title="bbox 1953 5229 3562 5307">
    <p class='ocr_par' dir='ltr' id='par_1_115' title="bbox 1953 5229 3562 5307">
     <span class='ocr_line' id='line_1_115' title="bbox 1953 5229 3562 5307; baseline 0.006 -23"><span class='ocrx_word' id='word_1_949' title='bbox 1953 5229 2243 5286; x_wconf 79' lang='lat' dir='ltr'><strong>iecerunt:</strong></span> <span class='ocrx_word' id='word_1_950' title='bbox 2291 5233 2465 5288; x_wconf 86' lang='lat' dir='ltr'><strong>multo</strong></span> <span class='ocrx_word' id='word_1_951' title='bbox 2492 5234 2665 5304; x_wconf 75' lang='lat' dir='ltr'><strong>magis</strong></span> <span class='ocrx_word' id='word_1_952' title='bbox 2690 5243 2748 5290; x_wconf 87' lang='lat' dir='ltr'><strong>et</strong></span> <span class='ocrx_word' id='word_1_953' title='bbox 2794 5232 2885 5291; x_wconf 89' lang='lat' dir='ltr'><strong>hic</strong></span> <span class='ocrx_word' id='word_1_954' title='bbox 2933 5235 3373 5307; x_wconf 86' lang='lat' dir='ltr'><strong>perpendeudum</strong></span> <span class='ocrx_word' id='word_1_955' title='bbox 3419 5236 3562 5293; x_wconf 86' lang='lat' dir='ltr'><strong>istud</strong></span> 
     </span>
    </p>
   </div>
   <div class='ocr_carea' id='block_1_116' title="bbox 1954 5323 2134 5380">
    <p class='ocr_par' dir='ltr' id='par_1_116' title="bbox 1954 5323 2134 5380">
     <span class='ocr_line' id='line_1_116' title="bbox 1954 5323 2134 5380; baseline 0 -2"><span class='ocrx_word' id='word_1_956' title='bbox 1954 5323 2134 5380; x_wconf 75' lang='lat' dir='ltr'><strong>fuerit.</strong></span> 
     </span>
    </p>
   </div>
   <div class='ocr_carea' id='block_1_117' title="bbox 2021 5418 3558 5493">
    <p class='ocr_par' dir='ltr' id='par_1_117' title="bbox 2021 5418 3558 5493">
     <span class='ocr_line' id='line_1_117' title="bbox 2021 5418 3558 5493; baseline 0.004 -20"><span class='ocrx_word' id='word_1_957' title='bbox 2021 5419 2080 5473; x_wconf 79' lang='lat'><strong>5.</strong></span> <span class='ocrx_word' id='word_1_958' title='bbox 2110 5418 2187 5473; x_wconf 87' lang='lat' dir='ltr'><strong>Ne</strong></span> <span class='ocrx_word' id='word_1_959' title='bbox 2214 5418 2374 5489; x_wconf 83' lang='lat' dir='ltr'><strong>igitur</strong></span> <span class='ocrx_word' id='word_1_960' title='bbox 2409 5419 2515 5476; x_wconf 89' lang='lat' dir='ltr'><strong>hoc</strong></span> <span class='ocrx_word' id='word_1_961' title='bbox 2541 5423 2824 5479; x_wconf 83' lang='lat' dir='ltr'><strong>considera</strong></span> <span class='ocrx_word' id='word_1_962' title='bbox 2846 5465 2861 5491; x_wconf 93' lang='lat'><strong>,</strong></span> <span class='ocrx_word' id='word_1_963' title='bbox 2904 5423 3047 5493; x_wconf 90' lang='lat' dir='ltr'><strong>quod</strong></span> <span class='ocrx_word' id='word_1_964' title='bbox 3093 5423 3223 5479; x_wconf 77' lang='lat' dir='ltr'><strong>falsa</strong></span> <span class='ocrx_word' id='word_1_965' title='bbox 3267 5424 3464 5481; x_wconf 81' lang='lat' dir='ltr'><strong>fuerint</strong></span> <span class='ocrx_word' id='word_1_966' title='bbox 3496 5442 3558 5480; x_wconf 84' lang='lat' dir='ltr'><strong>ca</strong></span> 
     </span>
    </p>
   </div>
   <div class='ocr_carea' id='block_1_118' title="bbox 1951 5507 3560 5588">
    <p class='ocr_par' dir='ltr' id='par_1_118' title="bbox 1951 5507 3560 5588">
     <span class='ocr_line' id='line_1_118' title="bbox 1951 5507 3560 5588; baseline 0.006 -24"><span class='ocrx_word' id='word_1_967' title='bbox 1951 5524 2071 5579; x_wconf 70' lang='lat' dir='ltr'><strong>qua:</strong></span> <span class='ocrx_word' id='word_1_968' title='bbox 2098 5507 2411 5566; x_wconf 88' lang='lat' dir='ltr'><strong>dicebantur</strong></span> <span class='ocrx_word' id='word_1_969' title='bbox 2434 5526 2466 5567; x_wconf 84' lang='lat' dir='ltr'><strong>a</strong></span> <span class='ocrx_word' id='word_1_970' title='bbox 2493 5512 2715 5582; x_wconf 70' lang='lat' dir='ltr'><strong>iacebo,</strong></span> <span class='ocrx_word' id='word_1_971' title='bbox 2746 5515 2841 5571; x_wconf 85' lang='lat' dir='ltr'><strong>sed</strong></span> <span class='ocrx_word' id='word_1_972' title='bbox 2872 5515 3001 5571; x_wconf 90' lang='lat' dir='ltr'><strong>illud</strong></span> <span class='ocrx_word' id='word_1_973' title='bbox 3037 5518 3209 5588; x_wconf 80' lang='lat' dir='ltr'><strong>cogita</strong></span> <span class='ocrx_word' id='word_1_974' title='bbox 3231 5559 3245 5585; x_wconf 93' lang='lat'><strong>,</strong></span> <span class='ocrx_word' id='word_1_975' title='bbox 3288 5518 3560 5573; x_wconf 88' lang='lat' dir='ltr'><strong>volentem</strong></span> 
     </span>
    </p>
   </div>
   <div class='ocr_carea' id='block_1_119' title="bbox 2018 5690 3560 5767">
    <p class='ocr_par' dir='ltr' id='par_1_119' title="bbox 2018 5690 3560 5767">
     <span class='ocr_line' id='line_1_119' title="bbox 2018 5690 3560 5767; baseline 0.003 -5"><span class='ocrx_word' id='word_1_976' title='bbox 2018 5694 2033 5725; x_wconf 83' lang='grc'>¹</span> <span class='ocrx_word' id='word_1_977' title='bbox 2071 5699 2213 5762; x_wconf 60' lang='lat' dir='ltr'><strong>tum</strong></span> <span class='ocrx_word' id='word_1_978' title='bbox 2233 5690 2437 5767; x_wconf 53' lang='lat' dir='ltr'><strong>mel...</strong></span> <span class='ocrx_word' id='word_1_979' title='bbox 2453 5699 2513 5767; x_wconf 55' lang='lat' dir='ltr'><strong>et.</strong></span> <span class='ocrx_word' id='word_1_980' title='bbox 2535 5691 2676 5767; x_wconf 61' lang='grc' dir='ltr'><strong>εωνξιο</strong></span> <span class='ocrx_word' id='word_1_981' title='bbox 2723 5692 2794 5767; x_wconf 63' lang='lat' dir='ltr'><strong>sic</strong></span> <span class='ocrx_word' id='word_1_982' title='bbox 2811 5690 3092 5767; x_wconf 54' lang='lat' dir='ltr'><strong>legendum</strong></span> <span class='ocrx_word' id='word_1_983' title='bbox 3112 5701 3229 5767; x_wconf 65' lang='grc' dir='ltr'><strong>,θαι</strong></span> <span class='ocrx_word' id='word_1_984' title='bbox 3358 5701 3560 5767; x_wconf 55' lang='lat' dir='ltr'><strong>suum</strong></span> 
     </span>
    </p>
   </div>
   <div class='ocr_carea' id='block_1_120' title="bbox 1951 5751 3560 5824">
    <p class='ocr_par' dir='ltr' id='par_1_120' title="bbox 1951 5751 3560 5824">
     <span class='ocr_line' id='line_1_120' title="bbox 1951 5751 3560 5824; baseline 0.005 -19"><span class='ocrx_word' id='word_1_985' title='bbox 1951 5754 2200 5824; x_wconf 66' lang='lat' dir='ltr'><strong>exquiras,</strong></span> <span class='ocrx_word' id='word_1_986' title='bbox 2214 5751 2837 5824; x_wconf 58' lang='lat' dir='ltr'><strong>jamtibbdicenttumerit</strong></span> <span class='ocrx_word' id='word_1_987' title='bbox 2879 5751 3223 5816; x_wconf 55' lang='lat' dir='ltr'><strong>patriaac/tant</strong></span> <span class='ocrx_word' id='word_1_988' title='bbox 3251 5771 3355 5808; x_wconf 84' lang='lat' dir='ltr'><strong>esse</strong></span> <span class='ocrx_word' id='word_1_989' title='bbox 3367 5751 3461 5824; x_wconf 71' lang='lat' dir='ltr'><strong>ﬁlii</strong></span> <span class='ocrx_word' id='word_1_990' title='bbox 3481 5755 3560 5812; x_wconf 61' lang='lat' dir='ltr'><strong>iur</strong></span> 
     </span>
    </p>
   </div>
   <div class='ocr_carea' id='block_1_121' title="bbox 1955 5814 2916 5880">
    <p class='ocr_par' dir='ltr' id='par_1_121' title="bbox 1955 5814 2916 5880">
     <span class='ocr_line' id='line_1_121' title="bbox 1955 5814 2916 5880; baseline -0.004 -11"><span class='ocrx_word' id='word_1_991' title='bbox 1955 5814 2275 5880; x_wconf 66' lang='lat' dir='ltr'><strong>terfecterriu,</strong></span> <span class='ocrx_word' id='word_1_992' title='bbox 2292 5821 2339 5866; x_wconf 91' lang='lat' dir='ltr'><strong>et</strong></span> <span class='ocrx_word' id='word_1_993' title='bbox 2366 5814 2591 5867; x_wconf 82' lang='lat' dir='ltr'><strong>Iltineem</strong></span> <span class='ocrx_word' id='word_1_994' title='bbox 2609 5814 2916 5868; x_wconf 77' lang='lat' dir='ltr'><strong>ltouticitltmi.</strong></span> 
     </span>
    </p>
   </div>
  </div>
