4086 6426
562 337 664 391 467

566 450 729 504 Deum
761 448 1152 519 prtedictionem
1182 446 1424 515 impleri,
1452 445 1627 498 omnia
1642 452 1693 505 ut
1712 443 1789 497 sic
1809 442 1997 497 ﬁerent
2018 439 2131 497 dis-

562 540 884 609 pensavisse.
911 539 975 594 Et
996 548 1051 591 ut
1081 538 1220 591 scias
1242 537 1405 590 Deum
1436 536 1613 589 omnia
1635 533 1803 587 facilia
1820 531 2132 597 reddidisse,

562 631 718 685 etiam
741 645 800 683 ea
822 644 938 699 qua:
957 627 1187 682 diﬂlcilia
1214 635 1365 681 erant
1382 643 1398 681 :
1418 626 1543 679 vide
1555 624 1821 694 quomodo
1834 623 2009 693 justus
2028 636 2133 675 non

565 722 796 790 potuerit
827 721 1082 789 suspicari
1125 718 1362 773 fraudem
1385 758 1399 781 ,
1446 717 1542 771 sed
1582 731 1862 785 persuasus
1889 714 1957 769 sit
1982 712 2138 768 dictis

560 814 725 867 .lacob
742 852 757 878 ,
789 821 977 867 etcum
1000 812 1172 867 edulia
1197 812 1293 865 ista
1315 809 1652 873 comedisset,
1679 804 2135 862 benedictionibus

561 918 683 955 eum
728 911 1050 957 rcmuncret.
1122 899 1191 953 Et
1236 913 1341 954 non
1389 898 1533 966 prius
1580 910 1610 948 a
1654 896 1934 949 venalium
1979 892 2138 947 rediit

562 992 701 1046 Esau
725 1032 741 1057 ,
783 1006 940 1060 quam
992 989 1166 1045 omnia
1215 996 1393 1043 essent
1440 986 1654 1056 impleta
1684 1001 1698 1039 :
1727 994 1785 1039 ut
1826 997 1919 1053 per
1957 982 2134 1039 omnia

561 1085 814 1148 sciamus,
854 1082 1122 1136 voluntate
1164 1082 1252 1134 Dei
1302 1080 1416 1134 lucc
1452 1088 1598 1148 gesta
1638 1079 1821 1133 luisse.
1857 1075 1944 1131 20.
1994 1074 2136 1129 Dixit

556 1183 747 1239 mitem,
778 1172 978 1241 inquit,
1017 1170 1167 1225 Isaac
1191 1187 1214 1225 :
1238 1171 1374 1237 Quid
1403 1172 1527 1237 Itoc,
1566 1170 1701 1240 quod
1729 1178 1831 1221 tam
1861 1168 1958 1221 cito
1995 1168 2133 1220 inse-

558 1263 714 1329 nisti,
742 1264 863 1331 ﬁli?
900 1263 999 1317 Ille
1029 1273 1198 1317 autem
1237 1264 1364 1317 dixit
1398 1278 1418 1317 :
1448 1262 1596 1329 Quod
1636 1261 1842 1314 tradidit
1893 1259 2137 1314 Dominus

562 1354 699 1409 Deus
722 1368 836 1409 tuus
862 1372 1032 1410 coram
1060 1372 1156 1410 me.
1181 1354 1368 1409 Ad‘tuc
1393 1356 1445 1409 in
1469 1355 1727 1425 angustiis
1751 1352 1924 1407 stabat
1950 1349 2137 1414 Jacob,

562 1445 956 1514 augebatnrquc
975 1446 1258 1515 plurimum
1282 1445 1443 1499 timor
1460 1444 1573 1514 ejus
1593 1462 1611 1497 :
1625 1456 1808 1498 verum
1830 1442 1943 1496 tunc
1959 1442 2135 1495 omnia

564 1546 847 1606 propterea
878 1537 1008 1591 facta
1039 1544 1192 1602 sunt,
1226 1545 1283 1589 ut
1318 1535 1581 1590 discamus
1608 1534 1769 1590 rebus
1799 1533 1925 1603 ipsis
1955 1532 2134 1586 Domi»

566 1641 693 1680 num
737 1642 839 1679 non
869 1625 1181 1694 simpliciter
1224 1638 1373 1680 suam
1418 1622 1690 1679 declarare
1731 1620 2135 1676 sollicitudinem

564 1725 619 1770 et
663 1714 1046 1785 providentiam
1072 1756 1085 1780 ,
1129 1715 1229 1770 nisi
1271 1713 1460 1769 viderit
1504 1723 1559 1768 et
1597 1719 1835 1767 nostrum
1884 1709 2137 1764 accedere

563 1804 846 1861 lcrvorem.
891 1805 969 1860 Nc
1008 1807 1151 1861 enim
1195 1813 1479 1874 prurtereas
1508 1803 1682 1859 obiter
1710 1804 1847 1858 hunc
1877 1815 2096 1871 agonem
2119 1840 2134 1866 ,

563 1895 785 1961 dilecte,
816 1895 909 1951 sed
936 1895 1241 1951 consideres
1267 1898 1335 1950 de
1362 1909 1536 1949 rerum
1568 1908 1772 1949 summa
1805 1892 1965 1946 fuisse
1996 1890 2136 1961 peri-

560 1985 742 2040 culum
768 2004 782 2040 :
804 2001 1033 2057 eumque
1059 1988 1249 2041 timore
1275 2000 1337 2041 ac
1364 1993 1596 2040 tremore
1623 1985 1832 2054 plenum
1863 1983 2047 2049 fuisse,
2072 1996 2139 2036 ne

564 2085 784 2145 prOpter
827 2076 1250 2131 benedictionem
1294 2075 1444 2130 ﬁeret
1473 2076 1615 2128 omni
1659 2073 2010 2128 maledictioni
2038 2071 2137 2126 ob-

564 2168 775 2223 noxius.
819 2165 1021 2222 Deinde
1047 2167 1254 2237 inquit,
1281 2165 1373 2221 2L
1400 2164 1542 2220 Dixit
1571 2164 1720 2220 Isaac
1737 2163 2139 2234 tApprOpinqua

564 2260 710 2325 mihi,
750 2269 798 2314 et
826 2260 1142 2314 contrectabo
1178 2269 1255 2326 te,
1292 2260 1405 2328 ﬁli,
1440 2276 1506 2313 an
1552 2260 1620 2314 sis
1647 2259 1784 2326 ﬁlius
1811 2274 1949 2313 meus
1972 2254 2134 2323 Esat't,

564 2349 645 2404 rel
668 2366 785 2404 non.
818 2349 1026 2404 Etenim
1049 2350 1119 2405 ob
1141 2365 1322 2405 vocem
1346 2350 1613 2419 paululum
1635 2349 1905 2404 dubitabat
1926 2348 2097 2418 justus
2121 2366 2135 2403 :

564 2438 662 2494 sed
683 2440 801 2509 quia
820 2440 1142 2511 dispensatio
1164 2440 1428 2509 implenda
1452 2450 1586 2506 erat,
1613 2456 1717 2493 non
1740 2440 1979 2509 permisit
2001 2439 2139 2494 Dens

568 2538 629 2585 ut
675 2531 827 2587 dolus
868 2532 1173 2588 sentiretur.
1224 2533 1320 2585 ‘22.
1365 2531 1801 2602 Appropinquasit
1839 2540 2042 2598 autem,
2095 2538 2141 2582 et

568 2623 890 2677 contrectauit
912 2640 1045 2689 cum,
1078 2633 1122 2677 ct
1153 2624 1316 2677 dixit:
1346 2621 1456 2676 Vox
1482 2622 1681 2692 quidem
1703 2637 1798 2675 uox
1820 2621 2001 2686 Iacob,
2030 2636 2139 2673 ma-

569 2730 662 2767 nus
686 2724 849 2767 autem
871 2731 1046 2767 manus
1072 2708 1213 2767 Esaia
1235 2729 1253 2767 :
1272 2723 1317 2766 et
1342 2730 1441 2767 non
1468 2713 1667 2782 agnouit
1695 2727 1825 2765 eum.
1854 2709 1986 2765 Vide
2012 2724 2144 2779 quo-

568 2806 729 2858 modo
768 2805 1012 2859 ostendat
1057 2816 1221 2860 totum
1266 2820 1294 2857 a
1344 2804 1434 2859 Dei
1483 2805 1649 2873 gratia
1704 2816 1991 2857 manasse:
2021 2818 2138 2871 quae

566 2894 870 2957 efficiebat,
911 2903 968 2947 ut
998 2895 1108 2965 ipse
1139 2894 1267 2948 nihil
1294 2893 1483 2948 horum
1510 2900 1849 2964 agnosceret,
1886 2903 1940 2948 et
1976 2891 2139 2948 Jacob

568 2993 784 3054 paterna
817 2984 1078 3040 frueretur
1114 2985 1499 3041 benedictione.
1534 2985 1597 3037 Et
1628 3001 1726 3038 non
1756 2983 1959 3054 agnouit
1988 3000 2131 3047 eum,

568 3074 763 3144 inquit;
800 3086 941 3129 erant
966 3078 1099 3129 enim
1136 3093 1313 3130 manus
1341 3077 1448 3145 ejus
1490 3076 1619 3129 sicut
1644 3091 1821 3128 manus
1863 3072 2021 3129 Esau.
2046 3074 2136 3129 24.

570 3164 635 3217 Et
665 3166 811 3230 dixit,
844 3164 981 3221 Tune
1003 3182 1056 3220 es
1084 3168 1221 3235 ﬁlius
1250 3184 1388 3221 meus
1410 3166 1583 3222 Esai?
1603 3166 1731 3221 Vide
1761 3166 1971 3228 iterum,
2002 3181 2139 3235 quo-

569 3256 729 3310 modo
744 3257 968 3311 ostendit
986 3258 1160 3311 divina
1172 3257 1462 3327 Scriptura,
1483 3258 1624 3328 quod
1643 3257 1933 3313 dubitasset
1943 3257 2136 3327 justus.

567 3345 711 3399 Dixit
736 3348 875 3400 enim
896 3388 911 3414 ,
959 3348 1163 3416 inquit,
1194 3347 1333 3402 Nam
1360 3357 1415 3402 tu
1450 3364 1502 3403 es
1544 3349 1681 3417 ﬁlius
1709 3364 1847 3402 meus
1875 3347 2055 3402 Esau?
2081 3356 2141 3403 ut

564 3450 629 3489 ex
656 3450 722 3490 eo
745 3451 954 3507 quoque
978 3439 1205 3493 sciamus
1226 3479 1241 3502 ,
1285 3446 1491 3507 patrem
1516 3438 1709 3494 victum
1746 3438 1987 3514 naturali
2005 3440 2137 3495 alle-

564 3526 739 3581 etione
764 3530 938 3581 omnia
962 3527 1185 3584 fecisse:
1212 3529 1381 3585 Deum
1409 3539 1607 3594 autem,
1628 3531 1717 3600 qui
1747 3529 1920 3585 futura
1948 3530 2138 3601 praevi-

566 3616 688 3681 det,
732 3627 787 3671 et
834 3618 1084 3673 virtutum
1121 3628 1242 3674 nota
1282 3634 1469 3677 servos
1508 3634 1635 3675 suos
1672 3620 1925 3689 insignire
1966 3621 2137 3688 solet,

564 3707 740 3761 omnia
767 3708 908 3762 hunc
933 3710 986 3763 in
1012 3711 1227 3765 modum
1254 3710 1666 3781 dispensavisse.
1691 3710 1759 3766 Et
1786 3711 1920 3765 dixit
1945 3710 2137 3765 Iacob:

566 3796 700 3866 Ego.
742 3798 1026 3868 Postquam
1071 3801 1211 3855 enim
1256 3801 1419 3868 dixit,
1454 3800 1597 3856 Num
1639 3812 1691 3855 tu
1733 3818 1784 3856 es
1830 3800 1966 3856 Esau
2004 3804 2141 3871 ﬁlius

565 3887 741 3941 meus?
764 3897 818 3942 et
838 3889 987 3952 dixit,
1015 3888 1122 3960 Ego
1140 3890 1327 3956 :dixit,
1356 3891 1445 3946 25.
1474 3890 1615 3958 Mer
1640 3892 1783 3954 mihi,
1813 3901 1859 3946 et
1884 3893 2141 3947 comedam

564 3977 630 4031 de
668 3981 924 4033 uenatione
951 3990 1037 4033 tua
1058 4023 1074 4047 ,
1117 3981 1215 4051 ﬁli,
1247 3991 1301 4035 ut
1333 3982 1589 4036 benedicat
1617 3993 1664 4037 te
1687 3985 1856 4038 anima
1881 4001 1991 4038 mea
2015 4000 2033 4038 :
2054 3986 2139 4041 vix

564 4069 775 4123 tandem
801 4086 829 4123 a
855 4087 978 4126 cura
1007 4073 1230 4127 solvitur
1252 4074 1446 4142 Jacob,
1486 4085 1531 4129 et
1572 4076 1741 4131 attulit
1769 4080 1899 4148 patri
1931 4078 2098 4132 edulia
2118 4118 2141 4147 ,

561 4162 829 4231 attulitque
853 4163 1019 4215 vinum
1039 4206 1055 4230 ,
1096 4174 1141 4217 et
1185 4165 1323 4219 bibit.
1354 4166 1441 4220 96.
1472 4166 1537 4219 Et
1580 4167 1712 4221 dixit
1733 4169 1779 4222 ei
1808 4185 1827 4223 :
1855 4170 2045 4223 Accede
2070 4172 2139 4224 ad

564 4266 673 4316 tne,
700 4261 747 4304 et
775 4251 1003 4306 osculare
1031 4271 1109 4308 me
1128 4296 1142 4319 ,
1177 4256 1274 4323 ﬁli.
1313 4254 1403 4310 27.
1432 4255 1495 4309 Et
1520 4257 1759 4311 accedens
1784 4260 2034 4313 osculatus
2066 4269 2141 4314 est

560 4356 673 4395 eum
691 4359 712 4408 ;
759 4352 803 4395 et
850 4344 1088 4399 odoratus
1127 4355 1201 4401 est
1241 4348 1443 4401 odorem
1488 4349 1889 4402 uestimentorum
1918 4350 2059 4418 eius,
2092 4360 2142 4405 et

562 4430 809 4487 benedixit
836 4450 947 4488 eum
964 4476 980 4501 ,
1008 4452 1067 4489 ac
1094 4437 1240 4490 dixit.
1272 4437 1401 4492 Vide
1427 4437 1617 4492 divina:
1642 4438 1926 4509 Scriptura:
1957 4441 2141 4495 obser-

560 4523 849 4576 vationem.
879 4523 1161 4594 Postquam
1192 4528 1568 4596 interrogavit,
1602 4527 1742 4582 Nam
1784 4538 1837 4583 tu
1878 4546 1930 4585 es
1956 4529 2140 4584 Emi?

561 4619 616 4665 et
642 4611 794 4676 dixit,
824 4610 934 4684 Ego
956 4628 979 4667 :
997 4615 1186 4670 iterum
1214 4619 1562 4672 contrectavit
1586 4633 1733 4686 eum,
1755 4630 1807 4674 et
1832 4620 2139 4675 subdubita-

561 4699 674 4767 ιιι,
702 4717 822 4758 cum
850 4718 914 4759 ex
942 4719 1071 4759 voce
1090 4720 1227 4774 pene
1246 4707 1638 4762 simulationem
1664 4709 2137 4778 deprehendisset:

557 4798 612 4845 et
641 4791 833 4847 iterum
878 4794 1252 4865 interrogavit,
1298 4796 1439 4851 Nunt
1466 4806 1519 4851 tu
1545 4815 1597 4852 es
1625 4799 1763 4867 ﬁlius
1790 4816 1928 4855 tusus
1964 4800 2143 4857 Esaii?

557 4890 615 4935 et
642 4882 793 4949 dixit,
820 4883 1038 4955 Ego:et
1066 4896 1247 4955 postea
1286 4889 1461 4943 attulit
1488 4889 1575 4955 ei,
1605 4898 1660 4944 et
1687 4890 1918 4945 comedit
1942 4909 1955 4946 :
1980 4901 2135 4958 tunc,

553 4972 765 5043 inquit,
814 4974 1085 5032 Osculatus
1126 4988 1197 5033 ett
1235 4996 1368 5042 eum,
1396 4990 1443 5034 et
1492 4980 1737 5037 benedixit
1782 4999 1918 5037 eum.
1956 4983 2024 5040 Ut
2070 5000 2136 5039 ne

557 5063 681 5131 quis
706 5066 952 5133 opinetur
973 5081 1093 5122 eum
1124 5070 1175 5123 in
1209 5084 1489 5139 personam
1528 5072 1668 5128 Esau
1710 5074 2133 5130 benedictionem

553 5153 780 5223 iecisse,
810 5157 903 5213 sed
948 5157 1001 5225 in
1047 5160 1197 5216 illum
1231 5172 1388 5233 quem
1422 5165 1690 5222 osculatus
1712 5176 1795 5222 est
1818 5185 1831 5222 :
1854 5175 2131 5237 promeres

553 5260 940 5304 commemorat
959 5251 1137 5307 divina
1164 5253 1452 5324 Scriptura,
1485 5256 1626 5324 quod
1655 5257 1924 5313 osculatus
1949 5267 2051 5323 est,
2079 5267 2134 5313 et

551 5337 826 5395 benedixit
871 5342 1051 5410 illum,
1094 5359 1253 5413 quem
1305 5346 1574 5402 osculatus
1616 5353 1719 5403 est.
1766 5346 2020 5403 adoratus
2060 5359 2135 5404 est

474 5472 479 5475 .
550 5428 686 5482 enim
709 5430 914 5486 odorem
950 5433 1351 5490 vestimentorum
1393 5438 1503 5508 ejus
1543 5444 1592 5491 et
1631 5436 1879 5493 benedixit
1911 5455 2059 5503 cum,
2086 5449 2133 5494 et

544 5519 673 5574 diait
701 5536 724 5575 :
748 5519 880 5576 Ecce
904 5523 1032 5577 odor
1053 5524 1149 5593 ﬁlii
1172 5526 1268 5579 mei
1287 5567 1305 5593 ,
1339 5527 1465 5581 sicut
1501 5526 1629 5582 odor
1653 5529 1765 5601 agri
1792 5530 1958 5599 pleni,
1986 5545 2133 5599 quem

545 5609 799 5667 benedixit
824 5613 1093 5671 Dominus.
1115 5616 1206 5673 28.
1236 5617 1303 5673 Et
1330 5619 1469 5675 dabit
1489 5621 1577 5675 tibi
1608 5620 1743 5677 Deus
1764 5623 1827 5677 de
1856 5639 1971 5678 rore
1994 5623 2128 5689 ccli,

546 5709 595 5757 et
620 5700 685 5756 de
706 5702 1004 5775 pinguedine
1029 5718 1198 5779 ωηατ,
1222 5717 1269 5766 ct
1293 5706 1663 5768 multitudinem
1679 5714 1916 5784 frumenti
1935 5723 1983 5770 et
2004 5716 2126 5772 vini.

1279 330 1337 388 S.
1375 327 1648 388 ιοΑΝΝιε
1681 323 2149 386 CHRYSOSTOMI
2188 323 2506 379 ARCHIEP.
2547 322 3080 382 CONSTANTINOP.

3740 323 3850 379 46.

2248 436 2381 504 Det,
2411 436 2617 506 inquit,
2649 436 2908 493 Dominus
2929 437 3068 493 Deus
3096 436 3227 503 tibi,
3253 436 3342 506 qui
3370 433 3548 490 edulia
3576 436 3849 503 attulisti,

2244 530 2332 597 qui
2373 545 2405 584 a
2452 545 2537 585 me
2567 530 2808 583 osculum
2856 526 3232 598 accepistizEt
3274 528 3492 581 serviant
3528 528 3621 583 tibi
3645 540 3845 599 gentes.

2250 619 2381 675 Vide
2422 618 2692 690 quomodo
2736 621 3159 675 necessariorum
3203 620 3409 689 copiam
3443 619 3543 689 ipsi
3592 630 3850 690 precatus

2248 714 2354 778 sit,
2382 712 2575 767 deinde
2603 713 2952 781 principatum
2978 712 3215 781 gentium
3238 751 3255 777 ,
3292 711 3591 781 praedicens
3618 720 3679 767 et
3699 711 3847 765 futu-

2241 819 2356 859 ram
2384 804 2497 874 ejus
2524 804 2929 874 prosperitatem
2950 813 3210 858 eteorum
3238 803 3324 873 qui
3355 803 3423 857 ab
3452 818 3517 857 eo
3543 812 3846 858 nascuntur

2244 895 2647 948 incrementum.
2680 892 2746 947 Et
2772 895 2983 948 adorent
3023 903 3071 947 te
3107 894 3376 962 principes.
3420 892 3539 947 Non
3585 890 3769 948 solum
3794 894 3845 947 ci

2241 993 2562 1053 apprecatur
2588 986 2823 1055 gentium
2860 985 3243 1053 subjectionem
3265 1025 3279 1044 ,
3312 984 3404 1038 sed
3444 984 3605 1039 etiam
3636 984 3841 1053 princi-

2243 1073 2493 1148 put’n..Et
2515 1077 2587 1129 sis
2611 1075 2842 1129 dominus
2875 1075 3049 1143 fratris
3079 1075 3171 1128 tui.
3202 1073 3334 1128 Vide
3371 1074 3645 1142 quomodo
3670 1076 3845 1127 servit

2236 1166 2434 1233 justus,
2462 1166 2621 1220 etiam
2665 1167 2951 1236 ignorans,
3005 1165 3097 1219 Dei
3137 1165 3418 1219 voluntati.
3460 1163 3655 1221 Omnia
3696 1167 3843 1220 enim

2244 1258 2358 1310 lucc
2385 1252 2603 1325 propter
2630 1255 2732 1311 hoc
2757 1254 3206 1324 dispensabantur
3228 1295 3242 1317 ,
3272 1264 3329 1308 ut
3358 1253 3443 1307 hic
3470 1264 3699 1323 propter
3729 1255 3839 1308 vir-

2243 1355 2409 1400 tutem
2439 1346 2665 1416 dignus,
2697 1346 2917 1414 recipiat
2956 1345 3400 1401 benedictionem.
3448 1345 3513 1398 Et
3549 1345 3843 1399 adorabunt

2242 1447 2289 1491 te
2330 1438 2424 1506 ﬁlii
2467 1440 2626 1508 patris
2665 1441 2754 1492 tui.
2797 1438 2963 1492 Filios
3002 1438 3279 1492 consuevit
3325 1437 3600 1505 Scriptura
3640 1452 3844 1492 vocare

2239 1543 2457 1583 omnem
2486 1531 2883 1597 generationem
2912 1546 2925 1580 :
2950 1529 3087 1582 sicut
3111 1537 3163 1581 et
3191 1526 3276 1581 hic
3300 1568 3313 1589 ,
3362 1528 3497 1581 ﬁlios
3523 1528 3696 1597 patris
3724 1529 3796 1581 tui
3823 1547 3842 1583 :

2241 1632 2305 1672 ac
2333 1618 2377 1672 si
2406 1618 2525 1689 quis
2545 1617 2748 1673 diceret
2767 1634 2859 1672 ens
2882 1618 2971 1688 qui
2993 1635 3055 1672 ex
3079 1619 3284 1673 semine
3313 1618 3455 1672 Esau
3474 1618 3634 1673 futuri
3658 1631 3839 1673 erant.

2242 1706 2360 1762 Non
2388 1708 2528 1762 enim
2559 1706 2692 1763 alios
2732 1707 2870 1761 ﬁlius
2903 1707 3088 1761 habuit
3135 1707 3312 1771 Isaac,
3349 1722 3506 1776 quam
3553 1707 3655 1762 bos
3701 1709 3844 1762 duos

2243 1797 2414 1853 solos.
2440 1797 2539 1864 Qui
2581 1798 2835 1852 maledicit
2874 1810 2952 1863 te,
2991 1798 3054 1851 sit
3090 1796 3427 1852 maledictus:
3455 1798 3545 1867 qui
3588 1801 3841 1853 benedicit

2246 1896 2316 1952 te,
2344 1888 2407 1941 sit
2436 1887 2737 1941 benedictus.
2769 1887 2909 1942 Ecce
2934 1886 3241 1942 coronidem
3268 1886 3680 1952 benedictionis,
3712 1904 3841 1944 ecce

2244 1980 2505 2032 summam
2537 1978 2771 2032 omnium
2795 1980 3081 2045 bonorum,
3109 1994 3230 2034 esse
3256 1979 3615 2034 benedictum.
3648 1981 3837 2036 Vidisti

2248 2069 2339 2124 Dei
2367 2069 2744 2123 clementiam?
2783 2068 2882 2137 Qui
2914 2070 3160 2123 timuerat
3188 2083 3259 2124 ne
3282 2069 3719 2125 maledictioncm
3750 2086 3842 2125 ac-

2243 2159 2445 2229 ciperet
2468 2174 2567 2230 pro
2592 2159 2981 2224 benedictione,
3011 2175 3116 2215 non
3144 2160 3319 2214 solum
3343 2174 3462 2215 cum
3491 2169 3637 2215 tanta
3674 2162 3841 2231 largi-

2246 2258 2353 2305 tate
2374 2248 2771 2304 benedictiones
2791 2266 2819 2303 a
2844 2260 2990 2317 patre
3012 2258 3249 2317 reportat
3271 2266 3284 2302 :
3304 2248 3398 2304 sed
3420 2259 3473 2303 et
3501 2250 3575 2303 illi
3608 2250 3837 2306 maledi-

2241 2348 2455 2404 cuntur,
2478 2345 2566 2408 qui
2586 2348 2851 2394 attentant
2876 2355 2998 2395 eum
3024 2338 3362 2394 maledicere.
3385 2339 3520 2395 Hinc
3541 2340 3839 2407 discamus,

2244 2429 2387 2499 quod
2413 2430 2628 2499 quando
2650 2432 2770 2501 quis
2806 2429 3099 2486 secundum
3126 2430 3452 2485 voluntatem
3480 2432 3572 2486 Dei
3595 2448 3692 2487 sua
3721 2434 3834 2487 dis-

2246 2534 2470 2588 pensare
2512 2521 2653 2586 vult,
2703 2530 2849 2576 tanto
2872 2535 3110 2591 superno
3170 2519 3409 2576 subsidio
3433 2521 3749 2592 adiuvatur,
3781 2533 3839 2578 ut

2245 2610 2347 2667 hoc
2380 2612 2537 2682 plane
2568 2613 2743 2682 reipsa
2769 2614 3096 2683 experiatur.
3126 2611 3259 2679 Quis
3288 2613 3428 2667 enim
3461 2628 3566 2667 non
3597 2614 3838 2669 admire-

2246 2710 2331 2754 tur
2371 2710 2426 2756 et
2466 2702 2805 2771 Obstupescat
2851 2704 2943 2759 Dei
2988 2702 3307 2758 inetlhbilcm
3354 2702 3842 2773 dispensationem,

2244 2792 2384 2860 quod
2422 2808 2527 2847 non
2568 2792 2715 2863 prius
2750 2794 2892 2849 Esaia
2920 2796 2987 2850 de
3017 2794 3299 2850 venatione
3334 2794 3645 2863 advenerit,
3676 2812 3838 2868 quam

2243 2884 2542 2939 solveretur
2567 2884 2760 2940 fabula:
2791 2886 2931 2941 illius
2959 2895 3328 2956 argumentum
3351 2928 3366 2953 ,
3410 2897 3462 2942 et
3502 2888 3718 2957 quando
3751 2888 3842 2944 illc

2243 2984 2457 3045 accepta
2483 2976 2852 3031 benedictione
2880 2992 2907 3029 a
2937 2988 3086 3046 patre
3110 2978 3395 3035 discessit?
3419 2980 3531 3035 lloc
3556 2979 3704 3033 enim
3739 2994 3840 3035 nos

2243 3064 2438 3121 docere
2456 3067 2645 3122 volens
2670 3066 2858 3122 beatus
2887 3067 3067 3123 Moses-
3090 3070 3311 3139 adjicit:
3327 3072 3417 3127 30.
3444 3070 3515 3124 Et
3543 3076 3739 3141 factum
3765 3081 3839 3126 est

2245 3166 2509 3226 postquam
2533 3158 2739 3212 cessarit
2773 3157 2920 3211 Isaac
2950 3158 3239 3214 benedicere
3260 3158 3419 3214 Iacob
3451 3161 3614 3229 ﬁlium
3642 3176 3835 3215 suum:

2244 3259 2289 3302 et
2320 3249 2510 3319 factum
2548 3259 2619 3302 est
2659 3250 2864 3319 quando
2890 3252 3039 3304 exivit
3065 3250 3223 3306 Jacob
3266 3269 3298 3305 α
3337 3253 3468 3323 facie
3492 3251 3645 3307 Isaac
3664 3253 3845 3323 patris

2240 3339 2339 3403 sui,
2370 3354 2483 3393 ecce
2509 3337 2648 3394 Esau
2676 3344 2834 3410 frater
2859 3357 2983 3395 suus
3010 3344 3143 3395 venit
3164 3342 3229 3396 de
3245 3344 3525 3397 venatione.

2312 3428 2369 3481 4.
2398 3428 2653 3496 Quidquid
2684 3439 2942 3498 peractum
2970 3431 3067 3495 sit,
3096 3442 3207 3502 post
3232 3433 3503 3487 aduentum
3527 3431 3687 3499 Esau,
3715 3450 3834 3487 nar-

2241 3528 2321 3572 rat
2378 3521 2760 3575 commentando
2814 3521 3231 3593 Chrysostomus;
3279 3525 3638 3580 benedictionis
3692 3526 3837 3582 Esai

2242 3610 2509 3680 explicatio
2556 3628 2819 3668 numerum
2859 3615 3067 3669 claudit.
3102 3645 3174 3656 —
3212 3616 3344 3673 Vide
3390 3619 3662 3687 quomodo
3715 3626 3835 3689 post

2242 3701 2387 3755 illius
2419 3703 2624 3757 exitum
2661 3704 2795 3759 alter
2832 3707 3010 3760 statim
3050 3706 3289 3763 advenit.
3331 3707 3448 3764 Non
3489 3710 3589 3765 hoc
3630 3710 3835 3781 absque

2242 3800 2400 3841 causa
2426 3787 2507 3842 vel
2548 3797 2748 3845 temere
2787 3789 3003 3855 factum,
3028 3791 3124 3846 sed
3151 3802 3207 3847 ut
3238 3793 3489 3863 ignorans
3527 3795 3747 3851 afferret
3780 3805 3835 3851 el

2245 3877 2359 3947 ipse
2380 3878 2578 3947 edulia,
2602 3890 2657 3935 et
2680 3897 2709 3935 a
2742 3892 2889 3950 patre
2919 3883 3217 3939 addiscerct
3257 3901 3373 3940 rem
3414 3894 3577 3939 totam
3618 3893 3681 3940 ut
3715 3896 3835 3942 acta

2247 3978 2381 4024 erat.
2414 3970 2545 4025 Nam
2574 3971 2694 4025 siin
2728 3974 2945 4028 fratrem
2974 3974 3267 4040 incidisset,
3305 3974 3523 4029 forsitan
3560 3986 3614 4030 et
3658 3977 3831 4046 ipsum

2245 4061 2620 4127 interemisset,
2654 4062 2823 4118 victus
2852 4065 2924 4118 ira
2956 4081 2969 4118 :
2999 4064 3093 4134 qui
3119 4065 3262 4120 etaim
3292 4065 3393 4120 hoc
3414 4076 3599 4135 postea
3629 4066 3835 4122 delibe-

2242 4154 2399 4222 ravit,
2427 4155 2595 4210 multo
2618 4157 2785 4226 magis
2813 4156 2939 4210 dum
2966 4166 3215 4227 ageretur
3243 4158 3539 4229 negotium,
3567 4159 3618 4214 id
3648 4168 3828 4215 atten-

2246 4254 2427 4300 tasset.
2453 4246 2559 4303 Sed
2591 4261 2781 4301 manus
2823 4247 2914 4302 Dei
2956 4257 3092 4314 erat,
3130 4263 3248 4318 qua:
3279 4262 3501 4318 puerum
3534 4248 3784 4304 servabat
3813 4267 3829 4305 :

2242 4344 2296 4389 et
2343 4336 2483 4391 lntnc
2532 4336 2746 4408 quidem
2802 4337 3018 4407 dignum
3066 4337 3440 4394 benedictione
3490 4338 3707 4406 etlecit,
3764 4341 3831 4396 il-

2244 4426 2353 4480 lum
2406 4437 2581 4482 autem
2601 4443 2655 4488 et
2684 4432 3057 4487 benedictione
3073 4430 3307 4502 privavit
3324 4443 3379 4487 et
3393 4431 3827 4501 primogenitum.

2244 4518 2334 4573 3i.
2384 4518 2451 4574 Ut
2499 4530 2663 4575 autent
2708 4520 2927 4585 advenit,
2977 4522 3168 4593 inquit,
3217 4522 3334 4594 fecit
3380 4534 3426 4578 et
3476 4524 3587 4594 ipse
3632 4525 3830 4591 edulia,

2243 4618 2292 4663 et
2331 4611 2497 4665 attulit
2534 4614 2667 4678 patri
2707 4628 2820 4680 suo,
2861 4621 2908 4668 et
2947 4614 3121 4667 dixit:
3146 4615 3341 4685 Surgat
3379 4624 3525 4685 pater
3560 4632 3740 4682 meus,
3784 4624 3833 4671 et

2243 4704 2468 4756 comedat
2499 4704 2562 4757 de
2602 4705 2864 4758 venatione
2886 4704 2986 4773 ﬁlii
3018 4705 3116 4771 sui,
3150 4715 3205 4759 ut
3242 4704 3504 4760 benedisat
3541 4722 3621 4760 me
3656 4710 3832 4761 anima

2243 4805 2348 4848 tua.
2377 4794 2787 4863 Vide,obsccro,
2811 4795 3001 4851 iterum
3016 4796 3219 4865 justum
3239 4796 3557 4866 perturbari,
3576 4806 3628 4851 et
3650 4808 3833 4853 mente

2240 4888 2489 4943 cruciari.
2529 4887 2662 4942 Nam
2706 4897 2765 4942 ut
2802 4888 3023 4955 audivit,
3047 4888 3135 4944 '52.
3166 4888 3312 4943 Dixit
3343 4905 3358 4942 :
3385 4888 3510 4956 Quis
3529 4904 3582 4944 es
3607 4891 3704 4945 tu?
3730 4889 3837 4945 llts

2240 4989 2407 5033 autent
2447 4980 2573 5033 dixit
2603 4994 2624 5034 :
2652 4978 2764 5048 Ego
2792 4996 2903 5032 sunt
2942 4979 3084 5049 ﬁlius
3115 4989 3235 5035 tuus
3268 4979 3633 5051 primogenitus
3662 4977 3827 5035 Esat'r.

2243 5070 2373 5125 Vide
2396 5069 2664 5139 quomodo
2692 5070 2919 5138 superbe
2946 5084 3005 5125 se
3032 5077 3183 5141 gerat
3208 5070 3260 5125 in
3286 5084 3346 5125 rc
3376 5071 3625 5140 praesenti
3666 5087 3681 5125 :
3721 5084 3830 5123 non

2238 5162 2369 5216 satis
2389 5159 2487 5231 ipsi
2520 5158 2618 5214 fuit
2642 5158 2842 5226 dicere,
2867 5159 2979 5231 Ego
3004 5176 3117 5214 sitm
3142 5159 3283 5216 Esai
3302 5175 3325 5216 :
3342 5161 3435 5218 sed
3453 5158 3677 5222 addidit,
3711 5158 3830 5213 Pri-

2239 5254 2539 5325 mogeuitus.
2589 5252 2678 5307 '53.
2727 5251 2994 5323 Obstupuit
3031 5261 3202 5307 autem
3238 5251 3387 5307 Isaac
3427 5262 3635 5322 stupore
3677 5252 3830 5306 velte-

2238 5344 2414 5408 mcnti,
2435 5352 2485 5398 et
2512 5341 2681 5397 dixit:
2700 5340 2824 5407 Quis
2848 5342 3004 5412 igitur
3030 5352 3236 5395 senatus
3256 5351 3328 5397 at
3349 5341 3473 5395 mihi
3494 5342 3825 5407 venaticum,

2237 5444 2286 5489 et
2309 5434 2479 5489 attulit
2506 5432 2652 5499 mihi,
2680 5442 2726 5486 et
2749 5433 2943 5487 comedi
2967 5432 3032 5487 ds
3061 5432 3294 5486 euntibus
3319 5442 3589 5499 antequam
3611 5442 3665 5484 tu
3686 5432 3826 5486 seni-

2235 5544 2316 5583 res
2346 5545 2361 5583 :
2388 5538 2435 5582 ct
2463 5525 2695 5582 benedixi
2722 5542 2855 5593 sum,
2882 5535 2930 5581 et
2955 5527 3019 5580 sit
3038 5525 3366 5580 benedictus?
3392 5523 3526 5579 Vide
3554 5524 3827 5594 quomodo

2238 5621 2291 5677 in
2320 5619 2670 5693 perplexitate
2702 5619 3021 5674 cmstitutus
3053 5620 3251 5687 justus,
3274 5626 3329 5673 et
3354 5618 3576 5672 narrans
3599 5615 3827 5693 facturn,

2243 5680 2443 5770 addidit
2483 5721 2659 5767 tamen
2696 5711 2925 5781 graviter
2963 5710 3104 5767 illius
3142 5710 3377 5765 animum
3403 5707 3730 5765 vulnerans:
3758 5680 3826 5762 ἐι
