4086 6418
244 392 357 450 16⁸1

1283 385 1349 440 ΙΝ
1393 385 1546 439 CAP.
1575 381 2052 440 XXVIIGENES.
2096 380 2331 437 IIOMIL.
2381 382 2513 437 LIII.

3455 383 3559 438 ωε

244 503 427 566 ὸΘιὸς
453 501 713 569 εἰςὲργον
730 501 826 570 τὴν
848 501 1157 571 πρόρρησιν
1178 499 1343 552 αὐτοῦ
1364 500 1616 564 ἀγαγεῖν,
1640 498 1854 553 ἅπαντα
1954 516 2089 564 ριος
2133 497 2253 550 ἀπὸ
2295 496 2405 565 τῆς
2434 496 2662 564 δρόσου
2707 493 2816 549 τοῦ
2846 492 3132 562 οὐρανοῦ,
3170 493 3267 546 καὶ
3303 493 3422 546 ἀπὸ
3455 492 3566 563 τῆς

246 591 423 649 οὕτως
451 585 776 655 ᾠκονόμησε
808 585 1089 652 γενέσθαι.
1113 584 1225 637 Καὶ
1256 583 1344 636 ἵνα
1379 581 1558 652 μάθῃς
1590 580 1741 650 ιΞΗἹ]
1772 581 1853 631 ὅτι

253 675 288 724 ὀ
323 669 456 732 Θεὸς
484 663 552 738 ἦν
579 670 607 721 6
634 669 812 720 πάντα
837 667 1235 737 ἐξευμαρίζων,
1274 667 1367 718 καὶ
1394 665 1462 716 τὰ
1487 663 1720 715 δύσκολα
1764 660 1857 713 εῦ-

247 753 390 806 κολα
419 751 614 813 ποιῶν,
641 752 741 821 ὅρα
769 749 886 813 πῶς
924 752 953 801 6
981 749 1189 811 δίκαιος
1219 749 1320 801 οὐκ
1355 746 1598 816 ἠδυνήθη
1626 745 1857 797 συνιδεῖν

246 839 351 906 τὴν
377 833 617 904 ἀπάτην,
644 832 782 886 ἀλλὰ
802 834 894 885 καὶ
924 832 1174 884 πείθεται
1204 833 1317 893 τοῖς
1352 830 1504 900 παρά
1528 829 1621 881 τοῦ
1663 827 1860 880 Ἰακὼϐ

249 919 488 990 ῥηθεῖσι,
539 916 634 969 καὶ
671 915 989 978 ἀπολαύσας
1048 914 1156 967 τῶν
1205 915 1522 984 ἐδεσμάτων
1559 912 1856 980 ἀμείϐεται

245 1003 418 1054 αὐτὸν
446 1004 564 1063 ταῖς
607 1000 901 1067 εὐλογίαις.
935 1000 1047 1052 Καὶ
1086 999 1146 1051 οὐ
1183 997 1451 1067 πρότερον
1492 995 1858 1065 παραγίνεται

245 1086 363 1138 ἀπὸ
387 1085 484 1154 τῆς
505 1083 678 1154 θήρας
708 1084 737 1136 6
779 1080 972 1145 Ἡσαῦ,
999 1082 1198 1151 μέχρις
1228 1080 1317 1132 ὅτε
1348 1081 1526 1134 πάντα
1555 1079 1705 1140 τέλος
1735 1078 1861 1130 ἐλα-

248 1167 374 1230 ϐεν,
410 1167 496 1219 ἵνα
523 1165 610 1218 διά
649 1167 870 1218 πάντων
907 1165 1125 1234 γνῶμεν
1159 1165 1244 1216 ὅτι
1277 1162 1419 1216 κατὰ
1454 1161 1590 1214 Θεοῦ
1630 1159 1860 1230 γνώμην
1899 1227 1902 1229 _

251 1249 318 1302 τὸ
346 1250 633 1320 γινόμενον
656 1244 745 1316 ἦν.
779 1244 929 1301 Εἷπε
949 1247 1039 1313 δὲ,
1071 1248 1266 1317 φησιν,
1293 1244 1505 1300 Ἰσαάκ
1524 1261 1538 1275 ’
1577 1246 1637 1300 Τί
1657 1245 1857 1307 τοῦτο,

250 1333 350 1386 ὅτι
365 1333 514 1400 ταχὺ
528 1328 725 1399 εὗρες,
746 1326 792 1384 ὦ
812 1330 1055 1393 τέκνον;
1090 1331 1143 1382 Ὀ
1164 1330 1233 1383 δὲ
1250 1324 1438 1383 εἶπεν
1469 1331 1530 1381 ’Ὀ
1551 1328 1860 1396 παρέδωκε

253 1418 477 1483 Κύριος
499 1419 532 1468 ό
554 1416 699 1480 Θεός
728 1430 845 1467 σου
873 1412 1153 1466 ἐναντίον
1191 1411 1358 1480 ἐμοῦ.
1401 1411 1524 1463 Ἔτι
1563 1409 1860 1478 ἐναγώνιος

253 1502 503 1569 εἱστήκει
537 1502 565 1552 6
613 1497 828 1563 Ἰακὼϐ,
873 1498 968 1550 καὶ
1011 1495 1207 1567 ηὔξετο
1240 1495 1389 1564 αὐτῷ
1415 1494 1485 1546 τά
1529 1493 1625 1546 τοῦ
1665 1492 1856 1563 φόϐου,

257 1584 354 1635 καὶ
378 1582 554 1635 πάντα
577 1581 809 1646 ἐγίνετο,
837 1581 925 1633 ἵνα
954 1579 1219 1650 μάθωμεν
1249 1580 1316 1634 δι’
1348 1577 1530 1631 αὐτῶν
1562 1578 1644 1631 ὄτι
1674 1578 1702 1628 6
1735 1576 1858 1644 φιλ-

255 1667 548 1737 άνθρωπος
586 1665 867 1734 Δεσπότης
912 1664 1012 1734 οὐχ
1061 1662 1249 1726 ἀπλῶς
1283 1662 1385 1732 τὴν
1415 1662 1625 1715 οἰκείαν
1654 1658 1858 1712 ἐπιδεί-

257 1766 456 1802 κνυται
475 1748 754 1818 πρόνοιαν,
777 1748 842 1799 ἂν
863 1747 938 1818 μὴ
967 1746 1170 1817 πολλὴν
1190 1745 1274 1816 ἴδῃ
1302 1746 1396 1797 καὶ
1420 1743 1522 1815 τὴν
1542 1743 1673 1814 παρ’
1697 1741 1858 1813 ἡμῶν

257 1832 584 1902 θερμότητα
607 1830 924 1901 γινομένην.
946 1829 1038 1900 Μὴ
1061 1830 1171 1900 γάρ
1193 1846 1284 1899 μοι
1313 1827 1705 1899 παραδράμῃς,
1723 1827 1862 1893 ἀγα-

259 1914 428 1985 πητέ,
460 1913 652 1965 τοῦτον
683 1912 778 1966 νῦν
820 1913 913 1965 τὸν
957 1912 1169 1979 ἀγῶνα,
1209 1909 1347 1964 ἀλλά
1379 1909 1576 1963 σκόπει
1617 1909 1700 1961 δτι
1733 1907 1862 1978 περὶ

256 1997 357 2050 τοῦ
406 1997 608 2059 παντὸς
648 1992 717 2066 ἦν
757 1994 908 2065 αὐτῷ
950 1996 979 2046 6
1024 1995 1288 2056 κίνδυνος,
1323 1995 1416 2046 καὶ
1458 1992 1716 2044 ἐδεδοίκει
1766 1991 1860 2044 καὶ

255 2079 461 2150 ἔτρεμε
493 2081 567 2149 μὴ
597 2078 664 2130 δι’
708 2077 962 2145 εὐλογίαν
994 2076 1240 2147 κατάρας
1281 2075 1584 2137 ὑπεύθυνος
1612 2073 1860 2143 γένηται.

257 2157 400 2217 Εἶτά
435 2179 620 2230 φησιν,
667 2157 816 2214 Εἶπε
857 2159 929 2212 δὲ
983 2159 1221 2214 Ἰσαάκ·
1267 2158 1562 2227 Ἐγγισόν
1595 2173 1718 2224 μοι,
1763 2155 1861 2207 καὶ

256 2245 616 2314 ψηλαφήσω
643 2261 738 2306 σε,
765 2245 1000 2306 τέκνον,
1025 2245 1076 2295 εἱ
1099 2242 1183 2295 σὺ
1208 2237 1269 2295 εἴ
1289 2245 1321 2294 ό
1346 2244 1477 2307 υίός
1491 2258 1612 2310 μου
1653 2237 1861 2304 Ἡσαῦ,

258 2330 301 2397 ἢ
346 2331 439 2383 οὔ.
485 2329 620 2381 Ἀπὸ
644 2330 754 2399 γὰρ
780 2330 878 2399 τῆς
908 2330 1092 2397 φωνῆς
1127 2327 1311 2396 ἡρέμα
1345 2343 1463 2387 πως
1507 2323 1812 2388 ἐνεδοίαζεν
1836 2325 1866 2376 6

255 2412 498 2474 δίκαιοςο
528 2412 644 2465 ἀλλ’
674 2411 864 2480 ἐπειδὴ
897 2409 1064 2483 ἐχρῆν
1094 2409 1193 2480 τὴν
1222 2407 1538 2478 οἰκονομίαν
1581 2409 1661 2469 είς
1703 2405 1865 2475 ἔργον

257 2493 529 2560 ἐξελθεῖν,
560 2497 622 2548 οὐ
655 2496 1013 2566 συνεχωρήθη
1054 2493 1287 2546 συνιδεῖν
1317 2492 1415 2562 τὴν
1451 2491 1693 2558 ἀπάτην.
1725 2492 1868 2557 “Hr-

258 2592 398 2647 γισε
420 2577 511 2644 δὲ,
531 2579 716 2647 φησὶν,
755 2577 976 2641 Ἰακὼϐ,
1008 2581 1105 2630 καὶ
1122 2574 1532 2643 ἐψηλάφησεν
1547 2573 1740 2627 αὑτὸν
1768 2571 1868 2624 καὶ

257 2657 459 2714 εἶπεν
499 2661 562 2712 Ἡ
589 2659 706 2729 μὲν
735 2660 930 2729 φωνὴ,
969 2658 1142 2728 φωνὴ
1187 2657 1388 2714 Ἰακώϐ
1405 2675 1418 2687 ·
1451 2660 1518 2718 αἱ
1547 2656 1616 2709 δὲ
1645 2654 1864 2724 χεῖρες,

257 2741 464 2815 χεῖρες
513 2743 748 2797 Ἠσαῦ·
785 2744 881 2796 καὶ
914 2746 1024 2796 οὐκ
1055 2742 1288 2811 ἐπέγνω
1328 2741 1537 2794 αὐτόν.
1565 2740 1707 2809 Ὅρα
1748 2737 1866 2800 πῶς

256 2825 540 2878 δείκνυται
567 2825 649 2878 ὅτι
690 2825 790 2895 τῆς
821 2825 915 2877 τοῦ
953 2825 1090 2878 Θεοῦ
1142 2828 1367 2895 χάριτος
1399 2819 1466 2893 ἦν
1506 2822 1566 2875 τὸ
1601 2824 1744 2885 πᾶν,¹
1769 2821 1866 2891 τῆς

261 2907 797 2979 παρασκευαζούσης
845 2908 941 2962 καλ⁵
980 2908 1144 2960 αὐτὸν
1187 2908 1356 2978 μηδὲν
1400 2907 1512 2959 τῶν
1563 2905 1866 2974 γινομένων

261 2990 522 3052 συνιδεῖν,
546 2990 640 3042 καὶ
663 2991 753 3043 τὸν
792 2989 985 3042 Ἰακὼὸ
1006 2989 1316 3042 ἀπολαῦσαι
1336 2988 1438 3057 τῆς
1470 2987 1745 3056 πατρικῆς
1774 2986 1866 3036 εὐ-

261 3074 474 3141 λογίας.
507 3073 618 3128 Kal
642 3076 758 3127 οὐκ
790 3073 1022 3142 ἐπέγνω
1051 3074 1261 3133 αὐτόν,
1290 3072 1454 3141 φησίν
1475 3087 1489 3100 ·
1564 3064 1725 3137 ἦσαν
1760 3072 1868 3137 γὰρ

258 3159 325 3210 al
364 3155 558 3224 χεῖρες
589 3156 780 3209 αὑτοῦ
817 3156 898 3221 ὡς
924 3157 986 3209 al
1019 3155 1216 3224 χεῖρες
1260 3153 1470 3208 Ἡσαῦ.
1505 3151 1616 3206 Καὶ
1657 3146 1864 3204 εἶπεν·

262 3241 338 3292 El
363 3239 444 3293 σὺ
473 3233 528 3291 εἷ
551 3242 582 3291 ό
607 3239 739 3304 υἱός
765 3255 886 3306 μου
937 3237 1126 3292 Ἠσαῦ
1153 3250 1217 3301 ι;
1251 3237 1397 3306 Ὅρα
1427 3235 1592 3289 πάλιν
1625 3233 1740 3298 πῶς
1764 3232 1870 3285 δεί-

263 3338 458 3374 κνυσιν
492 3323 524 3392 ἡ
567 3320 685 3372 Θεία
730 3321 920 3392 Γραφὴ
963 3321 1045 3372 ὅτι
1086 3319 1366 3383 ἐδίσταζεν
1396 3321 1424 3371 6
1459 3320 1688 3381 δίκαιος.
1719 3314 1870 3371 Εἷπε

261 3404 396 3473 γὰρ,
427 3407 497 3458 El
521 3404 603 3456 σὺ
631 3399 689 3455 εἴ
710 3408 741 3456 ό
770 3406 901 3468 υἱός
921 3420 1044 3471 μου
1082 3401 1275 3457 Ἡσαῦ
1299 3418 1316 3465 ;
1344 3403 1429 3454 ἵνα
1456 3403 1550 3455 καὶ
1583 3403 1646 3453 ἐκ
1675 3400 1866 3453 τούτου

263 3487 432 3540 πάλιν
459 3487 699 3557 γνῶμεν,
747 3487 827 3538 ὅτι
859 3487 888 3538 6
923 3485 1106 3555 πατὴρ
1141 3485 1239 3555 μέν
1268 3486 1528 3557 ἡττηθεὶς
1552 3488 1618 3554 τῇ
1661 3487 1868 3554 φυσικῇ

265 3569 629 3640 φιλοστοργία
653 3569 872 3622 ἅπαντα
891 3567 1248 3636 διεπράττετο
1267 3584 1280 3597 θ
1309 3569 1339 3619 6
1364 3568 1421 3619 δὲ
1447 3567 1580 3630 Θεὸς
1605 3569 1632 3620 6
1653 3567 1722 3618 τὰ
1747 3566 1868 3636 μέλ-

268 3654 436 3706 λοντα
474 3653 748 3723 προορῶν,
777 3651 870 3704 καὶ
902 3651 1012 3703 ἀπὸ
1031 3650 1130 3719 τῆς
1152 3651 1262 3703 τῶν
1286 3650 1503 3720 τρόπων
1536 3650 1738 3720 ἀρετῆς
1767 3666 1867 3719 χα-

267 3735 625 3806 ρακτηρίζων
677 3735 771 3785 καὶ
830 3734 1047 3796 δεικνὺς
1082 3734 1210 3795 τοὺς
1261 3730 1460 3785 ἐαυτοῦ
1498 3731 1866 3804 θεράποντας,

274 3818 455 3880 οὓτως
500 3816 718 3869 ἅπαντα
763 3817 1053 3886 οἰκονομεῖ.
1101 3812 1213 3867 Καὶ
1261 3812 1414 3883 εἷπε,
1448 3816 1648 3885 φησίν·
1705 3813 1864 3882 Ἐγώ.

280 3900 506 3970 Ἐπειδὴ
536 3901 644 3970 γάρ
678 3895 934 3964 εἷπεν,Εὶ
962 3898 1047 3951 σὺ
1076 3894 1186 3952 εἷό
1211 3900 1343 3963 υίός
1366 3915 1488 3968 μου
1519 3897 1712 3952 Ἠσαῦ
1729 3913 1749 3961 ;
1776 3896 1870 3950 καὶ

271 3981 450 4049 εἶπεν,
506 3981 680 4050 Ἐγώ·
719 3979 863 4044 εἷπε,
911 3981 1266 4051 Προσάγαγέ
1289 3998 1416 4050 μοι,
1460 3981 1561 4034 xal
1607 3980 1870 4050 φάτομαι

263 4069 388 4122 ἀπὸ
419 4065 530 4134 τῆς
573 4066 757 4134 θήρας
801 4083 942 4130 σου,
985 4065 1224 4128 τέκνον,
1249 4066 1351 4118 ἵνα
1382 4064 1696 4135 εὐλογήσῃ
1725 4079 1800 4118 σε
1829 4066 1868 4132 ὴ

264 4150 440 4222 ψυχή
458 4169 578 4220 μου
602 4165 618 4180 ⁶
645 4150 799 4220 μόλις
822 4150 953 4202 ποτέ
974 4149 1075 4218 τῆς
1092 4148 1336 4217 ἀγωνίας
1360 4148 1547 4202 λοιπὸν
1575 4148 1867 4219 ἀπηλλάγη

263 4239 295 4290 6
331 4233 549 4298 Ἰακὼϐ,
578 4234 691 4287 Kal
723 4232 1109 4302 προσήνεγκε
1133 4230 1214 4297 τῷ
1245 4231 1421 4299 πατρὶ
1442 4231 1516 4285 τὰ
1544 4230 1867 4300 ἐδέσματα,

266 4319 368 4371 καὶ
392 4315 755 4384 εἰσήνεγκεν
778 4315 970 4378 οἶνον,
1004 4315 1105 4368 καὶ
1139 4313 1293 4369 ἔπιε.
1330 4314 1442 4367 Kal
1471 4310 1643 4368 εἶπεν
1669 4313 1832 4379 αὐτῷ
1852 4331 1865 4344 ·

267 4396 562 4469 Ἕγιγισόν
577 4415 699 4469 μοι,
719 4398 817 4451 καὶ
835 4400 1108 4467 φίλησόν
1120 4414 1218 4467 με,
1237 4398 1477 4450 τέκνον.
1496 4397 1607 4452 Kal
1618 4398 1869 4465 ἐγγίσας

263 4484 568 4552 ἐφίλησεν
597 4482 786 4534 αὐτόν
811 4497 823 4511 ·
868 4483 969 4535 καί
999 4480 1327 4550 ὠσφράνθη
1364 4480 1481 4548 τὴν
1512 4480 1716 4549 όσμὴν
1749 4478 1871 4533 τῶν

267 4565 519 4634 ἱματίων
565 4563 777 4628 αὑτοῦ,
811 4563 909 4616 καὶ
935 4565 1280 4632 εὐλόγησεν
1303 4563 1512 4627 αὐτὸν,
1546 4563 1644 4617 καὶ
1673 4559 1865 4616 εἴπεν.

269 4632 415 4720 ’Ὅρα
441 4649 541 4718 τῆς
577 4646 728 4707 Θείας
765 4646 804 4696 Γ
811 4646 992 4715 ραφῆς
1030 4647 1130 4714 τὴν
1174 4648 1586 4716 παρατήρησιν.
1647 4632 1876 4718 Ἐπειδῆ

266 4731 577 4804 ἠρώτησεν,
596 4732 663 4782 El
686 4730 768 4782 σὺ
796 4726 852 4781 εί
886 4729 1093 4794 Ἠσαῦ;
1117 4730 1212 4782 καὶ
1243 4726 1419 4794 εἶπεν,
1455 4730 1619 4798 Ἐγὼ,
1646 4732 1741 4784 καὶ
1759 4732 1866 4784 πά-

269 4815 353 4869 λιν
401 4814 754 4884 ἐψηλάιρησεν
803 4813 988 4876 αὐτὸν,
1041 4812 1134 4865 καὶ
1167 4814 1354 4885 ἡρέμα
1401 4831 1520 4878 πως
1563 4814 1867 4878 ἐνεδοίαζεν

266 4899 376 4954 ὑπὸ
399 4899 499 4967 τῆς
528 4898 713 4967 φωνῆς
735 4898 814 4959 εἰς
838 4898 1096 4950 ύπόνοιάν
1122 4916 1241 4951 τινα
1261 4899 1352 4951 καὶ
1380 4899 1665 4970 ὑκόκρισιν
1692 4901 1869 4970 ἐμπε-

267 4982 400 5046 σὼν,
420 4983 514 5034 καὶ
533 4980 695 5033 πάλιν
711 4979 1018 5050 ἠρώτησεν,
1039 4983 1108 5034 El
1124 4981 1207 5034 σὺ
1229 4977 1286 5034 εἷ
1310 4983 1485 5045 όυίός
1495 5000 1615 5050 μου
1649 4983 1867 5047 Ἠσαῦ;

265 5066 367 5121 καὶ
400 5062 592 5129 εἶπεν,
629 5062 793 5131 Ἐγὼ,
820 5059 939 5115 εἶτα
957 5067 1333 5134 προσήνεγκεν
1363 5065 1644 5134 αὐτῷ,κα“ι
1673 5066 1863 5135 ἐφαγε’

265 5151 410 5213 τότε,
447 5148 636 5217 φησὶν,
681 5147 1015 5213 Ἰἰςοίλησεν
1037 5149 1244 5210 αὐτόν,
1274 5149 1372 5202 καὶ
1396 5149 1739 5215 εὐλόγησεν
1759 5150 1867 5203 αὐ-

268 5235 394 5287 τόν.
427 5231 544 5284 Ἵνα
566 5230 659 5301 -μὴ
703 5229 900 5299 νομίσῃ
931 5247 1012 5292 τις
1038 5232 1119 5282 ὅτι
1149 5234 1229 5294 είς
1253 5231 1314 5284 τὸ
1349 5230 1442 5284 τοῦ
1478 5231 1655 5285 Ἢσαῦ
1704 5233 1865 5302 πρόσ-

261 5334 417 5372 ωπον
445 5315 542 5386 τὴν
580 5315 830 5382 εὐλογίαν
864 5314 1015 5384 [518]
1049 5316 1364 5386 ἐποιήσατο,
1396 5316 1511 5371 ἀλλ’
1546 5319 1626 5381 είς
1661 5320 1868 5372 ἐκεῖνον

267 5403 358 5454 τὸν
383 5401 475 5452 ὑπ’
507 5397 672 5451 αὑτοῦ
710 5396 1004 5467 φιληθέντα
1031 5414 1043 5426 ·
1083 5398 1174 5451 διὰ
1200 5399 1359 5453 τοῦτο
1389 5401 1797 5470 ἐμνημόνευσεν
1833 5403 1866 5472 ἡ

266 5483 391 5536 θεία
428 5483 639 5553 Γραφὴ,
682 5482 764 5533 ὅτι
795 5481 889 5532 καὶ
925 5481 1173 5552 ἐφίλησε,
1206 5484 1300 5535 καὶ
1330 5484 1633 5555 ηὐλόγησεν
1660 5488 1868 5539 ἐκεῖνον

264 5568 360 5623 τὸν
389 5566 481 5616 ὑπ’
513 5564 676 5618 αὑτοῦ
712 5563 1028 5632 φιληθέντα.
1064 5565 1408 5634 Ὠσφράνθη
1430 5568 1516 5634 δὲ,
1543 5569 1730 5638 φησὶν,
1752 5569 1869 5637 τὴν

265 5650 476 5720 ὀσμὴν
503 5647 624 5701 τῶν
642 5649 890 5716 ἱματίων
923 5649 1132 5713 αὑτοῦ,
1169 5649 1266 5701 καὶ
1289 5651 1629 5719 εὐλόγησεν
1656 5654 1862 5720 αὐτόν,

269 5737 370 5791 καὶ
385 5730 558 5788 εἶπεν
576 5749 588 5761 ·
626 5731 772 5784 Ἰδοὺ
791 5730 952 5799 ὀσμὴ
970 5731 1076 5784 τοῦ
1099 5733 1235 5786 υἱοῦ
1251 5751 1393 5801 μου,
1408 5735 1487 5799 ὡς
1506 5737 1664 5804 ὀσμὴ
1679 5739 1865 5806 ἀῃοοῦ

268 5817 568 5887 πλήρους,
592 5815 664 5867 ὃν
687 5816 1002 5883 ηὺλόγησε
1031 5817 1270 5880 Κίιριος.
1295 5817 1403 5870 Καὶ
1423 5818 1600 5872 δώσει
1624 5836 1723 5874 σοι
1755 5826 1867 5876 Κύ-

339 5905 366 5935 ⁸
404 5902 492 5951 llic
530 5899 753 5963 quurdznp
793 5898 1089 5963 excjderaut
1124 5911 1172 5948 In
1224 5899 1394 5948 Morel.
1447 5903 1506 5949 δι’
1561 5906 1862 5963 ὀμοιοτέλευ-

277 5984 376 6020 τον,
397 5979 510 6024 quae
535 5957 580 6009 ll)
607 5959 759 6008 Sani.
788 5967 840 6009 cl
882 5957 930 6009 in
966 5969 1175 6023 quatuor
1197 5976 1312 6012 luas.
1335 5963 1572 6014 bubonlux
1592 5957 1654 6015 ἐι
1682 5967 1738 6018 ab
1789 5972 1854 6017 iu-

273 6031 497 6088 lerprelc‘
525 6025 651 6073 lccu
674 6030 803 6071 :um.

1961 584 2243 647 πιότητος
2259 580 2368 648 τῆς
2389 580 2522 649 γῆς,
2543 579 2641 632 καί
2663 578 2899 646 πλῆθος
2922 580 3100 631 σίτου
3127 577 3222 630 καὶ
3246 577 3442 630 οἴνου.
3463 579 3570 630 Δώ-

1966 682 2070 727 σει,
2091 665 2246 734 φησὶ,
2269 665 2352 716 σοὶ
2378 664 2454 733 τῷ
2472 662 2540 716 τά
2562 663 2836 732 ἐδέσματα
2861 661 3310 731 προσενεγκόντι,
3339 659 3420 729 τῷ
3437 663 3569 733 παρ’

1961 747 2097 818 ἐμοῦ
2121 746 2424 816 φιληθέντι,
2457 746 2565 799 Kal
2587 744 3107 799 δουλευσὰτωσάν
3124 760 3226 796 σοι
3247 742 3571 813 ἕθνη.“ορι

1963 832 2082 894 πῶς
2097 831 2195 900 τὴν
2209 829 2319 883 τῶν
2336 829 2651 896 ἀναγκαίων
2668 827 2931 898 ἀφθονίαν
2950 827 3103 897 αὐτῷ
3126 825 3431 896 ἐπηύξατο,
3449 820 3570 878 εἶτα

1964 917 2065 983 τὴν
2091 915 2268 986 ἀρχὴν
2290 915 2402 968 τῶν
2429 901 2622 977 ἐθνῶν,
2641 911 2978 984 προμηνύων
3007 911 3108 982 ἤδη
3131 910 3231 982 τὴν
3263 910 3570 980 μέλλουσαν

1961 1000 2111 1070 αὐτῷ
2133 1000 2355 1053 ἔσεσθαι
2378 991 2812 1068 εὐημερίαν,καὶ
2833 995 2941 1048 τῶν
2969 995 3029 1059 ἐξ
3052 994 3217 1047 αὐτοῦ
3231 994 3568 1065 τικτομένων

1962 1081 2060 1154 τὴν
2077 1082 2341 1136 ἐπίδοσιν.
2360 1081 2468 1135 Καὶ
2491 1077 3106 1149 προσκυνησάτωσάν
3123 1092 3221 1131 σοι
3245 1078 3566 1145 ἄρχοντες.

1963 1167 2037 1218 Οὐ
2073 1164 2233 1234 μόνον
2257 1165 2358 1236 τὴν
2397 1163 2505 1216 τῶν
2523 1161 2715 1250 εέθνῶν
2754 1161 3038 1230 ὑποταγὴν
3071 1160 3222 1230 αὐτῴ
3252 1160 3567 1228 ἐπεύχεται,

1961 1248 2099 1303 ἀλλά
2120 1249 2215 1301 καὶ
2243 1249 2352 1301 τῶν
2370 1243 2670 1319 ἀρχόντων.
2694 1246 2803 1300 Kal
2820 1247 2994 1315 γίνου
3014 1246 3220 1314 κύριος
3252 1243 3360 1297 τοῦ
3388 1243 3572 1298 ἀδελ--

1959 1332 2244 1402 φοῦῦου.
2288 1333 2432 1404 Ὅρα
2458 1329 2575 1394 πῶς
2591 1332 2950 1403 ὑπηρετεῖται
2967 1330 3062 1381 καὶ
3089 1327 3302 1397 ἀγνοῶν
3318 1330 3346 1381 ό
3361 1327 3569 1391 δίκαιος

1959 1421 2026 1487 τῇ
2043 1417 2138 1469 τοῦ
2162 1417 2298 1470 Θεοῦ
2329 1417 2546 1489 γνώμῃ.
2570 1417 2682 1468 Καὶ
2711 1416 2928 1469 ᾶπαντα
2945 1416 3119 1468 ταῦτα
3139 1414 3228 1467 διὰ
3257 1413 3418 1466 τοῦτο
3434 1412 3571 1482 ᾠκο-

1961 1505 2200 1573 νομεῖτο,
2235 1502 2324 1556 ἵνα
2343 1496 2493 1566 οὗτος
2532 1503 2560 1553 6
2580 1501 2669 1554 διὰ
2687 1501 2787 1572 τὴν
2817 1501 3019 1570 ἀρετὴν
3043 1499 3213 1564 ἄξιος,
3241 1498 3405 1560 αὐτὸς
3429 1514 3571 1566 καρ-

1961 1587 2216 1657 πώσηται
2242 1588 2340 1657 τὴν
2372 1587 2647 1653 εὐλογίαν.
2678 1585 2788 1639 Kal
2823 1582 3342 1652 προσκυνήσουσί
3379 1598 3479 1635 σοι
3515 1582 3571 1632 οὶ

1959 1671 2076 1725 υἱοί
2103 1669 2209 1724 τοῦ
2241 1671 2469 1738 πατρός
2487 1684 2630 1723 σου.
2669 1669 2831 1729 Υίούς
2861 1667 3052 1720 εἴωθεν
3090 1667 3122 1738 ἡ
3162 1666 3354 1736 Γραφὴ
3384 1664 3572 1717 καλεῖν

1961 1756 2143 1808 πᾶσαν
2177 1755 2277 1824 τὴν
2307 1754 2628 1822 συγγένειαν
2651 1752 2701 1792 δ·
2730 1751 2808 1816 ὡς
2843 1753 2938 1805 καὶ
2972 1749 3229 1813 ἐνταῦθα,
3255 1751 3384 1810 τοὺς
3422 1749 3573 1811 υἱοὺς

1961 1836 2055 1890 τοῦ
2090 1837 2298 1907 πατρός
2329 1853 2444 1900 σου,
2475 1837 2552 1900 ὡς
2583 1836 2650 1890 ἂν
2684 1835 2828 1888 εἴποι
2859 1851 2966 1899 τις,
2993 1834 3120 1896 τοὺς
3164 1835 3230 1886 ἐκ
3268 1830 3364 1885 τοῦ
3401 1830 3572 1900 σπέρ-

1964 1937 2133 1990 ματος
2165 1920 2260 1972 τοῦ
2297 1920 2468 1973 Ἡσαῦ
2492 1920 2713 1976 ἔσεσθαι
2743 1919 3056 1992 μέλλοντας.
3088 1917 3224 1971 Οὐδὲ
3249 1917 3359 1988 γὰρ
3385 1916 3572 1986 ἕτερον

1962 2001 2129 2054 παῖδα
2174 2000 2333 2070 ἔσχεν
2378 2003 2406 2054 6
2465 2001 2684 2065 Ἰσαὰκ,
2741 2001 2856 2054 ἀλλ’
2902 1999 3193 2070 ἦτούτους
3239 1999 3454 2066 μόνους.
3509 1995 3573 2047 '0

1961 2084 2378 2154 καταρώμενός
2400 2101 2498 2146 σε,
2529 2083 2984 2153 ἐπικατάρατος·
3017 2086 3050 2138 ό
3080 2083 3148 2136 δὲ
3177 2081 3448 2152 εὐλογῶν
3473 2095 3570 2138 σε.

1961 2167 2391 2237 εὐλογημένος.
2437 2168 2568 2221 Ἰδοὺ
2605 2169 2638 2238 ἠ
2674 2169 2905 2240 κορωνὶς
2928 2167 3027 2237 τῆς
3057 2165 3330 2235 εὐλογίας,
3375 2164 3482 2218 ὐδού
3512 2165 3574 2216 τὸ

1964 2250 2260 2318 κεφάλαιον
2289 2250 2399 2303 τῶν
2434 2251 2657 2319 ἀγαθῶν
2689 2251 2969 2315 ἀπάντων,
3000 2249 3061 2303 τὸ
3098 2248 3464 2318 εὐλογημένον
3492 2243 3572 2298 εἷα-

1963 2353 2070 2388 ναι.
2095 2331 2247 2399 Εἶδες
2291 2334 2428 2388 Θεοῦ
2460 2333 2871 2408 φιλανθρωπίαν
2897 2353 2910 2400 ;
2952 2335 3012 2386 Ὀ
3039 2332 3291 2396 δεδοικὼς
3337 2332 3412 2402 μὴ
3439 2348 3574 2383 κατ-

1963 2421 2103 2490 άραν
2168 2421 2546 2489 ἐπισπάσηται
2585 2420 2708 2474 ἀντὶ
2772 2419 3042 2488 εὐλογίας,
3099 2420 3160 2473 οὐ
3223 2417 3384 2488 μόνον
3435 2415 3574 2486 μετά

1964 2502 2236 2572 τοσαύτης
2267 2502 2552 2571 δαψιλείας
2580 2503 2679 2567 τὰς
2707 2503 2961 2572 εὐλογίας
2986 2503 3273 2572 κομίζεται
3304 2503 3456 2570 παρά
3478 2500 3573 2552 τοῦ

1966 2585 2196 2655 πατρὸς,
2233 2585 2370 2638 ἀλλά
2410 2586 2504 2639 καὶ
2537 2586 2771 2648 ἐκείνοις
2803 2586 3006 2656 ἀρᾶται
3049 2589 3163 2647 τοῖς
3199 2583 3575 2654 ἐπιχειροῦσιν

1965 2669 2128 2722 αὐτὸν
2151 2668 2515 2740 καταρᾶσθαι.
2553 2669 2834 2722 Ἐντεῦθεν
2860 2669 3224 2739 μανθάνωμεν
3247 2668 3329 2722 ὅτι
3355 2667 3576 2721 ἐπειδάν

1964 2762 2048 2813 τις
2084 2751 2226 2804 κατὰ
2260 2751 2330 2804 τὰ
2357 2751 2434 2821 τῷ
2462 2751 2581 2821 Θεῴ
2612 2753 2874 2806 δοκοῦντα
2900 2754 2967 2806 τά
2991 2753 3110 2805 καθ’
3148 2752 3341 2805 ἑαυτὸν
3370 2753 3580 2804 οἰκονοο

1970 2838 2091 2902 μεῖν
2123 2835 2401 2904 βούληται,
2425 2833 2698 2906 τοσαύτης
2725 2835 2992 2889 ἀπολαύει
3019 2835 3122 2906 τῆς
3148 2834 3361 2890 ἄνωθεν
3395 2850 3584 2903 συνερ-

1969 2921 2147 2987 γείας,
2171 2921 2248 2983 ὡς
2274 2921 2444 2990 αὐτῆς
2472 2919 2583 2972 τῶν
2611 2921 2957 2991 πραγμάτων
2981 2921 3080 2992 τῆς
3103 2921 3300 2992 πείρας
3323 2917 3582 2989 αἴσθησιν

1966 3005 2153 3058 λαϐεῖν
2207 3006 2302 3067 Τίς
2330 3006 2438 3075 γὰρ
2467 3007 2568 3058 οὐκ
2596 3006 2663 3059 ἂν
2686 3007 2989 3076 ἐκπλαγείη
3019 3007 3115 3061 καὶ
3139 3006 3446 3076 θαυμάσειε
3480 3004 3579 3058 τοῦ

1967 3089 2102 3141 Θεοῦ
2131 3090 2230 3159 τήν
2253 3089 2459 3156 ἄφατον
2489 3091 2826 3160 οἰκονομίαν,
2847 3091 2929 3142 ὅτι
2957 3091 3018 3143 οὐ
3048 3090 3317 3160 πρότερον
3346 3092 3374 3142 6
3403 3087 3582 3160 Ἠσαῦ

1965 3173 2075 3224 ἀπὸ
2097 3173 2197 3241 τῆς
2227 3170 2401 3242 θήρας
2430 3173 2800 3242 παραγέγονε,
2836 3174 3029 3244 μέχρις
3061 3174 3151 3226 ὅτε
3184 3172 3359 3246 πέρας
3384 3171 3588 3227 ἔλασεν

1967 3257 2000 3326 ὴ
2023 3256 2118 3308 τοῦ
2149 3256 2429 3326 δράματος
2462 3257 2742 3324 ὑπόθεσις,
2766 3260 3018 3323 κάκεῖνος
3042 3258 3340 3329 δεξάμενος
3362 3259 3464 3322 τάς
3485 3259 3582 3312 εὐ-

1968 3340 2154 3408 λογίας
2185 3340 2339 3411 παρά
2367 3341 2462 3393 τοῦ
2487 3343 2694 3412 πατρὸς
2725 3343 3074 3414 ἀνεχώρησε;
3104 3343 3277 3398 Τοῦτο
3295 3343 3405 3417 γὰρ
3431 3345 3584 3416 ἡμᾶς

1967 3423 2176 3489 διδάξαι
2199 3422 2526 3494 βουλόμενος
2548 3428 2581 3485 ,ὀ
2611 3427 2880 3498 μακάριος
2900 3427 3145 3497 Μωῦσῆς
3170 3429 3447 3500 ἐπήγαγεο
3470 3427 3584 3480 Kal

1967 3506 2206 3575 ἐγένετο
2229 3507 2380 3576 μετὰ
2404 3507 2466 3560 τὸ
2500 3510 2850 3563 παύσασθαι
2880 3509 2988 3564 τὸν
3032 3511 3230 3566 Ἰσαὰκ
3262 3510 3585 3580 εὐλογοῦν-

1969 3608 2042 3642 τα
2075 3588 2275 3643 Ἰακὼό
2293 3591 2400 3644 τὸν
2422 3591 2560 3646 υίὸν
2584 3593 2795 3657 αὐτοῦ,
2822 3593 2921 3648 καὶ
2942 3595 3182 3664 ἐγένετο
3212 3597 3294 3662 ὡς
3319 3595 3584 3664 ἐξῆλθεν

1969 3673 2087 3727 ἀπὸ
2109 3673 2436 3741 προσώπου
2466 3675 2663 3730 Ἰσαὰκ
2690 3677 2795 3730 τοῦ
2826 3679 3052 3745 πατρὸς
3071 3680 3283 3744 αὐτοῦ,
3315 3681 3410 3732 καὶ
3453 3679 3583 3734 ἰδοὺ

1981 3754 2172 3808 Ἡσαῦ
2208 3757 2240 3807 ό
2278 3754 2546 3823 ἀδελφὸς
2577 3755 2768 3809 αὐτοῦ
2799 3752 2990 3826 ἦλθεν
3011 3757 3131 3811 ἀπὸ
3157 3761 3267 3826 τῆς
3298 3761 3506 3827 θήρας.

2039 3840 2100 3892 δ’.
2127 3841 2268 3911 ’Όρα
2295 3839 2413 3903 πῶς
2443 3841 2580 3911 μετά
2595 3843 2693 3912 τὴν
2711 3842 2901 3894 τούτου
2931 3842 3109 3906 ἔξοδον
3139 3846 3348 3908 ἐκεῖνος
3378 3844 3582 3906 εὐθέως

1970 3922 2326 3995 παρεγένετο,
2369 3925 2471 3993 οὐχ
2516 3924 2707 3989 ἀπλῶς
2748 3925 2870 3978 οὐδὲ
2907 3928 3053 3997 είκῆ,
3094 3927 3210 3981 ἀλλ’
3246 3929 3335 3981 ἵνα
3371 3927 3582 3996 ἀγνοῶν

1970 4006 2300 4078 προσαγάγῃ
2344 4007 2440 4061 καὶ
2479 4009 2643 4072 αὐτὸς
2682 4010 2751 4063 τά
2804 4009 3100 4080 ἐδέσματα,
3149 4014 3243 4065 καὶ
3293 4012 3446 4082 παρὰ
3486 4015 3583 4066 τοῦ

1970 4090 2176 4160 πατρός
2219 4090 2368 4162 μάθῃ
2410 4091 2634 4146 ἃπασαν
2665 4092 2760 4145 τοῦ
2799 4094 3128 4166 πράγματος
3169 4095 3267 4165 τὴν
3301 4095 3578 4148 ὑπόθεσιν.

1969 4176 2032 4228 Εἰ
2059 4174 2169 4244 γάρ
2207 4174 2345 4245 ἔφθη
2394 4176 2726 4231 καταλαϐεῖν
2757 4178 2850 4232 τὸν
2879 4178 3128 4248 ἀδελφὸν,
3155 4180 3286 4245 ἴσως
3323 4182 3388 4234 ἂν
3419 4179 3584 4234 αὐτὸν

1971 4257 2069 4309 καὶ
2122 4257 2488 4328 διεχειρίσατο
2538 4259 2854 4331 ἡττώμενος
2894 4261 3001 4314 ὑπὸ
3041 4261 3136 4314 τοῦ
3179 4261 3376 4333 θυμοῦ·
3413 4263 3442 4313 6
3473 4262 3584 4333 γάρ

1972 4340 2112 4410 μετὰ
2138 4341 2315 4394 ταῦτα
2359 4341 2521 4396 τοῦτο
2565 4343 3021 4414 βουλευσάμενος,
3057 4345 3239 4416 πολλῷ
3281 4346 3482 4416 μᾶλλον
3523 4347 3584 4398 ἐν

1967 4424 2120 4494 ἀκμῇ
2145 4423 2240 4477 τοῦ
2266 4425 2593 4497 πράγματος
2622 4426 2784 4481 τοῦτο
2806 4427 2872 4481 ἂν
2901 4429 3217 4498 εἰργάσατο.
3267 4430 3407 4482 Ἀλλ’
3430 4433 3462 4499 ἡ
3485 4429 3581 4482 τοῦ

1968 4502 2104 4555 Θεοῦ
2135 4503 2257 4575 χεὶρ
2293 4500 2363 4575 ἦν
2406 4507 2439 4576 ἡ
2473 4505 2566 4560 τὸν
2600 4505 2772 4560 παῖδα
2821 4505 3189 4574 διασώζουσα,
3243 4510 3337 4563 καὶ
3388 4508 3582 4562 τοῦτον

1972 4583 2071 4651 μὲν
2119 4583 2268 4647 ἀξιον
2321 4583 2422 4654 τῆς
2467 4585 2722 4655 εὐλογίας
2772 4587 3229 4659 ἀπεργασαμένη,
3281 4589 3492 4641 ἐκεῖνον
3524 4587 3583 4643 δὲ

1969 4662 2026 4735 [5
2039 4664 2053 4714 Ι
2066 4660 2120 4733 9]
2137 4663 2565 4733 ἀποστερήσασα
2583 4665 2793 4736 καὶτῆς
2810 4666 3062 4734 εὐλογίας
3079 4667 3296 4720 καὶτῶν
3310 4685 3581 4738 ’πρωτοτο⁴

1968 4742 2124 4797 κίων.
2151 4746 2643 4814 Παραγενόμενος
2666 4744 2753 4812 δὲ,
2781 4748 2967 4817 φησὶν,
2996 4749 3248 4816 ἐποίησε
3270 4749 3367 4802 καὶ
3393 4751 3581 4817 αὐτὸς

1966 4821 2293 4890 ἐδέσματα,
2346 4824 2447 4878 καί
2484 4824 2869 4894 προσήνεγκε
2911 4826 2991 4892 τῷ
3020 4827 3199 4896 πατρὶ
3228 4829 3438 4895 αὑτοῦ,
3479 4829 3581 4882 καί

1966 4897 2157 4954 εἶπενο
2203 4901 2538 4968 Ἆναστήτω
2579 4907 2611 4958 ό
2644 4905 2842 4974 πατήρ
2871 4923 3013 4974 μου,
3053 4907 3153 4960 καὶ
3193 4907 3427 4976 φαγέτω
3469 4908 3579 4976 τῆς

1967 4977 2155 5047 θήρας
2181 4981 2286 5034 τοῦ
2313 4981 2449 5034 υἱοῦ
2478 4985 2688 5048 αὑτοῦ,
2713 4986 2874 5050 ὅπως
2895 4986 3208 5055 εὐλογήσῃ
3235 5006 3311 5057 με
3337 4990 3375 5055 ἡ
3404 4991 3578 5058 ψυχή

1967 5060 2272 5139 σου.ᾼ”ορα
2301 5077 2391 5131 μοι
2417 5061 2580 5114 πάλιν
2610 5062 2698 5114 τὸν
2720 5063 2930 5117 δίκαιον
2959 5067 3016 5117 ἐν
3042 5066 3259 5138 θορύῦῳ
3287 5070 3581 5139 γενόμενον

1972 5139 2065 5191 καὶ
2106 5137 2599 5218 διαταραττόμενον
2657 5142 2748 5195 τὸν
2798 5143 3079 5214 λογισμόν.
3123 5137 3389 5210 Ἀκούσας
3421 5137 3576 5218 -γὰρ,

1971 5219 2157 5287 φησιν,
2187 5215 2358 5273 Εἷπε·
2404 5221 2500 5286 Τίς
2526 5218 2586 5275 εἴ
2611 5222 2724 5286 σύ;
2774 5224 2836 5274 '0
2875 5223 2944 5276 δὲ
2973 5221 3164 5279 εἶπενο
3210 5227 3357 5296 Ἐγώ
3395 5215 3580 5298 εἰμίό

1969 5300 2101 5363 υἱός
2133 5314 2251 5352 σου
2285 5302 2318 5352 ό
2356 5301 2733 5368 πρωτότοκος
2765 5302 2977 5357 Ἡσαῦ.
3019 5305 3161 5374 Ὅρα
3190 5306 3308 5369 πῶς
3341 5307 3578 5377 μεγαλο-

1971 5377 2184 5456 φρονῶν
2219 5377 2311 5429 ἐπὶ
2339 5377 2418 5448 τῷ
2451 5379 2741 5450 πράγματι
2774 5392 2820 5445 ο,
2857 5381 2957 5434 οὐκ
2985 5383 3232 5455 ἠρκέσθη
3268 5385 3347 5456 τῷ
3376 5389 3576 5449 εἰπεῖν,

1983 5454 2123 5522 Ἐνὼ
2142 5459 2258 5524 εἰμι
2288 5457 2504 5521 Ἡσαῦ,
2534 5460 2670 5511 ἀλλά
2701 5460 3063 5531 προσέθηκεν,
3091 5464 3154 5516 '0
3178 5454 3573 5533 πρωτότοκος.

1983 5534 2238 5614 Ἐξέστη
2286 5536 2355 5588 δὲ
2398 5538 2606 5591 Ἰσαὰκ
2646 5539 2946 5594 ἔκστασιν
2990 5541 3270 5610 μεγάλην
3313 5543 3574 5614 σφόδρα,

1970 5615 2067 5666 καὶ
2101 5611 2251 5668 εἴπεο
2300 5617 2396 5683 Τίς
2421 5613 2536 5672 οὖν
2562 5621 2594 5671 ό
2621 5619 2922 5686 θηρεύσας
2941 5638 3044 5689 μοι
3079 5620 3291 5690 θήραν,
3318 5611 3419 5676 καὶ
3444 5611 3573 5678 sla-

1970 5691 2225 5760 ενέγκας
2252 5713 2378 5763 μοι,
2415 5697 2512 5748 καὶ
2545 5697 2776 5765 ἔφαγον
2802 5699 2922 5752 ἀπὸ
2944 5699 3190 5755 πάντων
3218 5703 3332 5770 πρὸ
3361 5703 3470 5757 τοῦ
3500 5706 3576 5759 σὲ

1972 5772 2194 5853 ἐλθεῖν,
2245 5776 2344 5828 καὶ
2386 5778 2700 5844 εὐλόγησα
2749 5779 2956 5842 αὑτὸν,
3007 5781 3106 5834 καὶ
3162 5784 3574 5853 εὐλογημένος

1972 5850 2163 5914 farm;
2198 5855 2337 5924 Ὀρα
2367 5855 2483 5919 πῶς
2510 5858 2604 5909 καὶ
2631 5858 2710 5920 είς
2738 5858 2976 5930 ἀπορίαν
3004 5861 3246 5929 γεγονὼς
3281 5850 3568 5929 ό-δίκαιος,

1979 5931 2067 5982 καὶ
2100 5930 2456 6004 διηγούμενος
2490 5936 2648 6005 αὐτῷ
2676 5937 2737 5990 τὸ
2771 5939 3007 6006 συμϐὰν,
3045 5942 3195 6010 ὅμως
3237 5944 3568 6016 προσέθηκε,

2040 6026 2186 6078 δ’δελ
2215 6046 2330 6083 mss.
2357 6035 2438 6092 τήν
2462 6034 2634 6095 γενεάν.
2711 6038 2725 6060 ί
2757 6035 2898 6086 CUM.
2929 6039 3277 6100 προστάγματι.
