4086 6418
254 378 373 443 ιω

250 494 486 554 benedici
508 509 645 561 eunt,
674 500 722 550 et
749 486 1142 548 sit'baudlctu.
1173 482 1289 540 lloc
1308 478 1749 537 autem'faciebal
1770 477 1858 550 ju-

251 597 393 657 stus,
422 585 683 660 sapientia
727 582 822 640 Dei
860 580 1004 638 illius
1047 579 1281 649 linguam
1317 577 1618 647 dirigente.
1647 581 1707 627 ut
1733 586 1859 626 cum

255 678 351 734 ille
378 659 559 734 omnia
587 675 872 746 diligenter
893 671 1208 735 didicisset,
1249 669 1392 725 scire
1442 673 1622 737 posset
1651 662 1785 718 nihil
1810 659 1869 717 ei
1893 718 1900 725 ,

254 768 473 838 profore
499 767 582 822 vel
615 763 1111 836 primogenitumm,
1137 759 1224 815 vel
1245 757 1605 814 venationem.
1634 753 1723 809 5i.
1752 751 1862 805 Au-

251 860 379 916 litis
411 856 726 915 sermnibus
760 854 943 927 patris,
974 852 1117 909 Εεαᾶ
1156 851 1394 907 cimuaoit
1436 864 1555 903 socc
1587 862 1777 918 ntagna
1816 852 1865 897 et

252 952 457 1006 acerba.
496 947 634 1018 Quid
666 958 750 1003 est
776 987 792 1013 ,
840 943 970 999 Voce
994 958 1181 1015 magna
1209 951 1257 996 et
1282 938 1503 994 acerba?
1536 935 1863 1007 lndigtmtio-

257 1057 384 1098 nem
430 1038 752 1111 signiﬁcavit
794 1052 892 1107 per
931 1035 1176 1100 verbum,
1203 1040 1262 1089 et
1300 1033 1726 1100 iram-magnam
1756 1040 1864 1096 qua

254 1144 553 1187 succensus
577 1138 661 1184 est
698 1142 821 1183 cum
852 1126 969 1181 bmc
994 1124 1292 1181 didicisset".
1325 1117 1395 1176 Et
1418 1120 1547 1175 dixit
1564 1160 1577 1183 ,
1606 1117 1828 1172 Benedic
1848 1155 1865 1179 ,

257 1223 487 1287 obsecro,
512 1230 560 1276 et
586 1234 687 1285 me,
719 1220 887 1289 pater.
919 1215 1013 1272 '55.
1052 1213 1200 1269 Dixit
1223 1221 1393 1266 autem
1423 1212 1469 1265 ei
1490 1226 1509 1265 :
1534 1208 1868 1264 Frater-tuus

258 1313 395 1369 emit
423 1328 537 1367 cunt
577 1310 719 1377 dolo,
752 1317 801 1364 et
840 1308 1032 1379 accepit
1070 1303 1464 1361 benedictionem
1493 1311 1653 1355 tuam.
1685 1296 1858 1363 Prior,

259 1402 455 1474 inquit,
493 1401 658 1456 frater
692 1408 814 1454 tuus
847 1396 1275 1454 benedictionem
1303 1406 1519 1451 omnem
1548 1388 1779 1445 ubertim
1807 1394 1865 1443 et

257 1492 480 1562 copiose
505 1490 755 1560 abripuit.
787 1479 861 1543 Et
881 1495 937 1544 ut
954 1474 1649 1556 scisssupersamgratiam
1673 1478 1865 1533 adhoc

261 1580 429 1636 finisse
455 1588 833 1649 cooperatam,
878 1586 938 1631 ut
974 1576 1151 1644 justus
1188 1573 1548 1643 deciperetur,
1576 1568 1699 1623 vide
1728 1581 1868 1637 quo-

262 1669 430 1726 modo
456 1669 572 1739 ipse
601 1667 703 1722 hoc
727 1665 959 1722 fateatur
981 1665 1167 1722 dicens
1194 1681 1210 1718 :
1250 1660 1400 1718 Venit
1430 1662 1591 1731 frater
1602 1669 1731 1714 tuus
1751 1673 1868 1712 cum

264 1762 388 1817 dolo
412 1777 430 1815 :
453 1760 606 1831 quasi
634 1768 854 1816 excuset
881 1758 1113 1829 seapnd
1148 1756 1314 1812 tilium
1336 1797 1353 1823 ,
1394 1764 1450 1810 et
1491 1753 1641 1808 illum
1679 1754 1871 1808 doceat

267 1853 476 1919 dicens,
518 1851 772 1921 Ignorans
799 1849 874 1904 illi
900 1847 1307 1904 beiiedictiones
1334 1844 1593 1916 impendi,
1618 1850 1673 1899 et
1710 1856 1869 1912 para-

268 1953 358 2000 tus
382 1958 533 1999 eram
575 1942 669 1996 tibi
705 1956 799 1997 eas
841 1940 1020 2012 largiri
1051 1939 1190 1995 :sed
1215 1938 1306 1993 ille
1344 1936 1489 1992 Venit
1512 1952 1628 1990 cum
1659 1933 1800 1999 dolo,
1822 1940 1873 1987 et

266 2034 467 2105 accepit
491 2032 885 2088 benedictionem
908 2041 1084 2099 tuam;
1106 2045 1227 2102 qua:
1247 2030 1341 2085 tibi
1369 2036 1665 2101 prmpamta
1693 2035 1867 2092 erant,

268 2124 365 2182 ille
388 2122 663 2195 prteripuit
688 2140 704 2178 :
730 2138 839 2177 non
866 2121 971 2177 hoc
994 2136 1115 2177 mea
1137 2120 1296 2192 culpa
1324 2119 1522 2176 factum
1547 2127 1652 2173 est.
1679 2116 1769 2174 56.
1799 2115 1871 2171 Et

268 2218 424 2285 dixit,
452 2218 625 2290 inquit
642 2259 660 2286 ,
687 2214 834 2272 Eme
860 2232 880 2271 :
906 2216 1062 2272 Recte
1084 2224 1315 2270 vocatum
1336 2221 1410 2267 est
1437 2227 1621 2267 nomen
1645 2217 1757 2279 ejus
1780 2208 1877 2261 Ja-

269 2308 398 2376 τοὺς
418 2308 761 2381 supplantavit
787 2308 921 2363 enim
948 2322 1027 2361 nte
1041 2307 1160 2378 jam
1182 2303 1404 2361 secundo
1427 2318 1447 2357 :
1469 2301 1877 2374 «primogenita

270 2418 388 2457 mea
411 2401 632 2469 tulaat',
655 2409 702 2456 et
724 2416 859 2456 nunc
882 2399 1076 2468 accepit
1105 2396 1502 2453 benedictionem
1531 2409 1716 2448 meum.
1756 2391 1875 2448 Non

273 2494 332 2548 lu
361 2506 580 2562 unum,
602 2491 795 2563 inquit,
824 2505 1022 2547 nomen
1053 2489 1156 2569 hoc
1177 2488 1397 2544 sortitus
1424 2496 1503 2543 est
1532 2484 1879 2556 :supplanta-

272 2585 477 2643 tionem
494 2584 639 2642 enim
659 2585 1069 2655 interpretamur
1084 2596 1285 2649 nomen,
1300 2580 1417 2651 ejus
1431 2576 1510 2652 (a)
1527 2594 1543 2633 :
1569 2577 1621 2633 id
1636 2576 1779 2648 quod
1793 2575 1879 2631 hic

276 2675 334 2732 in
359 2688 446 2731 me
463 2675 773 2740 declaravit,
797 2683 857 2730 et
876 2674 1295 2745 primogenitum
1316 2680 1371 2727 et
1390 2669 1766 2726 benedictione
1790 2681 1879 2722 me

278 2766 517 2839 privam.
555 2765 692 2833 Quid
724 2766 883 2836 igitur
900 2764 968 2820 ad
1000 2763 1320 2820 Isaac-Esau
1345 2777 1361 2816 :
1388 2759 1514 2816 Non
1540 2758 1807 2815 ναίει-ναιιὶ
1830 2769 1879 2812 ct

277 2855 846 2922 milti‘beuedictionem,
870 2855 1051 2926 pater!
1071 2854 1162 2909 57.
1187 2852 1470 2922 Respondit
1504 2861 1673 2904 autem
1701 2848 1877 2913 Isaac,

278 2958 327 3003 ct
353 2948 485 3002 diait
512 2946 651 3002 Emit
678 2964 695 3001 :
724 2947 899 3011 Disce,
927 2947 1118 3016 inquit,
1146 2944 1289 3015 quod
1325 2958 1515 3016 omnes
1551 2938 1881 2996 benedictio-

280 3053 382 3095 ncs
412 3038 467 3093 in
496 3052 621 3093 eum
647 3036 831 3101 el'udi,
860 3036 987 3092 Cum
1024 3052 1140 3090 eunt
1179 3033 1382 3105 fecerim
1419 3032 1686 3086 dominum
1714 3041 1877 3083 tuum.

282 3127 423 3184 Vide
439 3126 707 3199 quomodo
735 3129 914 3182 statim
942 3127 1009 3181 ab
1038 3126 1141 3180 hoc
1168 3124 1463 3186 exorditur,
1491 3132 1547 3178 et
1574 3120 1708 3176 nihil
1734 3119 1881 3174 aliud

280 3220 343 3276 ci
360 3235 521 3291 quam
547 3219 857 3275 servitutem
887 3216 1148 3288 significat
1177 3226 1232 3271 et
1256 3206 1643 3283 subjectionem
1671 3230 1682 3264 :
1711 3227 1777 3266 ac
1801 3210 1887 3265 di-

280 3311 360 3366 cit
384 3328 398 3364 :
421 3309 483 3364 Si
506 3325 622 3362 eum
661 3310 758 3380 feci
796 3310 1057 3362 dominum
1093 3319 1252 3373 tuum,
1283 3316 1328 3359 rt
1355 3322 1531 3358 omnes
1560 3311 1745 3376 fratres
1770 3305 1885 3372 ejus

281 3415 473 3465 senos,
496 3400 744 3467 frumento
782 3408 828 3451 et
862 3398 977 3452 vino
1006 3398 1221 3451 stabilivi
1257 3412 1372 3449 cum
1396 3412 1414 3451 :
1441 3396 1530 3450 tibi
1566 3406 1735 3449 autem
1762 3393 1885 3463 quid

286 3492 497 3563 faciam,
520 3489 636 3561 ﬁli?
658 3489 800 3544 Nihil
828 3484 968 3543 aliud
996 3490 1132 3543 ultra
1159 3488 1401 3543 relictum
1423 3496 1505 3542 est
1529 3505 1542 3541 :
1564 3503 1687 3541 cum
1709 3483 1887 3539 domi-

284 3599 415 3640 ιιιιιιι
442 3598 565 3639 cum
596 3582 809 3638 fecerim
837 3589 1007 3647 tuum,
1035 3592 1090 3637 et
1116 3594 1305 3636 omnes
1328 3579 1522 3635 fratres
1550 3579 1798 3645 famulos,
1830 3586 1888 3633 et

285 3690 469 3730 rerum
494 3687 915 3729 necessariarum
943 3674 1240 3728 ubertatem
1270 3681 1518 3741 precatus
1537 3671 1585 3727 ei
1612 3672 1738 3739 sim,
1755 3670 1885 3741 quid

284 3765 433 3821 aliud
456 3765 596 3820 ultra
623 3765 867 3819 relictum
895 3763 1016 3819 est?
1043 3765 1133 3819 58.
1156 3762 1299 3818 Dixit
1323 3773 1490 3817 autem
1530 3761 1671 3818 Esat't
1697 3764 1766 3815 ad
1792 3779 1887 3832 pa-

285 3869 415 3914 trem
437 3874 588 3914 suunt
608 3873 627 3913 :
648 3855 790 3912 Num
823 3857 1101 3913 benedictio
1128 3873 1230 3910 tum
1262 3856 1350 3910 tibi
1378 3867 1473 3922 est,
1500 3855 1680 3925 pater!
1715 3854 1885 3909 Bene-

285 3950 391 4015 dic,
411 3948 636 4017 obsecro,
658 3958 704 4004 et
725 3966 825 4004 me.
848 3947 1111 4016 Quoniam
1134 3947 1333 4001 audivit
1352 3958 1555 4017 patrem
1575 3947 1842 4001 dicentem
1868 3963 1882 4000 :

287 4040 363 4107 Et,
392 4042 623 4097 benedixi
655 4057 790 4108 cum,
816 4051 863 4095 et
901 4040 1188 4095 benedictus
1214 4040 1327 4103 erit,
1356 4049 1519 4109 atque
1553 4053 1769 4092 onmem
1812 4038 1884 4092 illi

286 4134 483 4190 deinde
511 4134 935 4189 benedictionem
964 4129 1324 4187 manifestavit
1353 4148 1369 4184 :
1405 4140 1529 4185 tunc
1564 4130 1755 4200 inquit,
1782 4128 1886 4184 Be-

288 4227 457 4293 nedic,
479 4227 758 4293 obsecro,“
772 4244 878 4295 me,
889 4234 1030 4296 pater
1051 4240 1073 4279 :
1088 4240 1209 4278 nunt
1235 4240 1340 4277 una
1370 4224 1456 4276 tibi
1474 4222 1751 4277 benedictio
1770 4232 1843 4277 est
1860 4221 1888 4276 2

287 4317 406 4376 Non
438 4327 589 4389 potes
613 4328 667 4374 et
688 4318 820 4373 mihi
853 4325 998 4371 tuam
1028 4316 1453 4371 benedictionem
1484 4316 1762 4385 impartiri,
1794 4315 1884 4384 qui

287 4410 359 4464 ita
382 4425 412 4465 a
436 4419 489 4465 te
509 4409 721 4481 diligor,
750 4409 839 4478 qui
872 4407 1274 4478 primogenitus,
1298 4407 1387 4477 qui
1419 4424 1447 4460 ει
1480 4415 1531 4461 te
1562 4407 1614 4460 in
1640 4408 1885 4461 venatio-

290 4515 413 4553 nem
458 4499 653 4556 missus
687 4499 846 4555 sum?
884 4498 1242 4554 Conturbavit
1281 4510 1485 4568 patrem
1512 4498 1707 4554 verbis.
1737 4498 1888 4553 Com-

289 4600 476 4660 puncto
500 4602 667 4645 autem
692 4590 865 4658 Isaac,
891 4591 1079 4660 inquit,
1097 4592 1330 4645 clanmvit
1358 4607 1476 4644 voce
1501 4608 1687 4663 magna
1718 4590 1881 4655 Esaii,

287 4697 335 4742 et
380 4686 539 4756 ﬂeuit.
583 4684 728 4740 Vidit
773 4694 976 4754 patrem
1015 4685 1240 4740 consilio
1279 4685 1349 4740 de
1382 4685 1591 4739 titulum
1618 4725 1634 4751 ,
1682 4694 1737 4740 ct
1777 4700 1885 4740 non

289 4792 468 4848 posse,
502 4792 675 4846 neque
714 4775 853 4832 velle
890 4790 1143 4831 revocare
1172 4792 1289 4845 qua:
1320 4775 1452 4829 facta
1478 4786 1604 4830 sunt
1635 4793 1647 4829 :
1678 4784 1733 4830 et
1770 4778 1882 4830 cla-

290 4868 429 4922 tuori
455 4866 614 4921 etiam
642 4866 839 4936 adjecit
871 4866 1166 4936 ploratum,
1197 4878 1253 4920 ut
1277 4866 1342 4920 ad
1372 4867 1627 4936 majorem
1656 4866 1882 4921 commi-

287 4958 614 5014 scrationem
670 4969 877 5027 patrem
932 4956 1189 5012 ﬂecteret.
1242 4957 1491 5011 Miscrtus
1544 4958 1722 5028 itaque
1767 4959 1883 5029 ejus

290 5048 439 5106 Isaac
463 5048 596 5103 dixit
626 5050 674 5102 ei
708 5066 723 5102 :
751 5048 841 5103 59.
874 5048 1003 5103 Ecce
1032 5050 1095 5103 de
1123 5044 1428 5120 pingtiediue
1451 5060 1595 5103 terra:
1622 5052 1715 5105 erit
1744 5052 1888 5105 habi-

288 5142 417 5197 tatio
452 5150 562 5207 tua,
594 5150 642 5195 et
679 5140 742 5194 de
780 5157 895 5195 rore
931 5142 1041 5195 ccli
1076 5143 1312 5211 desuper,
1334 5141 1424 5196 40.
1449 5153 1495 5196 et
1521 5146 1574 5196 in
1599 5143 1772 5213 gladio
1801 5154 1887 5200 tuo

286 5233 444 5299 vim,
477 5241 524 5287 et
568 5231 715 5303 fraéri
745 5241 831 5285 tuo
859 5231 1041 5285 servies
1072 5246 1091 5284 :
1117 5233 1208 5285 erit
1237 5241 1409 5285 autem
1434 5234 1637 5301 quando
1666 5234 1888 5301 depones

287 5332 339 5377 ct
360 5322 588 5379 exsolues
605 5324 791 5393 jugunt
816 5320 928 5391 ejus
952 5338 983 5374 a
1005 5322 1138 5375 collo
1164 5331 1269 5375 tuo.
1297 5322 1581 5389 Quoniam,
1614 5324 1802 5395 inquit,
1833 5333 1889 5379 et

293 5414 412 5484 ipse
439 5429 613 5470 meam
640 5414 1066 5471 benedictionem
1094 5415 1389 5480 desideras,
1430 5417 1576 5472 disce
1618 5432 1725 5471 non
1766 5432 1889 5475 esse

290 5504 547 5575 possibile
576 5515 634 5559 ut
659 5520 813 5577 agam
838 5520 957 5575 qua:
981 5506 1173 5561 divina:
1198 5508 1453 5561 voluntati
1479 5508 1705 5563 adversa
1730 5518 1885 5576 sunt;

288 5594 387 5651 scd
408 5602 463 5649 et
488 5594 580 5649 tibi
603 5595 819 5666 quidem
841 5610 1120 5667 apprecor,
1136 5607 1193 5652 ut
1214 5613 1335 5653 rore
1355 5599 1469 5655 οωιὶ
1494 5598 1689 5655 fruaris
1713 5618 1727 5655 :
1747 5600 1889 5657 scias

364 5708 441 5800 (rt)
466 5711 597 5800 ξιΡί
632 5714 758 5800 _Ek_eb
775 5720 1091 5800 ttebr_2_i_s_est
1105 5719 1271 5787 planta
1293 5720 1448 5787 pedis,
1472 5721 1580 5775 sive
1607 5723 1755 5776 etiam
1771 5736 1884 5791 sup-

289 5787 541 5853 utautatio,
552 5792 685 5843 unde
696 5791 872 5845 factum
888 5787 1044 5871 3pm.

1261 366 1328 426 IN
1364 365 1520 427 CAP.
1556 363 1776 425 ιινιι.
1816 360 2068 426 οειιιιε.
2104 359 2340 421 1101111..
2380 356 2517 416 LIII.

3471 339 3583 398 ιτσ

1965 486 2148 533 autem
2176 483 2230 531 te
2256 470 2544 529 militarem
2570 466 2734 525 vitam
2760 470 3007 521 acturum
3038 473 3163 518 esse
3186 476 3202 516 :
3226 471 3351 515 nam
3380 454 3443 513 in
3463 462 3579 529 giu-

1964 567 2052 621 dio
2078 575 2164 621 tuo
2182 563 2338 628 circa,
2357 571 2405 618 et
2428 559 2582 633 fratri
2604 566 2693 613 tuo
2713 555 2917 612 servin.

2036 657 2092 713 5.
2132 653 2409 712 Caeterum
2444 650 2624 707 nullus
2662 648 2781 704 bac
2821 644 3049 702 audiens
3091 642 3338 708 miretur,
3384 635 3578 695 vidvns

1967 756 2093 819 post
2120 746 2238 801 haec
2266 744 2491 800 fratrem
2518 741 2637 812 ejus
2661 746 2944 811 «putem
2973 735 3046 793 ob
3070 733 3217 790 illius
3243 739 3446 788 metum
3472 770 3489 797 ,
3518 739 3576 787 et

1966 840 2021 897 in
2051 850 2253 895 terram
2278 837 2511 892 alienam
2538 820 2955 903 contendentem
2982 844 2997 883 :
3028 840 3205 895 neque
3229 822 3381 878 initia
3404 829 3583 878 atten-

1966 932 2123 995 deus,
2145 921 2418 984 existimet
2431 923 2747 980 vaticinium
2760 919 3038 977 excidere.
3066 916 3202 972 Nam
3228 912 3447 986 quando
3479 911 3583 967 llo-

1965 1021 2149 1077 minus
2177 1015 2379 1088 aliquid
2408 1014 2690 1085 pollicetur
2707 1051 2724 1078 ,
2751 1010 2857 1069 etsi
2882 1006 3154 1065 contraria
3181 1005 3248 1062 iis
3274 1009 3399 1076 qua:
3424 1000 3585 1074 polli-

1968 1124 2121 1167 cetur
2144 1108 2422 1165 videamus
2455 1106 2509 1160 in
2539 1102 2805 1174 principio
2832 1099 3086 1163 evenire,
3114 1110 3222 1154 non
3254 1094 3531 1151 turbemur
3566 1114 3581 1148 :

1969 1193 2145 1271 neque
2174 1200 2319 1255 enim
2352 1194 2606 1269 possibile
2634 1201 2721 1250 est
2746 1203 2808 1249 ut
2832 1191 2900 1248 ad
2925 1190 3087 1247 tinem
3111 1202 3284 1260 usque
3310 1184 3580 1262 promissa

1968 1292 2243 1365 excidant.
2280 1290 2394 1345 lloc
2415 1296 2599 1343 autem
2627 1285 2686 1341 fit
2704 1326 2720 1352 ,
2750 1293 2810 1340 ut
2836 1282 2966 1339 dum
2990 1281 3115 1353 justi
3143 1294 3241 1351 per
3267 1276 3448 1333 omnia
3475 1272 3584 1365 fui;

1970 1384 2204 1457 gidiores
2226 1380 2558 1443 redduntur,
2584 1375 2966 1433 abundantiam
2988 1371 3202 1429 virtutis
3228 1368 3323 1425 Dei
3348 1363 3579 1424 rumife-

1972 1486 2111 1532 stam
2129 1474 2285 1530 nobis
2305 1472 2552 1529 omnibus
2570 1470 2784 1524 faciant.
2814 1466 2883 1521 Et
2902 1466 3294 1533 iunnoqnoquc
3309 1459 3580 1530 iustorum

1975 1566 2080 1622 hoc
2111 1566 2351 1622 invenies
2369 1604 2385 1627 ,
2413 1564 2461 1618 si
2487 1560 2720 1617 volueris
2753 1556 3007 1613 historias
3029 1554 3269 1624 singulas
3296 1550 3588 1621 diligenter

1971 1657 2424 1721 animadvertere,
2454 1652 2597 1724 quod
2644 1665 2775 1706 sane
2814 1662 2960 1704 nunc
3000 1658 3214 1717 quoque
3249 1643 3450 1696 factum
3474 1646 3582 1696 est.

1973 1749 2053 1805 Ne
2082 1748 2184 1804 hoc
2203 1746 2471 1809 attendas,
2495 1742 2640 1815 quod
2670 1756 2813 1798 nunc
2831 1738 3012 1795 statim
3044 1735 3304 1809 profugus
3331 1733 3442 1800 sit,
3485 1733 3586 1787 sed

1973 1842 2147 1913 cogita
2195 1840 2423 1912 gloriam
2460 1852 2582 1909 quae
2610 1834 2835 1907 posthac
2868 1837 3156 1903 sequetur;
3207 1835 3269 1884 ut
3313 1823 3589 1898 quomodo

1976 1933 2235 2005 temporis
2277 1943 2533 2002 processu
2579 1926 2669 1983 hic
2707 1926 2824 1997 ipse
2868 1926 2951 1979 sic
2991 1918 3248 1977 terribilis
3282 1917 3360 1974 illi
3392 1916 3586 2005 factus,

1975 2033 2182 2081 unum
2223 2037 2349 2094 erga
2393 2034 2519 2077 eum
2557 2017 2794 2075 declaret
2836 2011 3204 2094 reverentiam
3250 2026 3267 2065 :
3314 2004 3591 2079 quomodo

1977 2119 2107 2175 item
2128 2116 2182 2172 in
2208 2092 2414 2171 tantam
2433 2109 2640 2168 venerit
2666 2108 2893 2183 gloriam
2908 2092 3042 2179 post
3064 2114 3352 2169 aerumnas,
3373 2112 3511 2171 quas
3530 2097 3587 2152 in

1979 2222 2125 2268 terra
2150 2209 2323 2264 aliena
2345 2206 2489 2271 tulit,
2517 2212 2578 2261 ut
2604 2202 2696 2274 qui
2720 2216 2788 2258 ex
2815 2200 2933 2270 ipso
2960 2197 3072 2254 uati
3097 2202 3245 2261 sunt,
3269 2192 3323 2249 in
3354 2192 3589 2248 immen-

1978 2318 2097 2359 sam
2119 2298 2519 2357 multitudinem
2560 2301 2926 2367 propagentur
2947 2329 2965 2358 ,
2996 2295 3055 2345 et
3080 2287 3200 2358 ejus
3227 2282 3449 2341 nomine
3474 2290 3588 2341 tota

1976 2408 2113 2467 gens
2138 2388 2545 2463 cognominetur
2564 2394 2620 2442 et
2638 2384 2977 2456 insigniatur.
3007 2378 3159 2437 Nunc
3186 2386 3367 2433 autem
3390 2375 3593 2433 doceas

1978 2502 2080 2542 nos
2116 2484 2297 2540 divina
2335 2480 2615 2552 Scriptura
2663 2476 2844 2533 fratris
2876 2471 3333 2544 indignationem,
3376 2482 3485 2541 qua
3522 2466 3592 2523 ad

1981 2576 2329 2651 homicidium
2362 2573 2670 2645 spectabat,
2704 2568 2879 2641 inquit
2911 2586 2924 2622 :
2956 2560 3046 2623 n.
3076 2564 3146 2620 Et
3165 2564 3286 2619 odio
3305 2561 3450 2635 grani
3470 2575 3597 2633 pro-

1979 2671 2281 2750 sequebatur
2318 2666 2463 2723 Esai't
2500 2664 2666 2721 Iacob
2700 2672 2908 2737 prapter
2932 2658 3355 2720 benedictionem,
3378 2672 3479 2729 qua
3504 2654 3595 2712 bc-

1981 2747 2246 2821 nedixcrat
2286 2778 2402 2817 eum
2438 2769 2582 2831 pater
2620 2774 2766 2814 suus.
2808 2756 2877 2813 Et
2917 2763 2977 2810 ut
3017 2752 3253 2810 sciamus
3281 2764 3389 2804 non
3429 2747 3595 2804 inisse

1981 2856 2282 2926 simmicem
2312 2850 2650 2909 subitaneam
2686 2848 2855 2913 iram,
2886 2860 2985 2917 per
3011 2842 3305 2900 dictionem
3337 2840 3494 2897 nobis
3515 2838 3560 2894 si
3582 2872 3595 2880 -

1981 2947 2255 3018 guiticzwit
2277 2943 2497 2999 malitiae
2524 2940 2640 3011 ejus
2667 2952 2971 2994 excessum.
3002 2934 3160 2992 Gravi
3179 2934 3299 2988 odio
3328 2946 3597 3003 proseque-

1983 3037 2154 3103 batur,
2184 3034 2313 3089 uicit
2342 3031 2489 3086 :~boc
2507 3039 2611 3095 est,
2640 3028 2872 3083 instabat
2893 3032 2951 3090 et
2976 3022 3360 3096 perseverabat
3382 3019 3590 3081 odium.

1987 3132 2057 3184 ita
2089 3138 2145 3184 ut
2173 3135 2231 3183 et
2256 3130 2494 3181 mentem
2518 3126 2570 3176 in
2599 3118 2866 3192 profundo
2904 3117 3162 3174 latentem
3199 3128 3296 3186 per
3318 3111 3482 3168 verba
3522 3112 3596 3167 si.

1984 3221 2286 3292 gniﬁcarel.
2316 3216 2463 3272 Dixit
2483 3214 2617 3270 enim
2645 3214 2701 3268 in
2724 3211 2877 3267 corde
2895 3226 2987 3268 suo
3008 3224 3029 3265 :
3047 3208 3467 3280 ApprOpinqnent
3486 3204 3596 3260 dies

1986 3314 2154 3368 luctus
2199 3310 2358 3381 patris
2398 3308 2525 3373 mei,
2564 3314 2620 3359 ut
2666 3303 2897 3359 occidam
2939 3300 3103 3357 Iacob
3146 3300 3357 3370 fratrem
3404 3311 3592 3352 meum.

1987 3403 2127 3458 Vere
2151 3401 2371 3457 omoiuo
2401 3400 2447 3454 is
2479 3396 2571 3468 qui
2604 3395 2854 3451 irascitur
2895 3407 3003 3449 non
3049 3390 3228 3446 minus
3253 3403 3416 3460 quam
3443 3386 3478 3443 il
3502 3385 3594 3459 qui

1987 3493 2175 3551 furiosi
2200 3501 2347 3557 sunt,
2365 3489 2582 3545 insanit.
2611 3485 2904 3544 Considera
2924 3483 3072 3539 enim
3091 3480 3363 3553 quomodo
3382 3478 3595 3534 damma

1989 3587 2084 3643 ille
2127 3585 2267 3642 sicut
2307 3584 2636 3638 insanientes
2680 3577 3093 3647 subingressus,
3134 3582 3315 3650 incute
3355 3570 3601 3625 destituit

1989 3694 2125 3751 quos
2148 3676 2405 3746 corripit,
2433 3683 2491 3730 et
2514 3672 2707 3729 suadet
2729 3678 2789 3725 ut
2816 3670 2975 3739 plane
2994 3665 3278 3722 contraria
3309 3663 3505 3719 faciant
3531 3662 3599 3715 iis

1989 3785 2110 3841 quae
2146 3766 2316 3823 oculis
2360 3764 2632 3822 videntur.
2676 3761 2861 3831 Neque
2905 3760 3048 3816 enim
3094 3765 3238 3813 recte
3263 3754 3449 3810 vident
3486 3752 3596 3816 itii,

1991 3874 2169 3931 neque
2215 3855 2360 3912 aliud
2402 3853 2656 3927 quiddam
2703 3850 2909 3907 faciunt
2942 3867 2957 3905 :
2992 3847 3089 3905 sed
3131 3845 3285 3917 quasi
3332 3843 3597 3900 hebetatis

1989 3955 2257 4017 sensibus,
2299 3959 2355 4007 et
2394 3947 2670 4021 iudicandi
2704 3940 2756 4002 vi
2796 3945 3016 4009 amissa,
3059 3942 3261 3999 faciunt
3289 3939 3488 3996 omnia.
3522 3936 3597 3993 lta

1990 4062 2121 4103 sane
2146 4056 2202 4103 et
2221 4044 2313 4117 qui
2341 4045 2669 4109 irascuntur,
2686 4044 3120 4109 non’aguoscunt
3147 4046 3465 4108 prtescntes,
3490 4048 3596 4089 nun
3668 4052 3671 4053 ν

1991 4154 2264 4197 memores
2298 4144 2428 4193 sunt
2461 4132 2821 4206 cognationis,
2845 4147 2954 4187 non
2982 4130 3296 4195 amicitiam,
3328 4142 3438 4183 non
3463 4141 3598 4182 cou-

1991 4230 2353 4293 suetudinem,
2374 4241 2485 4283 non
2501 4226 2846 4296 dignitatem,
2868 4237 3043 4291 neque
3066 4219 3357 4291 quidquam
3379 4218 3525 4275 aliud
3545 4218 3598 4273 in

1990 4332 2226 4381 mentem
2250 4318 2569 4384 admittunt,
2595 4315 2696 4374 sed
2726 4315 2817 4369 ira:
2844 4314 2891 4367 vi
2921 4314 3114 4385 pressi,
3146 4313 3198 4365 in
3231 4325 3471 4381 praeceps
3497 4311 3601 4367 mi-

1990 4412 2290 4469 serabiliter
2315 4410 2576 4466 feruntur.
2624 4404 2763 4475 Quid
2792 4405 2955 4475 igitur
2984 4404 3089 4458 illis
3117 4402 3369 4458 miserius
3398 4400 3561 4458 fuerit
3583 4443 3598 4457 .

1991 4504 2207 4574 quando
2246 4503 2375 4559 victi
2418 4510 2474 4557 et
2514 4501 2654 4570 capti
2696 4498 2765 4552 ab
2803 4496 3119 4564 a'gritttdinc
3145 4495 3307 4549 animi
3338 4492 3501 4549 etiam
3530 4495 3600 4548 ad

1992 4593 2342 4650 homicidium
2370 4590 2661 4647 festinant?
2691 4588 2981 4657 Pmpterea
3010 4588 3201 4663 beatus
3229 4583 3427 4639 Paulus
3453 4582 3568 4639 radi
3594 4618 3597 4621 ι

1991 4702 2107 4742 cem
2135 4684 2294 4755 hujus
2320 4682 2445 4738 mali
2477 4682 2661 4737 volens
2680 4679 2981 4748 exstirpare
3003 4718 3017 4741 ,
3049 4676 3320 4739 admonet,
3355 4674 3433 4731 sic
3456 4675 3595 4729 seri-

1992 4776 2164 4832 bons:
2197 4775 2377 4831 Omnis
2405 4775 2485 4827 ira
2519 4784 2566 4827 et
2585 4764 2883 4843 indignatio
2903 4811 2919 4837 ,
2960 4778 3008 4824 et
3049 4768 3244 4821 clamor
3279 4766 3547 4836 auferatur
3567 4785 3599 4817 ιι

1990 4868 2128 4922 vobis
2151 4882 2265 4919 cum
2293 4865 2430 4918 omni
2460 4862 2655 4917 malitia
2679 4860 2897 4934 (Ep/tes.
2921 4858 2974 4915 4.
3005 4858 3118 4930 51).
3149 4857 3265 4912 Non
3292 4857 3492 4924 solum,
3515 4857 3599 4911 in—

1991 4960 2127 5029 quit,
2156 4958 2282 5011 noio
2312 4971 2409 5009 vos
2443 4966 2765 5008 succensere
2807 4960 2864 5007 et
2901 4950 3185 5020 indignari,
3215 4959 3269 5004 ct
3298 4947 3478 5014 irasci,
3503 4951 3595 5003 sed

1992 5064 2167 5118 neque
2184 5062 2306 5102 cum
2328 5046 2565 5100 clamore
2595 5042 2850 5113 proximis
2874 5043 3015 5113 loqui
3046 5059 3059 5096 :
3084 5042 3379 5096 clamorem
3405 5039 3493 5094 hic
3514 5038 3595 5094 di-

1991 5156 2157 5207 cens,
2193 5139 2283 5209 qui
2314 5137 2384 5191 ab
2422 5136 2498 5190 ira
2544 5134 2799 5189 nascitur.
2828 5133 3055 5201 Quando
3081 5132 3225 5188 enim
3256 5132 3479 5186 morbus
3511 5131 3600 5186 big.

1993 5233 2316 5290 intrinsecus
2355 5228 2617 5284 excitatur
2659 5235 2713 5282 et
2757 5239 2852 5280 cor
2892 5233 3091 5288 tumet,
3123 5239 3227 5278 non
3250 5223 3360 5293 jam
3389 5222 3518 5279 sinit
3546 5232 3604 5275 ut

1993 5327 2171 5395 lingua
2214 5322 2419 5394 placide
2462 5320 2740 5390 loquatur;
2787 5316 2883 5373 scd
2918 5317 3261 5373 affectionem
3291 5316 3471 5371 cordis
3500 5314 3595 5370 dc—

1996 5423 2302 5470 monstrans
2322 5453 2337 5476 ,
2369 5410 2532 5466 efficit
2555 5420 2612 5463 ut
2640 5408 2879 5464 clamose
2904 5422 3027 5462 cum
3055 5408 3301 5476 proximo
3326 5407 3595 5476 loquatur,

1996 5506 2194 5562 \‘olens
2225 5504 2382 5575 igitur
2408 5503 2596 5558 beatus
2626 5501 2715 5556 ille
2742 5500 2840 5555 sibi
2872 5499 3307 5569 obtemperantes
3334 5499 3384 5552 in
3416 5513 3596 5568 perpr—

1996 5607 2086 5654 tua
2108 5597 2309 5653 versari
2332 5593 2731 5666 tranquillitate,
2761 5591 2897 5646 dixit
2921 5611 2933 5646 :
2972 5592 3151 5646 Omnis
3177 5591 3257 5644 ira
3289 5591 3415 5661 (hoc
3438 5600 3541 5655 cst,
3567 5606 3598 5645 ιι

1996 5690 2370 5762 qualicumque
2414 5702 2575 5745 causa
2616 5685 2939 5758 moveatur),
2967 5696 3014 5741 et
3037 5687 3212 5741 omnis
3238 5686 3524 5758 indignatio
3553 5694 3600 5736 n‘.

1995 5784 2172 5843 omnis
2208 5784 2404 5840 clamor
2448 5783 2656 5839 tollatur
2685 5798 2719 5836 a
2749 5779 2885 5841 vobis
2913 5778 3146 5841 :_deind_e
3173 5777 3409 5835 radicem
3437 5776 3590 5847 hujus
