4086 6422
593 368 693 425 ιῚΙ

590 481 715 535 mali
758 478 939 535 volens
986 476 1273 541 arefacere,
1323 487 1377 533 et
1419 476 1659 531 inutilem
1707 472 1955 536 reddere,
1997 469 2173 526 dicit:

595 570 725 626 Cum
752 572 887 624 omni
921 571 1130 623 malitia.
1170 567 1305 624 Nam
1346 568 1435 638 qui
1480 568 1559 622 sic
1601 565 1851 630 afficitur,
1877 577 2091 633 semper
2119 561 2173 615 in

592 673 746 734 portu
777 662 927 716 sedet
946 678 977 716 a
999 661 1225 717 terrenis
1245 660 1490 715 ﬂuctibus
1513 658 1679 723 liber;
1706 665 1762 712 et
1780 671 1951 727 neque
1972 665 2177 725 tempe-

593 762 786 807 statem
812 754 981 816 timet,
1010 766 1183 822 neque
1207 751 1573 822 naufragium;
1616 749 1708 805 sed
1749 748 1897 818 quasi
1939 748 1993 801 in
2024 755 2173 801 tran-

590 842 854 913 quillitate
900 844 1152 912 navigans
1172 883 1189 910 ,
1219 844 1301 901 vel
1329 843 1380 897 in
1412 840 1617 912 placido
1646 848 1801 910 portu
1836 838 2060 903 sedens,
2098 837 2173 893 ita

594 941 911 1000 praesentem
934 934 1096 987 vitam
1122 932 1300 1000 trahit,
1328 947 1432 986 non
1457 930 1630 985 solum
1670 929 1741 984 ab
1775 928 1920 984 οηιηί
1960 937 2173 996 pertur-

589 1021 809 1079 batione
836 1023 992 1088 liber,
1016 1024 1108 1079 sed
1133 1031 1187 1078 et
1211 1022 1585 1078 immortalium
1614 1029 1669 1078 et
1704 1019 2045 1077 inell‘abilium
2074 1019 2171 1076 bo-

568 1128 783 1169 norum
806 1111 1007 1167 fructus
1042 1113 1141 1168 sibi
1185 1128 1281 1182 per
1317 1114 1496 1170 omnia
1521 1114 1812 1170 concilians
1844 1122 1857 1167 :
1888 1113 1978 1184 qui
2020 1111 2173 1168 nobis

589 1204 837 1259 omnibus
862 1204 1225 1261 concedantur
1244 1247 1259 1271 ,
1286 1208 1454 1276 gratia
1481 1214 1535 1262 et
1567 1205 1933 1262 misericordia
1962 1203 2171 1260 Domini

589 1295 755 1349 nostri
797 1294 925 1351 ἔθευ
962 1294 1178 1362 Christi,
1208 1297 1422 1367 quicum
1450 1297 1616 1364 Patri,
1648 1307 1702 1353 et
1735 1304 1922 1353 sancto
1950 1295 2171 1367 Spiritui

586 1388 655 1440 sit
680 1386 880 1455 gloria,
926 1386 1131 1451 honor,
1171 1388 1485 1459 imperium,
1526 1403 1666 1446 mine
1695 1398 1747 1445 ct
1776 1402 2008 1458 semper,
2037 1388 2170 1443 etin

586 1478 782 1532 sarcula
812 1479 1146 1533 smculorum.
1176 1483 1367 1536 Amen.

1152 1610 1429 1667 HOMILIA
1469 1612 1603 1668 LIV.

730 1720 952 1776 Rebecca
980 1733 1145 1777 autem
1172 1734 1344 1779 vocato
1374 1726 1483 1794 ﬁlio
1501 1742 1592 1780 suo
1606 1728 1811 1796 juniore
1833 1727 1961 1781 dixit
1980 1728 2026 1783 ei

1169 1814 1320 1886 (Gen.
1343 1815 1434 1870 27.
1467 1817 1582 1888 42).

656 1923 711 1976 1.
740 1920 929 1977 Gratiae
950 1924 1132 1979 divina:
1155 1927 1421 1981 auxilium.
1457 1926 1773 1984 Conscientia
1791 1931 2040 2002 suﬁciens
2059 1946 2170 1986 ma-

583 2009 1051 2082 gistram—Vidistis
1071 2014 1181 2071 heri
1207 2017 1469 2087 publicani
1493 2019 1630 2075 bene
1649 2020 1894 2076 aﬂ'ectum
1906 2023 2164 2091 animum,

586 2110 639 2155 et
661 2100 867 2158 Domini
890 2103 1206 2163 ineffabilem
1220 2108 1659 2178 misericordiam,
1676 2120 1732 2167 et
1742 2111 2047 2169 Iudaeorum
2062 2122 2169 2169 stu-

582 2191 859 2262 piditatem
880 2193 1192 2251 immensam
1217 2197 1290 2269 (a)
1306 2198 1330 2253 Ἰ
1354 2198 1569 2255 Vidistis
1587 2203 1856 2272 quomodo
1867 2219 2053 2262 omnes
2066 2219 2166 2262 nos

581 2284 838 2340 erudierit
864 2286 1047 2342 beatus
1067 2288 1363 2357 Matth-aius,
1384 2293 1561 2349 statim
1585 2294 1861 2364 obediens,
1884 2306 1941 2356 et
1962 2309 2163 2356 tantam

583 2387 790 2430 morum
816 2376 1164 2434 mutationem
1187 2395 1298 2451 pne
1324 2398 1384 2438 se
1412 2384 1589 2442 ferens
1618 2402 1632 2443 :
1660 2388 1783 2458 quia
1812 2389 1864 2444 in
1891 2390 2163 2447 voluntate

581 2477 789 2536 nostra,
818 2477 936 2538 post
962 2485 1246 2542 supernam
1267 2478 1513 2547 gratiam,
1541 2480 1657 2536 sitae
1680 2492 1804 2537 sunt
1829 2493 1884 2539 et
1907 2485 2159 2555 virtutes,

582 2567 638 2611 et
667 2562 793 2615 vitia
817 2578 830 2615 :
862 2570 919 2617 et
944 2564 1068 2634 quia
1092 2567 1272 2623 studio
1300 2579 1482 2626 nostro
1507 2587 1789 2641 possumus
1810 2577 1925 2631 fieri
1956 2578 2164 2634 virtuti-

579 2649 681 2705 bus
708 2655 1011 2723 conspicui;
1042 2668 1095 2713 et
1120 2669 1305 2716 contra
1331 2662 1543 2721 desides
1568 2665 1713 2733 facti,
1735 2669 1784 2724 in
1807 2672 2008 2739 peccati
2034 2687 2164 2742 pra:-

578 2741 818 2827 eipitium
842 2744 1076 2801 deferri?
1116 2749 1227 2806 lloc
1264 2752 1406 2808 enim
1443 2765 1524 2811 est
1554 2772 1659 2827 quo
1684 2774 1714 2814 a
1745 2759 1915 2815 brutis
1953 2761 2160 2818 differi-

574 2852 715 2905 mus,
740 2825 858 2909 quia
889 2843 1093 2899 ratione
1114 2845 1344 2916 insigniti
1372 2864 1555 2907 sumus
1574 2825 1603 2905 a
1624 2851 1855 2923 benigno
1879 2854 2010 2922 Deo,
2029 2864 2084 2910 et
2104 2856 2158 2911 iu

580 2941 764 2986 natura
793 2943 975 2990 nostra
1004 2936 1160 2993 insita
1200 2950 1281 2995 est
1314 2941 1536 2998 scientia
1567 2945 1688 3000 boui
1714 2956 1770 3002 et
1795 2948 1941 3003 mali.
1972 2947 2158 3006 Nullus

574 3039 702 3094 ergo
727 3034 1010 3094 prmtexat,
1050 3044 1113 3085 se
1153 3045 1221 3085 ex
1264 3032 1558 3103 ignorantia
1589 3039 1835 3094 virtutem
1865 3041 2154 3112 negligere,

574 3114 658 3169 vel
682 3117 805 3185 quia
837 3118 1040 3175 nullum
1068 3119 1262 3177 habeat
1292 3125 1386 3178 via:
1416 3125 1604 3182 ducem
1632 3138 1686 3183 et
1707 3142 2157 3189 commonstrato-

575 3219 709 3259 rcm.
729 3206 1090 3264 Sufficientem
1111 3216 1253 3267 enlm
1275 3216 1585 3287 magistrum
1606 3218 1861 3277 habemus
1880 3225 2157 3280 conscien-

577 3294 724 3384 tiam,
746 3305 799 3350 et
827 3296 939 3352 fieri
966 3314 1070 3355 non
1091 3312 1286 3371 potest,
1311 3313 1368 3361 ut
1392 3308 1511 3377 quis
1538 3309 1626 3364 illo
1648 3310 1957 3381 adjumento
1979 3315 2154 3384 prive-

577 3396 679 3447 tur.
708 3383 839 3441 Nam
869 3388 1029 3444 simul
1054 3408 1175 3447 cum
1200 3393 1516 3454 formatione
1541 3398 1770 3457 hominis
1790 3403 1945 3459 insita
1972 3383 2052 3461 est
2074 3406 2153 3463 illi

569 3476 791 3532 scientia
812 3477 1196 3552 faciendorum,
1219 3494 1275 3540 ut
1293 3496 1496 3544 rectum
1522 3506 1677 3546 suum
1706 3494 1941 3550 animum
1969 3497 2151 3554 decla-

569 3582 695 3623 rans
722 3569 772 3624 in
798 3574 1046 3640 prmsenti
1071 3575 1195 3643 vita,
1214 3580 1364 3647 quasi
1394 3580 1446 3634 in
1473 3582 1718 3651 palmstra
1744 3586 1967 3655 quadam
1998 3603 2153 3644 exer-

573 3660 767 3716 citatus
807 3662 873 3717 ad
914 3664 1165 3721 virtutum
1225 3668 1433 3727 labores
1462 3712 1478 3738 ,
1519 3675 1798 3743 probitatis
1834 3678 2152 3751 virtutisque

568 3753 783 3820 przeuiia
814 3767 1086 3825 reportet,
1132 3770 1184 3815 et
1222 3762 1369 3817 brevi
1409 3775 1646 3836 tempore
1672 3769 1725 3823 in
1754 3770 2023 3830 laboribus
2049 3776 2149 3830 de-

563 3859 740 3909 curso,
767 3859 1048 3918 perpetuas
1067 3867 1294 3912 coronas
1323 3868 1607 3929 mereatur,
1629 3872 1787 3933 atque
1808 3865 1859 3920 in
1884 3866 2027 3922 ﬂuxo
2048 3866 2150 3925 hoc

563 3938 760 3993 saeculo
780 3942 1033 3999 virtutem
1050 3948 1409 4017 amplexatus,
1436 3953 1651 4009 utter-nis
1678 3956 1833 4013 bonis
1860 3958 1913 4014 in
1940 3960 2148 4017 infinita

564 4028 758 4082 smcula
785 4030 1006 4087 fruatur.
1051 4034 1106 4090 id
1133 4052 1262 4093 sane
1289 4044 1540 4107 scientes,
1571 4043 1777 4112 fratres,
1809 4059 2046 4106 nostram
2078 4070 2148 4111 ne

566 4118 850 4187 perdamus
872 4124 1231 4196 nobilitatem,
1268 4146 1332 4185 ne
1360 4133 1528 4188 simus
1561 4148 1677 4205 post
1705 4147 1902 4196 tantam
1942 4142 2144 4199 benefi—

565 4210 792 4265 centiam
840 4212 1051 4284 ingrati,
1095 4234 1162 4272 ne
1201 4231 1467 4278 sectemur
1513 4228 1826 4298 voluptates,
1876 4250 1997 4303 qua:
2036 4246 2143 4292 tam

566 4300 711 4356 brevi
747 4311 986 4374 tempore
1011 4309 1231 4377 durant,
1267 4328 1576 4384 perpetuum
1606 4320 1843 4377 dolorem
1874 4300 2027 4382 nobis
2050 4342 2143 4383 ac-

559 4401 829 4448 cersentes
859 4412 873 4449 :
905 4397 1001 4452 sed
1048 4408 1172 4456 ante
1219 4418 1316 4457 nos
1362 4420 1575 4477 semper
1621 4409 1885 4469 intuentes
1930 4418 2141 4472 oculum

561 4481 706 4537 illum
732 4484 825 4555 qui
850 4502 1138 4559 numquam
1163 4494 1367 4563 50pitur
1385 4537 1399 4561 ,
1430 4499 1518 4568 qui
1543 4508 1598 4554 et
1623 4501 1935 4560 abscondita
1964 4508 2142 4565 cordis

562 4580 727 4645 novit,
761 4598 845 4636 rcs
870 4595 1083 4641 nostras
1110 4589 1178 4643 ita
1211 4591 1549 4648 instituamus
1586 4607 1639 4651 et
1677 4601 2047 4667 moderemur,
2087 4612 2143 4658 et

562 4672 750 4725 muniti
772 4674 937 4729 armis
956 4674 1184 4745 Spiritus
1209 4680 1343 4737 bene
1368 4684 1612 4739 affectum
1636 4690 1869 4745 animum
1890 4694 2142 4749 exhibea-

561 4776 699 4828 mus,
729 4774 786 4819 ut
810 4780 1044 4836 superno
1076 4769 1308 4827 fruentes
1340 4776 1570 4843 auxilio,
1603 4778 1810 4835 devicto
1850 4782 2005 4839 hoste
2046 4787 2139 4842 illo

555 4862 608 4907 et
634 4854 941 4913 adversario
978 4872 1195 4929 nostro,
1227 4864 1449 4935 ejusque
1479 4869 1915 4929 machinamentis
1940 4875 2139 4934 inutili-

555 4946 656 5001 bus
696 4949 933 5016 redditis,
968 4953 1123 5009 bonis
1163 4956 1265 5010 illis
1307 4956 1409 5012 frui
1439 4960 1725 5027 valeamus,
1754 4979 1872 5034 qua:
1895 4970 2138 5036 promisit

557 5034 813 5092 Dominus
852 5039 1193 5109 diligentibus
1220 5059 1298 5099 se.
1333 5046 1410 5102 Ne
1435 5064 1561 5119 ergo
1589 5038 1706 5121 quis
1732 5034 1939 5123 spectet
1963 5058 2027 5113 ad
2056 5062 2133 5115 la-

554 5126 737 5182 borem
778 5130 1067 5201 virtutum,
1103 5137 1197 5191 sed
1239 5137 1441 5193 lucrum
1484 5141 1605 5197 inde
1649 5157 1853 5214 partum
1896 5152 2136 5221 cogitans

554 5229 794 5288 prompte
825 5222 1032 5279 labores
1062 5228 1333 5296 suscipiat.
1360 5231 1491 5286 Nam
1534 5235 1576 5289 si
1618 5237 1651 5291 ii
1690 5242 1777 5309 qui
1818 5242 1869 5297 in
1906 5249 2134 5303 terrenis

554 5318 832 5366 versantur
861 5317 1104 5385 negotiis,
1136 5329 1188 5373 et
1214 5320 1283 5375 ad
1309 5323 1634 5395 colligendas
1664 5346 1792 5400 opes
1823 5334 2128 5406 insaniunt,

717 5511 799 5601 ι)ρξ
824 5526 1236 5601 flammma-[unorsum
1252 5521 1464 5601 ³ζξοςηίιίει
1510 5528 1591 5579 ubi
1604 5531 1677 5601 ide
1702 5535 1955 5601 publicano
1980 5543 2133 5601 poeni-

549 5573 1591 5659 :«iui‘eLd-enttidjeoruInstupiditate,neq—uie
1602 5573 2130 5659 nillilﬁ'ﬁéié'w'ﬁ‘i};

549 5638 997 5715 sat‘iorie‘ageliatur
1020 5653 1031 5688 :
1059 5653 1119 5715 an
1145 5638 1262 5695 vero
1286 5638 2126 5715 limc'hon'tiliacEEdwit'arum-

548 5696 935 5778 Elsit_,_nonduni
962 5702 1217 5763 explorare
1243 5696 2123 5778 ροιιιίξὲἱιξέᾖὶεἶτιῗ

549 5765 654 5801 mm
679 5769 880 5808 nlllllCl'O
904 5775 1010 5812 ρδδο
1022 5804 1029 5811 .

1296 365 1355 420 S.
1397 362 1675 420 JOANNIS
1714 353 2194 416 ειιιιγδοδτοιη
2238 354 2554 413 ΛΒΟΙΙΙΕΡ.
2590 356 3125 415 CONSTANTINOP.

2278 471 2454 526 omnia
2488 482 2729 543 prompte
2766 472 3064 541 suscipiunt
3092 472 3362 539 facienda;
3393 482 3447 529 et
3476 475 3716 545 perlcula
3745 490 3864 532 ma-

2277 561 2369 623 ris,
2395 562 2687 632 naufragia,
2722 564 3009 632 piratarum
3053 561 3275 617 insidias
3315 562 3711 633 prospicientes
3750 580 3864 621 non

2277 652 2609 723 franguntur,
2632 668 2731 709 nec
2757 652 3033 723 segniores
3061 653 3213 720 fiunt,
3230 657 3471 723 quamvis
3491 654 3561 709 de
3588 657 3697 710 line
3724 656 3865 711 nihil

2275 746 2406 798 certi
2438 744 2705 814 habeant:
2728 746 2937 814 qualem
2970 758 3070 799 nos
3097 743 3330 799 habituri
3359 759 3547 800 sumus
3574 745 3864 802 defensio-

2278 851 2423 900 nem,
2448 836 2493 890 si
2524 850 2629 891 non
2656 838 2799 891 omni
2830 836 3013 891 studio
3039 846 3094 893 et
3114 837 3391 893 alacritate
3415 839 3764 908 accingamur
3793 838 3863 894 ad

2276 927 2529 981 virtutum
2550 926 2723 982 studia
2750 936 2806 981 et
2830 942 3050 997 agones,
3076 938 3297 997 propter
3336 938 3533 983 a:terna
3561 928 3651 983 illa
3683 929 3865 985 bona?

2275 1015 2453 1083 Quare
2480 1016 2551 1071 ita
2578 1017 2770 1086 ingrati
2806 1031 2992 1072 sumus
3013 1018 3339 1074 benefactori
3366 1032 3574 1083 nostro,
3595 1029 3658 1077 et
3684 1036 3862 1091 neque

2276 1125 2395 1181 qua:
2417 1110 2522 1175 iam
2546 1112 2741 1168 donata
2758 1123 2883 1168 sum
2897 1129 3174 1170 versamus
3189 1114 3390 1181 animo,
3404 1129 3579 1184 neque
3597 1113 3863 1183 promissa

2273 1200 2598 1273 cogitamus;
2624 1205 2988 1261 sed‘omnium
3030 1206 3412 1276 propemodum
3456 1204 3633 1271 obliti,
3660 1204 3857 1265 frustra

2269 1293 2398 1349 etin
2419 1307 2640 1355 vanum,
2660 1295 2813 1363 quasi
2838 1295 3091 1363 pecudes,
3112 1297 3270 1350 vitam
3294 1304 3457 1350 totam
3478 1294 3862 1364 transigimus:

2271 1373 2466 1430 animae
2492 1373 2707 1445 quidem
2738 1373 2940 1429 nullam
2964 1375 3223 1431 habentes
3250 1388 3465 1441 curam,
3498 1383 3749 1431 ventrem
3773 1390 3866 1431 au-

2274 1472 2382 1519 tem
2429 1465 2605 1522 solum
2642 1466 3010 1537 dirumpentes
3049 1466 3203 1533 cibis,
3233 1478 3395 1539 atque
3434 1467 3597 1523 etiam
3643 1478 3867 1539 propter

2273 1551 2377 1610 hoc
2419 1555 2619 1611 misero
2659 1557 2871 1627 corpori
2912 1556 3203 1631 perniciem
3242 1568 3509 1629 parantes,
3540 1572 3606 1613 ac
3645 1568 3866 1629 propter

2270 1648 2735 1719 intemperantiam
2757 1658 2814 1703 et
2841 1649 3130 1719 ingluviem
3160 1650 3438 1705 innumera
3464 1648 3620 1703 nobis
3648 1652 3864 1720 negotia

2270 1736 2493 1795 iacimus
2516 1748 2574 1795 et
2595 1740 2938 1807 accersimus,
2960 1741 3086 1795 dum
3108 1740 3343 1795 animam
3371 1740 3511 1795 fame
3530 1742 3707 1811 perire
3726 1743 3866 1797 sini-

2270 1831 2429 1885 mus?
2466 1830 2679 1887 tametsi
2709 1831 3048 1902 prmstantior
3071 1832 3248 1887 anima
3271 1832 3338 1887 sit
3363 1846 3524 1903 quam
3544 1846 3742 1903 corpus
3759 1874 3777 1900 ,
3804 1842 3862 1889 et

2268 1921 2443 1977 ablata
2490 1922 2580 1979 illa
2604 1964 2620 1988 ,
2672 1924 2777 1979 hoc
2815 1932 3085 1979 mortuum
3128 1924 3479 1994 relinquatur.
3522 1925 3658 1981 Cum
3701 1920 3863 1996 igitur

2268 2021 2543 2082 oporteret
2581 2021 2637 2069 et
2673 2012 2798 2071 huic
2831 2022 2992 2085 atque
3028 2014 3107 2070 illi
3142 2029 3376 2086 congrua
3404 2024 3460 2071 et
3483 2016 3863 2071 convenientia

2269 2102 2511 2173 prathere
2535 2104 2807 2171 alimenta,
2835 2106 3051 2161 modum
3082 2122 3253 2177 neque
3276 2106 3385 2173 hic,
3412 2124 3583 2179 neque
3616 2108 3726 2164 illic
3750 2123 3863 2166 ser-

2266 2208 2471 2264 vantes,
2507 2197 2716 2268 utrique
2741 2212 3000 2255 uocemus
3031 2217 3047 2254 :
3071 2198 3174 2254 hoc
3204 2198 3322 2269 plus
3352 2214 3509 2270 quam
3538 2210 3753 2270 oportet
3779 2215 3862 2257 sa-

2264 2287 2540 2356 ginantes,
2572 2287 2717 2342 illam
2745 2300 2925 2343 autem
2955 2289 3095 2344 fame
3124 2289 3300 2361 perire
3321 2298 3593 2361 cogentes.
3624 2291 3682 2346 Id
3712 2292 3859 2363 quod

2262 2380 2642 2436 universorum
2693 2382 2951 2438 Dominus
3006 2383 3128 2439 loco
3178 2384 3425 2440 maximae
3474 2385 3859 2458 indignationis

2263 2470 2552 2542 aliquando
2578 2473 2952 2529 interminatus
2970 2484 3056 2530 est
3076 2474 3384 2532 Iudaeorum
3406 2478 3603 2548 popqu
3630 2477 3857 2537 dicens:

2260 2559 2408 2616 Dabo
2434 2562 2570 2617 vobis
2599 2580 2701 2618 non
2725 2568 2911 2635 [autem
2941 2566 3111 2635 panis,
3136 2582 3297 2635 neque
3317 2568 3454 2622 sitim
3473 2585 3640 2639 aqua,
3660 2570 3755 2626 sed
3773 2574 3857 2644 fa—

2262 2668 2391 2707 mem
2410 2653 2650 2708 audiendi
2680 2670 2961 2710 sermonem
2978 2654 3186 2711 Domini
3211 2657 3389 2729 (Amos
3412 2658 3465 2714 8.
3492 2658 3619 2732 il);
3650 2659 3858 2719 docens

2262 2758 2381 2807 nos,
2407 2744 2551 2799 illam
2572 2744 2787 2817 quidem
2810 2745 3005 2803 famem
3026 2762 3221 2819 corpus
3240 2749 3581 2806 maeilentum
3601 2752 3852 2821 reddere,

2259 2832 2401 2889 hanc
2423 2844 2600 2891 autem
2634 2836 2866 2893 animam
2901 2847 3180 2896 attenuare
3210 2858 3225 2895 :
3256 2840 3487 2911 idipsum
3506 2881 3525 2910 ,
3554 2842 3701 2913 quod
3743 2842 3856 2901 Do-

2257 2924 2438 2981 minus
2478 2934 2604 2983 tunc
2643 2928 2889 2999 supplicii
2923 2929 3041 2986 loco
3081 2930 3189 2986 illis
3224 2932 3547 3001 minabatur,
3577 2950 3721 2991 nunc
3751 2950 3853 2994 nos

2256 3023 2449 3085 sponte
2486 3017 2640 3073 nobis
2672 3019 3022 3087 attrahimus;
3056 3022 3216 3093 idque
3245 3034 3525 3093 postquam
3555 3025 3696 3081 Deus
3726 3035 3851 3082 tau-

2258 3112 2365 3160 tam
2395 3108 2566 3163 nostri
2593 3124 2776 3164 curam
2805 3109 3097 3166 declaravit
3119 3153 3136 3180 ,
3166 3122 3222 3168 et
3245 3114 3613 3185 diSpeusavit,
3644 3126 3702 3170 ut
3722 3132 3848 3173 cum

2256 3211 2529 3254 sacrarum
2553 3199 2948 3271 Scripturarum
2971 3203 3201 3261 lectione
3221 3206 3511 3264 habeamus
3531 3218 3587 3264 et
3607 3223 3638 3263 a
3662 3208 3849 3268 docto-

2257 3291 2405 3346 ribus
2430 3294 2843 3350 admonitiones.

2325 3382 2451 3438 Cum
2490 3383 2701 3441 lectione
2747 3387 3032 3459 Scriptura:
3068 3390 3259 3444 monita
3296 3388 3598 3446 Doctorum.
3618 3422 3693 3437 --
3722 3394 3848 3452 Ideo

2253 3487 2349 3529 oro
2374 3485 2606 3531 vestram
2633 3479 2933 3545 caritatem,
2961 3488 3021 3534 ut
3054 3494 3280 3535 excussa
3319 3481 3528 3539 desidia
3568 3485 3845 3554 paululum

2252 3568 2696 3637 expergiscamini
2724 3609 2739 3634 ,
2766 3580 2819 3624 et
2844 3571 3079 3625 studium
3108 3585 3267 3626 omne
3297 3572 3351 3627 iu
3380 3574 3575 3629 animm
3612 3576 3843 3634 salutem

2253 3657 2603 3713 transferatis.
2645 3659 2733 3715 Sic
2773 3660 2918 3715 enim
2946 3671 3000 3716 et
3031 3677 3060 3717 a
3098 3662 3211 3718 Deo
3247 3663 3675 3722 benevolentiam
3710 3669 3845 3727 ube-

2249 3764 2365 3805 rem
2394 3750 2673 3807 attrahetis
2696 3794 2711 3819 ,
2752 3768 2959 3823 nosque
2996 3754 3284 3812 alacriores
3313 3756 3381 3812 ad
3410 3758 3717 3816 docendum
3742 3779 3841 3819 vos

2248 3843 2470 3911 erimus,
2501 3859 2634 3915 quos
2662 3844 2958 3903 videbimus
2984 3850 3208 3905 consilio
3239 3862 3426 3911 nostro
3454 3868 3661 3923 parere.
3695 3856 3842 3924 Quo-

2249 3934 2392 3988 niam
2418 3945 2472 3990 et
2498 3937 2749 4007 agricola,
2773 3940 2987 4009 quando
3008 3941 3153 3996 videt
3180 3952 3374 3998 terram
3402 3944 3702 4014 fecundam,
3731 3950 3841 4005 cul-

2250 4032 2385 4081 tura:
2427 4026 2673 4083 idoneam
2720 4029 3096 4102 fructuumque
3133 4031 3385 4097 feracem,
3415 4044 3566 4104 parat
3586 4051 3648 4091 se
3673 4040 3838 4095 etiam

2248 4116 2363 4185 ipse
2390 4128 2446 4173 ut
2472 4119 2661 4193 majori
2689 4121 2865 4176 studio
2886 4122 3029 4177 illam
3051 4124 3188 4179 colat
3212 4142 3227 4179 :
3254 4125 3443 4181 eodem
3470 4128 3630 4183 modo
3659 4139 3715 4186 et
3738 4147 3839 4188 nos

2244 4210 2288 4264 si
2320 4210 2609 4268 viderimus
2638 4225 2873 4270 vestrum
2900 4217 2954 4270 in
2982 4215 3178 4273 divinis
3208 4220 3499 4288 profectum
3518 4261 3534 4284 ,
3566 4230 3620 4275 ct
3649 4237 3744 4277 vos
3772 4239 3836 4280 ea

2243 4314 2361 4369 qua:
2384 4316 2413 4354 a
2442 4302 2595 4357 nobis
2622 4303 2889 4373 dicuntur,
2925 4306 3080 4363 factis
3112 4308 3352 4366 studiose
3385 4312 3628 4380 implere,
3658 4313 3836 4383 majo-

2243 4405 2355 4445 rem
2382 4392 2609 4448 docendi
2640 4394 2876 4452 laborem
2902 4397 3273 4454 exhibebimus
3305 4418 3321 4456 :
3354 4409 3539 4471 utpote
3564 4404 3833 4471 scientes,

2244 4496 2342 4537 nos
2364 4498 2468 4538 non
2497 4486 2549 4540 in
2580 4487 2744 4556 petris
2764 4490 3052 4559 seminare,
3077 4490 3170 4547 sed
3198 4492 3250 4546 in
3279 4494 3455 4563 pingui
3481 4503 3537 4549 et
3562 4494 3833 4564 profunda

2244 4586 2406 4631 terra.

2310 4670 2362 4723 2.
2400 4670 2696 4739 Utilitatem,
2718 4690 2817 4728 non
2838 4677 3047 4746 plausus
3068 4679 3381 4750 auditorum,
3407 4685 3587 4752 quterit
3608 4684 3830 4759 Chryse.

2239 4776 2448 4823 stamus.
2476 4768 2649 4825 Radix
2677 4775 2937 4829 homicidii
2970 4778 3254 4833 iuvidia.—
3276 4780 3353 4837 Ea
3391 4783 3534 4838 enim
3570 4786 3639 4841 de
3666 4803 3829 4845 causa

2236 4858 2476 4927 quotidie
2505 4861 2656 4917 vobis
2680 4865 3086 4934 concionamur,
3139 4878 3196 4923 ut
3238 4871 3441 4942 aliquid
3480 4874 3614 4929 lucri
3662 4878 3829 4933 facia-

2238 4948 2334 5013 tis,
2363 4960 2418 5003 et
2444 4949 2671 5006 virtutes
2695 4965 2884 5010 vestrae
2913 4970 3191 5026 crescant,
3223 4978 3427 5032 nosque
3456 4965 3701 5024 hntemur
3727 4986 3824 5027 ve-

2236 5048 2403 5095 strum
2446 5041 2689 5099 videntes
2720 5048 3034 5115 profectum.
3072 5052 3338 5125 Numquid
3369 5059 3511 5113 enim
3541 5071 3742 5119 temere
3771 5074 3826 5119 et

2236 5130 2289 5184 in
2315 5146 2510 5187 vanum
2537 5133 2720 5191 dicere
2747 5138 3012 5208 volumus,
3042 5153 3153 5197 uta
3188 5147 3343 5202 vobis
3370 5149 3585 5205 laudum
3617 5152 3824 5209 fructus

2237 5224 2575 5293 recipiamus,
2607 5236 2661 5281 et
2689 5238 2744 5282 ut
2772 5230 3083 5298 plaudentes
3104 5237 3352 5294 manibus
3381 5241 3682 5296 recedatis?
3704 5244 3819 5300 Non

2236 5314 2337 5371 hoc
2364 5329 2698 5385 Spectamus;
2730 5321 2871 5377 absit
2903 5341 2914 5376 :
2954 5326 3047 5381 sed
3089 5337 3320 5383 vestram
3362 5331 3671 5386 utilitatem.
3707 5335 3819 5389 Mea

2236 5411 2465 5465 maxima
2502 5413 2616 5467 laus
2642 5423 2720 5469 est
2752 5426 2805 5469 et
2834 5432 3076 5474 summus
3120 5421 3366 5491 plausus,
3399 5423 3442 5477 si
3472 5426 3590 5493 quis
3617 5441 3643 5477 a
3680 5427 3820 5482 vitiis

2234 5503 2299 5557 ad
2330 5505 2581 5559 virtutem
2624 5520 2983 5575 convertatur,
3016 5514 3061 5567 si
3086 5518 3205 5585 quis
3235 5527 3389 5572 antea
3420 5518 3604 5587 deses,
3634 5532 3817 5577 nostra

2232 5596 2605 5653 adhortatione
2624 5600 2893 5657 studiosus
2919 5604 3042 5663 fiat:
3063 5607 3163 5661 hoc
3182 5619 3235 5663 et
3253 5610 3382 5664 mihi
3412 5611 3702 5665 maximum
3734 5614 3815 5667 af-
3882 5674 3891 5683 _

2234 5688 2335 5743 fert
2362 5689 2607 5744 solatium
2638 5703 2690 5745 et
2720 5693 2952 5765 laudem,
2983 5707 3038 5754 ct
3062 5700 3211 5755 vobis
3252 5702 3457 5757 lucrum
3505 5714 3558 5759 et
3600 5703 3815 5762 divitias

2235 5781 2556 5851 spirituum.
2590 5786 2696 5845 Sed
2726 5806 2830 5846 nou
2858 5794 3087 5865 ambigo,
3118 5794 3243 5865 quin
3273 5796 3501 5853 multum
3532 5797 3691 5855 studii
3722 5816 3811 5855 es-
