4086 6422
192 385 297 444 ιτι

181 497 287 554 καὶ
317 495 469 552 πᾶσα
496 492 729 564 κραυγὴ
758 490 993 564 ἀρθήτω
1013 489 1306 561 ἀει-’ὑμῶν’
1340 488 1458 545 εἶτα
1489 492 1661 563 αὐτὴν
1686 493 1787 564 τὴν

183 580 346 654 ῥίζαν
372 578 474 649 τῆς
506 576 708 641 κακίας
741 576 975 649 ξηρᾶναι
1016 574 1343 645 βουλόμενος
1391 574 1487 627 καὶ
1534 577 1789 645 ἄκαρπον

181 663 551 736 ἐργάσασθαι,
592 660 747 731 φησὶ,
789 659 917 713 Σὺν
941 658 1112 726 πάσῃ
1144 658 1345 724 κακίᾳ.
1397 656 1456 710 ὐ
1496 656 1606 727 γάρ
1644 655 1790 710 οὕτω

179 746 529 817 διακείμενος
557 742 822 817 διηνεκῶς
838 743 899 796 ἐν
923 741 1105 812 λιμένι
1131 739 1395 810 κάθηται,
1425 739 1534 793 τῶν
1552 738 1790 817 ἀπδμτῆς

181 831 294 903 γῆς
327 808 593 900 κδμάτιυν
631 808 1076 898 ἀπηλλαγμένος,
1125 826 1219 877 καὶ¹
1255 808 1382 876 οὔτε
1421 808 1786 894 χειμῶνα⁸δέο

180 916 387 979 δοικεν,
441 912 566 967 οὔτε
626 912 907 979 ναυάγιον,
957 908 1095 963 ἀλλά
1154 908 1409 977 καθάπερ
1457 908 1517 959 ἐν
1572 904 1788 975 γαλήνῃ

182 997 368 1053 πλέων
396 996 428 1067 ἡ
453 996 512 1049 ἐν
542 996 702 1067 εύδίῳ
733 994 913 1065 λιμένι
940 991 1272 1063 καθήμενος,
1312 989 1485 1053 οὕτως
1509 990 1661 1042 ἕλκει
1694 988 1788 1041 τὸν

184 1083 435 1156 ¹παρόντα
461 1080 577 1152 βίον
602 1080 784 1149 πάσης
807 1076 1054 1148 ταραχῆς
1081 1074 1241 1138 ἐκτὸς
1272 1073 1346 1127 ῶν
1371 1086 1421 1139 ι,
1455 1072 1551 1127 καὶ
1586 1072 1649 1125 ού
1685 1071 1787 1141 μό-

186 1155 283 1222 νον
310 1162 491 1232 τοῦτο,
532 1163 669 1219 ἀλλά
704 1163 800 1218 καὶ
836 1160 946 1214 τῶν
985 1156 1274 1213 ἀθανάτων
1320 1157 1416 1211 καὶ
1455 1155 1787 1228 ἀπορρήτων

186 1250 411 1321 ἀγαθῶν
444 1250 545 1320 τὴν
582 1246 881 1301 ἀπόλαυσιν
912 1240 1093 1313 ἐαυτῷ
1122 1238 1212 1296 διὰ
1253 1240 1473 1300 πάντων
1510 1238 1784 1309 προξενεῖ·

187 1320 270 1389 ὧν
298 1334 518 1401 γένοιτο
558 1331 765 1394 πάντας
802 1330 952 1399 ἡμᾶς
978 1326 1279 1396 ἐπιτυχεῖν,
1310 1322 1495 1393 χάριτι
1538 1322 1634 1376 καὶ
1667 1320 1788 1401 φιλεῖ

187 1398 481 1490 ἀνθρωπεία
506 1414 601 1469 τοῦ
632 1398 1027 1485 Κυρίουὴμῶν
1065 1407 1243 1479 Ἰησοῦ
1276 1405 1543 1479 Χριστοῦ,
1578 1404 1698 1475 μεθ’
1725 1398 1786 1460 οὗ

185 1504 269 1577 τῷ
310 1502 509 1573 Πατρὶ,
553 1500 670 1571 ἀμα
720 1496 801 1569 τῷ
839 1494 981 1567 ἁγίῳ
1018 1492 1324 1563 Πνεύματι,
1368 1492 1518 1577 δόξα,
1559 1492 1784 1564 κράτος,

186 1574 345 1660 τιμὴ,
385 1586 483 1641 νῦν
516 1586 612 1640 καὶ
638 1584 748 1651 ἀεὶ,
774 1582 870 1637 καὶ
907 1581 988 1644 είς
1014 1578 1143 1641 τοὺς
1167 1576 1373 1643 αίῶνας
1405 1574 1515 1631 τῶν
1547 1577 1783 1632 αίώνων.

203 1672 399 1744 ⁹Δμήν.

782 1752 1032 1807 ΟΜῙΛΙΔ
1063 1750 1188 1809 ΝΔ’.

188 1838 524 1896 Καλάσασα
554 1835 625 1891 δὲ
668 1834 953 1891 Ῥεϐέκκα
984 1835 1091 1890 τὸν
1117 1836 1265 1905 υίὸς(
1280 1830 1471 1905 αὐτῆς
1497 1835 1607 1889 τόν
1643 1833 1788 1889 νεώ-

687 1922 883 1974 ¹τερον,
912 1906 1082 1961 εἷπεν
1112 1903 1294 1970 αὐτῷ.

246 1999 317 2049 α’.
332 1991 517 2046 Είδετε
532 1988 662 2061 χθὲς
684 1987 894 2043 καὶτοῦ
914 1988 1151 2043 τελώνου
1173 1988 1276 2059 τὴν
1297 1985 1499 2059 πολλήν
1516 1986 1789 2056 εὐγνωμο-

188 2075 380 2147 σύνην,
406 2077 500 2129 καὶ
540 2071 636 2127 τοῦ
673 2072 947 2126 Δεσπότου
971 2072 1071 2143 τὴν
1100 2071 1310 2141 ἄφατον
1348 2070 1785 2147 φιλανθρωπίαν,

188 2160 287 2216 καὶ
324 2162 435 2213 τῶν
470 2158 739 2213 Ἰουδαίων
768 2159 868 2229 τὴν
898 2157 1345 2228 ὑπερϐάλλουσαν
1382 2156 1783 2227 ἀναισθησίαν;

189 2244 348 2317 [522]
364 2244 547 2298 Εῖδετε
567 2242 684 2307 πῶς
704 2242 951 2306 ἃπαντας
964 2243 1115 2313 ἡμᾶς
1137 2240 1458 2295 ἐπαίδευσεν
1471 2243 1499 2294 6
1514 2241 1788 2312 μακάριος

187 2328 491 2394 Ματθαῖος,
547 2327 615 2381 δι’
654 2320 731 2381 ὧν
781 2325 927 2380 οῦτω
955 2326 1170 2396 ταχέως
1225 2326 1537 2396 ὑπήκουσε,
1589 2326 1655 2379 δι’
1708 2318 1787 2381 ὧν

184 2412 464 2481 τοσαύτην
496 2410 811 2476 ἐπεδείξατο
844 2410 943 2481 τὴν
975 2408 1302 2481 μεταϐολὴν,
1335 2410 1420 2463 ὅτι
1458 2411 1517 2462 ἐν
1553 2411 1621 2480 τῇ
1659 2426 1789 2479 προ-

186 2497 403 2569 αιρέσει
424 2498 601 2550 κεῖται
622 2498 688 2567 τῇ
714 2494 982 2565 ἡμετέρᾳ,
1009 2494 1148 2565 μετά
1174 2494 1273 2563 τὴν
1292 2494 1499 2547 ἀνωθεν
1520 2492 1701 2564 χάριν,
1717 2493 1788 2548 τά

184 2581 289 2652 τῆς
313 2580 516 2651 ἀρετῆς
550 2580 646 2634 καὶ
680 2580 779 2648 τῆς
813 2578 1045 2641 κακίας·
1078 2576 1174 2631 καὶ
1203 2577 1285 2631 ὃτι
1317 2576 1414 2630 καὶ
1447 2576 1788 2630 σπουδάσανο

183 2680 281 2729 τες
326 2661 604 2733 δυνάμεθα
634 2659 892 2729 γενέσθαι
923 2660 1194 2730 ἐνάρετοι,
1232 2660 1328 2712 καὶ
1365 2658 1788 2731 ρᾳθυμήσαντες

185 2748 352 2803 πάλιν
382 2748 463 2810 είς
495 2745 588 2798 τὸν
613 2747 714 2817 τῆς
740 2742 1019 2815 ἀμαρτίας
1042 2742 1291 2813 κρημνὸν
1320 2742 1783 2813 καταφερόμεθα;

186 2832 362 2888 Τοῦτο
385 2831 494 2903 γάρ
516 2830 664 2883 ἐστιν
696 2821 740 2897 ᾧ
771 2827 880 2881 τῶν
914 2826 1125 2895 ἀλόγων
1151 2826 1537 2896 διεστήκαμεν,
1559 2825 1622 2879 τὸ
1641 2826 1787 2896 λόγῳ

183 2914 517 2987 τετιμῆσθαι
556 2914 703 2984 ἡμᾶς
737 2912 887 2983 παρὰ
920 2908 1015 2965 τοῦ
1052 2909 1438 2987 φιλανθρώπου
1482 2908 1642 2978 Θεοῦ,

185 3000 249 3051 ἐν
269 2998 339 3067 τῇ
373 2986 535 3064 φύσει
558 2994 625 3062 τῇ
650 2991 896 3062 ἡμετέρᾳ
923 2987 1313 3044 ἐναποκεῖσθαι
1339 2986 1439 3058 τὴν
1458 2987 1663 3055 γνῶσιν
1690 2986 1785 3059 τοῦ

184 3077 357 3134 καλοῦ
382 3077 479 3129 καὶ
502 3073 597 3129 τοῦ
628 3071 892 3143 πονηροῦ.
924 3070 1132 3141 Μηδεὶς
1156 3070 1338 3123 τοίνυν
1360 3069 1787 3139 προφασιζέσθω

184 3162 263 3227 ὡς
290 3161 360 3216 δι’
394 3160 620 3228 ἄγνοιαν
645 3158 847 3229 ἀρετῆς
881 3154 1124 3227 ἀμελῶν,
1158 3153 1192 3225 ἢ
1218 3152 1306 3207 διά
1326 3152 1387 3206 τὸ
1422 3153 1499 3224 μὴ
1526 3152 1671 3223 ἔχειν
1692 3151 1787 3207 τὸν

188 3243 582 3303 ὑποδεικνύντα
618 3242 719 3313 τὴν
762 3240 969 3308 ταύτης
1015 3238 1155 3295 666v.
1204 3236 1504 3307 Ἀρκοῦντα
1529 3237 1640 3307 γάρ
1668 3236 1789 3308 ἑχο.

190 3348 293 3404 μεν
319 3326 643 3382 διδάσκαλον
667 3324 730 3378 τὸ
755 3323 1013 3385 συνειδὸς,
1038 3322 1134 3375 καὶ
1163 3321 1259 3389 ούχ
1285 3314 1397 3373 οἷόν
1420 3321 1481 3374 τέ
1517 3338 1641 3374 τινα
1677 3322 1789 3375 ἀπ-

187 3410 521 3484 εστερῆσθαι
548 3409 647 3480 τῆς
676 3406 887 3461 ἐκεῖθεν
931 3404 1207 3476 βοηθείας.
1251 3404 1360 3457 Καὶ
1397 3404 1508 3474 γάρ
1555 3406 1674 3476 ἅμα
1718 3408 1785 3476 τῇ

188 3497 390 3553 πλάσει
432 3492 528 3549 τοῦ
568 3489 860 3565 ἀνθρώπου
908 3488 1005 3544 καὶ
1046 3487 1316 3560 ἡγνῶσις
1339 3487 1450 3541 τῶν
1493 3489 1788 3560 πρακτέων

188 3580 343 3652 αύτῷ
367 3576 697 3647 ἐναπετέθη,
731 3576 821 3630 ἴνα
846 3574 945 3644 τὴν
968 3572 1176 3627 οίκείαν
1207 3572 1633 3644 εὐγνωμοσύνην
1667 3575 1789 3628 ἐπι-

187 3664 529 3735 δειξάμενος,
560 3658 813 3729 καθάπερ
851 3659 911 3712 ἐν
942 3654 1256 3727 παλαίστρᾳ
1280 3654 1419 3718 τινὶ,
1446 3655 1525 3726 τῷ
1558 3657 1788 3727 παρόντι

189 3748 295 3819 βίῳ
334 3743 830 3816 ἐγγυμνασάμενος
864 3739 1003 3811 πρὸς
1044 3738 1171 3802 τοὺς
1203 3740 1303 3810 τῆς
1329 3739 1533 3810 ἀρετῆς
1570 3739 1785 3807 πόνους,

185 3832 259 3886 τά
281 3831 423 3901 ύπέρ
440 3831 542 3900 τῆς
569 3827 773 3898 ἀρετῆς
803 3823 1033 3895 βραδεῖα
1050 3820 1367 3892 κομίσηται,
1393 3822 1488 3875 καὶ
1509 3824 1569 3877 ἐν
1593 3822 1790 3895 βραχεῖ

187 3914 371 3987 χρόνῳ
403 3912 663 3983 πονήσας,
695 3909 752 3961 ἐν
789 3904 1133 3978 διηνεκεῖτῷ
1167 3902 1326 3959 αίῶνι
1363 3903 1473 3957 τῶν
1504 3907 1789 3975 στεφάνων

186 3995 475 4069 ἀξιωθείη,
506 3996 601 4049 καὶ
624 3996 682 4047 ἐν
707 3991 785 4063 τῷ
808 3991 1063 4061 ἐπικήρῳ
1084 3989 1260 4059 τούτῳ
1287 3988 1445 4043 αίῶνι
1463 3989 1566 4061 τὴν
1585 3992 1789 4063 ἀρετὴν

187 4078 470 4152 ἐλόμενος,
526 4080 585 4131 ἐν
630 4078 745 4140 τοῖς
799 4073 1052 4143 ἀπείροις
1100 4073 1196 4128 καὶ
1242 4073 1435 4137 ἀϊδίοις
1481 4073 1645 4128 αίῶσι
1679 4074 1791 4131 τῶν

185 4163 480 4220 ἀθανάτων
508 4158 733 4230 ἀγαθῶν
782 4156 1053 4229 ἀπολαύῃ.
1088 4156 1269 4227 Ὅπερ
1301 4156 1530 4223 ειδότες,
1569 4158 1791 4231 ἀγαπη-

186 4247 297 4314 τοὶ,
329 4246 407 4317 μὴ
427 4243 714 4316 προδῶμεν
741 4241 899 4313 ἡμῶν
918 4242 1019 4313 τὴν
1046 4239 1347 4309 εὐγένειαν,
1374 4238 1452 4311 μὴ
1474 4239 1791 4310 ἀγνώμονες

189 4330 327 4404 περὶ
370 4329 472 4400 τὴν
508 4327 782 4396 τοσαύτην
836 4323 1161 4395 εὐεργεσίαν
1198 4320 1514 4393 γενώμεθα,
1562 4324 1700 4395 μηδέ
1728 4324 1791 4379 τὸ

188 4412 531 4488 πρόσκαιρον
581 4410 683 4481 τῆς
742 4406 1006 4477 δοκούσης
1072 4406 1269 4478 ἡδονῆς
1333 4404 1789 4477 μεταδιώξαντες,

187 4492 417 4569 διηνεκῆ
458 4494 560 4566 τὴν
595 4494 794 4563 ὀδύνην
826 4492 1041 4554 ἑαυτοῖς
1077 4489 1607 4561 κατασκευάσωμεν·
1654 4490 1794 4547 ἀλλά

188 4581 285 4636 τὸν
305 4578 606 4650 ἀκοίμητον
626 4573 905 4646 ὀφθαλμὸν
927 4573 1017 4629 τὸν
1032 4571 1101 4626 τά
1122 4572 1414 4645 ἀπόρρητα
1430 4573 1532 4644 τῆς
1551 4573 1792 4638 διανοίας

189 4661 561 4732 ἐπιστάμενον
605 4657 871 4731 διηνεκῶς
909 4654 1312 4728 προορώμενοι,
1350 4655 1525 4720 οὕτως
1571 4654 1792 4710 ἅπαντα

188 4746 263 4801 τά
312 4742 435 4799 καθ’
476 4742 704 4805 ἑαυτοὺς
754 4737 1148 4811 οίκονομῶμεν,
1189 4738 1285 4792 καὶ
1314 4740 1430 4803 τοῖς
1478 4738 1664 4803 ὅπλοις
1694 4736 1790 4792 τοῦ

190 4828 511 4899 Πνεύματος
543 4826 901 4898 φραξάμενοι,
930 4824 1025 4877 καὶ
1064 4823 1166 4894 τὴν
1196 4822 1405 4876 οἰκείαν
1439 4822 1792 4894 εύγνωμοσύυ

190 4928 293 4981 νην
320 4909 740 4979 ἐπιδειξάμενοι,
764 4906 1204 4977 ἐπισπασώμεθα
1226 4906 1328 4976 τὴν
1354 4906 1564 4960 ἀνωθεν
1591 4906 1789 4978 ῥοπὴν,

192 4995 282 5051 ῖνα
342 4995 443 5067 τῆς
496 4993 707 5047 ἐκεῖθεν
751 4991 1119 5055 ἀπολαύοντες
1169 4992 1509 5062 συμμαχίας,
1559 4993 1653 5045 καὶ
1694 4991 1789 5045 τοῦ

190 5076 393 5151 ἐχθροῦ
420 5077 515 5131 καὶ
540 5075 800 5146 πολεμίου
827 5074 1264 5147 περιγενόμενοι,
1294 5076 1391 5127 καὶ
1412 5075 1597 5145 ἄκυρα
1622 5074 1789 5129 αὐτοῦ

191 5163 638 5234 καταστήσαντες
682 5159 752 5214 τά
792 5159 1189 5231 μηχανήματα,
1230 5159 1339 5213 τῶν
1375 5160 1600 5228 ἀγαθῶν
1645 5161 1792 5215 ἐκεί-

189 5265 301 5303 νων
355 5245 663 5299 ἀπολαῦσαι
726 5244 1067 5315 δυνηθῶμεν,
1127 5238 1203 5299 ὧν
1254 5246 1624 5317 ἐπηγγείλατο
1676 5249 1790 5312 τοῖς

188 5329 481 5401 ἀγαπῶσιν
502 5328 665 5382 αὑτὸν
696 5329 724 5380 6
753 5328 977 5400 Κύριος.
1010 5330 1102 5400 Μή
1125 5329 1304 5384 τοίνυν
1340 5332 1476 5402 πρὸς
1504 5332 1597 5385 τὸν
1626 5332 1790 5386 πόνον

188 5431 276 5477 τις
307 5413 492 5484 ὁράτω
534 5414 633 5486 τῆς
669 5414 893 5484 ἀρετῆς.
926 5412 1061 5467 άλλά
1093 5415 1155 5467 τὸ
1188 5412 1439 5469 ἐντεῦθεν
1475 5416 1667 5488 κέρδος
1698 5416 1789 5471 λο-

189 5499 481 5568 γιζόμενος
513 5498 747 5569 ἑτοίμως
786 5498 913 5562 τοὺς
962 5499 1102 5571 ύπέρ
1145 5499 1351 5571 ταύτης
1386 5501 1583 5565 πόνους
1617 5519 1788 5556 κατα-

188 5580 450 5653 δεχέσθω.
494 5582 560 5634 Εί
606 5582 715 5653 γάρ
753 5585 802 5636 οί
856 5584 985 5653 περὶ
1021 5584 1089 5637 τά
1130 5583 1358 5654 βιωτικά
1408 5588 1787 5658 στρεφόμενοι,

190 5666 287 5720 καὶ
335 5665 464 5739 περὶ
509 5665 609 5735 τὴν
656 5667 763 5721 τῶν
806 5667 1107 5739 χρημάτων
1153 5669 1416 5741 συλλογὴν
1458 5673 1786 5743 μεμηνότες,

189 5749 411 5806 ἅπαντα
448 5748 746 5820 προθύμως
779 5752 1191 5822 καταδέχονται,
1234 5755 1327 5808 καὶ
1356 5754 1481 5818 τοὺς
1516 5754 1656 5809 κατά
1694 5753 1789 5809 Οά-

256 5918 283 5948 ⁸
306 5915 409 5969 Sc:
436 5930 552 5968 mss.
598 5927 803 5985 ταραχῆς
826 5920 1063 5987 ἐλεύθερος
1086 5922 1168 5972 ῶν.

1233 376 1303 435 IN
1341 378 1499 436 CAP.
1535 376 1732 433 XXVII
1769 371 2017 434 GENES.
2061 375 2297 433 IIOMIL.
2343 376 2477 433 LIV.

3390 381 3502 438 ΗΞ

1898 490 2101 542 λατταν
2135 490 2436 553 κινδύνους,
2476 490 2572 543 καὶ
2599 489 2667 545 τά
2696 489 2954 559 ναυάγια,
2987 492 3082 545 καὶ
3119 493 3217 555 τὰς
3241 493 3347 546 τῶν
3378 511 3506 549 πει.

1901 572 2079 643 ρατῶν
2107 572 2332 641 ἐφόδους
2370 572 2737 643 προορῶντες,
2778 575 2902 627 οὐδὲ
2935 574 3112 638 οὕτως
3148 576 3501 647 ὀκνηρότεροι

1896 657 2158 726 γίνονται,
2187 657 2281 709 καὶ
2302 654 2477 709 ταῦτα
2500 656 2621 709 ούδέ
2654 655 2879 729 θαρρεῖν
2898 659 3030 727 περὶ
3060 658 3155 712 τοῦ
3184 659 3373 723 τέλους
3404 661 3501 713 δυ-

1896 740 2143 810 νάμενον
2171 739 2333 793 ποίαν
2364 742 2530 812 ἡμεῖς
2566 740 2763 812 ἕξομεν
2800 742 3121 811 ἀπολογίαν,
3158 744 3266 799 τῶν
3298 744 3503 800 ἀθανά-

1894 836 2005 875 των
2055 821 2282 875 ἐκείνων
2324 822 2511 876 ἕνεκεν
2543 823 2683 895 πρὸς
2732 825 2859 887 τοὺς
2904 826 3008 896 τῆς
3037 826 3243 897 ἀρετῆς
3280 828 3506 896 ἀγῶνας

1900 903 1977 975 μὴ
2009 904 2161 975 πάσῃ
2192 906 2397 977 σπουδῇ
2445 907 2540 960 καὶ
2590 907 2871 979 προθυμίᾳ
2906 909 3302 981 ἀποδυόμενοι;
3341 913 3504 977 Τίνος

1895 985 2085 1039 ἕνεκεν
2110 984 2285 1050 οὕτως
2313 987 2633 1058 ἀγνώμονες
2662 990 2793 1060 περὶ
2828 990 2920 1044 τὸν
2949 992 3251 1065 εὐεργέτην
3280 997 3504 1067 γινόμε-

1897 1068 1987 1135 θα,
2022 1070 2118 1124 καὶ
2155 1070 2279 1124 οὗτε
2311 1072 2380 1124 τά
2404 1071 2505 1143 ἤδη
2532 1072 2850 1145 δωρηθέντα
2876 1075 3231 1147 λογιζόμεθα,
3273 1080 3399 1133 οὔτε
3434 1081 3505 1135 τά

1896 1153 2312 1223 ἐπαγγελθέντα
2364 1154 2677 1226 ἐννοοῦμεν,
2719 1156 2858 1214 ἀλλά
2895 1158 3139 1226 πάντων,
3184 1162 3262 1226 ώς
3302 1164 3500 1229 εἰπεῖν,

1895 1234 2068 1307 λήθην
2102 1237 2485 1308 ποιησάμενοι,
2514 1238 2705 1303 ἁπλῶς
2743 1242 2837 1294 καὶ
2863 1242 2989 1313 είκῆ
3024 1242 3391 1315 βοσκημάτων
3419 1247 3503 1301 δί-

1896 1336 2002 1392 κην
2034 1319 2150 1389 βίον
2180 1320 2399 1375 ἅπαντα
2422 1320 2867 1394 παρατρέχομεν,
2897 1325 2999 1396 τῆς
3026 1326 3126 1396 μὲν
3146 1328 3326 1399 ψυχῆς
3350 1330 3519 1383 οὐδε-ἐ

1900 1405 2031 1475 μίαν
2076 1404 2400 1475 ἐπιμέλειαν
2443 1404 2777 1483 ποιούμενοι,
2813 1407 2914 1479 τὴν
2953 1410 3011 1463 δὲ
3046 1412 3290 1483 γαστέρα
3332 1412 3506 1483 μόνην

1895 1488 2345 1560 διαρρηγνύντες,
2374 1488 2467 1541 καὶ
2495 1480 2697 1560 πολλὴν
2723 1491 2813 1545 διά
2835 1493 3042 1559 ταύτης
3067 1494 3145 1566 τῷ
3166 1480 3505 1568 ταλαιπώρω

1894 1572 2073 1641 τούτῳ
2100 1570 2316 1642 σώματι
2342 1572 2443 1644 τὴν
2462 1572 2643 1644 λύμην
2662 1576 3191 1643 κατασκευάζοντες,
3220 1580 3316 1633 καὶ
3345 1579 3506 1635 τοῦτο

1898 1655 2002 1726 μὲν
2036 1655 2123 1709 διὰ
2154 1654 2257 1725 τῆς
2301 1656 2591 1727 ἀμετρίας,
2642 1658 2739 1711 καὶ
2792 1659 2889 1729 τῆς
2940 1660 3147 1731 πολλῆς
3186 1662 3504 1733 ἀδηφαγίας

1900 1738 2072 1811 μυρία
2112 1739 2415 1810 πράγματα
2446 1742 2883 1805 κατασκευάζειν
2910 1746 3046 1814 ἡμῖν
3086 1747 3508 1817 παρασκευάζο-

1901 1840 2026 1893 μεν,
2080 1822 2178 1893 τὴν
2221 1823 2277 1875 δέ
2335 1822 2517 1893 ψυχὴν
2564 1824 2710 1896 λιμῷ
2768 1826 3030 1898 τήκεσθαι
3074 1830 3502 1900 συγχωροῦμεν;

1898 1905 2052 1978 1525]
2084 1908 2261 1959 καίτοι
2293 1905 2438 1978 ψυχὴ
2471 1907 2726 1978 σώματος
2754 1909 3113 1982 κυριώτερον,
3156 1914 3251 1967 καὶ
3284 1915 3505 1984 ἐκείνης

1896 1988 2267 2059 ἀπειρηκυίας
2322 1991 2517 2061 νεκρὸν
2564 1990 2727 2044 τοῦτο
2780 1994 3195 2049 καταλείπεται.
3234 1996 3364 2051 Δέον
3408 1994 3505 2050 οὖν

1898 2073 2129 2144 κάκείνῃ
2174 2072 2273 2145 τὴν
2314 2074 2654 2146 κατάλληλον
2687 2075 2781 2129 καὶ
2816 2077 3201 2147 ἁρμόττουσαν
3235 2082 3507 2152 παρέχειν

1896 2158 2107 2227 τροφὴν
2139 2159 2308 2227 ἡμᾶς,
2347 2158 2632 2225 ἑκατέροις
2662 2159 3059 2231 λυμαινόμεθα,
3100 2165 3373 2235 ἀμετρίαν
3408 2166 3506 2219 καὶ⁵

1898 2240 2135 2294 ἐνταῦθα
2182 2242 2347 2295 κάκεῖ
2404 2242 2607 2314 πολλὴν
2665 2243 3124 2317 ἐπιδεικνύμενοι,
3169 2246 3264 2301 καὶ
3304 2248 3367 2302 τὸ
3402 2249 3507 2319 μὲν

1898 2322 2041 2390 ύπέρ
2076 2325 2176 2394 τὴν
2220 2324 2413 2394 χρείαν
2454 2326 2784 2390 πιαίνοντες,
2825 2328 2926 2400 τὴν
2965 2328 3023 2382 δὲ
3060 2330 3166 2383 ὑπὸ
3202 2329 3364 2400 λιμοῦ
3395 2332 3508 2386 δια-

1898 2405 2221 2477 φθείρεσθαι
2260 2408 2797 2477 καταναγκάξοντες.
2834 2410 2945 2464 Καὶ
2987 2411 3127 2483 ὅπερ
3168 2416 3197 2468 6
3224 2414 3335 2468 τῶν
3366 2415 3507 2470 ὅλων

1896 2490 2177 2559 Δεσπότης
2209 2490 2269 2572 ἐν
2296 2491 2447 2556 τάξει
2481 2492 2749 2563 μεγίστης
2777 2495 3212 2567 ἀγανακτήσεως
3237 2500 3506 2572 ἡπείλησέ

1896 2588 2029 2626 ποτε
2064 2572 2142 2643 τῷ
2170 2571 2279 2625 τῶν
2314 2573 2586 2629 Ἰουδαίων
2611 2576 2790 2647 δήμῳ,
2812 2577 3011 2647 λέγων,
3046 2580 3226 2635 Δώσω
3253 2586 3399 2653 ὑμῖν
3431 2586 3508 2640 οὐ

1895 2657 2076 2726 λιμὸν
2107 2655 2313 2725 ἄρτου,
2340 2656 2486 2711 οὐδὲ
2515 2657 2710 2728 δίψαν
2736 2659 2979 2728 ὕδατος,
3006 2662 3173 2719 ἀλλὰ
3196 2666 3379 2735 λιμὸν
3398 2668 3509 2722 τοῦ
3546 2714 3551 2719 .

1895 2741 2158 2796 ἀκοῦσαι
2195 2741 2384 2809 λόγον
2418 2742 2664 2810 Κυρίου,
2695 2742 2965 2798 διδάσκων
2993 2748 3143 2817 ἡμᾶς
3180 2749 3265 2802 ὃτι
3296 2750 3507 2817 ἐκεῖνος

1900 2824 1999 2895 μὲν
2034 2825 2063 2877 6
2089 2825 2249 2895 λιμὸς
2276 2826 2338 2879 τὸ
2364 2825 2527 2897 σῶμα
2555 2828 2900 2881 κατατείνειν
2926 2828 3174 2895 δύναται,
3202 2827 3359 2897 οὗτος
3389 2834 3443 2887 δὲ
3478 2836 3509 2888 6

1896 2905 2057 2977 λιμὸς
2093 2908 2265 2979 αὐτῆς
2294 2908 2639 2963 καθικνεῖται
2665 2910 2767 2982 τῆς
2794 2913 2999 2984 ψυχῆς·
3030 2915 3175 2969 τοῦτ’
3216 2916 3351 2969 αὐτὸ
3387 2916 3508 2982 νῦν,

1896 2990 2034 3061 ὅπερ
2065 2991 2186 3045 ἀντὶ
2211 2992 2485 3064 τιμωρίας
2514 2994 2745 3058 ἐκείνοις
2773 2997 3001 3065 ἐπάγειν
3046 2998 3169 3051 τότε
3208 2998 3511 3069 ἠπείλησεν

1896 3075 1926 3127 6
1941 3075 2241 3143 Δεσπότης,
2264 3076 2427 3146 ἡμεῖς
2446 3076 2668 3141 ἑκόντες
2691 3078 3080 3149 ἐπισπώμεθα,
3107 3080 3203 3133 καὶ
3218 3081 3395 3135 ταῦτα
3412 3081 3508 3135 τοῦ

1896 3154 2033 3209 Θεοῦ
2045 3156 2316 3229 τοσαύτην
2328 3174 2395 3211 πε
2404 3158 2457 3229 ρῖ
2468 3159 2617 3229 ἡμᾶς
2633 3159 2961 3230 κηδεμονίαν
2976 3162 3511 3234 ἐπιδειξαμένου,καὶ

1896 3240 2351 3311 οίκονομὴσαντος
2365 3242 2504 3313 μετά
2515 3242 2613 3314 τῆς
2629 3243 2737 3297 ἀπὺ
2749 3243 2858 3297 τῶν
2872 3244 3107 3317 Γραφῶν
3123 3246 3508 3316 ἀναγνώσεως,

1898 3324 2043 3395 ἔχειν
2065 3325 2216 3395 ἡμᾶς
2254 3324 2347 3378 καὶ
2386 3324 2487 3396 τὴν
2536 3325 2648 3379 ἀπὸ
2689 3326 2800 3379 τῶν
2830 3326 3170 3382 διδασκάλων
3202 3330 3509 3386 νουθεσίαν.

1969 3406 2049 3459 Δι’
2091 3408 2120 3461 ὃ
2168 3407 2477 3477 παρακαλῶ
2520 3408 2619 3479 τὴν
2682 3409 2957 3480 ὑμετέραν
3012 3412 3257 3483 ἀγάπην,
3329 3415 3514 3469 πᾶσαν

1900 3488 2173 3561 ῥᾳθυμίαν
2237 3489 2668 3556 ἀποτινάξασθαι
2733 3492 2829 3545 καὶ
2880 3493 3226 3565 δωγερθῆναι
3288 3496 3510 3567 μικρὸν,

1898 3574 1993 3626 καὶ
2051 3573 2233 3626 πᾶσαν
2287 3574 2386 3644 τὴν
2453 3573 2692 3647 σπουδὴν
2750 3574 3073 3645 μεταθεῖναι
3140 3579 3235 3632 ἐπὶ
3283 3578 3384 3651 τὴν
3407 3583 3511 3653 τῆς

1896 3654 2077 3725 ψυχῆς
2114 3655 2407 3727 σωτηρίαν.
2443 3655 2600 3710 Οὕτω
2652 3655 2766 3730 γάρ
2816 3657 2883 3713 ἂν
2924 3661 3021 3724 καὶ
3070 3660 3171 3731 τὴν
3214 3662 3369 3733 παρά
3413 3664 3508 3717 τοῦ

1897 3738 2035 3791 Θεοῦ
2061 3736 2276 3791 εῦνοιαν
2304 3737 2443 3809 μετά
2468 3734 2752 3808 δαψιλείας
2787 3742 3192 3813 ἐπισπάσησθε,
3224 3745 3318 3799 καὶ
3344 3747 3509 3817 ἡμεῖς

1900 3820 2310 3893 προθυμότερον
2349 3820 2451 3893 τήν
2494 3821 2634 3894 πρὸς
2676 3821 2823 3892 ὑμᾶς
2863 3824 3216 3881 διδασκαλίαν
3266 3830 3513 3900 ποιησώ·

1902 3904 2066 3974 μεοα,
2088 3904 2323 3976 ὁρῶντες
2346 3906 2427 3969 είς
2457 3902 2619 3975 ἔργον
2653 3906 2813 3977 ἡμῶν
2848 3907 3213 3964 ἐκϐαίνουσαν
3234 3911 3333 3985 τήν
3369 3930 3513 3984 συμ-

1901 3987 2120 4059 ϐουλήν.
2159 3987 2314 4041 Ἐπεὶ
2346 3988 2441 4041 καὶ
2478 3990 2745 4059 γεωργὸς,
2784 3990 3005 4046 ἐπειδάν
3034 3992 3119 4065 ἴδη
3153 3994 3254 4063 τῆς
3275 3995 3380 4066 γῆς
3407 3997 3511 4067 τὴν

1900 4071 2316 4144 ἐπιτηδειότητα
2342 4072 2545 4143 πολλὴν
2572 4072 2925 4145 παρέχουσαν
2958 4075 3107 4147 αύτῷ
3138 4077 3249 4131 τῶν
3276 4080 3513 4151 καρπῶν

1900 4157 2000 4227 τὴν
2032 4155 2227 4227 φορὰν,
2267 4157 2364 4211 καὶ
2406 4156 2570 4220 αὐτὸς
2624 4155 2767 4227 μετά
2820 4157 3068 4222 πλείονος
3112 4162 3215 4231 τῆς
3266 4163 3509 4234 σπουδῆς

1900 4240 2040 4311 πρὸς
2089 4241 2215 4303 τοὺς
2260 4238 2360 4308 τῆς
2405 4239 2683 4310 γεωργίας
2724 4240 2924 4304 πόνους
2971 4244 3360 4299 ἐπαποδύεται·
3414 4248 3515 4301 τὸν

1900 4323 2067 4398 αὐτὸν
2108 4323 2174 4395 δὴ
2208 4323 2411 4395 τρόπον
2446 4324 2542 4377 καὶ
2582 4325 2743 4395 ἡμεῖς
2781 4323 2851 4378 ἂν
2878 4323 3212 4397 θεασοίμεθα
3240 4329 3342 4400 τήν
3366 4330 3514 4386 κατά

1899 4408 2036 4462 Θεὸν
2067 4408 2097 4460 ὑ
2106 4406 2225 4478 μῶν
2252 4406 2561 4477 προκοπὴν,
2587 4407 2682 4460 καὶ
2707 4406 2790 4460 ὅτι
2806 4406 2875 4462 τά
2899 4409 3033 4479 παρ’
3060 4410 3219 4481 ἡμῶν
3239 4410 3515 4484 λεγόμενα

1900 4491 1989 4545 διά
2012 4492 2120 4544 τῶν
2146 4490 2329 4563 ἔργων
2355 4490 2729 4544 ἐνδείκνυσθαι
2758 4490 3116 4562 σπουδάζετε,
3157 4493 3379 4548 πλείονα
3411 4497 3515 4551 καὶ

1900 4576 2056 4630 αὐτοὶ
2103 4574 2196 4627 τὸν
2235 4574 2397 4629 πόνον
2425 4574 2515 4627 τὸν
2543 4572 2925 4628 διδασκαλικὸν
2958 4575 3363 4647 ἐπιδειξόμεθαο
3409 4578 3515 4633 ἅτε

1901 4658 2105 4721 εἰδότες
2138 4658 2221 4711 ὅτι
2240 4657 2301 4709 οὺ
2332 4657 2476 4711 κατά
2502 4655 2721 4727 πετρῶν
2744 4657 3064 4729 σπείρομεν,
3096 4659 3211 4714 ἀλλ’
3234 4663 3314 4725 είς
3340 4662 3515 4719 λιπαο

1906 4742 2005 4815 ράν
2036 4746 2131 4795 καὶ
2158 4740 2444 4812 βαθύγεων
2471 4740 2891 4812 καταϐάλλομεν
2915 4742 2986 4795 τά
3008 4743 3326 4816 σπέρματα.

1954 4826 2019 4896 β’.
2037 4824 2139 4878 Διά
2153 4825 2264 4898 γὰρ
2278 4826 2437 4879 τοῦτο
2458 4824 2581 4879 καθ’
2599 4824 2840 4895 ἑκάστην
2854 4824 3071 4897 ἡμέραν
3091 4827 3191 4898 τὴν
3211 4827 3348 4899 πρὸς
3363 4829 3509 4899 ὑμᾶς

1898 4907 2251 4963 διδασκαλίαν
2291 4906 2617 4979 ποιούμεθα,
2646 4907 2736 4961 ἵνα
2763 4908 2857 4960 καὶ
2888 4908 3048 4979 ὑμεῖς
3073 4909 3431 4981 κερδάναντές
3454 4929 3509 4965 τι

1898 4994 2175 5063 χρήσιμον
2203 4991 2455 5046 ἐντεῦθεν
2480 4990 2781 5061 ἀπέλθητε,
2804 4992 2899 5045 καὶ
2930 4991 2999 5045 τά
3025 4993 3128 5063 τῆς
3148 4994 3355 5067 ἀρετῆς
3377 4996 3509 5067 ύμῖν

1896 5076 2220 5148 αὐξάνηται,
2251 5077 2350 5130 καὶ
2387 5076 2551 5147 ἡμεῖς
2594 5074 2837 5146 ὁρῶντες
2876 5076 3035 5146 ὑμῶν
3076 5076 3177 5149 τὴν
3219 5080 3508 5150 προκοπὴν

1901 5159 2349 5231 εὐφραινώμεθα.
2368 5159 2461 5229 Μὴ
2489 5156 2599 5229 γάρ
2624 5157 2813 5222 ἁπλῶς
2828 5158 2925 5211 καὶ
2954 5159 3079 5229 είκῆ
3112 5158 3294 5229 λέγειν
3319 5161 3510 5231 βουλό-

1904 5243 2068 5313 μεθα,
2088 5242 2232 5297 ὣστε
2255 5242 2348 5297 τὸν
2371 5242 2503 5313 παρ’
2530 5241 2687 5311 ὑμῶν
2718 5240 2947 5297 ἔπαινον
2970 5241 3394 5314 καρπώσασθαι,
3414 5245 3507 5299 καὶ

1900 5327 1989 5381 ῖνα
2015 5328 2385 5399 κροτήσαντες
2418 5327 2576 5396 ὑμεῖς
2604 5324 3037 5399 ἀναχωρὴσητε;
3075 5326 3151 5382 Ού
3198 5327 3288 5382 διά
3322 5328 3513 5394 τοῦτο,

1903 5412 1979 5483 μὴ
2007 5414 2240 5481 γένοιτο,
2280 5411 2418 5466 ἀλλά
2468 5410 2558 5465 διὰ
2598 5411 2699 5484 τὴν
2747 5410 3020 5479 ὠφέλειαν
3062 5410 3162 5483 τὴν
3210 5410 3509 5485 ὑμετέραν.

1915 5497 2069 5567 Ἐμοὶ
2106 5496 2362 5567 μέγιστος
2397 5494 2621 5558 ἔπαινος
2660 5494 2755 5548 καὶ
2785 5495 3039 5564 ἀρκετὸς,
3069 5494 3123 5547 εἰ
3151 5513 3237 5559 τις
3268 5498 3379 5550 ἀπὸ
3408 5494 3508 5567 τῆς

1900 5580 2101 5643 κακίας
2124 5580 2218 5632 ἐπὶ
2242 5577 2341 5649 τὴν
2370 5578 2573 5650 ἀρετὴν
2612 5576 3025 5648 μεταϐάλλοιτο,
3051 5579 3105 5632 εί
3128 5596 3212 5643 τις
3250 5579 3357 5649 πρὸ
3382 5579 3508 5633 τού-

1900 5681 1997 5717 του
2028 5664 2271 5735 ῥᾴθυμος
2304 5662 2401 5727 ῶν,
2439 5662 2728 5727 σπουδαῖος
2755 5664 2821 5716 ἐκ
2868 5662 2968 5733 τῆς
3009 5665 3140 5733 παρ’
3177 5664 3336 5733 ἡμῶν
3378 5665 3511 5717 ὑπο-

1904 5750 2157 5818 μνήσεως
2186 5748 2441 5819 γένηται·
2478 5746 2638 5801 τοῦτο
2666 5746 2761 5800 καὶ
2786 5747 2912 5817 ἐμοὶ
2944 5747 3202 5817 μέγιστον
3234 5748 3392 5817 φέρει
3415 5748 3509 5802 τὸν

1902 5832 2125 5887 ἔπαινον
2153 5832 2245 5887 καὶ
2269 5830 2369 5903 τὴν
2397 5831 2778 5904 παραμυθίαν,
2794 5830 2889 5885 καὶ
2911 5830 3042 5903 ύμῖν
3068 5829 3207 5885 πολὺ
3232 5831 3293 5885 τὸ
3316 5832 3507 5903 κέρδος

1908 5916 2001 5971 καὶ
2037 5914 2127 5972 τὸν
2154 5914 2379 5971 πλοῦτον
2410 5914 2498 5971 τὸν
2532 5913 2924 5985 πνευματικόν.
2960 5913 3122 5971 Ἀλλὰ
3162 5914 3255 5969 καὶ
3295 5916 3381 5975 ὅτι
3407 5915 3513 5988 μὲν
