4086 6440
176 497 400 555 bibitan
429 496 582 555 sitis:
604 497 721 556 seio
734 495 880 555 enim
899 511 998 554 vos
1021 513 1052 553 a
1077 499 1189 556 Deo
1209 499 1398 554 doctos
1422 513 1566 566 esse,
1591 513 1781 568 posse-

173 590 488 660 que-etiam
534 592 670 646 alios
707 589 1024 646 admonere.
1054 589 1284 660 Propter
1317 590 1420 645 hoc
1456 587 1546 645 hic
1583 590 1782 645 sistens

173 697 358 738 meum
407 683 714 747 consilium,
761 697 982 754 pergam
1023 682 1091 737 ad
1128 683 1342 738 solitam
1380 682 1679 738 doctrinam
1712 698 1777 737 cx

169 773 362 828 verbis
391 773 535 828 beati
575 773 758 838 Hosis,
807 773 917 829 imo
943 773 1174 844 Spiritus
1212 775 1383 829 sancti
1419 789 1515 844 per
1540 788 1664 829 eum
1695 773 1780 828 lo-

181 865 437 934 quentis:
485 874 539 917 et
585 864 673 919 ubi
707 880 873 936 pauca
904 865 1152 935 quaedam
1181 863 1533 936 proposuero,
1563 863 1782 919 hodier-

170 972 310 1013 num
340 955 492 1011 vobis
521 955 666 1010 illinc
702 957 1006 1011 convivium
1030 970 1322 1025 apponam.
1345 955 1580 1010 Audistis
1608 967 1782 1026 nuper

171 1047 452 1122 quomodo
477 1047 646 1104 Iacob
690 1049 878 1102 omnia
914 1047 1116 1104 faciens
1157 1048 1454 1102 secundum
1485 1049 1777 1103 consilium

170 1142 463 1207 Rebeccae,
493 1141 664 1212 patris
689 1140 1118 1196 benedictionem
1148 1141 1460 1210 arripuerit,
1487 1139 1782 1195 laudatum-

165 1249 282 1305 que
319 1233 523 1290 furtum
557 1234 910 1295 commiserit,
941 1233 1064 1288 ideo
1089 1241 1145 1288 et
1171 1240 1579 1301 coOperatorem
1608 1233 1778 1286 Deum

168 1326 384 1394 habuit,
408 1335 464 1382 et
483 1335 718 1381 conatus
729 1326 1007 1395 ejusbene
1033 1328 1336 1381 successit:
1360 1325 1459 1380 sed
1485 1325 1608 1396 quia
1634 1324 1778 1404 Esau

168 1415 243 1470 ob
272 1416 326 1471 id
353 1416 456 1486 ipsi
486 1415 640 1472 valde
670 1415 968 1481 invidebat,
1001 1425 1055 1470 et
1085 1431 1144 1470 se
1169 1414 1237 1470 ad
1269 1415 1471 1470 c:rdem
1498 1430 1776 1486 praepara-

170 1507 260 1563 hat
287 1524 302 1561 :
342 1507 416 1562 ita
456 1507 600 1562 enim
641 1523 702 1563 se
729 1508 890 1564 habet
916 1508 1058 1563 mala
1090 1507 1208 1563 hac
1235 1507 1482 1573 ail’ectio;
1513 1523 1622 1564 non
1651 1516 1778 1565 ante

162 1597 407 1665 desistit,
437 1598 614 1653 donec
642 1614 672 1652 a
699 1615 759 1655 se
797 1610 1012 1670 captum
1045 1601 1097 1654 in
1140 1615 1384 1670 praeceps
1425 1599 1666 1670 dejiciat,
1703 1601 1778 1656 ita

165 1700 230 1748 ut
253 1692 320 1748 sd
353 1692 631 1750 homicidii
668 1704 852 1750 currat
877 1695 1073 1751 scelus.
1111 1694 1286 1749 Radix
1324 1693 1468 1748 enim
1501 1693 1776 1749 homicidii

166 1784 371 1841 invidia
416 1784 514 1860 [et
554 1786 760 1842 fructus
807 1787 1022 1843 invidiae
1057 1785 1475 1860 homicidium].
1525 1787 1600 1843 Ita
1637 1796 1693 1843 et
1744 1802 1776 1844 a

166 1877 440 1948 principio
466 1878 564 1932 fuit
589 1878 730 1934 inter
757 1879 890 1935 Cain
926 1889 980 1934 et
1007 1879 1160 1934 Abel.
1197 1880 1294 1935 ille
1327 1879 1471 1934 enim
1508 1879 1645 1934 nihil
1684 1879 1780 1934 ha-

172 1967 312 2023 bens
338 1969 428 2025 vel
463 1983 686 2040 parvum
711 1970 800 2026 vel
828 1985 1105 2041 magnum,
1138 1971 1206 2026 de
1229 1984 1336 2040 quo
1360 1981 1639 2028 accusaret
1664 1971 1778 2027 τηε

165 2064 330 2123 trem,
356 2058 448 2113 ubi
475 2059 603 2114 vidit
633 2058 779 2114 illum
809 2060 1039 2116 Domino
1068 2060 1283 2131 probari
1301 2071 1525 2132 propter
1548 2061 1779 2118 oblatio-

165 2162 295 2204 nem
328 2165 640 2216 munerum,
670 2166 730 2206 se
759 2164 893 2207 vero
917 2150 989 2207 ob
1012 2152 1391 2222 negligentiam
1414 2167 1566 2207 suam
1596 2151 1773 2221 rejici,

163 2240 237 2295 ad
266 2240 522 2296 invidiam
552 2243 732 2296 statim
762 2253 1084 2312 provocatus
1113 2253 1195 2298 est
1216 2258 1236 2299 :
1262 2254 1314 2299 et
1346 2253 1468 2299 nata
1502 2244 1777 2300 homicidii

165 2332 354 2388 radice
382 2333 434 2387 in
465 2344 645 2389 mente
672 2332 823 2403 ejus,
857 2335 1036 2390 statim
1079 2336 1439 2406 perniciosum
1478 2336 1624 2391 illum
1666 2334 1778 2391 fru-

165 2424 316 2478 ctum
344 2425 548 2488 attulit,
576 2433 632 2479 et
656 2423 1004 2480 homicidium
1031 2426 1324 2480 commisit.
1345 2423 1422 2479 Ita
1452 2440 1584 2480 sane
1612 2427 1775 2480 etiam

169 2513 336 2578 Esait,
364 2529 494 2569 cum
513 2515 719 2569 videret
756 2517 1033 2586 accepisse
1078 2515 1297 2570 fratrem
1343 2514 1774 2570 benedictionem

164 2615 196 2658 a
239 2613 415 2675 patre,
445 2605 513 2659 ab
555 2606 632 2660 ira
673 2612 727 2659 et
766 2606 963 2661 invidia
1001 2605 1069 2662 ad
1105 2605 1454 2663 homicidium
1503 2607 1773 2673 inductus,

167 2701 534 2758 meditabatur
552 2713 779 2757 mortem
805 2702 1005 2758 fratris.

241 2792 517 2857 Quomodo
549 2791 773 2847 Rebccca
793 2795 945 2848 saluti
959 2795 1186 2866 junioris
1207 2793 1306 2864 filii
1331 2793 1412 2849 sui
1429 2792 1777 2858 consuluerit;

165 2884 444 2938 consilium
480 2885 542 2938 ab
582 2885 698 2954 ipsa
728 2886 906 2938 datum
947 2885 1015 2938 ad
1051 2887 1320 2940 consilium
1346 2886 1410 2939 ab
1434 2885 1546 2955 ipso
1575 2883 1777 2940 Christo

165 2977 351 3028 datum
378 2978 614 3044 refertur.
642 3005 716 3016 —
747 2975 945 3030 Verum
974 2975 1308 3041 admirabilis
1343 2976 1430 3029 illa
1478 2984 1650 3030 mater
1675 2975 1778 3030 hoc

166 3066 434 3131 sentiens,
480 3067 672 3120 iterum
713 3073 1016 3121 maternum
1056 3081 1298 3120 amorem
1331 3079 1457 3136 erga
1490 3065 1655 3119 illium
1681 3063 1779 3132 de-

165 3156 429 3210 claravit:
459 3165 512 3208 ct
538 3155 826 3210 consilium
852 3156 1030 3210 attulit
1055 3170 1160 3225 quo
1191 3163 1374 3224 posset
1402 3154 1581 3208 fratris
1600 3151 1776 3208 mani-

166 3246 272 3300 bus
320 3245 477 3317 eripi.
519 3245 609 3300 42.
645 3244 837 3300 Vocato
873 3248 1027 3314 enim,
1067 3247 1261 3318 inquit,
1294 3246 1404 3316 ﬁlio
1428 3263 1522 3301 suo
1540 3247 1774 3316 juniore,

167 3337 299 3391 dixit
325 3338 371 3390 ei
404 3353 423 3390 :
453 3337 584 3390 Ecce
625 3337 766 3391 Εεοᾶ
803 3342 960 3408 frater
1000 3347 1120 3392 tuus
1146 3339 1374 3391 minatur
1415 3339 1502 3391 tibi
1538 3347 1775 3393 mortem.

168 3428 260 3482 45.
293 3427 341 3480 Ν
349 3445 447 3481 unc
476 3429 632 3497 igitur
668 3429 788 3482 audi
817 3445 986 3482 vocem
1009 3445 1195 3482 nteant.
1219 3428 1563 3498 Experientia
1589 3437 1646 3485 te
1672 3429 1771 3485 do-

165 3528 291 3574 ceat
329 3535 416 3574 me
461 3519 554 3574 tibi
593 3519 754 3574 'utilia
794 3520 1113 3586 consulere;
1160 3529 1217 3575 et
1256 3520 1400 3574 sicut
1439 3520 1554 3589 jam
1594 3520 1777 3576 audita

167 3629 308 3670 voce
341 3629 483 3681 mea,
529 3629 750 3684 magnas
788 3614 905 3668 illas
932 3629 963 3667 a
992 3623 1142 3682 patre
1186 3612 1591 3669 benedictiones
1629 3626 1777 3668 asse-

168 3717 374 3775 quutns
411 3722 505 3760 es:
537 3705 608 3759 ita
637 3713 690 3758 et
730 3720 870 3760 nunc
914 3704 1036 3760 audi
1080 3719 1268 3759 vocem
1307 3718 1503 3768 meam,
1540 3712 1601 3758 ut
1643 3703 1780 3760 ellu-

167 3813 299 3869 gere
329 3799 504 3869 possis
539 3796 718 3852 frmris
756 3813 964 3851 manus.
995 3796 1087 3853 Sic
1114 3796 1258 3852 enim
1287 3805 1342 3852 et
1373 3797 1712 3866 temetipsum
1744 3810 1775 3851 ει

173 3889 424 3959 periculis
467 3889 692 3944 liberum
737 3887 952 3952 reddes,
994 3895 1050 3942 et
1095 3902 1182 3942 me
1211 3902 1240 3941 a
1273 3886 1435 3941 luctu.
1470 3886 1778 3942 Verisimile

168 3982 316 4037 enim
343 3991 428 4037 est
465 3982 636 4048 illum,
663 3980 707 4034 si
738 3979 841 4036 hoc
876 3994 1040 4036 ausus
1067 3980 1246 4045 fuerit,
1279 3994 1490 4049 ptenam
1521 3979 1775 4034 daturum

169 4088 316 4141 esse,
349 4085 508 4144 atque
537 4074 610 4126 ita
641 4074 876 4143 undique
896 4072 1024 4126 mihi
1045 4073 1226 4142 gravis
1245 4071 1400 4127 dolor
1429 4080 1484 4128 et
1508 4072 1776 4126 cruciatus

169 4166 296 4221 erit.
343 4165 478 4219 Audi
502 4166 657 4237 igitur
681 4182 850 4220 vocem
879 4181 1064 4232 meam,
1097 4177 1142 4219 et
1157 4181 1327 4236 surge,
1355 4167 1624 4236 statimque
1649 4165 1778 4220 vade

167 4256 242 4310 ad
262 4255 440 4310 Laban
466 4257 675 4324 fratrem
703 4273 870 4310 nicum
892 4257 946 4310 in
974 4255 1246 4323 Charram,
1268 4257 1361 4311 dt.
1394 4265 1440 4310 et
1459 4255 1632 4310 habita
1659 4271 1775 4309 cum

170 4365 230 4402 eo
255 4347 324 4402 ad
346 4347 540 4417 aliquot
571 4347 699 4410 dies,
732 4363 992 4418 usquequa
1017 4356 1273 4401 avertatur
1302 4348 1379 4400 ira
1408 4355 1456 4400 et
1490 4347 1778 4418 indignatio

171 4438 352 4510 fratris
379 4437 455 4492 tui
484 4454 604 4509 ergo
639 4447 705 4502 te,
731 4437 821 4492 45.
845 4445 891 4492 et
919 4437 1245 4491 obliviscatur
1269 4452 1384 4507 qua:
1415 4437 1462 4491 ei
1502 4438 1700 4508 fecisti:
1729 4444 1779 4492 et

169 4530 372 4583 mittam
400 4541 447 4583 et
467 4529 708 4582 reducam
739 4538 785 4581 te
819 4528 959 4594 inde,
998 4543 1062 4580 ne
1094 4527 1226 4597 forte
1249 4543 1352 4581 uno
1375 4527 1458 4580 die
1493 4527 1630 4582 vobis
1674 4543 1781 4580 am-

173 4622 333 4676 bobus
353 4622 518 4676 orbir.
550 4621 665 4684 Abi,
696 4620 886 4690 inquit,
911 4619 981 4671 ad
1021 4624 1231 4690 fratrem
1274 4636 1440 4673 meum
1478 4617 1678 4685 Laban,
1715 4628 1764 4675 et

171 4711 349 4768 habita
376 4712 486 4767 illic
511 4729 628 4766 cum
657 4728 736 4766 eo.
773 4711 1075 4767 Verisimile
1100 4712 1245 4766 enim
1274 4721 1357 4767 est
1381 4714 1776 4782 separationem

167 4815 226 4860 et
254 4805 515 4874 temporis
538 4817 855 4874 processum
881 4817 1039 4872 posse
1065 4802 1267 4873 aliquid
1297 4803 1548 4872 amplius,
1579 4819 1777 4874 nempe

172 4893 419 4964 mit'gare
448 4894 605 4960 iram,
648 4894 901 4949 invidiam
930 4893 1123 4949 sedare
1146 4901 1202 4950 et
1229 4893 1554 4950 oblivionem
1583 4893 1777 4950 alii-rte

171 5002 360 5042 eorum
388 5002 508 5055 quae
537 4988 589 5040 in
623 4986 762 5042 furto
791 4987 1179 5044 benedictionis
1198 4996 1348 5057 gesta
1373 4997 1517 5043 sunt.
1552 4987 1618 5042 Et
1643 4987 1776 5042 obli-

170 5081 416 5145 viscatur,
447 5079 638 5149 inquit,
667 5096 781 5148 qua:
806 5083 987 5151 feceris
1009 5082 1076 5134 ei.
1123 5081 1422 5136 Verisimile
1449 5090 1552 5146 est,
1580 5082 1773 5152 inquit,

173 5187 298 5227 cum
329 5171 488 5226 irasci
521 5172 536 5202 ¹
565 5190 578 5224 :
613 5171 734 5227 ideo
774 5188 869 5242 par
894 5183 974 5227 est
1013 5184 1087 5229 ut.
1108 5175 1240 5229 iram
1273 5185 1327 5230 et
1365 5175 1622 5246 impetum
1662 5177 1779 5247 ejus

238 5329 256 5361 ι
293 5333 343 5397 tn
371 5339 550 5398 graeco,
572 5341 742 5398 ελιὸτνς,
758 5344 880 5398 “eis,
898 5342 1094 5398 δῃίζιτει.
1116 5333 1180 5382 Ad
1204 5333 1398 5398 literam
1420 5331 1599 5398 melius
1622 5344 1775 5396 esset,

166 5389 284 5457 jure
307 5389 539 5439 irascitur
562 5398 655 5457 et.
681 5389 895 5457 fortassis
918 5389 1009 5443 hoc
1026 5395 1194 5457 dicere
1215 5395 1368 5443 voluit
1393 5389 1775 5457 (.hrysostomusl

173 5449 226 5516 Et
251 5464 388 5508 vero,
406 5459 460 5500 ut
481 5455 644 5501 statim
661 5454 872 5516 videtur,
897 5468 1041 5504 causa
1057 5455 1226 5504 aderat
1248 5464 1301 5505 ut
1327 5449 1624 5505 irasceretur
1636 5461 1777 5516 Esaii,

173 5515 237 5559 oh
260 5522 536 5578 surreptam
574 5515 665 5563 sibi
692 5514 860 5565 fraude
894 5518 1344 5578 primogeniluram.
1382 5519 1472 5566 Etsi
1499 5520 1629 5566 enim
1650 5514 1780 5570 dicat

177 5577 485 5641 sugtistinus,
511 5583 656 5641 Temo
681 5583 751 5636 tv,
774 5590 880 5641 cap.
900 5577 986 5637 '10,
1037 5577 1142 5639 post
1182 5581 1389 5634 initium,
1437 5580 1485 5627 id
1510 5581 1639 5641 quod
1665 5595 1777 5629 sua-

174 5634 329 5704 dente
353 5645 508 5704 matre
549 5638 664 5704 fecit
686 5634 847 5697 Jacob;
874 5634 1107 5689 non'esse
1133 5642 1456 5696 mendacium,
1479 5634 1569 5689 sed
1594 5651 1777 5704 mystc-

176 5700 320 5754 rium,
343 5706 396 5746 et
414 5700 520 5769 ipse
542 5701 917 5769 Chrysostomus
927 5715 1070 5769 supra
1098 5705 1326 5769 neboeae
1353 5711 1404 5751 et
1422 5704 1582 5769 Jacobi
1603 5700 1778 5752 factum

178 5764 696 5832 exqssaverit;_priino
721 5770 882 5832 vimen
905 5765 1081 5814 intuitu
1108 5765 1338 5816 tallacirun
1363 5766 1706 5828 conspicimus,
1725 5775 1776 5817 ct

177 5822 295 5873 ιωῡ
311 5822 427 5886 jure
451 5823 729 5886 indignatus
751 5825 961 5875 videtur.

979 383 1050 444 1N
1082 384 1238 445 CAP.
1274 384 1491 445 XXVII.
1532 383 1622 445 ΕΤ
1658 382 1898 444 XXVIII.
1936 385 2183 446 GENES.
2223 387 2457 448 ιιωιη..
2501 389 2615 450 ΕΠ

3396 393 3502 448 b7s

1899 500 2160 570 declines,
2190 503 2236 560 si
2278 505 2418 563 forte
2446 522 2545 578 per
2583 516 2794 578 tempus
2827 507 2907 563 rei
2935 514 3100 579 geste
3130 505 3504 564 obliviscatun

1892 601 1949 650 ct
1974 603 2160 664 postea
2187 609 2310 651 cum
2333 597 2583 654 libertate
2607 599 2783 668 possis
2803 597 2890 654 hic
2915 598 3246 654 domicilium
3269 596 3491 653 habere.

1895 685 1966 740 Et
1993 700 2063 741 ne
2094 685 2382 758 ﬁlius-ejus
2408 688 2667 758 gravatim
2700 687 2856 752 ferat,
2878 676 3027 758 quod.
3042 698 3266 758 cogatur
3290 688 3344 742 in
3367 687 3498 742 alic-

1891 790 2017 830 nam
2057 785 2254 832 terram
2281 777 2480 847 jabire:
2513 778 2635 834 vide
2667 777 2939 846 quomodo
2978 778 3184 833 soletur
3204 777 3344 832 illius
3370 776 3494 833 ani-

1890 881 2056 921 mam.
2100 867 2338 922 Primum
2385 867 2603 938 quidem
2641 867 2815 924 dixit:
2845 867 2944 923 Abi
2967 868 3037 922 ad
3060 866 3243 922 Laban
3281 870 3495 936 fratrem

1891 974 2077 1012 meum.
2107 958 2245 1014 Num
2274 959 2344 1015 ad
2372 972 2686 1016 extraneum
2717 969 2772 1015 et
2804 960 3038 1015 alienum
3075 961 3155 1015 ire
3197 968 3252 1015 te
3286 958 3501 1029 jubeo?

1889 1049 1972 1102 Ad
1990 1053 2204 1120 fratrem
2228 1067 2396 1104 meum
2427 1051 2532 1117 abi,
2554 1061 2602 1107 et
2621 1051 2795 1106 habita
2819 1068 2938 1106 cum
2963 1068 3022 1106 eo
3051 1051 3120 1105 ad
3139 1051 3248 1105 dies
3274 1051 3491 1122 aliquot.

1890 1139 2084 1207 Breve,
2113 1142 2304 1212 inquit,
2349 1151 2583 1213 tempus,
2619 1158 2820 1214 paucos
2849 1143 2987 1209 dies,
3031 1157 3314 1214 quousque
3343 1143 3498 1212 ηιιίοο

1858 1242 2008 1308 _scat
2033 1233 2133 1287 ira.
2160 1232 2314 1289 Nunc
2341 1234 2486 1290 enim
2513 1233 2687 1290 fervet
2713 1233 3010 1304 indignatio
3033 1232 3172 1301 ejus,
3198 1247 3374 1303 neque
3400 1247 3500 1302 pa—

1891 1325 1988 1380 tris
2017 1325 2234 1382 habebit
2259 1327 2617 1382 reverentiam
2656 1325 2735 1380 ira
2773 1325 2944 1382 semel
2972 1324 3288 1392 inundante,
3320 1339 3498 1395 neque

1889 1423 2146 1486 quantum
2189 1416 2440 1473 fraterna:
2475 1416 2860 1472 necessitudini
2909 1415 3104 1471 debeat
3155 1417 3208 1469 in
3258 1423 3497 1470 mentem

1887 1507 2148 1577 accipiet:
2190 1506 2285 1563 sed
2323 1523 2489 1562 unum
2541 1507 2644 1562 hoe
2683 1517 2831 1578 aget,
2858 1514 2918 1561 ut
2949 1504 3188 1562 furorem
3218 1520 3376 1560 suum
3401 1519 3498 1561 ex-

1888 1599 2056 1669 pleat.
2083 1597 2152 1652 Et
2178 1599 2404 1664 mittens,
2433 1598 2613 1653 statim
2656 1598 2776 1652 inde
2809 1597 3054 1651 reducam
3078 1605 3147 1649 te.
3174 1596 3270 1661 Te,
3301 1595 3495 1665 inquit,

1888 1689 2178 1746 revocabo.
2207 1689 2308 1745 Abi
2334 1689 2500 1759 igitur
2524 1689 2662 1744 bona
2691 1703 2814 1744 cum
2844 1687 3078 1747 ﬁducia;
3107 1695 3159 1742 te
3184 1686 3326 1742 enim
3354 1701 3497 1741 nunc

1889 1780 1978 1835 tiis
1999 1794 2067 1836 eo
2097 1781 2278 1836 missis
2314 1780 2608 1836 reducam:
2637 1793 2762 1834 nam
2799 1777 2867 1833 de
2905 1785 3019 1834 toto
3047 1776 3180 1832 mihi
3216 1785 3496 1831 certamen

1887 1881 1990 1937 est,
2021 1870 2091 1928 de
2115 1880 2346 1942 utroque
2373 1872 2530 1927 anxia
2556 1885 2701 1937 sum,
2733 1884 2802 1926 ne
2832 1869 2974 1925 forte
3017 1878 3246 1939 utroque
3291 1868 3493 1938 priver.

1887 1964 2022 2020 Vide
2048 1966 2365 2036 sapientiam
2397 1964 2605 2030 matris,
2641 1978 2763 2035 qua:
2797 1977 2828 2016 a
2861 1962 3035 2030 seipsa
3064 1971 3232 2027 mota,
3262 1961 3369 2014 imo
3398 1960 3496 2015 Dei

1886 2055 2221 2126 praedictioni
2247 2055 2412 2111 etiam
2443 2069 2587 2110 nunc
2624 2053 2890 2120 serviens,
2933 2052 3025 2106 illa
3062 2051 3298 2109 consulit
3324 2065 3496 2122 puero

1885 2165 2006 2220 quae
2032 2147 2282 2204 Christus
2317 2147 2600 2219 discipulis
2642 2148 2757 2203 suis
2795 2144 3138 2211 consulebat,
3180 2159 3248 2198 ne
3292 2151 3498 2200 temere

1887 2240 2140 2310 periculis
2170 2253 2232 2295 se
2259 2239 2644 2305 immiscerent,
2678 2236 2774 2294 sed
2802 2250 3021 2292 secessu
3059 2235 3323 2290 insaniam
3354 2233 3497 2289 male

1887 2331 2207 2387 aﬂ'ectorum
2247 2329 2638 2387 demulcerent.
2673 2330 2788 2385 Hoc
2836 2329 2998 2399 igitur
3037 2327 3200 2384 etiam
3247 2326 3336 2381 illa
3382 2325 3496 2380 lilio

1883 2425 2134 2492 consulit,
2163 2427 2395 2495 primum
2421 2425 2540 2495 ejus
2564 2424 2745 2489 animo
2776 2421 3025 2478 fiduciam
3059 2419 3252 2476 indens
3291 2428 3349 2474 ut
3378 2417 3496 2474 dis-

1883 2532 2094 2574 cessum
2133 2533 2239 2572 non
2278 2531 2425 2588 aegre
2465 2515 2664 2579 ferret,
2709 2522 2839 2570 tunc
2874 2513 3131 2582 deinceps
3177 2518 3240 2567 et-
3275 2522 3494 2566 causam

1884 2607 2166 2663 honestam
2199 2606 2514 2679 profectioni
2546 2606 2663 2676 ejus
2701 2605 2991 2676 excogitat,
3029 2604 3105 2659 ita
3134 2610 3193 2657 ut
3219 2616 3289 2657 ne
3313 2600 3494 2657 mani-

1883 2699 2020 2757 feste
2047 2700 2290 2756 videatur
2311 2707 2531 2770 propter
2551 2697 2732 2754 fratris
2753 2697 3007 2752 invidiam
3037 2694 3316 2762 recedere,
3353 2709 3496 2749 neve

1883 2802 2037 2864 pater
2050 2794 2187 2850 sciat
2204 2808 2385 2849 veram
2398 2791 2847 2863 peregrinationis
2865 2803 3106 2856 causam,
3122 2787 3270 2842 Esau
3289 2786 3499 2842 scilicet

1885 2886 2302 2957 indignationem
2329 2894 2515 2941 contra
2536 2885 2704 2938 illum.
2722 2882 2819 2939 ιδ.
2847 2880 2914 2936 Et
2934 2882 3184 2953 ingressa,
3211 2879 3405 2950 inquit,
3426 2877 3497 2931 ad

1883 2976 2037 3032 Isaac
2060 2977 2289 3031 Rebecca
2314 2976 2445 3032 dixit
2462 2992 2483 3032 :
2507 2974 2689 3030 Gravis
2717 2974 2841 3029 mihi
2868 2974 2973 3028 vita
3005 2982 3078 3028 est
3112 2979 3322 3043 prapter
3359 2969 3499 3039 ﬁlias

1885 3071 2111 3139 ﬁliorum
2155 3070 2300 3126 Chet.
2343 3071 2405 3126 Si
2448 3069 2699 3140 acceperit
2733 3067 2899 3122 Iacob
2938 3081 3152 3121 uxorem
3188 3066 3253 3118 de
3285 3063 3493 3134 ﬁliabus
3567 3082 3572 3088 ε

1886 3171 2035 3215 terra
2058 3161 2225 3228 istius,
2250 3160 2320 3214 ad
2342 3159 2466 3230 quid
2494 3159 2621 3213 mihi
2643 3160 2744 3212 vita
2761 3157 2788 3212 2

1960 3252 2015 3306 5.
2035 3251 2329 3307 Considera
2353 3249 2624 3320 quomodo
2649 3249 2935 3304 honestum
2966 3247 3170 3305 invenit
3188 3245 3494 3303 obtentum.

1885 3343 2112 3410 Quando
2147 3343 2290 3398 enim
2317 3343 2472 3399 nobis
2492 3357 2722 3414 superna
2747 3341 2918 3412 gratia
2944 3339 3285 3412 cooperatrix
3304 3347 3408 3404 est,
3437 3347 3495 3394 et

1883 3435 2120 3492 difﬁcilia
2137 3435 2312 3491 facilia
2332 3435 2489 3504 nunt,
2509 3446 2565 3492 et
2582 3435 2765 3507 gravia
2781 3435 2944 3491 levia.
2967 3435 3103 3503 Quia
3126 3435 3290 3506 igitur
3303 3443 3360 3490 et
3376 3433 3494 3489 haec

1885 3526 2076 3582 habuit
2107 3527 2276 3584 Deum
2307 3527 2592 3583 sententia:
2617 3542 2731 3582 suae
2758 3534 3112 3592 annuentem,
3136 3525 3342 3591 omnis,
3374 3538 3496 3597 ano

1885 3618 1952 3674 d
1993 3617 2230 3675 futuram
2269 3618 2728 3688 dispensationem
2766 3627 2823 3674 et
2872 3616 2941 3672 ad
2977 3618 3207 3681 salutem
3244 3615 3339 3671 lilii
3361 3628 3497 3672 con-

1884 3709 2085 3765 ducere
2127 3718 2398 3779 poterant,
2438 3710 2705 3780 suggessit
2740 3708 2860 3778 ejus
2902 3707 3092 3764 menti.
3128 3705 3312 3762 Gravis
3337 3705 3486 3772 mihi,

1886 3800 2082 3873 inquit,
2111 3813 2182 3856 est
2210 3802 2312 3856 vita
2335 3817 2448 3856 mea
2476 3810 2685 3872 promer
2709 3800 2846 3869 ﬁlias
2871 3799 3095 3870 filiorum
3128 3797 3278 3856 Chet.
3303 3797 3366 3856 Si
3403 3814 3498 3854 sc-

1885 3895 2074 3965 ceperit
2107 3893 2271 3949 Jacob
2300 3910 2513 3949 uxorem
2551 3893 2616 3948 de
2645 3893 2851 3963 ﬁliabus
2893 3901 3044 3946 teme
3071 3893 3248 3963 hujus,
3279 3891 3349 3945 ad
3375 3889 3500 3962 quia

1885 3986 2015 4041 mihi
2040 3985 2192 4040 vita?
2223 3984 2321 4041 Hic
2346 3985 2477 4040 mihi
2506 3982 2814 4055 signiﬁcare
2839 3982 3049 4037 videtur
3075 3982 3344 4051 pessimos
3367 3997 3501 4036 uso-

1886 4093 2006 4134 rum
2033 4077 2180 4132 Esaii
2207 4090 2408 4140 mores,
2431 4090 2552 4145 quae
2579 4073 2661 4130 eis
2689 4072 2888 4128 fuerint
2913 4071 3095 4126 multa:
3122 4069 3498 4127 amaritudinis

1885 4183 2068 4225 causa.
2103 4168 2315 4223 Etenim
2359 4167 2429 4222 de
2478 4166 2624 4221 Esau
2669 4164 2917 4231 superius
2946 4164 3186 4218 narravit
3220 4161 3382 4217 nobis
3413 4160 3498 4217 di-

1887 4263 2010 4319 vina
2051 4261 2353 4332 Scriptura,
2393 4258 2536 4330 quod
2575 4257 2846 4326 acceperit
2873 4271 2902 4310 a
2932 4254 3190 4312 Cincttaeis
3221 4265 3277 4310 et
3318 4252 3498 4310 Evasis

1885 4367 2102 4415 uxores,
2125 4367 2247 4424 qua:
2262 4349 2652 4421 exasperabant
2669 4348 2816 4404 lsaac
2834 4355 2888 4402 et
2907 4345 3204 4402 Rebeccam
3230 4343 3386 4417 (Gen.
3401 4343 3499 4399 26.

1889 4445 1981 4500 3b.
2012 4442 2145 4514 ‘55).
2195 4442 2320 4497 Haec
2347 4441 2510 4511 igitur
2551 4440 2604 4494 in
2633 4436 2948 4494 memoriam
2977 4435 3028 4492 ei
3068 4448 3357 4505 suggerere
3398 4447 3498 4490 vo-

1887 4536 2027 4603 lens,
2068 4535 2143 4589 ita
2187 4534 2301 4590 fere
2339 4532 2609 4602 loquitur:
2651 4530 2773 4587 Scis
2808 4529 3078 4600 quomodo
3115 4528 3278 4583 vitam
3317 4541 3494 4584 meam

1887 4626 2287 4683 exacerbarunt
2311 4638 2507 4679 uxores
2537 4624 2700 4687 Esaii,
2732 4633 2789 4677 et
2813 4624 3084 4692 quomodo
3124 4632 3343 4692 propter
3377 4620 3496 4675 illa-

1888 4734 2006 4773 rum
2047 4717 2304 4772 malitiam
2335 4718 2387 4770 in
2413 4729 2607 4770 omnes
2632 4715 2769 4769 ﬁlias
2797 4714 3026 4770 ﬁliorum
3056 4713 3190 4770 Cbet
3219 4714 3359 4769 male
3379 4713 3498 4768 affi-

1887 4810 2022 4875 cior,
2041 4817 2096 4865 et
2119 4807 2475 4879 propterillas
2500 4823 2714 4862 omnem
2741 4817 2959 4878 gentem
2987 4822 3210 4862 exosum
3236 4805 3488 4870 habeam;

1887 4903 1932 4957 si
1959 4901 2118 4971 igitur
2146 4899 2426 4969 conlingat
2451 4909 2507 4953 et
2530 4897 2697 4954 Iacob
2739 4913 2807 4952 es
2851 4898 2958 4952 illis
3002 4913 3226 4954 uxorem
3268 4896 3492 4964 ducere,

1887 5008 2008 5063 qure
2028 4991 2163 5047 mihi
2193 4998 2380 5061 postea
2408 4990 2598 5045 salutis
2620 4989 2785 5057 spes?
2810 4988 2892 5042 Ad
2913 4988 3039 5056 quid
3065 4988 3189 5042 mila
3217 4997 3330 5041 tum
3362 4987 3495 5042 vita?

1887 5087 2021 5142 Nam
2061 5085 2109 5143 si
2152 5086 2272 5141 illas
2298 5085 2439 5140 ferre
2481 5098 2586 5138 non
2618 5097 2926 5154 possumus,
2955 5082 3001 5136 si
3041 5081 3205 5138 etiam
3228 5079 3399 5135 Jacob
3427 5095 3494 5135 es

1887 5179 2100 5235 ﬁliabus
2143 5189 2300 5234 terra:
2329 5177 2486 5246 hujus
2526 5190 2750 5232 uxorem
2779 5174 3068 5243 acceperit,
3101 5180 3280 5230 actum
3311 5177 3396 5226 est
3422 5169 3493 5226 de

1886 5271 1994 5324 vita
2015 5280 2215 5326 nostra.
2236 5268 2442 5336 Quibus
2460 5267 2659 5321 auditis
2678 5267 2844 5331 Isaac,
2862 5273 3021 5334 atque
3039 5262 3256 5317 malitia:
3279 5261 3494 5315 illarum

1887 5361 2219 5426 recordatus,
2247 5363 2297 5416 i.
2323 5359 2474 5415 Isaac
2506 5359 2758 5412 aduocans
2772 5355 2957 5420 Iacob,
2987 5355 3239 5410 benedixit
3261 5369 3395 5419 eum,
3416 5353 3496 5406 in-

1885 5454 2024 5522 quit,
2036 5463 2082 5507 et
2104 5455 2341 5524 prtvcepit
2361 5453 2428 5519 ei,
2448 5453 2619 5505 dicens
2634 5467 2652 5504 :
2667 5449 2786 5503 Non
2803 5465 2979 5505 sumes
2994 5463 3201 5502 umorem
3215 5447 3279 5498 de
3289 5443 3496 5512 ﬁliabus

1889 5545 2331 5608 Chanauaeorum;
2359 5542 2415 5596 2.
2438 5542 2528 5598 sed
2547 5557 2716 5612 surge,
2739 5550 2786 5594 et
2814 5541 2942 5593 vade
2967 5539 3020 5592 in
3044 5533 3493 5606 MesOpotamiam,

1887 5638 1938 5690 in
1970 5637 2177 5690 domum
2212 5636 2372 5704 patris
2393 5635 2570 5688 matris
2608 5644 2729 5697 tum,
2763 5642 2811 5686 et
2835 5632 3008 5700 accipe
3027 5629 3113 5682 tibi
3143 5628 3261 5680 inde
3288 5639 3498 5679 uxorem

1887 5727 1950 5780 de
1981 5727 2184 5793 ﬁliabus
2222 5725 2395 5795 fratris
2442 5726 2619 5778 matris
2663 5733 2762 5778 tua:
2801 5722 2959 5794 (Cap.
3003 5719 3132 5790 28).
3179 5716 3364 5788 Neque
3409 5713 3497 5770 his

1887 5828 2173 5873 contentus
2214 5816 2414 5886 verbis,
2454 5815 2624 5872 voluit
2663 5823 2719 5870 et
2761 5814 3084 5870 alacriorem
3113 5825 3240 5866 etnu
3268 5805 3498 5865 reddere
