4086 6444
670 391 735 446 75
1341 385 1394 439 S.
1435 382 1712 437 JUANNIS
1749 370 2221 436 ClﬂlVSOSTOSII
2261 372 2575 432 ARCHIEP.
2604 379 3139 436 CONSTANTINOP.

635 505 685 556 in
730 500 1176 569 peregrinatione,
1225 507 1278 551 et
1330 511 1453 550 cum
1508 495 1697 549 iterum
1751 489 2208 547 benedictionibus

633 592 909 647 conﬁrmat
936 606 996 643 ac
1027 589 1153 642 dicit
1182 607 1192 640 :
1222 589 1275 641 5.
1299 585 1438 640 Dens
1479 597 1642 649 autem
1681 601 1817 638 meus
1856 583 2108 636 benedicet
2140 589 2206 644 te,

634 695 677 735 et
703 682 899 750 augebit
917 693 984 745 te,
1004 691 1050 735 et
1076 679 1428 747 multiplicabit
1453 690 1518 744 te,
1542 689 1587 732 et
1608 680 1704 732 eris
1726 679 1777 730 in
1806 674 2209 745 congregationes

632 777 874 841 gentium,
916 773 966 824 4.
1011 781 1057 824 et
1094 771 1233 824 dabit
1275 772 1361 823 tibi
1401 770 1787 839 benedictionem
1813 768 2028 821 Abrahte
2053 765 2212 834 patris

632 863 750 928 mei,
784 864 872 915 tibi
905 871 952 916 et
981 864 1160 916 semini
1202 873 1288 916 tuo
1328 873 1437 932 post
1466 873 1543 916 te:
1566 871 1618 914 ut
1643 863 1694 914 in
1730 860 2050 912 hereditatem
2079 858 2213 909 acci-

634 951 746 1019 pias
793 961 980 1006 terram
1031 952 1442 1021 peregrinationis
1493 961 1625 1015 tum,
1685 965 1836 1017 quam
1883 947 2019 1000 dedit
2073 945 2213 999 Deus

633 1041 874 1094 Abrahc.
901 1039 1034 1094 Vide
1057 1040 1323 1108 quomodo
1348 1040 1522 1107 justus
1565 1039 1802 1107 prmdicit
1837 1039 1885 1092 ei
1921 1038 2121 1102 omnia,
2149 1050 2214 1089 ac

636 1131 770 1183 bona
810 1129 858 1183 ei
885 1130 1068 1183 viatica
1097 1129 1185 1182 dat
1215 1138 1267 1182 et
1318 1130 1502 1183 solatia
1528 1147 1541 1182 :
1581 1129 1818 1196 praedicit
1847 1130 1990 1183 enim
2018 1130 2066 1183 ei
2096 1128 2216 1183 red-

639 1219 774 1271 itum
813 1217 1266 1284 hereditatemque
1305 1227 1482 1284 terrm,
1509 1218 1742 1272 futurum
1783 1233 1902 1273 esse
1945 1218 2130 1272 dicens
2158 1229 2216 1272 ut

633 1323 736 1358 non
759 1307 930 1361 solum
959 1309 1010 1361 in
1033 1309 1422 1363 multitudinem
1446 1319 1667 1372 crescat,
1689 1309 1782 1365 sed
1810 1311 1964 1364 etiam
1993 1324 2215 1378 congre-

638 1397 880 1465 gationes
916 1400 1153 1469 gentium
1200 1416 1264 1453 ex
1308 1401 1512 1453 semine
1553 1400 1667 1468 cjus
1696 1399 2052 1469 egrediantur.
2085 1401 2213 1464 Qua:

638 1496 694 1540 ut
733 1487 933 1542 audivit
976 1489 1137 1552 ﬁlius,
1188 1491 1426 1557 implevit
1464 1491 1609 1558 jussa
1644 1491 1836 1558 patris,
1866 1498 1920 1543 et
1950 1491 2214 1558 protectus

633 1587 715 1630 est
749 1579 800 1631 in
849 1579 1278 1647 llestipotaminm
1319 1579 1382 1632 ad
1429 1579 1604 1632 Laban
1650 1581 1832 1632 matris
1877 1579 2116 1632 fratrem.
2148 1577 2216 1631 Et

638 1667 848 1733 iterum,
873 1677 928 1720 ut
954 1669 1051 1721 hoc
1079 1669 1261 1722 didicit
1291 1669 1451 1730 Esau,
1495 1684 1688 1738 nempe
1712 1668 1968 1722 Jacobum
1997 1668 2214 1722 benedi-

633 1765 775 1809 ctum
803 1757 965 1811 fuisse
989 1773 1019 1811 a
1053 1767 1220 1826 patre,
1245 1767 1298 1812 et
1326 1757 1630 1813 mandatum
1659 1759 1928 1826 accepisse
1955 1774 2022 1811 ne
2050 1757 2215 1812 duce-

638 1854 719 1899 ret
742 1861 960 1900 uxorcm
985 1863 1049 1901 ex
1079 1849 1284 1903 liliabus
1302 1848 1743 1915 Chattanceorum,
1761 1851 1853 1904 sed
1877 1850 2217 1905 contendasse

638 1935 690 1987 in
735 1935 1211 2004 Mesopotamiam:
1256 1940 1405 2008 quasi
1451 1941 1717 2010 corrigere
1761 1941 1945 1994 volens
1981 1954 2217 1995 erratum

640 2038 793 2078 suum
815 2036 866 2079 ct
897 2027 1105 2094 placare
1132 2041 1356 2097 patrem,
1385 2029 1438 2084 9.
1473 2031 1697 2094 Addidit,
1732 2031 1921 2099 inquit,
1952 2041 1998 2083 et
2028 2033 2217 2099 accepit

635 2130 841 2167 uxorem
875 2119 942 2168 ad
974 2118 1103 2170 duas
1125 2135 1302 2174 uirores
1320 2136 1457 2180 suas,
1477 2121 1634 2186 ﬁliam
1656 2119 1846 2174 Ismael
1862 2122 1956 2186 lilii
1978 2123 2212 2174 Abrahae.

637 2204 842 2270 Vidisti,
873 2207 1084 2274 dilecte,
1124 2222 1318 2278 quanta
1350 2213 1629 2280 prudentia
1662 2213 1824 2266 lilium
1867 2227 2020 2266 Situm
2053 2213 2216 2268 laetib

635 2310 667 2349 ο
695 2298 944 2361 periculis
990 2300 1351 2353 amantissima
1395 2311 1564 2355 mater
1603 2303 1890 2371 eripuerit:
1919 2305 2216 2370 speciosam

637 2388 934 2442 ontendens
985 2393 1424 2459 peregrinationis
1477 2407 1710 2456 causam,
1755 2403 1808 2446 ct
1852 2408 2024 2461 neque
2075 2393 2216 2447 Esau

639 2478 895 2532 malitiam
951 2482 1201 2549 prodens.
1240 2499 1412 2550 neque
1457 2486 1587 2551 patri
1637 2500 1850 2538 causam
1880 2486 2218 2540 manifestam

639 2566 908 2632 reddens;
951 2570 1045 2623 sed
1076 2583 1128 2625 et
1159 2572 1264 2624 tilio
1299 2574 1623 2626 conveniens
1651 2574 1784 2626 dans
1813 2576 2096 2628 consilium
2116 2617 2128 2637 ,
2163 2583 2221 2628 ut

638 2671 705 2710 ex
734 2667 876 2712 metu
905 2660 970 2713 ad
997 2676 1147 2714 suam
1179 2663 1599 2730 amplectendam
1640 2666 1955 2718 sententiam
1984 2666 2218 2720 adduce-

642 2758 812 2806 retur.
837 2749 962 2802 dum
992 2751 1154 2804 etiam
1187 2753 1317 2820 patri
1347 2763 1726 2821 congruentem
1756 2771 1966 2808 causam
1998 2770 2218 2824 sugges-

639 2837 740 2889 sit?
767 2839 911 2893 Unde
933 2841 1174 2908 etjnstus
1203 2845 1318 2907 ejus
1340 2843 1493 2896 dictis
1513 2859 1788 2897 assensum
1817 2845 2078 2912 prtebcns,
2109 2846 2218 2900 via-

638 2928 745 2983 tico
773 2929 1153 2985 benedictionis
1183 2933 1493 2988 instructum
1521 2930 1685 2988 Jaeob
1710 2936 1929 2988 dimisit.

709 3020 1055 3091 Peregrinatio
1081 3023 1261 3079 Jacobi
1290 3037 1545 3080 narratur.
1563 3057 1633 3065 —
1657 3027 1919 3082 Cmterum
1945 3027 1988 3081 si
2020 3029 2212 3097 placet,

635 3121 690 3167 et
717 3130 818 3167 non
845 3115 1229 3186 defatigamini,
1253 3119 1524 3172 videamus
1543 3119 1812 3186 quomodo
1834 3122 2216 3188 peregrinatio-

637 3220 761 3259 nem
800 3205 1196 3263 oltieritlacob.
1245 3207 1360 3261 Non
1408 3223 1631 3277 parvum
1674 3209 1818 3263 enim
1860 3219 1912 3262 et
1955 3209 2075 3262 hinc
2104 3209 2216 3263 fru-

634 3305 780 3349 ctum
812 3298 1056 3364 accipere
1086 3312 1366 3366 possumus
1386 3338 1401 3362 ,
1432 3299 1476 3352 si
1510 3299 1908 3353 attenderimus.
1942 3300 2214 3356 Justorum

637 3384 778 3437 enim
809 3391 1143 3442 conversatio
1182 3398 1235 3441 ct
1268 3389 1372 3441 vita
1400 3389 1560 3442 totius
1590 3389 1935 3458 philosophia:
1977 3393 2216 3446 continet

634 3474 957 3529 doctrinam.
982 3476 1114 3532 Vide
1146 3479 1301 3548 igitur
1329 3478 1469 3534 hunc
1491 3481 1761 3549 juvenem,
1795 3483 1881 3550 qui
1910 3483 2054 3537 domi
2081 3485 2212 3538 edu-

630 3573 807 3628 catus,
840 3566 929 3634 qui
956 3575 1108 3622 antea
1143 3584 1430 3637 numquam
1459 3573 1894 3639 peregrinationis
1920 3574 2214 3642 eujuspiam

633 3659 930 3724 periculum
968 3659 1198 3725 fecerat,
1246 3678 1534 3730 numquam
1589 3663 1639 3715 in
1687 3674 1945 3718 extranea
1997 3667 2213 3734 regione

635 3758 881 3801 versatus
925 3748 1116 3813 fuerat,
1159 3767 1328 3819 neque
1371 3767 1532 3820 grave
1573 3753 1769 3822 aliquid
1799 3766 2048 3823 expertus
2072 3766 2207 3822 erat,

631 3839 904 3906 quomodo
934 3841 1034 3894 iter
1058 3841 1296 3906 arripiat,
1330 3851 1384 3896 ct
1411 3843 1556 3896 disce
1587 3843 1929 3913 pltil050phia:
1951 3847 2088 3901 illius
2115 3863 2209 3902 ex-

629 3928 955 3982 cellentiam.
1000 3931 1084 3982 l0.
1125 3928 1189 3980 Et
1226 3947 1449 3999 egressus
1476 3931 1636 3986 Jacob
1670 3950 1700 3985 a
1747 3937 1884 4003 fonte
1912 3935 2209 4002 juramenti,

637 4018 891 4090 profectus
929 4027 1001 4071 est
1029 4019 1080 4071 in
1111 4018 1356 4085 Ctuman,
1401 4022 1488 4075 ll.
1533 4032 1578 4074 et
1609 4025 1824 4075 occurrit
1851 4025 1960 4077 loco
1981 4066 1994 4090 ,
2028 4035 2071 4078 et
2093 4027 2213 4077 dor-

636 4109 774 4161 misit
807 4109 944 4162 illic:
984 4111 1236 4163 occidebat
1271 4114 1403 4164 enim
1437 4113 1553 4166 sol:
1581 4124 1627 4165 et
1652 4117 1840 4182 accepit
1868 4115 1932 4168 de
1957 4117 2213 4182 tapidibus

638 4201 752 4266 loci,
773 4213 819 4254 et
850 4203 1015 4272 posuit
1062 4204 1129 4256 ad
1163 4214 1312 4272 caput
1349 4222 1513 4269 suum,
1544 4216 1588 4259 et
1614 4207 1847 4261 dormivit
1875 4209 1934 4261 in
1961 4210 2089 4263 loco.
2118 4209 2209 4263 Vi-

634 4293 757 4348 disti
795 4294 1115 4348 ineffabilem
1154 4295 1580 4364 philosophiam?
1613 4299 1788 4353 vidisti
1825 4301 2091 4368 quomodo
2124 4316 2211 4354 ve-

635 4394 774 4438 teres
800 4387 904 4440 iter.
925 4385 1189 4440 faciebant
1209 4387 1236 4439 ἲ
1261 4388 1350 4441 Vir
1376 4388 1518 4441 domi
1551 4388 1805 4443 educatus
1835 4389 2042 4461 (rursus
2067 4392 2211 4445 enim

629 4492 693 4531 ea
715 4477 933 4548 dicam),
956 4486 1207 4547 tantoque
1233 4489 1474 4534 assuetus
1502 4480 1762 4535 famulitio
1791 4482 2048 4552 (Simplex
2067 4483 2211 4537 enim

628 4577 763 4632 erat,
793 4569 980 4636 inquit,
1011 4579 1058 4622 et
1088 4572 1222 4622 domi
1250 4571 1478 4625 habitans
1499 4570 1754 4644 [διπλᾶ
1775 4573 1869 4644 27]
1897 4576 1938 4642 ),
1970 4574 2211 4644 peregri-

635 4665 875 4723 naturus,
909 4673 1079 4726 neque
1100 4659 1356 4728 jumentis
1384 4661 1592 4729 egebat,
1617 4677 1787 4730 neque
1814 4663 2090 4729 ministris,
2120 4679 2214 4716 ne-

628 4760 736 4814 que
775 4746 977 4801 viaticis
1003 4765 1017 4813 ;
1046 4749 1136 4803 sed
1174 4751 1523 4818 apostolicum
1565 4767 1769 4805 morem
1812 4753 2064 4818 imitatus,
2111 4755 2211 4809 iter

631 4837 786 4889 facit:
812 4847 869 4891 et
895 4852 1017 4892 cum
1042 4842 1383 4896 occumberet
1415 4843 1516 4907 Sol,
1561 4844 1627 4896 ibi
1659 4844 1928 4910 dormivit,
1962 4847 2046 4900 ubi
2088 4861 2210 4902 eum

630 4945 733 4980 uox
763 4931 1185 4999 mpreheudit.
1220 4935 1442 5003 Accepit,
1475 4936 1660 5005 inquit,
1690 4936 1932 5004 lapidem,
1968 4948 2013 4990 et
2045 4941 2209 5003 posuit

629 5019 699 5070 ad
738 5030 887 5088 caput
926 5038 1091 5076 suum.
1127 5023 1255 5077 Vide
1292 5026 1438 5092 pueri
1473 5027 1670 5079 robur:
1706 5026 1879 5095 lapide
1917 5043 2010 5093 pro
2036 5029 2208 5096 pulvi-

632 5110 747 5163 nari
780 5127 906 5167 usus
929 5123 1025 5178 est,
1051 5124 1106 5168 et
1133 5130 1292 5183 super
1321 5117 1677 5182 pavimentum
1716 5118 1986 5172 dormivit.
2025 5118 2204 5187 Igitur,

630 5203 881 5282 quoniam
907 5204 1040 5259 bene
1070 5217 1328 5260 moratam
1359 5209 1589 5260 animam
1633 5208 1879 5274 habebat,
1912 5219 1964 5265 et
1997 5210 2208 5265 virilem

631 5290 896 5360 spiritum,
928 5294 994 5348 ab
1025 5298 1167 5350 omni
1197 5300 1435 5352 sa'culari
1472 5300 1701 5352 vanitate
1743 5300 1985 5367 liberum,
2028 5304 2206 5356 admi-

633 5385 857 5438 rabilem
881 5387 1138 5441 visionem
1174 5389 1316 5443 illam
1362 5391 1573 5443 meruit.
1623 5390 1733 5445 lloc
1763 5392 1902 5445 enim
1930 5409 2077 5447 more
2101 5397 2210 5464 agit

632 5481 883 5535 Dominus
905 5491 1114 5546 noster;
1145 5485 1354 5552 quando
1377 5485 1517 5540 videt
1539 5485 1765 5540 animat
1789 5488 1923 5542 bene
1939 5489 2205 5557 affectam,

630 5573 909 5637 prmscntia
937 5587 1042 5626 non
1083 5575 1257 5643 magni
1287 5573 1588 5643 facientem,
1619 5577 1899 5645 plurimam
1927 5579 2024 5634 sibi
2062 5581 2206 5635 illius

632 5676 810 5714 curam
833 5678 953 5717 esse
976 5663 1228 5719 declarat.

703 5752 755 5807 4.
801 5753 928 5810 Vide
971 5754 1124 5826 igitur
1156 5759 1353 5827 justum
1391 5759 1537 5815 illum
1569 5758 1620 5814 in
1659 5761 1773 5816 solo
1804 5761 2119 5830 cubantem,
2150 5774 2204 5819 et

3808 379 3904 434 Πῦ

2315 489 2570 545 visionem
2600 492 2866 547 videntem
2891 535 2907 559 ,
2941 492 3047 546 imo
3078 493 3279 546 visione
3309 492 3514 546 Domini
3555 491 3783 561 dignum
3814 493 3902 544 lia-

2313 577 2498 632 bitttm.
2530 581 2663 636 Dicit
2686 584 2826 636 enim
2853 600 2866 635 :
2899 582 3208 636 Obdormivit
3232 623 3247 648 ,
3276 585 3365 639 12.
3390 589 3436 634 et
3473 598 3588 636 ecce
3633 585 3778 635 scala
3804 598 3906 638 erat

2315 669 2515 736 ﬁrmata
2540 688 2690 737 super
2716 682 2918 738 (curant,
2941 675 3086 739 cuius
3115 683 3268 742 caput
3294 674 3603 740 pertingebat
3627 673 3679 724 in
3703 675 3906 736 celum,

2315 770 2360 813 et
2388 763 2556 832 anguli
2596 762 2691 816 Dei
2713 765 3044 818 ascendebant
3067 775 3112 817 et
3141 763 3500 818 descendebant
3531 781 3688 829 super
3731 781 3844 817 cant
3867 768 3904 818 ί.

2319 854 2404 906 13.
2435 854 2680 907 Dominus
2705 865 2872 907 autent
2897 857 3100 909 innixus
3133 865 3238 909 erat
3285 872 3436 922 super
3460 871 3573 907 eam
3598 897 3612 917 ,
3644 865 3693 908 et
3733 856 3864 909 dixit
3893 897 3905 907 .

2318 941 2430 1011 Ego
2452 944 2589 1000 Deus
2607 944 2881 1011 Abraham,
2905 956 2951 998 et
2975 945 3109 999 Deus
3132 945 3282 998 Isaac
3303 947 3459 1013 patris
3481 946 3556 998 tui
3581 961 3600 998 .'
3626 961 3690 998 ne
3710 947 3910 1000 timeas.

2316 1031 2606 1087 Considera
2633 1076 2648 1102 ,
2678 1037 2936 1101 obsecro,
2969 1037 3054 1091 hic
3099 1037 3353 1091 eximiam
3404 1050 3587 1090 curam
3628 1037 3911 1090 clementis

2320 1122 2432 1176 Dei.
2463 1124 2595 1188 Quia
2637 1126 2848 1180 videbat
2891 1142 3012 1180 cum
3060 1127 3350 1182 secundum
3393 1128 3679 1181 consilium
3728 1130 3912 1181 matris

2319 1224 2533 1282 preptcr
2563 1215 2804 1268 timorem
2853 1216 3027 1269 fratris
3068 1218 3547 1286 peregrinationem
3591 1220 3912 1285 suscipere.

2317 1314 2368 1358 et
2395 1305 2543 1372 quasi
2573 1320 2820 1360 erronem
2851 1308 3133 1376 quemdam
3161 1309 3259 1361 iter
3288 1306 3461 1362 facere
3484 1348 3498 1372 ,
3532 1307 3711 1360 solum
3753 1316 3915 1375 atque

2318 1394 2385 1447 ab
2426 1395 2542 1448 aliis
2571 1394 2892 1450 abstractum
2925 1397 3224 1466 nullamque
3264 1397 3546 1452 habentem
3577 1397 3911 1451 consolatio-

2320 1499 2439 1537 nem
2469 1485 2576 1538 ullo
2605 1500 2670 1539 ex
2701 1486 2840 1551 loco,
2875 1487 2966 1540 sed
2996 1495 3161 1540 totum
3206 1487 3258 1540 in
3309 1502 3603 1554 supernum
3653 1487 3915 1540 auxilium

2318 1574 2682 1642 projicientem
2715 1591 2728 1628 :
2755 1577 2930 1630 statim
2968 1576 3018 1629 in
3048 1578 3161 1644 ipso
3188 1578 3336 1630 initio
3367 1580 3551 1631 volens
3587 1579 3918 1632 continuare

2317 1663 2644 1718 alacritatem
2671 1665 2785 1734 ejus
2805 1706 2820 1730 ,
2850 1667 2896 1720 ei
2931 1677 3185 1735 apparet,
3210 1683 3273 1723 ac
3301 1669 3429 1723 dicit
3452 1687 3466 1723 :
3493 1668 3606 1739 Ego
3631 1686 3750 1722 sum
3780 1669 3914 1723 Deus

2320 1755 2594 1820 Abraham,
2619 1766 2663 1809 et
2685 1755 2822 1810 Deus
2850 1756 3002 1810 Isaac
3024 1760 3183 1826 patris
3211 1760 3284 1812 tui
3329 1759 3440 1828 Ego
3465 1768 3519 1813 et
3551 1759 3912 1828 patriarcltam

2319 1855 2372 1899 et
2401 1857 2599 1913 patrem
2639 1856 2782 1900 tuum
2827 1849 2876 1902 in
2908 1859 3106 1904 tantum
3139 1850 3478 1918 splendorem
3506 1852 3682 1905 evexi.
3710 1851 3790 1904 Ne
3824 1853 3916 1919 igi-

2323 1944 2407 1988 tur
2431 1938 2637 2001 timcas,
2661 1938 2754 1991 sed
2779 1939 2940 1992 crede
2972 1954 3074 2002 me,
3105 1941 3190 2008 qui
3220 1941 3430 2010 implevi
3463 1942 3566 1996 illis
3592 1943 3910 2012 promissio-

2323 2041 2446 2088 nes,
2480 2035 2531 2080 et
2570 2037 2621 2080 te
2659 2043 2774 2081 mea
2807 2044 2932 2081 cura
2964 2039 3015 2083 et
3057 2030 3384 2098 providentia
3416 2032 3785 2100 dignaturum.
3839 2033 3916 2087 Ne

2322 2115 2508 2168 timeas
2558 2131 2687 2187 ergo
2706 2157 2720 2181 ,
2743 2119 2836 2172 sed
2863 2119 3071 2174 contide
3109 2137 3120 2172 :
3155 2130 3207 2174 et
3236 2123 3379 2173 onmi
3409 2123 3600 2176 timore
3641 2123 3875 2191 depu'so
3899 2165 3914 2187 ,

2320 2203 2478 2258 crede
2501 2206 2562 2260 iis
2589 2222 2706 2275 qua:
2735 2223 2764 2261 a
2787 2224 2873 2263 me
2900 2209 3166 2263 dicuntur.
3194 2210 3394 2264 Etenim
3419 2221 3626 2274 terram,
3650 2215 3704 2266 in
3734 2221 3839 2284 'qua
3864 2227 3916 2266 tu

2321 2295 2531 2362 dormis,
2554 2297 2641 2350 tibi
2665 2297 2795 2351 dabo
2821 2310 2866 2352 et
2900 2301 3076 2354 semini
3107 2310 3192 2353 tuo
3214 2343 3229 2366 ,
3265 2304 3346 2355 Η.
3385 2312 3431 2355 et
3459 2305 3552 2355 erit
3578 2321 3749 2358 semen
3775 2317 3917 2358 tuum

2321 2385 2447 2437 sicut
2493 2405 2647 2440 arena
2683 2392 2860 2443 maris.
2888 2389 2964 2445 Ne
2996 2403 3179 2460 putes,
3212 2394 3413 2460 inquit,
3448 2396 3568 2463 quia
3618 2396 3670 2447 itt
3717 2405 3916 2449 tet-ram

2321 2474 2549 2529 alienam
2578 2492 2718 2532 nunc
2746 2480 2915 2547 vadis,
2949 2481 3256 2549 privandqu
3291 2492 3342 2536 te
3369 2493 3508 2536 terra
3539 2484 3592 2536 in
3623 2501 3726 2553 qua
3758 2497 3919 2540 natus

2322 2582 2400 2631 es,
2430 2567 2519 2621 ubi
2564 2569 2849 2637 educatus,
2901 2567 2986 2626 ubi
3034 2573 3329 2627 adolevisti.
3377 2575 3586 2629 Etenim
3635 2575 3730 2629 tibi
3777 2577 3921 2630 dabo

2323 2675 2438 2713 eam
2471 2671 2520 2714 et
2563 2663 2749 2716 semini
2782 2673 2888 2727 tuo,
2933 2666 3072 2733 quod
3103 2667 3240 2721 sicut
3274 2683 3491 2722 arenam
3529 2669 3694 2722 maris
3732 2670 3919 2738 augeri

2320 2753 2536 2814 curabo,
2562 2751 2630 2804 Et
2658 2754 2949 2808 dilatabitur
2972 2758 3039 2808 ad
3081 2775 3246 2824 mare,
3289 2769 3334 2811 ct
3364 2761 3581 2830 africum
3598 2801 3610 2822 ,
3641 2770 3688 2812 et
3714 2771 3920 2826 septen-

2322 2843 2549 2907 trionem,
2582 2853 2628 2896 et
2656 2844 2891 2898 orientem
2918 2861 2937 2898 .'
2968 2846 3067 2900 hoc
3089 2858 3207 2914 est,
3247 2847 3440 2915 ubique
3485 2850 3872 2918 propagabitur
3905 2867 3918 2902 :

2321 2931 2385 2985 Et
2405 2933 2751 2987 benedicentur
2771 2935 2821 2988 in
2844 2946 2889 2988 te
2909 2953 3080 2990 omnes
3098 2939 3253 2990 tribus
3280 2950 3442 2999 terrm,
3459 2949 3504 2990 et
3521 2939 3572 2990 in
3593 2940 3786 2991 semine
3809 2951 3916 2992 tuo.

2395 3022 2657 3087 Quomodo
2705 3036 2929 3078 exerceat
2971 3027 3226 3095 iustorum
3265 3028 3597 3080 obedientiam
3632 3027 3795 3081 Deus.
3847 3058 3919 3068 —

2323 3113 2455 3167 Vide
2481 3114 2748 3183 quomodo
2769 3114 2879 3184 jam
2907 3117 3082 3170 omnia
3111 3117 3158 3170 ei
3181 3133 3298 3186 qua:
3325 3128 3442 3185 post
3461 3117 3675 3185 longum
3702 3128 3920 3185 tempus

2321 3214 2573 3260 eventura
2597 3215 2777 3272 erant,
2810 3207 3072 3276 praedicit.
3104 3207 3200 3262 llic
3228 3208 3370 3261 enim
3397 3222 3512 3262 mos
3551 3218 3636 3261 est
3665 3209 3919 3262 omnium

2323 3296 2568 3360 Domino,
2593 3305 2648 3349 ut
2671 3296 2889 3364 singulis
2920 3296 3130 3365 quidem
3155 3296 3314 3367 justis
3343 3311 3402 3350 se
3432 3295 3482 3350 id
3505 3297 3767 3350 facturum
3801 3296 3921 3366 pol-

2321 3383 2556 3448 liceatur,
2590 3399 2695 3438 non
2734 3394 2910 3440 autem
2949 3387 3200 3440 continuo
3231 3387 3612 3455 promissiones
3645 3387 3869 3454 impleat
3901 3403 3916 3447 ;

2317 3473 2412 3527 sed
2438 3484 2683 3529 exerceat
2704 3473 2970 3543 justorunt
3004 3475 3358 3530 obedientiam
3387 3487 3436 3531 et
3465 3477 3803 3546 patientiam,
3830 3489 3918 3530 at-

2319 3579 2420 3632 que
2463 3565 2541 3620 sic
2590 3564 2753 3618 multa
2806 3579 2925 3619 cum
2974 3565 3292 3620 liberalitate
3349 3567 3566 3634 impleat
3617 3566 3915 3635 promissa.

2320 3655 2519 3708 Deinde
2555 3655 2640 3709 ubi
2672 3655 2934 3724 pollicitus
2962 3665 3042 3709 cst
3071 3657 3117 3710 ei
3146 3655 3340 3720 futura,
3370 3672 3490 3710 cum
3525 3657 3793 3726 indigeret
3820 3657 3917 3726 ju-

2317 3757 2430 3799 stus
2462 3747 2512 3800 in
2553 3747 2710 3800 rebus
2752 3748 3099 3814 prmscntibus
3127 3761 3232 3799 non
3264 3747 3464 3816 vulgari
3494 3747 3868 3802 consolatione
3899 3765 3917 3802 :

2317 3837 2436 3892 vide
2478 3838 2745 3906 quomodo
2784 3837 3045 3906 benignus
3078 3838 3329 3892 Dominus
3367 3837 3542 3892 futura
3571 3838 3917 3906 polliceatur,

2316 3939 2367 3983 et
2399 3944 2495 3998 per
2515 3930 2601 3983 illa
2629 3931 2739 3999 ipsa
2764 3946 2881 3999 qua:
2914 3946 3053 3983 nunc
3083 3931 3132 3983 iu
3161 3946 3281 3984 eum
3305 3931 3562 3993 declarat,
3601 3930 3669 3986 de
3709 3931 3819 3984 illis
3848 3931 3916 3985 fl-

2316 4019 2525 4073 duciam
2554 4020 2704 4074 indit.
2734 4022 2870 4076 Dicit
2896 4023 3036 4074 enim
3073 4039 3083 4072 1
3117 4020 3194 4074 Ne
3225 4031 3378 4090 putes
3416 4037 3500 4076 me
3529 4021 3642 4077 [nec
3669 4023 3785 4076 sola
3817 4024 3916 4079 tibi

2319 4112 2552 4178 polliceri
2582 4129 2596 4176 ;
2635 4113 2727 4167 sed
2757 4124 2810 4167 et
2854 4130 2994 4167 nunc
3022 4113 3104 4166 lii.
3147 4112 3330 4167 Tecum
3360 4131 3500 4180 sum,
3527 4116 3818 4170 custodiens
3868 4126 3919 4170 te

2316 4203 2368 4254 in
2397 4205 2532 4257 omni
2563 4205 2662 4269 via,
2689 4222 2788 4270 quo
2813 4206 2974 4258 vadis.
3009 4205 3086 4259 Nc
3117 4205 3277 4275 igitur
3308 4217 3480 4275 putes,
3513 4206 3704 4275 inquit,
3735 4217 3790 4262 te
3816 4223 3911 4263 so-

2317 4294 2425 4348 lum
2468 4297 2564 4350 iter
2610 4295 2786 4351 facere
2828 4313 2841 4349 :
2885 4313 2969 4350 me
3000 4295 3220 4350 habebis
3264 4297 3469 4351 itineris
3507 4297 3797 4363 comitem,
3825 4314 3917 4352 me

2316 4384 2534 4440 habebis
2563 4386 2836 4440 custodem
2870 4387 2921 4440 in
2968 4386 3114 4440 omni
3150 4385 3231 4438 via
3253 4427 3268 4451 ,
3301 4387 3478 4440 omnia
3523 4386 3616 4441 tibi
3669 4386 3917 4442 difficilia

2319 4476 2487 4531 facilia
2519 4468 2862 4532 reddentem.
2890 4479 3091 4531 Exinde
3138 4479 3306 4548 magis
3347 4494 3550 4548 augens
3577 4481 3916 4535 consolatio-

2318 4584 2469 4634 nem,
2496 4568 2604 4637 jam
2653 4569 2884 4638 prtedicit
2911 4571 2958 4624 ei
2989 4570 3218 4624 reditum
3257 4571 3322 4624 ad
3353 4585 3468 4624 sua.
3498 4570 3566 4623 Et
3605 4573 3787 4626 reverti
3827 4578 3917 4642 fa-

2317 4662 2444 4713 ciant
2472 4660 2750 4733 te,inquit,
2781 4662 2833 4714 in
2874 4670 3055 4715 terram
3081 4665 3230 4714 lianc.
3263 4661 3340 4715 Ne
3369 4661 3621 4716 formich
3649 4703 3664 4726 ,
3695 4664 3871 4734 inquit
3898 4705 3916 4726 ,

2316 4753 2464 4821 quasi
2496 4751 2547 4805 in
2573 4753 2740 4806 aliena
2773 4762 2910 4807 terra
2938 4763 3264 4808 versaturus.
3295 4752 3359 4804 Et
3380 4755 3616 4805 reducant
3644 4763 3690 4807 te
3717 4754 3776 4807 in
3809 4766 3915 4808 ter-

2315 4862 2426 4897 ram
2447 4846 2595 4913 lianc,
2618 4855 2662 4898 et
2679 4846 2881 4898 minime
2902 4855 2948 4899 te
2975 4845 3335 4915 derelinquam,
3360 4845 3518 4897 donec
3541 4849 3712 4914 fecero
3741 4847 3916 4898 omnia

2313 4952 2427 5004 qua:
2454 4937 2688 5006 loquutus
2734 4954 2844 4990 sum
2885 4938 2990 4989 tibi.
3024 4936 3137 4990 Non
3186 4937 3476 5005 despiciam
3516 4946 3566 4990 te
3593 4977 3606 5001 ,
3639 4951 3821 5005 neque
3861 4947 3916 4993 lue

2313 5027 2519 5080 consilii
2547 5028 2755 5096 inopem
2783 5029 2953 5081 sinam
2979 5042 2992 5091 ;
3018 5026 3109 5081 scd
3137 5027 3252 5082 tunc
3282 5043 3630 5096 quaecumque
3657 5028 3749 5081 tibi
3784 5046 3913 5097 pru-

2313 5119 2430 5172 misi
2475 5120 2524 5172 in
2569 5134 2702 5188 Opus
2741 5119 3017 5174 adducam.
3044 5120 3321 5185 Quomodo
3358 5121 3478 5189 quis
3510 5135 3606 5188 pro
3644 5121 3915 5187 dignitate

2313 5210 2660 5266 admirabitur
2697 5221 2752 5266 et
2791 5211 3130 5281 obstupescet
3157 5211 3398 5266 divinam
3423 5213 3819 5285 benignitatem
3857 5222 3914 5266 ct

2313 5303 2760 5362 inaestimabilem.
2790 5304 3163 5374 indulgentiam
3191 5305 3213 5357 ?
3246 5305 3375 5358 Vide
3433 5303 3576 5357 enim
3639 5313 3908 5372 quantum

2313 5395 2518 5464 pondus
2544 5396 2953 5464 promissionum
2982 5397 3070 5450 dat
3092 5397 3256 5465 justo,
3283 5404 3336 5449 et
3362 5394 3632 5463 quomodo
3662 5396 3908 5449 animum

2312 5489 2428 5559 ejus
2456 5490 2648 5544 erexit.
2681 5489 2862 5557 Cogita
2908 5490 3031 5543 item
3071 5498 3125 5544 et
3169 5487 3296 5557 justi
3338 5486 3492 5553 hujus
3531 5496 3746 5554 gratum
3778 5487 3910 5541 alii.»

2367 5597 2381 5627 ι
2413 5595 2478 5641 Ita
2505 5593 2668 5642 Codex
2699 5606 2844 5645 unus,
2868 5599 3016 5653 atque
3049 5589 3120 5637 sic.
3146 5590 3360 5653 habetur
3388 5592 3433 5653 in
3458 5588 3648 5653 llibliis
3689 5589 3902 5653 Grecis,

2305 5666 2351 5703 ct
2383 5656 2557 5704 eodem
2598 5655 2742 5702 tnmlo
2786 5657 2907 5716 legit
2938 5650 3222 5716 interpres.
3254 5651 3304 5698 ln
3339 5650 3514 5716 Etlitis,
3559 5658 3612 5699 et
3647 5651 3765 5700 aliis
3795 5666 3876 5703 om

2304 5720 2450 5766 nibus
2507 5719 2618 5766 Mss.
2680 5712 2909 5776 [Ἥξει
2969 5712 3317 5767 descendebant
3380 5715 3494 5774 (mi
3559 5717 3908 5775 κατέόαινον),

2304 5783 2497 5830 desunt.
