4086 6416
163 338 260 396 ιπ

151 465 329 517 mum,
360 460 418 507 et
453 449 727 522 quomodo
754 454 876 520 post
900 443 1025 504 illas
1061 442 1451 518 promissiones
1479 439 1621 512 apud
1649 439 1756 496 La-

152 547 260 600 ban
297 543 482 613 viginti
528 542 687 597 annis
733 539 1010 597 laboribus
1051 535 1315 602 amictus;
1344 550 1452 590 non
1497 532 1756 604 gravatim

149 637 306 698 tulit.
334 651 440 691 non
484 635 702 706 segnior
741 632 843 689 fuit
882 639 993 688 tam
1031 631 1286 694 diuturno
1333 637 1614 698 tempore;
1659 623 1757 679 sed

147 740 334 781 omina
385 724 597 780 fortiter
632 721 928 788 sustinuit,
969 728 1289 790 exspectans
1339 717 1756 788 promissionum

141 829 369 889 tempus
395 859 410 882 ,
442 827 497 871 et
519 816 696 871 sciens
726 830 832 870 non
857 828 1018 884 posse
1044 812 1365 870 intercidere
1405 824 1527 878 quae
1567 822 1598 862 a
1642 807 1757 863 Deo

148 911 293 967 dicta
324 919 449 965 sunt
480 926 494 963 :
525 909 759 963 maxime
786 906 832 962 si
857 917 914 962 et
955 920 1054 961 nos
1090 904 1282 961 aiierre
1322 913 1505 958 nostra
1540 900 1757 956 studea-

147 1016 295 1065 mus,
325 999 483 1055 ﬁdem
508 1009 564 1054 et
593 997 923 1068 patientiam,
945 1004 1001 1052 et
1027 997 1098 1051 ita
1128 995 1265 1050 bene
1291 993 1519 1048 ﬁdamus
1547 993 1610 1046 iis
1636 1006 1756 1061 qua:

147 1091 442 1147 εἰ)οωίηο
461 1090 726 1160 promissa
770 1097 937 1154 sunt,
968 1098 1132 1158 atque
1174 1088 1221 1140 si
1263 1085 1373 1155 jam
1420 1083 1636 1153 impleta
1665 1096 1755 1138 es-

145 1190 293 1239 sent.
320 1181 446 1239 Haec
473 1182 619 1238 enim
651 1195 776 1236 vera
801 1179 937 1234 ﬁdes
972 1188 1054 1233 est
1073 1218 1090 1244 ,
1113 1192 1220 1232 non
1245 1176 1524 1232 attendere
1549 1190 1610 1230 ea
1632 1187 1755 1244 quae

144 1273 436 1340 videntur,
468 1274 628 1330 etiam
654 1273 700 1328 si
728 1272 951 1327 omnino
982 1270 1092 1328 sint
1121 1277 1342 1325 adversa
1377 1267 1752 1340 promissioni,

143 1367 242 1422 sed
293 1367 392 1422 soli
439 1366 798 1437 promittentis
837 1365 1095 1435 potentia:
1145 1363 1436 1418 conlidere.
1469 1360 1586 1416 iam
1627 1375 1756 1415 vero

146 1459 428 1515 videamus
450 1460 580 1529 justi
608 1460 767 1529 hujus
794 1466 1002 1529 gratum
1041 1457 1303 1511 animum.
1332 1457 1419 1510 l6.
1453 1453 1519 1508 Et
1545 1453 1754 1524 evigila-

145 1550 236 1616 vit,
270 1549 462 1621 inquit,
489 1548 648 1605 Jacob
675 1551 738 1604 de
771 1564 949 1604 somno
975 1564 1089 1614 suo,
1119 1556 1166 1602 et
1194 1547 1323 1601 dixit
1351 1561 1368 1600 :
1397 1545 1646 1600 Dominus
1681 1553 1756 1598 est

145 1645 200 1697 in
251 1643 365 1698 loco
410 1643 537 1710 ista,
570 1660 660 1714 ego
701 1653 870 1696 autem
915 1642 1215 1696 nesciebam.
1241 1641 1329 1695 l7.
1357 1639 1424 1694 Et
1477 1639 1676 1700 timuit,
1708 1646 1756 1690 et

146 1733 283 1789 dixit
308 1749 328 1789 τ
347 1733 512 1800 Quam
540 1734 776 1788 terribilis
800 1743 872 1788 est
903 1733 1045 1787 locus
1066 1731 1193 1786 iste!
1223 1730 1346 1785 Non
1372 1740 1446 1784 est
1475 1730 1572 1783 hoc
1590 1728 1751 1793 aliud,

147 1842 304 1896 quam
351 1824 532 1879 domus
572 1823 669 1878 Dei
699 1839 718 1879 :
745 1835 790 1879 et
815 1824 926 1878 hare
959 1833 1035 1878 est
1065 1833 1213 1894 porta
1257 1823 1389 1878 cazli.
1429 1823 1757 1892 Stupeseens

148 1901 324 1987 justus
365 1924 585 1987 propter
623 1929 871 1985 magnam
914 1913 1339 1970 misericordiam
1384 1913 1505 1980 Dei,
1545 1912 1754 1977 timuit,

149 2005 344 2077 inquit,
368 2014 424 2062 et
449 2005 582 2061 dit-it
609 2023 623 2058 :
651 2004 771 2059 Non
801 2015 874 2059 est
903 2005 998 2058 hoc
1025 2005 1125 2059 nisi
1142 2005 1323 2059 domus
1347 2003 1461 2070 Dei,
1492 2012 1538 2058 et
1566 2003 1664 2058 ista
1684 2013 1758 2057 est

147 2105 301 2166 porta
323 2095 466 2151 ereti.
505 2094 606 2151 ilic
636 2095 784 2150 locus
811 2095 941 2150 mihi
980 2093 1204 2166 po'sthac
1234 2109 1331 2165 pro
1356 2093 1518 2149 domo
1545 2095 1638 2150 Dei
1669 2109 1758 2148 re-
1801 2099 1804 2102 ’

150 2187 444 2257 putabitur.
467 2186 640 2241 Tanta
663 2188 822 2258 igitur
847 2187 1053 2241 visione
1075 2185 1269 2256 dignus
1297 2185 1527 2250 habitus,
1555 2192 1610 2240 et
1633 2199 1757 2240 cum

151 2279 324 2348 ilusatn
350 2320 367 2346 ,
394 2290 456 2333 ut
489 2279 561 2334 ita
590 2279 789 2346 dicam,
822 2279 972 2350 quasi
1002 2278 1120 2334 caeli
1148 2287 1355 2348 portam
1383 2277 1606 2332 viderim
1628 2317 1643 2341 ,
1673 2276 1759 2347 ju-

150 2377 295 2424 stum
328 2369 506 2433 fuerit,
542 2379 600 2424 ut
627 2371 862 2425 debitam
907 2369 994 2424 hic
1031 2369 1324 2439 gratiarum
1355 2368 1623 2422 actionem
1657 2367 1761 2422 Do-

152 2461 302 2518 mino
345 2460 567 2517 reddam
616 2470 670 2517 et
713 2461 953 2516 oﬁ‘eram.
988 2461 1076 2516 i8.
1113 2460 1180 2514 Et
1228 2460 1448 2513 surrexit
1491 2458 1674 2522 Jacob,
1713 2467 1760 2511 et

153 2552 348 2623 accepit
385 2551 605 2621 lapidem
634 2568 782 2621 quem
811 2561 1047 2623 posuerat
1077 2553 1146 2604 ad
1181 2559 1334 2621 caput
1367 2566 1550 2615 suum,
1581 2558 1628 2601 et
1653 2556 1758 2602 sta-

152 2647 245 2700 tuit
272 2662 388 2701 eum
413 2645 468 2700 in
492 2646 798 2711 columnam,
829 2655 876 2699 et
903 2644 1093 2716 infudit
1131 2644 1300 2698 oleum
1328 2659 1482 2711 super
1505 2657 1761 2697 summum

153 2742 284 2803 eius.
329 2738 421 2795 {9.
455 2739 520 2793 Et
566 2740 758 2793 uocauit
795 2737 957 2792 Jacob
987 2753 1170 2791 nomen
1216 2736 1313 2790 loci
1354 2736 1494 2789 illius
1517 2775 1532 2800 ,
1567 2732 1762 2786 Domus

155 2830 270 2886 Dei.
295 2831 453 2885 Aliud
485 2831 619 2884 enim
638 2839 754 2885 erat
780 2845 958 2884 nomen
1001 2828 1113 2882 loco
1145 2837 1317 2881 antea.
1343 2823 1635 2894 Postquam
1661 2838 1759 2877 au-

155 2934 266 2979 tem
296 2940 396 2994 per
425 2923 686 2978 visionem
713 2932 819 2976 tam
854 2935 1044 2991 magna
1073 2929 1437 2988 consequutus
1467 2919 1582 2980 fuit,
1606 2931 1764 2971 voca-

157 3015 284 3069 huic
312 3014 625 3069 memoriam
654 3013 772 3067 loco
803 3012 1098 3066 inscribere
1116 3010 1249 3073 vult,
1276 3010 1611 3079 posterisque
1638 3023 1760 3062 eum

151 3105 338 3162 facere
367 3105 659 3168 celebrem,
694 3103 866 3172 lapide
895 3118 990 3172 pro
1013 3103 1260 3158 columna
1288 3110 1492 3166 erecto,
1518 3100 1765 3169 superiu-

148 3209 325 3266 qune
359 3193 485 3251 oleo
513 3193 824 3265 (verisimile
849 3194 992 3246 enim
1039 3201 1123 3248 est
1143 3190 1443 3263 quod‘illud
1472 3191 1644 3245 solum
1680 3205 1767 3244 se-

156 3301 277 3343 cum
338 3285 552 3354 tulerit,
607 3294 792 3356 utp0te
867 3284 969 3340 iter
1035 3282 1238 3339 faciens
1268 3281 1321 3352 ),
1369 3291 1552 3336 votum
1609 3280 1765 3335 oliert

152 3377 392 3446 benigno
422 3375 554 3442 Deo,
583 3376 730 3430 omni
760 3375 976 3444 plenum
1006 3373 1362 3444 philosOphia.
1462 3425 1465 3428 .

217 3469 284 3525 '5.
327 3467 394 3522 Et
444 3465 491 3521 si
530 3465 724 3533 vultis,
753 3466 917 3520 etiam
965 3465 1080 3534 ipsa
1121 3465 1402 3518 audiamus
1444 3463 1626 3519 verba.
1669 3461 1761 3517 20.

171 3559 318 3614 Vovit
338 3559 472 3612 enim
490 3567 691 3625 totum,
713 3557 884 3611 dicens
906 3573 925 3611 :
953 3555 1015 3612 Si
1042 3557 1193 3628 fuerit
1221 3554 1471 3609 Dominus
1500 3554 1636 3608 Deus
1662 3569 1767 3607 me-

157 3668 298 3714 cum,
328 3660 375 3704 et
395 3649 688 3705 custodierit
709 3648 956 3703 insin-eia
983 3648 1095 3714 hac,
1120 3663 1221 3717 qua
1246 3663 1337 3718 ego
1366 3646 1589 3700 ambulo.
1616 3645 1766 3712 Quo-

161 3744 305 3798 niam
345 3741 551 3797 dixerat
573 3782 590 3809 ,
622 3739 736 3813 Ego
763 3751 926 3795 tecum
954 3756 1097 3806 sum,
1127 3748 1175 3794 et
1204 3739 1487 3794 custodiam
1521 3747 1569 3792 te
1607 3738 1660 3790 in
1686 3740 1767 3790 via

160 3835 255 3889 hac
285 3851 385 3906 qua
424 3833 655 3888 antbuias
685 3849 705 3889 :
732 3839 950 3904 propter
993 3831 1096 3887 hoc
1137 3839 1191 3887 et
1231 3831 1346 3901 ipse
1379 3830 1510 3884 dicit
1542 3848 1556 3884 :
1589 3829 1642 3885 Si
1674 3830 1765 3884 illa

161 3924 294 3979 mihi
342 3924 772 3993 cveniant,qu:c
809 3923 1018 3978 scilicet
1060 3930 1112 3977 te
1159 3920 1406 3976 daturum
1451 3917 1765 3987 promisisti.

161 4007 367 4062 Deinde
397 4014 451 4058 ct
481 4003 798 4073 petitionem
829 4000 1009 4064 aliert,
1049 3998 1235 4054 dicens
1263 4014 1277 4051 :
1303 3999 1365 4054 Si
1395 3998 1596 4052 dederit
1639 3994 1766 4050 mihi

159 4097 419 4151 Dominus
445 4109 628 4165 panem
651 4093 724 4146 ad
745 4091 1186 4154 manducandum,
1206 4099 1254 4144 et
1283 4099 1466 4144 beaten:
1496 4090 1566 4143 ad
1595 4101 1765 4163 tegen-

158 4182 305 4241 dum;
333 4184 454 4240 Non
479 4184 716 4254 divitias,
743 4199 852 4239 non
878 4179 1264 4237 abundantiam
1309 4181 1598 4251 quamdam
1633 4181 1768 4250 peti-

159 4279 264 4345 vit;
300 4279 394 4333 sed
429 4293 620 4348 panem
651 4286 708 4333 et
747 4284 956 4332 vestem
985 4285 1075 4330 :et
1106 4274 1244 4330 hanc
1273 4275 1342 4328 ad
1371 4273 1765 4344 contegendum

156 4385 384 4442 corpus,
409 4370 558 4425 illum
581 4383 712 4425 vero
735 4368 797 4423 in
813 4366 1182 4424 necessarium
1208 4365 1546 4421 alimentum.
1576 4367 1765 4420 Consi-

157 4462 292 4518 dera
322 4460 594 4530 quomodo
639 4461 799 4516 nobis
841 4460 1199 4529 apostolicum
1229 4458 1599 4514 characterem
1631 4459 1768 4527 peti-

158 4558 312 4613 tione
350 4568 448 4609 sna
477 4552 842 4624 signiﬁcavit:
874 4561 1026 4609 tanto
1062 4553 1341 4622 sapientiae
1368 4552 1549 4606 studio
1578 4552 1767 4620 plenus

157 4661 280 4704 erat
306 4647 441 4717 justi
467 4647 702 4703 animus.
726 4645 861 4701 Nam
888 4646 941 4701 id
970 4646 1113 4715 quod
1143 4645 1390 4701 Christus
1421 4645 1657 4710 dicebat,
1686 4643 1770 4698 Ne

157 4744 470 4812 possideatis
518 4758 733 4803 aurum,
784 4740 864 4794 vel
913 4750 1218 4810 argentum,
1270 4740 1350 4793 υ.ι
1394 4740 1527 4793 duas
1570 4741 1771 4793 tunicas

158 4835 386 4908 (Matth.
420 4834 510 4890 ιθ.
539 4833 597 4905 9)
624 4851 638 4889 :
665 4833 769 4890 hoc
797 4833 900 4888 iste
934 4832 1172 4887 nondum
1199 4848 1228 4886 a
1258 4847 1527 4902 quoquam
1555 4831 1770 4897 doctus,

158 4929 258 4984 sed
288 4940 322 4981 a
350 4927 555 4996 seipso,
576 4935 632 4981 et
658 4925 728 4981 ab
757 4925 923 4981 insito
945 4935 1151 4980 naturae
1179 4934 1377 4979 nostra:
1410 4925 1667 4992 magistro
1690 4923 1773 4977 di-

159 5021 318 5083 dicit,
337 5029 392 5075 et
409 5017 622 5090 optavit
639 5031 671 5072 a
690 5017 922 5072 Domino
941 5031 1039 5072 suo
1061 5017 1289 5086 preberi
1316 5031 1506 5085 panem
1532 5015 1600 5070 ad
1623 5029 1772 5070 com-

159 5113 474 5179 edendum,
521 5121 576 5166 et
625 5121 832 5168 vestem
881 5109 951 5166 ad
992 5111 1300 5182 tegendum.
1361 5110 1418 5166 Si
1471 5109 1592 5166 haec
1637 5109 1772 5166 mihi

163 5204 390 5270 iuerint,
420 5202 617 5272 inquit,
647 5201 699 5256 in
737 5210 880 5256 terra
927 5199 1127 5264 aliens,
1161 5198 1250 5255 2i.
1289 5198 1360 5254 Et
1399 5200 1667 5256 reduxerit
1694 5216 1772 5255 me

165 5291 651 5350 Dominussalrum
679 5294 733 5346 in
752 5293 963 5346 domum
985 5293 1149 5364 patris
1172 5293 1292 5361 mei,
1318 5293 1461 5348 sicut
1490 5291 1773 5362 promisit:

163 5387 261 5442 erit
300 5384 553 5440 Dominus
601 5384 726 5439 mihi
758 5383 816 5438 in
860 5382 1064 5451 Deum,
1095 5382 1184 5438 22.
1217 5393 1266 5438 et
1315 5384 1452 5454 lapis
1490 5386 1585 5440 iste
1626 5401 1778 5453 quem

165 5477 306 5531 erexi
341 5478 399 5531 in
440 5478 756 5543 columnam,
788 5477 887 5531 erit
927 5475 1055 5529 mihi
1085 5476 1268 5530 damus
1302 5475 1396 5530 Dei
1420 5491 1438 5530 :
1460 5486 1510 5531 et
1543 5477 1774 5532 omnium

165 5583 281 5635 qua:
304 5567 430 5622 mihi
452 5568 676 5637 dederis,
698 5568 924 5624 decimas
944 5569 1037 5624 tibi
1065 5567 1302 5638 offeram.
1331 5569 1466 5625 Vide
1492 5571 1622 5641 justi
1649 5586 1774 5641 pro—

167 5661 296 5716 bum
323 5660 600 5717 allectum.
638 5660 862 5720 Petebat
888 5661 1128 5733 quidem,
1167 5671 1224 5719 ut
1269 5661 1403 5719 nihil
1447 5665 1769 5734 pretiosum,

171 5751 266 5808 sed
288 5768 486 5829 panem
507 5769 563 5815 et
583 5765 792 5815 vestem
825 5769 843 5823 ε
876 5754 1225 5827 promittebat
1253 5765 1433 5814 autem
1464 5766 1519 5812 ct
1542 5771 1637 5814 sua
1672 5756 1775 5814 Do-

1201 326 1269 386 ΙΝ
1304 321 1462 384 CAP.
1492 319 1737 382 XXVIII.
1767 317 2017 379 GENES.
2058 319 2291 378 llOIilL.
2332 321 2470 380 LIV.

1873 424 2042 506 mino,
2062 453 2264 509 gnarus
2301 454 2464 511 quam
2506 427 2681 498 certet
2719 439 3063 509 muneribus,
3090 447 3146 496 et
3170 455 3334 513 quam
3382 456 3485 500 no-

1866 539 2008 586 stras
2046 531 2402 603 cogitationes
2443 532 2796 590 retribuendo
2827 534 3211 603 transcendat,
3252 533 3436 608 aitque
3468 554 3484 592 :

1866 621 1934 677 Et
1955 616 2260 680 columnam
2282 625 2423 682 hanc
2448 626 2504 682 in
2523 626 2742 682 domum
2766 626 2863 682 Dei
2887 625 3118 694 habebo,
3143 640 3201 684 et
3229 629 3472 688 ontniutn

1864 727 1986 782 quae
2012 715 2142 769 mihi
2168 729 2198 770 a
2226 722 2279 771 te
2307 716 2792 787 suppeditabuntur
2818 717 3057 772 decimas
3095 718 3256 776 dabo.
3288 720 3478 776 Vidisti

1864 813 2100 859 mentem
2145 806 2286 876 piam
2314 822 2378 862 ac
2407 807 2713 878 religiosam
2742 808 2929 864 iNihil
2955 809 3133 865 adhuc
3157 821 3440 882 accepth
3464 852 3487 882 ,

1863 905 1914 950 et
1946 897 2192 965 promisit
2225 912 2288 953 se
2315 897 2427 954 Deo
2455 897 2696 955 decimas
2726 914 2914 956 eorum
2940 917 3060 972 qua:
3089 901 3191 959 sibi
3228 902 3480 961 donanda

1861 996 2016 1042 erant
2045 987 2371 1044 oblaturum.

1935 1076 2156 1133 iloralis
2205 1081 2456 1151 epilogus.
2487 1108 2560 1121 —-
2598 1079 2678 1136 Ne
2707 1081 3062 1152 simpliciter,
3086 1083 3266 1140 dilecti
3286 1125 3304 1152 ,
3335 1100 3478 1155 pra:-

1865 1176 2135 1222 tereamus
2160 1185 2280 1240 qua:
2306 1171 2447 1225 dicta
2474 1181 2620 1234 sunt,
2644 1171 2739 1227 sed
2769 1173 3089 1227 mmulemnr
3111 1189 3304 1231 omnes
3331 1175 3476 1233 hunc

1857 1257 2062 1330 justum
2095 1276 2110 1313 :
2145 1269 2201 1317 et
2221 1276 2320 1317 nos
2344 1263 2434 1334 qui
2461 1263 2515 1317 in
2537 1263 2727 1333 gratia,
2752 1278 2876 1318 eum
2903 1265 2993 1334 qui
3021 1274 3148 1320 ante
3178 1263 3350 1336 legem
3382 1280 3397 1319 :
3425 1276 3482 1322 ct

1863 1352 1997 1406 nihil
2039 1353 2334 1425 temporale
2359 1364 2608 1426 petamus
2651 1369 2679 1407 a
2726 1355 2974 1411 Domino.
2999 1356 3183 1426 Neque
3206 1358 3350 1412 enim
3373 1373 3476 1414 ex-

1867 1451 2075 1511 spcctat
2105 1443 2278 1499 donec
2310 1460 2340 1498 a
2368 1446 2526 1500 nobis
2544 1446 2919 1514 admoneatur,
2952 1449 3045 1502 sed
3075 1462 3129 1502 et
3156 1464 3261 1503 non
3287 1432 3476 1519 peten-

1864 1534 2004 1588 tibus
2044 1535 2198 1590 nobis
2240 1536 2464 1605 largitur
2491 1551 2553 1591 ea
2591 1552 2711 1607 quae
2736 1537 2802 1590 ad
2834 1551 2988 1592 usum
3023 1541 3310 1606 pt-rt'nent.
3337 1538 3480 1594 Orirl

1861 1625 2004 1681 enim
2032 1627 2154 1693 facit
2183 1627 2338 1680 solem
2363 1643 2518 1698 super
2547 1628 2710 1682 malos
2733 1637 2780 1682 et
2799 1627 2975 1694 bonos,
3001 1638 3046 1682 et
3073 1630 3201 1699 pluit
3221 1646 3374 1700 super
3389 1630 3488 1702 ju-

1861 1728 1965 1773 stos
1991 1729 2037 1772 et
2077 1721 2292 1791 injustos
2321 1721 2340 1792 (
2369 1720 2552 1774 Matth.
2583 1721 2637 1786 5.
2662 1720 2779 1790 45).
2809 1720 2876 1774 Ει
2900 1721 3186 1776 credamus
3215 1723 3264 1776 ei
3291 1721 3483 1776 admo-

1864 1811 2030 1872 nenti,
2061 1820 2114 1864 et
2135 1810 2333 1866 dicenti
2363 1829 2376 1865 :
2411 1810 2633 1876 Quwrite
2663 1812 2882 1879 primunt
2907 1829 3118 1881 regnum
3149 1812 3262 1877 Dei,
3295 1823 3340 1866 et
3371 1813 3482 1868 [nec

1862 1901 2033 1953 omnia
2076 1911 2397 1972 apponentur
2444 1903 2584 1956 vobis
2615 1902 2825 1971 (Matth.
2859 1903 2914 1956 6.
2942 1903 3058 1972 55).
3098 1903 3258 1958 Vides
3304 1904 3482 1973 ipsum

1866 1991 2020 2045 nobis
2051 1993 2210 2046 etiam
2262 1993 2350 2046 illa
2386 1992 2437 2046 in
2471 1993 2671 2046 donum
2709 1995 3131 2063 prmparnvisse,
3171 2003 3226 2049 et
3266 1993 3382 2048 inec
3425 1994 3480 2050 itt

1865 2083 1998 2137 lucri
2045 2093 2100 2137 et
2146 2083 2368 2138 auctarii
2416 2094 2568 2153 parte
2612 2084 2861 2138 daturum
2907 2099 2966 2139 se
2999 2085 3357 2153 promittere?
3401 2081 3481 2141 No

1864 2173 2024 2243 igitur
2066 2188 2128 2228 ea
2168 2190 2286 2244 qua:
2320 2185 2590 2244 tamquam
2633 2175 2858 2229 auctarii
2893 2175 3011 2230 loco
3037 2184 3358 2246 accepturus
3382 2191 3478 2244 es,

1864 2269 2016 2338 quasi
2073 2269 2323 2338 primaria
2377 2277 2499 2338 pete
2533 2286 2544 2322 :
2581 2285 2647 2324 ne
2695 2270 3025 2324 invertamus
3061 2270 3338 2333 ordinem,
3379 2269 3479 2324 sed

1864 2375 2169 2430 quaeramus
2196 2361 2282 2413 illa
2311 2361 2450 2416 sicut
2477 2361 2751 2430 praecepit,
2783 2370 2840 2414 ut
2868 2369 2923 2414 ct
2951 2360 3033 2414 his
3061 2369 3117 2415 et
3145 2360 3251 2415 illis
3279 2359 3381 2414 frui
3417 2357 3482 2414 li-

1865 2459 2003 2504 cent.
2033 2451 2106 2504 Ea
2138 2451 2280 2505 enim
2310 2451 2384 2506 de
2413 2465 2571 2505 causa
2604 2450 2655 2504 in
2685 2451 2944 2505 orationis
2972 2461 3173 2504 nostra:
3206 2451 3384 2507 verbis
3412 2450 3482 2506 li-

1865 2542 2022 2596 mites
2048 2551 2102 2596 et
2133 2542 2342 2611 regulas
2368 2541 2520 2595 nobis
2551 2541 2811 2594 Dominus
2839 2543 3183 2609 prmscripsit,
3212 2549 3480 2609 quatenus

1867 2633 2093 2702 petenda
2127 2634 2232 2686 sint
2263 2632 2595 2702 temporalia.
2630 2632 2805 2687 Verba
2847 2632 2933 2686 illa
2959 2632 3110 2701 jubet
3153 2647 3251 2688 nos
3275 2633 3482 2699 dit-ere,

1868 2738 1986 2792 qua:
2018 2723 2163 2776 omni
2200 2722 2539 2793 philoSOphia
2570 2725 2585 2754 ί
2616 2732 2739 2776 sunt
2763 2721 2984 2786 referta,
3012 2721 3208 2776 Panem
3246 2733 3482 2780 nostrum

1866 2816 2222 2883 quotidianum
2253 2818 2319 2867 da
2361 2816 2503 2868 nobis
2531 2816 2682 2868 hodie
2713 2816 2731 2888 (
2757 2815 2946 2868 Matth.
2975 2802 3026 2871 6.
3063 2816 3154 2885 Η)
3181 2833 3193 2869 :
3223 2815 3329 2870 dici
3373 2817 3478 2871 nli-

1867 2914 2106 2958 mcntnm
2135 2948 2148 2968 ,
2178 2906 2352 2975 inquit
2380 2922 2394 2958 :
2429 2905 2478 2959 id
2512 2909 2654 2974 quod
2698 2907 2876 2975 justus
2925 2906 3024 2959 iste
3045 2948 3060 2972 ,
3091 2907 3304 2961 tametsi
3346 2906 3482 2964 nihil

1868 2993 2056 3048 horum
2087 2995 2351 3058 audierat,
2383 3006 2631 3064 precatus
2657 3004 2759 3061 est,
2780 2996 2964 3049 dicens
2994 3013 3008 3047 :
3045 2996 3106 3049 Si
3131 2995 3328 3058 dederit
3351 2995 3481 3052 mihi

1872 3085 2120 3139 Dominus
2162 3087 2440 3152 panemud
2477 3087 2860 3152 comedendum,
2901 3095 2949 3139 et
2971 3098 3169 3139 pestem
3205 3087 3275 3139 ad
3311 3095 3487 3158 tegen-

1869 3176 2011 3232 dum.
2040 3177 2118 3232 Ne
2161 3177 2322 3247 igitur
2354 3178 2650 3247 temporale
2694 3178 2893 3247 aliquid
2937 3179 3077 3232 aliud
3120 3180 3189 3234 ab
3227 3193 3295 3234 eo
3332 3192 3485 3250 peta-

1871 3283 2009 3322 mus.
2037 3269 2316 3339 indignum
2345 3269 2489 3324 enim
2514 3270 2668 3324 valde
2695 3279 2797 3334 est,
2817 3285 2847 3324 a
2879 3282 2986 3326 tam
3012 3272 3221 3326 liberali
3248 3282 3304 3328 et
3333 3282 3481 3330 tanta

1871 3359 2066 3413 virtute
2115 3361 2387 3429 prmstanti
2429 3360 2736 3430 httjusmodi
2779 3372 2994 3430 petere,
3035 3379 3156 3432 qua:
3187 3377 3308 3417 cum
3341 3379 3485 3434 pra:-

1870 3447 2011 3502 senti
2036 3450 2140 3502 vita
2178 3448 2563 3514 dissolvuntur,
2597 3460 2650 3504 et
2693 3465 2941 3521 magnam
2978 3451 3400 3509 vicissitudinem
3426 3463 3482 3509 ct

1869 3543 2218 3598 mutationem
2243 3543 2593 3613 experiuntur
2616 3561 2629 3596 :
2661 3543 2712 3599 id
2733 3559 2902 3614 genus
2923 3545 3067 3600 enim
3089 3555 3216 3600 sunt
3241 3545 3478 3601 humana

1871 3635 2073 3700 omnia,
2106 3638 2218 3690 sive
2246 3635 2463 3690 divitias
2490 3635 2712 3701 dixeris,
2745 3639 2858 3691 sive
2880 3637 3200 3709 potentiam,
3229 3638 3344 3695 sive
3375 3638 3482 3694 hu-
3579 3672 3586 3680 -

1871 3741 2086 3780 manam
2109 3728 2330 3797 gloriam
2365 3745 2377 3781 :
2410 3728 2504 3783 sed
2531 3738 2776 3798 petamus
2802 3743 3020 3799 semper
3047 3731 3338 3805 niancntia,
3368 3733 3484 3788 sul-

1873 3821 2143 3890 ﬁcientia,
2194 3823 2582 3880 vicissitudinis
2626 3825 2826 3880 nescia.
2879 3826 2946 3879 Et
2990 3827 3222 3881 scientes
3272 3826 3487 3884 Domini

1872 3916 2041 3970 nostri
2102 3916 2392 3971 bonitatem
2419 3959 2432 3983 ,
2476 3917 2628 3971 nihili
2675 3918 2971 3987 pendamus
3015 3918 3342 3988 praesentia.
3391 3918 3490 3976 sed

1873 4021 2037 4066 Omne
2090 4017 2331 4064 nostrum
2392 4009 2629 4065 studium
2693 4010 2747 4065 in
2805 4009 3485 4066 cmicstium'desidcrinnt

1872 4099 2283 4157 transferamus.
2314 4103 2447 4158 Nam
2503 4104 2550 4159 si
2597 4102 2773 4166 Solem
2807 4120 2960 4159 suum
3001 4105 3128 4158 oriri
3166 4104 3292 4174 facit
3330 4122 3485 4174 super

1873 4196 2035 4250 malos
2073 4207 2119 4250 et
2146 4196 2326 4263 bonos,
2358 4209 2406 4251 et
2437 4198 2568 4268 pluit
2605 4214 2759 4266 super
2773 4199 2946 4268 justas
2981 4207 3029 4252 et
3054 4197 3290 4266 injustas,
3319 4198 3490 4253 multo

1875 4289 2043 4356 magis
2072 4288 2406 4345 abstinentes
2447 4305 2477 4344 a
2521 4290 2742 4355 malitia,
2775 4299 2829 4344 et
2860 4290 3176 4359 injustitiam
3220 4288 3490 4358 fugientes

1876 4395 1983 4436 non
2013 4383 2315 4452 despiciet:
2349 4383 2442 4437 sed
2488 4383 2653 4438 multa
2695 4382 2887 4454 dignos
2925 4383 3085 4438 ducet
3121 4383 3490 4452 providentia,

1878 4480 1935 4526 et
1979 4487 2073 4526 sua
2127 4474 2488 4529 sollicitudine
2540 4473 2685 4528 omni
2744 4482 2990 4544 tempore
3052 4475 3377 4542 dignabitur.
3436 4474 3491 4530 Id

1879 4563 2132 4629 scientes,
2162 4564 2362 4628 dilecti,
2391 4580 2458 4620 ne
2495 4565 2754 4621 increduli
2793 4566 2960 4620 simus
2996 4565 3194 4621 divinis
3225 4566 3494 4636 pollicita-

1880 4653 2134 4721 tionibus,
2163 4670 2336 4725 neque
2362 4657 2629 4710 contraria
2658 4656 2723 4711 iis
2748 4670 2868 4726 qua:
2903 4656 2991 4710 illc
3028 4655 3186 4725 jussit
3207 4655 3487 4712 faciamus.

1883 4741 2174 4808 Enimvero
2203 4754 2459 4815 quantum
2487 4744 2552 4801 ad
2579 4759 2640 4799 ea
2664 4761 2783 4818 qua:
2811 4762 2952 4801 nunc
2975 4762 3005 4799 a
3035 4746 3192 4802 nobis
3215 4747 3372 4815 liunt,
3403 4747 3492 4803 ni-

1882 4832 1956 4891 hil
2001 4835 2070 4891 ab
2116 4835 2422 4892 inﬁdelibus
2451 4836 2768 4892 diﬁ'erimus.
2798 4836 3026 4904 Quando
3051 4836 3195 4893 enim
3225 4838 3342 4909 ipse
3365 4838 3492 4908 qui-

1882 4926 2006 4985 dem
2032 4927 2206 4983 l’utura
2231 4928 2384 4983 nobis
2407 4929 2688 4998 promittit,
2716 4943 2815 4983 nos
2841 4939 3020 4984 autem
3052 4927 3307 4985 nolumus
3329 4928 3499 4986 ﬁdere

1883 5018 2026 5076 illius
2069 5020 2535 5089 promissionibns,
2573 5019 2666 5074 sed
2709 5035 2861 5089 pnes:
2885 5021 3066 5074 utilius
3099 5033 3287 5074 sumus
3325 5017 3495 5085 afllxi,

1883 5112 2026 5183 quod
2067 5113 2210 5166 aliud
2253 5112 2646 5167 incredulitatis
2678 5111 2934 5165 indit-ium
2965 5111 3141 5166 adhuc
3171 5111 3490 5180 requiritur,

1884 5203 2050 5257 rebus
2083 5202 2213 5270 ipsis
2246 5213 2351 5256 tam
2382 5202 2530 5256 clara
2561 5217 2692 5256 voce
2718 5201 3138 5256 attestantibus?
3166 5202 3233 5256 Et
3258 5216 3495 5268 rursum,

1885 5294 2102 5350 Christo
2123 5294 2344 5363 jubente
2373 5308 2471 5348 nos
2498 5293 2628 5348 nihil
2654 5308 2685 5348 a
2713 5308 2770 5348 sc
2793 5305 2979 5364 petere
3006 5291 3273 5363 fragilium
3301 5291 3496 5364 laurum

1886 5393 1944 5442 et
1965 5362 2358 5454 temporalium,
2391 5385 2484 5440 sed
2516 5386 2693 5456 potius
2735 5362 2823 5440 illa
2862 5362 3153 5454 postulare,
3184 5401 3280 5440 nos
3313 5362 3365 5441 ei
3403 5401 3495 5441 re—

1892 5489 2188 5549 pugnantes
2207 5519 2224 5544 ,
2252 5494 2373 5548 quae
2404 5488 2589 5547 petere
2628 5477 2934 5547 prohibuit,
2958 5476 3047 5531 illa
3075 5481 3368 5547 quu'ritnus
3397 5491 3412 5529 :
3441 5484 3498 5533 et

1891 5585 2012 5642 qua:
2035 5569 2193 5641 jussit
2215 5570 2402 5641 quaeri,
2436 5569 2525 5625 illa
2561 5583 2668 5625 non
2696 5571 3010 5641 quaerimus.
3041 5567 3111 5624 Et
3145 5567 3263 5624 hac
3291 5567 3496 5625 iacien-

1958 5699 1974 5730 ι
2018 5693 2106 5744 Sic
2151 5691 2307 5744 Savil.
2341 5696 2396 5741 et
2437 5685 2664 5750 quinque
2869 5683 3046 5750 Morel.
3073 5695 3247 5750 ’νη-ο.
3291 5686 3500 5750 paterno

1958 5699 1974 5730 ι
2018 5694 2106 5744 Sic
2151 5694 2307 5744 Savil.
2341 5696 2396 5741 et
2437 5694 2664 5750 quinque
2711 5694 2825 5755 llas.
2869 5694 3046 5756 Morel.
3098 5695 3247 5736 vero,
3291 5694 3356 5746 pa

1890 5756 2065 5826 attactu
2091 5753 2492 5821 (φιλοστοργίας),
2517 5762 2628 5815 pro,
2662 5745 2978 5813 philosophia
2999 5745 3349 5813 (φιλοσοφίας).

3376 301 3574 385 m'
