4086 6426
648 346 752 405 479

648 468 760 520 tes,
788 463 843 509 et
867 461 973 507 tam
1000 451 1145 520 pigre
1180 448 1514 517 segniterque
1562 454 1738 500 nostra
1774 440 2127 503 mstituentes,
2158 445 2215 491 et

644 542 1020 599 exacerbantes
1060 538 1239 591 mitem
1286 546 1342 590 et
1388 534 1673 588 humanum
1718 530 2032 592 Dominum,
2064 527 2213 597 quasi

645 635 792 689 obliti
829 644 1015 685 eorum
1046 642 1165 698 qua:
1206 641 1304 681 nos
1347 625 1624 681 fecerimus
1646 664 1661 687 ,
1685 636 1898 677 causam
1930 618 2215 690 quaarimus

645 725 760 792 ejus
786 736 908 791 erga
940 734 1037 773 nos
1077 717 1471 789 indignationis,
1502 726 1556 771 et
1593 729 1756 785 quare
1803 728 1900 767 nos
1946 726 2088 779 stupe
2116 708 2213 763 de-

644 813 862 881 spiciat,
890 820 1011 865 cum
1056 810 1107 864 in
1136 809 1304 863 varias
1340 806 1619 861 incidimus
1653 804 1967 859 tentationes
1994 809 2085 855 :et
2109 813 2213 852 non

644 903 938 973 cogitantes
996 909 1329 970 peccatorum
1401 906 1699 951 nostrorum
1754 894 2165 963 magnitudinem
2194 928 2211 957 ,

646 995 1000 1062 nosmetipsos
1038 994 1176 1047 ultro
1200 990 1507 1058 decipimus.
1544 988 1742 1042 Idcirco
1778 986 2000 1040 obsecro
2020 1025 2034 1049 ,
2063 992 2122 1035 ut
2152 982 2215 1036 iis

646 1085 893 1139 omnibus
935 1082 1191 1150 repulsis,
1238 1078 1367 1133 nihil
1419 1078 1571 1131 saluti
1616 1087 1812 1130 nostra:
1851 1071 2212 1143 praeferamus.

649 1174 784 1240 Quid
808 1174 948 1227 enim
973 1172 1171 1241 prodest
1196 1170 1404 1234 homini,
1431 1170 1474 1222 si
1512 1177 1664 1220 totum
1693 1168 1933 1218 mundam
1962 1164 2178 1216 lucretur
2198 1202 2214 1227 ,

645 1266 828 1318 animi;
853 1278 967 1316 vero
992 1278 1100 1315 sate
1127 1261 1477 1313 detrimentum
1501 1260 1724 1325 patiatur
1754 1255 1963 1324 (Matth.
1979 1254 2064 1309 16.
2081 1252 2218 1323 26)?

647 1355 713 1407 Et
739 1366 1098 1423 supervacuas
1125 1350 1336 1404 divitias
1358 1349 1466 1418 jam
1493 1360 1807 1402 evacuemus
1838 1347 1886 1399 in
1916 1357 2177 1413 pauperes
2198 1384 2214 1409 ,

650 1458 1000 1512 magnumque
1047 1440 1319 1509 sapientiae
1357 1438 1513 1491 studii
1559 1437 1827 1505 specimen
1874 1436 1928 1489 in
1973 1434 2219 1488 omnibus

648 1535 1023 1597 exhibeamus,
1047 1540 1235 1585 vanam
1269 1529 1488 1598 gloriam
1519 1527 1867 1595 despicientes
1887 1566 1901 1589 ,
1931 1524 2216 1583 humanum

650 1628 837 1679 fastum
867 1622 1253 1680 conculcantes,
1281 1625 1335 1672 et
1358 1633 1515 1671 omne
1536 1617 1768 1691 caritatis
1792 1616 2023 1669 studium
2052 1606 2152 1667 alii
2165 1613 2218 1667 in

650 1716 782 1768 alios
806 1724 989 1768 mutuo
1016 1709 1379 1780 impendentes
1408 1724 1421 1762 :
1454 1716 1510 1761 ut
1532 1715 1588 1763 et
1618 1705 1965 1775 pra-sentibus
1990 1713 2043 1757 et
2076 1702 2218 1756 futu-

652 1805 724 1859 ris
766 1805 917 1858 bonis
956 1800 1151 1873 perfrui
1197 1815 1517 1863 mereamur,
1560 1798 1725 1861 gratia
1765 1803 1821 1851 et
1857 1793 2219 1849 misericordia

652 1897 859 1951 Domini
888 1884 1050 1948 nostri
1082 1893 1209 1948 Jesu
1238 1891 1471 1954 Christi,
1505 1884 1594 1941 cui
1615 1896 1739 1937 cum
1765 1884 1921 1940 Patre
1959 1895 2013 1939 et
2036 1890 2221 1939 sancto

650 1986 845 2057 Spiritu
874 1988 940 2039 sit
969 1984 1153 2054 gloria,
1185 1982 1485 2050 imperium,
1512 1978 1699 2043 honor,
1732 1992 1868 2031 nunc
1894 1985 1949 2031 et
1972 1988 2183 2043 semper
2202 2013 2216 2037 ,

648 2090 702 2133 et
726 2080 775 2131 in
806 2077 997 2131 smcuia
1024 2073 1360 2127 saeculorum.
1393 2071 1581 2123 Amen.

1226 2200 1503 2257 HOMILIA
1541 2198 1648 2253 LV.

651 2315 717 2373 Et
745 2318 868 2371 dixit
896 2317 1066 2369 Luban
1096 2316 1161 2367 ad
1193 2313 1352 2367 Iacob
1380 2329 1398 2366 :
1428 2312 1674 2378 Quoniam
1708 2311 1866 2379 frater
1896 2326 2032 2365 meus
2060 2326 2110 2363 es
2141 2320 2213 2375 tu,

718 2426 817 2464 non
840 2409 1020 2461 servies
1062 2407 1155 2458 mei
1201 2404 1394 2474 gratis;
1441 2403 1521 2454 dic
1564 2401 1721 2466 mihi,
1765 2415 1878 2471 qute
1916 2415 2099 2453 merces
2130 2409 2218 2451 tua

724 2501 884 2569 (Gen.
912 2500 1002 2554 se.
1035 2497 1159 2567 l5).

726 2617 777 2671 1.
813 2613 994 2666 Paucis
1024 2613 1155 2665 dicta
1182 2611 1287 2663 heri
1315 2610 1553 2672 resumit;
1583 2608 1934 2676 conﬁdentiam
1959 2610 2138 2662 Jacobi
2165 2610 2219 2663 iu

647 2705 809 2761 Deum
837 2701 1099 2769 prwdirat.
1125 2729 1196 2738 ——
1216 2698 1355 2752 Satis
1382 2698 1494 2750 heri
1526 2713 1587 2750 ex
1623 2697 1892 2764 priuludiis
1918 2699 2224 2765 peregrina;

648 2794 804 2846 tionis
844 2792 968 2859 juSti
999 2790 1170 2842 cdocti
1200 2803 1381 2841 sumus
1422 2796 1612 2856 quanta
1650 2787 1807 2840 fuerit
1834 2788 1948 2856 ejus
1975 2788 2211 2856 philoso-

644 2883 781 2953 phia:
811 2880 1114 2950 inagnitndo
1134 2920 1148 2939 ,
1186 2888 1399 2947 propter
1426 2893 1580 2946 quam
1612 2891 1824 2931 causam
1857 2886 2051 2930 tantam
2095 2892 2215 2944 pro-

646 2974 954 3026 missionem
984 2987 1013 3025 a
1045 2971 1150 3023 Deo
1178 2977 1533 3037 consequutus
1560 2979 1663 3022 est.
1697 2970 1887 3023 lterum
1917 2978 2091 3021 autem
2120 2982 2217 3037 per

642 3078 827 3132 preces
868 3072 922 3117 et
963 3072 1140 3115 votum
1167 3104 1181 3125 ,
1228 3077 1345 3130 qua:
1390 3060 1513 3114 fecit
1560 3061 1922 3114 universorum
1971 3062 2211 3126 Domino,

643 3154 989 3207 sufﬁcientem
1020 3152 1317 3205 doctrinam
1350 3151 1500 3203 nobis
1523 3151 1766 3204 omnibus
1790 3150 1952 3213 dedit,
1980 3152 2023 3205 si
2054 3151 2216 3205 velle-

644 3258 761 3297 mus
802 3243 865 3294 ad
916 3241 1215 3294 imitantium
1265 3241 1509 3293 virtutem
1557 3241 1694 3293 illius
1722 3241 1959 3294 excitari.
2005 3240 2214 3295 Etenim

640 3333 987 3387 admiratitme
1030 3330 1244 3399 dignum
1290 3338 1402 3393 est,
1454 3328 1718 3398 quomodo
1746 3329 1993 3383 virtutem
2039 3330 2212 3386 sciens

638 3424 1028 3493 promittentis,
1063 3431 1113 3474 et
1140 3421 1358 3474 audiens
1401 3419 1811 3487 magnitudinem
1852 3419 1949 3474 sibi
1982 3420 2209 3489 promis-

638 3529 839 3578 sorum,
875 3527 1046 3581 neque
1087 3513 1161 3565 sic
1192 3526 1436 3579 maguum
1464 3510 1657 3577 aliquid
1688 3520 1741 3565 et
1778 3510 2004 3565 sublime
2035 3521 2212 3579 postu-

639 3606 748 3659 lare
776 3602 1113 3657 attentaverit
1143 3620 1155 3654 ε
1181 3602 1275 3657 sed
1307 3601 1393 3655 illa
1422 3602 1695 3655 dumtaxat
1724 3600 1891 3669 petiit,
1920 3617 2038 3671 qua:
2064 3602 2213 3656 audi-

636 3694 734 3749 stis
762 3693 872 3747 hcri
898 3733 911 3756 ,
947 3707 1135 3759 nempe
1165 3707 1223 3744 ea
1252 3706 1369 3760 qua:
1410 3690 1475 3745 ad
1514 3691 1873 3760 quotidianum
1904 3692 2209 3747 alimentum

635 3782 736 3836 sibi
767 3781 1010 3835 sufficere
1040 3781 1274 3850 possint,
1301 3788 1355 3834 et
1393 3781 1761 3833 vestimentum
1807 3780 1873 3833 ad
1911 3794 2102 3849 corpus
2131 3790 2211 3836 to-

634 3872 864 3942 gendum
900 3888 913 3924 :
945 3878 997 3924 et
1028 3870 1310 3939 promittit,
1346 3869 1389 3924 si
1420 3870 1645 3928 reditum
1678 3871 1778 3924 sibi
1818 3872 1870 3925 in
1901 3887 1992 3926 sua
2021 3888 2208 3928 conce-

635 3962 725 4015 dat
755 3961 911 4023 Deus,
930 3959 1080 4033 ³εἰίειιι
1107 3960 1204 4013 sibi
1235 3960 1584 4028 promiserat,
1626 3960 1871 4015 daturum
1902 3976 1960 4015 se
1991 3963 2061 4015 illi
2092 3978 2206 4017 om-

636 4052 783 4107 nium
814 4067 931 4119 qua:
975 4050 1042 4103 ab
1081 4065 1146 4103 eo
1175 4050 1395 4118 accipiet
1420 4050 1652 4105 decimas
1683 4067 1695 4105 :
1723 4067 1818 4120 per
1846 4053 2018 4107 omnia
2052 4069 2207 4107 mon-

630 4151 814 4196 strans
840 4139 1145 4209 religionem
1174 4155 1344 4206 suam,
1374 4148 1426 4194 et
1452 4142 1619 4208 ipsum
1643 4140 1947 4197 adscribens
1971 4145 2207 4198 omnium

638 4231 982 4299 largitorem;
1029 4229 1289 4298 docetque
1346 4242 1441 4283 nos
1484 4239 1538 4283 ut
1580 4231 1627 4283 ei
1676 4240 1874 4285 tantum
1922 4232 2209 4290 habeamus

634 4322 878 4391 gratiam.
911 4320 1139 4374 Noverat
1168 4321 1306 4373 enim
1344 4319 1515 4389 justus
1561 4321 1875 4375 ineli‘abilem
1914 4322 2027 4390 ejus
2057 4323 2208 4378 beni—

634 4410 921 4479 gnitatem,
952 4408 1054 4463 hoc
1082 4410 1384 4476 coujcctans
1411 4424 1473 4463 ex
1501 4411 1562 4463 iis
1591 4426 1709 4481 qua:
1741 4413 1789 4464 in
1820 4423 2022 4482 patrem
2054 4430 2207 4470 suum

636 4498 970 4563 exhibuerat,
994 4508 1047 4553 et
1076 4499 1276 4552 sciebat
1302 4514 1420 4552 eum
1443 4500 1540 4553 sibi
1565 4515 1805 4569 magnam
1828 4503 2206 4559 abundantiam

636 4602 1013 4642 concessurum
1046 4604 1164 4641 esse
1193 4606 1207 4641 :
1240 4598 1292 4642 et
1323 4589 1507 4642 horum
1530 4591 1746 4659 quidem
1780 4593 1889 4661 ipse
1919 4596 2045 4649 nihil
2079 4598 2209 4664 petit

636 4692 667 4731 a
700 4678 920 4731 Domino
941 4719 956 4743 ,
984 4693 1155 4747 neque
1182 4679 1292 4732 vult
1321 4680 1386 4734 de
1419 4681 1491 4739 ib
1519 4682 1720 4749 precari
1745 4723 1761 4746 ,
1791 4684 1883 4737 sed
1908 4700 2028 4739 eum
2058 4688 2207 4743 deei-

634 4781 752 4821 mas
773 4768 1006 4821 omnium
1032 4767 1275 4821 daturum
1302 4769 1675 4837 sofpollicetur,
1698 4773 1930 4828 ostendit
1953 4786 2206 4845 quantum

638 4858 692 4912 in
720 4858 964 4912 omnibus
989 4860 1290 4913 confidebat
1315 4860 1431 4928 ejus
1457 4863 1701 4929 potentiae
1741 4864 1830 4931 qui
1873 4868 2205 4932 promiserat.

638 4948 921 5016 PrOpterea
947 4956 1000 5001 et
1026 4964 1137 5017 Ipse
1164 4949 1371 5017 quando
1394 4963 1519 5003 cum
1534 4966 1599 5005 eo
1625 4952 1953 5021 loquebatur,
1977 4955 2205 5025 dicebat,

637 5036 749 5108 Ego
773 5054 885 5091 sum
918 5037 1051 5091 Deus
1073 5037 1325 5092 Abraham
1352 5050 1397 5093 et
1423 5039 1573 5094 Isaac
1600 5043 1755 5110 patris
1783 5043 1857 5117 tui
1875 5060 1896 5110 ;
1937 5061 2000 5098 ne
2034 5047 2207 5102 timeas

638 5133 661 5200 (
678 5130 803 5184 Gen.
826 5130 915 5184 26.
942 5130 1070 5199 24).
1101 5130 1280 5202 Cogita
1300 5172 1317 5198 ,
1346 5133 1549 5203 inquit,
1580 5144 1637 5191 et
1678 5139 2027 5207 patriarcbam
2057 5145 2206 5212 quasi

638 5222 975 5290 peregrinatur
1005 5230 1060 5275 et
1089 5223 1323 5293 ignotum
1354 5224 1406 5277 in
1439 5234 1634 5280 terram
1666 5227 1801 5282 hanc
1829 5228 2126 5296 advenisse,
2154 5243 2208 5288 et

636 5310 690 5363 in
719 5321 914 5365 tantam
938 5314 1143 5368 venisse
1164 5314 1405 5383 gloriam,
1433 5324 1490 5370 ut
1514 5318 1745 5373 omnium
1770 5335 1863 5376 ore
1885 5324 2202 5379 celebretur.

633 5398 822 5472 Cogita
868 5404 993 5457 item
1034 5414 1089 5459 et
1131 5415 1333 5473 patrem
1372 5416 1550 5473 tuum,
1587 5409 1639 5462 in
1669 5418 1905 5465 extrema
1935 5424 2208 5471 senectute

640 5493 776 5561 patri
799 5508 898 5547 suo
923 5502 1099 5549 natum
1125 5510 1264 5561 esse,
1292 5506 1451 5567 atque
1476 5498 1546 5553 ita
1571 5498 1760 5568 opibus
1781 5514 1990 5556 auctmn
2019 5502 2204 5573 fuisse,

640 5590 699 5637 ut
727 5583 1015 5640 invidiosus
1044 5585 1193 5640 ﬁeret
1236 5586 1514 5658 indigenis.
1560 5589 1757 5644 Eadem
1801 5592 1960 5659 igitur
2000 5605 2050 5649 et
2094 5596 2207 5663 ipse

638 5682 907 5743 exspecta,
949 5689 1264 5748 omnemque
1299 5680 1542 5736 timorem
1584 5689 1637 5736 et
1678 5681 1999 5739 anxietatem
2037 5685 2204 5756 depo-

1317 336 1377 393 S.
1412 334 1688 394 JOANNIS
1714 327 2184 391 CHRYSOSTOMI
2224 324 2540 384 ARCIIIEP.
2577 321 3110 385 CONSTANTINOP.

3807 318 3909 376 £80

2321 448 2475 499 nens,
2508 432 2983 504 peregrinationem
3020 432 3132 486 obi.
3164 430 3289 486 llaec
3322 443 3505 486 secum
3535 428 3785 499 cogitans
3820 427 3878 497 ju

2317 532 2432 579 stus
2453 565 2470 590 ,
2514 539 2620 577 non
2658 522 2725 577 ad
2768 530 3087 594 praesentem
3117 520 3438 591 respiciebat
3464 528 3697 582 statum,
3733 518 3909 590 (nihil

2316 617 2459 671 enim
2502 616 2722 670 omnino
2748 630 2928 679 secum
2969 612 3225 668 afferebat
3263 630 3278 667 :
3317 611 3609 682 quomoda.
3631 611 3781 664 enim
3804 616 3911 682 pm

2319 708 2507 763 tuisset
2532 708 2620 775 qui
2648 708 2792 761 solus
2826 716 2941 760 erat
2976 716 3031 761 et
3054 707 3155 760 iter
3193 703 3371 760 facere
3400 699 3782 773 cogebatur?)
3812 698 3908 757 sed

2312 799 2424 869 jam
2454 799 2573 853 fidei
2604 798 2773 853 oculis
2802 811 2907 851 non
2948 797 3117 850 multo
3159 803 3281 865 post
3325 796 3555 849 futuram
3602 791 3907 861 praevidens

2317 889 2696 944 abundantiam
2736 901 2888 941 suam
2909 926 2925 952 ,
2955 886 3259 941 declarabat
3294 893 3496 955 gratam
3528 883 3864 937 voluntatem
3891 898 3907 936 :

2320 988 2376 1033 et
2398 978 2488 1048 qui
2517 978 2647 1032 nihil
2674 977 2848 1032 adhuc
2889 984 3189 1046 acceperat,
3230 982 3426 1041 vovet,
3466 973 3774 1044 digniorem
3808 971 3912 1027 tide

2318 1068 2630 1121 existimans
2660 1066 3064 1135 promissionem
3091 1064 3335 1131 Domini,
3362 1078 3519 1132 quam
3552 1077 3737 1118 rerum
3783 1074 3909 1132 pos-

2320 1156 2637 1210 sessionem.
2680 1156 2862 1225 Neque
2888 1157 3028 1211 enim
3070 1157 3139 1209 ita
3169 1154 3332 1209 fidere
3372 1153 3631 1208 debemus
3661 1152 3748 1208 bis
3793 1167 3911 1222 qua

2322 1246 2373 1299 iu
2420 1245 2664 1300 nianibus
2695 1246 2949 1301 habemus
2979 1254 3034 1302 et
3062 1245 3335 1309 videmus,
3378 1255 3432 1299 ut
3460 1245 3914 1314 promissionibus

2324 1336 2454 1400 Dei,
2501 1336 2706 1390 etiamsi
2756 1351 2860 1391 non
2908 1336 3154 1392 eveniant
3196 1336 3374 1391 statim
3418 1336 3593 1404 primo
3638 1343 3911 1402 tempore.

2321 1426 2502 1481 Justus
2546 1428 2703 1497 igitur
2749 1436 2959 1497 sumpta
3007 1428 3071 1481 iis
3113 1441 3231 1497 quae
3278 1427 3416 1480 Deus
3459 1424 3670 1479 dixerat
3715 1422 3911 1478 ﬁducia

2322 1519 2573 1584 maxima,
2609 1519 3088 1587 peregrinationem
3119 1516 3272 1570 obiit.
3300 1515 3415 1582 Quo
3445 1524 3600 1583 pacto
3624 1516 3775 1569 enim
3806 1528 3911 1569 nou

2278 1606 2514 1662 ~.tisurus
2542 1613 2719 1669 esset,
2763 1606 2849 1659 cui
2886 1606 3082 1658 dictum
3109 1614 3221 1659 erat
3247 1643 3263 1669 ,
3304 1603 3432 1658 Ecce
3461 1620 3550 1673 ego
3582 1612 3747 1656 tecum
3774 1617 3909 1667 simi,

2321 1698 2607 1751 custodiens
2634 1695 2757 1750 tein
2777 1698 2913 1749 omni
2931 1695 3031 1759 via,
3056 1710 3155 1763 qua
3177 1695 3341 1747 iturus
3369 1710 3422 1747 es
3443 1709 3463 1746 :
3486 1702 3533 1746 et
3558 1692 3911 1764 maplicaba

2322 1804 2489 1841 seuien
2514 1798 2655 1841 tuum
2674 1828 2688 1851 ,
2727 1796 2773 1841 et
2802 1786 3040 1841 reducam
3070 1795 3117 1839 te
3142 1787 3320 1841 iterum
3347 1786 3399 1839 in
3427 1794 3615 1840 terram
3644 1785 3782 1839 hanc
3800 1826 3818 1851 ,
3863 1793 3910 1839 et

2324 1896 2422 1933 non
2447 1890 2493 1933 te
2516 1880 2859 1949 derelinquam
2880 1878 3029 1949 (Gen.
3053 1878 3278 1947 28.15),
3304 1892 3576 1948 usquequo
3598 1877 3908 1945 complean-

2324 1978 2409 2022 tur
2437 1970 2695 2038 promissa
2719 1968 2942 2023 omnia?
2973 1968 3169 2024 Verum
3188 2009 3204 2036 ,
3237 1979 3296 2022 ut
3324 1968 3437 2022 heri
3466 1968 3575 2022 dixi
3602 2008 3618 2035 ,
3648 1970 3827 2039 cogita
3855 1976 3908 2023 et

2322 2060 2741 2127 omnipotentem
2770 2059 2866 2113 Dei
2895 2059 3231 2127 sapientiam,
3261 2066 3317 2113 et
3336 2059 3465 2127 justi
3490 2059 3628 2113 illius
3656 2073 3906 2129 magnam

2321 2150 2632 2217 patientiam
2670 2158 2723 2202 et
2766 2157 2976 2217 gratum
3020 2148 3277 2203 animum.
3324 2148 3565 2203 Surrexit
3608 2150 3756 2203 enim
3789 2160 3905 2218 post

2320 2239 2702 2308 promissiones
2727 2240 2865 2304 illas,
2894 2239 3024 2294 etin
3043 2239 3279 2293 Charran
3306 2239 3599 2304 contendit,
3628 2250 3685 2293 et
3713 2240 3908 2293 iterum

2320 2330 2428 2398 agit
2474 2337 2531 2383 ut
2572 2330 2883 2399 peregrinus
2918 2338 2971 2384 et
3018 2345 3213 2399 vagus,
3262 2340 3317 2384 et
3358 2330 3411 2384 in
3450 2330 3701 2385 onmibus
3729 2330 3906 2385 divina

2319 2421 2490 2490 gratia
2520 2419 2729 2485 fruitur,
2766 2420 2990 2491 benigno
3012 2420 3121 2475 Deo
3148 2420 3245 2489 ipsi
3272 2420 3409 2475 viam
3437 2420 3630 2489 ubique
3662 2431 3905 2489 parante,

2320 2522 2373 2567 et
2400 2527 2549 2568 suam
2580 2513 2984 2583 promissionem
3006 2511 3347 2580 adimpleute.
3375 2510 3473 2577 Qui
3502 2512 3646 2565 enim
3673 2511 3906 2578 dixerat,

2320 2602 2509 2664 Tecum
2535 2615 2666 2668 sum,
2699 2602 2982 2655 custodiens
3011 2610 3057 2655 te
3096 2602 3150 2653 in
3179 2601 3314 2654 omni
3342 2601 3421 2653 via
3440 2642 3454 2667 ,
3488 2618 3585 2670 qua
3629 2604 3799 2657 iturus
3833 2619 3906 2669 es,

2324 2694 2369 2746 Is
2398 2691 2548 2744 duxit
2566 2692 2770 2759 justum
2802 2690 2866 2743 ad
2896 2691 3089 2744 fontem
3117 2705 3287 2758 aquae,
3319 2691 3407 2745 ubi
3432 2692 3705 2760 aquabant
3730 2702 3903 2762 pasto-

2317 2795 2405 2835 res
2448 2790 2605 2835 terra:
2648 2782 2837 2835 incolae
2882 2798 2894 2834 :
2939 2795 2971 2834 a
3009 2782 3201 2850 quibus
3245 2796 3364 2835 cum
3414 2782 3800 2853 interrogasset
3841 2784 3905 2839 dt

2319 2871 2498 2926 Laban
2532 2871 2695 2926 fratre
2725 2873 2909 2925 matris
2955 2886 3099 2936 sum,
3150 2882 3201 2925 et
3248 2871 3518 2926 didicisset
3562 2872 3747 2926 omnia
3792 2890 3905 2943 quae

2318 2960 2459 3015 circa
2487 2961 2634 3014 illum
2663 2961 2982 3029 gerebantur
3011 2977 3024 3014 :
3055 2960 3249 3015 deinde
3275 2976 3396 3014 cum
3436 2970 3488 3015 et
3530 2960 3690 3030 lmjus
3722 2964 3904 3026 tiliam,

2320 3060 2374 3105 et
2398 3065 2585 3120 greges
2613 3052 2778 3104 oculis
2809 3060 3131 3119 spectasset,
3163 3049 3466 3121 videretque
3493 3051 3775 3122 indigenas
3803 3070 3905 3109 non

2319 3139 2567 3194 sufﬁcere
2599 3150 2653 3193 ut
2681 3138 2907 3209 lapidem
2935 3155 2964 3193 a
2993 3141 3135 3194 lenite
3162 3141 3257 3208 ipsi
3288 3152 3618 3207 amoverent,
3661 3154 3717 3198 et
3746 3159 3901 3214 aqua.

2318 3238 2438 3284 rent
2463 3245 2613 3295 oves,
2645 3230 2897 3295 accurrit,
2928 3238 2983 3284 et
3011 3230 3060 3283 id
3106 3231 3247 3300 quod
3293 3232 3364 3285 illi
3406 3231 3580 3286 facere
3622 3250 3730 3289 non
3760 3235 3902 3291 vale-

2317 3322 2474 3385 bant,
2522 3323 2634 3390 ipse
2677 3336 2909 3391 superno
2956 3321 3152 3385 auxiiio
3197 3322 3514 3388 roboratus,
3569 3327 3903 3393 prmveniens

2316 3414 2589 3470 beneﬁciis
2618 3413 2797 3469 Laban
2819 3456 2835 3481 ,
2874 3414 3077 3469 amovit
3108 3415 3334 3485 lapidem
3366 3424 3421 3471 et
3458 3417 3745 3486 adaquavit
3780 3435 3904 3475 oves

2315 3519 2447 3573 quas
2489 3504 2739 3573 pascebat
2768 3504 2989 3559 Rachel.
3030 3504 3159 3559 Dein
3192 3506 3281 3559 ubi
3322 3506 3595 3561 osculatus
3635 3518 3719 3563 est
3760 3511 3901 3579 puel-

2315 3596 2443 3661 lam,
2475 3606 2527 3651 et
2554 3596 2872 3666 signiﬁcavit
2894 3597 3012 3667 quis
3038 3604 3180 3652 esset
3209 3604 3261 3652 et
3291 3598 3435 3653 unde
3466 3598 3719 3663 venisset,
3755 3617 3901 3655 man-

2316 3688 2386 3742 sit
2417 3688 2529 3756 ipse
2557 3687 2697 3756 apud
2727 3688 2944 3741 fontem.
2971 3686 3165 3742 Verum
3194 3688 3315 3758 quia
3339 3690 3478 3743 Deus
3506 3706 3566 3743 cr
3600 3700 3622 3743 t
3642 3692 3733 3760 qui
3761 3693 3902 3761 justo

2312 3777 2631 3846 disponebat
2657 3778 2865 3842 omnia,
2902 3777 2985 3832 hic
3009 3788 3062 3833 et
3094 3780 3321 3847 puellam
3354 3781 3602 3834 eveitavit
3631 3793 3687 3835 ut
3712 3784 3903 3837 Celeri-

2312 3878 2393 3925 ter
2419 3878 2661 3925 curreret
2679 3910 2693 3937 ,
2722 3878 2877 3940 atque
2908 3870 3023 3926 haec
3052 3872 3392 3927 annuntiaret
3418 3874 3588 3942 patri,
3616 3875 3708 3944 qui
3737 3877 3905 3932 frater

2310 3969 2426 4015 erat
2454 3960 2608 4029 hujus
2637 3962 2823 4015 matris
2855 3979 2868 4014 :
2898 3972 3245 4032 narraretque
3290 3963 3607 4018 beneﬁcium
3646 3967 3799 4035 quod
3838 3970 3905 4023 ab

2312 4070 2378 4109 eo
2405 4054 2701 4123 praestitum
2740 4064 2882 4110 esset
2918 4066 2976 4119 et,
3014 4056 3064 4110 in
3110 4057 3277 4125 ipsam
3316 4064 3370 4111 et
3410 4056 3461 4110 in
3490 4071 3681 4127 greges
3716 4075 3731 4112 :
3762 4068 3818 4115 ct
3846 4075 3906 4116 se

2312 4160 2486 4215 neque
2515 4146 2849 4215 peregrinum
2877 4160 3017 4212 esse,
3058 4162 3232 4216 neque
3261 4147 3493 4224 ignotum
3517 4187 3532 4211 ,
3570 4148 3667 4204 sed
3692 4153 3903 4208 sororis

2313 4238 2498 4291 filiuni.

2385 4330 2587 4395 Quanta
2616 4339 2833 4384 veterum
2860 4331 3200 4400 hospitalitas.
3229 4330 3476 4402 Exemplo
3502 4332 3686 4387 Jacobi
3716 4337 3898 4403 probat

2312 4422 2480 4473 omnia
2505 4421 2715 4493 feliciter
2739 4422 3002 4477 succedere
3033 4421 3077 4474 ei
3104 4438 3250 4491 quem
3277 4421 3418 4477 Deus
3446 4424 3614 4491 juvat.
3642 4453 3719 4464 —
3753 4426 3898 4480 Con-

2312 4515 2484 4571 sidera
2506 4557 2521 4581 ,
2550 4517 2806 4577 obsecro,
2836 4514 3031 4569 dilecte
3053 4556 3067 4578 ,
3106 4516 3296 4571 divinae
3326 4514 3614 4584 Setipim
3657 4515 3895 4587 diligen—

2314 4607 2474 4672 tiam,
2524 4606 2788 4675 quomodo
2833 4605 2985 4660 nobis
3033 4608 3208 4660 omnia
3254 4608 3533 4662 manifcsm
3587 4621 3893 4679 recenseat.

2311 4698 2555 4752 docendo
2581 4713 2678 4751 nos
2699 4712 2875 4752 mores
2896 4714 3156 4763 veterum,
3177 4708 3228 4752 et
3247 4708 3461 4767 quantae
3486 4700 3536 4751 in
3558 4698 3897 4767 excipiendi:

2313 4786 2608 4858 hospitibus
2652 4789 2848 4842 fuerint
2875 4788 3183 4842 alacritatis.
3224 4788 3355 4842 Nam
3385 4798 3440 4841 ut
3469 4788 3658 4858 puclla:
3689 4790 3897 4844 indica‘

2310 4890 2388 4933 ret
2420 4877 2771 4941 alacritatem,
2805 4893 2908 4930 non
2937 4876 3249 4945 simpliciter
3276 4876 3433 4940 dixit,
3463 4892 3579 4931 eam
3606 4877 3811 4933 abiisse
3835 4889 3895 4936 et

2309 4968 2651 5021 annuntiasse
2688 4984 2805 5036 quae
2844 4967 2975 5019 facta
3018 4969 3255 5030 fuerant,
3287 4967 3389 5021 sed
3419 4967 3753 5031 cucurrisse.
3789 4970 3898 5029 hoc

2310 5066 2424 5118 est,
2460 5071 2650 5125 magno
2684 5071 2803 5109 eum
2846 5056 3036 5125 gaudio
3063 5056 3226 5125 (Cap.
3253 5056 3343 5110 29.
3372 5075 3421 5110 υ.
3450 5055 3572 5129 12).
3605 5058 3813 5115 Deinde
3838 5073 3903 5120 et

2310 5145 2377 5201 de
2407 5147 2583 5201 Laban
2603 5186 2619 5211 ,
2648 5146 2736 5215 qui
2775 5155 2926 5216 pater
2955 5147 3095 5201 illius
3134 5158 3288 5211 erat,
3318 5148 3447 5203 dicit
3468 5189 3485 5212 ,
3514 5149 3659 5219 quod
3692 5152 3900 5211 auditis

2315 5237 2399 5294 his
2424 5254 2453 5290 a
2484 5237 2718 5306 virgine,
2746 5239 3039 5295 cucurrerit
3067 5250 3121 5292 ct
3152 5240 3264 5307 ipse
3304 5240 3355 5295 in
3396 5255 3674 5296 occursum
3698 5242 3890 5314 Iacob,

2308 5335 2363 5381 et
2391 5327 2659 5381 osculatus
2688 5327 2755 5381 sit
2783 5342 2938 5396 eum,
2969 5336 3025 5383 et
3069 5328 3340 5385 induxerit
3376 5329 3430 5385 in
3472 5330 3691 5388 domum
3730 5349 3891 5392 suam

2312 5415 2472 5486 (Ibid.
2498 5432 2545 5469 υ.
2578 5414 2690 5489 ts).

2380 5508 2435 5561 2.
2466 5509 2748 5578 Postquam
2777 5519 2953 5565 autem
2978 5509 3156 5566 Laban
3186 5512 3364 5567 munia
3392 5512 3673 5583 diligenter
3701 5514 3890 5577 (πάλαι

2311 5596 2379 5652 ab
2402 5613 2468 5654 eo
2490 5640 2504 5663 ,
2552 5599 2638 5653 14.
2664 5598 2841 5665 Dixit,
2881 5601 3087 5672 inquit,
3117 5602 3166 5657 ei
3202 5618 3222 5657 :
3251 5603 3333 5657 Ea:
3374 5604 3567 5660 ossibus
3591 5607 3719 5663 meis
3751 5619 3801 5663 ct
3827 5624 3889 5665 ca

2308 5703 2462 5743 carne
2483 5701 2590 5743 mea
2616 5705 2666 5746 es
2690 5700 2742 5745 tu
2769 5690 2920 5764 (Cap.
2948 5692 3064 5764 29).
3090 5692 3301 5751 Sororis
3320 5735 3336 5764 ,
3363 5694 3568 5769 inquit,
3596 5713 3731 5757 mea:
3760 5714 3887 5758 cum
