4086 6438
144 424 234 481 ιρι
1183 418 1246 474 IN
1284 416 1445 474 CAP.
1480 412 1676 469 XXIX.
1723 411 1966 468 GENES.
2017 411 2247 469 HOMIL
2294 413 2401 468 LV.

141 541 218 598 sis
243 543 416 605 filius,
451 541 582 596 nihil
624 538 767 595 alittd
814 551 975 609 quam
1007 550 1133 592 caro
1175 545 1358 590 no.~tra
1386 547 1445 590 es
1484 540 1540 588 et
1577 529 1742 586 frater

141 647 344 688 noster.
376 631 442 686 Et
481 643 587 686 erat
627 648 743 685 cum
769 646 863 695 eo,
908 626 1108 699 inquit,
1156 627 1224 680 ad
1265 640 1484 678 mensem
1525 619 1742 676 diarum.

142 726 270 779 Dein
310 726 465 794 quasi
509 726 564 779 in
593 724 756 779 domo
783 721 998 795 propria
1028 719 1170 791 apud
1211 733 1335 774 eum
1379 714 1652 787 intpavide
1694 726 1747 767 et

136 820 206 874 ab
233 820 380 874 omni
409 833 538 873 cura
571 818 707 872 liber
743 815 954 885 agebat.
1001 813 1267 869 Caeterum
1308 809 1563 881 quoniam
1607 808 1745 862 Deus

136 920 278 975 erat,
310 911 399 982 qui
426 913 607 965 omnia
633 907 699 962 ad
731 908 1013 962 utilitatem
1041 904 1200 975 hujus
1223 904 1351 973 justi
1373 899 1742 971 dispensabat,

136 1016 190 1060 et
219 1006 272 1060 in
299 1003 551 1059 omnibus
577 1001 626 1057 ei
655 1015 808 1064 suam
836 998 1110 1070 praebebat
1135 996 1597 1066 coeperationetn,
1632 992 1746 1061 ipse

137 1097 470 1151 alacritatem
501 1092 682 1148 Laban
713 1091 964 1146 excitavit
1001 1107 1015 1144 :
1053 1083 1108 1144 et
1141 1088 1328 1143 videns
1357 1085 1455 1140 viri
1496 1099 1743 1139 mansue-

137 1189 418 1252 tudinem,
450 1185 585 1240 dicit
615 1183 666 1239 ei
700 1204 714 1240 :
751 1183 837 1245 15.
868 1181 1123 1250 Qttoniatn
1150 1180 1282 1234 enim
1325 1178 1486 1247 frater
1527 1191 1666 1229 meus
1694 1190 1745 1226 es

135 1297 215 1348 ttt,
251 1297 352 1335 nou
382 1279 570 1336 servies
599 1277 726 1330 mihi
762 1275 922 1348 gratis
951 1274 1076 1328 .‘dic
1102 1274 1226 1326 mihi
1247 1313 1261 1335 ,
1289 1286 1403 1336 qua:
1429 1284 1618 1322 merces
1658 1276 1744 1319 tua

131 1375 221 1429 sit.
258 1372 391 1428 Vide
417 1371 689 1442 quomodo
719 1372 834 1440 ipse
865 1368 1080 1438 quidem
1123 1366 1337 1437 petebat
1364 1365 1530 1427 nihil,
1563 1362 1742 1416 Laban

132 1477 320 1524 autem
350 1482 380 1521 a
413 1481 473 1521 se
500 1467 602 1520 hoc
630 1465 884 1535 proponit
911 1463 1078 1534 justo.
1108 1462 1176 1516 Et
1210 1459 1429 1515 at'cnde
1448 1502 1460 1523 ,
1493 1458 1739 1515 obsecro,

125 1560 412 1631 quomodo
439 1558 526 1613 cui
553 1558 729 1612 divina
760 1569 951 1610 manus
979 1554 1202 1620 assistit,
1235 1553 1282 1607 ei
1309 1550 1489 1606 omnia
1520 1546 1747 1603 feliciter

133 1650 450 1707 succedant.
501 1648 624 1703 Non
666 1649 851 1703 servies
893 1646 1052 1712 milii,
1088 1645 1292 1716 inqttit,
1338 1643 1496 1714 gratis
1529 1639 1744 1694 :indica

134 1747 265 1800 mihi
289 1760 404 1813 qua
442 1759 630 1797 merces
657 1750 745 1794 tua
769 1741 857 1795 sit.
895 1739 1150 1808 Quamvis
1177 1737 1363 1791 beatus
1403 1734 1494 1788 ille
1539 1747 1745 1802 magna:

133 1837 379 1894 caritatis
419 1836 542 1893 loco
579 1834 802 1888 haberet
829 1835 910 1887 vel
949 1830 1264 1902 simpliciter
1302 1827 1617 1898 qunlidiano
1645 1825 1743 1877 ali-

137 1939 326 1985 ntcnto
369 1928 469 1983 frui
498 1969 511 1989 ,
558 1926 890 1993 multamque
932 1936 1030 1992 pro
1073 1937 1139 1978 eo
1175 1921 1400 1992 gratiam
1450 1917 1741 1972 redderet:

132 2037 326 2076 verum
357 2019 480 2091 quia
511 2019 700 2073 miram
733 2016 1119 2070 humanitatem
1150 2028 1256 2083 pra:
1285 2027 1344 2066 se
1373 2010 1596 2072 fert-bat,
1624 2008 1744 2062 ideo

137 2113 318 2168 Laban
344 2109 648 2166 mercedem
670 2111 716 2164 ei
745 2107 1046 2178 pollicetur,
1064 2121 1224 2177 quam
1249 2105 1362 2175 ipse
1381 2100 1742 2174 proposuerit.

127 2204 274 2273 Quid
307 2205 468 2277 igitur
486 2201 700 2270 justus?
734 2199 886 2266 \‘idr,
917 2199 1160 2254 obsecro.
1193 2207 1249 2253 et
1277 2196 1360 2250 hic
1391 2195 1742 2250 excellentem

135 2297 256 2365 ejus
282 2294 629 2364 sagacitatem
651 2333 666 2357 ,
699 2300 754 2345 ct
794 2288 1066 2361 quomodo
1095 2289 1295 2342 nullam
1337 2284 1741 2356 eongreganda-

140 2404 258 2441 rutn
287 2401 450 2456 opum
479 2384 725 2439 habuerit
753 2397 960 2437 curam.
986 2380 1101 2436 Non
1131 2381 1274 2436 enim
1303 2381 1442 2435 sicut
1471 2393 1744 2434 mercena-

136 2481 250 2533 rius
281 2477 476 2546 aliquis
519 2491 641 2530 cum
684 2474 868 2531 Laban
914 2472 1206 2538 convenit,
1239 2481 1294 2527 et
1322 2486 1543 2541 operam
1592 2485 1744 2525 suam

134 2567 490 2640 exquisitiore
517 2563 770 2620 mercede
802 2564 942 2618 locat
967 2604 982 2626 ,
1031 2571 1085 2619 ct
1109 2562 1253 2618 aliud
1283 2562 1410 2632 quid
1445 2561 1578 2632 petit
1607 2579 1618 2614 :
1650 2559 1745 2615 scd

135 2675 348 2715 nicntor
393 2659 581 2713 matris
618 2667 674 2714 et
716 2664 1104 2728 pmecptorum
1149 2655 1348 2726 patris,
1381 2664 1432 2708 et
1462 2653 1744 2708 mirificam

133 2753 527 2810 continentiam
556 2768 666 2822 pra:
694 2766 754 2807 se
798 2750 1012 2816 ferens,
1041 2748 1170 2804 dicit
1197 2749 1414 2804 Labano
1447 2765 1460 2802 :
1492 2747 1580 2803 i8.
1617 2747 1742 2802 Ser-

136 2849 274 2901 t-inm
320 2847 410 2900 tibi
451 2855 641 2916 septem
682 2845 828 2899 annis
871 2861 963 2914 pro
1012 2842 1203 2897 Rachel
1244 2844 1354 2912 ﬁlia
1398 2852 1485 2895 tua
1515 2842 1745 2912 juniore.

136 2944 287 2997 lianc
311 2941 455 2994 enim
496 2956 618 2995 mox
651 2949 706 2995 ttt
732 2939 871 3010 apud
907 2939 1109 2993 fontem
1137 2938 1280 3006 vidi,
1310 2939 1504 2992 amavi.
1536 2937 1603 2992 Et
1625 2935 1746 2992 vide

136 3033 570 3090 benevolentiam
602 3031 721 3087 viri.
760 3030 978 3101 Sibiipsi
1011 3039 1066 3086 et
1094 3041 1301 3101 tempus
1323 3029 1629 3102 prmscribit
1651 3070 1666 3094 ,
1693 3041 1746 3083 ct

137 3134 289 3180 tanto
313 3135 556 3194 tempore
577 3122 852 3178 sufficiens
872 3134 1245 3195 argumentum
1269 3139 1378 3178 sum
1401 3122 1746 3197 continentia:

130 3217 365 3286 pra-bet.
416 3215 482 3270 Et
525 3214 653 3284 quid
710 3214 1030 3280 admiraris,
1085 3215 1312 3280 dilecte,
1353 3213 1580 3268 audiens
1622 3227 1744 3266 eum

135 3320 344 3380 septem
387 3308 544 3362 anuis
582 3322 642 3363 se
687 3308 1012 3362 serviturum
1058 3309 1230 3379 promi
1266 3308 1370 3364 isse
1417 3322 1512 3375 ιτο
1550 3306 1746 3361 dilecta

138 3401 357 3471 puella?
391 3399 458 3456 Ut
485 3403 628 3454 enim
666 3400 919 3456 ostendat
951 3400 1104 3455 nobis
1132 3400 1405 3470 Scriptura
1428 3439 1442 3464 ,
1475 3398 1746 3470 quomodo

135 3509 292 3548 tutior
335 3507 560 3563 magnus
602 3503 658 3546 et
703 3492 940 3547 laborem
986 3501 1040 3547 et
1071 3493 1328 3561 temporis
1361 3491 1746 3563 longitudinem

134 3586 403 3651 succidit,
445 3595 502 3641 et
531 3593 588 3639 ttt
631 3587 795 3641 breve
821 3584 1094 3640 videretur
1123 3584 1321 3652 effecit,
1353 3583 1482 3641 dicit
1513 3583 1643 3640 :20.
1685 3584 1747 3638 Et

134 3680 341 3735 servivit
367 3678 532 3733 Jacob
559 3696 650 3749 pro
679 3678 874 3733 Rachel
903 3679 1050 3732 annis
1074 3687 1299 3748 septem,
1331 3688 1379 3731 et
1405 3688 1549 3732 erant
1578 3695 1748 3732 eorum

135 3783 194 3829 eo
219 3773 370 3845 quasi
396 3771 503 3827 dies
531 3773 720 3844 pauci,
765 3789 823 3826 eo
849 3775 988 3843 quod
1018 3773 1126 3843 ipse
1165 3773 1310 3826 illam
1353 3772 1601 3843 diligeret.
1646 3771 1745 3828 Se-

140 3874 309 3937 ptem.
337 3865 533 3936 inquit,
557 3865 704 3932 anni,
733 3865 884 3935 pauci
911 3863 1025 3919 dies
1048 3863 1367 3920 videbantur
1388 3864 1457 3919 ob
1479 3865 1747 3935 ingentem

128 3975 263 4030 erga
295 3958 524 4030 puellam
571 3974 832 4014 antorem.
873 3957 1100 4027 Quando
1143 3957 1287 4013 enim
1318 3958 1436 4028 quis
1481 3959 1750 4012 sauciatur

136 4053 382 4107 caritatis
405 4051 697 4117 desiderio,
726 4051 858 4106 nihil
887 4051 1106 4107 difficile
1133 4059 1342 4120 Spectat
1369 4069 1380 4104 :
1409 4051 1504 4117 sed
1535 4051 1586 4106 id
1610 4051 1749 4121 quod

138 4145 301 4198 fuerit
327 4143 544 4214 plenum
575 4143 828 4213 periculis
857 4154 913 4200 et
943 4144 1108 4198 multa
1139 4145 1376 4207 miseria,
1407 4145 1597 4200 leviter
1627 4147 1747 4212 fert,

128 4234 202 4288 ad
231 4236 334 4290 hoc
365 4249 528 4290 unum
560 4236 880 4306 respiciens,
925 4238 1196 4308 quomodo
1232 4251 1330 4290 suo
1362 4238 1596 4306 potiatur
1627 4249 1751 4292 voto

135 4337 191 4382 et
220 4328 516 4383 desiderio.

211 4414 434 4474 lloralis
456 4420 706 4492 epilogus.
751 4421 909 4475 Amor
937 4422 1118 4476 Jacobi
1162 4439 1282 4492 erga
1327 4421 1522 4478 Rachel
1546 4424 1752 4492 indiﬂ'e-

134 4513 355 4565 rentiam
375 4522 601 4566 nostram
631 4529 752 4583 erga
784 4511 945 4566 Deum
970 4514 1252 4585 redarguit.
1303 4515 1570 4582 Quomodo
1602 4515 1749 4571 Pau-

136 4605 218 4657 lus
240 4604 474 4658 dilexerit
496 4603 660 4658 Deum
685 4622 702 4669 ;
725 4606 890 4676 ipsum
916 4607 1106 4660 imitari
1135 4624 1254 4662 suos
1280 4610 1540 4664 auditores
1570 4611 1750 4664 [torta-

136 4709 241 4749 tur.
275 4725 347 4736 —-
375 4696 668 4752 Audiamus
697 4713 794 4753 nos
821 4698 995 4768 ignavi
1026 4709 1084 4752 et
1108 4700 1307 4768 supini,
1336 4702 1601 4770 ingratum
1623 4719 1750 4774 erga

139 4791 311 4845 "cum
339 4792 574 4844 animum
600 4791 937 4846 exhibentes.
970 4793 1102 4848 Nam
1129 4793 1174 4846 si
1202 4795 1381 4866 justus
1413 4797 1504 4851 ille
1535 4813 1754 4866 propter

137 4884 335 4951 puclla:
363 4899 605 4940 amorem
631 4887 970 4958 septenuium
1000 4892 1206 4946 servire
1237 4891 1484 4962 ferreque
1509 4903 1753 4962 pastora-

137 4975 268 5028 lium
295 4974 539 5029 labortnn
569 4993 842 5033 :erutnnas
867 4979 1127 5045 decrevit,
1154 4993 1336 5036 etnon
1367 4984 1538 5038 sensit
1559 4986 1643 5039 vel
1676 4985 1752 5038 la-

135 5068 319 5132 bores,
348 5069 434 5125 vel
457 5072 713 5139 tetnporis
755 5073 1161 5145 longitudinem,
1194 5076 1288 5132 sed
1319 5077 1498 5131 omnia
1525 5079 1573 5132 ei
1615 5078 1753 5134 levia

135 5169 190 5212 ct
219 5158 394 5216 facilia
420 5159 766 5229 videbantur,
803 5168 1313 5236 exspectationeqne
1340 5178 1394 5222 ct
1421 5185 1516 5239 spe
1544 5171 1752 5225 fruendi

135 5250 326 5316 fultus,
355 5252 428 5306 ita
461 5262 517 5307 ut
539 5253 657 5310 dies
703 5272 900 5325 paucos
941 5259 1158 5330 Iungunt
1186 5261 1316 5317 illud
1349 5262 1560 5334 tempus
1593 5275 1751 5335 puta-

134 5356 219 5401 ret
251 5365 267 5403 :
315 5346 532 5416 qualem
562 5364 662 5403 nos
694 5349 1010 5406 habebimus
1051 5357 1474 5422 excusationem,
1523 5358 1611 5427 qui
1644 5375 1751 5414 non

135 5439 250 5508 pari
281 5438 461 5494 studio
484 5455 610 5508 erga
637 5441 923 5498 Dominum
975 5455 1218 5500 nostrum
1247 5457 1300 5503 et
1352 5450 1751 5507 benefactorent

137 5542 188 5585 et
216 5542 546 5598 curatorem,
580 5543 633 5587 et
662 5535 750 5603 qui
781 5535 934 5591 nobis
977 5535 1046 5590 sit
1080 5540 1282 5606 omnia,
1309 5540 1576 5598 afticitnur
1595 5544 1621 5596 ν
1645 5545 1751 5600 Sed

133 5623 225 5678 Illll
286 5624 602 5694 preponitur
654 5626 856 5682 lucrum
909 5631 1224 5699 temporale,
1278 5635 1454 5689 omnia
1508 5637 1756 5694 alacriter

135 5717 415 5772 sustinere
464 5718 729 5785 volumus,
769 5723 978 5777 etiamsi
1011 5725 1135 5792 quid
1187 5726 1514 5785 laboriosum
1565 5733 1655 5795 sit,
1701 5744 1756 5788 et

137 5809 292 5863 valle
327 5826 693 5866 atrutnnosuin
735 5824 788 5868 ct
831 5816 1146 5884 sordidum,
1183 5833 1233 5873 et
1266 5837 1476 5891 ραξξιιιιιι
1512 5824 1563 5877 in
1616 5843 1752 5894 pra:-

137 5920 195 5958 se
224 5903 277 5954 ετξ
299 5912 349 5957 et
370 5901 545 5956 fatum
566 5908 758 5958 'srt‘ulo
777 5909 1025 5976 pradzctts
1051 5931 1061 5965 :
1084 5926 1553 5985 propterttottt‘atn
1577 5933 1750 5976 autem

3371 429 3476 485 £31

1857 529 2112 594 salutem,
2142 538 2194 585 et
2228 541 2286 586 ut
2315 547 2610 602 supernum
2642 533 2797 589 nobis
2827 535 3069 592 favorem
3099 540 3468 608 conciliemus,

1861 621 2070 676 remissi
2098 630 2154 678 et
2179 623 2357 693 supini
2398 634 2452 679 et
2491 624 2738 681 dissoluti
2777 627 3044 684 videmur.
3076 629 3139 684 Et
3170 631 3342 701 qualis
3386 648 3472 688 no-

1862 714 1942 769 bis
1973 715 2077 771 erit
2105 716 2258 771 venia
2286 757 2302 782 ,
2329 718 2572 788 qualisve
2598 721 2874 775 excusatio
2901 721 2979 776 sic
3010 723 3348 794 negligentim
3372 725 3470 781 de-

1856 805 2004 872 ditis,
2037 808 2124 877 qui
2166 824 2341 880 neque
2381 820 2641 880 quantum
2673 811 2861 868 beatus
2889 813 2977 868 ille
3025 813 3079 868 in
3112 798 3470 883 pucllamde-

1855 897 2078 954 claravit
2097 915 2362 968 amorem,
2385 910 2585 957 tantam
2607 904 2658 957 in
2682 904 2844 959 Deum
2867 907 3145 961 caritatem
3171 907 3430 962 habemus
3456 927 3470 962 :

1857 989 2018 1059 idque
2043 1005 2166 1046 cum
2197 1000 2338 1052 tanta
2373 995 2643 1063 possimus
2673 1010 2965 1052 numerare
2996 997 3255 1053 beneficia
3289 1000 3339 1053 in
3372 1015 3473 1055 nos

1856 1082 2137 1149 collocata,
2178 1092 2232 1138 et
2259 1100 2378 1154 qum
2405 1086 2646 1156 quotidie
2685 1087 3065 1142 collocantur?
3095 1088 3202 1144 Sed
3230 1092 3330 1146 etsi
3375 1106 3474 1147 nos

1859 1182 1965 1227 tam
2001 1175 2199 1245 ingrati
2234 1191 2441 1243 sumus,
2480 1193 2587 1233 non
2621 1180 2690 1234 ita
2720 1190 2868 1234 certe
2912 1181 3097 1235 beatus
3129 1181 3346 1250 Pauius,
3381 1185 3470 1253 qui

1855 1275 1962 1318 tam
1995 1267 2232 1324 fervebat
2257 1270 2522 1340 ctignitus
2543 1273 2901 1327 eratcaritatc
2925 1273 2976 1327 in
3011 1275 3199 1344 Deum,
3229 1286 3286 1329 tit
3307 1279 3468 1330 verba

1857 1356 1944 1412 illa
1975 1367 2121 1413 tanto
2143 1360 2322 1416 animo
2348 1361 2503 1432 digna
2526 1363 2832 1433 loqueretur
2856 1375 2910 1419 et
2931 1365 3206 1428 clamaret,
3241 1366 3428 1422 dicens
3454 1385 3468 1422 :

1861 1448 1988 1517 Quis
2043 1467 2136 1506 nos
2181 1454 2436 1524 separabit
2469 1472 2499 1506 a
2531 1457 2776 1510 clatritate
2797 1455 3030 1511 Christi?
3063 1457 3192 1512 Vide
3221 1457 3474 1512 dictionis

1855 1544 2152 1613 emphasim
2177 1588 2191 1612 ,
2225 1555 2279 1600 et
2321 1546 2575 1602 latentem
2634 1548 2739 1602 vim
2795 1567 2807 1600 :
2860 1548 2985 1602 vide
3018 1551 3218 1604 amt-ris
3252 1550 3471 1605 violenti

1857 1635 2148 1704 fervorem,
2181 1637 2302 1692 vide
2339 1640 2618 1694 caritatem
2650 1641 2801 1695 inccn
2834 1657 2942 1694 am.
2981 1641 3106 1708 Quis
3133 1659 3223 1696 nos
3260 1660 3469 1712 separa-

1853 1729 1921 1781 bit
1960 1729 1981 1800 (
2010 1727 2158 1782 Rom.
2183 1729 2236 1784 8.
2267 1731 2423 1800 53)?
2466 1731 2624 1799 Quid,
2660 1733 2849 1802 inquit,
2873 1742 2975 1795 est,
3001 1735 3142 1802 quod
3178 1736 3346 1803 possit
3370 1752 3467 1788 nos

1853 1834 1882 1872 a
1905 1820 2166 1875 charitate
2188 1820 2278 1875 Dei
2303 1824 2588 1890 separare?
2618 1824 2743 1894 quid
2763 1824 2903 1879 inter
2924 1823 3151 1880 visibilia
3172 1827 3210 1891 ',
3231 1826 3357 1896 quid
3379 1827 3464 1880 iu-

1856 1922 1937 1966 tcr
1965 1913 2294 1968 invisibilia?

1927 2006 1978 2059 5.
2007 2004 2208 2061 Deinde
2235 2007 2424 2061 volens
2451 2015 2503 2061 et
2531 2007 2886 2076 particulatim
2913 2009 3093 2064 omnia
3124 2025 3464 2075 cntutu-rare,

1853 2105 1901 2149 et
1927 2096 2175 2149 Omnibus
2208 2096 2361 2150 nobis
2393 2098 2732 2152 tnanifetum
2763 2098 2938 2153 facere
2965 2101 3328 2168 insuperabile
3358 2101 3457 2156 tle—

1852 2186 2109 2239 sidcrinm
2147 2187 2289 2256 quod
2319 2203 2442 2259 erga
2487 2189 2770 2243 Dominum
2830 2189 3132 2259 possidebat
3161 2233 3174 2256 ,
3231 2190 3467 2246 subdidit

1852 2280 2037 2335 dicens
2068 2299 2077 2332 :
2110 2280 2394 2336 Tribulatio
2416 2283 2442 2336 Σ)
2470 2301 2536 2336 ait
2562 2283 2842 2355 angustia?
2863 2299 2928 2337 an
2959 2283 3160 2352 fames?
3178 2304 3251 2336 an
3280 2303 3453 2352 perse-

1852 2373 2072 2442 quatio?
2112 2391 2177 2426 an
2209 2376 2411 2428 nuditas
2431 2376 2456 2428 ?
2483 2393 2548 2428 an
2578 2377 2898 2445 periculum?
2919 2393 2986 2429 an
3013 2377 3258 2447 gladius?
3283 2377 3328 2432 0
3355 2378 3476 2431 ani—

1854 2482 2018 2531 inani,
2055 2467 2280 2534 insania,
2306 2484 2424 2538 quc
2451 2471 2794 2524 continentia:
2823 2486 2872 2523 tn
2915 2479 2995 2524 ter
3024 2480 3127 2533 est,
3165 2468 3469 2525 furentem!

1853 2560 2016 2628 Quid,
2052 2561 2242 2632 inquit,
2282 2577 2350 2617 ex
2387 2563 2450 2616 iis
2490 2580 2608 2630 qua:
2653 2565 2805 2618 nobis
2860 2564 3043 2618 ittfett‘i
3093 2575 3341 2633 possant,
3373 2580 3472 2618 nos

1855 2665 2087 2706 avocare
2133 2667 2163 2706 a
2193 2654 2417 2708 caritate
2465 2669 2584 2724 qua:
2623 2656 2784 2709 estin
2831 2656 2993 2709 Deum
3024 2655 3259 2726 poterit?
3317 2655 3469 2710 Μαί.

1853 2746 2061 2800 ctioncs
2091 2746 2459 2816 quotidiana?
2488 2748 2722 2804 Minime.
2765 2750 3078 2820 Augustae?
3109 2748 3295 2820 Neque
3343 2749 3470 2804 ilhc.

1853 2838 1992 2894 Num
2019 2841 2503 2912 persequutiones"
2530 2841 2714 2913 Neque
2746 2843 2871 2898 illa'.
2899 2843 3004 2900 Sed
3032 2843 3198 2912 quid?
3227 2861 3353 2898 ntnn
3388 2843 3468 2898 fa-

1853 2933 2006 2988 mes?
2037 2949 2162 2987 nunt
2211 2935 2460 2989 auditas?
2506 2952 2632 2990 num
2664 2937 2937 3005 pericula?
2973 2937 3166 2992 Verum
3195 2939 3321 3008 quid
3353 2939 3473 2992 dico

1855 3023 2072 3091 famem,
2103 3036 2158 3080 et
2187 3027 2506 3092 nuditatem,
2535 3038 2589 3082 et
2635 3030 2878 3096 pericula
2900 3031 2922 3083 ’ἔ
2943 3046 3069 3084 num
3100 3030 3351 3100 gladius?
3389 3033 3468 3088 Ne

1855 3134 2002 3174 mors
2030 3120 2248 3190 quidem
2275 3122 2411 3193 ipsa,
2441 3123 2486 3177 si
2533 3123 2803 3193 lnlligalur
2822 3167 2836 3192 ,
2867 3125 2967 3180 hoc
2995 3128 3190 3195 poterit
3219 3129 3430 3183 efficere
3458 3146 3468 3180 :

1855 3212 1906 3267 id
1930 3213 2072 3267 enim
2117 3228 2341 3284 prorsus
2374 3215 2710 3285 impossibile
2755 3229 2858 3273 est.
2892 3218 3080 3274 Nullus
3121 3222 3256 3274 alius
3284 3224 3361 3276 sic
3389 3222 3472 3277 di-

1854 3315 2046 3374 gnatus
2072 3314 2158 3360 est
2205 3305 2429 3378 diligere
2481 3309 2787 3374 Dominum,
2835 3319 2892 3366 ut
2932 3313 3082 3366 beata
3133 3313 3215 3366 illa
3273 3313 3472 3368 anima.

1853 3396 2016 3462 Quasi
2046 3398 2190 3453 enim
2236 3399 2494 3457 liberatus
2535 3418 2565 3455 a
2607 3418 2855 3473 corpore,
2885 3414 2937 3460 et
2983 3407 3227 3462 sublimis
3281 3407 3474 3474 delllS,

1857 3499 1912 3544 ut
1938 3489 2016 3545 sic
2032 3489 2229 3556 dicam,
2252 3506 2425 3563 neque
2453 3510 2615 3564 super
2635 3505 2833 3551 terram
2860 3499 3134 3555 ambulare
3157 3518 3214 3555 se
3246 3511 3464 3575 putans.

1857 3579 1926 3633 ita
1957 3581 2211 3653 loquitur.
2248 3586 2415 3639 Amor
2442 3586 2588 3641 enim
2629 3589 2682 3642 in
2738 3589 2907 3644 Deum
2940 3600 2994 3645 et
3032 3606 3288 3647 succensa
3327 3587 3476 3649 ρκῖᾶ

1857 3682 1937 3729 tas
1981 3684 2216 3733 mentem
2230 3676 2349 3749 ejus
2363 3678 2834 3738 asensibilibusad
2852 3683 3156 3751 spiritualia
3177 3683 3477 3744 transtulit,

1855 3775 1912 3823 et
1935 3783 1964 3822 a
1994 3771 2349 3837 pra-sentibus
2367 3771 2432 3824 ad
2458 3771 2654 3838 futura,
2688 3786 2741 3828 et
2771 3790 2800 3828 a
2824 3775 3125 3831 visibilibus
3162 3778 3228 3831 ad
3257 3793 3363 3833 non
3397 3779 3476 3831 vi-

1857 3859 2052 3914 sibilia.
2086 3859 2236 3916 Talis
2265 3863 2408 3917 enim
2447 3880 2532 3919 res
2561 3875 2642 3920 est
2672 3867 2804 3921 fides
2832 3877 2886 3922 et
2933 3871 3132 3924 caritas
3174 3871 3226 3924 in
3283 3873 3473 3926 Deum.

1859 3951 1918 4007 Et
1954 3962 2012 4007 ut
2036 3953 2214 4009 discas
2242 3972 2496 4028 magnum
2528 3960 2644 4028 ejus
2672 3961 2852 4015 cordis
2883 3962 3170 4029 affectum,
3210 3963 3338 4020 vide
3355 3981 3479 4020 eum

1857 4047 1947 4116 qui
1981 4050 2058 4102 sic
2084 4050 2371 4108 Dominum
2402 4055 2610 4123 dilexit,
2640 4067 2692 4112 et
2737 4058 2788 4111 in
2832 4059 2946 4127 ejus
2982 4059 3262 4114 caritatem
3321 4076 3481 4115 exar-

1857 4138 1948 4202 sit,
1980 4137 2172 4212 fttgari,
2200 4147 2674 4216 persequtttionetn
2719 4150 2848 4218 pati,
2881 4149 3165 4219 flagellari,
3197 4152 3476 4207 innumera

1857 4230 2038 4298 gravia
2095 4231 2256 4302 ferre,
2291 4245 2343 4291 et
2389 4237 2570 4292 dicere
2606 4260 2618 4294 :
2653 4238 2718 4293 In
2753 4240 3008 4295 laboribus
3035 4242 3396 4308 abundantius,
3427 4244 3481 4298 in

1860 4323 2026 4394 plagis
2052 4343 2209 4396 supra
2238 4330 2465 4394 modum,
2503 4331 2555 4384 in
2581 4334 2830 4387 mortibus
2852 4338 3142 4405 frequenter
3171 4351 3189 4389 :
3219 4353 3250 4388 a
3273 4335 3474 4392 Judwis

1858 4421 2124 4495 quinquies
2162 4422 2516 4495 quadragenas
2563 4442 2665 4479 una
2713 4427 2878 4480 minus
2927 4429 3102 4498 accepi
3145 4442 3167 4483 :
3195 4437 3270 4483 ter
3325 4431 3482 4500 uirgis

1859 4530 2025 4569 ctesus
2073 4531 2207 4580 sum,
2238 4517 2391 4570 semel
2431 4517 2692 4589 lapidatus
2732 4534 2866 4584 sum,
2902 4528 2976 4572 ter
3001 4520 3330 4591 naufragium
3360 4521 3477 4592 feci,

1861 4616 2006 4660 nocte
2061 4617 2107 4660 et
2168 4608 2250 4661 die
2298 4609 2351 4660 in
2398 4610 2660 4680 profundo
2710 4611 2866 4664 maris
2918 4611 3036 4681 fui,
3090 4612 3143 4664 in
3212 4612 3474 4666 itincribttv

1860 4716 2033 4770 satpe,
2092 4702 2330 4770 periculis
2388 4704 2694 4773 fluminum,
2723 4706 2967 4774 periculis
2999 4706 3291 4768 latronum,
3345 4710 3478 4778 peri-

1861 4791 1991 4844 culis
2021 4792 2073 4844 in
2120 4792 2264 4862 falsis
2305 4792 2579 4863 fratribus,
2606 4795 2659 4848 iu
2689 4796 2863 4850 labore
2904 4807 2951 4850 et
2978 4812 3209 4850 a’runtna
3240 4797 3258 4868 (
3286 4797 3338 4850 2.
3358 4797 3478 4854 Cor.

1862 4883 1952 4937 Η.
1983 4882 2184 4954 23-27)
2213 4901 2228 4938 :
2265 4895 2319 4940 ct
2348 4887 2469 4940 talia
2502 4889 2726 4958 patiens,
2775 4889 3042 4960 gaudebat
3072 4899 3125 4945 et
3152 4892 3470 4952 exsultabat.

1861 4972 2073 5029 Sciebat
2099 4977 2265 5044 enim,
2297 4987 2351 5032 et
2381 4981 2713 5048 argumentis
2736 4981 2919 5036 multis
2946 4991 3128 5036 certus
3156 4991 3293 5046 erat,
3322 4983 3468 5039 labo-

1863 5083 1949 5124 res
1977 5080 2271 5139 prmsentes
2303 5073 2537 5127 maxima
2568 5074 2668 5128 sibi
2714 5076 2933 5145 pra'mia
2959 5076 3273 5142 conciliare,
3301 5087 3355 5132 et
3385 5092 3477 5146 ιεςο

1863 5162 2028 5217 rieula
2059 5179 2289 5221 Coronas
2321 5180 2528 5236 parere.
2561 5167 2692 5222 Nam
2716 5170 2758 5222 si
2787 5168 2952 5224 Jacob
2984 5181 3205 5240 propter
3231 5185 3474 5225 antorem

1862 5254 1919 5310 in
1946 5254 2233 5312 Rachelcm
2257 5259 2410 5328 quasi
2441 5261 2696 5330 pauculos
2722 5260 2838 5317 dies
2860 5265 3201 5332 septenuium
3232 5267 3473 5335 putabat.

1862 5349 2032 5403 multo
2056 5351 2228 5420 magis
2253 5350 2440 5406 beatus
2468 5353 2557 5408 ille
2584 5355 2762 5409 omnia
2796 5353 2944 5408 nihili
2978 5354 3228 5422 faciebat,
3248 5372 3480 5411 succen-

1862 5455 1956 5496 sus
1982 5444 2149 5497 semel
2174 5459 2358 5499 amore
2382 5446 2432 5498 itt
2466 5446 2659 5511 Deum,
2692 5453 2748 5501 et
2787 5459 3008 5516 prepzer
3038 5448 3312 5503 Christum
3343 5448 3482 5501 dile—

1862 5542 2008 5587 ctum
2039 5536 2218 5590 omnia
2241 5536 2440 5591 ferens.
2472 5539 2796 5593 Studeamus
2816 5540 2994 5610 igitur,
3021 5540 3268 5612 obsecro,
3303 5551 3355 5592 et
3385 5556 3480 5594 nos

1863 5625 2086 5695 diligere
2129 5628 2422 5684 Christum.
2460 5629 2602 5685 Nihil
2630 5632 2772 5686 cnim
2803 5632 2966 5693 aliud,
3007 5632 3198 5702 inquit,
3232 5631 3477 5686 Christus

1926 5816 1942 5846 ι
1990 5811 2072 5863 Sic
2116 5813 2215 5861 duo
2264 5811 2401 5872 Mss,
2447 5819 2596 5872 atque
2647 5810 2711 5859 ita
2761 5811 2882 5871 legit
2933 5817 3078 5856 γονης
3108 5810 3380 5872 interpres.
3426 5809 3475 5855 in

1863 5877 2021 5927 Edilis
2045 5878 2166 5927 lucc,
2193 5872 2312 5935 quid
2337 5871 2463 5922 inter
2490 5871 2559 5924 t't's
2586 5873 2704 5921 bilitt
2728 5874 2790 5929 (τί
2819 5876 2912 5919 ριὶιτι
2939 5876 3233 5935 Epanterii-rt.
3252 5871 3444 5922 deﬁcit;
3465 5900 3480 5907 -

1862 5942 1975 5988 lunt
2006 5953 2015 5992 ;
2048 5951 2099 5985 se
2125 5941 2134 5984 l
2165 5951 2218 5982 t'n
2258 5935 2419 5983 serit-4
2449 5936 2747 5997 [-r'isttt'rial.
