4086 6436
634 440 764 498 ’ίηῧ

654 552 880 625 requirit
903 563 932 605 a
962 557 1035 615 te,
1063 560 1223 619 quam
1245 553 1302 599 ut
1331 544 1502 614 ipsum
1527 539 1717 610 diligas
1743 552 1806 592 es
1831 543 1943 590 toto
1967 530 2240 625 curde1c‘t

658 620 821 697 lacius
847 638 1096 695 mandata
1129 636 1244 706 ejus
1271 632 1461 708 (Marc.
1493 630 1579 687 12.
1600 629 1724 700 30).
1770 626 1870 696 Qui
1898 624 2041 681 enim
2071 620 2241 692 diligit

655 724 793 787 sicut
842 712 1052 800 oportet
1105 728 1290 791 Deum,
1329 715 1665 779 manifestum
1700 718 1841 791 quod
1890 726 1946 774 et
1991 713 2240 770 mandata

653 822 771 893 ejus
794 820 1017 890 implere
1044 818 1262 873 nitatur.
1288 813 1513 885 Quando
1541 813 1683 867 enim
1714 810 1833 879 quis
1852 822 1978 895 erga
1998 805 2234 875 aliquem

658 915 894 969 fraterne
916 909 1164 970 afficitur,
1192 907 1371 963 omnia
1424 905 1596 960 facere
1641 900 1840 967 studet,
1886 908 1944 952 ut
1985 896 2240 952 dilectum

576 1006 577 1009 “
653 1002 923 1058 attrahere
942 1000 1111 1073 possit
1143 998 1195 1052 in
1219 1010 1460 1052 amorem
1486 1008 1663 1049 suum.
1716 991 1779 1046 Et
1831 1002 1926 1044 uos
1953 998 2168 1057 quoque
2194 982 2238 1038 si

659 1092 939 1148 Dominum
966 1091 1174 1145 sincere
1199 1085 1561 1145 dilexerimus.
1583 1080 1828 1136 mandata
1858 1078 1974 1147 ejus
1994 1075 2238 1145 implere,

667 1180 910 1251 nihilque
935 1192 1141 1242 eorum,
1168 1191 1290 1246 quae
1318 1173 1639 1230 exacerbare
1665 1175 1913 1239 poterunt
1960 1164 2239 1226 dilectum,

668 1270 844 1327 facere
866 1267 1213 1324 studebimus.
1237 1264 1351 1321 Hoc
1372 1262 1533 1319 fuerit
1556 1275 1778 1331 regnum
1814 1258 2093 1322 caelorum,
2142 1255 2244 1311 hoc

662 1362 923 1415 bonorum
948 1357 1164 1419 fruitio;
1192 1356 1294 1411 hoc
1332 1354 1535 1410 inllnita
1577 1352 1716 1408 bona
1754 1350 2014 1415 continet,
2044 1349 2089 1403 si
2114 1363 2240 1419 ger-

659 1464 813 1505 mane
862 1457 918 1504 et
962 1448 1101 1503 sicut
1131 1454 1343 1518 oportet
1390 1459 1514 1501 eum
1557 1442 1809 1500 dilexeris
1841 1459 1855 1496 :
1888 1442 2035 1497 illum
2061 1447 2239 1496 autem

661 1541 868 1609 sincere
913 1537 1217 1609 diligimus,
1247 1536 1294 1590 si
1337 1543 1556 1607 propter
1596 1534 1872 1589 caritatem
1913 1535 1965 1586 ln
1993 1544 2139 1592 eum.
2188 1540 2243 1584 et

656 1646 778 1701 erga
804 1608 1094 1685 conservos
1131 1627 1364 1682 multam
1404 1626 1753 1681 cxbibeamus
1780 1622 2142 1679 dilectionem.
2173 1620 2241 1676 In

655 1721 733 1775 lu's
756 1721 889 1775 enini
910 1718 1105 1773 duobus
1122 1716 1394 1780 mandatis,
1436 1714 1626 1784 inquit,
1670 1714 1901 1767 universa
1929 1712 2014 1767 les
2039 1720 2088 1765 et
2114 1726 2238 1782 pro-

652 1812 817 1880 phetat
858 1810 1072 1880 pendent
1114 1805 1327 1879 (Matth.
1367 1806 1458 1859 22.
1512 1803 1620 1877 40)
1649 1820 1663 1858 :
1696 1818 1887 1873 nempe
1943 1812 2002 1857 ut
2053 1802 2241 1874 diligas

656 1902 939 1958 Dominum
967 1900 1131 1955 Deum
1178 1906 1324 1953 tuum
1357 1912 1423 1953 ex
1470 1906 1580 1952 toto
1603 1895 1767 1951 corde
1792 1904 1885 1950 tuo
1905 1935 1920 1962 ,
1955 1904 2101 1951 etes
2133 1904 2241 1950 tota

653 2002 835 2048 mente
864 2001 973 2059 tua,
1004 2000 1057 2046 et
1081 2005 1144 2047 es
1171 1988 1417 2044 omnibus
1443 1988 1642 2043 viribus
1670 1990 1814 2053 tuis;
1848 1996 1903 2043 et
1940 1986 2243 2057 proximum

640 2092 804 2137 'tuum
819 2082 956 2137 sicut
990 2079 1218 2151 teipsum
1248 2077 1439 2153 (Marc.
1466 2079 1552 2133 i2.
1582 2078 1670 2135 50.
1704 2077 1796 2149 5i)
1851 2078 1976 2133 Haec
2003 2078 2240 2132 omnium

656 2173 912 2227 virtutum
935 2183 1164 2236 summa,
1193 2167 1291 2222 hoc
1307 2168 1729 2224 fundamentum.
1758 2167 1927 2223 Simul
1952 2167 2094 2223 enim
2118 2181 2239 2236 cum

650 2260 872 2316 caritate
894 2260 947 2313 in
981 2259 1144 2313 Deum
1170 2256 1463 2327 ingreditur
1487 2256 1703 2313 dilectio
1727 2257 1971 2328 proximi.
1996 2254 2128 2319 Nam
2148 2255 2239 2326 qui

654 2350 818 2405 Deum
840 2348 1030 2419 diligit,
1064 2362 1168 2402 non
1195 2345 1453 2417 despiciet
1476 2346 1715 2414 fratrem,
1747 2361 1919 2417 neque
1948 2361 2078 2417 opes
2122 2347 2241 2417 plu-

652 2441 749 2505 ris,
781 2453 941 2511 quam
965 2437 1260 2493 membrum
1276 2451 1438 2492 suum
1463 2479 1478 2505 ,
1508 2436 1700 2504 faciet,
1729 2438 1824 2494 sed
1852 2453 2099 2509 magnam
2130 2453 2239 2509 pra:

652 2546 710 2584 se
740 2530 871 2586 feret
899 2528 1306 2600 benignitatem,
1344 2544 1550 2606 memor
1573 2530 1688 2593 ejus
1714 2531 1803 2600 qui
1831 2528 1971 2609 dixit
2000 2548 2014 2585 :
2045 2529 2145 2597 Qui
2165 2532 2239 2601 fe-

652 2626 773 2679 cerit
796 2624 990 2697 aliquid
1015 2623 1291 2678 suillorum
1305 2624 1646 2687 minimarum,
1669 2626 1792 2677 mihi
1810 2624 1982 2693 fecerit
2009 2623 2227 2697 (Matth.

655 2714 749 2771 25.
772 2713 898 2785 40).
932 2714 998 2770 Et
1019 2715 1278 2786 cogitans,
1305 2723 1522 2785 prepter
1546 2714 1895 2771 ministerium
1927 2717 1979 2770 itt
2017 2730 2236 2773 conscr-

652 2821 774 2860 vum
808 2805 971 2861 Deum
998 2806 1168 2875 ipsum
1198 2820 1317 2861 esse
1340 2805 1427 2875 qui
1458 2815 1513 2859 ιιι
1542 2805 1639 2861 sibi
1680 2805 1975 2875 prtestitum
2004 2805 2239 2862 officium

651 2897 935 2963 adscribat,
986 2911 1174 2967 magna
1220 2911 1340 2950 cum
1371 2895 1645 2951 alacritate
1686 2896 1865 2950 omnia
1908 2896 2236 2966 operabitur,

651 3002 1002 3060 Magnumque
1031 2986 1401 3042 liberalitatem
1442 2987 1713 3042 exhibebit
1754 2987 1896 3043 circa
1943 2987 2241 3059 elcemcsy—

651 3099 794 3150 nam,
816 3098 918 3137 non
947 3080 1012 3135 ad
1040 3080 1290 3135 vilitatem
1318 3079 1606 3151 respiciens
1624 3078 1868 3148 pauperis
1884 3080 1974 3149 qui
1999 3086 2237 3148 apparet,

651 3174 744 3229 sed
773 3174 838 3228 ad
887 3171 1304 3244 magnitudinem
1344 3173 1461 3239 ejus
1507 3171 1596 3241 qtti
1641 3171 1885 3240 promisit
1927 3185 1986 3226 se
2030 3170 2240 3226 habitu-

650 3281 767 3321 rum
799 3264 1018 3335 perinde
1048 3279 1112 3319 ac
1144 3263 1189 3317 si
1220 3261 1318 3318 sibi
1360 3260 1496 3316 facta
1526 3272 1728 3326 essent,
1759 3277 2109 3332 qntccnmque
2160 3260 2241 3316 illi

651 3359 786 3413 facta
812 3357 1023 3413 fuerint.
1054 3355 1131 3412 Ne
1156 3356 1313 3426 igitur
1356 3366 1734 3425 praetereamus
1759 3355 2089 3423 simpliciter,
2120 3368 2239 3421 oro,

652 3450 854 3504 lucrum
882 3456 1179 3502 nostrarum
1209 3445 1506 3500 animarum
1534 3454 1587 3499 et
1608 3444 1903 3499 remedium
1936 3453 2239 3499 nostrorum

600 3582 633 3611 ﬁ;
654 3538 949 3595 vulnerum.
980 3536 1094 3592 Hoc
1112 3536 1277 3600 enim,
1332 3535 1434 3590 hoc
1459 3537 1748 3591 maximum
1788 3535 2133 3607 pharmacum
2166 3537 2235 3593 ita

652 3632 857 3688 curabit
891 3640 947 3686 et
972 3629 1205 3686 abolebit
1235 3629 1415 3685 ulcera
1460 3630 1759 3685 animarum
1810 3641 2114 3686 nostrarum
2136 3673 2151 3698 ,
2184 3642 2244 3687 ut

656 3740 824 3795 neque
851 3723 1127 3794 vestigium
1152 3737 1324 3791 neque
1346 3722 1561 3777 cicatrix
1585 3721 1759 3792 aliqua
1786 3725 2093 3793 apparitnra
2123 3724 2195 3779 sit
2223 3741 2237 3778 :

660 3815 708 3867 id
759 3811 899 3880 quod
948 3812 1000 3864 in
1040 3811 1283 3880 corporis
1326 3809 1631 3865 vulneribus
1679 3825 1783 3864 non
1835 3819 1919 3865 est
1970 3812 2240 3882 possibile.

659 3902 787 3957 Nam
819 3902 943 3956 licet
978 3900 1096 3969 quis
1130 3900 1321 3953 millies
1368 3900 1748 3969 cataplasmata
1778 3913 1994 3971 accepta
2018 3918 2047 3956 a
2077 3904 2245 3959 medi-

669 3998 747 4051 cis
773 4001 1117 4066 superponat,
1135 4007 1354 4049 necesse
1374 4002 1454 4049 est
1491 3994 1789 4050 cicatricem
1810 3995 1863 4050 in
1879 4011 2102 4065 corpore
2132 4012 2247 4051 ma-

660 4101 828 4149 nere;
859 4094 910 4138 et
938 4084 1125 4137 merito
1152 4100 1167 4137 :
1194 4098 1385 4151 corpus
1410 4084 1551 4139 enim
1583 4095 1664 4138 est
1710 4084 1851 4154 quod
1879 4094 2116 4140 curatur.
2147 4086 2245 4142 llic

661 4186 838 4231 autem
864 4175 985 4244 quia
1007 4174 1181 4227 anima
1216 4183 1299 4229 est
1328 4190 1442 4242 qua:
1472 4184 1687 4229 curatur
1710 4216 1727 4241 ,
1761 4176 1972 4244 quando
2000 4176 2118 4244 quis
2146 4175 2243 4231 bo-

666 4280 786 4318 nam
826 4278 975 4316 suam
1021 4262 1349 4316 voluntatem
1391 4262 1645 4329 declarat,
1690 4264 1909 4318 multam
1955 4265 2006 4318 in
2056 4264 2248 4319 melius

667 4355 1011 4408 mutationem
1039 4351 1231 4421 'ccipit
1262 4368 1273 4403 :
1309 4362 1363 4405 et
1399 4352 1477 4405 sic
1501 4352 1679 4406 omnia
1714 4353 1891 4407 ulcera
1923 4353 2164 4424 depellit,
2192 4364 2248 4409 ut

667 4453 855 4499 ventus
902 4442 1190 4497 vehemens
1231 4442 1503 4512 pulverem
1546 4442 1815 4498 deturbat.
1860 4446 2033 4513 Atque
2059 4444 2246 4500 borum

669 4535 903 4589 omnium
951 4532 1210 4601 exemplis
1236 4532 1408 4601 plenae
1454 4542 1577 4586 sunt
1607 4532 1919 4603 Scriptum.
1950 4533 2021 4588 Ita
2054 4534 2248 4591 Paulus

667 4628 938 4696 apostolus
967 4626 1132 4681 factus
1161 4636 1247 4682 est
1275 4642 1337 4681 ex
1363 4636 1765 4696 persequutore,
1787 4639 1838 4684 et
1861 4632 1950 4701 qui
1979 4633 2123 4700 prius
2152 4634 2249 4686 itu-

663 4717 934 4787 pugttabat
961 4716 1275 4781 Ecclesiam,
1318 4726 1496 4786 postea
1523 4717 1695 4773 factus
1720 4730 1801 4775 est
1818 4722 1934 4791 ejus
1959 4721 2245 4792 pronubus.

747 4806 800 4861 ι.
852 4804 994 4859 Brevi
1040 4814 1258 4875 tempore
1286 4815 1445 4875 potest
1490 4806 1786 4862 delictorum
1826 4812 2049 4865 remissio
2096 4813 2248 4883 impe-

677 4898 817 4951 trari.
857 4896 1197 4965 Eleemosyua:
1224 4895 1533 4965 magnitudo.
1555 4897 1830 4953 —Vidisti
1860 4910 2051 4969 quanta
2074 4917 2249 4956 rerum

676 4987 1018 5043 vicissitudo?
1046 4987 1221 5042 vidiSIi
1249 5001 1441 5055 quanta
1464 4992 1872 5045 transmutatio?
1899 4992 1987 5047 Sic
2018 5002 2071 5047 et
2094 4996 2247 5062 latro,

678 5080 764 5147 qui
796 5078 955 5130 multa
984 5076 1178 5131 fecerat
1210 5078 1512 5145 homicidia,
1547 5080 1598 5133 iu
1622 5098 1727 5134 uno
1753 5085 2011 5153 temporis
2038 5097 2250 5152 puncto,

681 5179 895 5238 propter
924 5182 1085 5235 pauca
1113 5167 1200 5218 illa
1232 5168 1393 5221 verba
1425 5170 1495 5221 ita
1525 5172 1702 5224 omnia
1728 5172 1893 5227 abluit
1936 5187 2170 5243 peccata,
2202 5187 2257 5233 ttt

681 5261 887 5312 audiret
918 5273 945 5311 a
994 5258 1215 5313 Domino
1258 5275 1270 5311 :
1329 5257 1491 5313 Hodie
1544 5279 1735 5317 mecum
1783 5267 1878 5320 eris
1926 5270 1977 5320 in
2021 5272 2257 5337 paradiso

687 5351 834 5411 (Luc.
860 5351 949 5404 25.
982 5351 1050 5406 43
1073 5352 1110 5419 ).
1140 5350 1229 5404 Sic
1254 5361 1305 5404 et
1328 5352 1659 5419 publicanus,
1687 5357 1775 5425 qni
1806 5371 2137 5426 percusserat
2169 5380 2259 5430 pc-

684 5453 819 5496 (τηις.
854 5450 908 5493 et
929 5454 1023 5494 sua
1057 5450 1267 5508 peccata
1299 5442 1575 5498 confessus
1595 5456 1730 5511 erat,
1764 5448 2038 5505 descendit
2061 5452 2258 5521 justifi-

689 5546 830 5583 .;.tus
860 5533 1043 5598 magis,
1071 5545 1226 5599 quam
1275 5532 1575 5588 Pltariszeus
1613 5536 1631 5604 (
1666 5536 1749 5589 Id.
1781 5539 1869 5594 .18.
1906 5542 2030 5611 l3).
2066 5543 2257 5598 Verum

694 5638 872 5676 «mnes
907 5623 965 5699 ili.
1006 5623 1197 5675 anima:
1237 5637 1344 5676 sua:
1377 5624 1570 5679 bonum
1615 5627 1859 5683 affectum
1907 5632 2260 5702 declararunt,

690 5726 740 5764 et
782 5713 952 5781 priora
996 5713 1221 5766 confessi
1260 5724 1495 5779 peccata,
1548 5718 1913 5775 remissionem
1965 5725 2259 5781 obtinuere.
2313 5718 2324 5733 ³

699 5802 972 5858 Videamus
1002 5816 1250 5859 autemet
1280 5803 1437 5874 hujus
1467 5808 1695 5862 mandati
1723 5813 1897 5882 robur,
1927 5826 1979 5870 et
2008 5832 2257 5891 qvautam

1399 427 1457 485 s.
1496 408 2278 484 .lOANXlS‘CllRYSOS‘I‘Olll
2319 407 2637 467 ARCSIIEP.
2676 408 3211 468 CONS'I'ANTINOP.

2349 525 2688 583 abundantiae
2716 526 2824 582 rint
2863 526 3135 598 possideat
3160 526 3307 598 larga
3333 524 3685 596 elocutosth
3710 564 3728 589 ,
3757 532 3821 578 ut
3846 536 3949 580 eum

2348 614 2692 672 didicerimus
2716 616 2921 673 lucrum
2942 616 3086 688 quod
3112 616 3238 673 inde
3260 616 3521 679 nascitur,
3550 615 3821 670 alacriter
3849 628 3952 669 eam
4052 614 4053 693 1

2348 705 2652 779 largiamur.
2681 708 2842 765 Forte
2864 708 3011 765 enim
3042 717 3189 765 tanta
3216 708 3335 779 ejus
3361 716 3443 762 est
3468 715 3735 783 potestas,
3769 715 3833 761 ut
3862 720 3952 762 non

2347 800 2521 854 solum
2558 809 2771 868 peccata
2814 815 3061 873 purgare,
3089 799 3184 857 sed
3213 808 3268 856 et
3295 809 3523 854 mortem
3550 797 3743 868 fugare
3766 797 3955 852 valeat.

2349 888 2416 944 Et
2442 890 2728 960 quomodo,
2754 904 2856 961 ego
2881 890 3079 947 dicam.
3110 890 3177 945 Et
3203 890 3346 961 quis,
3374 889 3513 945 dicet
3544 888 3782 960 aliquis,
3811 887 3952 943 elec-

2349 993 2625 1050 mosyuam
2659 978 2879 1044 faciens,
2894 981 3138 1051 superior
3160 990 3333 1037 morte
3351 979 3521 1036 factus
3536 989 3621 1036 est
3638 980 3665 1034 2
3683 978 3838 1036 Sane
3851 992 3961 1034 out-

2350 1086 2444 1125 ues
2475 1069 2721 1124 videmur
2740 1071 2841 1125 sub
2876 1071 3064 1128 mortis
3088 1069 3425 1143 tyrannidem
3458 1072 3694 1126 venisse.
3729 1067 3816 1124 Ne
3846 1079 3949 1124 tar-

2346 1160 2509 1224 bcris,
2540 1157 2753 1224 dilecte,
2785 1159 2880 1216 sed
2906 1160 3068 1216 rebus
3082 1160 3212 1231 ipsis
3234 1158 3386 1215 disce
3409 1157 3685 1230 quomodo
3701 1158 3945 1215 eleemo-

2346 1266 2497 1324 syna:
2550 1253 2629 1306 vis
2676 1261 2730 1307 et
2783 1252 2973 1307 mortis
3002 1250 3129 1306 vicit
3158 1250 3516 1322 tyrannidem.
3573 1249 3821 1305 Tabitha
3852 1258 3960 1304 erat

2346 1344 2575 1409 mulier,
2607 1342 2763 1413 cujus
2812 1357 3009 1398 nomen
3044 1342 3089 1398 si
3119 1342 3240 1412 quis
3296 1342 3689 1413 interpretatur
3714 1382 3731 1407 ,
3762 1340 3958 1398 dicitur

2346 1431 2588 1487 Dorcas:
2630 1431 2999 1502 haecquotidie
3016 1431 3435 1502 dabatoperam,
3474 1440 3533 1485 ut
3557 1429 3850 1500 colligeret
3891 1445 3955 1485 ex
4052 1476 4053 1483 η

2345 1524 2687 1596 eleemosyna
2717 1524 2948 1579 divitias.
2986 1523 3055 1579 Et
3098 1523 3380 1589 vestiebat,
3411 1522 3624 1593 inquit,
3649 1519 3879 1588 viduas,
3907 1532 3956 1576 et
4052 1552 4053 1577 ξ

2345 1616 2480 1672 alios
2507 1630 2699 1673 omnes
2737 1625 2988 1686 sumptus
3016 1615 3097 1671 eis
3128 1614 3423 1685 prtebcbat.
3471 1613 3695 1669 Factum
3732 1618 3836 1670 est
3863 1628 3955 1668 au-

2346 1716 2457 1763 tem
2480 1717 2536 1762 ut
2585 1708 2854 1763 infirmata
2886 1708 3001 1778 ipsa
3036 1715 3356 1763 moreretur.
3385 1705 3491 1762 Sed
3519 1705 3642 1761 vide
3683 1705 3955 1777 quomodo

2346 1801 2431 1856 h.e
2457 1817 2577 1871 qua:
2603 1802 2673 1856 ab
2719 1801 2809 1856 illa
2837 1800 3181 1867 curabantur,
3213 1808 3270 1856 et
3298 1814 3432 1872 quas
3460 1798 3750 1866 vestiebat,
3794 1799 3954 1855 bene-

2347 1891 2499 1947 ficam
2530 1900 2829 1963 opportune
2864 1890 3283 1947 remunerariut.
3324 1890 3541 1946 Stantes
3565 1889 3715 1944 circa
3738 1898 3953 1959 aposto-

2345 1980 2454 2037 lum
2482 2024 2498 2048 ,
2530 1983 2922 2048 monstrabant,
2960 1982 3167 2054 inquit,
3194 1982 3243 2037 ei
3275 1990 3476 2049 vestes,
3502 1988 3558 2036 et
3606 1990 3808 2036 cuneta
3840 1996 3953 2053 qua:

2344 2072 2595 2138 faciebat,
2641 2089 2763 2129 cum
2790 2073 2966 2131 adhuc
3003 2073 3058 2130 in
3105 2074 3355 2130 humanis
3382 2083 3567 2146 ageret
3617 2074 3827 2130 Dorcas
3856 2092 3872 2129 :
3904 2084 3952 2130 et

2342 2164 2613 2220 alumnam
2640 2165 3005 2236 requirebant,
3039 2165 3309 2237 lacrytnas
3345 2165 3771 2236 profundebant,
3804 2177 3861 2222 et
3886 2168 3949 2221 ad

2343 2272 2589 2329 magnam
2617 2258 3017 2315 miserationem
3044 2258 3353 2328 apostolum
3395 2261 3788 2329 provocahant.
3818 2258 3949 2329 Quid

2343 2348 2505 2420 igitur
2530 2348 2726 2405 beatus
2753 2348 2989 2405 Petrus?
3017 2348 3239 2405 Canibus
3282 2350 3483 2420 positis,
3516 2350 3712 2420 inquit,
3737 2352 3905 2404 orarit
3930 2366 3948 2404 :

2342 2449 2388 2494 et
2407 2455 2674 2496 conversus
2708 2440 2778 2495 ad
2801 2456 3011 2511 corpus,
3039 2441 3170 2496 dixit
3190 2457 3211 2495 :
3234 2439 3472 2506 Tabitha,
3517 2458 3695 2513 surge.
3730 2441 3838 2497 Illa
3862 2459 3950 2496 att-

2342 2542 2441 2589 tem
2477 2534 2675 2606 aperuit
2703 2534 2877 2589 oculos
2918 2550 3038 2590 suos
3060 2574 3076 2602 ,
3120 2542 3167 2588 et
3194 2542 3250 2588 at
3293 2534 3417 2588 ridi:
3458 2531 3697 2602 Petram,
3750 2534 3945 2589 resedit.

2344 2625 2482 2681 Data
2505 2634 2677 2680 autem
2704 2624 2748 2679 ei
2775 2640 2951 2692 manu,
2971 2623 3253 2679 «niteant
3283 2637 3303 2678 :
3328 2632 3378 2678 et
3399 2623 3664 2679 accersitis
3694 2624 3886 2679 sanctis
3903 2632 3948 2678 et

2343 2714 2527 2781 viduis,
2553 2714 2920 2769 conmendavit
2937 2712 3043 2769 illis
3066 2729 3179 2770 eam
3196 2714 3358 2768 uisant
3386 2711 3528 2786 (Act.
3556 2714 3613 2770 9.
3636 2714 3763 2785 ιο).
3798 2714 3941 2769 Vidi—

2343 2807 2410 2861 sti
2433 2806 2682 2862 virtutem
2711 2805 2959 2877 apostoli,
2989 2804 3098 2861 imo
3115 2805 3389 2874 operantis
3419 2820 3518 2877 per
3546 2820 3674 2862 eum
3701 2806 3948 2861 Domini?

2342 2896 2519 2953 vidisti
2542 2906 2740 2968 quanta
2765 2897 3047 2954 retributio
3066 2896 3433 2954 beneﬁcentia:
3454 2899 3508 2954 in
3537 2898 3755 2964 victitas,
3784 2899 3939 2954 etiam

2343 2989 2396 3045 in
2414 2990 2711 3060 pra-senti?
2752 2989 2890 3056 Quid
2920 2990 3063 3045 enim
3090 3000 3320 3057 tantum,
3357 3005 3564 3061 quaso,
3599 2991 3836 3062 prmbuit
3861 2990 3943 3046 illa

2344 3082 2536 3148 viduis,
2562 3091 2818 3154 quantum
2848 3082 2954 3139 illa:
2990 3083 3041 3138 ei
3068 3082 3469 3153 rependerem?
3495 3082 3692 3140 Vestes
3726 3072 3947 3156 pmbuit

2344 3173 2695 3236 etalimenta,
2725 3173 2819 3227 sed
2861 3173 2967 3229 illa:
3006 3172 3073 3228 ad
3099 3174 3263 3229 vitam
3286 3171 3428 3228 lianc
3470 3172 3855 3243 reduxerunt;
3897 3190 3947 3234 ct

2344 3273 2573 3320 mortem
2602 3264 2668 3317 ab
2688 3280 2751 3320 ea
2796 3266 3045 3335 fugarunt
3073 3281 3087 3319 :
3118 3265 3227 3319 imo
3255 3279 3360 3319 non
3406 3264 3531 3327 illae.
3559 3264 3656 3320 sed
3702 3267 3946 3325 clemens

2346 3355 2602 3409 Dominus
2624 3363 2806 3409 uoster
2831 3363 3047 3425 propter
3062 3369 3254 3411 curam
3275 3370 3434 3426 quam
3460 3355 3567 3411 illis
3578 3356 3944 3429 impendent.

2348 3443 2566 3517 Vidistis
2613 3443 2885 3514 phartuaci
2931 3445 3251 3516 potentiam,
3282 3446 3664 3503 dilectissimi?
3694 3448 3815 3506 lloc
3843 3466 3949 3511 oni-

2345 3548 2443 3590 nes
2488 3534 2775 3605 nobisipsis
2819 3550 3113 3605 paremus:
3152 3550 3330 3608 neque
3382 3537 3526 3593 enim
3572 3549 3948 3612 sumptuosam

2347 3633 2450 3691 est,
2483 3627 2729 3695 quamvis
2751 3635 2914 3681 tanta:
2939 3627 3011 3683 sit
3037 3628 3268 3693 virtutis,
3293 3627 3389 3684 sed
3410 3638 3467 3684 et
3488 3628 3580 3685 vili
3601 3632 3835 3700 emitur,
3863 3649 3953 3690 nes

2348 3715 2516 3767 multo
2543 3722 2759 3784 sumptu
2808 3714 3032 3785 indiget.
3085 3715 3394 3787 Magnitudo
3420 3719 3564 3775 enim
3589 3719 3951 3797 elocutum

2347 3820 2453 3860 non
2482 3805 2534 3859 in
2566 3806 2904 3861 multitudine
2926 3808 3272 3878 pecuniarum
3296 3808 3378 3864 vel
3398 3806 3561 3881 opum
3590 3810 3696 3866 sita
3727 3822 3844 3877 est,
3867 3814 3952 3869 sed

2346 3911 2412 3950 ex
2442 3896 2714 3951 alacritate
2737 3896 2975 3951 dantiutn
3002 3898 3271 3968 judicatur
3294 3898 3506 3970 (Matth.
3540 3900 3631 3956 10.
3666 3901 3793 3974 42).
3823 3903 3953 3960 Pro-

2350 3997 2468 4055 pter
2487 3987 2587 4041 hoc
2613 3996 2668 4041 ct
2697 3987 2788 4058 qui
2834 3998 3018 4059 potum
3048 3978 3204 4060 aqua:
3244 3989 3451 4062 frigida
3479 3989 3653 4060 dedit,
3699 4006 3954 4068 acceptus

2348 4088 2453 4143 est,
2494 4093 2702 4131 necnon
2734 4094 2795 4134 ea
2842 4094 2962 4149 qum
2988 4080 3096 4136 duo
3120 4080 3327 4137 minuta
3368 4082 3421 4135 in
3464 4083 3765 4140 eorbonam
3817 4087 3955 4143 misit

2350 4165 2505 4236 (Luc.
2534 4166 2627 4221 2|.
2649 4167 2686 4220 2
2707 4168 2728 4239 )
2748 4210 2762 4232 ,
2810 4178 2869 4224 ut
2912 4169 3201 4236 discamus,
3232 4171 3429 4241 ubique
3478 4180 3683 4228 rectam
3719 4185 3952 4232 mentem

2351 4259 2550 4330 requiri
2578 4258 2645 4313 ab
2672 4260 3042 4316 universorum
3085 4261 3335 4317 Domino.
3369 4261 3509 4318 Fieri
3552 4271 3738 4332 potest
3770 4277 3831 4320 ut
3870 4269 3951 4338 qui

2354 4364 2538 4419 parum
2568 4350 2743 4414 habet,
2774 4366 3024 4421 magnam
3058 4366 3168 4422 prze
3209 4367 3270 4407 se
3311 4351 3449 4408 ferat
3474 4353 3889 4421 liberalitatem,
3914 4361 3952 4413 si

2355 4456 2542 4513 magna
2570 4447 2710 4498 valet
2734 4443 3005 4498 alacritate
3037 4460 3052 4498 :
3081 4452 3137 4498 et
3158 4444 3250 4514 qui
3281 4444 3445 4499 multa
3470 4446 3712 4514 possidet
3736 4489 3752 4512 ,
3782 4450 3955 4506 minor

2367 4533 2611 4587 videatur
2642 4533 2704 4587 iis
2729 4532 2817 4602 qui
2855 4548 3040 4603 parum
3068 4533 3289 4603 habent,
3318 4549 3434 4605 pro;
3455 4542 3539 4591 tcr
3561 4536 3771 4594 sordidi
3794 4541 3955 4596 animi

2356 4624 2712 4679 tenacitatem.
2788 4623 3135 4682 Ell‘undamus
3199 4626 3395 4697 igitur,
3449 4642 3671 4700 quaeso,
3728 4629 3957 4688 faculta-

2358 4724 2436 4769 tes
2481 4724 2689 4770 nostras
2749 4713 2801 4769 in
2824 4730 3025 4784 egenos
3048 4727 3227 4772 mente
3258 4717 3487 4787 liberali,
3518 4734 3586 4775 ex
3615 4720 3679 4776 iis
3708 4737 3838 4793 qua:
3864 4737 3957 4780 no-

2358 4808 2438 4863 bis
2466 4808 2720 4862 Dominus
2765 4807 2909 4862 dedit
2942 4826 2954 4863 :
2984 4818 3037 4863 et
3065 4824 3184 4879 qua:
3213 4810 3281 4864 ab
3301 4824 3369 4866 eo
3392 4810 3518 4865 data
3545 4822 3691 4880 sunt,
3723 4813 3831 4884 ipsi
3860 4816 3958 4873 ite-

2360 4916 2476 4957 rum
2501 4901 2707 4967 demus,
2764 4911 2822 4956 ut
2858 4906 2936 4957 sic
2975 4902 3167 4959 iterum
3211 4913 3391 4960 nostra
3434 4920 3559 4960 cum
3610 4907 3763 4963 lucro
3807 4910 3956 4966 fiant.

2360 4995 2528 5048 Tanta
2578 4995 2722 5048 enim
2778 4994 2895 5064 ejus
2947 5005 3031 5051 est
3084 4996 3410 5063 liberalitas,
3467 5010 3525 5053 ut
3567 4999 3693 5056 licet
3733 4992 3962 5074 accipiat

2361 5086 2427 5141 de
2460 5086 2523 5140 iis
2575 5102 2693 5157 quae
2736 5088 2850 5156 ipse
2895 5088 3064 5155 dedit,
3106 5103 3211 5143 non
3244 5098 3390 5159 putet
3435 5098 3615 5147 tamen
3653 5098 3879 5167 propria
3909 5113 3963 5153 se

2361 5181 2625 5247 accipere,
2671 5179 2764 5233 sed
2814 5195 3001 5248 magna
3048 5181 3408 5239 muniﬁcentia
3439 5183 3593 5239 nobis
3620 5202 3683 5241 ea
3722 5188 3962 5243 redditu-

2365 5285 2478 5323 rum
2508 5285 2565 5324 se
2594 5270 2910 5338 pollicetur;
2967 5279 3171 5326 tantum
3223 5274 3268 5327 si
3300 5288 3397 5328 nos
3438 5290 3558 5344 quae
3609 5288 3800 5332 nostra
3842 5290 3967 5333 sunt

2366 5361 2541 5417 facere
2587 5362 2850 5426 velimus,
2896 5374 2949 5417 et
2974 5363 3053 5419 sic
3094 5365 3415 5435 pauperibus
3443 5382 3757 5439 erogemus,
3816 5376 3969 5443 quasi

2367 5453 2695 5521 deponentes
2748 5467 2808 5507 ea
2868 5452 2920 5507 in
2966 5470 3157 5511 manus
3216 5457 3421 5511 Domini
3477 5476 3490 5513 :
3546 5462 3789 5517 scientes
3815 5480 3967 5533 qua:-

2368 5559 2593 5615 enmque
2639 5545 2904 5614 acceperit
2961 5562 3149 5601 manus
3186 5548 3296 5611 illa,
3352 5564 3414 5604 ea
3453 5566 3561 5605 non
3610 5554 3793 5609 solum
3850 5558 3973 5613 red-

2309 5694 2316 5699 ,
2368 5638 2618 5704 ditur-am,
2665 5639 2759 5693 sed
2794 5640 3139 5707 multiplicata
3185 5643 3338 5698 nobis
3376 5644 3570 5699 iterum
3622 5645 3971 5718 largituratn.

2370 5744 2482 5783 sua:
2531 5730 2860 5785 lib'ralitatis
2896 5733 3117 5800 gloriam
3164 5733 3548 5790 declarantem.
3594 5736 3662 5791 Et
3710 5741 3849 5809 quid
3895 5758 3975 5796 as—

2373 5837 2515 5885 sero,
2539 5836 2598 5875 ea
2637 5820 2864 5876 reddere
2893 5821 3241 5893 multiplicata
3266 5824 3287 5875 ?
3316 5823 3499 5879 llanus
3520 5825 3613 5881 illa
3643 5844 3755 5885 non
3792 5848 3856 5887 ea
3886 5850 3970 5887 so-
