4086 6422
221 419 327 472 ιὸἶ

224 531 334 581 1ιιιιι
364 527 557 593 reddit,
601 525 694 580 sed
725 540 846 580 cum
889 523 990 577 illis
1017 536 1236 592 regnum
1267 521 1520 574 czclorum
1546 519 1728 582 donat,
1761 527 1816 571 et

225 621 482 682 celebrat,
512 624 674 689 atque
701 625 941 682 coronat,
987 617 1374 683 innumeraque
1403 613 1538 667 bona
1571 611 1815 679 largitur,

222 711 384 762 modo
414 727 476 763 ex
505 711 568 763 iis
595 725 710 779 qua:
741 710 808 762 ab
839 709 952 775 ipso
993 706 1114 760 data
1161 714 1286 758 sunt
1318 718 1536 773 parvum
1566 700 1816 770 quiddam

221 801 422 856 inferre
451 801 796 855 voluerimus.
826 799 958 852 Num
1003 813 1164 868 grave
1195 795 1394 866 aliquid
1433 803 1486 848 et
1529 806 1816 847 onerosum

218 912 244 942 ει
281 894 434 946 nobis
467 892 687 960 requirit
709 895 733 944 ζ’
775 890 848 943 Ea
881 905 996 959 qua:
1024 887 1293 942 abundant
1315 895 1368 941 et
1419 897 1814 955 supervacanea

217 993 346 1035 sunt
378 983 550 1046 nobis,
581 982 876 1035 necessaria
909 981 1060 1035 nobis
1088 979 1263 1033 facere
1289 979 1405 1032 vult
1433 996 1446 1030 :
1477 986 1529 1030 et
1556 990 1675 1045 qua:
1703 976 1815 1027 fru-

220 1085 330 1126 stra
361 1075 480 1126 etin
503 1088 692 1125 vanum
718 1073 766 1125 in
789 1071 1171 1140 promptuariis
1196 1070 1427 1139 reposita
1452 1076 1595 1127 sunt,
1625 1081 1686 1119 ea
1709 1065 1818 1118 vult

220 1180 246 1213 a
281 1164 434 1216 nohis
463 1163 595 1216 bene
619 1162 886 1224 distribui,
915 1171 969 1214 ut
996 1161 1276 1214 occasione
1295 1170 1511 1227 accepta
1543 1159 1685 1221 hinc,
1720 1171 1817 1211 nos

216 1247 504 1320 splendide
529 1264 767 1307 coronet.
806 1252 1039 1304 Festinat
1062 1253 1206 1306 enim
1236 1262 1287 1304 ct
1317 1261 1484 1318 urget,
1515 1261 1673 1318 atque
1703 1264 1816 1302 om-

221 1344 309 1395 nia
333 1343 456 1395 l'acit
503 1353 554 1397 et
583 1344 815 1405 molitur,
858 1354 911 1395 ut
938 1341 1127 1411 dignos
1153 1357 1248 1396 nos
1277 1341 1460 1395 reddat
1488 1340 1549 1394 iis
1577 1355 1694 1409 quae
1733 1339 1817 1393 ille

218 1435 490 1504 promisit.

298 1526 349 1577 5.
386 1523 720 1592 Elt'emosyna
751 1522 1148 1574 commendatur.
1172 1552 1240 1559 —
1272 1519 1348 1574 Ne
1376 1521 1554 1590 igitur,
1586 1533 1769 1588 qumso
1798 1561 1812 1583 ,

219 1616 469 1682 nosipsos
527 1615 792 1680 privemus
850 1613 1008 1664 tantis
1057 1612 1230 1664 bonis.
1286 1611 1414 1663 Nam
1465 1612 1507 1663 si
1566 1608 1815 1662 laboriosi

218 1705 469 1772 agricola:
496 1719 691 1773 penum
726 1720 874 1755 suum
896 1712 1170 1765 evacuant,
1206 1712 1258 1754 et
1287 1701 1486 1754 semina
1515 1710 1669 1752 teme
1691 1715 1817 1751 eon-

218 1794 465 1854 credunt,
499 1804 550 1847 et
580 1795 702 1847 olim
732 1795 950 1846 collecta
977 1793 1310 1862 dispergunt,
1344 1792 1501 1859 idque
1545 1806 1667 1844 cum
1719 1805 1814 1844 νο-

222 1885 423 1953 luptate
458 1884 680 1947 faciunt,
702 1901 795 1953 spe
819 1885 1020 1952 majora
1044 1883 1334 1950 reeipiendi
1365 1898 1422 1935 se
1455 1883 1688 1934 solantes
1722 1899 1734 1933 :
1766 1893 1817 1935 et

219 1978 463 2046 quamvis
482 1977 650 2029 sri.;nt
675 1991 817 2043 sa-pe
832 1976 968 2029 aeris
995 1975 1388 2042 intemperiem,
1417 1989 1814 2041 nonnumquam

218 2078 273 2123 et
305 2080 460 2121 terrm
493 2070 828 2121 sterilitatem
876 2068 1086 2135 aliaque
1115 2069 1279 2120 multa
1310 2067 1623 2130 accidentia,
1661 2077 1713 2119 ut
1740 2067 1818 2119 lo-

217 2169 492 2214 castarum
523 2160 816 2213 exercitum
850 2161 899 2223 ¹,
934 2171 987 2212 et
1017 2159 1275 2227 rubiginis
1304 2160 1597 2224 incursum,
1628 2173 1816 2226 exspe-

216 2250 506 2303 ctationem
558 2265 706 2302 suam
759 2248 1013 2303 fefellisse
1044 2267 1058 2314 ;
1089 2259 1324 2302 attamen
1378 2251 1514 2302 bona
1563 2265 1658 2317 spe
1697 2264 1817 2303 sesc

216 2342 450 2404 alentes,
481 2356 540 2393 ea
566 2357 683 2408 qua:
710 2341 761 2393 in
792 2342 1173 2410 promptuariis
1202 2342 1422 2395 collecta
1455 2353 1612 2406 sunt,
1660 2353 1816 2396 terrze

214 2434 551 2487 conercdunt
582 2451 594 2486 :
627 2433 793 2487 multo
817 2435 984 2503 magis
1003 2448 1099 2487 nos
1115 2449 1232 2502 quin
1259 2432 1461 2503 absque
1493 2448 1589 2486 usu
1622 2450 1814 2487 recon-

214 2523 328 2577 dita
356 2535 499 2588 sunt,
533 2524 840 2592 dispergere
865 2524 914 2576 in
949 2539 1240 2593 pauperum
1275 2540 1401 2577 usus
1439 2534 1491 2577 et
1538 2524 1814 2578 educatio-

217 2629 342 2667 nem
371 2616 639 2679 convenit,
669 2614 754 2666 ubi
783 2628 1074 2683 numquam
1097 2629 1221 2682 spes
1243 2614 1495 2679 eluditur,
1527 2630 1698 2684 neque
1747 2616 1815 2670 ti-

215 2697 406 2758 menda
433 2704 606 2772 aliqua
659 2713 812 2758 terra:
841 2705 1115 2758 sterilitas.
1149 2705 1282 2759 Dicit
1310 2705 1452 2759 enim
1485 2723 1498 2758 :
1530 2703 1810 2774 Dispersit,

213 2797 356 2850 dedit
375 2798 705 2866 pauperibus.
735 2796 842 2851 Sed
873 2798 996 2852 audi
1023 2798 1182 2851 etiam
1209 2813 1326 2866 qmc
1351 2807 1648 2867 sequuntur
1682 2818 1696 2854 :
1724 2798 1817 2852 Ju-

209 2891 353 2945 stitia
384 2894 676 2960 ejusmanet
698 2891 748 2943 in
773 2890 1020 2944 saxulum
1043 2892 1219 2944 sa’cult'
1245 2890 1420 2962 (Psal.
1461 2892 1582 2946 111.
1617 2891 1648 2946 9
1773 2892 1816 2946 0

213 2985 516 3038 mirabilem
547 2986 876 3038 sementem!
913 2984 1064 3037 Brevi
1097 2994 1337 3053 tempore
1367 2985 1660 3051 distrilmit,
1685 2986 1812 3039 etin

211 3085 469 3144 perpetua
495 3075 689 3129 saecula
711 3074 912 3143 juStitia
935 3075 1050 3143 ejus
1086 3084 1380 3143 permanet.
1403 3075 1537 3142 Quid
1560 3076 1661 3130 hoc
1684 3075 1813 3131 bea-

215 3167 326 3219 tius
355 3181 606 3235 umquam
635 3164 832 3219 fuerit?
859 3165 1061 3220 Idcirco
1088 3180 1206 3232 oro,
1240 3174 1296 3219 ut
1321 3166 1580 3234 justitiam
1609 3183 1728 3236 quce
1747 3183 1812 3222 ex

211 3256 560 3325 elcemosyua
585 3264 667 3309 est
697 3256 848 3309 nobis
876 3243 1239 3325 acquiramus,
1265 3267 1321 3310 ut
1347 3267 1399 3311 et
1431 3258 1496 3310 de
1523 3259 1677 3311 nobis
1729 3258 1812 3311 di-

207 3358 402 3403 catur:
441 3349 840 3416 Disperserunt,
891 3349 1154 3402 dederunt
1207 3352 1564 3418 pauperibus,
1607 3351 1814 3419 justitia

207 3455 400 3493 eorum
429 3449 608 3492 manet
635 3440 686 3492 in
720 3438 971 3493 sa-culum
999 3440 1202 3494 saeculi.
1235 3439 1524 3509 Postquam
1553 3442 1695 3494 enim
1731 3441 1813 3494 di-

209 3532 309 3590 xit.
340 3529 617 3598 Dispersit,
646 3530 807 3591 dedit,
845 3543 912 3583 ne
953 3540 1108 3599 putes
1137 3529 1377 3600 dispersa
1411 3530 1656 3598 periisse,
1693 3531 1812 3584 ideo

208 3619 390 3674 statim
421 3619 658 3673 subdidit
685 3638 697 3672 :
721 3619 932 3673 Iustitia
962 3621 1071 3688 cjus
1099 3631 1265 3673 manet
1280 3621 1331 3673 in
1351 3624 1592 3675 saeculum
1612 3623 1807 3675 swculi.

209 3708 341 3773 Illis,
371 3709 563 3778 inquit,
593 3708 872 3777 dispersis,
892 3709 1096 3778 justitia
1122 3720 1337 3764 maneat
1356 3711 1804 3780 inexpugnabilis,

205 3801 345 3855 etin
377 3816 537 3856 onme
585 3803 840 3855 swculutn
895 3816 956 3856 se
1006 3801 1263 3856 extendat
1306 3819 1596 3872 numquam
1649 3803 1808 3858 linem

208 3893 478 3948 habitura.
516 3894 687 3963 Atque
709 3909 832 3947 cum
860 3894 1203 3965 eleemosyna
1237 3895 1397 3949 etiam
1422 3896 1555 3949 alias
1587 3896 1809 3952 virtutes

205 3983 491 4054 diligenter
511 3998 780 4048 curemus,
815 3994 871 4038 et
896 3983 1206 4038 atl'ectioncs
1230 3986 1407 4040 carnis
1426 3991 1806 4055 reprimamus,

205 4084 263 4130 ct
316 4075 657 4130 eliminemus
690 4091 756 4130 ex
794 4077 972 4129 anima
1006 4090 1223 4131 onmem
1269 4077 1505 4132 illicitam
1548 4081 1805 4149 concupi-

205 4166 484 4229 scentiam,
509 4181 721 4221 omnem
741 4166 934 4221 malam
953 4167 1352 4237 cogitationem,
1381 4169 1536 4234 iram,
1564 4169 1809 4242 indigna-

205 4257 430 4322 tionem,
466 4256 756 4324 invidiam;
782 4267 834 4311 et
854 4272 1110 4312 orncmus
1131 4259 1382 4314 omnibus
1411 4259 1584 4317 modis
1610 4262 1806 4318 anima:

206 4349 677 4419 pulchritudinem,
703 4361 758 4404 ut
785 4352 1028 4406 claritate
1066 4353 1478 4422 pulchritudinis
1518 4356 1634 4426 ejus
1677 4373 1805 4414 c0n-

201 4441 453 4495 ciliemns
482 4440 637 4495 nobis
669 4441 925 4497 caelorum
958 4442 1264 4510 Dominum,
1301 4453 1355 4499 et
1385 4446 1524 4516 apud
1572 4463 1670 4503 nos
1710 4450 1804 4504 ha-

203 4533 376 4586 bitare
403 4531 670 4602 dignetur.
707 4532 838 4587 Nam
879 4534 966 4589 uhi
1014 4535 1410 4591 videritanima:
1439 4551 1801 4604 venustatem,

201 4623 383 4676 statim
413 4625 679 4678 adveniet.
709 4624 1010 4680 Dixitcnim
1040 4644 1054 4679 :
1089 4625 1258 4697 Super
1276 4644 1426 4699 quem
1453 4629 1614 4683 alium
1635 4633 1801 4702 respi-

197 4714 331 4768 ciam
355 4730 506 4785 quam
534 4731 687 4783 super
717 4726 1036 4769 mansuetum
1065 4726 1112 4769 et
1137 4719 1362 4785 quietum
1388 4728 1432 4774 et
1458 4722 1722 4787 humilem,
1751 4731 1798 4776 et

197 4811 490 4858 trementem
516 4820 776 4859 sermones
803 4821 940 4859 meos
963 4804 1127 4877 (Isai.
1157 4806 1245 4862 66.
1277 4808 1333 4880 2)
1361 4809 1383 4862 ?
1443 4809 1630 4865 Vidisti
1659 4828 1798 4881 quo-

199 4895 362 4950 modo
407 4909 506 4949 nos
531 4895 714 4950 docuit
743 4910 931 4951 onmes
969 4897 1276 4967 spirituales
1318 4900 1551 4966 colores,
1605 4905 1799 4974 quibus

197 4987 391 5042 anima:
421 4986 762 5056 pulchritudo
792 4997 968 5058 potest
1014 4989 1298 5046 decorari?
1345 4993 1519 5063 Super
1557 5011 1796 5052 mansue-

195 5090 324 5145 tum,
353 5077 542 5147 inquit,
584 5087 628 5131 et
650 5080 897 5150 quietum,
931 5090 978 5133 et
1007 5081 1269 5136 humilem.
1302 5083 1506 5140 Deinde
1523 5087 1666 5157 quod
1682 5089 1797 5146 hmc

192 5169 375 5224 mnnia
406 5168 575 5222 efﬁcit
619 5169 862 5223 addidit:
897 5169 962 5223 Et
1009 5182 1299 5228 trementem
1330 5191 1589 5231 sermones
1636 5196 1790 5236 meos.

191 5261 332 5327 Quid
375 5271 478 5323 cst,
538 5263 858 5339 Trementem
906 5284 1159 5324 sermones
1205 5272 1384 5325 meos?
1421 5271 1791 5331 Obedientiam

195 5354 286 5406 Dei
315 5355 582 5409 mandatis
605 5371 698 5425 per
721 5359 832 5426 ipsa
857 5374 1017 5428 opera
1051 5360 1386 5430 implentem,
1411 5365 1554 5434 quod
1585 5373 1640 5420 et
1664 5367 1791 5423 alibi

188 5445 322 5498 dicit
347 5463 361 5497 :
394 5444 580 5501 Beatus
608 5450 694 5519 qui
724 5450 860 5504 timet
887 5453 1057 5506 omnia
1083 5464 1288 5524 propter
1320 5458 1560 5524 pietatem
1589 5458 1787 5530 (Prov.

187 5537 277 5591 ΞΒ.
297 5537 386 5607 14)
424 5535 556 5592 Nam
570 5541 612 5593 si
629 5555 743 5603 nos,
769 5556 888 5597 cum
911 5544 1148 5599 videmus
1162 5545 1417 5602 famulum
1440 5549 1527 5620 qui
1544 5553 1789 5608 mandata

189 5635 374 5682 nostra
396 5642 516 5682 cum
531 5628 802 5701 diligentia
837 5634 1132 5707 timoreque
1157 5638 1326 5695 multo
1345 5655 1407 5696 ac
1428 5650 1663 5700 tremore
1687 5645 1789 5700 im-

244 5798 253 5824 ‘
290 5793 698 5856 ὶύκ,ίε.ι“ενι·ἱ.ἐυη
723 5802 1100 5867 (θςσιτὸττῑδον),
1121 5806 1266 5856 deest
1289 5808 1336 5856 iri
1361 5807 1652 5871 quihusdam
1678 5814 1787 5864 Mss.

1261 409 1322 463 ΙΝ
1364 409 1513 462 CAP.
1563 403 1751 460 XXIX.
1796 401 2043 458 GENES.
2077 402 2304 458 HOMIL.
2349 405 2480 461 LVI.

3427 411 3526 465 tas

1927 515 2075 583 plere
2104 526 2274 584 curat,
2303 519 2564 587 majorem
2591 533 2716 587 erga
2747 519 2894 573 illum
2926 519 3263 576 declaramus
3294 522 3526 577 benevo-

1927 606 2145 661 lentiam
2201 619 2255 663 et
2302 611 2828 666 commiserationem
2869 629 2882 665 :
2933 613 3102 667 multo
3139 617 3314 684 magis
3357 620 3528 670 honos

1927 701 2185 755 Dominus
2207 719 2332 772 erga
2357 719 2454 758 nos
2476 704 2525 758 id
2553 705 2867 759 declarabit.
2901 706 3129 775 Propter
3157 707 3258 760 hoc
3291 707 3523 762 dicebat:

1928 788 2098 859 Super
2126 793 2272 846 illum
2305 796 2569 864 respiciam
2613 806 2931 850 mansuetum
2967 807 3013 850 et
3042 799 3262 864 quietum
3289 840 3302 862 ,
3346 808 3393 852 et
3438 810 3528 851 tro-

1926 895 2138 938 mentem
2158 901 2416 941 sermones
2448 905 2602 942 meos.
2640 888 2957 942 Tremamus
2985 889 3166 959 igitur,
3199 900 3525 951 oro,etcum

1926 987 2119 1041 magno
2161 976 2352 1031 timore
2384 991 2661 1034 sermones
2702 981 2819 1047 ejus
2855 981 3208 1049 impleamus;
3241 996 3362 1033 nam
3409 980 3529 1047 ejus

1926 1076 2050 1120 sunt
2076 1082 2353 1123 sermones
2381 1072 2535 1125 nobis
2559 1073 2627 1125 ab
2657 1073 2746 1125 illo
2774 1074 2966 1128 tradita
2993 1074 3243 1126 mandata
3277 1092 3288 1125 :
3325 1083 3523 1127 etcum

1924 1157 2270 1210 didicerimus
2292 1175 2409 1227 qua:
2437 1162 2509 1214 illi
2541 1162 2780 1229 placent,
2829 1173 2884 1218 et
2913 1179 3034 1232 qum
3078 1166 3286 1233 prohat,
3329 1179 3388 1217 ea
3431 1165 3531 1217 ob-

1925 1267 2131 1313 eamus,
2153 1263 2204 1304 et
2234 1255 2366 1307 tales
2396 1255 2507 1308 lieri
2541 1257 2888 1320 Studeamus;
2923 1259 3179 1326 quietem,
3213 1269 3526 1312 mansuetu-

1924 1342 2127 1404 dinem,
2156 1344 2510 1398 humilitatem
2539 1362 2784 1416 magnam
2840 1350 3210 1412 exhibeamus,
3258 1359 3311 1402 et
3342 1351 3522 1403 onmia

1923 1452 2042 1504 qum
2084 1438 2152 1490 ab
2189 1452 2254 1490 eo
2293 1439 2541 1493 mandata
2585 1453 2707 1494 sunt
2740 1456 2860 1494 eum
2902 1447 3203 1496 reverentia
3245 1455 3300 1497 et
3339 1444 3532 1496 timore

1923 1529 2351 1596 adimpleamus:
2395 1541 2450 1584 ut
2507 1548 2628 1584 eum
2675 1534 2984 1600 approbarit
3032 1533 3280 1588 allectum
3334 1535 3530 1588 mentis

1925 1630 2144 1688 nostra‘,
2180 1622 2414 1688 placatus
2465 1633 2642 1676 nostra
2677 1624 3003 1688 obedientia,
3053 1627 3318 1692 respicere
3364 1626 3528 1678 etiam

1923 1727 2088 1778 ευμεν
2118 1727 2215 1764 nos
2243 1713 2508 1781 dignetur.
2551 1715 2703 1781 Quod
2727 1715 2769 1767 si
2814 1715 2968 1768 nobis
2994 1717 3292 1786 continget,
3328 1715 3530 1770 erimus

1925 1819 2020 1871 per
2049 1805 2227 1858 omnia
2261 1806 2436 1858 securi
2465 1825 2476 1858 :
2511 1806 2641 1859 dicit
2662 1809 2827 1870 enim,
2887 1807 3177 1876 Respiciam
3198 1849 3214 1870 ,
3267 1808 3369 1862 hoc
3397 1819 3480 1862 est
3507 1849 3523 1872 ,

1925 1897 2270 1951 Providentia
2297 1912 2410 1951 mea
2439 1897 2721 1967 dignabor,
2753 1915 2971 1952 manum
3005 1901 3299 1968 porrigam,
3338 1901 3388 1952 in
3408 1915 3523 1954 om-

1924 1986 2082 2038 nibus
2113 1987 2398 2040 auxiliator
2423 2003 2541 2052 ero,
2575 1990 2804 2043 ubertim
2831 1989 2882 2042 in
2914 2003 3036 2042 eum
3072 2005 3246 2043 meam
3295 1990 3530 2044 liberali-

1925 2090 2086 2133 tatem
2107 2079 2440 2147 profundam.
2465 2081 2587 2135 llaec
2606 2082 2761 2150 igitur
2779 2083 2958 2136 omnia
2982 2083 3257 2144 faciamus,
3277 2083 3530 2148 obsecro,

1925 2180 1982 2222 ut
2012 2171 2260 2239 reSpiciat
2295 2187 2456 2240 super
2492 2190 2588 2226 nos
2619 2174 2907 2240 Dominus,
2965 2190 3068 2242 quo
3106 2183 3161 2227 et
3208 2184 3529 2241 pra-sentem

1925 2264 2084 2314 vitam
2119 2263 2320 2332 absque
2355 2265 2565 2317 tristitia
2605 2266 2998 2333 transigamus,
3048 2276 3102 2318 et
3153 2264 3328 2319 futura
3382 2266 3522 2320 bona

1923 2354 2178 2423 consequi
2204 2356 2491 2422 possimus,
2516 2356 2682 2424 gratia
2733 2368 2785 2410 ct
2815 2357 3145 2426 benignitate
3190 2357 3395 2410 Domini
3437 2373 3533 2410 no-

1924 2449 2019 2499 stri
2042 2447 2168 2500 Jesu
2191 2447 2410 2515 Christi,
2434 2464 2681 2519 cumquo
2713 2451 2854 2502 Patri
2883 2450 3042 2503 simul
3073 2459 3125 2503 ct
3158 2449 3378 2518 Spiritui
3409 2465 3534 2503 san-

1923 2546 2010 2590 cto
2037 2538 2104 2592 sit
2128 2539 2316 2608 gloria,
2349 2539 2655 2608 imperium,
2694 2541 2888 2606 honor,
2921 2557 3063 2594 nunc
3094 2551 3146 2594 et
3176 2558 3392 2610 semper
3414 2583 3429 2608 ,
3475 2549 3531 2595 ct

1925 2633 1976 2685 in
2005 2633 2201 2686 saecula
2227 2634 2570 2714 saeculorum.
2597 2635 2792 2687 Amen.

2498 2749 2776 2805 llOMlLlA
2820 2749 2952 2805 LVI.

1927 2846 2066 2901 Dixit
2091 2856 2255 2900 autem
2284 2845 2444 2899 Iacob
2475 2846 2542 2898 ad
2572 2844 2748 2900 Luban
2778 2865 2796 2899 :
2831 2845 2910 2898 Da
2935 2846 3057 2898 mihi
3081 2860 3291 2898 uxorem
3323 2860 3488 2897 meam
3509 2861 3529 2898 :

1994 2937 2187 3006 impleti
2207 2948 2324 2990 sunt
2353 2941 2486 2989 enim
2514 2936 2641 2998 dies,
2686 2946 2736 2989 ut
2781 2937 3042 3007 ingrediar
3088 2936 3156 2989 ad
3202 2953 3314 2988 eam
3361 2933 3528 3006 (Gen.

1991 3030 2224 3101 29.21).

1997 3124 2046 3174 l.
2079 3121 2203 3174 IIeri
2234 3137 2263 3174 a
2288 3122 2576 3176 dilectione
2603 3119 2789 3185 Jacoh,
2843 3136 3003 3190 quam
3055 3136 3182 3190 erga
3235 3120 3528 3176 Rachelem

1920 3213 2180 3276 exhibuit,
2210 3213 2274 3267 ad
2306 3213 2453 3266 l’auli
2481 3213 2757 3268 caritatem
2778 3223 2832 3268 et
2855 3213 3279 3282 magnitudinem
3306 3214 3529 3278 amoris.

1920 3320 2079 3373 quem
2110 3320 2236 3374 erga
2264 3304 2537 3359 Christum
2564 3304 2802 3374 gerebat,
2850 3312 3191 3358 transeuntes
3213 3347 3228 3370 ,
3273 3307 3426 3374 quasi
3464 3306 3531 3359 ab

1921 3395 2225 3466 impctnoso
2256 3397 2486 3466 quodam
2524 3405 2763 3451 torrente
2791 3397 2948 3465 rapti,
3001 3411 3108 3450 non
3148 3399 3422 3464 potuimus
3463 3395 3531 3451 ad

1918 3490 2113 3544 seriem
2142 3498 2196 3544 et
2217 3499 2526 3544 coutcxzum
2553 3490 2821 3544 sermonis
2848 3490 3076 3559 regredi.
3100 3488 3245 3551 Ideo,
3266 3490 3310 3544 si
3333 3491 3527 3558 placet,

1919 3579 2079 3634 hodie
2126 3581 2405 3650 sequentia
2433 3581 2693 3651 aggressi,
2743 3595 2805 3634 ea
2845 3595 2966 3650 qua:
3003 3590 3132 3636 tunc
3176 3583 3361 3636 relicta
3405 3594 3530 3638 sunt

1918 3664 2279 3741 impleamus:
2307 3683 2362 3726 ut
2401 3687 2469 3726 ex
2511 3672 2577 3726 iis
2621 3687 2742 3741 qum
2791 3671 2950 3726 hodie
2997 3672 3246 3726 dicuntur
3279 3681 3530 3743 percepta

1919 3764 2150 3817 utilitate
2200 3763 2397 3834 aliqua,
2433 3765 2654 3818 domum
2685 3773 3020 3834 repetamus.
3057 3764 3217 3834 Igitur
3247 3774 3528 3834 pestquam

1917 3855 2172 3924 impletus
2192 3865 2274 3910 est
2301 3866 2507 3925 septem
2538 3871 2802 3911 annorum
2834 3871 3115 3923 numerus,
3167 3856 3259 3910 20.
3310 3855 3378 3910 Et
3421 3859 3532 3928 [ue-

1916 3957 2055 4011 runt,
2083 3949 2272 4017 inquit,
2304 3965 2475 4001 coram
2497 3947 2663 4003 Iacob
2683 3949 2827 4019 quasi
2859 3949 2968 4004 dies
2991 3951 3144 4020 pauci
3175 3957 3256 4004 tot
3286 3950 3411 4004 anni
3463 3951 3526 4003 ob

1915 4040 2104 4092 amoris
2131 4039 2515 4108 vehementiam,
2565 4041 2656 4097 2L
2690 4042 2821 4096 dixit
2865 4042 2934 4095 ad
2978 4043 3160 4097 Laban
3211 4059 3229 4097 :
3276 4041 3361 4097 Da
3403 4044 3530 4097 mihi

1914 4148 2127 4186 uxorem
2151 4150 2315 4187 meam
2341 4151 2360 4188 :
2387 4135 2582 4204 impleti
2604 4137 2739 4189 enim
2763 4146 2881 4190 sunt
2907 4137 3015 4191 dies
3033 4137 3150 4198 mei,
3182 4148 3237 4190 ut
3264 4137 3530 4207 ingrediar

1917 4226 1986 4277 ad
2017 4243 2148 4279 eam.
2179 4225 2269 4279 22.
2305 4225 2644 4299 Congregam‘t
2666 4237 2834 4281 autem
2864 4226 3042 4280 Laban
3071 4244 3246 4281 omnes
3281 4229 3418 4282 viros
3449 4228 3528 4282 lo-

1913 4317 1979 4381 ci,
2011 4327 2056 4370 et
2084 4317 2200 4388 fecit
2230 4322 2457 4387 nuptias.
2482 4319 2573 4373 ‘23.
2597 4317 2662 4372 Et
2690 4320 2883 4390 factum
2912 4330 2983 4372 est
3006 4335 3230 4390 vespere,
3255 4330 3301 4373 et
3327 4320 3521 4392 accepit

1913 4408 2091 4462 Laban
2120 4409 2265 4462 Liam
2304 4409 2465 4479 filiam
2489 4426 2658 4475 suam,
2691 4411 3076 4481 introduxitquc
3102 4429 3214 4465 eam
3241 4413 3308 4465 ad
3334 4411 3520 4466 Jacob.

1987 4502 2010 4554 Ι
2021 4521 2050 4556 ιι
2081 4505 2339 4557 satanicas
2363 4505 2658 4575 nuptiarum
2691 4521 2905 4574 pompas
2929 4505 3201 4558 invehitur.
3222 4536 3294 4545 —
3328 4505 3519 4560 Vidisti

1911 4612 2030 4648 eum
2061 4607 2257 4665 quanta
2287 4596 2412 4649 olim
2461 4596 2744 4650 honestate
2777 4595 2990 4664 nuptias
3033 4596 3278 4666 egerint?
3327 4597 3522 4652 Audite

1909 4690 1996 4758 qui
2031 4687 2296 4742 satanicas
2324 4702 2546 4758 pompas
2573 4687 2938 4753 admiramini,
2971 4697 3024 4742 et
3056 4688 3237 4742 statim
3269 4690 3336 4743 ab
3364 4688 3522 4743 initio

1910 4781 2214 4850 nuptiarum
2244 4781 2581 4836 honestatem
2609 4779 2876 4836 dedecore
2917 4780 3150 4836 afﬁcitis.
3203 4780 3340 4835 Num
3391 4791 3519 4837 tunc

1910 4873 2088 4927 tibim?
2118 4888 2245 4927 num
2274 4881 2402 4927 tunc
2431 4873 2714 4944 cymbala?
2751 4888 2878 4927 num
2920 4880 3046 4928 tunc
3084 4873 3298 4927 choreae
3327 4873 3519 4928 diabo-

1907 4965 2059 5021 licaz'!
2089 4965 2266 5034 Quare
2291 4967 2458 5033 enim,
2489 4967 2576 5020 dic
2606 4966 2761 5034 mihi,
2793 4975 2997 5020 tantum
3031 4967 3214 5021 statim
3244 4968 3314 5021 ab
3363 4968 3516 5022 initio

1904 5061 2161 5115 damnum
2206 5059 2420 5115 inducis
2471 5060 2522 5115 in
2566 5060 2785 5115 domum
2844 5070 2985 5114 tuam
3014 5103 3028 5124 ,
3075 5070 3127 5114 et
3170 5075 3264 5114 eos
3310 5060 3399 5133 qui
3453 5061 3505 5115 in

1905 5154 2083 5208 scenis
2111 5163 2168 5206 et
2198 5151 2493 5207 orchestris
2525 5166 2747 5222 operam
2771 5151 2950 5205 locant
2977 5166 3158 5216 vocas,
3188 5159 3244 5204 ut
3276 5167 3396 5204 eum
3435 5151 3517 5205 in-

1906 5247 2226 5316 tempestivo
2262 5255 2476 5316 sumptu
2523 5245 2746 5316 virginis
2785 5243 2950 5299 laedas
2991 5245 3379 5299 continentiam
3405 5287 3418 5308 ,
3465 5257 3518 5300 ct

1898 5340 2152 5408 juvenem
2184 5338 2635 5408 impudentiorem
2659 5336 2822 5392 facias
2843 5338 2866 5390 ?
2891 5336 3140 5407 Optabile
3173 5338 3316 5391 enim
3343 5347 3396 5391 et
3425 5354 3513 5392 ar-

1902 5435 2230 5498 duumerat,
2258 5431 2462 5500 absque
2506 5431 2610 5484 illis
2639 5430 2914 5484 fornitibus
2960 5430 3104 5483 illam
3156 5440 3370 5484 :rtazem
3421 5447 3515 5500 po-

1903 5526 2066 5579 tnisse
2089 5522 2365 5578 moderate
2392 5521 2532 5576 ferre
2556 5530 2929 5590 tempestatem
2963 5520 3303 5575 affectionum
3338 5539 3352 5575 :
3385 5535 3506 5574 eum

1899 5626 2078 5672 autem
2130 5625 2185 5671 et
2235 5615 2351 5671 hazc
2397 5617 2676 5682 accedant,
2732 5625 2838 5668 tam
2883 5631 3002 5684 qua:
3051 5615 3321 5678 videntur,
3349 5629 3510 5683 quam

1898 5727 2019 5782 qua:
2058 5709 2370 5772 audiuntur,
2396 5709 2522 5764 dum
2554 5709 2726 5779 majus
2752 5707 3064 5762 accenditur
3093 5707 3399 5761 incendium
3419 5748 3435 5772 ,
3459 5717 3510 5761 et

1904 5803 2091 5859 {ornas
2141 5802 2701 5874 concupiscentiamm
2731 5801 2900 5871 magis
2933 5801 3323 5866 inﬂammatur,
3368 5818 3505 5870 quo-
