4086 6418
580 391 676 448 ιετ

583 506 743 562 modo
764 521 869 561 non
898 518 1110 576 pessum
1157 502 1198 557 it
1242 500 1596 558 adolescentis
1622 499 1840 556 anima?
1867 499 2000 555 llinc
2023 500 2165 553 enim

580 600 757 652 omnia
781 603 1005 675 pereunt
1028 602 1084 650 et
1107 601 1554 665 corrumpuntur:
1584 590 1706 664 quia
1736 590 1805 646 ab
1827 591 1978 645 initio
2006 580 2144 644 casti

590 691 672 740 tas
690 697 873 738 eorum
898 680 988 752 qui
1020 681 1159 735 inter
1179 695 1239 736 se
1257 678 1567 735 eonventuri
1589 684 1713 732 sunt
1739 683 2098 747 oppugnatur,
2116 680 2170 726 et

581 785 723 841 saepe
742 771 912 842 primo
924 770 1013 827 die
1028 769 1262 841 juvenis,
1290 768 1458 825 oculis
1480 767 1666 822 videns
1691 763 2164 827 incontinentibus,

580 863 689 919 tolo
713 865 977 920 diabolica
1004 864 1057 919 in
1084 863 1262 918 anima
1291 862 1601 916 vulneratur
1627 875 1640 911 :
1672 866 1727 913 et
1755 856 1925 926 puella
1968 869 2063 924 per
2104 868 2168 908 ea

576 973 700 1028 qu:e
721 957 868 1010 audit
895 965 951 1012 et
977 955 1122 1030 videt
1147 953 1355 1023 captiva
1386 952 1462 1014 fit,
1490 961 1544 1005 et
1564 949 1631 1004 ab
1656 964 1721 1003 eo
1740 948 1830 1002 die
1850 955 2033 1016 postea
2049 959 2169 999 cre-

583 1057 735 1101 scunt
762 1047 999 1109 vulnera,
1023 1045 1300 1113 majusque
1325 1043 1380 1097 fit
1404 1041 1622 1097 malum.
1653 1038 1864 1095 Etenim
1887 1038 2028 1091 illinc
2053 1048 2166 1091 sta-

583 1137 676 1192 tim
703 1149 758 1193 et
800 1145 1038 1193 mutuam
1061 1134 1406 1190 concordiam
1434 1132 1771 1198 dilacerant,
1816 1139 1871 1184 et
1926 1143 2164 1202 amorem

579 1227 878 1283 debilitant...
901 1226 1127 1295 Quando
1145 1226 1288 1280 enim
1317 1224 1405 1280 ille
1432 1232 1668 1278 mentem
1694 1220 1760 1276 ad
1791 1221 1951 1275 aliam
1981 1219 2161 1285 vertit,

578 1322 702 1376 hinc
731 1329 784 1375 et
811 1319 935 1376 inde
963 1318 1208 1374 dividens
1236 1318 1494 1382 animum,
1517 1330 1548 1369 a
1569 1313 1783 1369 diabolo
1805 1313 1920 1382 ipso
1948 1310 2158 1375 ductus,

563 1412 742 1474 multa
769 1410 1127 1466 amaritudine
1166 1410 1383 1464 domum
1423 1406 1624 1477 implet.
1671 1404 1820 1472 Quod
1869 1404 1915 1460 si
1971 1412 2025 1458 et
2073 1402 2162 1455 illa

573 1503 900 1573 comperitur
928 1503 998 1556 ita
1020 1496 1206 1558 aifccta
1236 1514 1379 1565 esse,
1409 1513 1474 1553 ex
1497 1497 1627 1568 ipsis
1653 1493 2010 1549 fundamentis
2039 1508 2161 1546 om-

574 1594 685 1662 nia,
715 1604 772 1650 ut
800 1596 870 1649 ita
897 1594 1073 1649 dicam
1095 1634 1109 1660 ,
1163 1592 1583 1648 subvertuntur:
1616 1596 1801 1658 postea
1828 1587 1964 1640 alter
1993 1584 2059 1638 ab
2083 1583 2160 1638 al-

575 1695 690 1740 tero
728 1685 1043 1749 occultatur,
1087 1692 1140 1738 et
1175 1685 1265 1742 ille
1318 1681 1533 1751 quidem
1577 1679 1873 1748 suspiciose
1913 1676 2162 1730 observat

576 1792 819 1844 uxorem,
847 1788 903 1832 et
951 1776 1198 1831 similiter
1224 1773 1313 1828 illa
1341 1773 1534 1827 virum.
1563 1773 1738 1840 Atque
1764 1769 1850 1823 tibi
1881 1767 2162 1838 oportebat

571 1871 912 1927 concordiam
961 1884 1082 1927 esse
1121 1879 1174 1925 et
1211 1866 1474 1939 ccpttlam,
1507 1865 1704 1936 quippe
1732 1863 1998 1920 debebant
2039 1876 2160 1916 esse

571 1978 698 2019 caro
738 1978 842 2018 una
873 1961 1075 2031 (Erunt
1103 1961 1268 2028 enim,
1315 1959 1504 2029 inquit,
1544 1958 1646 2011 duo
1683 1957 1737 2010 in
1776 1970 1979 2010 carnem
2005 1969 2161 2007 tutam

571 2053 736 2129 [ϐεη.
763 2054 817 2108 2.
839 2051 990 2127 24]),
1030 2052 1082 2107 hi
1112 2052 1166 2107 in
1195 2061 1338 2107 tanta
1373 2050 1560 2105 vivunt
1590 2049 1962 2110 dissensione.
2006 2045 2157 2116 quasi

569 2145 795 2214 sejuncti
840 2153 1041 2199 essent.
1078 2141 1328 2197 Diabolus
1352 2142 1497 2197 enim
1527 2140 1904 2210 subingressus
1953 2145 2157 2191 tantam

568 2237 620 2290 in
650 2236 729 2291 eis
758 2235 1049 2305 perniciem
1077 2243 1351 2304 operatur,
1377 2241 1436 2287 ut
1458 2231 1781 2302 quotidianae
1803 2245 1996 2300 pugnae
2018 2229 2157 2284 inter

570 2342 664 2382 eos
692 2337 980 2382 naScantur
999 2337 1054 2381 et
1077 2341 1107 2380 a
1134 2325 1289 2381 malis
1321 2340 1608 2394 numquam
1639 2323 1871 2378 habeant
1894 2323 2150 2393 quietem.

565 2419 703 2489 Quid
750 2418 894 2474 enim
937 2419 1058 2490 quis
1101 2418 1294 2474 dixerit
1322 2417 1590 2488 quomodo
1642 2426 1824 2485 pOStea
1868 2430 1896 2466 a
1940 2414 2154 2468 famulis

563 2520 999 2576 contemnantur,
1029 2509 1296 2579 quomodo
1337 2525 1368 2564 a
1407 2509 1596 2566 vicinis
1635 2507 1938 2571 rideantur,
1993 2521 2152 2576 quam

562 2602 701 2657 foeda
729 2601 1064 2672 operentur?
1093 2600 1226 2655 Nam
1254 2600 1391 2655 sicut
1419 2598 1633 2670 quando
1659 2598 2040 2669 gubernatores
2072 2598 2151 2649 in-

563 2707 643 2752 ter
673 2711 732 2751 se
755 2695 1036 2760 dissident,
1064 2695 1226 2749 etiam
1249 2694 1336 2763 qui
1356 2694 1477 2748 navi
1499 2683 1786 2757 vehuntur,
1819 2707 1917 2745 una
1942 2691 2154 2760 pericli-

564 2797 764 2852 tantur,
792 2799 854 2839 ac
884 2786 1071 2839 timent
1100 2800 1165 2839 ne
1189 2800 1312 2839 cum
1350 2785 1466 2838 navi
1494 2785 1905 2853 submerguntur
1934 2799 1946 2834 :
1978 2783 2046 2836 ita
2096 2790 2151 2835 et

563 2878 666 2945 hic,
697 2878 740 2933 si
770 2876 1046 2932 discordes
1092 2877 1199 2930 sint
1230 2877 1310 2929 vir
1332 2887 1385 2929 et
1429 2874 1642 2941 mulier,
1690 2886 2026 2942 consequens
2066 2880 2150 2926 est

560 2983 749 3024 omnes
776 2969 866 3041 qui
898 2967 1041 3039 apud
1087 2968 1209 3024 illos
1233 2976 1362 3022 sunt
1394 2967 1678 3037 participes
1706 2981 1826 3020 esse
1857 2964 2141 3019 malorum.

564 3063 854 3133 PrOptcrea
880 3075 977 3116 ore
1005 3070 1061 3114 ut
1087 3058 1202 3115 lucc
1234 3060 1410 3114 omnia
1437 3057 1819 3130 prtnvidentcs,
1868 3065 2149 3110 consuetu-

557 3157 737 3212 dinem
761 3171 830 3212 ne
857 3155 1157 3211 sectemini.
1189 3153 1312 3208 Scio
1333 3154 1478 3208 enim
1502 3153 1698 3206 multos
1722 3161 2000 3222 receptum
2027 3165 2146 3204 mo-

559 3264 673 3304 rem
699 3247 1012 3311 obtendere,
1037 3260 1210 3316 ncque
1237 3244 1498 3314 patienter
1539 3242 1680 3298 ferre
1709 3257 1763 3297 ut
1793 3242 1908 3297 haec
1935 3258 1964 3297 a
1995 3240 2149 3296 nobis

559 3341 802 3395 dicantur
827 3356 841 3392 :
872 3347 1108 3392 attamen
1134 3349 1353 3390 necesse
1380 3349 1461 3390 est
1485 3343 1540 3389 ut
1569 3349 1667 3388 nos
1691 3334 1834 3388 utilia
1864 3333 2108 3389 dicamus
2128 3373 2143 3397 ,

560 3439 753 3504 etqute
784 3431 904 3485 illos
954 3445 984 3483 a
1029 3427 1207 3483 futuro
1234 3428 1496 3500 supplicio
1547 3426 1793 3481 lihereut.
1846 3424 1946 3480 Ubi
1999 3424 2144 3478 enim

561 3532 770 3578 tantum
790 3525 982 3577 animus
1009 3521 1284 3584 damnum,
1316 3535 1418 3590 qua
1447 3520 1514 3574 de
1556 3534 1715 3574 causa
1758 3518 1889 3573 mihi
1918 3532 2143 3573 consue-

558 3619 793 3670 tudinem
818 3624 1113 3685 praetexere
1138 3614 1342 3669 audes?
1374 3613 1511 3668 Ecce
1538 3614 1680 3667 enim
1706 3621 1761 3667 et
1786 3627 1885 3681 ego
1904 3611 2143 3665 tibicen-

555 3708 889 3764 suetudinem
917 3708 1193 3763 meliorem
1220 3707 1438 3777 objicio,
1470 3723 1589 3777 qua:
1605 3707 1743 3777 apud
1775 3715 1989 3761 veteres
2003 3717 2142 3770 erat,

557 3799 766 3869 quando
793 3800 1028 3854 nondum
1057 3807 1203 3854 tanta
1235 3799 1333 3868 pia:
1359 3799 1635 3868 religionis
1662 3807 1775 3852 erat
1823 3798 2042 3867 agnitio.
2078 3797 2146 3852 Et

556 3908 622 3946 ne
647 3892 850 3960 justum
883 3889 966 3944 hic
987 3889 1153 3945 Jacob
1184 3897 1389 3943 tantum
1434 3890 1654 3960 cogites,
1710 3888 1802 3943 sed
1856 3898 1908 3943 et
1962 3887 2142 3943 Laban

555 3986 729 4041 adhuc
773 3985 1039 4039 idolorum
1079 3985 1244 4038 cultui
1275 3983 1534 4051 deditum,
1585 3999 1684 4038 nec
1735 3983 1816 4038 vel
1867 3984 2142 4038 minimam

554 4094 693 4134 verre
724 4077 996 4147 religionis
1022 4077 1270 4132 notitiam
1296 4076 1603 4142 habentem,
1653 4087 1706 4132 et
1732 4085 1906 4131 tamen
1940 4085 2139 4129 tantam

556 4185 663 4238 pro:
690 4183 749 4222 se
770 4170 1025 4222 ferentem
1055 4167 1469 4238 philosonbiam.
1522 4166 1703 4236 Neque
1728 4169 1871 4222 enim
1899 4167 2014 4220 hare
2047 4167 2139 4220 ho-

555 4272 734 4315 ncslas
758 4259 872 4330 ejus
926 4270 1064 4326 erat,
1125 4259 1216 4330 qui
1259 4259 1518 4313 ducturus
1566 4259 1815 4327 puellam,
1846 4259 1942 4313 sed
1974 4260 2141 4328 patris

550 4369 668 4408 eam
700 4354 978 4407 tradentis.
1004 4352 1128 4407 ldco
1156 4361 1210 4406 et
1239 4353 1382 4406 illum
1409 4352 1507 4406 feci
1547 4367 1872 4416 sermonem,
1922 4366 2026 4405 non
2046 4353 2139 4418 .ad

549 4459 774 4512 sponsos
800 4453 1004 4499 tantum
1032 4452 1277 4514 spectans
1309 4451 1566 4512 quantum
1589 4443 1652 4496 ad
1694 4453 1964 4511 parentes,
1993 4453 2042 4497 ct
2074 4443 2140 4497 ad

553 4546 753 4603 patrem
772 4536 860 4604 qui
881 4536 1136 4605 virginem
1165 4535 1322 4588 locat.
1353 4533 1634 4600 Quomodo
1661 4536 1801 4588 enim
1827 4551 1933 4588 non
1956 4535 2143 4588 absur-

552 4627 715 4691 dum,
748 4631 792 4678 si
847 4641 946 4680 nos
983 4626 1072 4694 qui
1105 4636 1306 4679 tantam
1336 4626 1640 4695 accepimus
1689 4626 2133 4692 miscricordiam,

549 4729 603 4770 et
648 4727 752 4770 tam
801 4716 1120 4771 terribilium
1174 4716 1629 4786 ineﬂ'abiliumque
1680 4731 2136 4773 sacramentorum

547 4809 835 4879 participes
864 4823 1069 4876 sumus,
1105 4811 1201 4864 hac
1226 4811 1274 4863 in
1303 4825 1362 4864 re
1392 4808 1674 4863 inferiores
1701 4811 1867 4864 simus
1897 4810 2133 4878 Labano,

549 4905 640 4974 qui
667 4905 830 4959 cultui
865 4905 1127 4960 idolorum
1151 4904 1324 4960 adhuc
1345 4915 1460 4959 erat
1488 4905 1740 4960 deditus?
1767 4908 1958 4961 Annon
1985 4908 2138 4963 audis

547 4994 769 5050 Paulum
799 4995 1063 5051 dicentem
1095 5006 1489 5053 sacramentum
1517 5012 1637 5054 esse
1680 4999 1893 5068 nuptias
1929 5011 1980 5052 et
2007 5000 2140 5054 ima-

547 5089 723 5156 ginem
751 5087 1053 5142 dilectionis
1079 5087 1296 5154 Christi,
1330 5105 1488 5158 quam
1519 5106 1641 5160 erga
1687 5091 1983 5147 Ecclesiam
2032 5107 2134 5147 ex-

554 5177 720 5232 hibuit
755 5177 977 5249 (Ep/tes.
1008 5180 1059 5235 5.
1089 5178 1218 5250 52)?
1249 5180 1324 5235 Ne
1355 5183 1509 5251 igitur
1535 5184 1926 5241 eonfundamus
1953 5187 2135 5258 nosip-

552 5287 661 5337 sos,
695 5281 748 5325 et
777 5271 1110 5328 honestatem
1140 5275 1442 5344 nuptiarum
1471 5293 1896 5349 corrumpamns.
1929 5283 2061 5339 Nam
2089 5287 2131 5339 si

550 5361 764 5431 quidem
814 5363 1013 5419 bonum
1066 5375 1118 5419 et
1167 5367 1298 5422 utile
1338 5367 1496 5424 fuerit
1546 5375 1826 5428 consilium
1857 5416 1872 5441 ,
1922 5377 2129 5433 etiantsi

546 5467 653 5506 non
682 5454 752 5508 sit
778 5456 1130 5524 consuetudo,
1161 5458 1290 5512 fiat:
1321 5461 1403 5514 sin
1431 5460 1749 5519 damnosum
1783 5476 1837 5520 et
1865 5471 2128 5535 pernicio-

544 5557 663 5599 sum
685 5555 768 5600 est
795 5547 845 5600 id
867 5549 1009 5618 quod
1028 5563 1058 5603 a
1087 5551 1236 5606 vobis
1263 5551 1515 5621 efficitur,
1550 5557 1762 5612 etiamsi
1793 5564 2129 5617 consuetudo

542 5638 632 5702 sit,
655 5639 943 5708 rejiciatur.
975 5641 1110 5697 Nam
1158 5645 1202 5699 si
1259 5645 1358 5700 hoc
1387 5647 1778 5718 adtniseritnus,
1826 5663 1879 5708 ct
1928 5654 2034 5722 fur,
2078 5669 2127 5710 et

543 5727 772 5794 adulter,
805 5741 860 5785 et
884 5735 1224 5802 quantumvis
1269 5738 1438 5793 malus
1464 5740 1600 5796 alius
1621 5783 1636 5808 ,
1683 5747 2124 5802 consuetudinem

539 5819 797 5876 ubtcndct
822 5842 832 5874 :
860 5837 912 5877 at
945 5826 1147 5881 nullum
1181 5827 1305 5883 hinc
1335 5831 1436 5884 illis
1468 5833 1671 5888 lucrum
1704 5845 1785 5891 cst
1811 5839 1892 5894 vel
1925 5843 2115 5911 venia,

1314 387 1370 444 s.
1408 386 1687 444 JOANNIS
1717 379 2189 441 ettavsosrom
2230 337 2547 439 tuentur.
2586 380 3123 449 CONSTANTINOP.

3781 396 3887 453 488

2280 497 2377 552 sed
2407 499 2579 570 major
2605 501 2784 570 potius
2809 505 3104 573 accusatio,
3136 504 3278 578 quod
3306 507 3504 565 malam
3531 513 3886 568 consuetudi-

2276 607 2397 644 nem
2429 605 2685 661 superare
2710 608 2819 649 non
2851 595 3146 652 valuerint.

2341 681 2396 737 2.
2438 681 2495 739 Si
2535 685 2678 740 enim
2719 687 3044 745 voluerimus
3076 690 3312 760 vigilare,
3340 701 3396 748 et
3437 707 3628 750 curam
3674 694 3884 752 habere

2275 783 2471 828 nostra:
2493 775 2703 842 salutis,
2731 792 3020 848 possumus
3043 788 3101 835 et
3133 796 3164 836 a
3191 783 3328 837 mala
3356 784 3756 841 consuetudine
3783 786 3883 842 de-

2271 865 2487 931 sistere,
2523 877 2579 922 et
2619 867 2671 921 in
2716 868 2910 924 bonam
2953 873 3398 929 consuetudinem
3441 890 3540 930 nos
3565 876 3879 934 reducere:

2271 958 2458 1028 sicque
2488 961 2716 1030 posteris
2743 962 2944 1018 nostris
2972 979 3079 1020 non
3111 981 3328 1036 parvam
3356 968 3604 1025 dabimus
3633 971 3881 1027 occasio-

2269 1064 2392 1106 nem
2419 1051 2606 1107 eadem
2647 1053 2910 1120 imitandi,
2941 1065 2998 1111 et
3023 1057 3354 1127 accipiemus
3387 1062 3551 1115 etiam
3595 1077 3697 1117 nos
3729 1079 3881 1118 mer-

2268 1141 2454 1197 cedem
2480 1159 2666 1200 eorum
2702 1161 2822 1217 quae
2861 1147 2931 1203 ab
2961 1149 3030 1204 iis
3059 1159 3310 1221 aguntur.
3352 1151 3486 1207 Nam
3531 1154 3624 1224 qui
3658 1155 3875 1210 initium

2268 1234 2421 1292 bonte
2451 1237 2823 1309 vire‘pruebuit,
2859 1240 2948 1296 hic
2992 1253 3180 1298 auctor
3217 1253 3297 1298 est
3326 1259 3513 1299 eorum
3556 1263 3682 1314 qua:
3723 1257 3780 1303 et
3809 1249 3880 1304 ab

2265 1329 2386 1384 aliis
2416 1338 2561 1386 recte
2586 1331 2740 1394 fiunt.
2768 1345 2823 1388 et
2850 1334 3116 1405 duplicem
3143 1336 3364 1408 recipiet
3391 1339 3729 1406 mercedem,
3766 1349 3878 1394 tant

2267 1435 2366 1489 pro
2396 1421 2461 1476 iis
2489 1437 2610 1494 qua:
2650 1423 2766 1492 ipse
2810 1434 2956 1481 recte
3002 1424 3150 1493 facit,
3194 1441 3355 1498 quam
3397 1427 3591 1497 quibus
3629 1429 3771 1484 alios
3822 1430 3879 1484 in

2265 1513 2520 1580 optimam
2562 1515 2703 1570 illam
2729 1516 2933 1571 inducit
2974 1517 3395 1588 philosophiam.
3425 1517 3504 1574 Ne
3532 1521 3875 1589 praetentis,

2262 1602 2509 1670 obsecro,
2545 1605 2732 1676 frigida
2760 1615 2816 1661 et
2842 1607 3064 1662 ridicula
3092 1608 3255 1663 verba
3284 1608 3422 1675 htec,
3453 1609 3701 1665 dicentes
3734 1611 3874 1681 legi-

2265 1696 2390 1749 tima
2422 1696 2665 1764 quaedam
2703 1711 2824 1753 esse
2860 1697 2997 1765 ltzer,
3039 1709 3094 1754 et
3135 1707 3418 1770 propterea
3448 1700 3660 1771 impleri
3701 1716 3878 1770 opor-o

2263 1797 2396 1841 tere.
2425 1785 2542 1844 Non
2565 1790 2706 1844 enim
2730 1789 2846 1846 haec
2863 1791 3155 1862 legitimum
3185 1793 3386 1847 faciunt
3410 1795 3750 1863 conjugiunt,
3775 1794 3874 1849 sed

2260 1882 2304 1936 si
2334 1882 2626 1938 secundum
2652 1883 2796 1953 leges
2827 1884 2920 1939 Dei
2950 1899 3070 1939 cum
3099 1885 3346 1942 castitate
3373 1895 3426 1940 et
3454 1886 3746 1942 honestate
3781 1886 3876 1940 ﬁat

2260 1985 2580 2042 conventus,
2623 1987 2679 2032 et
2707 1977 2750 2031 si
2782 1977 3069 2033 concordia
3113 1992 3306 2048 magna
3349 1976 3666 2032 coluereant
3707 1978 3744 2031 ii
3781 1978 3873 2048 qui

2259 2066 2605 2122 conveniunt.
2647 2065 2925 2122 Noverunt
2964 2068 3066 2122 hoc
3092 2068 3256 2122 etiam
3307 2079 3548 2123 externa:
3579 2067 3733 2138 leges
3770 2085 3785 2122 :
3820 2078 3873 2124 et

2257 2158 2444 2214 audies
2485 2174 2600 2224 eos,
2646 2160 2736 2228 qui
2792 2159 2877 2215 his
2919 2159 3258 2226 studuerunt,
3304 2159 3508 2225 dicere,
3547 2160 3870 2229 conjugium

2257 2248 2389 2304 nihil
2418 2250 2562 2304 aliud
2601 2251 2930 2306 constituere
2955 2265 3118 2321 quam
3152 2250 3623 2306 consuetudinem.
3655 2250 3736 2305 Ne
3770 2251 3871 2322 igi-

2256 2352 2341 2400 tur
2371 2344 2578 2400 divinas
2607 2345 2753 2416 leges
2791 2360 2913 2400 cum
2945 2344 3194 2399 humanis
3243 2344 3728 2414 transgrediamur,
3766 2359 3871 2399 nec

2257 2437 2608 2506 pra:feramus
2651 2439 2943 2494 diabolicas
2995 2439 3141 2508 leges
3206 2447 3261 2493 et
3311 2437 3672 2506 perniciosam
3722 2439 3871 2494 hanc

2254 2530 2696 2585 consuetudinem
2729 2549 2741 2584 :
2773 2531 2916 2585 illius
2936 2531 3082 2585 enim
3112 2531 3195 2585 lex
3224 2539 3348 2586 sunt
3376 2529 3515 2596 hmc,
3538 2531 3631 2600 qui
3661 2530 3868 2601 gaudet

2253 2621 2319 2676 de
2341 2622 2558 2678 interitu
2588 2633 2793 2676 nostro.
2827 2621 2967 2691 Qttid
3005 2622 3166 2693 igitur
3193 2622 3294 2677 hac
3315 2622 3713 2678 consuetudine
3745 2638 3867 2678 ma-

2251 2715 2331 2784 gis
2357 2715 2663 2771 ridiculum.
2703 2715 2917 2786 quando
2942 2717 3024 2770 vir
3067 2726 3123 2771 et
3163 2732 3305 2770 uxor
3335 2716 3636 2771 innumeris
3670 2717 3868 2771 convi-

2250 2807 2348 2861 ciis
2370 2818 2424 2862 et
2452 2808 2762 2862 scontntatis
2781 2822 2812 2862 a
2839 2807 3010 2862 servis
3033 2806 3338 2875 nulliusque
3360 2807 3515 2876 pretii
3548 2807 3866 2862 hominibus

2252 2901 2611 2967 incessuntur,
2641 2915 2704 2955 ac
2731 2915 2888 2953 nemo
2917 2907 3000 2953 est
3025 2900 3115 2969 qui
3148 2899 3428 2967 increpet:
3459 2900 3554 2954 sed
3585 2900 3716 2955 licet
3745 2903 3866 2955 cui-

2251 2993 2330 3046 vis
2355 2992 2555 3047 voleuti
2586 2993 2650 3045 ad
2685 3006 2964 3062 vesperam
2996 2993 3173 3047 omnia
3211 2991 3378 3062 loqui,
3421 3002 3474 3049 et
3504 2995 3751 3048 convicia
3781 2995 3866 3062 ja-

2248 3101 2373 3142 cere
2402 3085 2454 3140 in
2499 3100 2754 3156 sponsum
2783 3095 2838 3140 et
2866 3085 3163 3156 sponsam?
3195 3085 3261 3138 Et
3307 3087 3359 3138 in
3389 3087 3494 3139 alio
3523 3086 3614 3141 die
3659 3087 3706 3140 si
3735 3087 3863 3156 quis

2249 3187 2537 3233 conaretur
2562 3176 2632 3231 ita
2663 3177 2862 3231 salibus
2893 3176 3164 3243 mordere,
3207 3175 3622 3246 periclitaretur,
3653 3177 3724 3230 ad
3765 3179 3865 3230 tri-

2253 3269 2409 3323 bunal
2440 3269 2800 3330 abduceretur
2825 3277 2878 3324 ct
2909 3269 3226 3338 puniretur:
3258 3277 3384 3323 tunc
3421 3278 3602 3323 autem
3634 3269 3863 3339 quando

2248 3359 2531 3427 plurimam
2576 3359 2858 3427 Oportebat
2897 3374 3018 3415 esse
3059 3361 3435 3427 reverentiam,
3478 3361 3862 3432 majoremque

2248 3451 2583 3506 honestatem
2613 3459 2670 3506 et
2697 3452 3020 3518 castitatem,
3055 3461 3197 3506 tanta
3227 3451 3583 3507 obscoenitate
3614 3453 3859 3523 implen-

2248 3552 2334 3597 tur
2369 3544 2550 3599 omnia
2597 3542 2709 3609 illa,
2767 3554 2822 3598 ut
2859 3544 3134 3614 probabile
3177 3545 3247 3599 sit
3287 3543 3504 3599 diabolo
3543 3544 3688 3600 duce
3737 3545 3862 3601 lucc

2247 3633 2425 3688 omnia
2459 3635 2672 3688 inventa
2700 3650 2841 3690 esse.
2873 3635 3071 3690 Verum
3090 3651 3156 3690 ne
3186 3651 3330 3706 aegre
3356 3636 3557 3700 feratis,
3584 3652 3686 3691 oro
3709 3655 3722 3690 :
3743 3654 3858 3692 non

2247 3726 2388 3783 enim
2417 3727 2621 3796 absque
2641 3742 2802 3783 causa
2828 3729 2879 3783 in
2907 3728 3045 3782 hunc
3060 3744 3365 3785 sermonem
3389 3729 3614 3799 digressi
3637 3747 3857 3796 sumus,

2249 3816 2342 3871 sed
2391 3832 2572 3872 curam
2607 3817 2814 3873 habens
2861 3827 3052 3873 vestrae
3073 3818 3262 3873 salutis
3291 3829 3345 3875 et
3376 3819 3706 3888 honestatis,
3741 3824 3854 3878 vel-

2249 3909 2352 3965 lem
2379 3911 2632 3980 optimam
2670 3911 2806 3966 hanc
2835 3913 3182 3968 mutationem
3213 3912 3347 3978 fieri,
3398 3929 3600 3982 vosque
3627 3919 3851 3985 optima

2249 4004 2406 4074 hujus
2428 4005 2834 4060 consuetudinis
2864 4021 2984 4061 csse
3011 4006 3195 4061 duces.
3240 4007 3372 4061 Nam
3403 4007 3447 4061 si
3493 4008 3666 4063 solum
3699 4013 3850 4080 priu-

2244 4098 2442 4167 cipium
2469 4107 2522 4154 et
2552 4097 2633 4152 via
2665 4099 2756 4153 flat
2785 4101 2984 4168 Operis,
3020 4101 3277 4169 paulatim
3325 4117 3430 4155 uno
3463 4104 3696 4158 alterum
3729 4105 3848 4159 latt-

2245 4190 2404 4244 dabili
2420 4191 2519 4246 hac
2533 4193 2874 4247 mmulatioue
2902 4195 3210 4260 mmulante,
3227 4210 3416 4250 omnes
3432 4197 3740 4252 laudatores
3755 4199 3860 4255 ha-

2243 4282 2436 4338 bebitis
2453 4305 2466 4339 :
2481 4295 2529 4337 et
2547 4301 2650 4340 non
2671 4293 2872 4338 tantum
2888 4287 2978 4356 qui
2997 4285 3265 4342 civitatem
3283 4288 3537 4354 incolunt,
3560 4290 3850 4346 itnitabun-

2245 4377 2598 4445 turoittimam
2625 4378 2759 4431 hanc
2781 4377 3177 4432 innovationem
3196 4421 3210 4445 ,
3244 4379 3337 4434 sed
3356 4392 3409 4435 et
3425 4396 3521 4438 eos
3540 4383 3628 4451 qui
3660 4387 3860 4452 procul

2245 4465 2480 4521 habitant
2525 4469 2895 4533 conciliabitis,
2948 4477 3002 4523 et
3052 4470 3349 4526 imitatores
3391 4482 3601 4528 vestros
3640 4479 3856 4531 consti-

2243 4560 2403 4612 tuetis
2433 4577 2446 4613 :
2476 4569 2636 4629 atque
2664 4561 2882 4631 insuper
2909 4562 3065 4633 longe
3091 4564 3406 4634 ampliorem
3448 4581 3476 4620 a
3511 4566 3622 4622 Deo
3657 4584 3853 4638 repor-

2242 4655 2421 4707 tabitis
2460 4670 2734 4719 coronam,
2775 4657 2914 4725 quod
2948 4668 3168 4728 propter
3211 4660 3302 4715 Dei
3349 4661 3593 4715 timorem
3641 4675 3696 4716 et
3727 4665 3855 4734 ejus

2243 4745 2547 4801 mandatum
2572 4747 2891 4803 diabolicam
2930 4750 3064 4804 hanc
3086 4754 3467 4819 superat-eritis
3496 4757 3850 4812 consuetudi.

2241 4854 2384 4894 nent.
2415 4841 2519 4896 Sed
2549 4843 2690 4912 quod
2714 4845 3018 4914 suscepturi
3049 4847 3167 4900 sitis
3198 4864 3388 4918 magna
3429 4851 3708 4906 alacritate
3741 4852 3847 4910 hoc

2240 4941 2482 4987 nostrum
2525 4936 2832 5000 consilium,
2875 4947 2930 4992 et
2972 4953 3137 5007 opere
3169 4941 3460 5007 impleturi,
3515 4942 3670 4997 valde
3714 4960 3842 4999 con.

2239 5024 2365 5078 ﬁdo.
2402 5023 2602 5079 Videtis
2632 5029 2771 5081 enim
2825 5044 2922 5083 vos
2964 5045 3154 5098 magna
3201 5047 3322 5085 cum
3350 5033 3624 5101 voluptate
3655 5037 3851 5093 audire

2237 5133 2297 5172 ca
2325 5135 2442 5190 qtt;c
2466 5119 2732 5186 dicuntur,
2769 5122 2818 5174 id
2840 5136 2906 5176 ex
2929 5121 3187 5190 applausu
3216 5133 3268 5178 et
3300 5124 3546 5179 laudibus
3568 5128 3843 5196 conjecto,

2237 5225 2332 5264 vos
2358 5211 2519 5265 etiam
2552 5214 2800 5280 operibus
2830 5212 2970 5267 idem
3010 5214 3183 5283 ipsum
3215 5217 3670 5284 comprobaturos
3696 5235 3844 5274 esse.

2240 5303 2528 5372 Propterea
2566 5315 2850 5361 contentus
2876 5306 3053 5369 dictis,
3101 5307 3166 5362 ad
3208 5319 3497 5363 contextus
3528 5311 3727 5366 seriem
3757 5330 3845 5367 rr-

2234 5395 2466 5463 grediar.
2501 5394 2566 5448 Et
2599 5400 2731 5463 facta
2757 5407 2849 5460 est,
2884 5400 3071 5466 iuqttit,
3104 5415 3332 5466 vespera,
3361 5411 3404 5453 et
3436 5403 3632 5471 accepit
3664 5402 3845 5458 Lubnti

2238 5484 2379 5538 Limn
2410 5489 2571 5554 ﬁliam
2603 5504 2768 5552 suam,
2797 5502 2843 5543 et
2871 5491 3148 5545 introduxit
3176 5509 3288 5545 eam
3317 5494 3385 5545 ad
3416 5493 3603 5547 Iacob.

2308 5577 2577 5640 Quomodo
2595 5595 2626 5631 α
2650 5577 2860 5634 Labano
2888 5582 3126 5652 deceptus
3153 5585 3303 5653 fuerit
3324 5583 3489 5638 Iacob
3515 5601 3535 5650 ;
3565 5587 3676 5656 ejus
3712 5590 3846 5642 sim-

2234 5669 2454 5736 plicitas.
2483 5701 2555 5710 —
2579 5671 2653 5725 Ne
2693 5673 2868 5729 obiter
2913 5675 3076 5729 etiam
3118 5675 3220 5730 hoc
3254 5687 3637 5746 przetcreamus
3671 5701 3684 5737 :
3715 5697 3839 5738 natu

2235 5762 2318 5818 hic
2344 5779 2558 5832 quoque
2585 5769 2746 5820 multa
2778 5771 3106 5825 considerari
3142 5786 3362 5841 possunt
3394 5793 3405 5828 :
3437 5776 3670 5843 primunt
3711 5778 3844 5832 sint-

2239 5854 2446 5922 plicitas
2476 5853 2658 5924 Jacob,
2710 5869 2756 5913 ct
2799 5862 3066 5930 quomodo
3099 5863 3165 5917 ab
3197 5865 3340 5919 omni
3389 5867 3589 5921 malitia
3633 5869 3846 5922 alienus
