  <div class='ocr_page' id='page_1' title='image "/cluster/home/n/w/nwhite01/storage/ocr_20150623/54/ien.35556001660810/120.png"; bbox 0 0 4086 6416; ppageno 0'>
   <div class='ocr_carea' id='block_1_1' title="bbox 192 521 1795 600">
    <p class='ocr_par' dir='ltr' id='par_1_1' title="bbox 192 521 1795 600">
     <span class='ocr_line' id='line_1_1' title="bbox 192 521 1795 600; baseline -0.005 -16"><span class='ocrx_word' id='word_1_1' title='bbox 192 527 365 600; x_wconf 79' lang='grc' dir='ltr'>ἀκοῆς</span> <span class='ocrx_word' id='word_1_2' title='bbox 400 524 687 597; x_wconf 74' lang='grc' dir='ltr'>δαψιλεστέ</span> <span class='ocrx_word' id='word_1_3' title='bbox 698 543 798 599; x_wconf 98' lang='grc' dir='ltr'>ραν</span> <span class='ocrx_word' id='word_1_4' title='bbox 835 523 1146 580; x_wconf 88' lang='grc' dir='ltr'>ἀνάπτοντα</span> <span class='ocrx_word' id='word_1_5' title='bbox 1182 524 1282 597; x_wconf 81' lang='grc' dir='ltr'>τὴν</span> <span class='ocrx_word' id='word_1_6' title='bbox 1325 523 1507 595; x_wconf 82' lang='grc' dir='ltr'>πυράν</span> <span class='ocrx_word' id='word_1_7' title='bbox 1527 562 1542 588; x_wconf 91' lang='grc'>,</span> <span class='ocrx_word' id='word_1_8' title='bbox 1576 522 1671 579; x_wconf 68' lang='grc' dir='ltr'>καὶ</span> <span class='ocrx_word' id='word_1_9' title='bbox 1694 521 1795 594; x_wconf 77' lang='grc' dir='ltr'>τήν</span> 
     </span>
    </p>
   </div>
   <div class='ocr_carea' id='block_1_2' title="bbox 192 605 1797 683">
    <p class='ocr_par' dir='ltr' id='par_1_2' title="bbox 192 605 1797 683">
     <span class='ocr_line' id='line_1_2' title="bbox 192 605 1797 683; baseline -0.01 -15"><span class='ocrx_word' id='word_1_10' title='bbox 192 611 426 683; x_wconf 85' lang='grc' dir='ltr'>κάμινον</span> <span class='ocrx_word' id='word_1_11' title='bbox 457 608 568 663; x_wconf 89' lang='grc' dir='ltr'>τῶν</span> <span class='ocrx_word' id='word_1_12' title='bbox 595 609 782 664; x_wconf 83' lang='grc' dir='ltr'>παθῶν</span> <span class='ocrx_word' id='word_1_13' title='bbox 810 606 1255 679; x_wconf 82' lang='grc' dir='ltr'>φλογωδεστέραν</span> <span class='ocrx_word' id='word_1_14' title='bbox 1283 605 1652 677; x_wconf 76' lang='grc' dir='ltr'>ἐργαζόμενα,</span> <span class='ocrx_word' id='word_1_15' title='bbox 1677 606 1797 670; x_wconf 82' lang='grc' dir='ltr'>πῶς</span> 
     </span>
    </p>
   </div>
   <div class='ocr_carea' id='block_1_3' title="bbox 189 688 1804 765">
    <p class='ocr_par' dir='ltr' id='par_1_3' title="bbox 189 688 1804 765">
     <span class='ocr_line' id='line_1_3' title="bbox 189 688 1804 765; baseline -0.004 -17"><span class='ocrx_word' id='word_1_16' title='bbox 189 695 317 765; x_wconf 77' lang='grc' dir='ltr'>οὐχὶ</span> <span class='ocrx_word' id='word_1_17' title='bbox 342 692 672 765; x_wconf 81' lang='grc' dir='ltr'>ὑποϐρύχιος</span> <span class='ocrx_word' id='word_1_18' title='bbox 702 694 735 763; x_wconf 88' lang='grc' dir='ltr'>ή</span> <span class='ocrx_word' id='word_1_19' title='bbox 764 690 860 746; x_wconf 91' lang='grc' dir='ltr'>τοῦ</span> <span class='ocrx_word' id='word_1_20' title='bbox 890 690 1012 746; x_wconf 85' lang='grc' dir='ltr'>νέου</span> <span class='ocrx_word' id='word_1_21' title='bbox 1037 690 1185 762; x_wconf 77' lang='grc' dir='ltr'>ψυχὴ</span> <span class='ocrx_word' id='word_1_22' title='bbox 1222 691 1553 762; x_wconf 88' lang='grc' dir='ltr'>γενήσεται;</span> <span class='ocrx_word' id='word_1_23' title='bbox 1590 688 1804 746; x_wconf 80' lang='grc' dir='ltr'>Ἐντεῦ-</span> 
     </span>
    </p>
   </div>
   <div class='ocr_carea' id='block_1_4' title="bbox 190 770 1801 848">
    <p class='ocr_par' dir='ltr' id='par_1_4' title="bbox 190 770 1801 848">
     <span class='ocr_line' id='line_1_4' title="bbox 190 770 1801 848; baseline -0.004 -17"><span class='ocrx_word' id='word_1_24' title='bbox 190 776 289 831; x_wconf 89' lang='grc' dir='ltr'>θεν</span> <span class='ocrx_word' id='word_1_25' title='bbox 326 778 436 848; x_wconf 79' lang='lat'>7&amp;9</span> <span class='ocrx_word' id='word_1_26' title='bbox 484 776 702 829; x_wconf 76' lang='grc' dir='ltr'>ἅπαντα</span> <span class='ocrx_word' id='word_1_27' title='bbox 745 774 992 828; x_wconf 86' lang='grc' dir='ltr'>ἀπόλωλε</span> <span class='ocrx_word' id='word_1_28' title='bbox 1031 776 1129 828; x_wconf 77' lang='grc' dir='ltr'>καὶ</span> <span class='ocrx_word' id='word_1_29' title='bbox 1168 771 1526 845; x_wconf 88' lang='grc' dir='ltr'>διέφθαρται,</span> <span class='ocrx_word' id='word_1_30' title='bbox 1571 772 1681 827; x_wconf 73' lang='grc' dir='ltr'>ἀπὸ</span> <span class='ocrx_word' id='word_1_31' title='bbox 1706 770 1801 825; x_wconf 92' lang='grc' dir='ltr'>τοῦ</span> 
     </span>
    </p>
   </div>
   <div class='ocr_carea' id='block_1_5' title="bbox 190 853 1804 929">
    <p class='ocr_par' dir='ltr' id='par_1_5' title="bbox 190 853 1804 929">
     <span class='ocr_line' id='line_1_5' title="bbox 190 853 1804 929; baseline -0.003 -17"><span class='ocrx_word' id='word_1_32' title='bbox 190 859 295 929; x_wconf 82' lang='grc' dir='ltr'>τὴν</span> <span class='ocrx_word' id='word_1_33' title='bbox 326 857 684 929; x_wconf 80' lang='grc' dir='ltr'>σωφροσύνην</span> <span class='ocrx_word' id='word_1_34' title='bbox 712 856 775 922; x_wconf 79' lang='grc' dir='ltr'>ἐξ</span> <span class='ocrx_word' id='word_1_35' title='bbox 806 858 983 929; x_wconf 73' lang='grc' dir='ltr'>ἀρχῆς</span> <span class='ocrx_word' id='word_1_36' title='bbox 1009 855 1385 927; x_wconf 89' lang='grc' dir='ltr'>διορύττεσθαι</span> <span class='ocrx_word' id='word_1_37' title='bbox 1413 856 1527 909; x_wconf 90' lang='grc' dir='ltr'>τῶν</span> <span class='ocrx_word' id='word_1_38' title='bbox 1582 853 1804 925; x_wconf 82' lang='grc' dir='ltr'>μελλόν-</span> 
     </span>
    </p>
   </div>
   <div class='ocr_carea' id='block_1_6' title="bbox 190 937 1805 1012">
    <p class='ocr_par' dir='ltr' id='par_1_6' title="bbox 190 937 1805 1012">
     <span class='ocr_line' id='line_1_6' title="bbox 190 937 1805 1012; baseline -0.001 -16"><span class='ocrx_word' id='word_1_39' title='bbox 190 959 305 996; x_wconf 79' lang='grc' dir='ltr'>των</span> <span class='ocrx_word' id='word_1_40' title='bbox 350 941 605 1012; x_wconf 81' lang='grc' dir='ltr'>ἀλλήλοις</span> <span class='ocrx_word' id='word_1_41' title='bbox 664 940 910 995; x_wconf 90' lang='grc' dir='ltr'>συνιέναι</span> <span class='ocrx_word' id='word_1_42' title='bbox 944 957 959 973; x_wconf 79' lang='grc'><em>’</em></span> <span class='ocrx_word' id='word_1_43' title='bbox 1000 940 1095 995; x_wconf 80' lang='grc' dir='ltr'>καὶ</span> <span class='ocrx_word' id='word_1_44' title='bbox 1148 937 1410 1003; x_wconf 76' lang='grc' dir='ltr'>πολλάκις</span> <span class='ocrx_word' id='word_1_45' title='bbox 1464 942 1531 994; x_wconf 86' lang='grc' dir='ltr'>ἐκ</span> <span class='ocrx_word' id='word_1_46' title='bbox 1578 938 1805 1010; x_wconf 82' lang='grc' dir='ltr'>πρώτης</span> 
     </span>
    </p>
   </div>
   <div class='ocr_carea' id='block_1_7' title="bbox 193 1020 1805 1097">
    <p class='ocr_par' dir='ltr' id='par_1_7' title="bbox 193 1020 1805 1097">
     <span class='ocr_line' id='line_1_7' title="bbox 193 1020 1805 1097; baseline -0.001 -21"><span class='ocrx_word' id='word_1_47' title='bbox 193 1024 412 1097; x_wconf 68' lang='grc' dir='ltr'>ἡμέρας</span> <span class='ocrx_word' id='word_1_48' title='bbox 444 1023 540 1077; x_wconf 75' lang='grc' dir='ltr'>καὶ</span> <span class='ocrx_word' id='word_1_49' title='bbox 571 1025 601 1078; x_wconf 98' lang='lat'>6</span> <span class='ocrx_word' id='word_1_50' title='bbox 628 1024 748 1089; x_wconf 85' lang='grc' dir='ltr'>νέος</span> <span class='ocrx_word' id='word_1_51' title='bbox 773 1023 993 1089; x_wconf 78' lang='grc' dir='ltr'>ἐδέξατο</span> <span class='ocrx_word' id='word_1_52' title='bbox 1019 1022 1175 1093; x_wconf 87' lang='grc' dir='ltr'>βέλος</span> <span class='ocrx_word' id='word_1_53' title='bbox 1204 1022 1494 1076; x_wconf 77' lang='grc' dir='ltr'>σατανικον</span> <span class='ocrx_word' id='word_1_54' title='bbox 1522 1024 1580 1076; x_wconf 81' lang='grc' dir='ltr'>ἐν</span> <span class='ocrx_word' id='word_1_55' title='bbox 1608 1024 1677 1094; x_wconf 76' lang='grc' dir='ltr'>τῇ</span> <span class='ocrx_word' id='word_1_56' title='bbox 1700 1020 1805 1091; x_wconf 82' lang='grc' dir='ltr'>ψυ-</span> 
     </span>
    </p>
   </div>
   <div class='ocr_carea' id='block_1_8' title="bbox 194 1103 1806 1177">
    <p class='ocr_par' dir='ltr' id='par_1_8' title="bbox 194 1103 1806 1177">
     <span class='ocr_line' id='line_1_8' title="bbox 194 1103 1806 1177; baseline -0.012 0"><span class='ocrx_word' id='word_1_57' title='bbox 194 1110 267 1177; x_wconf 64' lang='lat' dir='ltr'>xi:</span> <span class='ocrx_word' id='word_1_58' title='bbox 289 1149 303 1172; x_wconf 76' lang='grc' dir='ltr'>ν</span> <span class='ocrx_word' id='word_1_59' title='bbox 336 1106 661 1171; x_wconf 77' lang='grc' dir='ltr'>ἀκολάστοις</span> <span class='ocrx_word' id='word_1_60' title='bbox 697 1105 824 1160; x_wconf 70' lang='grc' dir='ltr'>ἰδὼν</span> <span class='ocrx_word' id='word_1_61' title='bbox 864 1105 1201 1177; x_wconf 71' lang='grc' dir='ltr'>ὀφθαλμοῖς,</span> <span class='ocrx_word' id='word_1_62' title='bbox 1234 1106 1383 1176; x_wconf 77' lang='grc' dir='ltr'>καῖή</span> <span class='ocrx_word' id='word_1_63' title='bbox 1411 1107 1549 1177; x_wconf 88' lang='grc' dir='ltr'>κόρη</span> <span class='ocrx_word' id='word_1_64' title='bbox 1585 1104 1679 1159; x_wconf 76' lang='grc' dir='ltr'>καὶ</span> <span class='ocrx_word' id='word_1_65' title='bbox 1714 1103 1806 1158; x_wconf 84' lang='grc' dir='ltr'>διά</span> 
     </span>
    </p>
   </div>
   <div class='ocr_carea' id='block_1_9' title="bbox 196 1186 1805 1262">
    <p class='ocr_par' dir='ltr' id='par_1_9' title="bbox 196 1186 1805 1262">
     <span class='ocr_line' id='line_1_9' title="bbox 196 1186 1805 1262; baseline -0.002 -19"><span class='ocrx_word' id='word_1_66' title='bbox 196 1192 295 1261; x_wconf 75' lang='grc' dir='ltr'>τῆς</span> <span class='ocrx_word' id='word_1_67' title='bbox 320 1190 489 1262; x_wconf 82' lang='grc' dir='ltr'>ἀκοῆς</span> <span class='ocrx_word' id='word_1_68' title='bbox 522 1190 617 1245; x_wconf 78' lang='grc' dir='ltr'>καὶ</span> <span class='ocrx_word' id='word_1_69' title='bbox 641 1190 732 1247; x_wconf 84' lang='grc' dir='ltr'>διὰ</span> <span class='ocrx_word' id='word_1_70' title='bbox 758 1190 859 1261; x_wconf 80' lang='grc' dir='ltr'>τῆς</span> <span class='ocrx_word' id='word_1_71' title='bbox 884 1188 1064 1260; x_wconf 72' lang='grc' dir='ltr'>ὅψεως</span> <span class='ocrx_word' id='word_1_72' title='bbox 1088 1188 1435 1260; x_wconf 86' lang='grc' dir='ltr'>αἰχμάλωτος</span> <span class='ocrx_word' id='word_1_73' title='bbox 1462 1188 1678 1257; x_wconf 89' lang='grc' dir='ltr'>γέγονε,</span> <span class='ocrx_word' id='word_1_74' title='bbox 1708 1186 1805 1242; x_wconf 78' lang='grc' dir='ltr'>καὶ</span> 
     </span>
    </p>
   </div>
   <div class='ocr_carea' id='block_1_10' title="bbox 192 1270 1805 1345">
    <p class='ocr_par' dir='ltr' id='par_1_10' title="bbox 192 1270 1805 1345">
     <span class='ocr_line' id='line_1_10' title="bbox 192 1270 1805 1345; baseline -0.001 -20"><span class='ocrx_word' id='word_1_75' title='bbox 192 1272 369 1326; x_wconf 86' lang='grc' dir='ltr'>ταῦτα</span> <span class='ocrx_word' id='word_1_76' title='bbox 415 1273 473 1341; x_wconf 77' lang='grc' dir='ltr'>ἐξ</span> <span class='ocrx_word' id='word_1_77' title='bbox 523 1274 741 1345; x_wconf 81' lang='grc' dir='ltr'>ἐκείνης</span> <span class='ocrx_word' id='word_1_78' title='bbox 780 1273 970 1327; x_wconf 81' lang='grc' dir='ltr'>λοιπὸν</span> <span class='ocrx_word' id='word_1_79' title='bbox 1017 1272 1120 1344; x_wconf 80' lang='grc' dir='ltr'>τῆς</span> <span class='ocrx_word' id='word_1_80' title='bbox 1160 1272 1373 1344; x_wconf 90' lang='grc' dir='ltr'>ήμέρας</span> <span class='ocrx_word' id='word_1_81' title='bbox 1408 1273 1478 1326; x_wconf 84' lang='grc' dir='ltr'>τά</span> <span class='ocrx_word' id='word_1_82' title='bbox 1511 1270 1805 1343; x_wconf 86' lang='grc' dir='ltr'>τραύματα</span> 
     </span>
    </p>
   </div>
   <div class='ocr_carea' id='block_1_11' title="bbox 192 1353 1806 1430">
    <p class='ocr_par' dir='ltr' id='par_1_11' title="bbox 192 1353 1806 1430">
     <span class='ocr_line' id='line_1_11' title="bbox 192 1353 1806 1430; baseline -0.001 -20"><span class='ocrx_word' id='word_1_83' title='bbox 192 1356 540 1428; x_wconf 68' lang='grc' dir='ltr'>αὐξανόμενα</span> <span class='ocrx_word' id='word_1_84' title='bbox 600 1359 786 1428; x_wconf 87' lang='grc' dir='ltr'>μεῖζον</span> <span class='ocrx_word' id='word_1_85' title='bbox 848 1355 1142 1430; x_wconf 86' lang='grc' dir='ltr'>ἐργάζεται</span> <span class='ocrx_word' id='word_1_86' title='bbox 1195 1356 1259 1410; x_wconf 72' lang='grc' dir='ltr'>τὸ</span> <span class='ocrx_word' id='word_1_87' title='bbox 1306 1356 1499 1410; x_wconf 87' lang='grc' dir='ltr'>κακόν.</span> <span class='ocrx_word' id='word_1_88' title='bbox 1543 1356 1652 1410; x_wconf 86' lang='lat' dir='ltr'>Kal</span> <span class='ocrx_word' id='word_1_89' title='bbox 1696 1353 1806 1425; x_wconf 99' lang='lat'>7&amp;9</span> 
     </span>
    </p>
   </div>
   <div class='ocr_carea' id='block_1_12' title="bbox 195 1437 1807 1513">
    <p class='ocr_par' dir='ltr' id='par_1_12' title="bbox 195 1437 1807 1513">
     <span class='ocr_line' id='line_1_12' title="bbox 195 1437 1807 1513; baseline 0 -23"><span class='ocrx_word' id='word_1_90' title='bbox 195 1438 417 1510; x_wconf 83' lang='grc' dir='ltr'>πρῶτον</span> <span class='ocrx_word' id='word_1_91' title='bbox 465 1440 563 1511; x_wconf 66' lang='grc' dir='ltr'>μὲν</span> <span class='ocrx_word' id='word_1_92' title='bbox 604 1441 705 1511; x_wconf 81' lang='grc' dir='ltr'>τὴν</span> <span class='ocrx_word' id='word_1_93' title='bbox 746 1438 883 1511; x_wconf 80' lang='grc' dir='ltr'>πρὸς</span> <span class='ocrx_word' id='word_1_94' title='bbox 924 1439 1193 1513; x_wconf 77' lang='grc' dir='ltr'>ἀλλήλους</span> <span class='ocrx_word' id='word_1_95' title='bbox 1228 1438 1410 1493; x_wconf 79' lang='grc' dir='ltr'>αὐτῶν</span> <span class='ocrx_word' id='word_1_96' title='bbox 1434 1437 1692 1509; x_wconf 85' lang='grc' dir='ltr'>ὁμόνοιαν</span> <span class='ocrx_word' id='word_1_97' title='bbox 1722 1437 1807 1491; x_wconf 81' lang='grc' dir='ltr'>δι-</span> 
     </span>
    </p>
   </div>
   <div class='ocr_carea' id='block_1_13' title="bbox 193 1520 1805 1592">
    <p class='ocr_par' dir='ltr' id='par_1_13' title="bbox 193 1520 1805 1592">
     <span class='ocr_line' id='line_1_13' title="bbox 193 1520 1805 1592; baseline -0.001 -18"><span class='ocrx_word' id='word_1_98' title='bbox 193 1520 435 1592; x_wconf 86' lang='grc' dir='ltr'>ορύττει,</span> <span class='ocrx_word' id='word_1_99' title='bbox 472 1522 568 1576; x_wconf 73' lang='grc' dir='ltr'>καὶ</span> <span class='ocrx_word' id='word_1_100' title='bbox 591 1522 681 1577; x_wconf 83' lang='grc' dir='ltr'>τὸν</span> <span class='ocrx_word' id='word_1_101' title='bbox 715 1521 879 1576; x_wconf 82' lang='grc' dir='ltr'>πόθον</span> <span class='ocrx_word' id='word_1_102' title='bbox 906 1520 1516 1592; x_wconf 82' lang='grc' dir='ltr'>καταμαραίνει.”οταν</span> <span class='ocrx_word' id='word_1_103' title='bbox 1538 1521 1649 1591; x_wconf 90' lang='lat'>7&amp;9</span> <span class='ocrx_word' id='word_1_104' title='bbox 1669 1520 1805 1590; x_wconf 81' lang='grc' dir='ltr'>πρὸς</span> 
     </span>
    </p>
   </div>
   <div class='ocr_carea' id='block_1_14' title="bbox 192 1599 1808 1679">
    <p class='ocr_par' dir='ltr' id='par_1_14' title="bbox 192 1599 1808 1679">
     <span class='ocr_line' id='line_1_14' title="bbox 192 1599 1808 1679; baseline -0.001 -20"><span class='ocrx_word' id='word_1_105' title='bbox 192 1606 394 1678; x_wconf 88' lang='grc' dir='ltr'>ἐτέραν</span> <span class='ocrx_word' id='word_1_106' title='bbox 428 1607 639 1670; x_wconf 80' lang='grc' dir='ltr'>ἐκεῖνος</span> <span class='ocrx_word' id='word_1_107' title='bbox 661 1609 875 1679; x_wconf 80' lang='grc' dir='ltr'>προσχῇ</span> <span class='ocrx_word' id='word_1_108' title='bbox 907 1608 973 1679; x_wconf 74' lang='grc' dir='ltr'>τῇ</span> <span class='ocrx_word' id='word_1_109' title='bbox 1007 1604 1239 1677; x_wconf 78' lang='grc' dir='ltr'>διανοίᾳ,</span> <span class='ocrx_word' id='word_1_110' title='bbox 1263 1599 1369 1660; x_wconf 82' lang='grc' dir='ltr'>ὧδε</span> <span class='ocrx_word' id='word_1_111' title='bbox 1389 1606 1617 1660; x_wconf 88' lang='grc' dir='ltr'>κάκεῖσε</span> <span class='ocrx_word' id='word_1_112' title='bbox 1648 1622 1808 1677; x_wconf 89' lang='grc' dir='ltr'>μερι-</span> 
     </span>
    </p>
   </div>
   <div class='ocr_carea' id='block_1_15' title="bbox 195 1684 1805 1761">
    <p class='ocr_par' dir='ltr' id='par_1_15' title="bbox 195 1684 1805 1761">
     <span class='ocr_line' id='line_1_15' title="bbox 195 1684 1805 1761; baseline -0.001 -19"><span class='ocrx_word' id='word_1_113' title='bbox 195 1686 427 1760; x_wconf 88' lang='grc' dir='ltr'>ζόμενος</span> <span class='ocrx_word' id='word_1_114' title='bbox 470 1688 563 1743; x_wconf 77' lang='grc' dir='ltr'>τὸν</span> <span class='ocrx_word' id='word_1_115' title='bbox 606 1688 867 1761; x_wconf 74' lang='grc' dir='ltr'>λογισμὸν</span> <span class='ocrx_word' id='word_1_116' title='bbox 888 1728 903 1752; x_wconf 94' lang='grc'>,</span> <span class='ocrx_word' id='word_1_117' title='bbox 953 1688 1050 1741; x_wconf 72' lang='grc' dir='ltr'>καὶ</span> <span class='ocrx_word' id='word_1_118' title='bbox 1079 1686 1185 1741; x_wconf 79' lang='grc' dir='ltr'>ὑπὸ</span> <span class='ocrx_word' id='word_1_119' title='bbox 1212 1686 1310 1741; x_wconf 87' lang='grc' dir='ltr'>τοῦ</span> <span class='ocrx_word' id='word_1_120' title='bbox 1344 1686 1596 1741; x_wconf 92' lang='grc' dir='ltr'>διαϐόλου</span> <span class='ocrx_word' id='word_1_121' title='bbox 1637 1684 1805 1741; x_wconf 87' lang='grc' dir='ltr'>αὐτοῦ</span> 
     </span>
    </p>
   </div>
   <div class='ocr_carea' id='block_1_16' title="bbox 197 1769 1806 1843">
    <p class='ocr_par' dir='ltr' id='par_1_16' title="bbox 197 1769 1806 1843">
     <span class='ocr_line' id='line_1_16' title="bbox 197 1769 1806 1843; baseline -0.001 -18"><span class='ocrx_word' id='word_1_122' title='bbox 197 1770 706 1843; x_wconf 88' lang='grc' dir='ltr'>στρατηγούμενος,</span> <span class='ocrx_word' id='word_1_123' title='bbox 729 1771 932 1841; x_wconf 84' lang='grc' dir='ltr'>πολλῆς</span> <span class='ocrx_word' id='word_1_124' title='bbox 958 1769 1152 1842; x_wconf 90' lang='grc' dir='ltr'>ἀηδίας</span> <span class='ocrx_word' id='word_1_125' title='bbox 1178 1770 1460 1843; x_wconf 81' lang='grc' dir='ltr'>πληρώσει</span> <span class='ocrx_word' id='word_1_126' title='bbox 1480 1770 1580 1841; x_wconf 79' lang='grc' dir='ltr'>τήν</span> <span class='ocrx_word' id='word_1_127' title='bbox 1607 1771 1806 1824; x_wconf 87' lang='grc' dir='ltr'>οἰκίαν.</span> 
     </span>
    </p>
   </div>
   <div class='ocr_carea' id='block_1_17' title="bbox 195 1852 1805 1926">
    <p class='ocr_par' dir='ltr' id='par_1_17' title="bbox 195 1852 1805 1926">
     <span class='ocr_line' id='line_1_17' title="bbox 195 1852 1805 1926; baseline -0.001 -18"><span class='ocrx_word' id='word_1_128' title='bbox 195 1855 262 1909; x_wconf 79' lang='grc' dir='ltr'>Εἰ</span> <span class='ocrx_word' id='word_1_129' title='bbox 288 1854 344 1908; x_wconf 76' lang='grc' dir='ltr'>δέ</span> <span class='ocrx_word' id='word_1_130' title='bbox 375 1854 604 1925; x_wconf 88' lang='grc' dir='ltr'>κάκείνη</span> <span class='ocrx_word' id='word_1_131' title='bbox 626 1854 875 1926; x_wconf 78' lang='grc' dir='ltr'>εὑρεθείη</span> <span class='ocrx_word' id='word_1_132' title='bbox 897 1852 1141 1907; x_wconf 89' lang='grc' dir='ltr'>τοιοῦτόν</span> <span class='ocrx_word' id='word_1_133' title='bbox 1155 1871 1206 1907; x_wconf 90' lang='grc' dir='ltr'>τι</span> <span class='ocrx_word' id='word_1_134' title='bbox 1222 1852 1491 1917; x_wconf 80' lang='grc' dir='ltr'>παθοῦσα,</span> <span class='ocrx_word' id='word_1_135' title='bbox 1520 1853 1579 1920; x_wconf 77' lang='grc' dir='ltr'>ἐξ</span> <span class='ocrx_word' id='word_1_136' title='bbox 1601 1852 1805 1918; x_wconf 81' lang='grc' dir='ltr'>αὐτῶν,</span> 
     </span>
    </p>
   </div>
   <div class='ocr_carea' id='block_1_18' title="bbox 194 1936 1807 2008">
    <p class='ocr_par' dir='ltr' id='par_1_18' title="bbox 194 1936 1807 2008">
     <span class='ocr_line' id='line_1_18' title="bbox 194 1936 1807 2008; baseline -0.001 -18"><span class='ocrx_word' id='word_1_137' title='bbox 194 1936 276 2000; x_wconf 86' lang='grc' dir='ltr'>ὼς</span> <span class='ocrx_word' id='word_1_138' title='bbox 301 1937 499 2000; x_wconf 86' lang='grc' dir='ltr'>εἰπεῖν,</span> <span class='ocrx_word' id='word_1_139' title='bbox 532 1936 641 1991; x_wconf 90' lang='grc' dir='ltr'>τῶν</span> <span class='ocrx_word' id='word_1_140' title='bbox 672 1936 890 2007; x_wconf 81' lang='grc' dir='ltr'>βάθρων</span> <span class='ocrx_word' id='word_1_141' title='bbox 914 1936 1131 1992; x_wconf 68' lang='grc' dir='ltr'>ἅπαντα</span> <span class='ocrx_word' id='word_1_142' title='bbox 1163 1937 1550 2008; x_wconf 81' lang='grc' dir='ltr'>ἀνατρέπεται.</span> <span class='ocrx_word' id='word_1_143' title='bbox 1576 1936 1671 1989; x_wconf 78' lang='grc' dir='ltr'>καὶ</span> <span class='ocrx_word' id='word_1_144' title='bbox 1697 1936 1807 1989; x_wconf 90' lang='grc' dir='ltr'>λοι-</span> 
     </span>
    </p>
   </div>
   <div class='ocr_carea' id='block_1_19' title="bbox 196 2017 1809 2092">
    <p class='ocr_par' dir='ltr' id='par_1_19' title="bbox 196 2017 1809 2092">
     <span class='ocr_line' id='line_1_19' title="bbox 196 2017 1809 2092; baseline -0.002 -18"><span class='ocrx_word' id='word_1_145' title='bbox 196 2020 305 2074; x_wconf 74' lang='grc' dir='ltr'>πδν</span> <span class='ocrx_word' id='word_1_146' title='bbox 332 2020 598 2092; x_wconf 78' lang='grc' dir='ltr'>ἀλλήλους</span> <span class='ocrx_word' id='word_1_147' title='bbox 624 2019 982 2092; x_wconf 82' lang='grc' dir='ltr'>κρύπτοντες.</span> <span class='ocrx_word' id='word_1_148' title='bbox 1020 2022 1049 2075; x_wconf 94' lang='lat'>6</span> <span class='ocrx_word' id='word_1_149' title='bbox 1080 2020 1182 2090; x_wconf 75' lang='grc' dir='ltr'>μὶν</span> <span class='ocrx_word' id='word_1_150' title='bbox 1214 2020 1281 2073; x_wconf 87' lang='grc' dir='ltr'>δι’</span> <span class='ocrx_word' id='word_1_151' title='bbox 1310 2019 1548 2091; x_wconf 76' lang='grc' dir='ltr'>ὑποψίας</span> <span class='ocrx_word' id='word_1_152' title='bbox 1572 2018 1687 2090; x_wconf 78' lang='grc' dir='ltr'>εχει</span> <span class='ocrx_word' id='word_1_153' title='bbox 1711 2017 1809 2089; x_wconf 78' lang='grc' dir='ltr'>τὴν</span> 
     </span>
    </p>
   </div>
   <div class='ocr_carea' id='block_1_20' title="bbox 194 2103 1808 2177">
    <p class='ocr_par' dir='ltr' id='par_1_20' title="bbox 194 2103 1808 2177">
     <span class='ocr_line' id='line_1_20' title="bbox 194 2103 1808 2177; baseline -0.002 -19"><span class='ocrx_word' id='word_1_154' title='bbox 194 2104 480 2176; x_wconf 80' lang='grc' dir='ltr'>γαμετήν,</span> <span class='ocrx_word' id='word_1_155' title='bbox 522 2105 555 2175; x_wconf 92' lang='grc' dir='ltr'>ή</span> <span class='ocrx_word' id='word_1_156' title='bbox 590 2104 647 2157; x_wconf 68' lang='grc' dir='ltr'>δὲ</span> <span class='ocrx_word' id='word_1_157' title='bbox 686 2103 778 2157; x_wconf 79' lang='grc' dir='ltr'>τὸν</span> <span class='ocrx_word' id='word_1_158' title='bbox 819 2103 1009 2176; x_wconf 82' lang='grc' dir='ltr'>ἀνδρα.</span> <span class='ocrx_word' id='word_1_159' title='bbox 1049 2105 1160 2157; x_wconf 99' lang='lat' dir='ltr'>Kal</span> <span class='ocrx_word' id='word_1_160' title='bbox 1193 2103 1323 2159; x_wconf 78' lang='grc' dir='ltr'>ἐνθα</span> <span class='ocrx_word' id='word_1_161' title='bbox 1354 2105 1523 2177; x_wconf 83' lang='grc' dir='ltr'>ἐχρῆν</span> <span class='ocrx_word' id='word_1_162' title='bbox 1553 2104 1808 2175; x_wconf 84' lang='grc' dir='ltr'>ὁμόνοιαν</span> 
     </span>
    </p>
   </div>
   <div class='ocr_carea' id='block_1_21' title="bbox 194 2182 1811 2259">
    <p class='ocr_par' dir='ltr' id='par_1_21' title="bbox 194 2182 1811 2259">
     <span class='ocr_line' id='line_1_21' title="bbox 194 2182 1811 2259; baseline 0 -20"><span class='ocrx_word' id='word_1_163' title='bbox 194 2184 343 2240; x_wconf 78' lang='grc' dir='ltr'>εἶναι</span> <span class='ocrx_word' id='word_1_164' title='bbox 376 2187 473 2240; x_wconf 74' lang='grc' dir='ltr'>καὶ</span> <span class='ocrx_word' id='word_1_165' title='bbox 506 2185 823 2257; x_wconf 78' lang='grc' dir='ltr'>σύνδεσμον,</span> <span class='ocrx_word' id='word_1_166' title='bbox 846 2186 940 2239; x_wconf 79' lang='grc' dir='ltr'>καὶ</span> <span class='ocrx_word' id='word_1_167' title='bbox 965 2187 1013 2240; x_wconf 87' lang='grc' dir='ltr'>οἰ</span> <span class='ocrx_word' id='word_1_168' title='bbox 1038 2186 1348 2256; x_wconf 72' lang='grc' dir='ltr'>ὀφείλοντες</span> <span class='ocrx_word' id='word_1_169' title='bbox 1380 2186 1517 2259; x_wconf 77' lang='grc' dir='ltr'>σάρξ</span> <span class='ocrx_word' id='word_1_170' title='bbox 1538 2182 1678 2240; x_wconf 79' lang='grc' dir='ltr'>εἰναι</span> <span class='ocrx_word' id='word_1_171' title='bbox 1711 2185 1811 2257; x_wconf 90' lang='grc' dir='ltr'>μία</span> 
     </span>
    </p>
   </div>
   <div class='ocr_carea' id='block_1_22' title="bbox 194 2266 1808 2341">
    <p class='ocr_par' dir='ltr' id='par_1_22' title="bbox 194 2266 1808 2341">
     <span class='ocr_line' id='line_1_22' title="bbox 194 2266 1808 2341; baseline 0 -18"><span class='ocrx_word' id='word_1_172' title='bbox 194 2266 519 2334; x_wconf 71' lang='lat' dir='ltr'>(&quot;Eam-ta:</span> <span class='ocrx_word' id='word_1_173' title='bbox 560 2268 690 2338; x_wconf 88' lang='lat'><strong>7&amp;9,</strong></span> <span class='ocrx_word' id='word_1_174' title='bbox 736 2270 927 2339; x_wconf 73' lang='grc' dir='ltr'>φησὶν,</span> <span class='ocrx_word' id='word_1_175' title='bbox 976 2271 1031 2322; x_wconf 82' lang='grc' dir='ltr'>οι</span> <span class='ocrx_word' id='word_1_176' title='bbox 1080 2270 1193 2323; x_wconf 82' lang='grc' dir='ltr'>δύο</span> <span class='ocrx_word' id='word_1_177' title='bbox 1242 2272 1332 2336; x_wconf 78' lang='grc' dir='ltr'>εις</span> <span class='ocrx_word' id='word_1_178' title='bbox 1378 2271 1581 2338; x_wconf 79' lang='grc' dir='ltr'>σάρκα</span> <span class='ocrx_word' id='word_1_179' title='bbox 1612 2269 1808 2341; x_wconf 71' lang='grc' dir='ltr'>μίαν),</span> 
     </span>
    </p>
   </div>
   <div class='ocr_carea' id='block_1_23' title="bbox 194 2342 1810 2423">
    <p class='ocr_par' dir='ltr' id='par_1_23' title="bbox 194 2342 1810 2423">
     <span class='ocr_line' id='line_1_23' title="bbox 194 2342 1810 2423; baseline 0.001 -21"><span class='ocrx_word' id='word_1_180' title='bbox 194 2342 350 2403; x_wconf 83' lang='grc' dir='ltr'>οῦτοι</span> <span class='ocrx_word' id='word_1_181' title='bbox 385 2350 538 2423; x_wconf 69' lang='grc'>1-540]</span> <span class='ocrx_word' id='word_1_182' title='bbox 571 2352 631 2404; x_wconf 85' lang='grc' dir='ltr'>ἐν</span> <span class='ocrx_word' id='word_1_183' title='bbox 662 2352 903 2423; x_wconf 79' lang='grc' dir='ltr'>τοσαύτῃ</span> <span class='ocrx_word' id='word_1_184' title='bbox 938 2350 1202 2423; x_wconf 72' lang='grc' dir='ltr'>διαιρέσει</span> <span class='ocrx_word' id='word_1_185' title='bbox 1230 2351 1619 2422; x_wconf 68' lang='grc' dir='ltr'>τυγχάνουσιν,</span> <span class='ocrx_word' id='word_1_186' title='bbox 1644 2352 1720 2416; x_wconf 83' lang='grc' dir='ltr'>ὡς</span> <span class='ocrx_word' id='word_1_187' title='bbox 1762 2352 1810 2405; x_wconf 77' lang='grc' dir='ltr'>εἰ</span> 
     </span>
    </p>
   </div>
   <div class='ocr_carea' id='block_1_24' title="bbox 196 2430 1810 2507">
    <p class='ocr_par' dir='ltr' id='par_1_24' title="bbox 196 2430 1810 2507">
     <span class='ocr_line' id='line_1_24' title="bbox 196 2430 1810 2507; baseline 0 -17"><span class='ocrx_word' id='word_1_188' title='bbox 196 2436 298 2490; x_wconf 73' lang='grc' dir='ltr'>καὶ</span> <span class='ocrx_word' id='word_1_189' title='bbox 337 2436 815 2507; x_wconf 82' lang='grc' dir='ltr'>κατατετμημένοι</span> <span class='ocrx_word' id='word_1_190' title='bbox 837 2430 997 2506; x_wconf 81' lang='grc' dir='ltr'>ἦσαν.</span> <span class='ocrx_word' id='word_1_191' title='bbox 1044 2436 1410 2490; x_wconf 84' lang='grc' dir='ltr'>Ἐπεισελθὼν</span> <span class='ocrx_word' id='word_1_192' title='bbox 1434 2436 1543 2507; x_wconf 88' lang='lat'>7&amp;9</span> <span class='ocrx_word' id='word_1_193' title='bbox 1570 2438 1598 2489; x_wconf 91' lang='lat'>6</span> <span class='ocrx_word' id='word_1_194' title='bbox 1622 2436 1810 2490; x_wconf 78' lang='grc' dir='ltr'>διάϐο-</span> 
     </span>
    </p>
   </div>
   <div class='ocr_carea' id='block_1_25' title="bbox 195 2517 1810 2592">
    <p class='ocr_par' dir='ltr' id='par_1_25' title="bbox 195 2517 1810 2592">
     <span class='ocr_line' id='line_1_25' title="bbox 195 2517 1810 2592; baseline 0.002 -21"><span class='ocrx_word' id='word_1_195' title='bbox 195 2518 293 2583; x_wconf 92' lang='grc' dir='ltr'>λος</span> <span class='ocrx_word' id='word_1_196' title='bbox 331 2517 606 2589; x_wconf 77' lang='grc' dir='ltr'>τοσαύτην</span> <span class='ocrx_word' id='word_1_197' title='bbox 655 2520 715 2571; x_wconf 84' lang='grc' dir='ltr'>ἐν</span> <span class='ocrx_word' id='word_1_198' title='bbox 760 2520 945 2583; x_wconf 80' lang='grc' dir='ltr'>αὐτοῖς</span> <span class='ocrx_word' id='word_1_199' title='bbox 994 2518 1291 2591; x_wconf 82' lang='grc' dir='ltr'>ἐργάζεται</span> <span class='ocrx_word' id='word_1_200' title='bbox 1337 2519 1439 2592; x_wconf 79' lang='grc' dir='ltr'>τὴν</span> <span class='ocrx_word' id='word_1_201' title='bbox 1485 2519 1685 2591; x_wconf 85' lang='grc' dir='ltr'>λύμην,</span> <span class='ocrx_word' id='word_1_202' title='bbox 1732 2520 1810 2585; x_wconf 84' lang='grc' dir='ltr'>ὼς</span> 
     </span>
    </p>
   </div>
   <div class='ocr_carea' id='block_1_26' title="bbox 195 2600 1811 2675">
    <p class='ocr_par' dir='ltr' id='par_1_26' title="bbox 195 2600 1811 2675">
     <span class='ocr_line' id='line_1_26' title="bbox 195 2600 1811 2675; baseline 0.001 -19"><span class='ocrx_word' id='word_1_203' title='bbox 195 2600 477 2672; x_wconf 74' lang='grc' dir='ltr'>πολέμους</span> <span class='ocrx_word' id='word_1_204' title='bbox 504 2602 602 2655; x_wconf 75' lang='grc' dir='ltr'>καὶ</span> <span class='ocrx_word' id='word_1_205' title='bbox 636 2604 818 2673; x_wconf 84' lang='grc' dir='ltr'>μάχας</span> <span class='ocrx_word' id='word_1_206' title='bbox 846 2600 1223 2675; x_wconf 82' lang='grc' dir='ltr'>καθημερινάς</span> <span class='ocrx_word' id='word_1_207' title='bbox 1247 2602 1550 2665; x_wconf 88' lang='grc' dir='ltr'>τίκτεσθαι,</span> <span class='ocrx_word' id='word_1_208' title='bbox 1582 2604 1675 2657; x_wconf 72' lang='grc' dir='ltr'>καὶ</span> <span class='ocrx_word' id='word_1_209' title='bbox 1706 2621 1811 2674; x_wconf 89' lang='grc' dir='ltr'>μη-</span> 
     </span>
    </p>
   </div>
   <div class='ocr_carea' id='block_1_27' title="bbox 193 2684 1811 2757">
    <p class='ocr_par' dir='ltr' id='par_1_27' title="bbox 193 2684 1811 2757">
     <span class='ocr_line' id='line_1_27' title="bbox 193 2684 1811 2757; baseline 0.002 -20"><span class='ocrx_word' id='word_1_210' title='bbox 193 2684 393 2737; x_wconf 81' lang='grc' dir='ltr'>δέποτε</span> <span class='ocrx_word' id='word_1_211' title='bbox 429 2685 751 2739; x_wconf 81' lang='grc' dir='ltr'>ἀνάπαυλαν</span> <span class='ocrx_word' id='word_1_212' title='bbox 783 2686 929 2757; x_wconf 74' lang='grc' dir='ltr'>ἐχειν</span> <span class='ocrx_word' id='word_1_213' title='bbox 957 2686 1066 2739; x_wconf 90' lang='grc' dir='ltr'>τῶν</span> <span class='ocrx_word' id='word_1_214' title='bbox 1108 2685 1316 2741; x_wconf 86' lang='grc' dir='ltr'>κακῶν.</span> <span class='ocrx_word' id='word_1_215' title='bbox 1352 2686 1419 2739; x_wconf 84' lang='grc' dir='ltr'>Τί</span> <span class='ocrx_word' id='word_1_216' title='bbox 1466 2688 1576 2756; x_wconf 80' lang='lat'>7&amp;9</span> <span class='ocrx_word' id='word_1_217' title='bbox 1612 2686 1679 2741; x_wconf 84' lang='grc' dir='ltr'>ἀν</span> <span class='ocrx_word' id='word_1_218' title='bbox 1725 2703 1811 2751; x_wconf 93' lang='grc' dir='ltr'>τις</span> 
     </span>
    </p>
   </div>
   <div class='ocr_carea' id='block_1_28' title="bbox 195 2770 1811 2846">
    <p class='ocr_par' dir='ltr' id='par_1_28' title="bbox 195 2770 1811 2846">
     <span class='ocr_line' id='line_1_28' title="bbox 195 2770 1811 2846; baseline 0.001 -21"><span class='ocrx_word' id='word_1_219' title='bbox 195 2771 346 2825; x_wconf 83' lang='grc' dir='ltr'>εῖποι</span> <span class='ocrx_word' id='word_1_220' title='bbox 398 2771 583 2825; x_wconf 81' lang='grc' dir='ltr'>λοιπὸν</span> <span class='ocrx_word' id='word_1_221' title='bbox 619 2770 729 2825; x_wconf 87' lang='grc' dir='ltr'>τῶν</span> <span class='ocrx_word' id='word_1_222' title='bbox 776 2772 1007 2826; x_wconf 89' lang='grc' dir='ltr'>οἰκετῶν</span> <span class='ocrx_word' id='word_1_223' title='bbox 1054 2771 1155 2837; x_wconf 83' lang='grc' dir='ltr'>τὰς</span> <span class='ocrx_word' id='word_1_224' title='bbox 1203 2775 1662 2846; x_wconf 71' lang='grc' dir='ltr'>καταφρονήσεις,</span> <span class='ocrx_word' id='word_1_225' title='bbox 1702 2773 1811 2827; x_wconf 90' lang='grc' dir='ltr'>τῶν</span> 
     </span>
    </p>
   </div>
   <div class='ocr_carea' id='block_1_29' title="bbox 197 2853 1810 2928">
    <p class='ocr_par' dir='ltr' id='par_1_29' title="bbox 197 2853 1810 2928">
     <span class='ocr_line' id='line_1_29' title="bbox 197 2853 1810 2928; baseline 0.004 -23"><span class='ocrx_word' id='word_1_226' title='bbox 197 2853 433 2924; x_wconf 82' lang='grc' dir='ltr'>πλησίον</span> <span class='ocrx_word' id='word_1_227' title='bbox 465 2855 762 2908; x_wconf 73' lang='grc' dir='ltr'>οἰκούντων</span> <span class='ocrx_word' id='word_1_228' title='bbox 803 2855 896 2909; x_wconf 80' lang='grc' dir='ltr'>τὸν</span> <span class='ocrx_word' id='word_1_229' title='bbox 949 2854 1186 2923; x_wconf 86' lang='grc' dir='ltr'>γέλωτα,</span> <span class='ocrx_word' id='word_1_230' title='bbox 1240 2855 1340 2919; x_wconf 78' lang='grc' dir='ltr'>τὰς</span> <span class='ocrx_word' id='word_1_231' title='bbox 1386 2857 1810 2928; x_wconf 70' lang='grc' dir='ltr'>ἀσχημοσύναςς</span> 
     </span>
    </p>
   </div>
   <div class='ocr_carea' id='block_1_30' title="bbox 199 2935 1813 3011">
    <p class='ocr_par' dir='ltr' id='par_1_30' title="bbox 199 2935 1813 3011">
     <span class='ocr_line' id='line_1_30' title="bbox 199 2935 1813 3011; baseline 0.003 -22"><span class='ocrx_word' id='word_1_232' title='bbox 199 2935 473 3008; x_wconf 80' lang='grc' dir='ltr'>Καθάπερ</span> <span class='ocrx_word' id='word_1_233' title='bbox 506 2939 618 3011; x_wconf 84' lang='grc' dir='ltr'>γὰρ</span> <span class='ocrx_word' id='word_1_234' title='bbox 645 2938 755 2992; x_wconf 89' lang='grc' dir='ltr'>τῶν</span> <span class='ocrx_word' id='word_1_235' title='bbox 789 2939 1141 3011; x_wconf 86' lang='grc' dir='ltr'>κυϐερνητῶν</span> <span class='ocrx_word' id='word_1_236' title='bbox 1177 2939 1602 3005; x_wconf 79' lang='grc' dir='ltr'>στασιαζόντων,</span> <span class='ocrx_word' id='word_1_237' title='bbox 1630 2941 1723 2994; x_wconf 80' lang='grc' dir='ltr'>καὶ</span> <span class='ocrx_word' id='word_1_238' title='bbox 1761 2942 1813 2994; x_wconf 90' lang='grc' dir='ltr'>οἱ</span> 
     </span>
    </p>
   </div>
   <div class='ocr_carea' id='block_1_31' title="bbox 196 3020 1812 3090">
    <p class='ocr_par' dir='ltr' id='par_1_31' title="bbox 196 3020 1812 3090">
     <span class='ocr_line' id='line_1_31' title="bbox 196 3020 1812 3090; baseline 0.002 -17"><span class='ocrx_word' id='word_1_239' title='bbox 196 3020 533 3087; x_wconf 68' lang='grc' dir='ltr'>ἐμπλέοντες</span> <span class='ocrx_word' id='word_1_240' title='bbox 556 3021 666 3075; x_wconf 87' lang='grc' dir='ltr'>τῶν</span> <span class='ocrx_word' id='word_1_241' title='bbox 707 3022 969 3077; x_wconf 85' lang='grc' dir='ltr'>κινδύνων</span> <span class='ocrx_word' id='word_1_242' title='bbox 1001 3022 1468 3090; x_wconf 89' lang='grc' dir='ltr'>συναπολαύουσι,</span> <span class='ocrx_word' id='word_1_243' title='bbox 1499 3025 1594 3077; x_wconf 76' lang='grc' dir='ltr'>καὶ</span> <span class='ocrx_word' id='word_1_244' title='bbox 1616 3023 1812 3078; x_wconf 72' lang='grc' dir='ltr'>αὔταν-</span> 
     </span>
    </p>
   </div>
   <div class='ocr_carea' id='block_1_32' title="bbox 194 3104 1812 3178">
    <p class='ocr_par' dir='ltr' id='par_1_32' title="bbox 194 3104 1812 3178">
     <span class='ocr_line' id='line_1_32' title="bbox 194 3104 1812 3178; baseline 0.002 -21"><span class='ocrx_word' id='word_1_245' title='bbox 194 3105 328 3175; x_wconf 85' lang='grc' dir='ltr'>δρον</span> <span class='ocrx_word' id='word_1_246' title='bbox 355 3105 571 3174; x_wconf 78' lang='grc' dir='ltr'>ἀνάγκη</span> <span class='ocrx_word' id='word_1_247' title='bbox 599 3105 700 3177; x_wconf 76' lang='grc' dir='ltr'>τήν</span> <span class='ocrx_word' id='word_1_248' title='bbox 727 3104 865 3159; x_wconf 93' lang='grc' dir='ltr'>ναῦν</span> <span class='ocrx_word' id='word_1_249' title='bbox 899 3105 1396 3175; x_wconf 81' lang='grc' dir='ltr'>καταποντισθῆναι</span> <span class='ocrx_word' id='word_1_250' title='bbox 1413 3125 1427 3139; x_wconf 79' lang='grc' dir='ltr'>ο</span> <span class='ocrx_word' id='word_1_251' title='bbox 1458 3107 1601 3160; x_wconf 70' lang='grc' dir='ltr'>οὕτω</span> <span class='ocrx_word' id='word_1_252' title='bbox 1620 3108 1685 3178; x_wconf 78' lang='grc' dir='ltr'>δή</span> <span class='ocrx_word' id='word_1_253' title='bbox 1716 3110 1812 3163; x_wconf 76' lang='grc' dir='ltr'>καὶ</span> 
     </span>
    </p>
   </div>
   <div class='ocr_carea' id='block_1_33' title="bbox 197 3186 1814 3261">
    <p class='ocr_par' dir='ltr' id='par_1_33' title="bbox 197 3186 1814 3261">
     <span class='ocr_line' id='line_1_33' title="bbox 197 3186 1814 3261; baseline 0.003 -21"><span class='ocrx_word' id='word_1_254' title='bbox 197 3186 459 3251; x_wconf 86' lang='grc' dir='ltr'>ἐνταῦθα,</span> <span class='ocrx_word' id='word_1_255' title='bbox 496 3187 590 3241; x_wconf 85' lang='grc' dir='ltr'>τοῦ</span> <span class='ocrx_word' id='word_1_256' title='bbox 622 3188 818 3260; x_wconf 80' lang='grc' dir='ltr'>ἀνδρὸς</span> <span class='ocrx_word' id='word_1_257' title='bbox 847 3190 940 3242; x_wconf 75' lang='grc' dir='ltr'>καὶ</span> <span class='ocrx_word' id='word_1_258' title='bbox 973 3189 1074 3260; x_wconf 84' lang='grc' dir='ltr'>τῆς</span> <span class='ocrx_word' id='word_1_259' title='bbox 1103 3189 1362 3257; x_wconf 79' lang='grc' dir='ltr'>γυναικὸς</span> <span class='ocrx_word' id='word_1_260' title='bbox 1390 3191 1528 3261; x_wconf 82' lang='grc' dir='ltr'>πρὸς</span> <span class='ocrx_word' id='word_1_261' title='bbox 1551 3190 1814 3261; x_wconf 79' lang='grc' dir='ltr'>ἀλλήλους</span> 
     </span>
    </p>
   </div>
   <div class='ocr_carea' id='block_1_34' title="bbox 194 3268 1815 3336">
    <p class='ocr_par' dir='ltr' id='par_1_34' title="bbox 194 3268 1815 3336">
     <span class='ocr_line' id='line_1_34' title="bbox 194 3268 1815 3336; baseline 0.004 -14"><span class='ocrx_word' id='word_1_262' title='bbox 194 3268 729 3333; x_wconf 73' lang='grc' dir='ltr'>διαστασιαζόντων,</span> <span class='ocrx_word' id='word_1_263' title='bbox 764 3271 860 3323; x_wconf 75' lang='grc' dir='ltr'>καὶ</span> <span class='ocrx_word' id='word_1_264' title='bbox 900 3272 1028 3336; x_wconf 71' lang='grc' dir='ltr'>τοὺς</span> <span class='ocrx_word' id='word_1_265' title='bbox 1062 3271 1255 3335; x_wconf 85' lang='grc' dir='ltr'>ἀλλους</span> <span class='ocrx_word' id='word_1_266' title='bbox 1289 3272 1537 3336; x_wconf 72' lang='grc' dir='ltr'>ἅπαντας</span> <span class='ocrx_word' id='word_1_267' title='bbox 1578 3291 1815 3329; x_wconf 81' lang='grc' dir='ltr'>συναπο-</span> 
     </span>
    </p>
   </div>
   <div class='ocr_carea' id='block_1_35' title="bbox 196 3353 1817 3427">
    <p class='ocr_par' dir='ltr' id='par_1_35' title="bbox 196 3353 1817 3427">
     <span class='ocr_line' id='line_1_35' title="bbox 196 3353 1817 3427; baseline 0.004 -20"><span class='ocrx_word' id='word_1_268' title='bbox 196 3353 389 3407; x_wconf 87' lang='grc' dir='ltr'>λαύειν</span> <span class='ocrx_word' id='word_1_269' title='bbox 412 3353 523 3406; x_wconf 87' lang='grc' dir='ltr'>τῶν</span> <span class='ocrx_word' id='word_1_270' title='bbox 554 3354 742 3407; x_wconf 83' lang='grc' dir='ltr'>κακῶν</span> <span class='ocrx_word' id='word_1_271' title='bbox 775 3354 945 3417; x_wconf 87' lang='grc' dir='ltr'>εἰκός.</span> <span class='ocrx_word' id='word_1_272' title='bbox 968 3354 1066 3406; x_wconf 81' lang='grc' dir='ltr'>Διά</span> <span class='ocrx_word' id='word_1_273' title='bbox 1098 3354 1259 3408; x_wconf 92' lang='grc' dir='ltr'>τοῦτο</span> <span class='ocrx_word' id='word_1_274' title='bbox 1285 3356 1608 3427; x_wconf 82' lang='grc' dir='ltr'>παρακαλῶ,</span> <span class='ocrx_word' id='word_1_275' title='bbox 1634 3358 1817 3413; x_wconf 90' lang='grc' dir='ltr'>ταῦτα</span> 
     </span>
    </p>
   </div>
   <div class='ocr_carea' id='block_1_36' title="bbox 200 3435 1811 3512">
    <p class='ocr_par' dir='ltr' id='par_1_36' title="bbox 200 3435 1811 3512">
     <span class='ocr_line' id='line_1_36' title="bbox 200 3435 1811 3512; baseline 0.003 -22"><span class='ocrx_word' id='word_1_276' title='bbox 200 3438 420 3490; x_wconf 64' lang='grc' dir='ltr'>’ἅπαντα</span> <span class='ocrx_word' id='word_1_277' title='bbox 440 3436 882 3512; x_wconf 80' lang='grc' dir='ltr'>προορωμένους,</span> <span class='ocrx_word' id='word_1_278' title='bbox 910 3435 984 3507; x_wconf 76' lang='grc' dir='ltr'>μὴ</span> <span class='ocrx_word' id='word_1_279' title='bbox 1000 3439 1067 3508; x_wconf 75' lang='grc' dir='ltr'>τῇ</span> <span class='ocrx_word' id='word_1_280' title='bbox 1086 3437 1344 3509; x_wconf 74' lang='grc' dir='ltr'>συνηθείᾳ</span> <span class='ocrx_word' id='word_1_281' title='bbox 1369 3440 1811 3495; x_wconf 80' lang='grc' dir='ltr'>κατακολουθεῖν.</span> 
     </span>
    </p>
   </div>
   <div class='ocr_carea' id='block_1_37' title="bbox 198 3516 1814 3591">
    <p class='ocr_par' dir='ltr' id='par_1_37' title="bbox 198 3516 1814 3591">
     <span class='ocr_line' id='line_1_37' title="bbox 198 3516 1814 3591; baseline 0.001 -15"><span class='ocrx_word' id='word_1_282' title='bbox 198 3516 335 3576; x_wconf 80' lang='grc' dir='ltr'>υἵδα</span> <span class='ocrx_word' id='word_1_283' title='bbox 353 3520 462 3590; x_wconf 81' lang='grc' dir='ltr'>γάρ</span> <span class='ocrx_word' id='word_1_284' title='bbox 486 3519 569 3573; x_wconf 80' lang='grc' dir='ltr'>ὅτι</span> <span class='ocrx_word' id='word_1_285' title='bbox 595 3518 781 3572; x_wconf 78' lang='grc' dir='ltr'>πολλοὶ</span> <span class='ocrx_word' id='word_1_286' title='bbox 805 3518 1011 3590; x_wconf 88' lang='grc' dir='ltr'>ταύτην</span> <span class='ocrx_word' id='word_1_287' title='bbox 1042 3522 1174 3591; x_wconf 80' lang='grc' dir='ltr'>ἡμῖν</span> <span class='ocrx_word' id='word_1_288' title='bbox 1208 3521 1641 3591; x_wconf 78' lang='grc' dir='ltr'>προϐαλλόμενοι</span> <span class='ocrx_word' id='word_1_289' title='bbox 1688 3524 1814 3577; x_wconf 81' lang='grc' dir='ltr'>οὐδὲ</span> 
     </span>
    </p>
   </div>
   <div class='ocr_carea' id='block_1_38' title="bbox 198 3601 1816 3677">
    <p class='ocr_par' dir='ltr' id='par_1_38' title="bbox 198 3601 1816 3677">
     <span class='ocr_line' id='line_1_38' title="bbox 198 3601 1816 3677; baseline 0.002 -20"><span class='ocrx_word' id='word_1_290' title='bbox 198 3603 486 3673; x_wconf 83' lang='grc' dir='ltr'>ἀνέχονται</span> <span class='ocrx_word' id='word_1_291' title='bbox 529 3601 642 3655; x_wconf 86' lang='grc' dir='ltr'>τῶν</span> <span class='ocrx_word' id='word_1_292' title='bbox 695 3604 827 3674; x_wconf 82' lang='grc' dir='ltr'>παρ’</span> <span class='ocrx_word' id='word_1_293' title='bbox 873 3603 1035 3673; x_wconf 74' lang='grc' dir='ltr'>ἡμῶν</span> <span class='ocrx_word' id='word_1_294' title='bbox 1074 3604 1388 3675; x_wconf 86' lang='grc' dir='ltr'>λεγομένων</span> <span class='ocrx_word' id='word_1_295' title='bbox 1424 3621 1437 3635; x_wconf 88' lang='grc'><strong>·</strong></span> <span class='ocrx_word' id='word_1_296' title='bbox 1491 3605 1607 3658; x_wconf 85' lang='grc' dir='ltr'>ἀλλ’</span> <span class='ocrx_word' id='word_1_297' title='bbox 1663 3607 1816 3677; x_wconf 76' lang='grc' dir='ltr'>ὅμως</span> 
     </span>
    </p>
   </div>
   <div class='ocr_carea' id='block_1_39' title="bbox 198 3684 1817 3761">
    <p class='ocr_par' dir='ltr' id='par_1_39' title="bbox 198 3684 1817 3761">
     <span class='ocr_line' id='line_1_39' title="bbox 198 3684 1817 3761; baseline 0.001 -22"><span class='ocrx_word' id='word_1_298' title='bbox 198 3686 354 3758; x_wconf 78' lang='grc' dir='ltr'>ήμάς</span> <span class='ocrx_word' id='word_1_299' title='bbox 400 3684 617 3755; x_wconf 81' lang='grc' dir='ltr'>ἀνάγκη</span> <span class='ocrx_word' id='word_1_300' title='bbox 674 3686 744 3739; x_wconf 71' lang='grc' dir='ltr'>τὰ</span> <span class='ocrx_word' id='word_1_301' title='bbox 794 3684 1047 3757; x_wconf 85' lang='grc' dir='ltr'>λυσιτελῆ</span> <span class='ocrx_word' id='word_1_302' title='bbox 1097 3686 1191 3739; x_wconf 82' lang='grc' dir='ltr'>καὶ</span> <span class='ocrx_word' id='word_1_303' title='bbox 1249 3687 1319 3740; x_wconf 89' lang='grc' dir='ltr'>τά</span> <span class='ocrx_word' id='word_1_304' title='bbox 1362 3690 1463 3759; x_wconf 76' lang='grc' dir='ltr'>τῆς</span> <span class='ocrx_word' id='word_1_305' title='bbox 1516 3689 1817 3761; x_wconf 80' lang='grc' dir='ltr'>μελλούσης</span> 
     </span>
    </p>
   </div>
   <div class='ocr_carea' id='block_1_40' title="bbox 200 3771 1818 3850">
    <p class='ocr_par' dir='ltr' id='par_1_40' title="bbox 200 3771 1818 3850">
     <span class='ocr_line' id='line_1_40' title="bbox 200 3771 1818 3850; baseline 0.002 -22"><span class='ocrx_word' id='word_1_306' title='bbox 200 3774 478 3837; x_wconf 82' lang='grc' dir='ltr'>κολάσεως</span> <span class='ocrx_word' id='word_1_307' title='bbox 520 3771 899 3843; x_wconf 76' lang='grc' dir='ltr'>ἐξαρπάζοντα</span> <span class='ocrx_word' id='word_1_308' title='bbox 944 3772 1142 3841; x_wconf 83' lang='grc' dir='ltr'>λέγειν.</span> <span class='ocrx_word' id='word_1_309' title='bbox 1173 3772 1351 3828; x_wconf 87' lang='grc' dir='ltr'>Ὅπου</span> <span class='ocrx_word' id='word_1_310' title='bbox 1376 3776 1487 3847; x_wconf 84' lang='grc' dir='ltr'>γὰρ</span> <span class='ocrx_word' id='word_1_311' title='bbox 1520 3776 1665 3850; x_wconf 88' lang='grc' dir='ltr'>λύμη</span> <span class='ocrx_word' id='word_1_312' title='bbox 1690 3795 1818 3832; x_wconf 88' lang='grc' dir='ltr'>τοσ-</span> 
     </span>
    </p>
   </div>
   <div class='ocr_carea' id='block_1_41' title="bbox 201 3855 1818 3933">
    <p class='ocr_par' dir='ltr' id='par_1_41' title="bbox 201 3855 1818 3933">
     <span class='ocr_line' id='line_1_41' title="bbox 201 3855 1818 3933; baseline 0.002 -21"><span class='ocrx_word' id='word_1_313' title='bbox 201 3858 346 3927; x_wconf 63' lang='grc' dir='ltr'>αὕτη</span> <span class='ocrx_word' id='word_1_314' title='bbox 387 3855 587 3926; x_wconf 78' lang='grc' dir='ltr'>ψυχῆς,</span> <span class='ocrx_word' id='word_1_315' title='bbox 614 3856 759 3919; x_wconf 89' lang='grc' dir='ltr'>τίνος</span> <span class='ocrx_word' id='word_1_316' title='bbox 795 3857 981 3909; x_wconf 72' lang='grc' dir='ltr'>ἕνεκέν</span> <span class='ocrx_word' id='word_1_317' title='bbox 1003 3874 1092 3927; x_wconf 81' lang='grc' dir='ltr'>μοι</span> <span class='ocrx_word' id='word_1_318' title='bbox 1123 3857 1410 3927; x_wconf 83' lang='grc' dir='ltr'>συνήθειαν</span> <span class='ocrx_word' id='word_1_319' title='bbox 1461 3860 1641 3930; x_wconf 81' lang='grc' dir='ltr'>βούλει</span> <span class='ocrx_word' id='word_1_320' title='bbox 1680 3878 1818 3933; x_wconf 88' lang='grc' dir='ltr'>προ-</span> 
     </span>
    </p>
   </div>
   <div class='ocr_carea' id='block_1_42' title="bbox 202 3938 1817 4015">
    <p class='ocr_par' dir='ltr' id='par_1_42' title="bbox 202 3938 1817 4015">
     <span class='ocr_line' id='line_1_42' title="bbox 202 3938 1817 4015; baseline 0.003 -22"><span class='ocrx_word' id='word_1_321' title='bbox 202 3939 542 4005; x_wconf 80' lang='grc' dir='ltr'>6ἀλλεσθαι;</span> <span class='ocrx_word' id='word_1_322' title='bbox 601 3938 735 3992; x_wconf 78' lang='grc' dir='ltr'>Ἰδοὺ</span> <span class='ocrx_word' id='word_1_323' title='bbox 778 3938 936 4007; x_wconf 88' lang='grc' dir='ltr'>κάγὼ</span> <span class='ocrx_word' id='word_1_324' title='bbox 985 3940 1274 4010; x_wconf 89' lang='grc' dir='ltr'>συνήθειάν</span> <span class='ocrx_word' id='word_1_325' title='bbox 1321 3958 1404 3995; x_wconf 91' lang='grc' dir='ltr'>σοι</span> <span class='ocrx_word' id='word_1_326' title='bbox 1439 3943 1817 4015; x_wconf 84' lang='grc' dir='ltr'>προϐάλλομαι</span> 
     </span>
    </p>
   </div>
   <div class='ocr_carea' id='block_1_43' title="bbox 204 4016 1815 4095">
    <p class='ocr_par' dir='ltr' id='par_1_43' title="bbox 204 4016 1815 4095">
     <span class='ocr_line' id='line_1_43' title="bbox 204 4016 1815 4095; baseline 0.002 -17"><span class='ocrx_word' id='word_1_327' title='bbox 204 4023 454 4095; x_wconf 81' lang='grc' dir='ltr'>βελτίονα</span> <span class='ocrx_word' id='word_1_328' title='bbox 477 4061 493 4086; x_wconf 97' lang='grc'>,</span> <span class='ocrx_word' id='word_1_329' title='bbox 590 4023 639 4074; x_wconf 88' lang='grc' dir='ltr'>οἰ</span> <span class='ocrx_word' id='word_1_330' title='bbox 664 4021 725 4087; x_wconf 81' lang='grc' dir='ltr'>ἐξ</span> <span class='ocrx_word' id='word_1_331' title='bbox 753 4022 927 4093; x_wconf 77' lang='grc' dir='ltr'>ἀρχῆς</span> <span class='ocrx_word' id='word_1_332' title='bbox 960 4022 1259 4093; x_wconf 73' lang='grc' dir='ltr'>ἐκέχρηντο</span> <span class='ocrx_word' id='word_1_333' title='bbox 1278 4064 1292 4087; x_wconf 88' lang='grc'>,</span> <span class='ocrx_word' id='word_1_334' title='bbox 1321 4024 1410 4077; x_wconf 78' lang='grc' dir='ltr'>ὅτε</span> <span class='ocrx_word' id='word_1_335' title='bbox 1445 4026 1659 4080; x_wconf 72' lang='grc' dir='ltr'>οὐδέπω</span> <span class='ocrx_word' id='word_1_336' title='bbox 1688 4043 1815 4081; x_wconf 82' lang='grc' dir='ltr'>τοσ-</span> 
     </span>
    </p>
   </div>
   <div class='ocr_carea' id='block_1_44' title="bbox 205 4103 1817 4181">
    <p class='ocr_par' dir='ltr' id='par_1_44' title="bbox 205 4103 1817 4181">
     <span class='ocr_line' id='line_1_44' title="bbox 205 4103 1817 4181; baseline 0.001 -20"><span class='ocrx_word' id='word_1_337' title='bbox 205 4108 346 4178; x_wconf 68' lang='grc' dir='ltr'>αὕτη</span> <span class='ocrx_word' id='word_1_338' title='bbox 395 4106 599 4175; x_wconf 85' lang='grc' dir='ltr'>γνῶσις</span> <span class='ocrx_word' id='word_1_339' title='bbox 648 4103 718 4176; x_wconf 80' lang='grc' dir='ltr'>ἦν</span> <span class='ocrx_word' id='word_1_340' title='bbox 762 4107 861 4175; x_wconf 82' lang='grc' dir='ltr'>τῆς</span> <span class='ocrx_word' id='word_1_341' title='bbox 914 4106 1221 4171; x_wconf 80' lang='grc' dir='ltr'>εὐσεϐείας.</span> <span class='ocrx_word' id='word_1_342' title='bbox 1276 4109 1388 4161; x_wconf 90' lang='lat' dir='ltr'>Kal</span> <span class='ocrx_word' id='word_1_343' title='bbox 1455 4112 1530 4181; x_wconf 89' lang='grc' dir='ltr'>μή</span> <span class='ocrx_word' id='word_1_344' title='bbox 1582 4128 1673 4180; x_wconf 88' lang='grc' dir='ltr'>μοι</span> <span class='ocrx_word' id='word_1_345' title='bbox 1724 4111 1817 4165; x_wconf 81' lang='grc' dir='ltr'>τὸν</span> 
     </span>
    </p>
   </div>
   <div class='ocr_carea' id='block_1_45' title="bbox 204 4190 1818 4261">
    <p class='ocr_par' dir='ltr' id='par_1_45' title="bbox 204 4190 1818 4261">
     <span class='ocr_line' id='line_1_45' title="bbox 204 4190 1818 4261; baseline 0.001 -15"><span class='ocrx_word' id='word_1_346' title='bbox 204 4193 417 4246; x_wconf 89' lang='grc' dir='ltr'>δίκαιον</span> <span class='ocrx_word' id='word_1_347' title='bbox 438 4190 669 4245; x_wconf 89' lang='grc' dir='ltr'>ἐνταῦθα</span> <span class='ocrx_word' id='word_1_348' title='bbox 702 4190 921 4259; x_wconf 86' lang='grc' dir='ltr'>λογίζου</span> <span class='ocrx_word' id='word_1_349' title='bbox 944 4231 959 4257; x_wconf 95' lang='grc'>,</span> <span class='ocrx_word' id='word_1_350' title='bbox 993 4190 1087 4244; x_wconf 80' lang='grc' dir='ltr'>τὸν</span> <span class='ocrx_word' id='word_1_351' title='bbox 1126 4191 1323 4245; x_wconf 83' lang='grc' dir='ltr'>Ἰακὼϐ</span> <span class='ocrx_word' id='word_1_352' title='bbox 1356 4191 1503 4261; x_wconf 86' lang='grc' dir='ltr'>λέγω</span> <span class='ocrx_word' id='word_1_353' title='bbox 1521 4236 1536 4259; x_wconf 89' lang='grc'>,</span> <span class='ocrx_word' id='word_1_354' title='bbox 1563 4193 1702 4247; x_wconf 87' lang='grc' dir='ltr'>ἀλλά</span> <span class='ocrx_word' id='word_1_355' title='bbox 1725 4195 1818 4249; x_wconf 81' lang='grc' dir='ltr'>τὸν</span> 
     </span>
    </p>
   </div>
   <div class='ocr_carea' id='block_1_46' title="bbox 206 4273 1815 4349">
    <p class='ocr_par' dir='ltr' id='par_1_46' title="bbox 206 4273 1815 4349">
     <span class='ocr_line' id='line_1_46' title="bbox 206 4273 1815 4349; baseline 0.001 -18"><span class='ocrx_word' id='word_1_356' title='bbox 206 4274 396 4332; x_wconf 84' lang='grc' dir='ltr'>Λάϐαν</span> <span class='ocrx_word' id='word_1_357' title='bbox 429 4275 623 4338; x_wconf 80' lang='grc' dir='ltr'>ἐννόει,</span> <span class='ocrx_word' id='word_1_358' title='bbox 656 4273 828 4344; x_wconf 84' lang='grc' dir='ltr'>ἀνδρα</span> <span class='ocrx_word' id='word_1_359' title='bbox 856 4274 937 4327; x_wconf 82' lang='grc' dir='ltr'>ἔτι</span> <span class='ocrx_word' id='word_1_360' title='bbox 971 4276 1086 4339; x_wconf 87' lang='grc' dir='ltr'>τοῖς</span> <span class='ocrx_word' id='word_1_361' title='bbox 1114 4274 1353 4339; x_wconf 77' lang='grc' dir='ltr'>εἰδώλοις</span> <span class='ocrx_word' id='word_1_362' title='bbox 1380 4278 1815 4349; x_wconf 85' lang='grc' dir='ltr'>προσανέχοντα,</span> 
     </span>
    </p>
   </div>
   <div class='ocr_carea' id='block_1_47' title="bbox 207 4356 1818 4428">
    <p class='ocr_par' dir='ltr' id='par_1_47' title="bbox 207 4356 1818 4428">
     <span class='ocr_line' id='line_1_47' title="bbox 207 4356 1818 4428; baseline 0.002 -16"><span class='ocrx_word' id='word_1_363' title='bbox 207 4358 307 4412; x_wconf 76' lang='grc' dir='ltr'>καὶ</span> <span class='ocrx_word' id='word_1_364' title='bbox 342 4356 602 4428; x_wconf 77' lang='grc' dir='ltr'>οὐδεμίαν</span> <span class='ocrx_word' id='word_1_365' title='bbox 634 4357 832 4425; x_wconf 82' lang='grc' dir='ltr'>γνῶσιν</span> <span class='ocrx_word' id='word_1_366' title='bbox 863 4356 1058 4427; x_wconf 77' lang='grc' dir='ltr'>ἔχοντα</span> <span class='ocrx_word' id='word_1_367' title='bbox 1098 4358 1198 4427; x_wconf 79' lang='grc' dir='ltr'>τῆς</span> <span class='ocrx_word' id='word_1_368' title='bbox 1233 4359 1539 4423; x_wconf 74' lang='grc' dir='ltr'>εὐσεϐείας,</span> <span class='ocrx_word' id='word_1_369' title='bbox 1570 4364 1664 4414; x_wconf 79' lang='grc' dir='ltr'>καὶ</span> <span class='ocrx_word' id='word_1_370' title='bbox 1690 4379 1818 4415; x_wconf 86' lang='grc' dir='ltr'>τοσ-</span> 
     </span>
    </p>
   </div>
   <div class='ocr_carea' id='block_1_48' title="bbox 212 4439 1817 4516">
    <p class='ocr_par' dir='ltr' id='par_1_48' title="bbox 212 4439 1817 4516">
     <span class='ocr_line' id='line_1_48' title="bbox 212 4439 1817 4516; baseline 0.002 -20"><span class='ocrx_word' id='word_1_371' title='bbox 212 4440 386 4510; x_wconf 84' lang='grc' dir='ltr'>αύτην</span> <span class='ocrx_word' id='word_1_372' title='bbox 435 4439 751 4509; x_wconf 78' lang='grc' dir='ltr'>φιλοσοφίαν</span> <span class='ocrx_word' id='word_1_373' title='bbox 785 4439 1253 4511; x_wconf 79' lang='grc' dir='ltr'>ἐπιδεικνύμενον.</span> <span class='ocrx_word' id='word_1_374' title='bbox 1306 4442 1480 4497; x_wconf 88' lang='grc' dir='ltr'>Τοῦτο</span> <span class='ocrx_word' id='word_1_375' title='bbox 1507 4443 1617 4516; x_wconf 89' lang='lat'>7&amp;9</span> <span class='ocrx_word' id='word_1_376' title='bbox 1634 4445 1700 4498; x_wconf 87' lang='grc' dir='ltr'>ού</span> <span class='ocrx_word' id='word_1_377' title='bbox 1722 4444 1817 4499; x_wconf 91' lang='grc' dir='ltr'>τοῦ</span> 
     </span>
    </p>
   </div>
   <div class='ocr_carea' id='block_1_49' title="bbox 213 4517 1819 4597">
    <p class='ocr_par' dir='ltr' id='par_1_49' title="bbox 213 4517 1819 4597">
     <span class='ocr_line' id='line_1_49' title="bbox 213 4517 1819 4597; baseline 0.005 -22"><span class='ocrx_word' id='word_1_378' title='bbox 213 4522 499 4595; x_wconf 86' lang='grc' dir='ltr'>μέλλοντος</span> <span class='ocrx_word' id='word_1_379' title='bbox 518 4517 586 4593; x_wconf 77' lang='grc' dir='ltr'>ἦν</span> <span class='ocrx_word' id='word_1_380' title='bbox 609 4522 839 4590; x_wconf 78' lang='grc' dir='ltr'>ἄγεσθαι</span> <span class='ocrx_word' id='word_1_381' title='bbox 870 4523 969 4592; x_wconf 80' lang='grc' dir='ltr'>τὴν</span> <span class='ocrx_word' id='word_1_382' title='bbox 1002 4524 1174 4595; x_wconf 84' lang='grc' dir='ltr'>κόρην</span> <span class='ocrx_word' id='word_1_383' title='bbox 1195 4523 1257 4577; x_wconf 76' lang='grc' dir='ltr'>τδ</span> <span class='ocrx_word' id='word_1_384' title='bbox 1280 4525 1641 4597; x_wconf 88' lang='grc' dir='ltr'>κατόρθωμα,</span> <span class='ocrx_word' id='word_1_385' title='bbox 1681 4527 1819 4583; x_wconf 88' lang='grc' dir='ltr'>ἀλλά</span> 
     </span>
    </p>
   </div>
   <div class='ocr_carea' id='block_1_50' title="bbox 210 4604 1818 4677">
    <p class='ocr_par' dir='ltr' id='par_1_50' title="bbox 210 4604 1818 4677">
     <span class='ocr_line' id='line_1_50' title="bbox 210 4604 1818 4677; baseline 0.003 -17"><span class='ocrx_word' id='word_1_386' title='bbox 210 4605 308 4661; x_wconf 91' lang='grc' dir='ltr'>τοῦ</span> <span class='ocrx_word' id='word_1_387' title='bbox 340 4604 550 4677; x_wconf 74' lang='grc' dir='ltr'>πατρὸς</span> <span class='ocrx_word' id='word_1_388' title='bbox 590 4605 684 4658; x_wconf 90' lang='grc' dir='ltr'>τοῦ</span> <span class='ocrx_word' id='word_1_389' title='bbox 718 4606 820 4675; x_wconf 81' lang='grc' dir='ltr'>τὴν</span> <span class='ocrx_word' id='word_1_390' title='bbox 860 4605 1029 4676; x_wconf 88' lang='grc' dir='ltr'>κόρην</span> <span class='ocrx_word' id='word_1_391' title='bbox 1050 4606 1369 4671; x_wconf 86' lang='grc' dir='ltr'>ἐκδιδόντος.</span> <span class='ocrx_word' id='word_1_392' title='bbox 1409 4610 1486 4661; x_wconf 74' lang='grc' dir='ltr'>Δι’</span> <span class='ocrx_word' id='word_1_393' title='bbox 1513 4609 1542 4662; x_wconf 84' lang='grc' dir='ltr'><strong>ὃ</strong></span> <span class='ocrx_word' id='word_1_394' title='bbox 1568 4611 1663 4663; x_wconf 74' lang='grc' dir='ltr'>καὶ</span> <span class='ocrx_word' id='word_1_395' title='bbox 1691 4612 1818 4665; x_wconf 91' lang='grc' dir='ltr'>τοῦ-</span> 
     </span>
    </p>
   </div>
   <div class='ocr_carea' id='block_1_51' title="bbox 214 4687 1820 4762">
    <p class='ocr_par' dir='ltr' id='par_1_51' title="bbox 214 4687 1820 4762">
     <span class='ocr_line' id='line_1_51' title="bbox 214 4687 1820 4762; baseline 0.003 -20"><span class='ocrx_word' id='word_1_396' title='bbox 214 4706 309 4743; x_wconf 90' lang='grc' dir='ltr'>τον</span> <span class='ocrx_word' id='word_1_397' title='bbox 352 4688 582 4757; x_wconf 81' lang='grc' dir='ltr'>ἐκίνησα</span> <span class='ocrx_word' id='word_1_398' title='bbox 604 4688 696 4741; x_wconf 77' lang='grc' dir='ltr'>τὸν</span> <span class='ocrx_word' id='word_1_399' title='bbox 724 4687 903 4757; x_wconf 88' lang='grc' dir='ltr'>λόγον,</span> <span class='ocrx_word' id='word_1_400' title='bbox 934 4691 1056 4759; x_wconf 75' lang='grc' dir='ltr'>οὐχὶ</span> <span class='ocrx_word' id='word_1_401' title='bbox 1087 4689 1223 4759; x_wconf 73' lang='grc' dir='ltr'>πρὸς</span> <span class='ocrx_word' id='word_1_402' title='bbox 1250 4692 1375 4754; x_wconf 82' lang='grc' dir='ltr'>τοὺς</span> <span class='ocrx_word' id='word_1_403' title='bbox 1404 4692 1673 4762; x_wconf 80' lang='grc' dir='ltr'>νυμφίους</span> <span class='ocrx_word' id='word_1_404' title='bbox 1695 4710 1820 4748; x_wconf 92' lang='grc' dir='ltr'>τοσ-</span> 
     </span>
    </p>
   </div>
   <div class='ocr_carea' id='block_1_52' title="bbox 209 4770 1818 4847">
    <p class='ocr_par' dir='ltr' id='par_1_52' title="bbox 209 4770 1818 4847">
     <span class='ocr_line' id='line_1_52' title="bbox 209 4770 1818 4847; baseline 0.002 -20"><span class='ocrx_word' id='word_1_405' title='bbox 209 4770 372 4827; x_wconf 83' lang='grc' dir='ltr'>οῦτον</span> <span class='ocrx_word' id='word_1_406' title='bbox 407 4772 854 4842; x_wconf 86' lang='grc' dir='ltr'>ἀποτεινόμενος,</span> <span class='ocrx_word' id='word_1_407' title='bbox 897 4774 1021 4825; x_wconf 85' lang='grc' dir='ltr'>ὅσον</span> <span class='ocrx_word' id='word_1_408' title='bbox 1066 4774 1203 4845; x_wconf 77' lang='grc' dir='ltr'>πρὸς</span> <span class='ocrx_word' id='word_1_409' title='bbox 1241 4775 1367 4838; x_wconf 80' lang='grc' dir='ltr'>τοὺς</span> <span class='ocrx_word' id='word_1_410' title='bbox 1398 4777 1818 4847; x_wconf 83' lang='grc' dir='ltr'>γεγεννηκότας,</span> 
     </span>
    </p>
   </div>
   <div class='ocr_carea' id='block_1_53' title="bbox 216 4856 1820 4933">
    <p class='ocr_par' dir='ltr' id='par_1_53' title="bbox 216 4856 1820 4933">
     <span class='ocr_line' id='line_1_53' title="bbox 216 4856 1820 4933; baseline 0.004 -25"><span class='ocrx_word' id='word_1_411' title='bbox 216 4857 355 4928; x_wconf 59' lang='grc' dir='ltr'>προς</span> <span class='ocrx_word' id='word_1_412' title='bbox 404 4856 495 4909; x_wconf 82' lang='grc' dir='ltr'>τὸν</span> <span class='ocrx_word' id='word_1_413' title='bbox 548 4857 762 4928; x_wconf 82' lang='grc' dir='ltr'>πατέρα</span> <span class='ocrx_word' id='word_1_414' title='bbox 812 4856 907 4910; x_wconf 91' lang='grc' dir='ltr'>τοῦ</span> <span class='ocrx_word' id='word_1_415' title='bbox 948 4858 1207 4926; x_wconf 82' lang='grc' dir='ltr'>νυμφίου,</span> <span class='ocrx_word' id='word_1_416' title='bbox 1264 4858 1357 4911; x_wconf 79' lang='grc' dir='ltr'>καὶ</span> <span class='ocrx_word' id='word_1_417' title='bbox 1412 4858 1549 4929; x_wconf 86' lang='grc' dir='ltr'>πρὸς</span> <span class='ocrx_word' id='word_1_418' title='bbox 1594 4860 1684 4914; x_wconf 85' lang='grc' dir='ltr'>τὸν</span> <span class='ocrx_word' id='word_1_419' title='bbox 1720 4862 1820 4933; x_wconf 81' lang='grc' dir='ltr'>τήν</span> 
     </span>
    </p>
   </div>
   <div class='ocr_carea' id='block_1_54' title="bbox 215 4938 1821 5015">
    <p class='ocr_par' dir='ltr' id='par_1_54' title="bbox 215 4938 1821 5015">
     <span class='ocr_line' id='line_1_54' title="bbox 215 4938 1821 5015; baseline 0.001 -22"><span class='ocrx_word' id='word_1_420' title='bbox 215 4940 385 5007; x_wconf 87' lang='grc' dir='ltr'>κόρην</span> <span class='ocrx_word' id='word_1_421' title='bbox 436 4938 713 4991; x_wconf 72' lang='grc' dir='ltr'>ἐκδιδόντα</span> <span class='ocrx_word' id='word_1_422' title='bbox 746 4938 934 5015; x_wconf 80' lang='grc' dir='ltr'>φημί.</span> <span class='ocrx_word' id='word_1_423' title='bbox 992 4939 1118 5003; x_wconf 88' lang='grc' dir='ltr'>Πῶς</span> <span class='ocrx_word' id='word_1_424' title='bbox 1147 4939 1256 5010; x_wconf 87' lang='lat'>7&amp;9</span> <span class='ocrx_word' id='word_1_425' title='bbox 1293 4940 1394 4993; x_wconf 80' lang='grc' dir='ltr'>οὐκ</span> <span class='ocrx_word' id='word_1_426' title='bbox 1432 4942 1633 4998; x_wconf 85' lang='grc' dir='ltr'>ἀτοπον</span> <span class='ocrx_word' id='word_1_427' title='bbox 1672 4945 1821 5015; x_wconf 79' lang='grc' dir='ltr'>ἡμᾶς</span> 
     </span>
    </p>
   </div>
   <div class='ocr_carea' id='block_1_55' title="bbox 215 5021 1821 5094">
    <p class='ocr_par' dir='ltr' id='par_1_55' title="bbox 215 5021 1821 5094">
     <span class='ocr_line' id='line_1_55' title="bbox 215 5021 1821 5094; baseline 0.003 -17"><span class='ocrx_word' id='word_1_428' title='bbox 215 5022 343 5085; x_wconf 73' lang='grc' dir='ltr'>τοὺς</span> <span class='ocrx_word' id='word_1_429' title='bbox 372 5021 641 5090; x_wconf 76' lang='grc' dir='ltr'>τοσαύτης</span> <span class='ocrx_word' id='word_1_430' title='bbox 668 5022 1085 5084; x_wconf 81' lang='grc' dir='ltr'>ἀπολαύσαντας</span> <span class='ocrx_word' id='word_1_431' title='bbox 1114 5022 1525 5094; x_wconf 81' lang='grc' dir='ltr'>φιλανθρωπίας</span> <span class='ocrx_word' id='word_1_432' title='bbox 1547 5066 1562 5089; x_wconf 92' lang='grc'>,</span> <span class='ocrx_word' id='word_1_433' title='bbox 1588 5027 1683 5079; x_wconf 74' lang='grc' dir='ltr'>καὶ</span> <span class='ocrx_word' id='word_1_434' title='bbox 1710 5028 1821 5082; x_wconf 89' lang='grc' dir='ltr'>τῶν</span> 
     </span>
    </p>
   </div>
   <div class='ocr_carea' id='block_1_56' title="bbox 216 5102 1817 5176">
    <p class='ocr_par' dir='ltr' id='par_1_56' title="bbox 216 5102 1817 5176">
     <span class='ocr_line' id='line_1_56' title="bbox 216 5102 1817 5176; baseline 0.003 -19"><span class='ocrx_word' id='word_1_435' title='bbox 216 5102 463 5176; x_wconf 77' lang='grc' dir='ltr'>φρικτῶν</span> <span class='ocrx_word' id='word_1_436' title='bbox 518 5105 614 5157; x_wconf 72' lang='grc' dir='ltr'>καὶ</span> <span class='ocrx_word' id='word_1_437' title='bbox 664 5105 995 5175; x_wconf 81' lang='grc' dir='ltr'>ἀπορρήτων</span> <span class='ocrx_word' id='word_1_438' title='bbox 1054 5106 1376 5176; x_wconf 85' lang='grc' dir='ltr'>μυστηρίων</span> <span class='ocrx_word' id='word_1_439' title='bbox 1439 5106 1770 5173; x_wconf 80' lang='grc' dir='ltr'>ἀξιωθέντας</span> <span class='ocrx_word' id='word_1_440' title='bbox 1803 5155 1817 5176; x_wconf 80' lang='lat'><strong>,</strong></span> 
     </span>
    </p>
   </div>
   <div class='ocr_carea' id='block_1_57' title="bbox 215 5186 1820 5252">
    <p class='ocr_par' dir='ltr' id='par_1_57' title="bbox 215 5186 1820 5252">
     <span class='ocr_line' id='line_1_57' title="bbox 215 5186 1820 5252; baseline 0.004 -12"><span class='ocrx_word' id='word_1_441' title='bbox 215 5188 477 5249; x_wconf 75' lang='grc' dir='ltr'>ἐλάττους</span> <span class='ocrx_word' id='word_1_442' title='bbox 527 5186 668 5240; x_wconf 84' lang='grc' dir='ltr'>κατά</span> <span class='ocrx_word' id='word_1_443' title='bbox 709 5186 871 5239; x_wconf 88' lang='grc' dir='ltr'>τοῦτο</span> <span class='ocrx_word' id='word_1_444' title='bbox 918 5186 1164 5252; x_wconf 87' lang='grc' dir='ltr'>γίνεσθαι</span> <span class='ocrx_word' id='word_1_445' title='bbox 1207 5186 1301 5241; x_wconf 91' lang='grc' dir='ltr'>τοῦ</span> <span class='ocrx_word' id='word_1_446' title='bbox 1338 5189 1557 5252; x_wconf 82' lang='grc' dir='ltr'>Λάϐαν,</span> <span class='ocrx_word' id='word_1_447' title='bbox 1603 5190 1695 5244; x_wconf 88' lang='grc' dir='ltr'>τοῦ</span> <span class='ocrx_word' id='word_1_448' title='bbox 1741 5193 1820 5246; x_wconf 70' lang='grc' dir='ltr'>ἔτι</span> 
     </span>
    </p>
   </div>
   <div class='ocr_carea' id='block_1_58' title="bbox 217 5268 1819 5343">
    <p class='ocr_par' dir='ltr' id='par_1_58' title="bbox 217 5268 1819 5343">
     <span class='ocr_line' id='line_1_58' title="bbox 217 5268 1819 5343; baseline 0.003 -21"><span class='ocrx_word' id='word_1_449' title='bbox 217 5269 417 5323; x_wconf 80' lang='grc' dir='ltr'>εἴδωλα</span> <span class='ocrx_word' id='word_1_450' title='bbox 446 5268 874 5340; x_wconf 77' lang='grc' dir='ltr'>θεραπεύοντοςς</span> <span class='ocrx_word' id='word_1_451' title='bbox 915 5270 983 5321; x_wconf 86' lang='grc' dir='ltr'><strong>Ἦ</strong></span> <span class='ocrx_word' id='word_1_452' title='bbox 1014 5271 1113 5323; x_wconf 81' lang='grc' dir='ltr'>οὐκ</span> <span class='ocrx_word' id='word_1_453' title='bbox 1142 5270 1361 5334; x_wconf 87' lang='grc' dir='ltr'>ἀκούεις</span> <span class='ocrx_word' id='word_1_454' title='bbox 1390 5273 1603 5325; x_wconf 79' lang='grc' dir='ltr'>Παύλου</span> <span class='ocrx_word' id='word_1_455' title='bbox 1635 5273 1819 5343; x_wconf 84' lang='grc' dir='ltr'>λέγον-</span> 
     </span>
    </p>
   </div>
   <div class='ocr_carea' id='block_1_59' title="bbox 216 5351 1822 5427">
    <p class='ocr_par' dir='ltr' id='par_1_59' title="bbox 216 5351 1822 5427">
     <span class='ocr_line' id='line_1_59' title="bbox 216 5351 1822 5427; baseline 0.004 -25"><span class='ocrx_word' id='word_1_456' title='bbox 216 5367 331 5415; x_wconf 91' lang='grc' dir='ltr'>τος,</span> <span class='ocrx_word' id='word_1_457' title='bbox 356 5351 437 5403; x_wconf 85' lang='grc' dir='ltr'>ὅτι</span> <span class='ocrx_word' id='word_1_458' title='bbox 467 5351 764 5420; x_wconf 81' lang='grc' dir='ltr'>μυστήριόν</span> <span class='ocrx_word' id='word_1_459' title='bbox 798 5354 945 5405; x_wconf 89' lang='grc' dir='ltr'>ἐστιν</span> <span class='ocrx_word' id='word_1_460' title='bbox 977 5353 1006 5404; x_wconf 89' lang='lat'>6</span> <span class='ocrx_word' id='word_1_461' title='bbox 1040 5353 1238 5422; x_wconf 83' lang='grc' dir='ltr'>γάμος,</span> <span class='ocrx_word' id='word_1_462' title='bbox 1274 5354 1367 5407; x_wconf 75' lang='grc' dir='ltr'>καὶ</span> <span class='ocrx_word' id='word_1_463' title='bbox 1396 5354 1558 5408; x_wconf 84' lang='grc' dir='ltr'>εἰκών</span> <span class='ocrx_word' id='word_1_464' title='bbox 1583 5355 1699 5408; x_wconf 80' lang='grc' dir='ltr'>ἐστι</span> <span class='ocrx_word' id='word_1_465' title='bbox 1724 5358 1822 5427; x_wconf 83' lang='grc' dir='ltr'>τῆς</span> 
     </span>
    </p>
   </div>
   <div class='ocr_carea' id='block_1_60' title="bbox 218 5434 1821 5510">
    <p class='ocr_par' dir='ltr' id='par_1_60' title="bbox 218 5434 1821 5510">
     <span class='ocr_line' id='line_1_60' title="bbox 218 5434 1821 5510; baseline 0.004 -23"><span class='ocrx_word' id='word_1_466' title='bbox 218 5434 443 5503; x_wconf 86' lang='grc' dir='ltr'>ἀγάπης</span> <span class='ocrx_word' id='word_1_467' title='bbox 467 5434 559 5487; x_wconf 87' lang='grc' dir='ltr'>τοῦ</span> <span class='ocrx_word' id='word_1_468' title='bbox 589 5434 865 5503; x_wconf 82' lang='grc' dir='ltr'>Χριστοῦ,</span> <span class='ocrx_word' id='word_1_469' title='bbox 914 5434 981 5506; x_wconf 78' lang='grc' dir='ltr'>ήν</span> <span class='ocrx_word' id='word_1_470' title='bbox 1013 5437 1141 5507; x_wconf 75' lang='grc' dir='ltr'>περὶ</span> <span class='ocrx_word' id='word_1_471' title='bbox 1186 5436 1285 5507; x_wconf 80' lang='grc' dir='ltr'>τὴν</span> <span class='ocrx_word' id='word_1_472' title='bbox 1350 5438 1677 5510; x_wconf 84' lang='grc' dir='ltr'>Ἐκκλησίαν</span> <span class='ocrx_word' id='word_1_473' title='bbox 1721 5442 1821 5493; x_wconf 87' lang='grc' dir='ltr'>ἐπ-</span> 
     </span>
    </p>
   </div>
   <div class='ocr_carea' id='block_1_61' title="bbox 217 5515 1823 5591">
    <p class='ocr_par' dir='ltr' id='par_1_61' title="bbox 217 5515 1823 5591">
     <span class='ocr_line' id='line_1_61' title="bbox 217 5515 1823 5591; baseline 0.004 -21"><span class='ocrx_word' id='word_1_474' title='bbox 217 5515 490 5581; x_wconf 73' lang='grc' dir='ltr'>εδείξατο;</span> <span class='ocrx_word' id='word_1_475' title='bbox 518 5517 608 5587; x_wconf 80' lang='grc' dir='ltr'>Μὴ</span> <span class='ocrx_word' id='word_1_476' title='bbox 644 5517 822 5570; x_wconf 72' lang='grc' dir='ltr'>τοίνυν</span> <span class='ocrx_word' id='word_1_477' title='bbox 858 5520 1312 5591; x_wconf 87' lang='grc' dir='ltr'>καταισχύνωμεν</span> <span class='ocrx_word' id='word_1_478' title='bbox 1347 5522 1594 5587; x_wconf 74' lang='grc' dir='ltr'>ἑαυτοὺς,</span> <span class='ocrx_word' id='word_1_479' title='bbox 1626 5522 1721 5576; x_wconf 76' lang='grc' dir='ltr'>καὶ</span> <span class='ocrx_word' id='word_1_480' title='bbox 1755 5522 1823 5575; x_wconf 89' lang='grc' dir='ltr'>τά</span> 
     </span>
    </p>
   </div>
   <div class='ocr_carea' id='block_1_62' title="bbox 219 5598 1822 5676">
    <p class='ocr_par' dir='ltr' id='par_1_62' title="bbox 219 5598 1822 5676">
     <span class='ocr_line' id='line_1_62' title="bbox 219 5598 1822 5676; baseline 0.004 -24"><span class='ocrx_word' id='word_1_481' title='bbox 219 5598 398 5668; x_wconf 82' lang='grc' dir='ltr'>σεμνά</span> <span class='ocrx_word' id='word_1_482' title='bbox 436 5598 528 5651; x_wconf 85' lang='grc' dir='ltr'>τοῦ</span> <span class='ocrx_word' id='word_1_483' title='bbox 566 5600 749 5669; x_wconf 87' lang='grc' dir='ltr'>γάμου</span> <span class='ocrx_word' id='word_1_484' title='bbox 789 5600 1213 5673; x_wconf 79' lang='grc' dir='ltr'>διαφθείρωμεν.</span> <span class='ocrx_word' id='word_1_485' title='bbox 1279 5604 1343 5655; x_wconf 83' lang='grc' dir='ltr'>Εἰ</span> <span class='ocrx_word' id='word_1_486' title='bbox 1385 5604 1485 5674; x_wconf 80' lang='grc' dir='ltr'>μὲν</span> <span class='ocrx_word' id='word_1_487' title='bbox 1517 5606 1625 5676; x_wconf 80' lang='grc' dir='ltr'>γὰρ</span> <span class='ocrx_word' id='word_1_488' title='bbox 1658 5605 1822 5658; x_wconf 87' lang='grc' dir='ltr'>καλόν</span> 
     </span>
    </p>
   </div>
   <div class='ocr_carea' id='block_1_63' title="bbox 219 5680 1822 5758">
    <p class='ocr_par' dir='ltr' id='par_1_63' title="bbox 219 5680 1822 5758">
     <span class='ocr_line' id='line_1_63' title="bbox 219 5680 1822 5758; baseline 0.004 -24"><span class='ocrx_word' id='word_1_489' title='bbox 219 5680 340 5734; x_wconf 75' lang='grc' dir='ltr'>ἐστι</span> <span class='ocrx_word' id='word_1_490' title='bbox 364 5680 424 5732; x_wconf 77' lang='grc' dir='ltr'>τὸ</span> <span class='ocrx_word' id='word_1_491' title='bbox 451 5681 547 5748; x_wconf 76' lang='grc' dir='ltr'>τῆς</span> <span class='ocrx_word' id='word_1_492' title='bbox 585 5682 898 5754; x_wconf 80' lang='grc' dir='ltr'>συμϐουλῆς</span> <span class='ocrx_word' id='word_1_493' title='bbox 926 5685 1021 5737; x_wconf 74' lang='grc' dir='ltr'>καὶ</span> <span class='ocrx_word' id='word_1_494' title='bbox 1048 5685 1330 5755; x_wconf 79' lang='grc' dir='ltr'>ἐπωφελὲς</span> <span class='ocrx_word' id='word_1_495' title='bbox 1354 5726 1369 5750; x_wconf 96' lang='grc'>,</span> <span class='ocrx_word' id='word_1_496' title='bbox 1412 5687 1515 5739; x_wconf 81' lang='grc' dir='ltr'>κᾶν</span> <span class='ocrx_word' id='word_1_497' title='bbox 1569 5689 1643 5758; x_wconf 83' lang='grc' dir='ltr'>μὴ</span> <span class='ocrx_word' id='word_1_498' title='bbox 1695 5705 1822 5741; x_wconf 85' lang='grc' dir='ltr'>συν-</span> 
     </span>
    </p>
   </div>
   <div class='ocr_carea' id='block_1_64' title="bbox 220 5761 1822 5839">
    <p class='ocr_par' dir='ltr' id='par_1_64' title="bbox 220 5761 1822 5839">
     <span class='ocr_line' id='line_1_64' title="bbox 220 5761 1822 5839; baseline 0.006 -23"><span class='ocrx_word' id='word_1_499' title='bbox 220 5762 380 5835; x_wconf 86' lang='grc' dir='ltr'>ήθεια</span> <span class='ocrx_word' id='word_1_500' title='bbox 402 5761 461 5836; x_wconf 79' lang='grc' dir='ltr'>ᾖ,</span> <span class='ocrx_word' id='word_1_501' title='bbox 491 5766 724 5833; x_wconf 81' lang='grc' dir='ltr'>γινέσθω</span> <span class='ocrx_word' id='word_1_502' title='bbox 761 5782 775 5795; x_wconf 91' lang='grc'><strong>·</strong></span> <span class='ocrx_word' id='word_1_503' title='bbox 817 5770 865 5819; x_wconf 88' lang='grc' dir='ltr'>εἰ</span> <span class='ocrx_word' id='word_1_504' title='bbox 910 5768 967 5819; x_wconf 82' lang='grc' dir='ltr'>δὲ</span> <span class='ocrx_word' id='word_1_505' title='bbox 1002 5768 1207 5839; x_wconf 84' lang='grc' dir='ltr'>βλάϐην</span> <span class='ocrx_word' id='word_1_506' title='bbox 1246 5769 1369 5839; x_wconf 80' lang='grc' dir='ltr'>ἕχον</span> <span class='ocrx_word' id='word_1_507' title='bbox 1412 5771 1505 5823; x_wconf 78' lang='grc' dir='ltr'>καὶ</span> <span class='ocrx_word' id='word_1_508' title='bbox 1540 5771 1706 5824; x_wconf 79' lang='grc' dir='ltr'>πολὺν</span> <span class='ocrx_word' id='word_1_509' title='bbox 1731 5772 1822 5826; x_wconf 86' lang='grc' dir='ltr'>τὸν</span> 
     </span>
    </p>
   </div>
   <div class='ocr_carea' id='block_1_65' title="bbox 221 5846 1821 5922">
    <p class='ocr_par' dir='ltr' id='par_1_65' title="bbox 221 5846 1821 5922">
     <span class='ocr_line' id='line_1_65' title="bbox 221 5846 1821 5922; baseline 0.003 -20"><span class='ocrx_word' id='word_1_510' title='bbox 221 5846 446 5917; x_wconf 81' lang='grc' dir='ltr'>ὄλεθρον</span> <span class='ocrx_word' id='word_1_511' title='bbox 494 5848 555 5899; x_wconf 69' lang='grc' dir='ltr'>τὸ</span> <span class='ocrx_word' id='word_1_512' title='bbox 603 5846 696 5900; x_wconf 86' lang='grc' dir='ltr'>νῦν</span> <span class='ocrx_word' id='word_1_513' title='bbox 735 5850 867 5919; x_wconf 81' lang='grc' dir='ltr'>παρ’</span> <span class='ocrx_word' id='word_1_514' title='bbox 892 5850 1046 5918; x_wconf 84' lang='grc' dir='ltr'>ὑμῶν</span> <span class='ocrx_word' id='word_1_515' title='bbox 1078 5850 1493 5922; x_wconf 81' lang='grc' dir='ltr'>ἐπιτελούμενον</span> <span class='ocrx_word' id='word_1_516' title='bbox 1515 5896 1527 5918; x_wconf 87' lang='grc'>,</span> <span class='ocrx_word' id='word_1_517' title='bbox 1568 5852 1670 5906; x_wconf 79' lang='grc' dir='ltr'>κᾶν</span> <span class='ocrx_word' id='word_1_518' title='bbox 1698 5872 1821 5907; x_wconf 93' lang='grc' dir='ltr'>συν-</span> 
     </span>
    </p>
   </div>
   <div class='ocr_carea' id='block_1_66' title="bbox 228 5926 1817 6008">
    <p class='ocr_par' dir='ltr' id='par_1_66' title="bbox 228 5926 1817 6008">
     <span class='ocr_line' id='line_1_66' title="bbox 228 5926 1817 6008; baseline 0.003 -24"><span class='ocrx_word' id='word_1_519' title='bbox 228 5930 382 6001; x_wconf 75' lang='grc' dir='ltr'>ήθεια</span> <span class='ocrx_word' id='word_1_520' title='bbox 412 5926 467 6005; x_wconf 78' lang='grc' dir='ltr'>ᾗ,</span> <span class='ocrx_word' id='word_1_521' title='bbox 496 5931 864 5997; x_wconf 72' lang='grc' dir='ltr'>ἐγκοπτέ-σθω.</span> <span class='ocrx_word' id='word_1_522' title='bbox 885 5934 1035 5987; x_wconf 65' lang='grc' dir='ltr'>Ἐπεὶ</span> <span class='ocrx_word' id='word_1_523' title='bbox 1068 5938 1115 5988; x_wconf 80' lang='grc' dir='ltr'>εἰ</span> <span class='ocrx_word' id='word_1_524' title='bbox 1144 5935 1301 5989; x_wconf 84' lang='grc' dir='ltr'>τοῦό</span> <span class='ocrx_word' id='word_1_525' title='bbox 1341 5940 1817 6008; x_wconf 74' lang='grc' dir='ltr'>συγχωρήσαιμεν,</span> 
     </span>
    </p>
   </div>
   <div class='ocr_carea' id='block_1_67' title="bbox 227 6014 1818 6093">
    <p class='ocr_par' dir='ltr' id='par_1_67' title="bbox 227 6014 1818 6093">
     <span class='ocr_line' id='line_1_67' title="bbox 227 6014 1818 6093; baseline 0.005 -28"><span class='ocrx_word' id='word_1_526' title='bbox 227 6014 320 6068; x_wconf 72' lang='grc' dir='ltr'>καὶ</span> <span class='ocrx_word' id='word_1_527' title='bbox 364 6017 392 6067; x_wconf 85' lang='grc' dir='ltr'>ό</span> <span class='ocrx_word' id='word_1_528' title='bbox 441 6014 705 6079; x_wconf 74' lang='grc' dir='ltr'>κλέπτων,</span> <span class='ocrx_word' id='word_1_529' title='bbox 750 6018 839 6070; x_wconf 73' lang='grc' dir='ltr'>καὶ</span> <span class='ocrx_word' id='word_1_530' title='bbox 883 6020 907 6070; x_wconf 77' lang='grc' dir='ltr'>ό</span> <span class='ocrx_word' id='word_1_531' title='bbox 947 6020 1238 6091; x_wconf 70' lang='grc' dir='ltr'>πορνεύων,</span> <span class='ocrx_word' id='word_1_532' title='bbox 1298 6021 1387 6073; x_wconf 71' lang='grc' dir='ltr'>καὶ</span> <span class='ocrx_word' id='word_1_533' title='bbox 1428 6024 1453 6075; x_wconf 70' lang='grc' dir='ltr'>ο</span> <span class='ocrx_word' id='word_1_534' title='bbox 1512 6024 1607 6092; x_wconf 68' lang='grc' dir='ltr'>τὴν</span> <span class='ocrx_word' id='word_1_535' title='bbox 1656 6022 1818 6093; x_wconf 66' lang='grc' dir='ltr'>ἄλλην</span> 
     </span>
    </p>
   </div>
   <div class='ocr_carea' id='block_1_68' title="bbox 1236 410 2435 472">
    <p class='ocr_par' dir='ltr' id='par_1_68' title="bbox 1236 410 2435 472">
     <span class='ocr_line' id='line_1_68' title="bbox 1236 410 2435 472; baseline 0.001 -3"><span class='ocrx_word' id='word_1_536' title='bbox 1236 412 1304 469; x_wconf 77' lang='lat' dir='ltr'>IN</span> <span class='ocrx_word' id='word_1_537' title='bbox 1338 413 1495 470; x_wconf 75' lang='lat' dir='ltr'>CAP.</span> <span class='ocrx_word' id='word_1_538' title='bbox 1534 412 1707 472; x_wconf 74' lang='lat' dir='ltr'><strong>XXIX</strong></span> <span class='ocrx_word' id='word_1_539' title='bbox 1747 410 1999 471; x_wconf 73' lang='lat' dir='ltr'>GENES.</span> <span class='ocrx_word' id='word_1_540' title='bbox 2043 413 2276 472; x_wconf 74' lang='grc' dir='ltr'>ΙΙΟΜΙΙ..</span> <span class='ocrx_word' id='word_1_541' title='bbox 2319 412 2435 470; x_wconf 73' lang='lat' dir='ltr'>LVI</span> 
     </span>
    </p>
   </div>
   <div class='ocr_carea' id='block_1_69' title="bbox 3398 409 3505 468">
    <p class='ocr_par' dir='ltr' id='par_1_69' title="bbox 3398 409 3505 468">
     <span class='ocr_line' id='line_1_69' title="bbox 3398 409 3505 468; baseline 0.019 -2"><span class='ocrx_word' id='word_1_542' title='bbox 3398 409 3505 468; x_wconf 72' lang='lat'>688</span> 
     </span>
    </p>
   </div>
   <div class='ocr_carea' id='block_1_70' title="bbox 1909 516 3513 595">
    <p class='ocr_par' dir='ltr' id='par_1_70' title="bbox 1909 516 3513 595">
     <span class='ocr_line' id='line_1_70' title="bbox 1909 516 3513 595; baseline -0.004 -14"><span class='ocrx_word' id='word_1_543' title='bbox 1909 525 2131 581; x_wconf 76' lang='grc' dir='ltr'>ἃπασαν</span> <span class='ocrx_word' id='word_1_544' title='bbox 2171 523 2371 579; x_wconf 86' lang='grc' dir='ltr'>κακίαν</span> <span class='ocrx_word' id='word_1_545' title='bbox 2409 522 2851 595; x_wconf 69' lang='grc' dir='ltr'>ἐπιδεικνύμενος</span> <span class='ocrx_word' id='word_1_546' title='bbox 2872 560 2888 587; x_wconf 91' lang='grc'>,</span> <span class='ocrx_word' id='word_1_547' title='bbox 2920 520 3021 593; x_wconf 73' lang='grc' dir='ltr'>τὴν</span> <span class='ocrx_word' id='word_1_548' title='bbox 3050 516 3340 594; x_wconf 85' lang='grc' dir='ltr'>συνήθειαν</span> <span class='ocrx_word' id='word_1_549' title='bbox 3376 522 3513 594; x_wconf 68' lang='grc' dir='ltr'>ἡμῖν</span> 
     </span>
    </p>
   </div>
   <div class='ocr_carea' id='block_1_71' title="bbox 1859 602 3513 681">
    <p class='ocr_par' dir='ltr' id='par_1_71' title="bbox 1859 602 3513 681">
     <span class='ocr_line' id='line_1_71' title="bbox 1859 602 3513 681; baseline -0.002 -20"><span class='ocrx_word' id='word_1_550' title='bbox 1859 608 2258 681; x_wconf 60' lang='grc' dir='ltr'>⁸προϐαλεῖται</span> <span class='ocrx_word' id='word_1_551' title='bbox 2277 625 2294 641; x_wconf 80' lang='grc' dir='ltr'>ο</span> <span class='ocrx_word' id='word_1_552' title='bbox 2338 607 2457 663; x_wconf 86' lang='grc' dir='ltr'>ἀλλ’</span> <span class='ocrx_word' id='word_1_553' title='bbox 2508 608 2665 663; x_wconf 67' lang='grc' dir='ltr'>οὐδέν</span> <span class='ocrx_word' id='word_1_554' title='bbox 2710 606 2820 663; x_wconf 72' lang='grc' dir='ltr'>ἀπο</span> <span class='ocrx_word' id='word_1_555' title='bbox 2863 605 3057 661; x_wconf 86' lang='grc' dir='ltr'>τούτου</span> <span class='ocrx_word' id='word_1_556' title='bbox 3110 602 3313 675; x_wconf 79' lang='grc' dir='ltr'>κέρδος,</span> <span class='ocrx_word' id='word_1_557' title='bbox 3359 604 3513 677; x_wconf 77' lang='grc' dir='ltr'>αὐτῷ</span> 
     </span>
    </p>
   </div>
   <div class='ocr_carea' id='block_1_72' title="bbox 1901 686 3513 765">
    <p class='ocr_par' dir='ltr' id='par_1_72' title="bbox 1901 686 3513 765">
     <span class='ocr_line' id='line_1_72' title="bbox 1901 686 3513 765; baseline -0.003 -18"><span class='ocrx_word' id='word_1_558' title='bbox 1901 693 2077 757; x_wconf 75' lang='grc' dir='ltr'>ἐσται,</span> <span class='ocrx_word' id='word_1_559' title='bbox 2106 692 2229 748; x_wconf 74' lang='grc' dir='ltr'>οὐδὲ</span> <span class='ocrx_word' id='word_1_560' title='bbox 2265 692 2590 765; x_wconf 83' lang='grc' dir='ltr'>συγγνώμη,</span> <span class='ocrx_word' id='word_1_561' title='bbox 2614 689 2755 747; x_wconf 88' lang='grc' dir='ltr'>ἀλλά</span> <span class='ocrx_word' id='word_1_562' title='bbox 2780 690 2877 747; x_wconf 71' lang='grc' dir='ltr'>καὶ</span> <span class='ocrx_word' id='word_1_563' title='bbox 2916 689 3088 761; x_wconf 77' lang='grc' dir='ltr'>πολλή</span> <span class='ocrx_word' id='word_1_564' title='bbox 3116 690 3151 761; x_wconf 84' lang='grc' dir='ltr'>ή</span> <span class='ocrx_word' id='word_1_565' title='bbox 3180 686 3513 763; x_wconf 80' lang='grc' dir='ltr'>κατηγορία,</span> 
     </span>
    </p>
   </div>
   <div class='ocr_carea' id='block_1_73' title="bbox 1903 772 3369 849">
    <p class='ocr_par' dir='ltr' id='par_1_73' title="bbox 1903 772 3369 849">
     <span class='ocr_line' id='line_1_73' title="bbox 1903 772 3369 849; baseline -0.003 -17"><span class='ocrx_word' id='word_1_566' title='bbox 1903 777 1986 832; x_wconf 82' lang='grc' dir='ltr'>ὅτι</span> <span class='ocrx_word' id='word_1_567' title='bbox 2014 777 2116 831; x_wconf 85' lang='grc' dir='ltr'>οὐκ</span> <span class='ocrx_word' id='word_1_568' title='bbox 2147 776 2339 849; x_wconf 75' lang='grc' dir='ltr'>ἴσχυσε</span> <span class='ocrx_word' id='word_1_569' title='bbox 2363 776 2656 848; x_wconf 85' lang='grc' dir='ltr'>συνηθείας</span> <span class='ocrx_word' id='word_1_570' title='bbox 2685 772 3073 848; x_wconf 74' lang='grc' dir='ltr'>περιγενέσθαι</span> <span class='ocrx_word' id='word_1_571' title='bbox 3104 772 3369 843; x_wconf 77' lang='grc' dir='ltr'>πονηρᾶς.</span> 
     </span>
    </p>
   </div>
   <div class='ocr_carea' id='block_1_74' title="bbox 1975 852 3519 933">
    <p class='ocr_par' dir='ltr' id='par_1_74' title="bbox 1975 852 3519 933">
     <span class='ocr_line' id='line_1_74' title="bbox 1975 852 3519 933; baseline -0.005 -19"><span class='ocrx_word' id='word_1_572' title='bbox 1975 858 2043 931; x_wconf 86' lang='grc' dir='ltr'>β’.</span> <span class='ocrx_word' id='word_1_573' title='bbox 2082 860 2211 914; x_wconf 77' lang='grc' dir='ltr'>Ἐάν</span> <span class='ocrx_word' id='word_1_574' title='bbox 2248 861 2359 933; x_wconf 85' lang='grc' dir='ltr'>γὰρ</span> <span class='ocrx_word' id='word_1_575' title='bbox 2400 858 2724 931; x_wconf 81' lang='grc' dir='ltr'>βουλώμεθα</span> <span class='ocrx_word' id='word_1_576' title='bbox 2755 858 2985 928; x_wconf 82' lang='grc' dir='ltr'>νήφειν,</span> <span class='ocrx_word' id='word_1_577' title='bbox 3034 855 3132 911; x_wconf 75' lang='grc' dir='ltr'>καὶ</span> <span class='ocrx_word' id='word_1_578' title='bbox 3174 854 3380 925; x_wconf 82' lang='grc' dir='ltr'>πολλὴν</span> <span class='ocrx_word' id='word_1_579' title='bbox 3415 852 3519 924; x_wconf 80' lang='grc' dir='ltr'>τῆς</span> 
     </span>
    </p>
   </div>
   <div class='ocr_carea' id='block_1_75' title="bbox 1903 936 3519 1014">
    <p class='ocr_par' dir='ltr' id='par_1_75' title="bbox 1903 936 3519 1014">
     <span class='ocr_line' id='line_1_75' title="bbox 1903 936 3519 1014; baseline -0.004 -17"><span class='ocrx_word' id='word_1_580' title='bbox 1903 941 2116 998; x_wconf 86' lang='grc' dir='ltr'>ἐαυτῶν</span> <span class='ocrx_word' id='word_1_581' title='bbox 2150 943 2427 1014; x_wconf 82' lang='grc' dir='ltr'>σωτηρίας</span> <span class='ocrx_word' id='word_1_582' title='bbox 2448 941 2719 996; x_wconf 87' lang='grc' dir='ltr'>ποιεῖσθαι</span> <span class='ocrx_word' id='word_1_583' title='bbox 2747 942 2847 1013; x_wconf 79' lang='grc' dir='ltr'>τὴν</span> <span class='ocrx_word' id='word_1_584' title='bbox 2872 937 3154 1013; x_wconf 85' lang='grc' dir='ltr'>φροντίδα,</span> <span class='ocrx_word' id='word_1_585' title='bbox 3172 936 3519 1009; x_wconf 86' lang='grc' dir='ltr'>δυνησόμεθα</span> 
     </span>
    </p>
   </div>
   <div class='ocr_carea' id='block_1_76' title="bbox 1904 1018 3519 1100">
    <p class='ocr_par' dir='ltr' id='par_1_76' title="bbox 1904 1018 3519 1100">
     <span class='ocr_line' id='line_1_76' title="bbox 1904 1018 3519 1100; baseline -0.007 -17"><span class='ocrx_word' id='word_1_586' title='bbox 1904 1030 2000 1083; x_wconf 72' lang='grc' dir='ltr'>καὶ</span> <span class='ocrx_word' id='word_1_587' title='bbox 2046 1028 2144 1100; x_wconf 83' lang='grc' dir='ltr'>τῆς</span> <span class='ocrx_word' id='word_1_588' title='bbox 2199 1028 2378 1100; x_wconf 79' lang='grc' dir='ltr'>κακῆς</span> <span class='ocrx_word' id='word_1_589' title='bbox 2422 1025 2715 1099; x_wconf 86' lang='grc' dir='ltr'>συνηθείας</span> <span class='ocrx_word' id='word_1_590' title='bbox 2735 1023 3041 1094; x_wconf 80' lang='grc' dir='ltr'>ἀποστῆναι</span> <span class='ocrx_word' id='word_1_591' title='bbox 3060 1061 3075 1085; x_wconf 93' lang='grc'>,</span> <span class='ocrx_word' id='word_1_592' title='bbox 3105 1021 3204 1076; x_wconf 82' lang='grc' dir='ltr'>καὶ</span> <span class='ocrx_word' id='word_1_593' title='bbox 3229 1023 3311 1084; x_wconf 86' lang='grc' dir='ltr'>εἰς</span> <span class='ocrx_word' id='word_1_594' title='bbox 3346 1018 3519 1089; x_wconf 81' lang='grc' dir='ltr'>καλὴν</span> 
     </span>
    </p>
   </div>
   <div class='ocr_carea' id='block_1_77' title="bbox 1906 1102 3519 1182">
    <p class='ocr_par' dir='ltr' id='par_1_77' title="bbox 1906 1102 3519 1182">
     <span class='ocr_line' id='line_1_77' title="bbox 1906 1102 3519 1182; baseline -0.004 -19"><span class='ocrx_word' id='word_1_595' title='bbox 1906 1110 2198 1182; x_wconf 83' lang='grc' dir='ltr'>συνήθειαν</span> <span class='ocrx_word' id='word_1_596' title='bbox 2235 1111 2467 1174; x_wconf 77' lang='grc' dir='ltr'>έαυτοῦς</span> <span class='ocrx_word' id='word_1_597' title='bbox 2498 1110 2727 1180; x_wconf 90' lang='grc' dir='ltr'>ἀγαγεῖν</span> <span class='ocrx_word' id='word_1_598' title='bbox 2754 1124 2770 1141; x_wconf 77' lang='grc'><em>’</em></span> <span class='ocrx_word' id='word_1_599' title='bbox 2829 1106 2924 1161; x_wconf 76' lang='grc' dir='ltr'>καὶ</span> <span class='ocrx_word' id='word_1_600' title='bbox 2954 1105 3099 1161; x_wconf 72' lang='grc' dir='ltr'>οὕτω</span> <span class='ocrx_word' id='word_1_601' title='bbox 3125 1105 3222 1159; x_wconf 85' lang='grc' dir='ltr'>καὶ</span> <span class='ocrx_word' id='word_1_602' title='bbox 3254 1107 3368 1169; x_wconf 89' lang='grc' dir='ltr'>τοῖς</span> <span class='ocrx_word' id='word_1_603' title='bbox 3396 1102 3519 1174; x_wconf 79' lang='grc' dir='ltr'>μεθ’</span> 
     </span>
    </p>
   </div>
   <div class='ocr_carea' id='block_1_78' title="bbox 1906 1184 3519 1265">
    <p class='ocr_par' dir='ltr' id='par_1_78' title="bbox 1906 1184 3519 1265">
     <span class='ocr_line' id='line_1_78' title="bbox 1906 1184 3519 1265; baseline -0.005 -18"><span class='ocrx_word' id='word_1_604' title='bbox 1906 1193 2057 1264; x_wconf 78' lang='grc' dir='ltr'>ἡμᾶς</span> <span class='ocrx_word' id='word_1_605' title='bbox 2106 1193 2169 1247; x_wconf 87' lang='grc' dir='ltr'>ού</span> <span class='ocrx_word' id='word_1_606' title='bbox 2229 1193 2433 1265; x_wconf 86' lang='grc' dir='ltr'>μικράν</span> <span class='ocrx_word' id='word_1_607' title='bbox 2486 1192 2801 1265; x_wconf 79' lang='grc' dir='ltr'>παρέξομεν</span> <span class='ocrx_word' id='word_1_608' title='bbox 2838 1189 3098 1261; x_wconf 69' lang='grc' dir='ltr'>ἀφορμὴν</span> <span class='ocrx_word' id='word_1_609' title='bbox 3135 1186 3232 1242; x_wconf 90' lang='grc' dir='ltr'>τοῦ</span> <span class='ocrx_word' id='word_1_610' title='bbox 3270 1187 3340 1240; x_wconf 81' lang='grc' dir='ltr'>τά</span> <span class='ocrx_word' id='word_1_611' title='bbox 3378 1184 3519 1241; x_wconf 84' lang='grc' dir='ltr'>αύτά</span> 
     </span>
    </p>
   </div>
   <div class='ocr_carea' id='block_1_79' title="bbox 1906 1269 3519 1346">
    <p class='ocr_par' dir='ltr' id='par_1_79' title="bbox 1906 1269 3519 1346">
     <span class='ocr_line' id='line_1_79' title="bbox 1906 1269 3519 1346; baseline -0.005 -17"><span class='ocrx_word' id='word_1_612' title='bbox 1906 1274 2138 1346; x_wconf 86' lang='grc' dir='ltr'>ζηλοῦν,</span> <span class='ocrx_word' id='word_1_613' title='bbox 2190 1276 2286 1331; x_wconf 75' lang='lat' dir='ltr'><strong><em>xal</em></strong></span> <span class='ocrx_word' id='word_1_614' title='bbox 2322 1275 2434 1331; x_wconf 87' lang='grc' dir='ltr'>τῶν</span> <span class='ocrx_word' id='word_1_615' title='bbox 2474 1275 2569 1330; x_wconf 79' lang='grc' dir='ltr'>ὑπ’</span> <span class='ocrx_word' id='word_1_616' title='bbox 2600 1275 2828 1329; x_wconf 82' lang='grc' dir='ltr'>ἐκείνων</span> <span class='ocrx_word' id='word_1_617' title='bbox 2859 1270 3317 1344; x_wconf 71' lang='grc' dir='ltr'>κατορθουμένων</span> <span class='ocrx_word' id='word_1_618' title='bbox 3354 1269 3519 1340; x_wconf 74' lang='grc' dir='ltr'>ἡμεῖς</span> 
     </span>
    </p>
   </div>
   <div class='ocr_carea' id='block_1_80' title="bbox 1908 1348 3520 1430">
    <p class='ocr_par' dir='ltr' id='par_1_80' title="bbox 1908 1348 3520 1430">
     <span class='ocr_line' id='line_1_80' title="bbox 1908 1348 3520 1430; baseline -0.006 -19"><span class='ocrx_word' id='word_1_619' title='bbox 1908 1358 2199 1430; x_wconf 72' lang='grc' dir='ltr'>ληψόμεθα</span> <span class='ocrx_word' id='word_1_620' title='bbox 2232 1358 2325 1413; x_wconf 70' lang='grc' dir='ltr'>τὸν</span> <span class='ocrx_word' id='word_1_621' title='bbox 2374 1359 2588 1430; x_wconf 88' lang='grc' dir='ltr'>μισθόν.</span> <span class='ocrx_word' id='word_1_622' title='bbox 2632 1358 2693 1411; x_wconf 88' lang='lat'><strong>&#39;0</strong></span> <span class='ocrx_word' id='word_1_623' title='bbox 2719 1358 2828 1428; x_wconf 89' lang='lat'>7&amp;9</span> <span class='ocrx_word' id='word_1_624' title='bbox 2856 1354 2958 1428; x_wconf 76' lang='grc' dir='ltr'>τὴν</span> <span class='ocrx_word' id='word_1_625' title='bbox 2995 1353 3171 1427; x_wconf 76' lang='grc' dir='ltr'>ἀρχὴν</span> <span class='ocrx_word' id='word_1_626' title='bbox 3214 1348 3520 1424; x_wconf 81' lang='grc' dir='ltr'>παρασχὼν</span> 
     </span>
    </p>
   </div>
   <div class='ocr_carea' id='block_1_81' title="bbox 1905 1434 3522 1513">
    <p class='ocr_par' dir='ltr' id='par_1_81' title="bbox 1905 1434 3522 1513">
     <span class='ocr_line' id='line_1_81' title="bbox 1905 1434 3522 1513; baseline -0.013 -5"><span class='ocrx_word' id='word_1_627' title='bbox 1905 1442 2009 1511; x_wconf 82' lang='grc' dir='ltr'>τῆς</span> <span class='ocrx_word' id='word_1_628' title='bbox 2037 1442 2213 1513; x_wconf 79' lang='grc' dir='ltr'>καλῆς</span> <span class='ocrx_word' id='word_1_629' title='bbox 2247 1440 2390 1507; x_wconf 75' lang='grc' dir='ltr'>ὀδοῦ,</span> <span class='ocrx_word' id='word_1_630' title='bbox 2425 1434 2583 1507; x_wconf 71' lang='grc' dir='ltr'>οὗτος</span> <span class='ocrx_word' id='word_1_631' title='bbox 2614 1440 2843 1496; x_wconf 73' lang='grc' dir='ltr'>καὶτῶν</span> <span class='ocrx_word' id='word_1_632' title='bbox 2868 1440 2961 1509; x_wconf 76' lang='grc' dir='ltr'>ὑφ’</span> <span class='ocrx_word' id='word_1_633' title='bbox 2992 1438 3196 1510; x_wconf 82' lang='grc' dir='ltr'>ἐτέρων</span> <span class='ocrx_word' id='word_1_634' title='bbox 3216 1435 3522 1507; x_wconf 74' lang='grc' dir='ltr'>γινομένων</span> 
     </span>
    </p>
   </div>
   <div class='ocr_carea' id='block_1_82' title="bbox 1909 1516 3517 1598">
    <p class='ocr_par' dir='ltr' id='par_1_82' title="bbox 1909 1516 3517 1598">
     <span class='ocr_line' id='line_1_82' title="bbox 1909 1516 3517 1598; baseline -0.007 -18"><span class='ocrx_word' id='word_1_635' title='bbox 1909 1523 2060 1598; x_wconf 75' lang='grc'><strong>[541]</strong></span> <span class='ocrx_word' id='word_1_636' title='bbox 2085 1527 2258 1589; x_wconf 81' lang='grc' dir='ltr'>αῖτιος</span> <span class='ocrx_word' id='word_1_637' title='bbox 2284 1525 2460 1589; x_wconf 77' lang='grc' dir='ltr'>ἐσται,</span> <span class='ocrx_word' id='word_1_638' title='bbox 2492 1525 2591 1580; x_wconf 71' lang='grc' dir='ltr'>καὶ</span> <span class='ocrx_word' id='word_1_639' title='bbox 2615 1522 2846 1578; x_wconf 77' lang='grc' dir='ltr'>διπλοῦν</span> <span class='ocrx_word' id='word_1_640' title='bbox 2871 1523 3153 1594; x_wconf 87' lang='grc' dir='ltr'>κομιεῖται</span> <span class='ocrx_word' id='word_1_641' title='bbox 3178 1519 3272 1573; x_wconf 79' lang='grc' dir='ltr'>τὸν</span> <span class='ocrx_word' id='word_1_642' title='bbox 3303 1516 3517 1590; x_wconf 76' lang='grc' dir='ltr'>μισθὸν,</span> 
     </span>
    </p>
   </div>
   <div class='ocr_carea' id='block_1_83' title="bbox 1907 1599 3520 1680">
    <p class='ocr_par' dir='ltr' id='par_1_83' title="bbox 1907 1599 3520 1680">
     <span class='ocr_line' id='line_1_83' title="bbox 1907 1599 3520 1680; baseline -0.004 -18"><span class='ocrx_word' id='word_1_643' title='bbox 1907 1608 2050 1680; x_wconf 75' lang='grc' dir='ltr'>ὑπὲρ</span> <span class='ocrx_word' id='word_1_644' title='bbox 2070 1602 2147 1661; x_wconf 80' lang='grc' dir='ltr'>ὧν</span> <span class='ocrx_word' id='word_1_645' title='bbox 2167 1625 2226 1662; x_wconf 89' lang='grc' dir='ltr'>τε</span> <span class='ocrx_word' id='word_1_646' title='bbox 2249 1607 2415 1672; x_wconf 70' lang='grc' dir='ltr'>αὐτὸς</span> <span class='ocrx_word' id='word_1_647' title='bbox 2436 1607 2715 1680; x_wconf 87' lang='grc' dir='ltr'>κατορθοῖ,</span> <span class='ocrx_word' id='word_1_648' title='bbox 2735 1605 2879 1680; x_wconf 76' lang='grc' dir='ltr'>ὺπέρ</span> <span class='ocrx_word' id='word_1_649' title='bbox 2905 1599 2981 1660; x_wconf 83' lang='grc' dir='ltr'>ὧν</span> <span class='ocrx_word' id='word_1_650' title='bbox 3000 1620 3061 1658; x_wconf 93' lang='grc' dir='ltr'>τε</span> <span class='ocrx_word' id='word_1_651' title='bbox 3087 1604 3309 1675; x_wconf 82' lang='grc' dir='ltr'>ἐτέρους</span> <span class='ocrx_word' id='word_1_652' title='bbox 3321 1601 3520 1671; x_wconf 84' lang='grc' dir='ltr'>ἐπάγει</span> 
     </span>
    </p>
   </div>
   <div class='ocr_carea' id='block_1_84' title="bbox 1907 1684 3521 1763">
    <p class='ocr_par' dir='ltr' id='par_1_84' title="bbox 1907 1684 3521 1763">
     <span class='ocr_line' id='line_1_84' title="bbox 1907 1684 3521 1763; baseline -0.004 -19"><span class='ocrx_word' id='word_1_653' title='bbox 1907 1693 1989 1755; x_wconf 84' lang='grc' dir='ltr'>εἰς</span> <span class='ocrx_word' id='word_1_654' title='bbox 2006 1690 2109 1762; x_wconf 68' lang='grc' dir='ltr'>τὴν</span> <span class='ocrx_word' id='word_1_655' title='bbox 2133 1691 2366 1763; x_wconf 88' lang='grc' dir='ltr'>ἀρίστην</span> <span class='ocrx_word' id='word_1_656' title='bbox 2394 1690 2602 1761; x_wconf 91' lang='grc' dir='ltr'>ταύτην</span> <span class='ocrx_word' id='word_1_657' title='bbox 2638 1689 2981 1760; x_wconf 86' lang='grc' dir='ltr'>φιλοσοφίαν.</span> <span class='ocrx_word' id='word_1_658' title='bbox 3006 1688 3097 1760; x_wconf 86' lang='grc' dir='ltr'>Μή</span> <span class='ocrx_word' id='word_1_659' title='bbox 3123 1704 3217 1758; x_wconf 91' lang='grc' dir='ltr'>μοι</span> <span class='ocrx_word' id='word_1_660' title='bbox 3240 1685 3309 1739; x_wconf 82' lang='grc' dir='ltr'>τά</span> <span class='ocrx_word' id='word_1_661' title='bbox 3334 1684 3521 1757; x_wconf 68' lang='grc' dir='ltr'>ψυχρά</span> 
     </span>
    </p>
   </div>
   <div class='ocr_carea' id='block_1_85' title="bbox 1908 1768 3519 1846">
    <p class='ocr_par' dir='ltr' id='par_1_85' title="bbox 1908 1768 3519 1846">
     <span class='ocr_line' id='line_1_85' title="bbox 1908 1768 3519 1846; baseline -0.004 -18"><span class='ocrx_word' id='word_1_662' title='bbox 1908 1775 2092 1828; x_wconf 81' lang='grc' dir='ltr'>ἐκεῖνα</span> <span class='ocrx_word' id='word_1_663' title='bbox 2140 1777 2362 1846; x_wconf 76' lang='grc' dir='ltr'>ῥήματα</span> <span class='ocrx_word' id='word_1_664' title='bbox 2406 1776 2504 1829; x_wconf 75' lang='grc' dir='ltr'>καὶ</span> <span class='ocrx_word' id='word_1_665' title='bbox 2548 1773 2788 1844; x_wconf 88' lang='grc' dir='ltr'>γέλωτος</span> <span class='ocrx_word' id='word_1_666' title='bbox 2826 1771 3070 1844; x_wconf 89' lang='grc' dir='ltr'>γέμοντα</span> <span class='ocrx_word' id='word_1_667' title='bbox 3111 1768 3519 1841; x_wconf 84' lang='grc' dir='ltr'>προϐάλλεσθε,</span> 
     </span>
    </p>
   </div>
   <div class='ocr_carea' id='block_1_86' title="bbox 1907 1851 3521 1929">
    <p class='ocr_par' dir='ltr' id='par_1_86' title="bbox 1907 1851 3521 1929">
     <span class='ocr_line' id='line_1_86' title="bbox 1907 1851 3521 1929; baseline -0.003 -19"><span class='ocrx_word' id='word_1_668' title='bbox 1907 1856 2158 1926; x_wconf 85' lang='grc' dir='ltr'>λέγοντες</span> <span class='ocrx_word' id='word_1_669' title='bbox 2190 1858 2401 1929; x_wconf 88' lang='grc' dir='ltr'>νόμιμά</span> <span class='ocrx_word' id='word_1_670' title='bbox 2420 1874 2544 1911; x_wconf 92' lang='grc' dir='ltr'>τινα</span> <span class='ocrx_word' id='word_1_671' title='bbox 2562 1852 2705 1911; x_wconf 77' lang='grc' dir='ltr'>εἶναι</span> <span class='ocrx_word' id='word_1_672' title='bbox 2732 1855 2929 1917; x_wconf 88' lang='grc' dir='ltr'>ταῦτα,</span> <span class='ocrx_word' id='word_1_673' title='bbox 2964 1854 3059 1908; x_wconf 58' lang='grc' dir='ltr'>καί⁵</span> <span class='ocrx_word' id='word_1_674' title='bbox 3081 1852 3174 1908; x_wconf 89' lang='grc' dir='ltr'>διά</span> <span class='ocrx_word' id='word_1_675' title='bbox 3197 1852 3360 1907; x_wconf 87' lang='grc' dir='ltr'>τοῦτο</span> <span class='ocrx_word' id='word_1_676' title='bbox 3379 1851 3521 1923; x_wconf 76' lang='grc' dir='ltr'>πλη-</span> 
     </span>
    </p>
   </div>
   <div class='ocr_carea' id='block_1_87' title="bbox 1910 1934 3521 2012">
    <p class='ocr_par' dir='ltr' id='par_1_87' title="bbox 1910 1934 3521 2012">
     <span class='ocr_line' id='line_1_87' title="bbox 1910 1934 3521 2012; baseline -0.004 -18"><span class='ocrx_word' id='word_1_677' title='bbox 1910 1939 2139 2012; x_wconf 88' lang='grc' dir='ltr'>ροῦσθαι</span> <span class='ocrx_word' id='word_1_678' title='bbox 2167 1944 2295 2012; x_wconf 90' lang='grc' dir='ltr'>χρή.</span> <span class='ocrx_word' id='word_1_679' title='bbox 2318 1941 2393 1995; x_wconf 82' lang='grc' dir='ltr'>Οὐ</span> <span class='ocrx_word' id='word_1_680' title='bbox 2414 1940 2592 1995; x_wconf 89' lang='grc' dir='ltr'>ταῦτα</span> <span class='ocrx_word' id='word_1_681' title='bbox 2605 1940 2715 2012; x_wconf 85' lang='grc' dir='ltr'>γὰρ</span> <span class='ocrx_word' id='word_1_682' title='bbox 2737 1938 2971 2010; x_wconf 88' lang='grc' dir='ltr'>νόμιμον</span> <span class='ocrx_word' id='word_1_683' title='bbox 2995 1939 3144 1990; x_wconf 87' lang='grc' dir='ltr'>ποιεῖ</span> <span class='ocrx_word' id='word_1_684' title='bbox 3158 1934 3521 1997; x_wconf 82' lang='grc' dir='ltr'>συνοικέσιον,</span> 
     </span>
    </p>
   </div>
   <div class='ocr_carea' id='block_1_88' title="bbox 1909 2018 3523 2093">
    <p class='ocr_par' dir='ltr' id='par_1_88' title="bbox 1909 2018 3523 2093">
     <span class='ocr_line' id='line_1_88' title="bbox 1909 2018 3523 2093; baseline -0.004 -15"><span class='ocrx_word' id='word_1_685' title='bbox 1909 2022 2048 2078; x_wconf 87' lang='grc' dir='ltr'>ἀλλά</span> <span class='ocrx_word' id='word_1_686' title='bbox 2094 2022 2154 2076; x_wconf 74' lang='grc' dir='ltr'>τὸ</span> <span class='ocrx_word' id='word_1_687' title='bbox 2206 2022 2350 2079; x_wconf 83' lang='grc' dir='ltr'>κατά</span> <span class='ocrx_word' id='word_1_688' title='bbox 2394 2024 2524 2089; x_wconf 81' lang='grc' dir='ltr'>τοὺς</span> <span class='ocrx_word' id='word_1_689' title='bbox 2566 2022 2662 2077; x_wconf 91' lang='grc' dir='ltr'>τοῦ</span> <span class='ocrx_word' id='word_1_690' title='bbox 2701 2022 2839 2077; x_wconf 89' lang='grc' dir='ltr'>Θεοῦ</span> <span class='ocrx_word' id='word_1_691' title='bbox 2878 2021 3078 2093; x_wconf 82' lang='grc' dir='ltr'>νόμους</span> <span class='ocrx_word' id='word_1_692' title='bbox 3118 2018 3281 2093; x_wconf 13' lang='grc' dir='ltr'>μετά,</span> <span class='ocrx_word' id='word_1_693' title='bbox 3304 2034 3523 2090; x_wconf 78' lang='grc' dir='ltr'>σωφρο-</span> 
     </span>
    </p>
   </div>
   <div class='ocr_carea' id='block_1_89' title="bbox 1912 2092 3523 2180">
    <p class='ocr_par' dir='ltr' id='par_1_89' title="bbox 1912 2092 3523 2180">
     <span class='ocr_line' id='line_1_89' title="bbox 1912 2092 3523 2180; baseline -0.002 -20"><span class='ocrx_word' id='word_1_694' title='bbox 1912 2104 2080 2177; x_wconf 88' lang='grc' dir='ltr'>σύνης</span> <span class='ocrx_word' id='word_1_695' title='bbox 2113 2106 2209 2161; x_wconf 72' lang='grc' dir='ltr'>καὶ</span> <span class='ocrx_word' id='word_1_696' title='bbox 2252 2107 2586 2179; x_wconf 89' lang='grc' dir='ltr'>σεμνότητος</span> <span class='ocrx_word' id='word_1_697' title='bbox 2619 2107 2719 2180; x_wconf 77' lang='grc' dir='ltr'>τήν</span> <span class='ocrx_word' id='word_1_698' title='bbox 2748 2092 3065 2161; x_wconf 84' lang='grc' dir='ltr'>συνέλευσιν</span> <span class='ocrx_word' id='word_1_699' title='bbox 3097 2092 3383 2172; x_wconf 71' lang='grc' dir='ltr'>γίνεσθαι,</span> <span class='ocrx_word' id='word_1_700' title='bbox 3427 2102 3523 2156; x_wconf 81' lang='grc' dir='ltr'>καὶ</span> 
     </span>
    </p>
   </div>
   <div class='ocr_carea' id='block_1_90' title="bbox 1910 2185 3521 2263">
    <p class='ocr_par' dir='ltr' id='par_1_90' title="bbox 1910 2185 3521 2263">
     <span class='ocr_line' id='line_1_90' title="bbox 1910 2185 3521 2263; baseline -0.004 -18"><span class='ocrx_word' id='word_1_701' title='bbox 1910 2194 1976 2263; x_wconf 77' lang='grc' dir='ltr'>τῇ</span> <span class='ocrx_word' id='word_1_702' title='bbox 2007 2191 2230 2263; x_wconf 71' lang='grc' dir='ltr'>ὁμονοίᾳ</span> <span class='ocrx_word' id='word_1_703' title='bbox 2263 2186 2685 2263; x_wconf 69' lang='grc' dir='ltr'>συμπεπλέχθαι</span> <span class='ocrx_word' id='word_1_704' title='bbox 2738 2188 2869 2255; x_wconf 79' lang='grc' dir='ltr'>τοῦς</span> <span class='ocrx_word' id='word_1_705' title='bbox 2912 2188 3168 2260; x_wconf 83' lang='grc' dir='ltr'>ἀλλήλοις</span> <span class='ocrx_word' id='word_1_706' title='bbox 3215 2185 3521 2249; x_wconf 88' lang='grc' dir='ltr'>συνιόντας.</span> 
     </span>
    </p>
   </div>
   <div class='ocr_carea' id='block_1_91' title="bbox 1910 2265 3525 2344">
    <p class='ocr_par' dir='ltr' id='par_1_91' title="bbox 1910 2265 3525 2344">
     <span class='ocr_line' id='line_1_91' title="bbox 1910 2265 3525 2344; baseline -0.004 -17"><span class='ocrx_word' id='word_1_707' title='bbox 1910 2273 2083 2328; x_wconf 84' lang='grc' dir='ltr'>Τοῦτο</span> <span class='ocrx_word' id='word_1_708' title='bbox 2125 2274 2222 2327; x_wconf 78' lang='grc' dir='ltr'>καὶ</span> <span class='ocrx_word' id='word_1_709' title='bbox 2263 2274 2314 2328; x_wconf 87' lang='grc' dir='ltr'>οἰ</span> <span class='ocrx_word' id='word_1_710' title='bbox 2368 2273 2571 2341; x_wconf 65' lang='grc' dir='ltr'>ἔξωθεν</span> <span class='ocrx_word' id='word_1_711' title='bbox 2618 2274 2771 2329; x_wconf 86' lang='grc' dir='ltr'>ῐσασι</span> <span class='ocrx_word' id='word_1_712' title='bbox 2802 2271 2998 2344; x_wconf 84' lang='grc' dir='ltr'>νόμοι,</span> <span class='ocrx_word' id='word_1_713' title='bbox 3046 2271 3141 2325; x_wconf 77' lang='lat' dir='ltr'><strong><em>xal</em></strong></span> <span class='ocrx_word' id='word_1_714' title='bbox 3170 2268 3381 2341; x_wconf 73' lang='grc' dir='ltr'>ἀκούσῃ</span> <span class='ocrx_word' id='word_1_715' title='bbox 3415 2265 3525 2322; x_wconf 78' lang='grc' dir='ltr'>τῶν</span> 
     </span>
    </p>
   </div>
   <div class='ocr_carea' id='block_1_92' title="bbox 1910 2352 3525 2429">
    <p class='ocr_par' dir='ltr' id='par_1_92' title="bbox 1910 2352 3525 2429">
     <span class='ocr_line' id='line_1_92' title="bbox 1910 2352 3525 2429; baseline -0.004 -19"><span class='ocrx_word' id='word_1_716' title='bbox 1910 2357 2041 2428; x_wconf 83' lang='grc' dir='ltr'>περὶ</span> <span class='ocrx_word' id='word_1_717' title='bbox 2086 2356 2263 2411; x_wconf 89' lang='grc' dir='ltr'>ταῦτα</span> <span class='ocrx_word' id='word_1_718' title='bbox 2306 2357 2686 2429; x_wconf 77' lang='grc' dir='ltr'>έσχολακότων</span> <span class='ocrx_word' id='word_1_719' title='bbox 2731 2356 3001 2425; x_wconf 86' lang='grc' dir='ltr'>λεγόντων</span> <span class='ocrx_word' id='word_1_720' title='bbox 3025 2395 3039 2420; x_wconf 92' lang='grc'>,</span> <span class='ocrx_word' id='word_1_721' title='bbox 3072 2355 3156 2408; x_wconf 84' lang='grc' dir='ltr'>ὅτι</span> <span class='ocrx_word' id='word_1_722' title='bbox 3188 2352 3525 2407; x_wconf 78' lang='grc' dir='ltr'>συνοικέσιον</span> 
     </span>
    </p>
   </div>
   <div class='ocr_carea' id='block_1_93' title="bbox 1910 2435 3635 2513">
    <p class='ocr_par' dir='ltr' id='par_1_93' title="bbox 1910 2435 3635 2513">
     <span class='ocr_line' id='line_1_93' title="bbox 1910 2435 3635 2513; baseline -0.002 -20"><span class='ocrx_word' id='word_1_723' title='bbox 1910 2440 2064 2493; x_wconf 82' lang='grc' dir='ltr'>οὐδὲν</span> <span class='ocrx_word' id='word_1_724' title='bbox 2108 2439 2297 2511; x_wconf 87' lang='grc' dir='ltr'>ἐτερον</span> <span class='ocrx_word' id='word_1_725' title='bbox 2338 2440 2658 2513; x_wconf 88' lang='grc' dir='ltr'>συνίστησιν</span> <span class='ocrx_word' id='word_1_726' title='bbox 2708 2439 2743 2512; x_wconf 80' lang='grc' dir='ltr'>ή</span> <span class='ocrx_word' id='word_1_727' title='bbox 2796 2438 3076 2510; x_wconf 86' lang='grc' dir='ltr'>συνήθεια.</span> <span class='ocrx_word' id='word_1_728' title='bbox 3107 2436 3200 2508; x_wconf 83' lang='grc' dir='ltr'>Μὴ</span> <span class='ocrx_word' id='word_1_729' title='bbox 3220 2436 3400 2489; x_wconf 90' lang='grc' dir='ltr'>τοίνυν</span> <span class='ocrx_word' id='word_1_730' title='bbox 3431 2435 3524 2489; x_wconf 76' lang='grc' dir='ltr'>καὶ</span> <span class='ocrx_word' id='word_1_731' title='bbox 3630 2468 3635 2471; x_wconf 54' lang='grc' dir='ltr'><strong>λ</strong></span> 
     </span>
    </p>
   </div>
   <div class='ocr_carea' id='block_1_94' title="bbox 1910 2518 3526 2595">
    <p class='ocr_par' dir='ltr' id='par_1_94' title="bbox 1910 2518 3526 2595">
     <span class='ocr_line' id='line_1_94' title="bbox 1910 2518 3526 2595; baseline -0.002 -19"><span class='ocrx_word' id='word_1_732' title='bbox 1910 2524 2038 2586; x_wconf 83' lang='grc' dir='ltr'>τοὺς</span> <span class='ocrx_word' id='word_1_733' title='bbox 2084 2522 2178 2576; x_wconf 89' lang='grc' dir='ltr'>τοῦ</span> <span class='ocrx_word' id='word_1_734' title='bbox 2222 2522 2358 2577; x_wconf 85' lang='grc' dir='ltr'>Θεοῦ</span> <span class='ocrx_word' id='word_1_735' title='bbox 2401 2523 2603 2593; x_wconf 91' lang='grc' dir='ltr'>νόμους</span> <span class='ocrx_word' id='word_1_736' title='bbox 2632 2521 2973 2595; x_wconf 80' lang='grc' dir='ltr'>παραϐῶμεν</span> <span class='ocrx_word' id='word_1_737' title='bbox 3010 2519 3152 2592; x_wconf 89' lang='grc' dir='ltr'>μετά</span> <span class='ocrx_word' id='word_1_738' title='bbox 3177 2521 3289 2574; x_wconf 85' lang='grc' dir='ltr'>τῶν</span> <span class='ocrx_word' id='word_1_739' title='bbox 3315 2518 3526 2592; x_wconf 83' lang='grc' dir='ltr'>ἀνθρω-</span> 
     </span>
    </p>
   </div>
   <div class='ocr_carea' id='block_1_95' title="bbox 1912 2602 3527 2679">
    <p class='ocr_par' dir='ltr' id='par_1_95' title="bbox 1912 2602 3527 2679">
     <span class='ocr_line' id='line_1_95' title="bbox 1912 2602 3527 2679; baseline -0.002 -20"><span class='ocrx_word' id='word_1_740' title='bbox 1912 2605 2102 2667; x_wconf 79' lang='grc' dir='ltr'>πίνων.</span> <span class='ocrx_word' id='word_1_741' title='bbox 2145 2608 2241 2661; x_wconf 76' lang='grc' dir='ltr'>καὶ</span> <span class='ocrx_word' id='word_1_742' title='bbox 2272 2606 2634 2679; x_wconf 86' lang='grc' dir='ltr'>προτιμῶμεν</span> <span class='ocrx_word' id='word_1_743' title='bbox 2662 2606 2793 2669; x_wconf 83' lang='grc' dir='ltr'>τοὺς</span> <span class='ocrx_word' id='word_1_744' title='bbox 2824 2604 3169 2667; x_wconf 76' lang='grc' dir='ltr'>διαϐολικοὺς</span> <span class='ocrx_word' id='word_1_745' title='bbox 3200 2603 3401 2673; x_wconf 88' lang='grc' dir='ltr'>νόμους</span> <span class='ocrx_word' id='word_1_746' title='bbox 3429 2602 3527 2656; x_wconf 81' lang='grc' dir='ltr'>καὶ</span> 
     </span>
    </p>
   </div>
   <div class='ocr_carea' id='block_1_96' title="bbox 1911 2686 3526 2761">
    <p class='ocr_par' dir='ltr' id='par_1_96' title="bbox 1911 2686 3526 2761">
     <span class='ocr_line' id='line_1_96' title="bbox 1911 2686 3526 2761; baseline -0.001 -19"><span class='ocrx_word' id='word_1_747' title='bbox 1911 2688 2010 2761; x_wconf 80' lang='grc' dir='ltr'>τὴν</span> <span class='ocrx_word' id='word_1_748' title='bbox 2061 2689 2311 2761; x_wconf 80' lang='grc' dir='ltr'>ὀλεθρίαν</span> <span class='ocrx_word' id='word_1_749' title='bbox 2360 2690 2567 2761; x_wconf 89' lang='grc' dir='ltr'>ταύτην</span> <span class='ocrx_word' id='word_1_750' title='bbox 2612 2688 2907 2761; x_wconf 87' lang='grc' dir='ltr'>συνήθειαν</span> <span class='ocrx_word' id='word_1_751' title='bbox 2934 2708 2946 2722; x_wconf 74' lang='grc' dir='ltr'>ο</span> <span class='ocrx_word' id='word_1_752' title='bbox 2983 2688 3197 2742; x_wconf 84' lang='grc' dir='ltr'>ἐκείνου</span> <span class='ocrx_word' id='word_1_753' title='bbox 3246 2686 3359 2759; x_wconf 86' lang='grc' dir='ltr'>γάρ</span> <span class='ocrx_word' id='word_1_754' title='bbox 3408 2687 3526 2740; x_wconf 76' lang='grc' dir='ltr'>ἐστι</span> 
     </span>
    </p>
   </div>
   <div class='ocr_carea' id='block_1_97' title="bbox 1912 2770 3529 2850">
    <p class='ocr_par' dir='ltr' id='par_1_97' title="bbox 1912 2770 3529 2850">
     <span class='ocr_line' id='line_1_97' title="bbox 1912 2770 3529 2850; baseline -0.003 -23"><span class='ocrx_word' id='word_1_755' title='bbox 1912 2774 2077 2842; x_wconf 88' lang='grc' dir='ltr'>νόμος</span> <span class='ocrx_word' id='word_1_756' title='bbox 2104 2773 2301 2850; x_wconf 82' lang='grc' dir='ltr'>ταῦτα,</span> <span class='ocrx_word' id='word_1_757' title='bbox 2336 2772 2431 2827; x_wconf 86' lang='grc' dir='ltr'>τοῦ</span> <span class='ocrx_word' id='word_1_758' title='bbox 2462 2775 2749 2846; x_wconf 80' lang='grc' dir='ltr'>χαίροντος</span> <span class='ocrx_word' id='word_1_759' title='bbox 2781 2773 2869 2827; x_wconf 77' lang='grc' dir='ltr'>ἀεὶ</span> <span class='ocrx_word' id='word_1_760' title='bbox 2905 2775 2973 2844; x_wconf 73' lang='grc' dir='ltr'>τῇ</span> <span class='ocrx_word' id='word_1_761' title='bbox 3014 2770 3265 2841; x_wconf 72' lang='grc' dir='ltr'>ἀπωλείᾳ</span> <span class='ocrx_word' id='word_1_762' title='bbox 3292 2772 3359 2841; x_wconf 82' lang='grc' dir='ltr'>τῇ</span> <span class='ocrx_word' id='word_1_763' title='bbox 3392 2771 3529 2840; x_wconf 69' lang='grc' dir='ltr'>ἡμεο</span> 
     </span>
    </p>
   </div>
   <div class='ocr_carea' id='block_1_98' title="bbox 1911 2852 3528 2927">
    <p class='ocr_par' dir='ltr' id='par_1_98' title="bbox 1911 2852 3528 2927">
     <span class='ocr_line' id='line_1_98' title="bbox 1911 2852 3528 2927; baseline -0.002 -19"><span class='ocrx_word' id='word_1_764' title='bbox 1911 2856 2068 2927; x_wconf 69' lang='grc' dir='ltr'>τέρᾳ.</span> <span class='ocrx_word' id='word_1_765' title='bbox 2128 2856 2193 2909; x_wconf 90' lang='grc' dir='ltr'>Τί</span> <span class='ocrx_word' id='word_1_766' title='bbox 2225 2852 2318 2910; x_wconf 85' lang='grc' dir='ltr'>οῦν</span> <span class='ocrx_word' id='word_1_767' title='bbox 2346 2856 2412 2910; x_wconf 82' lang='grc' dir='ltr'>ἀν</span> <span class='ocrx_word' id='word_1_768' title='bbox 2444 2857 2657 2926; x_wconf 88' lang='grc' dir='ltr'>γένοιτο</span> <span class='ocrx_word' id='word_1_769' title='bbox 2689 2856 3227 2927; x_wconf 86' lang='grc' dir='ltr'>καταγελαστότερον</span> <span class='ocrx_word' id='word_1_770' title='bbox 3260 2855 3360 2923; x_wconf 86' lang='grc' dir='ltr'>τῆς</span> <span class='ocrx_word' id='word_1_771' title='bbox 3394 2869 3528 2906; x_wconf 83' lang='grc' dir='ltr'>συν·-</span> 
     </span>
    </p>
   </div>
   <div class='ocr_carea' id='block_1_99' title="bbox 1912 2934 3526 3013">
    <p class='ocr_par' dir='ltr' id='par_1_99' title="bbox 1912 2934 3526 3013">
     <span class='ocr_line' id='line_1_99' title="bbox 1912 2934 3526 3013; baseline -0.004 -19"><span class='ocrx_word' id='word_1_772' title='bbox 1912 2939 2102 3012; x_wconf 82' lang='grc' dir='ltr'>ηθείας</span> <span class='ocrx_word' id='word_1_773' title='bbox 2130 2940 2337 3013; x_wconf 86' lang='grc' dir='ltr'>ταύτης</span> <span class='ocrx_word' id='word_1_774' title='bbox 2357 2981 2372 3005; x_wconf 93' lang='grc'>,</span> <span class='ocrx_word' id='word_1_775' title='bbox 2406 2943 2535 2996; x_wconf 84' lang='grc' dir='ltr'>ὃταν</span> <span class='ocrx_word' id='word_1_776' title='bbox 2566 2940 2673 2995; x_wconf 81' lang='grc' dir='ltr'>ὑπὸ</span> <span class='ocrx_word' id='word_1_777' title='bbox 2709 2942 2939 2994; x_wconf 87' lang='grc' dir='ltr'>οἰκετῶν</span> <span class='ocrx_word' id='word_1_778' title='bbox 2961 2941 3058 2994; x_wconf 76' lang='grc' dir='ltr'>καὶ</span> <span class='ocrx_word' id='word_1_779' title='bbox 3081 2934 3526 3011; x_wconf 87' lang='grc' dir='ltr'>τριωϐολιμαίων</span> 
     </span>
    </p>
   </div>
   <div class='ocr_carea' id='block_1_100' title="bbox 1914 3020 3526 3096">
    <p class='ocr_par' dir='ltr' id='par_1_100' title="bbox 1914 3020 3526 3096">
     <span class='ocr_line' id='line_1_100' title="bbox 1914 3020 3526 3096; baseline -0.002 -19"><span class='ocrx_word' id='word_1_780' title='bbox 1914 3023 2221 3095; x_wconf 86' lang='grc' dir='ltr'>ἀνθρώπων</span> <span class='ocrx_word' id='word_1_781' title='bbox 2252 3024 2567 3095; x_wconf 82' lang='grc' dir='ltr'>σκώμματα</span> <span class='ocrx_word' id='word_1_782' title='bbox 2597 3025 2690 3077; x_wconf 78' lang='grc' dir='ltr'>καὶ</span> <span class='ocrx_word' id='word_1_783' title='bbox 2716 3023 2986 3096; x_wconf 89' lang='grc' dir='ltr'>λοιδορίας</span> <span class='ocrx_word' id='word_1_784' title='bbox 3019 3022 3290 3093; x_wconf 85' lang='grc' dir='ltr'>ἀπείρους</span> <span class='ocrx_word' id='word_1_785' title='bbox 3323 3020 3526 3091; x_wconf 86' lang='grc' dir='ltr'>δέχων-</span> 
     </span>
    </p>
   </div>
   <div class='ocr_carea' id='block_1_101' title="bbox 1915 3101 3524 3179">
    <p class='ocr_par' dir='ltr' id='par_1_101' title="bbox 1915 3101 3524 3179">
     <span class='ocr_line' id='line_1_101' title="bbox 1915 3101 3524 3179; baseline -0.002 -18"><span class='ocrx_word' id='word_1_786' title='bbox 1915 3124 2007 3161; x_wconf 89' lang='grc' dir='ltr'>ται</span> <span class='ocrx_word' id='word_1_787' title='bbox 2044 3109 2137 3160; x_wconf 76' lang='grc' dir='ltr'>καὶ</span> <span class='ocrx_word' id='word_1_788' title='bbox 2163 3110 2191 3160; x_wconf 88' lang='grc' dir='ltr'>ό</span> <span class='ocrx_word' id='word_1_789' title='bbox 2223 3106 2364 3179; x_wconf 76' lang='grc' dir='ltr'>ἀνὴρ</span> <span class='ocrx_word' id='word_1_790' title='bbox 2393 3108 2488 3161; x_wconf 77' lang='grc' dir='ltr'>καὶ</span> <span class='ocrx_word' id='word_1_791' title='bbox 2510 3109 2543 3177; x_wconf 85' lang='grc' dir='ltr'><strong>ὴ</strong></span> <span class='ocrx_word' id='word_1_792' title='bbox 2572 3106 2712 3176; x_wconf 80' lang='grc' dir='ltr'>γυνὴ</span> <span class='ocrx_word' id='word_1_793' title='bbox 2733 3148 2747 3169; x_wconf 91' lang='grc'>,</span> <span class='ocrx_word' id='word_1_794' title='bbox 2774 3108 2869 3159; x_wconf 70' lang='grc' dir='ltr'>καὶ</span> <span class='ocrx_word' id='word_1_795' title='bbox 2897 3106 3075 3169; x_wconf 72' lang='grc' dir='ltr'>οὐδεὶς</span> <span class='ocrx_word' id='word_1_796' title='bbox 3176 3106 3205 3158; x_wconf 89' lang='lat'>6</span> <span class='ocrx_word' id='word_1_797' title='bbox 3227 3102 3524 3174; x_wconf 86' lang='grc' dir='ltr'>ἐπιτιμῶν.</span> 
     </span>
    </p>
   </div>
   <div class='ocr_carea' id='block_1_102' title="bbox 1914 3184 3527 3261">
    <p class='ocr_par' dir='ltr' id='par_1_102' title="bbox 1914 3184 3527 3261">
     <span class='ocr_line' id='line_1_102' title="bbox 1914 3184 3527 3261; baseline -0.004 -18"><span class='ocrx_word' id='word_1_798' title='bbox 1914 3189 2028 3243; x_wconf 89' lang='grc' dir='ltr'>ἀλλ’</span> <span class='ocrx_word' id='word_1_799' title='bbox 2071 3190 2249 3255; x_wconf 77' lang='grc' dir='ltr'>ἔξεστι</span> <span class='ocrx_word' id='word_1_800' title='bbox 2287 3189 2367 3259; x_wconf 81' lang='grc' dir='ltr'>τῷ</span> <span class='ocrx_word' id='word_1_801' title='bbox 2406 3189 2715 3261; x_wconf 79' lang='grc' dir='ltr'>βουλομένῳ</span> <span class='ocrx_word' id='word_1_802' title='bbox 2770 3188 2942 3253; x_wconf 82' lang='grc' dir='ltr'>ἀδεῶς</span> <span class='ocrx_word' id='word_1_803' title='bbox 2988 3186 3134 3242; x_wconf 89' lang='grc' dir='ltr'>κατά</span> <span class='ocrx_word' id='word_1_804' title='bbox 3158 3186 3257 3258; x_wconf 79' lang='grc' dir='ltr'>τὴν</span> <span class='ocrx_word' id='word_1_805' title='bbox 3285 3184 3527 3257; x_wconf 77' lang='grc' dir='ltr'>ἑσπέραν</span> 
     </span>
    </p>
   </div>
   <div class='ocr_carea' id='block_1_103' title="bbox 1915 3268 3589 3343">
    <p class='ocr_par' dir='ltr' id='par_1_103' title="bbox 1915 3268 3589 3343">
     <span class='ocr_line' id='line_1_103' title="bbox 1915 3268 3589 3343; baseline -0.004 -15"><span class='ocrx_word' id='word_1_806' title='bbox 1915 3273 2135 3328; x_wconf 75' lang='grc' dir='ltr'>ἅπαντα</span> <span class='ocrx_word' id='word_1_807' title='bbox 2182 3272 2537 3343; x_wconf 82' lang='grc' dir='ltr'>φθέγγεσθαι,</span> <span class='ocrx_word' id='word_1_808' title='bbox 2569 3275 2662 3326; x_wconf 73' lang='grc' dir='ltr'>καὶ</span> <span class='ocrx_word' id='word_1_809' title='bbox 2698 3271 2914 3342; x_wconf 88' lang='grc' dir='ltr'>βάλλειν</span> <span class='ocrx_word' id='word_1_810' title='bbox 2948 3274 3063 3335; x_wconf 63' lang='grc' dir='ltr'>⁸τοῖς</span> <span class='ocrx_word' id='word_1_811' title='bbox 3096 3268 3401 3340; x_wconf 86' lang='grc' dir='ltr'>σκώμμασι</span> <span class='ocrx_word' id='word_1_812' title='bbox 3430 3268 3528 3323; x_wconf 59' lang='grc' dir='ltr'>καὶ,</span> <span class='ocrx_word' id='word_1_813' title='bbox 3584 3296 3589 3300; x_wconf 65' lang='grc' dir='ltr'>ε</span> 
     </span>
    </p>
   </div>
   <div class='ocr_carea' id='block_1_104' title="bbox 1915 3351 3529 3427">
    <p class='ocr_par' dir='ltr' id='par_1_104' title="bbox 1915 3351 3529 3427">
     <span class='ocr_line' id='line_1_104' title="bbox 1915 3351 3529 3427; baseline -0.004 -16"><span class='ocrx_word' id='word_1_814' title='bbox 1915 3358 2008 3412; x_wconf 86' lang='grc' dir='ltr'>τὸν</span> <span class='ocrx_word' id='word_1_815' title='bbox 2058 3357 2293 3427; x_wconf 87' lang='grc' dir='ltr'>νυμφίον</span> <span class='ocrx_word' id='word_1_816' title='bbox 2355 3355 2450 3409; x_wconf 76' lang='grc' dir='ltr'>καὶ</span> <span class='ocrx_word' id='word_1_817' title='bbox 2506 3357 2608 3426; x_wconf 83' lang='grc' dir='ltr'>τὴν</span> <span class='ocrx_word' id='word_1_818' title='bbox 2662 3354 2914 3427; x_wconf 89' lang='grc' dir='ltr'>νύμφην;</span> <span class='ocrx_word' id='word_1_819' title='bbox 2972 3355 3083 3409; x_wconf 87' lang='lat' dir='ltr'>Kal</span> <span class='ocrx_word' id='word_1_820' title='bbox 3124 3355 3183 3407; x_wconf 89' lang='grc' dir='ltr'>ἐν</span> <span class='ocrx_word' id='word_1_821' title='bbox 3222 3353 3391 3425; x_wconf 73' lang='grc' dir='ltr'>ἑτέρα</span> <span class='ocrx_word' id='word_1_822' title='bbox 3426 3351 3529 3423; x_wconf 80' lang='grc' dir='ltr'>μὲν</span> 
     </span>
    </p>
   </div>
   <div class='ocr_carea' id='block_1_105' title="bbox 1916 3435 3528 3515">
    <p class='ocr_par' dir='ltr' id='par_1_105' title="bbox 1916 3435 3528 3515">
     <span class='ocr_line' id='line_1_105' title="bbox 1916 3435 3528 3515; baseline -0.004 -19"><span class='ocrx_word' id='word_1_823' title='bbox 1916 3445 2102 3515; x_wconf 70' lang='grc' dir='ltr'>ήμέρα</span> <span class='ocrx_word' id='word_1_824' title='bbox 2136 3442 2231 3495; x_wconf 86' lang='grc' dir='ltr'>ἐάν</span> <span class='ocrx_word' id='word_1_825' title='bbox 2264 3458 2347 3504; x_wconf 90' lang='grc' dir='ltr'>τις</span> <span class='ocrx_word' id='word_1_826' title='bbox 2369 3441 2698 3512; x_wconf 75' lang='grc' dir='ltr'>ἐπιχειρήσῃ</span> <span class='ocrx_word' id='word_1_827' title='bbox 2724 3438 3172 3509; x_wconf 87' lang='grc' dir='ltr'>λοιδορήσασθαι,</span> <span class='ocrx_word' id='word_1_828' title='bbox 3196 3435 3528 3507; x_wconf 83' lang='grc' dir='ltr'>δικαστήρια</span> 
     </span>
    </p>
   </div>
   <div class='ocr_carea' id='block_1_106' title="bbox 1917 3519 3528 3596">
    <p class='ocr_par' dir='ltr' id='par_1_106' title="bbox 1917 3519 3528 3596">
     <span class='ocr_line' id='line_1_106' title="bbox 1917 3519 3528 3596; baseline -0.006 -15"><span class='ocrx_word' id='word_1_829' title='bbox 1917 3527 2089 3596; x_wconf 75' lang='grc' dir='ltr'>αὐτῷ,</span> <span class='ocrx_word' id='word_1_830' title='bbox 2148 3526 2242 3579; x_wconf 82' lang='grc' dir='ltr'>καί</span> <span class='ocrx_word' id='word_1_831' title='bbox 2291 3525 2610 3592; x_wconf 69' lang='grc' dir='ltr'>ἀπαγωγαὶ,</span> <span class='ocrx_word' id='word_1_832' title='bbox 2664 3523 2761 3578; x_wconf 81' lang='grc' dir='ltr'>καί</span> <span class='ocrx_word' id='word_1_833' title='bbox 2814 3522 3051 3576; x_wconf 85' lang='grc' dir='ltr'>κίνδυνοι</span> <span class='ocrx_word' id='word_1_834' title='bbox 3085 3537 3098 3550; x_wconf 86' lang='grc'><strong>·</strong></span> <span class='ocrx_word' id='word_1_835' title='bbox 3147 3520 3272 3573; x_wconf 86' lang='grc' dir='ltr'>τότε</span> <span class='ocrx_word' id='word_1_836' title='bbox 3321 3519 3401 3584; x_wconf 84' lang='grc' dir='ltr'>δὲ,</span> <span class='ocrx_word' id='word_1_837' title='bbox 3436 3520 3528 3575; x_wconf 82' lang='grc' dir='ltr'>ὅτε</span> 
     </span>
    </p>
   </div>
   <div class='ocr_carea' id='block_1_107' title="bbox 1920 3601 3529 3682">
    <p class='ocr_par' dir='ltr' id='par_1_107' title="bbox 1920 3601 3529 3682">
     <span class='ocr_line' id='line_1_107' title="bbox 1920 3601 3529 3682; baseline -0.005 -17"><span class='ocrx_word' id='word_1_838' title='bbox 1920 3610 2157 3682; x_wconf 87' lang='grc' dir='ltr'>μάλιστα</span> <span class='ocrx_word' id='word_1_839' title='bbox 2195 3608 2398 3680; x_wconf 81' lang='grc' dir='ltr'>πολλὴν</span> <span class='ocrx_word' id='word_1_840' title='bbox 2440 3607 2607 3679; x_wconf 81' lang='grc' dir='ltr'>ἐχρῆν</span> <span class='ocrx_word' id='word_1_841' title='bbox 2652 3601 2793 3659; x_wconf 74' lang='grc' dir='ltr'>εἶναι</span> <span class='ocrx_word' id='word_1_842' title='bbox 2839 3605 2940 3677; x_wconf 79' lang='grc' dir='ltr'>τὴν</span> <span class='ocrx_word' id='word_1_843' title='bbox 2976 3604 3132 3671; x_wconf 84' lang='grc' dir='ltr'>αἰδὼ,</span> <span class='ocrx_word' id='word_1_844' title='bbox 3178 3604 3382 3677; x_wconf 81' lang='grc' dir='ltr'>πολλὴν</span> <span class='ocrx_word' id='word_1_845' title='bbox 3428 3603 3529 3676; x_wconf 79' lang='grc' dir='ltr'>τὴν</span> 
     </span>
    </p>
   </div>
   <div class='ocr_carea' id='block_1_108' title="bbox 1917 3686 3530 3763">
    <p class='ocr_par' dir='ltr' id='par_1_108' title="bbox 1917 3686 3530 3763">
     <span class='ocr_line' id='line_1_108' title="bbox 1917 3686 3530 3763; baseline -0.002 -17"><span class='ocrx_word' id='word_1_846' title='bbox 1917 3692 2254 3763; x_wconf 89' lang='grc' dir='ltr'>κοσμιότητα</span> <span class='ocrx_word' id='word_1_847' title='bbox 2273 3731 2288 3753; x_wconf 94' lang='grc'>,</span> <span class='ocrx_word' id='word_1_848' title='bbox 2339 3689 2542 3760; x_wconf 78' lang='grc' dir='ltr'>πολλὴν</span> <span class='ocrx_word' id='word_1_849' title='bbox 2579 3689 2680 3759; x_wconf 81' lang='grc' dir='ltr'>τὴν</span> <span class='ocrx_word' id='word_1_850' title='bbox 2712 3688 2936 3751; x_wconf 80' lang='grc' dir='ltr'>ἁγνείαν</span> <span class='ocrx_word' id='word_1_851' title='bbox 2956 3728 2972 3753; x_wconf 96' lang='grc'>,</span> <span class='ocrx_word' id='word_1_852' title='bbox 3007 3686 3281 3758; x_wconf 89' lang='grc' dir='ltr'>τοσαύτης</span> <span class='ocrx_word' id='word_1_853' title='bbox 3310 3686 3530 3743; x_wconf 79' lang='grc' dir='ltr'>ἅπαντα</span> 
     </span>
    </p>
   </div>
   <div class='ocr_carea' id='block_1_109' title="bbox 1919 3769 3529 3847">
    <p class='ocr_par' dir='ltr' id='par_1_109' title="bbox 1919 3769 3529 3847">
     <span class='ocr_line' id='line_1_109' title="bbox 1919 3769 3529 3847; baseline -0.003 -16"><span class='ocrx_word' id='word_1_854' title='bbox 1919 3775 2255 3847; x_wconf 84' lang='grc' dir='ltr'>πληροῦνται</span> <span class='ocrx_word' id='word_1_855' title='bbox 2284 3774 2384 3844; x_wconf 76' lang='grc' dir='ltr'>τῆς</span> <span class='ocrx_word' id='word_1_856' title='bbox 2411 3771 2806 3844; x_wconf 88' lang='grc' dir='ltr'>ἀσχημοσύνης</span> <span class='ocrx_word' id='word_1_857' title='bbox 2870 3772 2947 3836; x_wconf 88' lang='grc' dir='ltr'>ὼς</span> <span class='ocrx_word' id='word_1_858' title='bbox 2988 3771 3138 3835; x_wconf 73' lang='grc' dir='ltr'>εἰκὸς</span> <span class='ocrx_word' id='word_1_859' title='bbox 3162 3772 3255 3826; x_wconf 81' lang='grc' dir='ltr'>τὸν</span> <span class='ocrx_word' id='word_1_860' title='bbox 3282 3769 3529 3826; x_wconf 85' lang='grc' dir='ltr'>διάϐολον</span> 
     </span>
    </p>
   </div>
   <div class='ocr_carea' id='block_1_110' title="bbox 1919 3851 3527 3931">
    <p class='ocr_par' dir='ltr' id='par_1_110' title="bbox 1919 3851 3527 3931">
     <span class='ocr_line' id='line_1_110' title="bbox 1919 3851 3527 3931; baseline -0.001 -19"><span class='ocrx_word' id='word_1_861' title='bbox 1919 3857 2334 3931; x_wconf 84' lang='grc' dir='ltr'>στρατηγοῦντα</span> <span class='ocrx_word' id='word_1_862' title='bbox 2390 3855 2565 3909; x_wconf 90' lang='grc' dir='ltr'>ταῦτα</span> <span class='ocrx_word' id='word_1_863' title='bbox 2619 3856 2839 3909; x_wconf 70' lang='grc' dir='ltr'>ἅπαντα</span> <span class='ocrx_word' id='word_1_864' title='bbox 2889 3854 3320 3908; x_wconf 86' lang='grc' dir='ltr'>ἐπιδείκνυσθαι.</span> <span class='ocrx_word' id='word_1_865' title='bbox 3366 3851 3527 3910; x_wconf 81' lang='grc' dir='ltr'>Ἀλλά</span> 
     </span>
    </p>
   </div>
   <div class='ocr_carea' id='block_1_111' title="bbox 1921 3937 3530 4015">
    <p class='ocr_par' dir='ltr' id='par_1_111' title="bbox 1921 3937 3530 4015">
     <span class='ocr_line' id='line_1_111' title="bbox 1921 3937 3530 4015; baseline -0.004 -19"><span class='ocrx_word' id='word_1_866' title='bbox 1921 3945 1997 4015; x_wconf 84' lang='grc' dir='ltr'>μὴ</span> <span class='ocrx_word' id='word_1_867' title='bbox 2045 3942 2450 4012; x_wconf 78' lang='grc' dir='ltr'>δυσχεραίνετε,</span> <span class='ocrx_word' id='word_1_868' title='bbox 2499 3938 2806 4011; x_wconf 87' lang='grc' dir='ltr'>παρακαλῶ</span> <span class='ocrx_word' id='word_1_869' title='bbox 2841 3956 2855 3970; x_wconf 90' lang='grc'><strong>·</strong></span> <span class='ocrx_word' id='word_1_870' title='bbox 2896 3938 3019 3991; x_wconf 77' lang='grc' dir='ltr'>οὐδὲ</span> <span class='ocrx_word' id='word_1_871' title='bbox 3063 3938 3174 4009; x_wconf 82' lang='grc' dir='ltr'>γὰρ</span> <span class='ocrx_word' id='word_1_872' title='bbox 3212 3937 3403 4001; x_wconf 88' lang='grc' dir='ltr'>ἀπλῶς</span> <span class='ocrx_word' id='word_1_873' title='bbox 3447 3937 3530 4004; x_wconf 86' lang='grc' dir='ltr'>είς</span> 
     </span>
    </p>
   </div>
   <div class='ocr_carea' id='block_1_112' title="bbox 1917 4021 3528 4095">
    <p class='ocr_par' dir='ltr' id='par_1_112' title="bbox 1917 4021 3528 4095">
     <span class='ocr_line' id='line_1_112' title="bbox 1917 4021 3528 4095; baseline -0.001 -14"><span class='ocrx_word' id='word_1_874' title='bbox 1917 4027 2107 4081; x_wconf 89' lang='grc' dir='ltr'>τοῦτον</span> <span class='ocrx_word' id='word_1_875' title='bbox 2154 4024 2349 4095; x_wconf 80' lang='grc' dir='ltr'>ἐξέϐην</span> <span class='ocrx_word' id='word_1_876' title='bbox 2391 4023 2483 4077; x_wconf 84' lang='grc' dir='ltr'>τόν</span> <span class='ocrx_word' id='word_1_877' title='bbox 2527 4024 2707 4093; x_wconf 81' lang='grc' dir='ltr'>λόγον,</span> <span class='ocrx_word' id='word_1_878' title='bbox 2749 4022 2888 4078; x_wconf 60' lang='grc' dir='ltr'>ἀλλά</span> <span class='ocrx_word' id='word_1_879' title='bbox 2919 4023 3220 4093; x_wconf 89' lang='grc' dir='ltr'>κηδόμενος</span> <span class='ocrx_word' id='word_1_880' title='bbox 3244 4021 3399 4093; x_wconf 82' lang='grc' dir='ltr'>ὑμῶν</span> <span class='ocrx_word' id='word_1_881' title='bbox 3434 4023 3528 4079; x_wconf 73' lang='grc' dir='ltr'>καὶ</span> 
     </span>
    </p>
   </div>
   <div class='ocr_carea' id='block_1_113' title="bbox 1918 4104 3529 4181">
    <p class='ocr_par' dir='ltr' id='par_1_113' title="bbox 1918 4104 3529 4181">
     <span class='ocr_line' id='line_1_113' title="bbox 1918 4104 3529 4181; baseline -0.007 -16"><span class='ocrx_word' id='word_1_882' title='bbox 1918 4111 2018 4181; x_wconf 83' lang='grc' dir='ltr'>τῆς</span> <span class='ocrx_word' id='word_1_883' title='bbox 2060 4109 2337 4180; x_wconf 86' lang='grc' dir='ltr'>σωτηρίας</span> <span class='ocrx_word' id='word_1_884' title='bbox 2386 4110 2481 4161; x_wconf 71' lang='grc' dir='ltr'>καὶ</span> <span class='ocrx_word' id='word_1_885' title='bbox 2524 4108 2624 4179; x_wconf 82' lang='grc' dir='ltr'>τῆς</span> <span class='ocrx_word' id='word_1_886' title='bbox 2677 4105 3021 4177; x_wconf 80' lang='grc' dir='ltr'>εὐκοσμίας,</span> <span class='ocrx_word' id='word_1_887' title='bbox 3052 4105 3147 4159; x_wconf 70' lang='grc' dir='ltr'>καὶ</span> <span class='ocrx_word' id='word_1_888' title='bbox 3205 4104 3529 4175; x_wconf 83' lang='grc' dir='ltr'>βουλόμενος</span> 
     </span>
    </p>
   </div>
   <div class='ocr_carea' id='block_1_114' title="bbox 1919 4187 3526 4266">
    <p class='ocr_par' dir='ltr' id='par_1_114' title="bbox 1919 4187 3526 4266">
     <span class='ocr_line' id='line_1_114' title="bbox 1919 4187 3526 4266; baseline -0.005 -18"><span class='ocrx_word' id='word_1_889' title='bbox 1919 4194 2065 4266; x_wconf 76' lang='grc' dir='ltr'>ὑμᾶς</span> <span class='ocrx_word' id='word_1_890' title='bbox 2102 4192 2203 4262; x_wconf 75' lang='grc' dir='ltr'>τὴν</span> <span class='ocrx_word' id='word_1_891' title='bbox 2247 4192 2479 4263; x_wconf 82' lang='grc' dir='ltr'>ἀρίστην</span> <span class='ocrx_word' id='word_1_892' title='bbox 2516 4191 2721 4260; x_wconf 87' lang='grc' dir='ltr'>ταύτην</span> <span class='ocrx_word' id='word_1_893' title='bbox 2765 4188 3068 4261; x_wconf 78' lang='grc' dir='ltr'>μεταϐολήν</span> <span class='ocrx_word' id='word_1_894' title='bbox 3110 4187 3483 4253; x_wconf 69' lang='grc' dir='ltr'>ἐπιδείξασθαι</span> <span class='ocrx_word' id='word_1_895' title='bbox 3508 4224 3526 4252; x_wconf 89' lang='grc'>,</span> 
     </span>
    </p>
   </div>
   <div class='ocr_carea' id='block_1_115' title="bbox 1921 4269 3529 4345">
    <p class='ocr_par' dir='ltr' id='par_1_115' title="bbox 1921 4269 3529 4345">
     <span class='ocr_line' id='line_1_115' title="bbox 1921 4269 3529 4345; baseline -0.012 -13"><span class='ocrx_word' id='word_1_896' title='bbox 1921 4279 2015 4332; x_wconf 74' lang='grc' dir='ltr'>καὶ</span> <span class='ocrx_word' id='word_1_897' title='bbox 2046 4276 2149 4345; x_wconf 79' lang='grc' dir='ltr'>τῆς</span> <span class='ocrx_word' id='word_1_898' title='bbox 2181 4275 2357 4345; x_wconf 82' lang='grc' dir='ltr'>καλῆς</span> <span class='ocrx_word' id='word_1_899' title='bbox 2389 4274 2595 4343; x_wconf 87' lang='grc' dir='ltr'>ταύτης</span> <span class='ocrx_word' id='word_1_900' title='bbox 2624 4272 2911 4343; x_wconf 80' lang='grc' dir='ltr'>συνηθείας</span> <span class='ocrx_word' id='word_1_901' title='bbox 2945 4272 3225 4343; x_wconf 76' lang='grc' dir='ltr'>ἀρχηγονς</span> <span class='ocrx_word' id='word_1_902' title='bbox 3250 4269 3529 4342; x_wconf 78' lang='grc' dir='ltr'>καταστῆ.</span> 
     </span>
    </p>
   </div>
   <div class='ocr_carea' id='block_1_116' title="bbox 1920 4353 3528 4428">
    <p class='ocr_par' dir='ltr' id='par_1_116' title="bbox 1920 4353 3528 4428">
     <span class='ocr_line' id='line_1_116' title="bbox 1920 4353 3528 4428; baseline -0.004 -15"><span class='ocrx_word' id='word_1_903' title='bbox 1920 4377 2025 4414; x_wconf 92' lang='grc' dir='ltr'>ναι.</span> <span class='ocrx_word' id='word_1_904' title='bbox 2064 4358 2190 4412; x_wconf 80' lang='grc' dir='ltr'>Ἐάν</span> <span class='ocrx_word' id='word_1_905' title='bbox 2219 4359 2326 4428; x_wconf 82' lang='grc' dir='ltr'>γάρ</span> <span class='ocrx_word' id='word_1_906' title='bbox 2355 4357 2516 4427; x_wconf 93' lang='grc' dir='ltr'>μόνον</span> <span class='ocrx_word' id='word_1_907' title='bbox 2548 4355 2694 4427; x_wconf 80' lang='grc' dir='ltr'>ἀρχή</span> <span class='ocrx_word' id='word_1_908' title='bbox 2739 4356 2835 4408; x_wconf 67' lang='grc' dir='ltr'>καὶ¹</span> <span class='ocrx_word' id='word_1_909' title='bbox 2866 4355 2989 4418; x_wconf 78' lang='grc' dir='ltr'>ὁδὸς</span> <span class='ocrx_word' id='word_1_910' title='bbox 3011 4354 3240 4423; x_wconf 84' lang='grc' dir='ltr'>γένηται</span> <span class='ocrx_word' id='word_1_911' title='bbox 3270 4354 3365 4407; x_wconf 90' lang='grc' dir='ltr'>τοῦ</span> <span class='ocrx_word' id='word_1_912' title='bbox 3388 4353 3528 4425; x_wconf 84' lang='grc' dir='ltr'>πρά-</span> 
     </span>
    </p>
   </div>
   <div class='ocr_carea' id='block_1_117' title="bbox 1919 4434 3527 4514">
    <p class='ocr_par' dir='ltr' id='par_1_117' title="bbox 1919 4434 3527 4514">
     <span class='ocr_line' id='line_1_117' title="bbox 1919 4434 3527 4514; baseline -0.004 -17"><span class='ocrx_word' id='word_1_913' title='bbox 1919 4458 2153 4514; x_wconf 90' lang='grc' dir='ltr'>γματος,</span> <span class='ocrx_word' id='word_1_914' title='bbox 2187 4442 2331 4495; x_wconf 87' lang='grc' dir='ltr'>κατά</span> <span class='ocrx_word' id='word_1_915' title='bbox 2367 4439 2563 4511; x_wconf 72' lang='grc' dir='ltr'>μικρὸν</span> <span class='ocrx_word' id='word_1_916' title='bbox 2591 4434 2673 4503; x_wconf 79' lang='grc' dir='ltr'>είς</span> <span class='ocrx_word' id='word_1_917' title='bbox 2699 4437 2792 4490; x_wconf 71' lang='grc' dir='ltr'>τὸν</span> <span class='ocrx_word' id='word_1_918' title='bbox 2817 4437 2914 4491; x_wconf 86' lang='grc' dir='ltr'>ἐνα</span> <span class='ocrx_word' id='word_1_919' title='bbox 2936 4436 3227 4508; x_wconf 78' lang='grc' dir='ltr'>ζηλοῦντες</span> <span class='ocrx_word' id='word_1_920' title='bbox 3251 4436 3343 4491; x_wconf 81' lang='grc' dir='ltr'>τὸν</span> <span class='ocrx_word' id='word_1_921' title='bbox 3363 4436 3527 4491; x_wconf 79' lang='grc' dir='ltr'>καλὸν</span> 
     </span>
    </p>
   </div>
   <div class='ocr_carea' id='block_1_118' title="bbox 1919 4520 3525 4591">
    <p class='ocr_par' dir='ltr' id='par_1_118' title="bbox 1919 4520 3525 4591">
     <span class='ocr_line' id='line_1_118' title="bbox 1919 4520 3525 4591; baseline -0.004 -11"><span class='ocrx_word' id='word_1_922' title='bbox 1919 4525 2109 4581; x_wconf 92' lang='grc' dir='ltr'>τοῦτον</span> <span class='ocrx_word' id='word_1_923' title='bbox 2147 4524 2241 4578; x_wconf 75' lang='lat' dir='ltr'><strong><em>xal</em></strong></span> <span class='ocrx_word' id='word_1_924' title='bbox 2271 4523 2556 4577; x_wconf 78' lang='grc' dir='ltr'>ἐπαινετὸν</span> <span class='ocrx_word' id='word_1_925' title='bbox 2583 4521 2769 4591; x_wconf 82' lang='grc' dir='ltr'>ζῆλον,</span> <span class='ocrx_word' id='word_1_926' title='bbox 2798 4522 3008 4585; x_wconf 84' lang='grc' dir='ltr'>πάντας</span> <span class='ocrx_word' id='word_1_927' title='bbox 3032 4520 3321 4585; x_wconf 88' lang='grc' dir='ltr'>ἐπαινέτας</span> <span class='ocrx_word' id='word_1_928' title='bbox 3351 4521 3525 4586; x_wconf 73' lang='grc' dir='ltr'>ἕξετε,</span> 
     </span>
    </p>
   </div>
   <div class='ocr_carea' id='block_1_119' title="bbox 1922 4603 3527 4677">
    <p class='ocr_par' dir='ltr' id='par_1_119' title="bbox 1922 4603 3527 4677">
     <span class='ocr_line' id='line_1_119' title="bbox 1922 4603 3527 4677; baseline -0.004 -15"><span class='ocrx_word' id='word_1_929' title='bbox 1922 4608 2019 4663; x_wconf 78' lang='grc' dir='ltr'>καὶ</span> <span class='ocrx_word' id='word_1_930' title='bbox 2040 4608 2100 4662; x_wconf 81' lang='grc' dir='ltr'>οὐ</span> <span class='ocrx_word' id='word_1_931' title='bbox 2144 4606 2305 4677; x_wconf 89' lang='grc' dir='ltr'>μόνον</span> <span class='ocrx_word' id='word_1_932' title='bbox 2339 4609 2389 4660; x_wconf 84' lang='grc' dir='ltr'>οἰ</span> <span class='ocrx_word' id='word_1_933' title='bbox 2429 4606 2531 4675; x_wconf 78' lang='grc' dir='ltr'>τὴν</span> <span class='ocrx_word' id='word_1_934' title='bbox 2562 4604 2719 4657; x_wconf 88' lang='grc' dir='ltr'>πόλιν</span> <span class='ocrx_word' id='word_1_935' title='bbox 2747 4604 3027 4667; x_wconf 86' lang='grc' dir='ltr'>οἰκοῦντες</span> <span class='ocrx_word' id='word_1_936' title='bbox 3053 4605 3388 4675; x_wconf 84' lang='grc' dir='ltr'>μιμήσονται</span> <span class='ocrx_word' id='word_1_937' title='bbox 3428 4603 3527 4676; x_wconf 79' lang='grc' dir='ltr'>τὴν</span> 
     </span>
    </p>
   </div>
   <div class='ocr_carea' id='block_1_120' title="bbox 1922 4686 3527 4761">
    <p class='ocr_par' dir='ltr' id='par_1_120' title="bbox 1922 4686 3527 4761">
     <span class='ocr_line' id='line_1_120' title="bbox 1922 4686 3527 4761; baseline -0.002 -16"><span class='ocrx_word' id='word_1_938' title='bbox 1922 4690 2220 4761; x_wconf 89' lang='grc' dir='ltr'>καλλίστην</span> <span class='ocrx_word' id='word_1_939' title='bbox 2256 4688 2462 4760; x_wconf 90' lang='grc' dir='ltr'>ταύτην</span> <span class='ocrx_word' id='word_1_940' title='bbox 2491 4687 2797 4759; x_wconf 79' lang='grc' dir='ltr'>μεταϐολὴν</span> <span class='ocrx_word' id='word_1_941' title='bbox 2820 4726 2836 4753; x_wconf 91' lang='grc'>,</span> <span class='ocrx_word' id='word_1_942' title='bbox 2865 4686 3003 4741; x_wconf 89' lang='grc' dir='ltr'>ἀλλά</span> <span class='ocrx_word' id='word_1_943' title='bbox 3032 4688 3124 4741; x_wconf 78' lang='grc' dir='ltr'>καὶ</span> <span class='ocrx_word' id='word_1_944' title='bbox 3155 4687 3278 4751; x_wconf 78' lang='grc' dir='ltr'>τοὺς</span> <span class='ocrx_word' id='word_1_945' title='bbox 3307 4686 3527 4760; x_wconf 76' lang='grc' dir='ltr'>πόρρω·-</span> 
     </span>
    </p>
   </div>
   <div class='ocr_carea' id='block_1_121' title="bbox 1922 4770 3529 4842">
    <p class='ocr_par' dir='ltr' id='par_1_121' title="bbox 1922 4770 3529 4842">
     <span class='ocr_line' id='line_1_121' title="bbox 1922 4770 3529 4842; baseline -0.004 -13"><span class='ocrx_word' id='word_1_946' title='bbox 1922 4774 2014 4829; x_wconf 87' lang='grc' dir='ltr'>θεν</span> <span class='ocrx_word' id='word_1_947' title='bbox 2046 4772 2328 4837; x_wconf 87' lang='grc' dir='ltr'>οἰκοῦντας</span> <span class='ocrx_word' id='word_1_948' title='bbox 2353 4770 2757 4836; x_wconf 87' lang='grc' dir='ltr'>ἐπισπάσεσθε,</span> <span class='ocrx_word' id='word_1_949' title='bbox 2801 4771 2896 4825; x_wconf 78' lang='grc' dir='ltr'>καὶ</span> <span class='ocrx_word' id='word_1_950' title='bbox 2939 4770 3188 4841; x_wconf 87' lang='grc' dir='ltr'>ζηλωτάς</span> <span class='ocrx_word' id='word_1_951' title='bbox 3226 4771 3529 4842; x_wconf 80' lang='grc' dir='ltr'>ὑμετέρους</span> 
     </span>
    </p>
   </div>
   <div class='ocr_carea' id='block_1_122' title="bbox 1922 4853 3526 4926">
    <p class='ocr_par' dir='ltr' id='par_1_122' title="bbox 1922 4853 3526 4926">
     <span class='ocr_line' id='line_1_122' title="bbox 1922 4853 3526 4926; baseline -0.004 -14"><span class='ocrx_word' id='word_1_952' title='bbox 1922 4858 2326 4926; x_wconf 87' lang='grc' dir='ltr'>καταστήσετε,</span> <span class='ocrx_word' id='word_1_953' title='bbox 2372 4855 2467 4909; x_wconf 77' lang='grc' dir='ltr'>καὶ</span> <span class='ocrx_word' id='word_1_954' title='bbox 2502 4854 2905 4909; x_wconf 88' lang='grc' dir='ltr'>πολυπλασίονα</span> <span class='ocrx_word' id='word_1_955' title='bbox 2946 4855 3039 4909; x_wconf 83' lang='grc' dir='ltr'>τὸν</span> <span class='ocrx_word' id='word_1_956' title='bbox 3072 4855 3227 4925; x_wconf 87' lang='grc' dir='ltr'>παρά</span> <span class='ocrx_word' id='word_1_957' title='bbox 3257 4854 3350 4908; x_wconf 87' lang='grc' dir='ltr'>τοῦ</span> <span class='ocrx_word' id='word_1_958' title='bbox 3389 4853 3526 4908; x_wconf 84' lang='grc' dir='ltr'>Θεοῦ</span> 
     </span>
    </p>
   </div>
   <div class='ocr_carea' id='block_1_123' title="bbox 1922 4936 3527 5012">
    <p class='ocr_par' dir='ltr' id='par_1_123' title="bbox 1922 4936 3527 5012">
     <span class='ocr_line' id='line_1_123' title="bbox 1922 4936 3527 5012; baseline -0.004 -17"><span class='ocrx_word' id='word_1_959' title='bbox 1922 4941 2204 5012; x_wconf 87' lang='grc' dir='ltr'>κομιεῖσθε</span> <span class='ocrx_word' id='word_1_960' title='bbox 2241 4939 2539 5007; x_wconf 86' lang='grc' dir='ltr'>στέφανον,</span> <span class='ocrx_word' id='word_1_961' title='bbox 2567 4939 2651 4991; x_wconf 86' lang='grc' dir='ltr'>ὅτι</span> <span class='ocrx_word' id='word_1_962' title='bbox 2679 4938 2769 4991; x_wconf 73' lang='grc' dir='ltr'>διά</span> <span class='ocrx_word' id='word_1_963' title='bbox 2804 4938 2895 4991; x_wconf 75' lang='grc' dir='ltr'>τὸν</span> <span class='ocrx_word' id='word_1_964' title='bbox 2930 4939 3026 4991; x_wconf 89' lang='grc' dir='ltr'>τοῦ</span> <span class='ocrx_word' id='word_1_965' title='bbox 3069 4937 3206 4991; x_wconf 89' lang='grc' dir='ltr'>Θεοῦ</span> <span class='ocrx_word' id='word_1_966' title='bbox 3241 4937 3406 5007; x_wconf 87' lang='grc' dir='ltr'>φόϐον</span> <span class='ocrx_word' id='word_1_967' title='bbox 3430 4936 3527 4990; x_wconf 73' lang='grc' dir='ltr'>καὶ</span> 
     </span>
    </p>
   </div>
   <div class='ocr_carea' id='block_1_124' title="bbox 1922 5020 3529 5094">
    <p class='ocr_par' dir='ltr' id='par_1_124' title="bbox 1922 5020 3529 5094">
     <span class='ocr_line' id='line_1_124' title="bbox 1922 5020 3529 5094; baseline -0.002 -18"><span class='ocrx_word' id='word_1_968' title='bbox 1922 5024 2020 5094; x_wconf 83' lang='grc' dir='ltr'>τὴν</span> <span class='ocrx_word' id='word_1_969' title='bbox 2051 5025 2181 5093; x_wconf 81' lang='grc' dir='ltr'>παρ’</span> <span class='ocrx_word' id='word_1_970' title='bbox 2214 5020 2381 5074; x_wconf 82' lang='grc' dir='ltr'>αὑτοῦ</span> <span class='ocrx_word' id='word_1_971' title='bbox 2416 5020 2656 5092; x_wconf 78' lang='grc' dir='ltr'>ἐντολὴν,</span> <span class='ocrx_word' id='word_1_972' title='bbox 2687 5022 2787 5091; x_wconf 81' lang='grc' dir='ltr'>τῆς</span> <span class='ocrx_word' id='word_1_973' title='bbox 2814 5023 3111 5092; x_wconf 78' lang='grc' dir='ltr'>σατανικῆς</span> <span class='ocrx_word' id='word_1_974' title='bbox 3142 5020 3345 5091; x_wconf 89' lang='grc' dir='ltr'>ταύτης</span> <span class='ocrx_word' id='word_1_975' title='bbox 3372 5037 3529 5091; x_wconf 86' lang='grc' dir='ltr'>περι-</span> 
     </span>
    </p>
   </div>
   <div class='ocr_carea' id='block_1_125' title="bbox 1922 5104 3530 5177">
    <p class='ocr_par' dir='ltr' id='par_1_125' title="bbox 1922 5104 3530 5177">
     <span class='ocr_line' id='line_1_125' title="bbox 1922 5104 3530 5177; baseline -0.002 -17"><span class='ocrx_word' id='word_1_976' title='bbox 1922 5108 2185 5177; x_wconf 87' lang='grc' dir='ltr'>γεγόνατε</span> <span class='ocrx_word' id='word_1_977' title='bbox 2238 5104 2548 5174; x_wconf 86' lang='grc' dir='ltr'>συνηθείας.</span> <span class='ocrx_word' id='word_1_978' title='bbox 2620 5105 2760 5157; x_wconf 77' lang='grc' dir='ltr'>Ἀλλ’</span> <span class='ocrx_word' id='word_1_979' title='bbox 2813 5107 2896 5159; x_wconf 80' lang='grc' dir='ltr'>ὅτι</span> <span class='ocrx_word' id='word_1_980' title='bbox 2950 5106 3049 5175; x_wconf 79' lang='grc' dir='ltr'>μὲν</span> <span class='ocrx_word' id='word_1_981' title='bbox 3110 5104 3327 5169; x_wconf 82' lang='grc' dir='ltr'>δέξεσθε</span> <span class='ocrx_word' id='word_1_982' title='bbox 3388 5104 3530 5173; x_wconf 82' lang='grc' dir='ltr'>μετά</span> 
     </span>
    </p>
   </div>
   <div class='ocr_carea' id='block_1_126' title="bbox 1924 5187 3526 5262">
    <p class='ocr_par' dir='ltr' id='par_1_126' title="bbox 1924 5187 3526 5262">
     <span class='ocr_line' id='line_1_126' title="bbox 1924 5187 3526 5262; baseline -0.003 -16"><span class='ocrx_word' id='word_1_983' title='bbox 1924 5190 2234 5262; x_wconf 83' lang='grc' dir='ltr'>προθυμίας</span> <span class='ocrx_word' id='word_1_984' title='bbox 2263 5189 2469 5257; x_wconf 85' lang='grc' dir='ltr'>ταύτην</span> <span class='ocrx_word' id='word_1_985' title='bbox 2497 5187 2655 5261; x_wconf 74' lang='grc' dir='ltr'>ἡμῶν</span> <span class='ocrx_word' id='word_1_986' title='bbox 2676 5188 2775 5259; x_wconf 82' lang='grc' dir='ltr'>τὴν</span> <span class='ocrx_word' id='word_1_987' title='bbox 2795 5188 3128 5260; x_wconf 74' lang='grc' dir='ltr'>συμϐουλὴν,</span> <span class='ocrx_word' id='word_1_988' title='bbox 3148 5189 3241 5242; x_wconf 72' lang='grc' dir='ltr'>καὶ</span> <span class='ocrx_word' id='word_1_989' title='bbox 3265 5191 3343 5249; x_wconf 81' lang='grc' dir='ltr'>εἰς</span> <span class='ocrx_word' id='word_1_990' title='bbox 3366 5190 3526 5259; x_wconf 78' lang='grc' dir='ltr'>ἔργον</span> 
     </span>
    </p>
   </div>
   <div class='ocr_carea' id='block_1_127' title="bbox 1922 5272 3527 5344">
    <p class='ocr_par' dir='ltr' id='par_1_127' title="bbox 1922 5272 3527 5344">
     <span class='ocr_line' id='line_1_127' title="bbox 1922 5272 3527 5344; baseline -0.001 -17"><span class='ocrx_word' id='word_1_991' title='bbox 1922 5274 2093 5344; x_wconf 77' lang='grc' dir='ltr'>αὐτὴν</span> <span class='ocrx_word' id='word_1_992' title='bbox 2127 5273 2315 5339; x_wconf 76' lang='grc' dir='ltr'>ἄξετε,</span> <span class='ocrx_word' id='word_1_993' title='bbox 2358 5273 2563 5342; x_wconf 80' lang='grc' dir='ltr'>σφόδρα</span> <span class='ocrx_word' id='word_1_994' title='bbox 2599 5272 2923 5341; x_wconf 87' lang='grc' dir='ltr'>πέπεισμαι.</span> <span class='ocrx_word' id='word_1_995' title='bbox 2991 5272 3164 5340; x_wconf 82' lang='grc' dir='ltr'>Ὁρῶν</span> <span class='ocrx_word' id='word_1_996' title='bbox 3213 5272 3323 5343; x_wconf 83' lang='lat'>7&amp;9</span> <span class='ocrx_word' id='word_1_997' title='bbox 3382 5273 3527 5342; x_wconf 76' lang='grc' dir='ltr'>ὑμᾶς</span> 
     </span>
    </p>
   </div>
   <div class='ocr_carea' id='block_1_128' title="bbox 1928 5353 3529 5428">
    <p class='ocr_par' dir='ltr' id='par_1_128' title="bbox 1928 5353 3529 5428">
     <span class='ocr_line' id='line_1_128' title="bbox 1928 5353 3529 5428; baseline -0.001 -17"><span class='ocrx_word' id='word_1_998' title='bbox 1928 5358 2068 5428; x_wconf 85' lang='grc' dir='ltr'>μετά</span> <span class='ocrx_word' id='word_1_999' title='bbox 2096 5357 2365 5427; x_wconf 86' lang='grc' dir='ltr'>τοσαύτης</span> <span class='ocrx_word' id='word_1_1000' title='bbox 2392 5357 2585 5427; x_wconf 75' lang='grc' dir='ltr'>ἡδονῆς</span> <span class='ocrx_word' id='word_1_1001' title='bbox 2613 5353 2912 5419; x_wconf 83' lang='grc' dir='ltr'>ἀκούοντας</span> <span class='ocrx_word' id='word_1_1002' title='bbox 2934 5353 3043 5408; x_wconf 88' lang='grc' dir='ltr'>τῶν</span> <span class='ocrx_word' id='word_1_1003' title='bbox 3066 5355 3395 5425; x_wconf 82' lang='grc' dir='ltr'>λεγομένων,</span> <span class='ocrx_word' id='word_1_1004' title='bbox 3419 5356 3529 5409; x_wconf 75' lang='grc' dir='ltr'>ἀπὸ</span> 
     </span>
    </p>
   </div>
   <div class='ocr_carea' id='block_1_129' title="bbox 1922 5436 3526 5511">
    <p class='ocr_par' dir='ltr' id='par_1_129' title="bbox 1922 5436 3526 5511">
     <span class='ocr_line' id='line_1_129' title="bbox 1922 5436 3526 5511; baseline -0.002 -18"><span class='ocrx_word' id='word_1_1005' title='bbox 1922 5440 2018 5494; x_wconf 89' lang='grc' dir='ltr'>τοῦ</span> <span class='ocrx_word' id='word_1_1006' title='bbox 2053 5440 2248 5511; x_wconf 83' lang='grc' dir='ltr'>κρότου</span> <span class='ocrx_word' id='word_1_1007' title='bbox 2284 5438 2378 5492; x_wconf 77' lang='grc' dir='ltr'>καὶ</span> <span class='ocrx_word' id='word_1_1008' title='bbox 2405 5438 2514 5491; x_wconf 83' lang='grc' dir='ltr'>τῶν</span> <span class='ocrx_word' id='word_1_1009' title='bbox 2539 5436 2778 5490; x_wconf 87' lang='grc' dir='ltr'>ἐπαίνων</span> <span class='ocrx_word' id='word_1_1010' title='bbox 2805 5437 3161 5508; x_wconf 84' lang='grc' dir='ltr'>στοχάζομαι,</span> <span class='ocrx_word' id='word_1_1011' title='bbox 3183 5439 3265 5491; x_wconf 85' lang='grc' dir='ltr'>ὅτι</span> <span class='ocrx_word' id='word_1_1012' title='bbox 3282 5439 3373 5490; x_wconf 70' lang='grc' dir='ltr'>καὶ</span> <span class='ocrx_word' id='word_1_1013' title='bbox 3391 5438 3526 5510; x_wconf 73' lang='grc' dir='ltr'>πρὸς</span> 
     </span>
    </p>
   </div>
   <div class='ocr_carea' id='block_1_130' title="bbox 1923 5522 3529 5597">
    <p class='ocr_par' dir='ltr' id='par_1_130' title="bbox 1923 5522 3529 5597">
     <span class='ocr_line' id='line_1_130' title="bbox 1923 5522 3529 5597; baseline -0.002 -20"><span class='ocrx_word' id='word_1_1014' title='bbox 1923 5525 2021 5597; x_wconf 77' lang='grc' dir='ltr'>τὴν</span> <span class='ocrx_word' id='word_1_1015' title='bbox 2064 5524 2154 5578; x_wconf 74' lang='grc' dir='ltr'>διὰ</span> <span class='ocrx_word' id='word_1_1016' title='bbox 2190 5523 2299 5576; x_wconf 83' lang='grc' dir='ltr'>τῶν</span> <span class='ocrx_word' id='word_1_1017' title='bbox 2346 5522 2533 5593; x_wconf 81' lang='grc' dir='ltr'>ἔργων’</span> <span class='ocrx_word' id='word_1_1018' title='bbox 2568 5522 2908 5593; x_wconf 88' lang='grc' dir='ltr'>κατόρθωσιν</span> <span class='ocrx_word' id='word_1_1019' title='bbox 2962 5522 3377 5593; x_wconf 86' lang='grc' dir='ltr'>ἐπειχθήσεσθε.</span> <span class='ocrx_word' id='word_1_1020' title='bbox 3438 5522 3529 5575; x_wconf 84' lang='grc' dir='ltr'>Διὸ</span> 
     </span>
    </p>
   </div>
   <div class='ocr_carea' id='block_1_131' title="bbox 1924 5603 3529 5679">
    <p class='ocr_par' dir='ltr' id='par_1_131' title="bbox 1924 5603 3529 5679">
     <span class='ocr_line' id='line_1_131' title="bbox 1924 5603 3529 5679; baseline -0.002 -17"><span class='ocrx_word' id='word_1_1021' title='bbox 1924 5608 2215 5679; x_wconf 70' lang='grc' dir='ltr'>ἀρκεσθεὶς</span> <span class='ocrx_word' id='word_1_1022' title='bbox 2249 5608 2359 5669; x_wconf 80' lang='grc' dir='ltr'>τοῖς</span> <span class='ocrx_word' id='word_1_1023' title='bbox 2389 5604 2703 5677; x_wconf 82' lang='grc' dir='ltr'>εἰρημένοις</span> <span class='ocrx_word' id='word_1_1024' title='bbox 2724 5604 2819 5658; x_wconf 74' lang='grc' dir='ltr'>ἐπὶ</span> <span class='ocrx_word' id='word_1_1025' title='bbox 2842 5603 2942 5675; x_wconf 80' lang='grc' dir='ltr'>τὴν</span> <span class='ocrx_word' id='word_1_1026' title='bbox 2969 5605 3297 5661; x_wconf 88' lang='grc' dir='ltr'>ἀκολουθίαν</span> <span class='ocrx_word' id='word_1_1027' title='bbox 3322 5606 3417 5660; x_wconf 91' lang='grc' dir='ltr'>τοῦ</span> <span class='ocrx_word' id='word_1_1028' title='bbox 3439 5606 3529 5659; x_wconf 87' lang='grc' dir='ltr'>λό-</span> 
     </span>
    </p>
   </div>
   <div class='ocr_carea' id='block_1_132' title="bbox 1925 5687 3527 5760">
    <p class='ocr_par' dir='ltr' id='par_1_132' title="bbox 1925 5687 3527 5760">
     <span class='ocr_line' id='line_1_132' title="bbox 1925 5687 3527 5760; baseline 0 -17"><span class='ocrx_word' id='word_1_1029' title='bbox 1925 5708 2025 5758; x_wconf 90' lang='grc' dir='ltr'>γου</span> <span class='ocrx_word' id='word_1_1030' title='bbox 2073 5688 2351 5760; x_wconf 79' lang='grc' dir='ltr'>ἐπανήξω.</span> <span class='ocrx_word' id='word_1_1031' title='bbox 2407 5689 2521 5741; x_wconf 80' lang='grc' dir='ltr'>Καὶ</span> <span class='ocrx_word' id='word_1_1032' title='bbox 2568 5687 2841 5755; x_wconf 77' lang='grc' dir='ltr'>ἐγένετο,</span> <span class='ocrx_word' id='word_1_1033' title='bbox 2896 5689 3096 5759; x_wconf 71' lang='grc' dir='ltr'>φησὶν,</span> <span class='ocrx_word' id='word_1_1034' title='bbox 3129 5689 3394 5757; x_wconf 72' lang='grc' dir='ltr'>ἑσπέρα,</span> <span class='ocrx_word' id='word_1_1035' title='bbox 3429 5689 3527 5743; x_wconf 78' lang='grc' dir='ltr'>καί</span> 
     </span>
    </p>
   </div>
   <div class='ocr_carea' id='block_1_133' title="bbox 1924 5770 3530 5842">
    <p class='ocr_par' dir='ltr' id='par_1_133' title="bbox 1924 5770 3530 5842">
     <span class='ocr_line' id='line_1_133' title="bbox 1924 5770 3530 5842; baseline -0.001 -13"><span class='ocrx_word' id='word_1_1036' title='bbox 1924 5776 2104 5829; x_wconf 72' lang='grc' dir='ltr'>ἔλαϐε</span> <span class='ocrx_word' id='word_1_1037' title='bbox 2133 5773 2336 5828; x_wconf 80' lang='grc' dir='ltr'>Λάϐαν</span> <span class='ocrx_word' id='word_1_1038' title='bbox 2370 5770 2488 5839; x_wconf 77' lang='grc' dir='ltr'>τὴν</span> <span class='ocrx_word' id='word_1_1039' title='bbox 2516 5772 2701 5826; x_wconf 79' lang='grc' dir='ltr'>Λείαν</span> <span class='ocrx_word' id='word_1_1040' title='bbox 2722 5770 2837 5840; x_wconf 71' lang='grc' dir='ltr'>τὴν</span> <span class='ocrx_word' id='word_1_1041' title='bbox 2864 5772 3162 5842; x_wconf 66' lang='grc' dir='ltr'>θυγατέρα</span> <span class='ocrx_word' id='word_1_1042' title='bbox 3190 5772 3400 5840; x_wconf 76' lang='grc' dir='ltr'>αὑτοῦ,</span> <span class='ocrx_word' id='word_1_1043' title='bbox 3429 5772 3530 5828; x_wconf 76' lang='grc' dir='ltr'>καί</span> 
     </span>
    </p>
   </div>
   <div class='ocr_carea' id='block_1_134' title="bbox 1932 5854 3130 5928">
    <p class='ocr_par' dir='ltr' id='par_1_134' title="bbox 1932 5854 3130 5928">
     <span class='ocr_line' id='line_1_134' title="bbox 1932 5854 3130 5928; baseline -0.002 -16"><span class='ocrx_word' id='word_1_1044' title='bbox 1932 5856 2251 5928; x_wconf 64' lang='grc' dir='ltr'>εἰσήγαγεν</span> <span class='ocrx_word' id='word_1_1045' title='bbox 2301 5854 2498 5921; x_wconf 69' lang='grc' dir='ltr'>αὐτὴν</span> <span class='ocrx_word' id='word_1_1046' title='bbox 2548 5854 2699 5923; x_wconf 81' lang='grc' dir='ltr'>πρὸς</span> <span class='ocrx_word' id='word_1_1047' title='bbox 2745 5855 2852 5909; x_wconf 71' lang='grc' dir='ltr'>τὸν</span> <span class='ocrx_word' id='word_1_1048' title='bbox 2905 5856 3130 5911; x_wconf 74' lang='grc' dir='ltr'>Ἰακώϐ.</span> 
     </span>
    </p>
   </div>
   <div class='ocr_carea' id='block_1_135' title="bbox 2001 5938 3527 6011">
    <p class='ocr_par' dir='ltr' id='par_1_135' title="bbox 2001 5938 3527 6011">
     <span class='ocr_line' id='line_1_135' title="bbox 2001 5938 3527 6011; baseline 0.001 -16"><span class='ocrx_word' id='word_1_1049' title='bbox 2001 5942 2092 6011; x_wconf 77' lang='grc' dir='ltr'>Μὴ</span> <span class='ocrx_word' id='word_1_1050' title='bbox 2128 5939 2309 6002; x_wconf 80' lang='grc' dir='ltr'>ἁπλῶς</span> <span class='ocrx_word' id='word_1_1051' title='bbox 2357 5940 2493 6010; x_wconf 75' lang='grc' dir='ltr'>μηδὲ</span> <span class='ocrx_word' id='word_1_1052' title='bbox 2526 5938 2686 5992; x_wconf 88' lang='grc' dir='ltr'>τοῦτο</span> <span class='ocrx_word' id='word_1_1053' title='bbox 2732 5939 3213 6011; x_wconf 78' lang='grc' dir='ltr'>παραὸράμωμεν·</span> <span class='ocrx_word' id='word_1_1054' title='bbox 3260 5942 3375 5996; x_wconf 74' lang='grc' dir='ltr'>ἔστι</span> <span class='ocrx_word' id='word_1_1055' title='bbox 3423 5942 3527 6010; x_wconf 68' lang='grc' dir='ltr'>γὰρ</span> 
     </span>
    </p>
   </div>
   <div class='ocr_carea' id='block_1_136' title="bbox 1933 6021 3527 6091">
    <p class='ocr_par' dir='ltr' id='par_1_136' title="bbox 1933 6021 3527 6091">
     <span class='ocr_line' id='line_1_136' title="bbox 1933 6021 3527 6091; baseline 0.001 -14"><span class='ocrx_word' id='word_1_1056' title='bbox 1933 6022 2024 6077; x_wconf 69' lang='grc' dir='ltr'>καὶ</span> <span class='ocrx_word' id='word_1_1057' title='bbox 2056 6023 2119 6077; x_wconf 74' lang='grc' dir='ltr'>ὲκ</span> <span class='ocrx_word' id='word_1_1058' title='bbox 2148 6022 2335 6079; x_wconf 73' lang='grc' dir='ltr'>τούτου</span> <span class='ocrx_word' id='word_1_1059' title='bbox 2390 6021 2558 6077; x_wconf 73' lang='grc' dir='ltr'>πολλὰ</span> <span class='ocrx_word' id='word_1_1060' title='bbox 2602 6022 2849 6076; x_wconf 67' lang='grc' dir='ltr'>συνιδεῖν·</span> <span class='ocrx_word' id='word_1_1061' title='bbox 2975 6023 3071 6091; x_wconf 74' lang='grc' dir='ltr'>μὲν</span> <span class='ocrx_word' id='word_1_1062' title='bbox 3110 6022 3198 6078; x_wconf 72' lang='grc' dir='ltr'>τοῦ</span> <span class='ocrx_word' id='word_1_1063' title='bbox 3246 6024 3438 6079; x_wconf 74' lang='grc' dir='ltr'>Ἰακὼϐ</span> <span class='ocrx_word' id='word_1_1064' title='bbox 3467 6023 3527 6079; x_wconf 72' lang='grc' dir='ltr'>τὸ</span> 
     </span>
    </p>
   </div>
  </div>
