4086 6416
233 447 334 503 539

230 561 490 630 deceptus
529 558 599 613 sit
626 577 640 614 :
670 557 988 624 secundum,
1020 555 1166 628 quod
1196 564 1340 610 tanta
1365 553 1623 610 facilitate
1650 547 1832 605 omnia

234 651 266 703 tl
287 660 385 716 int,
414 659 469 704 et
489 664 749 720 nusquam
780 649 1075 718 lampades,
1107 649 1338 712 choreae,
1371 646 1620 715 facesque
1646 651 1842 713 pra-ter

233 755 362 794 usus
403 741 818 796 necessitatem:
849 741 916 794 ita
961 750 1018 794 ιιι
1059 749 1115 794 et
1152 738 1397 808 deceptio
1437 737 1618 791 Laban
1651 734 1833 788 locum

238 833 505 887 habuerit.
550 834 848 887 Possumus
894 841 1074 888 autem
1117 841 1172 886 et
1201 831 1287 885 hic
1322 829 1521 895 videre,
1568 823 1842 897 quomodo

239 924 420 980 Laban
469 938 660 994 magna
706 922 990 978 aﬂectione
1028 923 1276 979 dilexerit
1314 921 1499 977 Jacob.
1548 918 1660 973 lloc
1697 916 1845 971 enim

235 1025 576 1070 commentus
617 1025 718 1081 est,
749 1025 808 1071 nt
831 1017 1032 1071 diutius
1078 1015 1217 1087 apud
1248 1030 1306 1071 se
1329 1015 1536 1086 justum
1565 1012 1841 1066 retineret.

226 1107 446 1161 Sciebat
468 1107 684 1176 quidem
711 1107 855 1178 quod
892 1108 1114 1163 alterius
1144 1123 1330 1163 amore
1370 1105 1644 1176 ﬂagraret,
1677 1113 1842 1172 atque

231 1201 278 1252 si
307 1199 417 1252 voti
455 1214 678 1268 compos
707 1199 879 1266 fieret,
912 1215 1019 1254 non
1041 1200 1263 1271 eligeret
1285 1197 1507 1269 posthac
1528 1195 1845 1251 servitutem

243 1300 466 1360 propter
496 1291 647 1346 Liam
675 1293 967 1355 sustinere,
1003 1307 1102 1347 nec
1129 1291 1288 1347 vellet
1313 1305 1437 1345 cum
1464 1305 1530 1343 eo
1557 1288 1800 1342 habitare
1827 1301 1842 1338 :

234 1392 292 1436 ct
320 1394 602 1453 propterea
641 1381 763 1452 quia
798 1382 927 1436 vidit
957 1381 1139 1435 Laban
1171 1382 1426 1435 virtutem
1454 1380 1576 1446 viri,
1607 1389 1656 1433 et
1691 1377 1844 1446 σθεῖ-

240 1474 369 1527 tavit
399 1488 459 1526 se
488 1487 599 1526 non
636 1474 793 1527 aliter
825 1488 950 1526 eum
985 1473 1205 1527 vincere
1233 1482 1286 1527 et
1314 1471 1641 1542 persuadere
1663 1483 1844 1538 posse,

235 1565 312 1617 ita
334 1580 458 1619 eum
483 1562 717 1633 decepit,
741 1574 794 1618 et
816 1563 964 1618 dedit
985 1565 1031 1617 ei
1062 1563 1211 1618 Liam
1242 1579 1366 1618 cum
1398 1562 1597 1630 Zelpha
1630 1559 1844 1615 ancilla.

239 1656 445 1710 Deinde
474 1671 596 1710 eum
623 1664 940 1725 argueretur
965 1671 993 1708 a
1019 1656 1168 1724 justo
1199 1654 1341 1723 quod
1377 1667 1500 1708 eum
1522 1651 1846 1720 decepisset,

239 1752 525 1804 honestam
553 1749 729 1803 attulit
777 1749 1204 1804 excusationem.
1237 1747 1369 1801 Nam
1396 1756 1680 1815 postquam
1713 1744 1848 1796 dixit

231 1841 400 1895 Jacob
432 1859 446 1893 :
478 1842 569 1896 25.
602 1841 771 1907 Quare
798 1841 922 1893 nti/ti
949 1841 1043 1893 hoc
1068 1839 1274 1912 fecisti?
1301 1855 1469 1891 nonne
1503 1848 1709 1905 propter
1738 1835 1847 1888 Ra-

234 1934 350 1985 chel
381 1933 557 1985 servivi
596 1931 728 1984 tibi?
755 1941 801 1983 et
831 1947 989 2000 quare
1017 1930 1260 1996 decepisti
1290 1929 1410 1982 me?
1431 1928 1556 1998 quid
1589 1943 1715 1996 ergo
1745 1926 1847 1979 La-

237 2021 382 2075 ltan?
421 2020 513 2075 26.
558 2019 679 2074 Non
724 2030 796 2074 est
832 2021 904 2074 sic
949 2021 1001 2073 in
1033 2020 1128 2072 hoc
1180 2021 1290 2073 loco
1334 2027 1386 2072 ut
1422 2019 1646 2071 elocetur
1666 2017 1851 2086 junior

235 2116 382 2181 prius
404 2131 554 2184 quam
583 2116 751 2185 major
780 2123 920 2167 natu.
946 2113 1034 2167 9.7.
1069 2113 1268 2182 Perﬁce
1291 2112 1449 2182 igitur
1478 2110 1849 2164 hebdomadam

235 2208 406 2270 istius,
453 2216 499 2258 et
545 2207 675 2259 dabo
722 2206 810 2258 tibi
853 2206 1004 2258 etiam
1051 2204 1182 2257 hanc
1224 2220 1316 2273 pro
1347 2203 1537 2264 labore,
1587 2210 1634 2255 et
1674 2216 1845 2267 apere,

235 2299 375 2366 quod
400 2297 689 2366 aperuberis
731 2297 873 2363 apud
921 2313 999 2349 me
1045 2297 1212 2349 adhuc
1257 2296 1406 2347 annis
1444 2302 1654 2362 septem.
1689 2292 1852 2346 Vides

240 2391 395 2444 illum
422 2405 486 2445 ea
514 2389 582 2444 de
605 2404 761 2443 causa
796 2390 910 2443 hinc
933 2390 1114 2443 omnia
1146 2395 1509 2442 commentum
1541 2400 1681 2440 esse.
1716 2384 1849 2438 Nam

243 2481 367 2549 quia
396 2480 529 2534 vidit
572 2495 811 2535 amorem
849 2494 1009 2549 quem
1053 2494 1178 2548 erga
1207 2477 1440 2548 puellam
1473 2475 1727 2540 habebat,
1771 2476 1854 2529 in-

238 2574 357 2643 quit
385 2589 400 2625 :
430 2571 506 2626 Ne
532 2582 686 2641 putes
731 2570 921 2641 injuria
964 2579 1016 2625 te
1042 2569 1181 2623 allici
1214 2587 1226 2623 :
1261 2567 1525 2635 Quoniam
1559 2565 1675 2620 bmc
1710 2565 1850 2634 apud

240 2679 346 2718 nos
372 2663 462 2718 lex
491 2671 593 2729 est,
628 2671 682 2716 ut
705 2663 935 2732 primum
967 2661 1166 2730 nuptiis
1207 2659 1449 2714 tradatur
1481 2657 1652 2728 major
1683 2665 1808 2711 natu
1835 2673 1851 2712 :

240 2765 528 2826 propterea
563 2756 668 2810 hoc
698 2756 914 2826 quidem
953 2755 1148 2810 factum
1187 2763 1302 2819 est;
1335 2754 1567 2823 accipies
1594 2763 1774 2807 autem
1800 2761 1856 2808 et

241 2850 382 2904 hanc
411 2863 571 2919 quam
594 2863 764 2914 amas,
789 2849 832 2902 si
860 2847 1066 2902 similes
1091 2855 1298 2916 septem
1322 2861 1494 2900 annos
1519 2860 1618 2916 pro
1640 2860 1702 2901 ea
1733 2859 1855 2900 ser-

240 2941 430 2996 viet-is.
470 2941 677 3009 Quibus
718 2939 913 3010 auditis
935 2941 1113 3010 justus
1153 2939 1332 2993 omnia
1377 2947 1626 3009 prompto
1672 2938 1857 2994 animo

240 3033 522 3102 suscepit:
552 3041 606 3087 et
629 3041 750 3102 post
773 3032 872 3087 hos
898 3032 1033 3086 alios
1055 3045 1228 3085 annos
1267 3038 1474 3099 septem
1501 3029 1600 3100 (a),
1633 3029 1727 3085 28.
1757 3029 1857 3085 De-

243 3125 342 3189 dit,
373 3124 564 3194 inquit.
597 3123 775 3178 Labart
802 3122 1000 3179 Rachel
1019 3124 1184 3192 [ilium
1204 3139 1351 3176 suam
1375 3123 1422 3175 ei
1445 3138 1675 3176 uxorem.

318 3217 374 3271 5.
401 3215 704 3288 Polygamia
719 3216 875 3281 olim;
909 3232 1043 3269 nunc
1080 3214 1441 3284 monogamia;
1466 3229 1576 3267 cur.
1601 3243 1672 3254 —
1697 3213 1860 3269 Vides

246 3312 443 3364 iterum
467 3309 680 3379 nuptias
703 3310 817 3363 ﬁeri
832 3323 953 3363 cum
977 3323 1166 3377 magna
1188 3307 1490 3361 honestate.
1511 3305 1619 3361 Sed
1635 3306 1860 3362 audiens

246 3416 381 3456 eum
399 3401 676 3470 accepisse
701 3401 966 3469 majorem
992 3408 1142 3465 natu,
1173 3408 1229 3454 et
1254 3407 1440 3469 postea
1467 3399 1756 3466 minorem,
1790 3415 1861 3456 ne

249 3491 521 3548 tut-beris:
550 3506 725 3561 neque
749 3489 1044 3546 secundum
1072 3499 1270 3545 statum
1296 3491 1388 3560 qui
1408 3505 1551 3545 nunc
1571 3499 1676 3556 est,
1697 3505 1862 3560 opera

247 3598 370 3654 quae
400 3591 528 3638 tunc
553 3580 690 3639 facta
718 3591 845 3637 sunt
860 3581 1094 3652 judices.
1145 3580 1298 3637 Tunc
1322 3581 1466 3636 enim
1499 3581 1626 3652 quia
1657 3582 1864 3652 princi-

252 3677 338 3748 pia
369 3687 548 3744 erant,
583 3675 904 3746 permissum
933 3673 1034 3730 fuit
1059 3689 1183 3730 cum
1227 3673 1436 3729 duabus
1464 3674 1546 3728 vel
1578 3673 1746 3728 tribus
1775 3672 1864 3729 vel

253 3769 498 3841 pluribus
528 3767 788 3824 uxoribus
816 3766 1067 3832 misceri,
1107 3775 1168 3820 ut
1202 3764 1500 3820 humanum
1529 3777 1700 3833 genus
1739 3778 1866 3833 pro-

256 3872 580 3933 pagaretur;
610 3875 752 3916 nunc
777 3874 908 3916 vero
934 3861 1058 3930 quia
1082 3874 1178 3930 per
1197 3858 1293 3914 Dei
1316 3862 1542 3929 gratiam
1571 3857 1864 3912 humanum

255 3967 426 4026 genus
463 3953 619 4008 valde
649 3952 1066 4024 multiplicatum
1091 3960 1209 4018 est,
1238 3951 1410 4006 virtus
1452 3966 1665 4022 quoque
1694 3951 1868 4006 inere-

256 4054 498 4101 mentum
525 4043 753 4114 accepit.
800 4043 1109 4100 Adveniens
1139 4043 1282 4099 enim
1313 4043 1582 4106 Christus,
1612 4050 1667 4098 et
1697 4046 1867 4097 virtu-

258 4147 369 4193 tem
400 4135 453 4191 in
486 4134 794 4191 horninibus
823 4134 1461 4206 plantans,angelosque,
1485 4141 1544 4188 ut
1571 4135 1641 4188 ita
1667 4132 1865 4201 dicam,

255 4244 323 4284 ex
349 4227 661 4284 hominibus
690 4227 912 4294 faciens,
943 4241 1164 4294 omnem
1197 4227 1341 4282 illam
1369 4234 1608 4281 veterem
1639 4240 1873 4281 consue-

259 4321 499 4379 tudinem
529 4319 786 4376 abolevit.
811 4318 978 4376 Vides
1011 4319 1286 4390 quomodo
1317 4333 1423 4373 non
1453 4327 1701 4388 oporteat
1736 4333 1871 4373 con-

258 4412 602 4469 suetudinem
633 4421 933 4484 praetexere
943 4452 972 4488 ρ
1019 4411 1114 4468 sed
1155 4410 1298 4482 quod
1335 4411 1537 4481 justum
1577 4419 1662 4468 est
1690 4411 1870 4483 inqui-

233 4506 424 4563 -rere?
446 4505 589 4561 Ecce.
613 4505 755 4561 enim
778 4505 1033 4576 quoniam
1055 4504 1196 4559 mala
1226 4510 1342 4559 erat
1371 4503 1486 4559 hinc
1513 4503 1868 4576 consuetudo,

259 4599 482 4669 explosa
524 4610 629 4663 est,
680 4607 871 4654 etnon
912 4598 1040 4653 licet
1071 4596 1163 4651 ulli
1202 4612 1321 4652 eam
1367 4604 1686 4668 praztexere.
1726 4596 1871 4652 Nus-

261 4705 423 4760 quam
455 4689 616 4761 igitur
635 4731 651 4754 ,
685 4688 918 4744 obsecro
937 4729 952 4753 ,
984 4687 1433 4744 consuetudinem
1463 4688 1742 4759 inquiras;
1775 4687 1873 4743 sed

262 4782 404 4854 quod
427 4781 498 4837 sit
525 4779 658 4836 utile
685 4795 867 4851 quaere
887 4821 904 4847 ,
945 4794 1054 4836 non
1081 4778 1226 4850 quod
1254 4779 1452 4835 animat
1480 4780 1870 4850 perniciosum;

263 4882 322 4929 et
342 4873 387 4928 si
417 4872 546 4944 quid
573 4879 659 4928 est
677 4871 899 4936 bonum,
933 4870 1144 4927 etiamsi
1174 4884 1283 4925 non
1323 4870 1393 4926 sit
1425 4869 1790 4935 consuetudo,
1821 4867 1873 4925 id

265 4965 362 5020 ﬂat
384 4982 413 5021 a
443 4964 598 5020 nobis
629 4963 708 5019 :si
730 4978 860 5020 vero
891 4961 1252 5035 perniciosum
1283 4970 1387 5030 est,
1410 4961 1622 5017 etiamsi
1644 4976 1876 5018 consue-

266 5056 398 5114 tudo
425 5056 516 5120 sit,
539 5055 806 5125 fugiamus
834 5065 890 5111 et
918 5069 1254 5110 aversemur.
1282 5053 1376 5110 29.
1402 5053 1468 5108 Et
1486 5054 1646 5118 dedit,
1679 5055 1871 5124 inquit,

271 5146 439 5204 Jacob
469 5145 746 5201 Racheleut
772 5162 891 5200 cum
914 5143 1072 5200 Bulla
1095 5144 1307 5200 ancilla.
1354 5143 1546 5200 Vidisti
1577 5155 1774 5217 quanta
1805 5146 1876 5202 sit

269 5241 387 5298 hmo
412 5238 750 5310 philosOpbia
767 5238 869 5310 (b)?
889 5236 1028 5293 Num
1054 5252 1335 5294 servorum
1349 5237 1580 5310 greges?
1596 5255 1720 5294 num
1743 5254 1875 5312 syn-

329 5375 406 5438 (a)
441 5377 524 5424 Hic
546 5374 788 5439 memoria
802 5371 967 5439 lapsus
987 5371 1181 5439 videtur
1193 5371 1561 5439 chrysostomus
1575 5385 1688 5423 cum
1709 5372 1777 5422 ait
1790 5379 1876 5421 La-

264 5433 446 5489 baiuim
479 5437 656 5488 Jacobo
687 5433 946 5486 Rachelem
968 5433 1166 5484 dedisse
1197 5433 1307 5496 posi
1342 5435 1464 5484 alios
1495 5443 1690 5497 septem
1723 5446 1877 5497 annos

263 5503 392 5550 serv?
445 5501 534 5549 .tis.
574 5506 686 5548 Nam
724 5511 775 5548 tn
806 5497 1048 5547 Hebraieo
1082 5494 1221 5546 textu
1266 5503 1320 5546 et
1352 5499 1402 5546 in
1441 5494 1658 5558 Vulgata,
1699 5495 1879 5558 quibus

266 5564 414 5612 etiam
440 5567 706 5612 ctutsouant
714 5566 826 5610 LXX
842 5563 1163 5620 tutentretes.
1183 5557 1376 5620 ductam
1401 5559 1450 5607 in
1474 5557 1682 5620 uxorem
1696 5557 1878 5607 Rache-

266 5623 369 5673 lem
392 5636 506 5673 esse
528 5624 705 5672 dicitur
736 5630 854 5672 ante
890 5618 1001 5671 illos
1022 5628 1221 5683 septem
1255 5619 1379 5683 alios
1401 5619 1666 5683 servitutis
1687 5631 1842 5668 annos
1859 5657 1875 5679 ,

263 5687 622 5796 iseﬁznjugium
639 5685 852 5747 septimo
875 5689 985 5747 post
1005 5679 1200 5732 ductam
1234 5681 1363 5730 Liam
1384 5679 1468 5730 die
1489 5687 1877 5730 consummatum

328 5807 406 5870 (υ)
439 5806 737 5870 Philosophia
768 5807 848 5856 hic
879 5807 1113 5870 accipitur
1157 5817 1246 5870 pro
1267 5801 1582 5870 simplicitate
1606 5816 1798 5861 morum
1823 5809 1878 5870 et

262 5864 354 5930 prd
377 5864 661 5932 Malitat'e
677 5906 692 5932 ,
721 5877 773 5919 ut
793 5881 927 5932 saepe
970 5864 1087 5917 alias
1108 5864 1234 5930 apud
1256 5864 1644 5931 chrismtommn
1669 5873 1720 5918 ct
1743 5864 1874 5930 apud

265 5938 470 5982 veteres-

1350 440 1416 497 lN
1458 438 1609 495 CAP.
1656 426 1850 488 XXIX.
1885 422 2128 482 GENES.
2176 425 2412 482 llOSiiL.
2457 422 2588 482 LVI.

3466 423 3578 481 4σᾶ

1951 544 2200 616 grapba?
2235 552 2289 598 ct
2319 553 2472 614 pacta
2495 586 2510 611 ,
2540 552 2701 614 atque
2743 542 3084 600 conditiones
3136 542 3240 598 illa:
3285 543 3522 601 ridicula:
3551 566 3566 601 :

1955 641 2018 698 Si
2036 643 2130 696 hac
2158 641 2333 710 fuerit,
2354 640 2398 691 si
2416 637 2514 692 hoc
2534 636 2799 692 evenerit?
2814 637 2881 692 Et
2899 638 3205 708 priusquam
3223 638 3569 701 conveniant,

1957 734 2263 788 nescientes
2294 748 2361 785 an
2397 745 2565 801 usque
2589 730 2655 785 ad
2684 745 2966 799 vesperam
3001 740 3274 789 maneant.
3301 747 3421 800 qua:
3450 740 3573 801 post

1957 825 2125 880 multa
2156 833 2397 892 tempora
2441 832 2664 878 ventura
2715 831 2842 876 sunt
2870 863 2886 889 ,
2939 823 2990 876 in
3021 823 3192 877 literis
3236 823 3350 878 suis
3387 826 3571 880 cousi-

1954 926 2121 988 gnant
2151 936 2164 970 :
2210 917 2272 972 Si
2299 918 2469 972 liberis
2497 933 2705 982 carens,
2745 917 2915 986 inquit
2937 959 2949 979 ,
2993 916 3266 987 defunctus
3302 917 3457 986 fuerit
3486 933 3506 972 :
3528 919 3575 972 si

1959 1010 2096 1078 filios
2118 1010 2370 1076 habuerit,
2404 1019 2457 1063 et
2486 1024 2839 1078 qumcumque
2872 1009 3015 1062 talia.
3063 1013 3130 1063 At
3161 1009 3245 1062 hic
3278 1008 3409 1063 nihil
3443 1010 3573 1076 tale,

1959 1101 2051 1155 sed
2081 1116 2202 1153 cum
2233 1102 2444 1170 utrique
2472 1115 2624 1154 suam
2657 1099 2906 1153 ancillam
2932 1099 3190 1164 dedisset,
3223 1100 3360 1154 filias
3390 1101 3574 1156 eloca-

1956 1196 2026 1248 vil
2058 1204 2229 1265 pater.
2287 1194 2378 1249 '50.
2429 1192 2622 1246 Dilexit
2661 1202 2832 1246 autem
2859 1235 2873 1256 ,
2912 1192 3118 1260 inquit,
3176 1190 3368 1246 Rachel
3412 1193 3576 1262 magis

1956 1304 2112 1357 quant
2160 1285 2307 1339 Liam
2354 1297 2450 1340 :et
2495 1285 2698 1338 servivit
2743 1285 2788 1337 ei
2816 1295 3006 1353 septem
3051 1286 3202 1338 annis
3246 1285 3384 1339 aliis.
3436 1285 3572 1352 Quia

1957 1381 2102 1433 enim
2153 1378 2222 1430 ab
2267 1377 2419 1430 initio
2453 1376 2724 1430 adamavit
2755 1375 2984 1443 puellam
3028 1384 3246 1444 propter
3295 1387 3572 1430 venustam

1958 1469 2213 1534 formant,
2242 1477 2296 1523 ct
2317 1469 2402 1521 vix
2425 1483 2544 1522 eam
2569 1477 2934 1536 consequutus
2959 1477 3042 1521 est
3067 1485 3078 1519 :
3115 1467 3238 1522 ideo
3264 1484 3382 1522 eam
3405 1469 3576 1538 magis

1958 1560 2146 1615 dilexit
2195 1575 2354 1629 quam
2408 1559 2578 1613 Liam.
2636 1559 2846 1612 Etenim
2899 1558 3038 1612 illius
3089 1571 3341 1614 venosus
3389 1561 3578 1615 allexit

1960 1668 2083 1705 cum
2129 1650 2195 1705 ad
2246 1666 2363 1704 eam
2410 1649 2716 1704 amandum.
2756 1650 2951 1703 Verum
2981 1651 3065 1704 hic
3091 1651 3283 1704 iterum
3317 1651 3437 1705 vide
3469 1651 3575 1706 Do-

1962 1745 2090 1798 mini
2119 1742 2440 1797 ineffabilem
2479 1742 2901 1797 misericordiam
2926 1786 2940 1809 ,
2980 1753 3033 1797 et
3064 1742 3335 1812 quomodo
3362 1760 3482 1814 qum
3507 1746 3578 1800 ab

1959 1837 2077 1904 ipso
2127 1836 2336 1889 inerant
2380 1834 2644 1902 promissa
2699 1836 2953 1904 paulatim
2986 1836 3276 1906 compleat.
3326 1836 3458 1891 Nam
3485 1837 3577 1908 qui

1961 1927 2096 1981 dixit
2127 1945 2138 1980 :
2177 1927 2286 1981 Ero
2315 1938 2502 1991 tecum,
2533 1928 2819 1982 custodiens
2846 1938 2892 1981 te
2921 1929 2971 1980 in
2996 1931 3135 1981 omni
3162 1931 3242 1983 via
3270 1948 3372 1999 qua
3398 1929 3578 1984 ambu-

1962 2019 2146 2072 laveris
2173 2034 2191 2072 :
2215 2027 2292 2086 et,
2325 2019 2531 2090 Augebo
2570 2029 2614 2073 et
2658 2020 3010 2090 multiplicabo
3044 2030 3089 2073 te
3132 2019 3283 2092 (Gen.
3317 2021 3410 2076 28.
3444 2020 3575 2093 15):

1964 2112 2078 2181 ipse
2101 2113 2262 2166 etiam
2288 2129 2430 2166 nunc
2461 2113 2641 2166 omnia
2674 2111 2966 2182 dispensat.
3003 2113 3072 2166 Et
3096 2123 3149 2166 nt
3179 2113 3228 2166 id
3261 2113 3423 2179 scias,
3455 2114 3579 2168 audi

1963 2205 2132 2274 ipsam
2184 2204 2418 2258 divinam
2447 2204 2777 2273 Scripturam
2809 2206 2911 2257 hoc
2957 2203 3240 2259 manifeste
3284 2204 3577 2260 dicentem.

1964 2299 2054 2351 51.
2090 2295 2156 2351 Ut
2186 2299 2310 2350 vidit
2333 2308 2502 2351 autem
2532 2296 2783 2351 Dominus
2817 2297 2973 2359 Deus,
3005 2297 3144 2362 quod
3169 2298 3287 2352 odio
3310 2298 3584 2353 haberetur

1962 2382 2079 2449 Lia,
2113 2384 2311 2451 aperuit
2343 2383 2542 2436 vulvam
2575 2383 2686 2453 ejus
2717 2398 2735 2436 :
2777 2381 2973 2437 Rachel
3019 2394 3188 2436 autent
3227 2393 3338 2436 erat
3368 2385 3582 2439 sterilis.

1959 2477 2051 2532 ΞΩ.
2096 2476 2164 2530 Et
2191 2480 2422 2548 concepit
2470 2477 2604 2544 Lia,
2652 2489 2699 2532 et
2747 2479 2940 2549 peperit
2986 2479 3149 2546 ﬁlium
3176 2477 3394 2533 Iacobo.
3447 2478 3584 2536 Vide

1961 2569 2216 2623 solertem
2268 2569 2361 2625 Dei
2408 2571 2749 2639 sapientiam.
2796 2571 3061 2638 Quoniam
3103 2571 3191 2626 illa
3218 2573 3434 2641 quidem
3468 2572 3585 2644 pul-

1962 2661 2269 2716 chritudine
2295 2677 2390 2715 sua
2419 2663 2734 2717 conciliarat
2763 2663 2864 2717 sibi
2892 2663 3118 2734 gratiam
3149 2665 3272 2732 viri,
3314 2663 3430 2720 bzec
3455 2681 3586 2720 vero

1964 2753 2185 2808 minime
2229 2751 2464 2808 formosa
2497 2753 2623 2809 odio
2652 2754 2836 2809 haberi
2859 2755 2969 2808 visa
3001 2765 3086 2811 est
3113 2773 3125 2809 :
3160 2756 3297 2811 hanc
3330 2757 3583 2812 idoneam

1964 2845 2089 2900 facit
2113 2848 2324 2917 partui,
2367 2847 2512 2901 illam
2542 2862 2672 2903 vero
2702 2848 2944 2903 inutilem
2970 2866 2986 2915 ;
3029 2850 3144 2904 huic
3172 2850 3334 2905 ambo
3363 2865 3459 2905 sua
3488 2851 3590 2906 mi-

1965 2937 2261 2993 sericordia
2293 2938 2616 3010 dispensans
2641 2950 2696 2994 ut
2716 2951 2768 2995 et
2791 2940 2910 2996 huic
2936 2957 3029 3010 per
3055 2942 3258 2997 liberos
3288 2942 3379 3013 qui
3411 2958 3479 2998 ex
3519 2957 3587 2998 ea

1967 3032 2326 3086 nascebantur
2363 3034 2614 3088 solatium
2653 3033 2907 3100 haberet,
2937 3035 2989 3089 in
3022 3035 3103 3090 sui
3136 3050 3376 3088 amorem
3409 3036 3584 3091 virum

1967 3124 2243 3190 alliciens;
2275 3133 2330 3179 et
2358 3124 2450 3179 illa
2478 3140 2546 3180 ne
2573 3134 2791 3195 propter
2817 3125 3272 3194 pulchritudinem
3301 3136 3357 3182 et
3387 3126 3589 3184 formo-

1970 3217 2185 3273 sitatem
2230 3216 2491 3272 adversus
2541 3233 2784 3273 sororem
2839 3217 3161 3290 insurgeret.
3217 3219 3286 3273 Et
3333 3223 3588 3291 aperuit‘,

1971 3309 2176 3380 inquit,
2225 3311 2428 3364 vulvam
2467 3311 2600 3378 ejus.
2644 3309 2800 3364 Disce
2839 3308 2946 3374 hic,
2977 3310 3208 3378 dilecte,
3238 3312 3588 3368 Conditorem

1970 3403 2214 3458 omnium
2247 3403 2427 3458 omnia
2467 3401 2735 3457 moderari
2765 3417 2829 3457 ac
2867 3401 3219 3472 dispensare,
3259 3413 3310 3460 et
3345 3416 3588 3461 naturam

1973 3494 2144 3564 ipsam
2169 3494 2236 3549 ad
2265 3503 2475 3565 partum
2499 3495 2757 3560 excitare,
2783 3495 3092 3566 nullamque
3123 3513 3246 3553 esse
3271 3499 3589 3556 concubitus

1973 3588 2281 3655 utilitatem,
2313 3589 2357 3644 si
2385 3589 2522 3645 absit
2551 3588 2730 3644 divina
2760 3591 3093 3660 cooperatio.
3131 3592 3422 3663 Propterea
3443 3595 3593 3650 enim

1974 3679 2131 3746 dixit,
2163 3680 2377 3752 Aperuit
2407 3683 2608 3736 vulvam
2635 3682 2767 3753 ejus,
2797 3691 2856 3737 ut
2875 3683 3114 3739 sciamus
3144 3685 3378 3740 voluisse
3404 3686 3591 3742 Domi-

1975 3789 2104 3828 num
2137 3772 2286 3827 Liam
2317 3772 2668 3843 procreandis
2718 3772 2904 3830 liberis
2932 3783 3114 3844 aptam
3167 3775 3306 3839 fieri,
3339 3792 3447 3846 quo
3474 3777 3595 3848 ejus

1976 3879 2180 3920 mmror
2211 3863 2493 3920 leniretur.
2540 3863 2660 3935 lpse
2705 3865 2848 3919 enim
2881 3866 3078 3936 estqui
3129 3866 3180 3920 in
3205 3866 3364 3921 vulva
3396 3867 3595 3939 ﬁgurat

1976 3966 2030 4014 et
2057 3958 2262 4013 animat
2292 3956 2456 4014 fretus
2483 4000 2497 4026 ,
2543 3959 2681 4012 sicut
2709 3967 2764 4034 qt
2793 3959 2957 4013 David
2990 3960 3119 4016 dicit
3149 3979 3162 4014 :
3208 3959 3493 4034 Suscepisti
3515 3981 3600 4020 me

1977 4051 2041 4106 de
2069 4060 2211 4106 utero
2234 4052 2413 4107 matris
2442 4021 2570 4106 ntere
2590 4021 2922 4122 (Ρεαδιὸὃ.
2953 4054 3061 4125 1⁸5).
3089 4055 3158 4109 Ει
3182 4054 3303 4110 vide
3318 4021 3603 4127 quomodo

1979 4152 2244 4197 monstrat
2284 4143 2440 4200 nobis
2469 4143 2648 4198 divina
2685 4143 2966 4214 Scriptura
3004 4155 3210 4202 natura:
3239 4147 3599 4206 Conditorem

1980 4244 2206 4306 utraque
2240 4250 2339 4291 sua
2370 4235 2569 4291 virtute
2595 4235 2961 4302 efﬁcientem;
2997 4253 3190 4308 nempe
3220 4239 3444 4296 alterius
3474 4243 3598 4298 vul-

1979 4343 2097 4381 vam
2139 4326 2386 4382 idoneam
2427 4328 2744 4383 reddentem
2767 4370 2783 4396 ,
2816 4329 3070 4384 Rachelis
3114 4340 3294 4386 autem
3326 4337 3598 4392 constrin-

1979 4427 2216 4490 gantem.
2260 4419 2536 4491 Siquidem
2567 4429 2774 4476 natura!
2816 4421 3076 4478 Dominus
3101 4439 3225 4479 cum
3263 4425 3364 4492 sit,
3414 4430 3603 4485 omnia

1982 4512 2139 4567 facile
2165 4521 2440 4582 operatur.
2486 4512 2556 4567 Et
2595 4514 2848 4582 concepit,
2885 4513 3097 4586 inquit,
3150 4515 3270 4584 Lia,
3315 4527 3366 4573 et
3403 4523 3597 4590 peperit

1983 4606 2147 4672 [ilium
2171 4604 2407 4672 Jacoba;
2437 4608 2733 4677 vocavitque
2759 4623 2945 4663 nomen
2976 4609 3089 4679 eius
3119 4608 3301 4665 Ruben
3321 4653 3336 4676 ,
3371 4612 3545 4668 dicens
3579 4630 3611 4669 :'

1987 4699 2118 4768 Qu’a
2150 4699 2274 4752 vidit
2306 4699 2558 4754 Dominis
2584 4699 2832 4756 vilitatem
2865 4719 3053 4770 nteant,
3105 4719 3242 4759 nunc
3288 4703 3470 4777 diliget
3518 4723 3600 4762 me

1981 4795 2057 4849 vir
2091 4811 2252 4849 meus.
2305 4793 2436 4850 Vide
2459 4809 2621 4864 quam
2662 4803 2816 4865 grata
2863 4795 3059 4851 mulier
3099 4796 3231 4852 dicit
3276 4814 3290 4852 :
3337 4797 3612 4857 Dominus

1981 4889 2094 4944 visa
2144 4887 2446 4942 humilitate
2490 4901 2610 4942 mea
2656 4887 2882 4957 prmbuit
2914 4887 3044 4942 mihi
3075 4900 3287 4959 partum
3313 4931 3329 4958 ,
3377 4899 3603 4962 propter

1982 4998 2142 5055 quem
2173 4979 2384 5051 diligar.
2415 4979 2485 5035 Et
2510 4989 2694 5050 specta
2739 4979 2828 5035 hic
2856 4982 3091 5048 iterum,
3137 4981 3411 5052 quomodo
3458 4983 3609 5040 Deus
3657 5033 3665 5041 .

1985 5074 2299 5132 muneribus
2352 5083 2564 5128 certare
2613 5072 2890 5129 contendit
2936 5088 3060 5128 cum
3091 5088 3192 5140 eo,
3238 5083 3294 5130 et
3336 5074 3612 5132 beneficia

1982 5167 2306 5232 accumulat,
2332 5165 2492 5222 simul
2521 5175 2573 5221 et
2589 5165 2720 5236 justi
2748 5179 2934 5221 semen
2962 5166 3170 5238 augeri,
3195 5177 3247 5222 et
3271 5165 3411 5223 hanc
3429 5168 3611 5240 magis

1982 5260 2188 5317 Jacobo
2205 5257 2493 5314 amabilem
2521 5255 2674 5312 reddi
2691 5256 2900 5312 volens.
2917 5256 3010 5314 33.
3042 5257 3114 5325 Et,
3129 5259 3379 5331 concepit,
3406 5258 3607 5330 inquit,

1982 5357 2187 5421 iterum,
2237 5362 2285 5407 et
2313 5350 2526 5423 ,peperit
2570 5349 2738 5419 ﬁlium
2765 5348 3051 5404 secundum
3075 5349 3273 5406 Iacobo
3294 5394 3310 5419 ,
3349 5362 3396 5405 et
3421 5350 3551 5406 dixit
3581 5364 3613 5409 :

1982 5448 2192 5503 Audiuit
2238 5446 2493 5501 Dominus
2532 5443 2670 5515 quod
2698 5443 2818 5498 odio
2847 5443 3037 5498 habeor
3060 5486 3075 5512 ,
3118 5455 3164 5499 et
3204 5446 3445 5516 apposuit
3473 5446 3600 5501 mihi

1983 5540 2225 5604 ethunc;
2253 5547 2299 5593 et
2325 5536 2527 5592 vocavit
2564 5552 2745 5592 nomen
2766 5537 2879 5610 ejus
2926 5535 3174 5609 Symeon.
3206 5536 3440 5594 Attende
3460 5553 3604 5610 quo-

1985 5632 2149 5688 modo
2180 5647 2277 5702 per
2300 5628 2550 5701 singulos
2578 5642 2778 5700 pueros
2803 5629 3009 5700 gratias
3035 5630 3146 5701 agit
3171 5629 3424 5698 Domino,
3449 5639 3507 5688 et
3533 5630 3618 5689 ob

1989 5724 2250 5780 beneficia
2301 5732 2514 5793 gratum
2551 5721 2794 5777 animum
2843 5721 3104 5778 declarat.
3136 5720 3366 5791 Audiuit,
3412 5728 3557 5781 enim
3585 5762 3617 5793 ,.

1987 5818 2192 5888 inquit,
2240 5817 2514 5884 Dominus,
2543 5817 2680 5887 quod
2720 5816 2840 5871 odio
2883 5815 3092 5883 habeor,
3132 5825 3180 5872 et
3206 5817 3447 5888 apposuit
3478 5817 3620 5875 mihi

1986 5914 2139 5969 etiam
2167 5911 2304 5966 hunc
2331 5925 2350 5966 :
2379 5918 2666 5980 propterea
2697 5907 2904 5967 Vocavit
2931 5924 3112 5965 nomen
3141 5909 3252 5978 eius
3280 5907 3526 5982 Styneou.
