4086 6428
553 404 652 459 491
1260 407 1314 462 S.
1357 404 1634 462 JOANNIS
1671 402 2155 462 CilRYSOSTOMl
2195 403 2508 462 ARCIIIEP.
2541 407 3078 473 CONSTANTINOP.

625 520 679 573 4.
716 516 899 573 Vidisti
926 517 1192 589 quomodo
1216 535 1320 573 non
1346 520 1685 589 simpliciter,
1719 534 1889 589 neque
1933 529 2133 574 temere

556 609 765 663 nomina
779 608 914 662 uatis
929 608 1208 663 indiderit?
1225 609 1588 665 Vocavitenim
1607 627 1726 666 cum
1743 610 1995 681 Symeon,
2012 624 2137 678 quo-

555 697 693 752 niam
730 697 930 751 audivit
966 698 1216 753 Dominus
1241 699 1318 770 (α)
1378 699 1538 755 Nobis
1575 701 1833 769 siquidem
1875 698 2133 752 llebraico

554 787 802 842 idioniate
835 803 926 857 per
953 787 1053 843 hoc
1097 805 1288 845 nomen
1331 790 1587 859 signatur,
1632 789 1772 859 quod
1816 787 1993 842 audita
2041 787 2128 842 sit.

551 875 638 930 51.
668 873 733 930 Et
762 878 990 947 concepit
1031 879 1246 944 iterum,
1299 890 1344 932 et
1386 880 1578 948 peperit
1623 879 1787 946 filium
1812 919 1826 943 ,
1869 888 1914 931 et
1961 877 2131 930 dixit:

555 965 606 1018 Ν
611 984 706 1019 nnc
735 970 970 1038 temporis
994 969 1135 1038 apud
1154 987 1229 1023 me
1270 970 1361 1022 erit
1401 971 1475 1023 vir
1508 986 1684 1035 meus;
1727 971 1898 1040 peperi
1927 971 2059 1024 enim
2085 970 2131 1023 ei

548 1067 646 1111 trcs
674 1060 808 1125 ﬁlios
831 1075 850 1114 .°
875 1070 1077 1130 propter
1105 1065 1198 1114 hoc
1220 1063 1408 1114 vocavit
1439 1078 1616 1116 nomen
1639 1064 1778 1117 illius
1803 1061 1944 1116 Levi.
1974 1062 2132 1118 Vide-

551 1158 635 1202 tur
661 1150 788 1204 mihi
833 1151 918 1205 hic
945 1152 1247 1222 significari,
1279 1169 1395 1207 eam
1419 1154 1556 1208 natis
1587 1153 1793 1208 duobus
1837 1154 1960 1208 filiis
1997 1169 2130 1208 non-

546 1242 670 1298 dum
704 1245 934 1312 potuisse
961 1245 1176 1300 allicere
1203 1247 1404 1313 virum,
1432 1248 1518 1316 qui
1554 1246 1725 1302 adhuc
1761 1249 1811 1301 in
1841 1246 2130 1301 Raebelem

548 1335 860 1404 prapensior
879 1343 993 1389 erat
1021 1352 1034 1388 :
1069 1335 1189 1390 ideo
1213 1336 1380 1402 dicit,
1417 1335 1569 1390 Nunc
1602 1339 1842 1407 temporis
1876 1338 2014 1405 apud
2050 1353 2128 1390 me

543 1425 636 1478 erit
665 1425 740 1479 vir
770 1441 931 1481 meus.
978 1425 1242 1482 Fortassis
1287 1431 1524 1482 accessio
1567 1427 1708 1481 tertii
1740 1429 1911 1480 virum
1950 1442 2126 1480 meum

545 1514 732 1569 reddet
775 1515 1130 1581 benevolum,
1187 1527 1241 1572 et
1294 1518 1484 1572 melius
1504 1519 1633 1572 mihi
1675 1518 1941 1573 allectum.
1990 1517 2126 1572 ECee

542 1605 683 1658 enim
726 1617 832 1660 tres
864 1606 998 1660 filios
1027 1607 1074 1661 ei
1116 1608 1314 1678 peperi.
1358 1605 1450 1662 55.
1486 1607 1554 1661 Et
1582 1611 1808 1678 concepit
1849 1609 2016 1661 adhuc
2054 1608 2116 1675 ﬁ-

545 1696 667 1748 lium
684 1737 698 1758 ,
730 1713 790 1750 ac
813 1697 1025 1767 peperit,
1049 1707 1094 1750 et
1121 1698 1249 1750 dixit
1275 1713 1296 1751 :
1321 1697 1474 1751 Nunc
1499 1699 1664 1751 adhuc
1694 1699 1830 1751 istud
1854 1697 2126 1766 con/iubar

545 1785 759 1839 Domino
784 1802 804 1840 :
838 1797 1100 1856 propterea
1145 1791 1334 1841 vocavit
1376 1805 1554 1841 nomen
1593 1789 1704 1858 ejus
1740 1787 1953 1841 ludam.
1985 1787 2123 1855 Quid

539 1888 640 1940 est,
675 1877 820 1932 Istud
847 1879 1120 1946 conﬁtebor
1145 1879 1404 1933 Domino?
1432 1878 1720 1948 Conﬁtebor
1747 1879 1833 1934 hic
1864 1880 2000 1933 idem
2043 1889 2126 1933 est

541 1985 626 2033 ac,
649 1970 856 2026 Gratias
879 1985 1055 2041 agam,
1079 1981 1132 2026 et
1153 1972 1464 2043 glorificabo
1485 1989 1629 2040 eum,
1659 1975 1780 2044 quia
1803 1985 1856 2029 et
1877 1983 2122 2044 quartum

541 2063 667 2116 mihi
695 2063 887 2132 adjecit
916 2063 1106 2127 tilium,
1130 2074 1184 2118 et
1207 2072 1404 2118 tantam
1438 2063 1564 2118 mihi
1593 2065 1969 2118 abundantiam
1995 2079 2126 2120 con-

537 2155 696 2209 cessit
727 2171 740 2208 :
771 2164 826 2208 ct
853 2169 973 2224 qua:
1002 2153 1072 2208 ob
1095 2156 1337 2223 corporis
1365 2155 1754 2210 deformitatem
1783 2155 1851 2209 de
1875 2156 1969 2208 viri
1997 2170 2121 2224 erga

538 2261 623 2300 me
662 2244 1031 2300 benevolentia
1063 2245 1418 2314 periclitatura
1461 2261 1640 2312 eram,
1692 2261 1830 2300 nunc
1871 2262 2120 2316 procrea-

539 2339 681 2392 tione
723 2338 996 2392 lilioruma
1042 2337 1149 2390 Deo
1180 2336 1308 2391 mihi
1339 2337 1491 2403 data,
1538 2347 1593 2392 et
1618 2338 1865 2392 mmroris
1893 2353 2120 2392 excessu
2173 2391 2176 2394 .

534 2428 815 2491 discusso,
861 2441 977 2492 me,
1009 2444 1127 2495 qua:
1162 2427 1233 2481 ob
1258 2426 1652 2483 deformitatem
1691 2427 1816 2482 odio
1865 2427 2118 2495 habebar,

533 2518 836 2573 consolatus
855 2525 957 2578 est,
982 2517 1269 2586 odiumque
1289 2518 1557 2572 transtulit
1578 2520 1630 2571 in
1653 2532 1893 2572 sororem
1922 2534 2120 2572 meam.

535 2608 604 2664 Ut
637 2608 824 2677 peperit
845 2617 1012 2660 autem
1049 2607 1240 2659 Judam
1267 2648 1281 2672 ,
1337 2609 1544 2676 inquit,
1585 2609 1794 2662 cessavit
1837 2625 2034 2679 parere.
2068 2610 2118 2663 1.

531 2699 657 2755 Cum
685 2709 850 2751 autent
879 2697 1079 2751 vidisset
1105 2697 1297 2753 Rachel
1323 2700 1439 2769 quia
1460 2717 1560 2753 non
1589 2701 1860 2769 peperisset
1890 2701 2082 2756 Jacobo
2102 2745 2116 2768 ,

530 2793 768 2845 amantum
794 2800 864 2844 est
898 2789 1042 2842 Limn
1075 2807 1298 2845 sororem
1324 2809 1466 2844 suam
1487 2834 1502 2856 ,
1546 2802 1592 2845 et
1614 2794 1739 2846 dixit
1777 2793 1969 2848 Jacobo
1989 2838 2004 2861 ,
2037 2795 2118 2850 Da

531 2882 655 2934 mihi
684 2880 818 2949 filios
838 2897 856 2934 :
888 2880 964 2934 sin
993 2882 1178 2946 minus,
1214 2883 1402 2936 morior
1427 2899 1519 2954 ego
1558 2882 1710 2955 (Cap.
1739 2885 1850 2956 50).
1877 2886 2115 2942 lnconsi-

527 2972 711 3027 derata
738 2981 791 3027 ct
818 2973 1091 3027 muliebris
1119 2982 1199 3028 est
1238 2974 1352 3028 hare
1379 2976 1561 3044 petitio
1591 2977 1888 3047 anima-que
1915 2982 2119 3053 zeloty-

528 3065 612 3134 pia
647 3063 985 3133 impugnaue,
1019 3063 1098 3116 Da
1122 3066 1244 3117 mihi
1271 3067 1422 3124 filios.
1452 3066 1566 3120 Non
1597 3068 1812 3132 audisti,
1847 3070 1984 3138 quod
2011 3089 2115 3126 non

530 3155 626 3209 viri
673 3155 985 3208 concubitus
1028 3154 1103 3208 illi
1152 3165 1360 3223 partum
1387 3156 1690 3224 praebuerit,
1735 3160 1828 3214 sed
1864 3160 2116 3215 Dominus

531 3248 670 3302 Deus
695 3264 709 3302 :
737 3247 823 3317 qui
851 3245 916 3301 Ut
945 3247 1098 3310 vidit,
1132 3245 1300 3316 inquit
1319 3287 1332 3310 ,
1363 3248 1496 3318 quod
1523 3248 1638 3302 odio
1672 3250 1954 3314 haberetur,
1997 3268 2116 3320 ape-

528 3341 629 3393 ruit
675 3341 871 3392 vulvam
900 3340 1008 3410 ejus
1031 3339 1056 3390 .9
1093 3339 1270 3405 Quare
1317 3353 1346 3392 a
1397 3339 1508 3392 viro
1540 3341 1674 3407 petis
1701 3355 1761 3394 ea
1789 3357 1906 3409 qna.-
1954 3358 2112 3412 supra

528 3441 769 3485 naturam
801 3440 945 3495 sunt,
974 3439 1028 3484 et
1058 3430 1242 3482 relicto
1284 3438 1483 3482 nature
1535 3430 1759 3483 Domino
1809 3432 1976 3485 virum
2022 3449 2111 3486 ar-

526 3523 644 3592 guis
672 3563 687 3587 ,
717 3521 804 3589 qui
827 3519 892 3574 ad
929 3521 1029 3572 hoc
1053 3519 1184 3572 nihil
1225 3519 1466 3574 conferre
1493 3520 1582 3573 tibi
1617 3522 1847 3589 poterit?
1880 3521 1957 3574 Da
1991 3524 2114 3577 mihi

527 3617 683 3684 ﬁlios:
715 3617 793 3668 sin
822 3615 1006 3678 minus,
1033 3614 1220 3665 moriar
1248 3629 1358 3682 ego.
1386 3611 1555 3668 Grave
1584 3614 1778 3667 malum
1804 3624 1885 3668 est
1912 3617 2112 3686 zeloty-

525 3707 632 3776 pia,
664 3716 716 3760 et
747 3704 942 3760 desinit
973 3705 1022 3757 in
1052 3705 1411 3774 insipientiam
1444 3721 1456 3756 :
1489 3705 1538 3758 id
1574 3705 1714 3774 quod
1751 3717 1803 3760 et
1839 3707 1958 3760 huic
1985 3723 2111 3762 eve-

523 3799 617 3854 nit.
652 3799 847 3853 Vidcns
868 3798 1008 3851 enim
1030 3799 1251 3853 chorum
1284 3800 1512 3852 liliorum
1542 3815 1632 3853 sor
1669 3801 1763 3864 ris,
1797 3811 1849 3855 et
1871 3802 2108 3871 Cogitans

521 3907 674 3946 suam
718 3890 1060 3945 solitudinem
1086 3933 1100 3952 ,
1153 3907 1254 3943 non
1287 3890 1486 3945 ferebat
1528 3891 1663 3948 hanc
1690 3896 2063 3948 Contumeliam
2091 3936 2108 3962 ,

522 3998 694 4052 neque
721 3983 994 4036 continere
1026 3991 1233 4050 poterat
1261 3981 1638 4057 cogitationem
1665 4000 1782 4053 qua:
1829 4002 1887 4038 se
1928 3987 2108 4040 turba-

520 4076 642 4137 bat,
673 4075 765 4129 sed
805 4075 890 4128 illa
921 4075 1236 4144 insipientiue
1277 4076 1427 4142 plena
1461 4077 1615 4130 verba
1646 4078 1996 4146 loquvbatm':
2032 4080 2108 4132 Da

522 4166 645 4218 mihi
674 4167 806 4232 ﬁlios
837 4182 854 4217 :
882 4167 959 4218 sin
988 4167 1172 4227 minus,
1198 4167 1385 4218 moriar
1413 4183 1522 4236 ego.
1560 4167 1820 4222 Fortassis
1850 4170 1978 4223 \idit
2006 4171 2105 4225 viri

520 4272 643 4327 erga
676 4257 818 4309 illam
846 4271 1080 4309 amorem
1109 4297 1122 4320 ,
1171 4267 1221 4309 et
1250 4256 1463 4324 putabat
1491 4274 1550 4312 ea
1574 4258 1640 4312 de
1671 4275 1824 4313 causa
1857 4262 1998 4315 illam
2031 4272 2107 4317 tot

525 4348 662 4403 filios
688 4348 954 4412 habuisse,
987 4356 1039 4402 et
1068 4363 1126 4401 se
1169 4349 1403 4402 nondum
1425 4352 1694 4418 peperisse
1729 4371 1740 4404 :
1778 4354 1915 4406 unde
1937 4354 2065 4408 dicit
2087 4399 2101 4422 ,

522 4438 602 4491 Da
633 4439 754 4490 mihi
781 4439 937 4506 ﬁlios.
988 4439 1185 4492 Deinde
1218 4449 1413 4493 terrere
1461 4441 1644 4494 volens
1673 4442 1862 4507 virum,
1886 4445 2060 4498 subdit
2089 4465 2100 4499 :

521 4532 670 4596 Quod
695 4531 738 4582 si
765 4531 927 4583 minus
953 4571 965 4592 ,
1019 4531 1207 4582 moriar
1231 4550 1337 4600 ego.
1387 4532 1520 4598 Quid
1549 4534 1705 4602 igitur
1735 4537 1848 4601 pitts
1880 4546 1933 4590 et
1977 4539 2102 4590 reli-

516 4620 695 4688 giosus
722 4621 926 4674 JilCtlb?
955 4622 1008 4673 ‘2.
1045 4621 1338 4674 Succcnsuit
1360 4665 1373 4684 ,
1401 4624 1589 4692 inquit,
1620 4626 1688 4676 ad
1718 4627 1862 4679 verba
1891 4628 2027 4692 ha‘c,
2057 4640 2103 4684 et

516 4713 644 4764 dixit
675 4714 718 4764 ri
745 4728 764 4765 .'
800 4711 1058 4780 Numquid
1081 4730 1170 4780 pro
1202 4712 1307 4764 Deo
1328 4729 1415 4782 ego
1438 4731 1546 4765 sum
1573 4756 1584 4780 ,
1614 4717 1700 4783 qui
1726 4717 1893 4785 [metu
1920 4723 2102 4775 ventris

515 4811 562 4854 te
583 4804 791 4871 privavit
810 4804 834 4855 ?
853 4803 1027 4877 Quare
1050 4801 1304 4855 derelicto
1331 4814 1532 4857 natura:
1561 4805 1783 4858 Domino
1808 4811 2100 4876 reprehen-

512 4897 716 4949 sionem
763 4895 890 4948 mihi
938 4894 1180 4948 inducis?
1213 4895 1302 4948 llle
1341 4905 1421 4949 cst
1464 4898 1550 4964 qui
1581 4899 1804 4965 privavit
1856 4910 1904 4954 te
1930 4901 2097 4957 fructu

514 4985 733 5040 ventris.
764 4986 938 5052 Quare
969 5000 1072 5038 non
1111 4985 1177 5037 ab
1206 4987 1294 5039 illo
1320 4989 1452 5055 petis
1475 5031 1487 5050 ,
1538 4989 1626 5057 qui
1676 5001 1848 5059 potest
1889 4994 2098 5059 aperire

514 5087 721 5129 natura:
745 5075 1033 5139 ollicinam,
1061 5085 1110 5127 ct
1136 5075 1433 5130 fmcundam
1467 5078 1641 5133 facere
1661 5082 1912 5135 vulvam?
1946 5084 2099 5139 Disce

512 5169 669 5238 igitur
696 5169 841 5222 ἰΙΙιιιιι
871 5184 988 5223 esse
1016 5170 1101 5237 qni
1133 5181 1181 5223 te
1214 5172 1434 5239 privavit
1466 5172 1638 5227 fruczu
1667 5178 1866 5231 ventris
1894 5179 1998 5243 tui,
2045 5191 2098 5233 et

508 5262 678 5314 sorori
713 5271 815 5315 tua:
844 5270 1041 5316 tantam
1073 5263 1466 5318 fmcnnditatem
1497 5269 1758 5338 praestitit.
1785 5270 1860 5324 Ne
1887 5270 2044 5340 igitur
2067 5289 2094 5326 a

508 5367 593 5406 me
621 5368 829 5422 qua-ras
851 5369 967 5420 qua:
995 5353 1232 5421 priebere
1260 5371 1365 5408 non
1397 5372 1629 5423 possmn,
1656 5371 1706 5415 et
1733 5378 1958 5430 quorum
1988 5379 2091 5417 non

504 5457 622 5496 sum
651 5442 916 5497 dominus.
949 5443 1078 5496 Nam
1115 5443 1159 5498 si
1191 5445 1289 5500 hoc
1319 5447 1370 5500 in
1402 5463 1487 5502 me
1532 5449 1712 5504 fuisset
1737 5494 1750 5516 ,
1794 5455 2012 5508 omnino
2042 5467 2094 5509 te

504 5533 672 5588 sorori
706 5536 1052 5603 prwtulissem
1079 5581 1091 5603 ,
1126 5539 1384 5607 majorem
1425 5556 1547 5611 erga
1586 5552 1635 5598 te
1666 5545 2088 5603 benevolentiam

504 5623 720 5679 habens.
776 5629 842 5680 At
883 5637 1094 5698 quando
1135 5632 1341 5686 etiamsi
1398 5634 1447 5686 in
1502 5635 1761 5693 infinitum
1805 5645 1989 5711 majori
2042 5656 2090 5701 te

564 5815 637 5877 (τε)
661 5825 689 5863 Α
710 5830 822 5865 γους
846 5829 1050 5879 namque
1069 5818 1211 5873 333W
1227 5822 1425 5882 audivit,
1444 5822 1689 5874 derivatur
1707 5827 1854 5901 περ]
1871 5844 1883 5880 :
1899 5844 2083 5893 gmcon.

3735 427 3844 482 ωε

2239 525 2563 594 complectar
2593 527 2961 587 benevolentia
2986 574 3001 600 ,
3050 534 3183 588 nihil
3229 535 3320 591 tibi
3351 538 3403 592 in
3435 538 3536 596 hoc
3580 543 3847 610 prodesse

2241 625 2428 683 potero
2453 661 2466 682 ,
2509 620 2575 673 ab
2605 621 2694 675 illo
2722 638 2904 692 quaere
2927 668 2942 692 ,
2985 627 3072 695 qui
3101 635 3156 682 et
3185 631 3522 687 sterilitatem
3557 634 3758 690 achrre
3785 646 3856 690 et"

2237 706 2449 763 solvere
2473 721 2665 778 potest.
2695 712 2829 769 Vide
2848 715 2974 784 justi
3000 717 3356 787 prudentiam,
3380 724 3649 792 quomodo
3669 727 3838 779 etiam

2237 796 2306 849 ob
2338 797 2482 855 illius
2509 800 2646 856 dicta
2673 819 3014 871 succensens,
3052 823 3365 878 responsmn
3401 814 3472 868 illi
3501 815 3596 868 dat
3613 817 3840 884 sapien-

2239 885 2459 943 tissimis
2485 893 2661 948 verbis
2689 912 2703 946 :
2731 894 2932 952 docens
2962 899 3246 970 diligenter
3275 905 3473 966 omnia,
3504 921 3840 976 canumque

2236 979 2606 1048 manifestans,
2638 993 2695 1038 ut
2718 1001 2822 1040 noo
2853 988 3040 1044 relicto
3063 990 3290 1047 Domino
3311 1007 3514 1063 qua-rat
3538 997 3607 1050 ab
3631 999 3744 1052 alio
3773 1016 3837 1054 ea

2235 1083 2353 1136 qum
2385 1069 2474 1124 ille
2499 1073 2645 1127 solus
2683 1088 2934 1144 pra-sume
2964 1089 3156 1148 potest.
3205 1081 3367 1153 Igitur
3396 1094 3450 1139 ut
3475 1086 3662 1142 didicit
3687 1091 3836 1159 quod

2235 1161 2429 1215 sterilis
2451 1163 2590 1220 facta
2615 1178 2756 1223 esset
2782 1184 2811 1222 a
2845 1170 2956 1226 Deo
2980 1213 2994 1237 ,
3041 1183 3096 1228 et
3138 1174 3326 1230 videns
3361 1192 3600 1234 sororem
3643 1183 3833 1237 liberis

2235 1248 2427 1307 ﬂuere
2455 1294 2470 1316 ,
2521 1257 2601 1310 vel
2647 1259 2918 1315 mediocre
2960 1263 3207 1319 solatium
3245 1268 3557 1336 requirens,
3607 1272 3742 1327 dicit
3769 1277 3836 1329 ad

2232 1339 2397 1396 Jacoh
2428 1361 2442 1397 :
2473 1344 2733 1410 Quoniam
2765 1366 2904 1406 nunc
2931 1351 3156 1408 docuisti
3202 1372 3287 1410 tne
3312 1373 3418 1412 non
3461 1359 3616 1430 culpa
3646 1373 3736 1416 tua
3769 1365 3837 1418 li-

2238 1431 2269 1484 b
2307 1433 2380 1485 ris
2408 1448 2627 1499 carere,
2661 1439 2849 1494 saltem
2881 1442 3126 1498 ancillam
3151 1461 3323 1501 meam
3347 1449 3549 1519 accipe,
3581 1452 3838 1523 filiosque

2231 1540 2298 1577 ex
2326 1540 2387 1580 ea
2416 1543 2636 1596 procrea
2659 1570 2672 1594 ,
2721 1541 2776 1585 nt
2799 1548 3018 1601 parvum
3065 1535 3280 1607 aliquod
3307 1540 3554 1596 solatium
3584 1543 3838 1602 invenire

2232 1619 2453 1684 possim,
2477 1636 2537 1673 ea
2557 1623 2685 1676 mihi
2710 1625 2982 1680 vindicans
3005 1645 3125 1698 quas
3145 1630 3214 1684 ab
3236 1631 3324 1686 illa
3351 1646 3658 1692 nascentur.
3682 1639 3739 1693 4.
3765 1639 3838 1695 Et

2230 1709 2368 1762 dedit
2407 1711 2474 1776 ei,
2505 1711 2676 1782 inquit
2695 1755 2709 1777 ,
2745 1714 2950 1770 Ballant
2975 1719 3217 1776 ancillam
3241 1738 3388 1778 suam
3417 1742 3625 1780 uxorem
3652 1745 3672 1782 :
3694 1730 3752 1786 5.
3789 1741 3838 1785 et

2231 1803 2434 1856 intravit
2462 1803 2532 1858 ad
2560 1821 2704 1872 eam;
2743 1818 2790 1862 et
2817 1813 3077 1881 concepit,
3121 1822 3168 1868 et
3198 1817 3390 1886 peperit
3410 1819 3575 1888 ﬁlium
3597 1821 3834 1892 Iacobo,

2232 1893 2282 1948 6.
2315 1904 2361 1947 et
2381 1895 2510 1950 dixit
2541 1896 2733 1952 Rachel
2757 1900 3054 1958 :Judidivit
3098 1907 3224 1960 mihi
3267 1907 3442 1979 Deus,
3485 1923 3534 1966 et
3568 1916 3838 1970 exaudiuit

2231 2002 2400 2040 vocem
2425 2007 2607 2056 meam,
2640 1993 2876 2063 deditque
2897 1998 3022 2052 mihi
3047 2000 3235 2068 ﬁlium.
3273 2001 3490 2074 Propter
3517 2008 3615 2063 hoc
3636 2013 3837 2066 vocarit

2229 2094 2410 2131 nomen
2437 2082 2544 2152 ejus
2571 2082 2685 2137 θαη
2722 2085 2822 2157 (α).
2865 2087 3058 2144 Habuit
3082 2092 3264 2163 aliquo
3284 2095 3438 2150 modi-
3465 2100 3711 2166 pariente
3737 2117 3838 2157 an-

2227 2173 2347 2228 cilla
2391 2176 2473 2230 vel
2521 2178 2736 2234 brevem
2782 2185 3253 2244 consolationem:
3299 2192 3420 2248 ideo
3466 2196 3581 2265 ipsa
3627 2213 3839 2256 nomen

2229 2283 2395 2358 puero
2427 2259 2687 2342 imponit,
2715 2279 3020 2350 gratiasque
3059 2284 3170 2353 agit
3204 2284 3429 2342 Domino
3466 2259 3562 2358 pro
3592 2301 3745 2346 natu.
3780 2295 3833 2346 7.

2229 2357 2294 2412 Et
2323 2364 2572 2432 concepit,
2595 2367 2783 2434 inquit,
2808 2369 2985 2424 iterum
3015 2371 3165 2427 Bulla
3187 2416 3202 2440 ,
3238 2386 3285 2428 et
3314 2357 3504 2447 peperit
3524 2382 3742 2449 ﬁlium;
3771 2387 3830 2440 8.

2226 2463 2273 2505 et
2301 2452 2431 2507 dixit
2463 2456 2656 2511 Rachel
2682 2475 2700 2512 :
2730 2460 2935 2530 Adjuvit
2963 2480 3040 2517 me
3075 2463 3214 2520 Deus
3233 2508 3248 2530 ,
3299 2480 3344 2523 et
3379 2483 3687 2528 eonversata
3715 2491 3835 2530 sum

2225 2559 2340 2597 cum
2370 2562 2542 2600 sorore
2566 2565 2695 2614 mea,
2723 2561 2769 2604 et
2795 2553 3007 2608 invului.
3051 2554 3116 2609 Et
3152 2559 3345 2613 vocavit
3373 2577 3556 2616 nomen
3578 2566 3692 2636 ejus
3723 2565 3836 2624 Ne.-

2227 2635 2497 2702 phthalim.
2539 2637 2606 2693 Et
2648 2640 2825 2696 didicit
2864 2655 3046 2715 postea
3087 2648 3368 2704 manifeste
3405 2669 3500 2721 per
3533 2635 3834 2727 ancillam,

2223 2725 2480 2782 Jacobum
2523 2746 2628 2784 non
2671 2733 2723 2786 in
2766 2748 2927 2789 causa
2967 2735 3132 2794 fuisse
3161 2755 3327 2809 quare
3368 2743 3549 2798 liberis
3589 2725 3828 2804 careret.

2225 2815 2351 2872 Ideo
2380 2828 2535 2874 natos
2555 2823 2706 2891 quasi
2734 2841 2860 2878 suos
2899 2825 3037 2881 filios
3065 2829 3346 2896 educavit,
3397 2843 3452 2889 et
3497 2837 3714 2891 nomina
3747 2841 3834 2894 eis

2229 2908 2503 2978 imposuit,
2539 2916 2823 2969 maximam
2857 2917 2981 2973 inde
3007 2921 3103 2976 sibi
3131 2922 3228 2991 ipsi
3255 2927 3678 2984 consolationem
3703 2947 3833 2988 esse

2223 3009 2358 3053 rata.
2385 3000 2439 3054 9.
2469 3001 2535 3056 Ut
2560 3014 2727 3057 autem
2752 3007 2872 3060 vidit
2893 3009 2989 3062 Lia
3013 3013 3148 3079 quod
3167 3026 3405 3070 cessasset
3427 3034 3624 3086 parere,
3649 3023 3832 3091 ctipsa

2222 3091 2464 3145 ancillam
2512 3110 2658 3148 suam
2703 3096 2952 3166 Zelphum
2991 3103 3129 3155 dedit
3153 3102 3346 3159 Iacobo
3377 3123 3580 3162 uxorem
3604 3127 3622 3164 :
3653 3114 3740 3167 10.
3780 3126 3830 3167 et

2222 3182 2485 3250 concepit,
2514 3195 2563 3238 et
2593 3191 2814 3258 peperit,
2852 3191 2935 3244 il.
2967 3191 3033 3244 Et
3062 3195 3186 3247 dixi:
3208 3195 3304 3249 Lia
3333 3214 3351 3250 :
3387 3197 3672 3256 Fortunata
3702 3206 3785 3275 fni
3811 3249 3826 3272 ,

2223 3270 2324 3325 hoc
2351 3283 2469 3338 est,
2540 3277 2653 3331 Voti
2700 3295 2919 3349 c0mpos
2947 3283 3081 3337 facta
3120 3301 3261 3341 sum.
3309 3287 3373 3341 Et
3401 3297 3591 3346 vocavit
3636 3311 3830 3351 nomen

2219 3365 2330 3433 ejus
2375 3364 2507 3419 Gad.
2557 3369 2623 3423 Et
2653 3374 2902 3439 quoniam
2948 3377 3120 3445 reipsa
3166 3380 3344 3434 evenit
3380 3385 3519 3452 quod
3562 3388 3823 3455 Optabat,

2219 3455 2422 3508 vocavit
2469 3473 2662 3512 notnen
2699 3461 2815 3529 ejus
2854 3463 2988 3518 Gad.
3027 3466 3110 3519 l2.
3165 3467 3232 3520 Et
3266 3474 3492 3540 concepit
3534 3477 3740 3544 adhuc,
3777 3495 3826 3536 et

2221 3550 2411 3615 peperit
2455 3549 2614 3603 alium
2647 3568 2666 3604 :
2700 3555 2781 3608 15.
2838 3555 3065 3627 dixitque
3109 3559 3205 3614 Lia
3254 3579 3273 3616 :
3319 3563 3473 3618 Beata
3516 3586 3650 3639 ego,
3698 3577 3826 3644 quia

2218 3637 2411 3691 beatam
2439 3658 2517 3694 me
2537 3643 2702 3698 dicent
2730 3648 2965 3703 mulieres
2992 3667 3010 3703 :
3037 3661 3084 3704 et
3105 3657 3296 3707 vocavit
3325 3673 3502 3712 nomen
3531 3662 3639 3730 ejus
3669 3665 3820 3719 Aser.

2287 3732 2340 3787 5.
2389 3733 2575 3788 Vidisti
2609 3739 2878 3804 quomodo
2905 3750 2959 3794 et
2983 3741 3097 3797 ha-c
3126 3757 3278 3800 natos
3305 3763 3369 3802 ex
3406 3752 3683 3806 ancill:th
3713 3757 3820 3810 sibi

2217 3829 2461 3895 proprios
2486 3827 2723 3894 haberet,
2755 3841 2803 3885 ct
2837 3832 3045 3888 beatam
3079 3851 3134 3890 se
3163 3854 3280 3893 esse
3309 3841 3470 3904 dicat,
3499 3853 3554 3896 et
3581 3846 3822 3900 beatitu-

2215 3920 2338 3973 dine
2364 3919 2573 3990 dignam
2606 3926 2673 3976 ob
2705 3928 3125 3992 procreationem
3169 3930 3416 3985 filiorum.
3455 3932 3559 3989 Sed
3607 3938 3729 3993 vide
3752 3955 3822 3995 ea

2216 4025 2425 4080 quoque
2446 4027 2562 4080 qua:
2590 4025 2707 4082 post
2739 4014 2853 4070 lucc
2881 4029 3027 4088 gesta
3061 4030 3202 4086 sunt,
3231 4034 3282 4074 ut
3313 4024 3490 4081 discas
3539 4031 3823 4097 quomodo

2215 4105 2490 4174 zelotypiae
2517 4107 2726 4162 affectio
2756 4109 2857 4165 huc
2879 4121 2933 4166 et
2960 4113 3082 4166 illuc
3110 4117 3382 4179 transibat,
3420 4128 3474 4172 et
3502 4137 3642 4175 nunc
3673 4122 3817 4189 inec,

2215 4210 2355 4248 nunc
2397 4196 2480 4249 illa
2521 4198 2943 4268 impugnabalur.
2974 4205 3057 4257 ll.
3091 4203 3155 4257 Et
3185 4207 3292 4272 ivit,
3327 4209 3515 4279 inquit,
3553 4211 3730 4266 Ruben
3761 4216 3818 4269 in

2213 4287 2387 4342 diebus
2413 4291 2586 4343 messis
2619 4294 2848 4357 triticea},
2883 4307 2928 4348 et
2957 4297 3140 4351 invenit
3179 4301 3315 4353 mala
3347 4304 3818 4374 mundragorarum

2212 4378 2262 4430 in
2293 4397 2436 4450 agro,
2467 4393 2513 4435 et
2543 4384 2708 4436 attulit
2736 4402 2794 4438 ea
2823 4391 2973 4440 matri
2999 4405 3124 4444 sum.
3158 4392 3396 4461 Dixitque
3425 4394 3616 4449 Rachel
3655 4398 3768 4453 Lia:
3797 4418 3819 4456 :

2211 4472 2294 4525 Da
2327 4475 2450 4526 mihi
2476 4475 2538 4526 de.
2563 4478 2914 4548 mandragoris
2942 4483 3038 4549 ﬁlii
3063 4484 3156 4536 tui.
3185 4485 3266 4538 15.
3300 4485 3442 4539 Dixit
3469 4501 3641 4542 autem
3675 4491 3770 4544 Liu
3800 4514 3819 4548 :

2215 4567 2333 4621 Non
2360 4571 2480 4621 satis
2505 4571 2590 4621 tibi
2612 4572 2747 4641 quod
2771 4576 3004 4641 occepisti
3037 4578 3196 4629 virum
3222 4595 3385 4632 meum
3406 4581 3431 4631 .9
3459 4599 3576 4632 num
3600 4593 3646 4634 et
3670 4601 3816 4637 man-

2209 4662 2451 4732 dragorus
2482 4664 2577 4730 ﬁlii
2607 4667 2703 4717 mei
2733 4667 2986 4734 accipies?
3033 4667 3190 4722 Vides
3231 4672 3498 4737 quomodo
3528 4675 3814 4740 a-grittnli—

2211 4768 2330 4805 nem
2377 4757 2538 4807 animi
2571 4758 2746 4810 verbis
2774 4759 3106 4813 manifestam
3161 4759 3318 4814 facit?
3363 4761 3481 4815 Non
3526 4766 3646 4816 satis
3692 4768 3806 4832 tibi,

2211 4844 2395 4912 inquit,
2429 4848 2563 4914 quod
2583 4851 2819 4917 accepisti
2847 4853 3008 4903 virum
3035 4855 3239 4906 meum?
3270 4872 3388 4907 num
3413 4866 3459 4908 et
3490 4859 3804 4929 mandrago-

2207 4951 2291 4989 ras
2326 4938 2418 5004 ﬁlii
2447 4940 2542 4990 ntei
2568 4941 2824 5008 accipies?
2859 4941 3000 4994 Dixit
3048 4953 3217 4996 autem
3270 4945 3466 5000 Rachel
3491 4965 3507 5001 :
3537 4948 3657 5002 Non
3686 4953 3761 5004 sic
3786 4968 3807 5005 :

2205 5027 2425 5080 dormint
2453 5041 2616 5082 tecum
2648 5043 2791 5086 nocte
2819 5033 2914 5086 hac
2944 5051 3034 5103 pro
3067 5038 3418 5108 utandragoris
3459 5042 3553 5108 lilii
3598 5057 3694 5094 tm.
3731 5043 3803 5096 Da

2206 5118 2331 5173 mihi
2351 5122 2415 5174 de
2433 5125 2819 5192 mandragoris,
2844 5137 2893 5181 et
2913 5129 3096 5196 accipe
3119 5129 3278 5184 hodie
3301 5141 3475 5185 tecum
3506 5135 3675 5186 virum
3701 5138 3800 5204 (b).

2210 5212 2335 5267 Vide
2365 5215 2632 5283 quomodo
2658 5217 3164 5274 exhibetm'afl‘ectui
3192 5223 3436 5276 llachelis
3463 5225 3684 5278 oinnino
3707 5229 3804 5282 de-

2202 5303 2361 5357 dilus.
2399 5306 2529 5359 Nam
2560 5310 2602 5360 si
2638 5317 2782 5361 tanto
2805 5309 2970 5364 choro
3001 5313 3228 5367 liliorunt
3263 5314 3370 5368 Lit!)
3403 5327 3546 5379 nato,
3579 5320 3673 5371 fuit
3700 5323 3796 5374 ad-

2262 5527 2333 5588 (a)
2371 5530 2606 5580 Hebraice
2644 5539 2716 5615 ῙἸ.
2753 5536 2890 5587 ltadix
2931 5546 3007 5586 est
3031 5537 3397 5619 unjttdirat'it.
3448 5545 3564 5592 Iline
3616 5559 3800 5595 ttotncn

2200 5633 2351 5681 puero
2375 5623 2554 5681 datum,
2579 5634 2629 5675 ut
2656 5629 2700 5674 ia
2728 5636 2866 5678 textu
2890 5631 3084 5679 dicitur.

2261 5706 2332 5767 (ἐν)
2369 5709 2662 5775 Existimavit
2689 5721 2829 5761 vetus
2868 5721 3112 5775 Interpres
3148 5718 3250 5765 lucc
3278 5721 3424 5767 verba
3449 5734 3510 5770 ex
3541 5731 3682 5772 tcuu
3724 5725 3798 5773 bi-

2198 5767 2320 5816 lalico
2347 5782 2475 5818 esse.
2517 5772 2606 5820 Sed
2647 5782 2754 5822 sunt
2797 5789 2824 5822 a
2860 5767 3191 5837 tzhrys'ostemo
3228 5781 3410 5842 adjecta

2196 5841 2356 5880 caesa.
