4086 6446
239 407 345 461 (ΗΞ

244 521 350 573 huc
382 536 565 577 amore
595 524 760 592 magis
793 536 1085 591 propensus
1117 522 1167 575 in
1200 521 1488 577 Rachelem
1511 542 1519 575 :
1545 525 1587 577 si
1622 524 1845 577 hocuou

244 616 434 668 fuisset
464 614 680 679 factum,
714 614 982 684 quomodo
1023 614 1164 670 ferre
1210 620 1470 685 potuisset
1515 615 1605 669 Lia
1646 618 1849 672 sororis

241 706 691 761 contubernium?
721 707 787 762 Ut
827 708 968 761 enim
1012 723 1228 762 omnem
1266 708 1363 762 viri
1398 717 1709 777 potestatem
1751 708 1843 761 Ιιςι-

246 797 400 861 hens,
419 790 494 851 ita
521 799 777 868 permittit
804 800 851 851 ei
885 814 980 868 pro
1004 800 1372 869 mandragoris
1399 799 1591 864 virum,
1623 811 1676 854 et
1697 799 1845 853 dicit:

244 888 483 952 Dormiat
499 891 647 943 hodie
664 901 825 941 tecum
852 907 943 959 pro
972 892 1343 960 mandragoris.
1372 890 1619 957 Satisfac,
1655 893 1844 960 inquit,

247 997 373 1037 meo
398 980 683 1045 desiderio,
716 990 770 1036 et
796 982 979 1050 accipe
1001 984 1193 1037 virum.
1217 985 1300 1038 16.
1333 985 1638 1039 Adveniente
1656 995 1846 1051 autem,

247 1071 441 1141 inquit,
471 1068 655 1134 Iacob,
691 1088 891 1141 egressa
933 1074 985 1125 in
1017 1089 1283 1126 occursum
1312 1075 1423 1141 ejus
1450 1074 1546 1127 Lia
1572 1076 1702 1129 dixit
1728 1091 1746 1128 :
1771 1074 1848 1127 Ad

250 1179 333 1216 me
357 1162 654 1231 ingrcdieris
678 1163 857 1226 hodie;
890 1163 1115 1217 mercede
1134 1166 1266 1216 enim
1294 1164 1513 1218 conduxi
1540 1175 1587 1218 te
1611 1167 1735 1218 mihi
1757 1182 1849 1234 pro

249 1254 607 1323 mandragoris
634 1255 731 1317 ﬁlii
754 1255 886 1308 mei:
917 1263 963 1308 et
1005 1254 1239 1308 dormivit
1289 1272 1404 1308 cum
1454 1272 1512 1308 ea
1563 1264 1709 1311 nocte
1733 1257 1843 1310 illa.

249 1346 340 1399 i7.
379 1344 442 1398 Et
469 1346 723 1398 exaudivit
753 1345 888 1399 Deus
918 1344 1084 1411 Liam,
1118 1355 1164 1399 et
1204 1347 1430 1415 concepit
1458 1356 1504 1399 et
1532 1348 1722 1415 peperit
1749 1345 1847 1399 Ia-

246 1436 374 1490 cobo
398 1438 626 1507 quintum
656 1438 836 1505 filium.
866 1438 950 1490 18.
980 1436 1047 1489 Et
1076 1438 1204 1491 dixit
1231 1437 1326 1490 Lia
1346 1454 1363 1491 :
1386 1437 1535 1491 Dedit
1567 1439 1691 1491 mihi
1714 1438 1851 1492 Deus

249 1528 531 1580 mercedem
552 1544 731 1590 meam,
759 1544 815 1581 eo
836 1529 973 1597 quod
989 1529 1106 1580 detli
1132 1530 1373 1581 ancillam
1401 1547 1564 1583 meam
1595 1531 1699 1582 viro
1718 1546 1846 1583 meo.

250 1619 321 1672 Et
348 1620 537 1671 vocavit
563 1636 744 1671 nomen
774 1621 883 1687 ejus
911 1618 1148 1684 Isachar,
1174 1636 1305 1689 quoa
1332 1630 1404 1673 est
1434 1638 1637 1673 merces.
1675 1620 1853 1672 Exan-

245 1709 395 1773 divit,
428 1709 617 1777 inquit,
653 1707 787 1762 Deus
818 1708 982 1762 Liam.
1017 1710 1146 1777 Quia
1172 1711 1385 1764 videbat
1411 1728 1525 1764 eam
1556 1712 1846 1776 dolentem,

249 1815 427 1869 neque
456 1799 609 1853 valde
639 1803 829 1853 marito
859 1810 1155 1869 acceptam,
1190 1802 1459 1855 exaudivit
1486 1818 1624 1866 cam,
1660 1803 1847 1871 inquit,

253 1894 414 1953 heus,
446 1904 497 1946 et
528 1897 752 1961 peperit,
786 1909 849 1947 ae
874 1893 1004 1947 dixit
1027 1916 1038 1947 :
1064 1893 1181 1947 Tuli
1226 1894 1549 1959 mercedem,
1595 1910 1661 1949 eo
1706 1894 1847 1964 quod

247 1983 370 2038 dedi
406 1984 650 2037 ancillam
695 2000 889 2036 meam.
945 1984 1229 2052 Propterea
1276 1986 1483 2037 vaeavit
1516 2001 1707 2037 nomen
1736 1985 1851 2053 ejus

250 2074 483 2128 lsaehar.
519 2075 606 2127 19.
647 2073 709 2126 Et
751 2075 980 2142 concepit
1021 2074 1191 2126 adhuc
1240 2074 1353 2136 Lia,
1390 2086 1432 2127 et
1461 2077 1655 2142 peperit
1685 2075 1850 2141 [ilium

246 2174 461 2219 sextum.
497 2164 587 2219 20.
628 2162 698 2217 Et
734 2166 860 2219 dixit
892 2164 989 2218 Lia
1012 2184 1029 2217 .'
1058 2164 1272 2218 Donavit
1314 2166 1438 2218 mihi
1479 2165 1614 2217 Deus
1660 2166 1850 2218 donum

250 2258 457 2309 bonum.
492 2255 647 2309 Nunc
674 2257 911 2326 temporis
939 2274 1016 2308 me
1046 2257 1190 2325 eliget
1218 2257 1290 2308 vir
1317 2274 1452 2309 meus
1468 2274 1486 2321 ;
1521 2258 1688 2326 peperi
1716 2257 1851 2309 enim

250 2350 296 2402 ei
326 2351 461 2414 ﬁlios
488 2366 596 2403 sex.
627 2349 693 2403 Et
724 2350 915 2403 vocavit
953 2366 1131 2401 nomen
1160 2351 1269 2417 ejus
1294 2348 1545 2401 Zabttlon.
1597 2348 1846 2413 Posthac,

247 2442 436 2511 inquit,
463 2442 709 2495 amabilis
737 2458 828 2495 ero
857 2451 911 2496 et
940 2457 1059 2510 ego,
1083 2442 1205 2511 quia
1230 2444 1406 2509 peperi
1436 2456 1526 2493 sex
1554 2441 1706 2493 illius.
1729 2439 1850 2494 Ideo

246 2532 461 2586 vocavit
486 2548 681 2587 nomen
709 2535 825 2599 ejus
862 2532 1118 2585 Zahnlott.
1164 2532 1252 2584 ﬁt.
1286 2530 1490 2597 Peperit
1518 2540 1684 2584 autem
1708 2541 1756 2585 et
1786 2532 1849 2598 ﬁ-

232 2622 391 2688 ,liam,
419 2630 465 2674 et
501 2624 691 2675 vocarit
722 2640 901 2675 nomen
944 2624 1055 2694 ejus
1108 2622 1261 2675 Dina.
1303 2622 1394 2674 22.
1442 2622 1751 2676 llecortlalus
1778 2632 1850 2676 est

244 2724 419 2765 autem
444 2711 580 2766 Deus
610 2712 866 2769 Rachelis.
895 2723 939 2766 et
970 2715 1228 2767 exaudivit
1256 2730 1389 2788 eam,
1436 2724 1481 2767 et
1511 2716 1709 2783 aperuit
1737 2716 1848 2784 ejus

244 2806 468 2859 vulvam.
492 2806 582 2861 25.
610 2806 675 2860 Et
705 2810 952 2877 concepit,
986 2817 1031 2861 et
1057 2808 1245 2877 peperit
1274 2808 1437 2876 ﬁlium
1460 2808 1672 2861 Iacobo.
1706 2807 1850 2862 Dixit

240 2910 412 2954 autem
467 2900 691 2954 Rachel:
715 2900 933 2954 Abstulit
959 2918 990 2953 a
1020 2918 1098 2953 me
1138 2900 1277 2954 Dens
1305 2903 1635 2971 opprobrium
1661 2918 1846 2955 meum.

241 2992 337 3047 24.
385 2990 448 3043 Et
500 2992 689 3043 vocavit
735 3008 916 3044 nomen
964 2993 1076 3061 ejus
1116 2990 1326 3061 Ioseph,
1367 2992 1848 3061 dicens:Apposuit

242 3082 375 3135 mihi
402 3082 533 3137 Deus
556 3083 718 3152 ﬁlium
749 3084 928 3137 alium.
964 3084 1182 3135 Abstulit
1207 3100 1236 3135 α
1265 3100 1359 3147 me,
1385 3084 1575 3153 inquit,
1604 3082 1740 3136 Deus
1757 3099 1842 3151 0p-

240 3175 504 3245 probrium
516 3192 537 3236 ;
560 3176 716 3228 solvit
736 3176 1067 3229 sterilitatem
1088 3192 1101 3227 :
1127 3175 1385 3243 propitius
1403 3175 1572 3228 factus
1592 3183 1674 3229 est
1693 3174 1846 3240 mihi,

240 3275 298 3319 et
323 3265 568 3319 idoneam
598 3265 721 3319 fecit
760 3265 825 3317 ad
858 3265 1243 3333 procreandum
1282 3265 1419 3318 tilias
1443 3282 1684 3332 vulvam,
1717 3266 1850 3319 libe-

244 3373 468 3425 ramque
496 3372 582 3411 me
611 3356 731 3411 fecit
753 3356 821 3410 ab
863 3356 1152 3427 opprobrio
1174 3371 1317 3411 meo.
1344 3356 1414 3409 Et
1442 3359 1630 3411 vocavit
1668 3375 1847 3413 nomen

240 3450 354 3518 ejus
382 3447 596 3517 Ioseph,
625 3448 796 3500 dicens
820 3463 839 3501 .'
866 3448 1121 3518 Apposuit
1155 3448 1278 3500 mihi
1302 3447 1439 3501 Deus
1468 3450 1632 3515 filium
1660 3448 1842 3502 alium.

244 3538 407 3593 Vides
436 3539 704 3608 quomodo
743 3538 999 3607 paulatim
1045 3538 1431 3608 promissiones
1479 3540 1571 3594 Dei
1622 3542 1673 3594 iu
1713 3556 1848 3610 opus

240 3628 473 3696 egressa:
500 3628 658 3682 sunt?
686 3628 823 3683 Ecce
868 3628 1011 3682 enim
1055 3638 1312 3697 quantum
1352 3639 1573 3699 repente
1621 3631 1846 3685 clauum

244 3720 479 3774 filiorum
508 3721 648 3775 circa
694 3736 751 3774 se
785 3719 967 3774 habuit
1009 3720 1208 3790 justus,
1250 3731 1469 3790 propter
1510 3721 1848 3777 manifestam

246 3812 339 3863 Itt-i
380 3827 502 3880 erga
533 3827 594 3866 se
640 3811 1045 3880 providentiam.
1092 3811 1353 3877 Quoniam
1401 3814 1546 3866 enim
1599 3828 1844 3883 magnam

244 3918 353 3971 prm
383 3918 441 3957 se
472 3905 589 3956 tulit
618 3904 943 3973 patientiam,
976 3905 1380 3974 quatuordeeim
1421 3906 1575 3959 anuis
1612 3909 1845 3959 servitu-

242 4003 351 4048 tcttt
375 3996 568 4061 ferens,
594 4003 873 4064 praptcrea
893 4006 948 4050 et
974 3996 1348 4055 universorum
1378 3998 1633 4051 Dominus
1657 4013 1841 4052 retun-

243 4102 437 4140 ncraus
458 4086 586 4156 justi
618 4086 895 4157 pietatem,
945 4089 997 4141 in
1041 4097 1247 4142 tantum
1273 4104 1398 4143 eum
1424 4104 1669 4145 crescere
1696 4089 1842 4156 fecit,

243 4188 301 4230 ut
331 4188 383 4231 et
410 4179 631 4248 posthac
659 4180 951 4233 invidiosus
991 4181 1108 4234 aliis
1147 4180 1322 4247 fieret,
1353 4183 1491 4236 sicut
1520 4197 1583 4235 ex
1611 4197 1845 4252 sequen-

242 4270 386 4324 tibus
416 4270 701 4336 discemus,
734 4288 851 4341 qua:
878 4271 1071 4326 vellem
1100 4282 1443 4342 pertractare.

349 4364 402 4417 6.
465 4363 680 4418 Moralis
743 4363 971 4435 epilogus
1013 4380 1033 4429 ,'
1095 4366 1375 4419 htmtanum
1429 4368 1677 4421 auxilium
1741 4385 1841 4421 non

238 4456 860 4526 qttcerendum.—Verum
894 4473 962 4512 ne
1003 4459 1261 4527 prolixius
1304 4474 1610 4513 sermonem
1650 4469 1842 4514 exten-

237 4546 464 4611 damus,
513 4562 647 4601 neve
692 4548 949 4602 molestus
992 4562 1112 4603 esse
1142 4549 1325 4603 videar
1367 4548 1575 4603 caritati
1612 4558 1838 4615 vestrm,

240 4638 286 4692 si
321 4640 513 4707 placet,
562 4654 682 4708 quce
713 4641 912 4710 reliqua
938 4651 1063 4695 sunt
1090 4641 1139 4695 in
1180 4627 1494 4711 sequent'em
1525 4643 1839 4698 concionem

242 4731 603 4795 rcservaturi,
639 4732 883 4786 finiamus
940 4732 1025 4786 hic
1069 4748 1375 4805 sermooem
1404 4776 1419 4797 ,
1466 4734 1589 4787 illud
1622 4735 1837 4790 interim

238 4822 513 4876 Caritatem
564 4834 791 4877 vestram
822 4824 1173 4880 admonentes
1193 4866 1208 4892 ,
1243 4834 1298 4878 ut
1320 4840 1507 4881 eorum
1538 4841 1656 4895 qum.
1697 4825 1837 4880 dicta

208 4922 365 4967 .snut
395 4929 687 4979 memores,
720 4915 998 4969 imitemini
1043 4916 1338 4986 priscormn
1384 4918 1635 4971 virtutem
1657 4958 1672 4983 ,
1703 4917 1839 4972 tilias

236 5002 500 5057 eloeando
528 5044 544 5068 ,
591 5020 786 5074 pueros
834 5007 1017 5076 nuptni
1068 5007 1359 5071 tradendo,
1420 5017 1598 5061 vestra
1641 5009 1839 5065 virtute

240 5094 331 5149 hei
363 5096 586 5163 gratiam
619 5098 905 5151 conciliare
942 5098 1094 5153 vobis
1118 5098 1401 5153 studcndo.
1444 5097 1576 5153 Nam
1600 5114 1720 5154 cum
1746 5099 1838 5155 illo

236 5186 394 5241 nobis
417 5186 621 5240 amicus
649 5185 825 5249 fuerit,
854 5188 1063 5243 etiamsi
1096 5190 1146 5243 in
1170 5191 1340 5246 aliena
1373 5198 1513 5245 terra
1540 5189 1798 5246 fuerimus
1820 5231 1833 5256 ,

234 5279 447 5333 etiamsi
476 5278 544 5333 ab
587 5281 834 5334 onmibus
857 5281 1130 5349 destituti,
1163 5284 1371 5338 etiamsi
1410 5285 1574 5339 nullis
1601 5285 1835 5356 cogniti,

234 5372 484 5425 omnibus
528 5372 725 5425 erimus
777 5373 1053 5426 clariores.
1097 5373 1236 5428 Nihil
1280 5376 1423 5431 enim
1472 5362 1691 5433 beatius
1722 5377 1838 5431 viro

232 5478 463 5532 superna
495 5480 652 5519 manu
704 5466 905 5535 adjuto.
942 5467 1151 5522 Etenim
1185 5468 1370 5524 beatus
1408 5469 1575 5525 Iacob
1604 5470 1696 5527 illo
1727 5469 1833 5526 fre-

236 5544 321 5610 tus
365 5558 652 5625 pramidio,
705 5559 759 5613 in
805 5569 1002 5613 tantam
1047 5562 1299 5629 paulatim
1341 5562 1566 5633 gloriam
1618 5576 1836 5619 evectus

232 5660 347 5712 est,
380 5660 434 5702 ιιι
464 5658 517 5703 ct
562 5652 625 5703 iis
664 5653 750 5721 qui
794 5662 899 5707 tam
950 5654 1119 5707 amice
1161 5634 1510 5724 exceperant,
1543 5656 1837 5712 invidiosus

234 5741 301 5795 sit
331 5741 517 5794 iactus.
550 5740 658 5795 Hoc
688 5742 845 5812 igitur
871 5751 926 5798 et
948 5758 1046 5798 nos
1075 5744 1389 5799 Studeamus
1412 5787 1427 5811 ,
1461 5754 1517 5798 ut
1543 5760 1833 5816 sitpernnm

230 5832 575 5905 acquirantus
611 5835 864 5890 auxilium
886 5878 899 5902 ,
932 5845 985 5891 et
1026 5851 1130 5892 non
1158 5837 1225 5893 ad
1255 5836 1517 5894 humanos
1564 5837 1837 5910 confugia-

1216 483 1228 492 _
1280 407 1339 460 IN
1381 405 1528 462 C.\l‘.
1583 409 1746 464 XXX.
1790 408 2034 465 GENl-IS.
2082 407 2309 463 HOMIL.
2355 408 2512 463 LVII.

3455 413 3554 469 ιιι

1955 540 2073 577 mlh
2098 522 2425 593 principatus
2444 564 2459 590 ,
2492 539 2663 594 neque
2692 524 2899 579 illorum
2926 525 3229 594 prmsidinm
3252 534 3545 587 sectentur:

1954 614 2082 670 nihil
2115 617 2257 670 enim
2289 616 2678 686 periculosius;
2731 617 2781 672 id
2811 617 2952 688 quod
2998 634 3177 672 rerum
3227 621 3558 689 aperit-mia

1952 707 2079 761 satis
2110 707 2388 761 discimus.
2420 707 2625 761 Etenim
2659 708 2901 763 videmus
2940 709 3177 778 quotidie
3204 726 3290 765 res
3320 726 3380 766 se
3408 720 3551 769 tanta

1954 799 2232 853 velocitate
2259 799 2323 852 ad
2351 800 2699 854 mutationem
2730 801 2986 854 inclinare
3004 842 3020 866 ,
3045 812 3101 856 et
3127 803 3260 857 verti
3292 804 3342 856 in
3370 803 3553 858 diver-

1953 904 2070 943 sum
2099 890 2309 955 omnia,
2340 905 2572 959 eumque
2599 889 2688 961 qui
2722 890 2774 944 in
2803 906 3010 945 summa
3040 892 3399 961 prosperitate
3430 909 3558 962 pan-

1955 979 2005 1033 lo
2036 989 2157 1033 ante
2184 988 2329 1043 erat,
2365 980 2542 1034 subito
2570 981 2620 1034 in
2648 990 2942 1036 extremam
2973 980 3336 1037 infelicitatem
3364 983 3550 1053 dejiei,

1958 1086 2018 1125 ac
2048 1087 2197 1124 reum
2226 1087 2369 1140 saepe
2415 1072 2773 1141 agi.'Quanta:
2816 1072 2979 1142 igitur
3018 1073 3341 1142 insipientia:
3367 1075 3550 1130 fuerit.

1954 1160 2143 1215 horum
2171 1177 2408 1231 quaerere
2438 1163 2744 1233 pnesidium
2765 1203 2780 1228 ,
2813 1164 2901 1232 qui
2930 1166 2981 1216 in
3012 1172 3117 1217 tam
3166 1165 3371 1219 incerto
3419 1176 3561 1219 statu

1956 1265 2236 1309 versantur
2259 1297 2274 1322 ,
2308 1271 2371 1310 ac
2398 1272 2463 1310 ne
2507 1271 2602 1310 sua
2648 1255 2865 1326 quidem
2896 1265 3118 1325 possunt
3168 1256 3220 1310 in
3252 1265 3366 1310 tuto
3391 1258 3559 1311 collo«

1956 1344 2130 1399 care?
2176 1343 2298 1398 Ideo
2343 1346 2409 1399 ab
2436 1347 2579 1399 omni
2631 1347 2865 1400 humano
2910 1346 3158 1415 prmsidio
3200 1346 3567 1415 desismmus,

1956 1451 2224 1489 memores
2250 1440 2410 1489 etiam
2434 1437 2709 1506 prOpheta:
2734 1437 2961 1492 dicentis
2993 1454 3007 1491 :
3041 1438 3346 1492 Maledictus
3375 1439 3527 1493 homo
3545 1477 3561 1505 ,

1954 1526 2039 1593 qui
2078 1542 2219 1593 spem
2264 1528 2405 1593 ponit
2450 1527 2500 1579 in
2541 1528 2744 1581 nomine
2772 1526 2903 1594 (Ier.
2941 1529 3028 1582 i7.
3058 1528 3137 1597 5).
3173 1528 3337 1582 Vides
3387 1529 3551 1583 talem

1960 1616 2228 1670 hominem
2261 1634 2365 1670 non
2413 1618 2586 1671 solum
2638 1619 3012 1687 insipientem,
3063 1620 3155 1673 sed
3186 1621 3347 1673 etiam
3387 1614 3567 1675 male;

1956 1707 2152 1761 dictum
2181 1724 2297 1761 esse
2324 1726 2336 1761 :
2366 1718 2551 1777 utpote
2580 1710 2668 1778 qui
2699 1710 2883 1763 relicto
2915 1710 3141 1762 Domino
3172 1712 3408 1764 omnium
3437 1750 3451 1776 ,
3494 1710 3559 1764 ad

1956 1813 2273 1852 conservum
2320 1801 2525 1865 currit,
2571 1800 2663 1869 qui
2706 1802 3053 1869 semetipsum
3094 1801 3282 1868 juvare
3336 1802 3563 1871 nequit?

1958 1889 2242 1959 Fugiamus
2274 1892 2433 1960 igitur
2488 1892 2916 1947 maledictionem
2969 1892 3136 1957 hanc,
3182 1910 3313 1958 oro,
3361 1906 3416 1948 ct
3444 1911 3564 1948 om-

1957 1997 2076 2034 nem
2127 1997 2276 2050 Spem
2310 1983 2359 2036 in
2405 1983 2570 2037 Deum
2613 1985 3015 2038 transferamus.
3068 1985 3169 2038 Ista
3214 1986 3356 2038 enim
3390 1985 3556 2039 solida

1956 2080 2037 2126 est
2066 2083 2115 2125 et
2162 2072 2450 2127 immobilis
2476 2084 2529 2129 et
2561 2076 2738 2127 nescia
2775 2074 3190 2141 vicissitudinis,
3223 2076 3373 2142 cujus
3405 2077 3561 2145 plena

1959 2173 2039 2215 est
2071 2163 2154 2215 illa
2184 2180 2339 2232 quam
2371 2166 2420 2217 in
2469 2164 2771 2219 hominibus
2800 2165 3081 2221 habemus.
3117 2166 3211 2220 Vel
3243 2168 3385 2221 enim
3420 2182 3566 2221 mors

1956 2254 2094 2307 tollit
2123 2255 2411 2309 luunanum
2460 2258 2794 2325 pra-sidiam,
2826 2266 2879 2311 et
2908 2272 3001 2311 eos
3029 2258 3117 2325 qui
3150 2257 3215 2311 ad
3248 2261 3347 2311 hoc
3373 2257 3563 2310 confo—

1956 2345 2136 2413 giunt,
2189 2346 2460 2401 solitarios
2506 2348 2781 2416 nudosque
2826 2348 3080 2417 relinquit
3129 2356 3230 2401 :ct
3278 2347 3357 2400 vel
3407 2347 3564 2399 etiam

1955 2446 2080 2488 ante
2129 2448 2357 2490 mortem
2403 2440 2627 2491 mutatio
2672 2454 2853 2492 rerum
2902 2439 3164 2493 ambobus
3212 2439 3390 2492 omnia
3433 2454 3567 2491 vana

1957 2526 2147 2579 reddit.
2204 2528 2366 2581 Plena
2395 2538 2478 2583 est
2531 2529 2644 2582 iure
2688 2531 2792 2583 vita
2824 2531 3085 2599 exemplis
3115 2530 3330 2585 talibus.
3368 2529 3491 2584 Ideo
3525 2530 3557 2583 ii

1956 2628 2075 2687 post
2098 2628 2295 2671 tantam
2326 2620 2715 2688 experientiam
2753 2621 2901 2674 nulla
2930 2621 3080 2674 venia
3115 2630 3237 2674 sunt
3267 2619 3443 2688 digni,
3481 2620 3566 2688 qui

1954 2708 2131 2763 adhuc
2175 2710 2406 2764 humano
2458 2712 2699 2764 nituntur
2747 2712 3028 2780 praesidio,
3062 2721 3116 2764 et
3155 2726 3297 2779 Sa-pe
3329 2711 3560 2774 abillis,

1955 2799 2045 2868 qui
2097 2802 2175 2854 eis
2208 2802 2455 2871 opitulari
2507 2802 2862 2868 videbantur,
2919 2802 3121 2871 inﬁnita
3176 2802 3314 2859 mala
3364 2800 3566 2855 ferunt.

1954 2892 2204 2963 ansque
2230 2894 2372 2947 enim
2395 2894 2565 2947 crevit
2592 2894 2809 2959 maltia,
2837 2904 2889 2946 ut
2918 2894 3052 2947 mala
3086 2893 3382 2963 rependant
3407 2892 3565 2947 etiam

1959 2985 2025 3038 iis
2051 2986 2140 3054 qui
2175 2990 2319 3054 ipsos
2366 3001 2711 3055 summopere
2740 2986 3011 3041 colebant.
3050 2986 3246 3039 Verum
3274 2985 3413 3053 apud
3446 2985 3567 3038 uni-

1955 3091 2231 3129 versorum
2265 3077 2429 3130 Deum
2462 3092 2617 3130 secus
2655 3092 2741 3130 res
2771 3090 2830 3130 se
2859 3076 3017 3129 habet
3046 3093 3059 3142 ;
3096 3091 3215 3129 nam
3246 3076 3367 3129 licet
3392 3075 3566 3144 quoti-

1955 3166 2041 3220 die
2067 3167 2259 3238 ingrati
2289 3168 2487 3222 simus.
2522 3167 2789 3223 benefacit
2817 3177 2994 3222 tamen
3018 3209 3033 3233 ,
3062 3182 3271 3235 suoque
3312 3167 3567 3238 praesidio

1956 3274 2054 3313 nos
2080 3275 2185 3313 non
2214 3260 2481 3320 destituit.
2518 3277 2621 3313 non
2670 3260 2737 3313 ad
2796 3260 3061 3330 ingratum
3094 3270 3337 3315 nostrum
3390 3259 3564 3329 resili-

1954 3353 2101 3405 ciens
2129 3348 2385 3417 animum,
2407 3353 2499 3406 sed
2528 3353 2581 3405 in
2605 3351 2856 3406 omnibus
2888 3367 2983 3421 pro
3006 3366 3100 3405 sua
3129 3366 3294 3420 agens
3320 3351 3554 3405 clemen-

1956 3444 2063 3495 tia:
2096 3459 2197 3511 qua
2232 3444 2383 3497 nobis
2436 3444 2687 3498 omnibus
2739 3442 2839 3496 frui
2889 3442 3216 3498 concedatur
3242 3485 3256 3506 ,
3289 3443 3462 3509 gratia
3509 3451 3560 3496 et

1954 3533 2319 3587 misericordia
2372 3535 2579 3587 Domini
2627 3535 2795 3587 nostri
2828 3533 2955 3589 Jesu
3000 3531 3238 3600 Christi,
3288 3549 3409 3585 cum
3456 3548 3563 3601 quo

1955 3624 2095 3677 l‘atri
2138 3624 2296 3677 simul
2328 3636 2381 3678 et
2424 3624 2643 3694 Spiritui
2668 3634 2854 3679 sancto
2894 3625 2964 3679 sit
2994 3624 3158 3694 gloria
3186 3666 3199 3689 ,
3236 3624 3560 3691 imperium,

1955 3716 2155 3782 honor,
2206 3733 2347 3771 nunc
2377 3726 2430 3772 et
2474 3733 2721 3787 semper,
2764 3726 2817 3772 et
2868 3718 2920 3771 in
2962 3717 3158 3773 smcula
3215 3716 3556 3770 saeculorum.

1952 3807 2141 3863 Amen.

2494 3919 2775 3975 HOMILIA
2856 3920 3015 3975 LVII.

1951 4037 2174 4091 Factum
2198 4048 2268 4090 est
2298 4048 2465 4089 autem
2494 4047 2761 4106 postquam
2789 4036 2980 4105 peperit
3010 4035 3204 4089 Rachel
3231 4032 3447 4106 Ioseph,
3475 4034 3557 4088 di-

2019 4131 2091 4183 a'it
2121 4127 2282 4181 Iacob
2305 4130 2371 4180 ad
2400 4126 2573 4180 Laban
2606 4143 2625 4180 :
2653 4126 2865 4180 Dimitte
2889 4142 2984 4189 me,
3018 4136 3073 4179 ut
3103 4125 3279 4179 abeam
3308 4126 3361 4179 in
3388 4127 3556 4180 locum

2022 4238 2188 4275 meum
2208 4231 2253 4275 et
2281 4222 2334 4275 in
2362 4230 2547 4275 terram
2573 4237 2735 4275 meam
2755 4218 2910 4291 (Gen.
2926 4220 3015 4275 '50.
3041 4219 3150 4289 25).

2023 4357 2073 4410 1.
2094 4355 2343 4426 Exempla
2366 4366 2661 4409 sanctorum
2685 4354 2935 4408 imitanda
2971 4353 3117 4409 nobis
3156 4353 3395 4424 proponit
3419 4353 3560 4411 Scri-

1947 4460 2121 4518 ptura.
2156 4447 2548 4501 Mattsuetudine
2589 4446 2721 4501 nihil
2758 4446 2995 4500 validius.
3028 4475 3100 4487 —
3122 4444 3395 4515 Reliquias
3439 4444 3554 4501 heri

1945 4538 2209 4593 dictorum
2263 4548 2504 4594 nostrum
2541 4548 2625 4594 est
2649 4537 2810 4593 hodie
2838 4545 3032 4593 vestra:
3056 4537 3263 4593 caritati
3288 4537 3551 4605 reddere,

1947 4642 2005 4686 ut
2039 4648 2104 4685 ex
2152 4631 2235 4685 his
2265 4647 2382 4702 qua:
2413 4648 2556 4685 nunc
2600 4630 2855 4685 dicuntur
2882 4630 3155 4685 discentes
3182 4638 3236 4685 et
3263 4629 3554 4700 providen-

1949 4725 2072 4779 tiam
2105 4726 2194 4779 Dei
2213 4766 2226 4785 .
2256 4740 2415 4795 quam
2452 4740 2579 4794 erga
2603 4722 2774 4779 Iacob
2801 4722 3120 4789 declaravit,
3140 4731 3195 4777 et
3216 4723 3345 4791 justi
3380 4723 3554 4793 pieta-

1947 4826 2054 4870 tem
2086 4825 2420 4887 speCtantes,
2455 4815 2723 4870 imitemur
2751 4815 2869 4884 ejus
2898 4814 3165 4869 virtutem.
3197 4812 3382 4884 Neque
3401 4816 3547 4870 enim

1944 4914 2150 4979 absque
2192 4927 2353 4967 causa
2404 4911 2575 4966 sancti
2628 4910 2862 4981 Spiritus
2901 4911 3072 4982 gratia
3121 4910 3349 4980 scriptas
3397 4910 3557 4964 nobis

1945 5004 2159 5074 reliquit
2206 5003 2366 5059 hasce
2416 5004 2700 5068 historias,
2732 5002 2829 5059 sed
2873 5012 2932 5058 ut
2960 5002 3027 5057 ad
3066 5001 3466 5057 aemulationem
3498 5008 3555 5056 ct

1945 5097 2297 5155 imitationem
2349 5106 2618 5153 tantorum
2688 5097 2924 5151 virorum
2988 5104 3263 5166 provocet.
3324 5093 3555 5162 Quando

1945 5189 2087 5243 enim
2148 5188 2396 5243 audimus
2454 5187 2611 5258 hujus
2675 5186 2891 5257 quidem
2952 5186 3347 5253 obedientiam,
3400 5185 3555 5239 istius

1945 5292 2123 5336 autem
2167 5282 2586 5347 continentiam,
2617 5279 2765 5335 illius
2809 5295 2937 5334 vero
2964 5280 3017 5333 in
3065 5278 3366 5349 hospitibus
3394 5277 3549 5335 colli.

1944 5375 2131 5446 gendis
2157 5374 2574 5430 sollicitudinem
2595 5415 2612 5442 ,
2644 5387 3002 5443 magnamque
3025 5371 3361 5441 singulorum
3385 5371 3555 5425 virtu-

1948 5479 2154 5531 tem,ac
2202 5467 2473 5539 quomodo
2532 5468 2868 5532 claruerint,
2933 5466 3001 5522 ad
3054 5465 3250 5522 similia
3310 5463 3552 5520 facienda

1942 5563 2263 5618 excitamur.
2306 5563 2419 5633 Age
2449 5561 2611 5631 igitur
2637 5560 2704 5615 ad
2736 5576 2799 5617 ea
2832 5576 2954 5631 qua:
2988 5559 3169 5615 relicta
3202 5566 3327 5614 sunt
3372 5557 3425 5612 in
3472 5557 3554 5613 hi-

1944 5654 2108 5710 storia
2141 5653 2287 5709 illius
2306 5652 2437 5724 justi
2466 5652 2626 5708 hodie
2645 5651 2987 5720 accedentes,
3024 5652 3184 5707 finem
3212 5653 3552 5721 imponamus

1942 5746 2197 5801 sermoni.
2240 5743 2331 5801 25.
2384 5743 2606 5799 Factum
2661 5755 2735 5800 est
2778 5756 2983 5811 autent,
3034 5745 3238 5815 inquit,
3287 5755 3553 5815 postquam

1940 5842 2135 5911 peperit
2170 5838 2360 5900 Rachel
2386 5835 2615 5910 Ioseph,
2641 5838 2771 5893 dixit
2797 5837 2960 5897 Iacob
2985 5837 3052 5891 ad
3087 5836 3260 5891 Laban
3293 5853 3310 5888 :
3344 5835 3554 5891 Dimitte
