4086 6424
580 383 686 440 ωε

577 511 659 551 nte
679 537 696 563 ,
724 505 781 550 ut
808 495 982 552 abeant
1006 497 1057 553 in
1095 498 1261 552 locum
1303 515 1469 553 meum
1491 509 1539 553 et
1563 499 1616 553 in
1641 509 1831 554 terram
1859 515 2041 554 meam.
2073 496 2164 554 26.

585 590 762 644 Redde
787 590 913 645 milii
935 606 1118 646 uxores
1135 603 1184 644 et
1207 587 1344 660 filios
1363 607 1500 646 meos
1522 608 1618 662 pro
1643 591 1822 663 quibus
1847 591 2030 647 servivi
2058 591 2166 646 tibi.

583 678 718 736 Vide
740 680 867 750 justi
912 683 1160 751 magnam
1187 681 1242 736 in
1269 682 1460 738 allectu
1514 683 1831 753 probitatem
1853 726 1870 750 ,
1897 683 2169 756 quomodo

580 771 772 827 videns
791 771 1070 828 manifeste
1094 772 1259 828 Deum
1282 773 1364 828 sui
1391 773 1590 830 habere
1607 789 1790 830 curam
1816 817 1831 838 ,
1859 791 1964 829 non
1988 790 2168 845 snper-

581 860 709 919 bivit
733 870 916 917 contra
948 861 1163 930 Laban,
1211 863 1306 920 sed
1350 879 1472 920 cum
1521 881 1710 936 magna
1759 867 2168 921 mansuetudine

580 950 751 1018 dixit,
803 951 1013 1007 Dimitte
1044 969 1154 1021 me,
1209 963 1267 1008 ut
1303 956 1499 1010 abeam.
1553 954 1692 1011 Vere
1733 955 1866 1010 nihil
1910 972 2164 1012 mansue-

579 1042 760 1100 tudine
804 1044 1067 1114 validius,
1112 1047 1245 1102 nihil
1309 1050 1609 1119 potentius.
1650 1047 1786 1106 Vide
1814 1049 1973 1120 igitur
2028 1064 2167 1120 quo-

579 1135 740 1190 modo
787 1138 1016 1207 primum
1087 1141 1492 1198 mansuetudine
1543 1157 1672 1199 usus
1710 1183 1725 1207 ,
1778 1145 1956 1201 effecit
2003 1155 2059 1201 ut
2111 1155 2169 1202 et

580 1226 757 1284 Laban
797 1245 989 1302 magna
1025 1233 1074 1286 ei
1113 1232 1480 1290 benevolentia
1509 1235 1893 1307 responderit.
1931 1239 2022 1295 27.
2069 1239 2166 1293 Di-

573 1319 648 1373 xit
682 1322 814 1374 enim
838 1322 885 1375 ei
896 1364 913 1388 ,
944 1322 1115 1393 inquit
1137 1364 1153 1389 ,
1193 1323 1367 1380 Laban
1396 1343 1416 1380 :
1464 1325 1526 1381 Si
1550 1327 1718 1383 inveni
1753 1330 1971 1400 gratiam
1995 1347 2165 1385 coram

575 1421 624 1462 te
647 1451 662 1479 ,
703 1412 948 1481 siquidem
985 1417 1270 1486 conjectare
1303 1429 1438 1472 certe
1475 1435 1681 1489 possunt
1717 1422 1856 1491 quod
1895 1423 2164 1477 benedice-

574 1501 641 1553 rit
661 1517 740 1554 me
762 1501 902 1557 Deus
927 1503 979 1557 in
1003 1504 1229 1575 ingressu
1251 1517 1338 1562 tuo
1357 1507 1473 1566 .28.
1502 1507 1690 1564 Indica
1721 1511 1849 1565 mihi
1887 1514 2164 1567 mercedem

575 1600 735 1658 tuam,
766 1602 815 1645 et
861 1593 1014 1650 dabo.
1042 1595 1157 1649 Non
1206 1597 1394 1667 ignoro
1417 1640 1433 1666 ,
1466 1601 1672 1670 inquit,
1707 1612 1828 1672 post
1873 1602 2163 1660 adventum

577 1692 724 1738 tuum
745 1686 1152 1755 locupletiorem
1175 1690 1303 1745 mihi
1324 1691 1556 1748 divinam
1586 1693 2011 1752 benevolentiam
2036 1712 2166 1753 cou-

576 1775 780 1844 tigisse.
809 1774 973 1846 Igitur
1000 1779 1122 1847 quia
1159 1783 1334 1836 sentio
1357 1782 1614 1839 beneﬁcia
1642 1801 1764 1856 qua:
1785 1787 1916 1841 mihi
1945 1798 2165 1860 propter

571 1867 857 1922 adventum
907 1879 1054 1924 tuum
1101 1871 1223 1927 data
1269 1884 1424 1939 sunt,
1453 1887 1707 1946 quantam
1747 1879 1828 1935 vis
1857 1881 2164 1940 mercedem

575 1957 769 2020 imlica,
792 1967 847 2012 et
867 1975 966 2030 ego
997 1974 1239 2033 prompte
1271 1968 1557 2034 praestabo.
1587 1971 1877 2029 Considera
1907 1986 2164 2045 quantum

575 2048 746 2103 valeat
777 2054 1170 2110 mansuetudo:
1205 2071 1272 2112 ne
1304 2059 1663 2127 perfunctorie
1687 2064 1889 2122 dictum
1919 2077 2163 2124 transea-

577 2154 730 2207 mus;
761 2142 854 2198 sed
877 2145 1095 2200 attende
1123 2150 1397 2218 quomodo
1415 2152 1596 2222 justus
1627 2172 1800 2229 neque
1828 2161 2164 2230 cogitaverit,

575 2245 749 2300 neque
795 2236 1126 2292 mentionem
1154 2239 1357 2308 iecerit,
1395 2259 1571 2316 neque
1615 2251 1918 2319 requisierit
1957 2269 2166 2310 merce-

573 2320 694 2376 dem
746 2323 1028 2393 laborum;
1055 2330 1149 2384 sed
1199 2331 1300 2388 hoc
1330 2335 1502 2392 solum
1545 2338 1780 2408 dixerit,
1811 2342 1989 2400 Redde
2039 2349 2165 2402 mihi

574 2430 758 2469 uxores
782 2425 829 2469 et
851 2416 1033 2473 liberos
1063 2438 1156 2490 pro
1188 2424 1370 2496 quibus
1391 2430 1571 2484 servitii
1599 2431 1719 2499 tibi,
1747 2445 1802 2488 ut
1829 2435 2002 2490 abeam
2028 2453 2047 2493 :
2074 2439 2163 2494 ille

574 2506 837 2560 reveritus
852 2508 980 2576 justi
1005 2527 1250 2584 magnam
1275 2521 1601 2588 aequitatem,
1633 2524 1803 2596 inquit
1835 2545 1850 2582 :
1882 2528 1974 2584 Dic
2001 2545 2162 2600 quam

574 2595 652 2649 vis
683 2596 776 2651 tibi
803 2601 1108 2657 mercedem
1139 2620 1168 2658 a
1196 2622 1282 2662 me
1310 2609 1425 2666 dari
1444 2653 1460 2678 ,
1482 2625 1535 2668 et
1557 2595 1980 2688 illamprompte
2000 2595 2163 2680 dabo.

577 2684 768 2740 Annon
799 2703 919 2743 cum
952 2691 1070 2762 ipso
1097 2708 1252 2753 erant
1286 2703 1543 2762 mulieres
1572 2717 1627 2762 et
1655 2684 2040 2780 puerilQuare
2067 2715 2167 2787 igi-

577 2782 665 2830 tur
685 2778 849 2844 dixit,
876 2780 1053 2839 Redde
1080 2789 1205 2844 milii
1232 2808 1414 2849 uxores
1438 2807 1485 2850 et
1503 2815 1688 2868 pueros
1709 2802 1736 2856 .’
1763 2778 1930 2874 Digne
1961 2778 2169 2864 honore

574 2881 699 2922 eum
748 2885 1106 2944 proscquutus
1135 2890 1254 2949 est,
1290 2899 1554 2958 suumque
1597 2907 1802 2950 morem
1855 2913 1950 2968 per
1983 2902 2165 2958 omnia

573 2956 849 3026 observat,
873 2973 928 3018 ct
956 2964 1124 3023 libere
1153 2970 1430 3032 discedere
1457 2956 1726 3040 vult.Vide
1755 2956 1915 3056 igitur
1934 3004 1999 3045 ex
2035 3005 2158 3047 ver-

575 3047 656 3140 bis
681 3047 810 3118 ipsis
838 3058 1108 3122 quomodo
1133 3068 1355 3120 attraxit
1379 3067 1673 3140 Lnbanmn,
1692 3085 1746 3130 ut
1774 3047 1834 3133 se
1859 3083 2161 3140 mercedem

574 3137 826 3196 daturum
857 3158 1049 3214 sponte
1082 3155 1392 3222 promittat,
1424 3170 1583 3231 atque
1612 3137 1930 3225 electionem
1962 3174 2010 3228 ei
2039 3189 2164 3245 per-

575 3230 771 3285 mittat.
822 3235 959 3303 Quid
1006 3239 1168 3311 igitur
1214 3245 1430 3314 justus?
1456 3230 1590 3310 Vide
1618 3261 1996 3334 excellentem
2039 3230 2168 3336 .ejtts

579 3329 1069 3419 mansuetudinem,
1094 3344 1362 3408 quomodo
1389 3363 1564 3419 neque
1590 3329 1668 3408 sic
1693 3370 1953 3414 onerosus
1973 3370 2026 3416 et
2053 3378 2171 3418 mo-

581 3411 748 3511 lestus
776 3429 860 3473 est
905 3421 1144 3483 Labano.
1175 3430 1282 3488 Sed
1304 3437 1430 3506 quid
1447 3411 1674 3511 l'lpsum
1707 3411 2167 3511 testem'facitusui

577 3502 798 3563 allectus
828 3520 882 3566 et
905 3513 1205 3577 ofﬁciorum
1236 3502 1482 3591 suorum.
1513 3502 1567 3587 et
1598 3550 1711 3592 sum
1737 3543 1882 3596 omni
1926 3553 2168 3617 tempore

577 3596 629 3650 in
660 3597 752 3708 illo
780 3605 1066 3708 serviendo
1096 3612 1511 3676 benevolentiie.
1533 3624 1624 3682 29.
1650 3626 1729 3683 Tu
1753 3596 2163 3708 nosti

577 3690 798 3752 qualiter
825 3695 917 3750 tibi
951 3703 1209 3759 set-sierint
1239 3707 1256 3739 ‘
1277 3750 1292 3773 ,
1333 3720 1380 3764 et
1419 3728 1611 3784 quanta
1654 3722 1844 3792 fuerint
1868 3690 2050 3795 pecoris
2079 3690 2176 3785 tuti

579 3793 791 3836 mecum.
818 3784 907 3840 50.
935 3787 1108 3847 Parua
1131 3799 1265 3852 enim
1302 3813 1444 3858 erant
1472 3784 1770 3879 corant'me,
1801 3824 1850 3868 et
1868 3784 2022 3871 aucta
2048 3833 2166 3876 sunt

575 3870 630 3924 in
670 3889 915 3969 magnam
952 3885 1357 3961 multitudinem,
1387 3908 1435 3950 et
1462 3898 1713 3957 benedixit
1815 3870 2168 3969 DontinnsWa—d

783 3986 950 4074 meum
970 3991 1153 4074 nunc
1179 3983 1334 4053 igitur
1357 3988 1564 4057 quando
1603 3996 1791 4065 faciam
1835 4012 1882 4055 et
1919 4021 2009 4074 ego
2043 3965 2168 4066 milii

697 4058 904 4116 domum
922 4065 951 4119 1
973 4068 1048 4124 Te
1071 4086 1205 4128 voco
1221 4055 1413 4135 testem
1435 4081 1484 4137 la
1493 4055 1679 4142 borum

576 4146 720 4202 enim
744 4164 948 4258 quanto
975 4161 1154 4218 studio
1181 4178 1232 4222 et
1266 4167 1367 4226 llde
1396 4177 1575 4232 omnia
1612 4179 2034 4245 administrarim
2055 4232 2072 4258 ,
2103 4209 2166 4250 ac

575 4241 846 4305 quomodo
894 4246 947 4301 in
994 4264 1160 4319 parvo
1205 4274 1428 4317 numero
1472 4272 1770 4338 acceperim
1805 4291 1997 4345 pecora
2038 4241 2161 4349 tita,

579 4341 699 4397 quin
718 4330 993 4404 diligentia
1014 4342 1393 4419 vigilantiaque
1421 4370 1534 4410 mea
1564 4330 1618 4413 in
1646 4330 1862 4420 tantum
1879 4330 2159 4428 numerum

577 4433 824 4521 crescere
861 4433 1065 4487 curavi.
1100 4435 1303 4496 Deinde
1333 4458 1638 4505 monstrans
1667 4468 1817 4510 suam
1849 4459 2161 4532 religionem

581 4509 751 4581 inquit
777 4533 789 4570 :
823 4516 1086 4579 Benedixit
1127 4531 1260 4585 enim
1285 4543 1334 4586 te
1359 4534 1609 4596 Dominus
1651 4543 1720 4596 ad
1745 4549 1922 4614 pedem
1948 4509 2117 4609 lraucum
2144 4573 2165 4614 :

579 4619 714 4710 nunc
742 4607 901 4680 igitur
923 4618 1129 4685 quando
1150 4625 1336 4693 faciant
1366 4640 1414 4684 et
1437 4648 1529 4704 ego
1555 4636 1681 4690 mihi
1705 4607 1948 4699 domum?
1977 4607 2163 4706 Vidisti

582 4797 700 4846 tuas
730 4796 947 4854 auxisse
973 4800 1269 4865 facultates.
1303 4813 1453 4870 Nunc
1486 4796 1952 4895 igitur,'qnoniam
1985 4844 2038 4887 et
2063 4850 2164 4905 ego

576 4895 696 4950 quae
719 4900 851 4943 mea:
876 4905 1029 4949 erant
1059 4894 1325 4958 facultatis
1355 4911 1533 4964 omnia
1567 4894 1754 4986 magna
1777 4921 1940 4975 animi
1970 4894 2162 4981 alacri-

579 4985 688 5031 tate
719 4980 958 5053 faeiens,
991 4990 1347 5053 ministerium
1381 5002 1601 5072 perfeci,
1635 4980 1684 5063 ei
1716 5015 1887 5081 gratia
1919 5015 2010 5072 Dei
2051 5036 2162 5074 ma-

582 5069 772 5179 nifesta
795 5078 905 5132 visa
927 5089 1039 5137 est:
1057 5083 1262 5153 justum
1289 5069 1454 5149 estut
1477 5107 1531 5152 et
1560 5116 1658 5171 ego
1684 5069 1810 5160 mihi
1843 5108 1940 5179 ipsi
1970 5110 2159 5170 faciam

579 5159 818 5270 primum.
847 5168 983 5235 Quid
1021 5189 1102 5230 est
1135 5220 1150 5243 ,
1191 5182 1319 5237 Mihi
1362 5186 1550 5244 faciam
1594 5194 1808 5251 domum
1833 5159 1940 5256 ῖιία
1970 5214 2071 5270 est,
2105 5207 2160 5262 ln

578 5251 826 5313 libertate
868 5272 1049 5330 postea
1095 5284 1301 5338 verser,
1335 5285 1389 5331 et
1427 5293 1610 5337 curam
1660 5284 1851 5343 domus
1895 5309 2027 5348 mea:
2057 5251 2163 5350 Ἰκι-

579 5346 755 5452 beam:
792 5351 915 5406 llmc
941 5365 997 5409 ut
1029 5361 1230 5417 audivit
1261 5365 1465 5437 Laban,
1499 5372 1584 5428 δι.
1617 5373 1762 5432 Dixit
1783 5384 1829 5436 ei
1860 5399 1878 5437 .-
1907 5346 2042 5452 Quid
2070 5346 2160 5444 tibi

576 5438 746 5494 dabo!
771 5445 908 5511 Quid
941 5449 1020 5503 vis
1039 5467 1067 5507 α
1088 5470 1173 5511 me
1205 5459 1301 5514 nni
1329 5461 1484 5518 dari?
1509 5467 1778 5528 Conﬁteor
1803 5438 1967 5543 oni,
1998 5491 2052 5535 et
2081 5483 2161 5537 in-

577 5532 724 5588 ficias
754 5551 859 5590 non
900 5555 965 5593 eo
994 5557 1007 5593 :
1037 5545 1149 5599 scio
1175 5552 1316 5607 enim
1360 5570 1556 5625 quanta
1591 5562 1717 5617 mihi
1751 5565 1947 5624 fucrint
1987 5587 2015 5625 a
2049 5575 2159 5630 Deo

576 5621 718 5691 data,
749 5637 801 5681 et
852 5632 992 5700 quod
1051 5621 1390 5700 benedixerit
1434 5664 1519 5706 me
1560 5651 1699 5712 Deus
1737 5657 1804 5712 ad
1857 5660 2155 5732 ingressum

624 5787 640 5820 ι
681 5786 894 5846 Quatuor
920 5803 1046 5860 Μέθη
1070 5813 1180 5862 qua
1205 5805 1290 5858 tibi
1311 5809 1550 5862 dederim.

1346 381 1397 438 s.
1441 380 1717 438 JOANNIS
1752 377 2230 438 cnnvsosront
2269 379 2586 443 sucum.
2623 359 3156 452 Consumitur.

3790 403 3897 459 ωε

2283 508 2455 557 tuum.
2480 503 2626 560 Disit
2653 517 2825 564 autem
2866 511 2917 565 ei
2956 511 3122 568 Jacob
3148 531 3170 570 :
3203 513 3324 571 Non
3375 516 3524 574 dabis
3573 522 3703 576 mihi
3741 523 3899 592 quid-

2279 606 2455 659 quam.
2481 593 2543 650 Si
2563 609 2680 650 vero
2699 598 2879 667 feceris
2896 601 3097 656 uerbum
3124 604 3294 672 istud,
3324 608 3507 662 iterum
3533 626 3751 678 pascam
3779 628 3900 668 oves

2275 691 2410 738 tuas.
2435 685 2574 741 Nihil
2605 689 2728 745 volo
2751 708 2781 745 a
2809 701 2864 748 te
2891 697 3156 751 mercedis
3188 701 3408 756 nomine
3436 711 3726 772 reportare
3743 746 3759 766 .
3793 705 3893 760 sed

2277 773 2382 831 hoc
2429 786 2634 833 tantum
2691 783 2833 850 quod
2887 783 3009 840 dico
3055 789 3369 859 suscipere,
3398 803 3454 848 et
3485 791 3687 847 lterum
3732 813 3893 862 pasco

2277 879 2393 919 oues
2420 877 2554 922 tuas.
2581 869 2735 936 Quod
2781 883 2965 928 autem
3014 877 3168 942 volo,
3201 877 3304 934 hoc
3333 891 3438 937 est.
3477 882 3615 938 \‘ide
3657 883 3897 955 justum,

2273 958 2399 1027 quia
2424 962 2662 1028 speravit
2689 962 2742 1016 in
2772 965 2980 1020 auxilio
3009 966 3227 1034 divino,
3257 971 3434 1041 qualia
3467 986 3742 1042 proponat
3790 975 3896 1031 Lac

2273 1049 2434 1105 bano.
2461 1051 2550 1106 32.
2591 1052 2938 1124 Praetereunt,
2972 1059 3180 1130 inquit,
3228 1078 3343 1118 oues
3370 1075 3471 1118 tute
3516 1066 3695 1133 hodie,
3719 1078 3770 1122 et
3809 1086 3864 1124 se

2272 1157 2428 1212 grega
2463 1145 2604 1198 illinc
2632 1164 2830 1202 onmem
2858 1167 3002 1204 onem
3050 1153 3249 1221 fuscam
3291 1154 3346 1207 in
3398 1155 3548 1226 agnis
3569 1196 3586 1223 ,
3620 1167 3674 1211 et
3715 1160 3890 1214 omnis

2272 1235 2596 1290 subalbicans
2637 1248 2683 1290 et
2726 1241 2985 1296 maculosa
3025 1244 3078 1296 in
3127 1244 3298 1315 capris
3338 1246 3434 1299 erit
3486 1247 3618 1301 mihi
3670 1265 3893 1304 merces.

2272 1325 2363 1381 53.
2393 1324 2461 1379 Et
2491 1330 2724 1382 exaudiet
2753 1347 2831 1384 me
2843 1333 3050 1403 jnstitia
3080 1350 3192 1388 mea
3215 1335 3268 1390 in
3289 1335 3374 1390 die
3399 1338 3652 1406 crastino,
3670 1340 3801 1410 quia
3825 1352 3899 1395 est

2272 1433 2462 1472 merces
2483 1435 2592 1474 utea
2609 1438 2781 1475 coram
2813 1433 2861 1479 te
2883 1440 2903 1476 :
2924 1442 3074 1480 omne
3102 1427 3240 1498 quod
3259 1444 3361 1483 non
3385 1432 3541 1501 fuerit
3563 1434 3896 1488 maculosum

2271 1519 2318 1565 et
2344 1512 2482 1568 varie
2500 1513 2728 1570 albicans
2756 1516 2809 1570 in
2833 1519 3025 1590 capris,
3043 1530 3090 1574 et
3110 1520 3248 1591 quod
3275 1522 3449 1592 rufum
3467 1524 3521 1577 in
3547 1527 3731 1597 agnis,
3755 1529 3894 1597 furta

2271 1601 2528 1659 sublatum
2558 1606 2653 1661 erit
2675 1624 2708 1661 a
2734 1625 2831 1662 me.
3531 1665 3534 1667 Α

2341 1694 2395 1748 9.
2437 1699 2728 1755 Considera
2767 1700 2895 1770 justi
2953 1704 3309 1771 prudentiam.
3359 1708 3628 1776 Quoniam
3671 1713 3884 1770 sciebat

2271 1797 2467 1856 quanta
2493 1788 2593 1842 sibi
2618 1805 2849 1861 superne
2871 1795 3040 1863 gratia
3065 1795 3437 1868 aﬂ'ulgcret,et
3463 1801 3759 1859 videbatur
3787 1806 3887 1860 sibi

2271 1881 2565 1937 secundum
2595 1895 2799 1940 naturzn
2821 1887 3066 1943 ordinem
3097 1891 3180 1946 vel
3205 1892 3427 1948 difﬁcile
3456 1910 3580 1950 esse
3603 1939 3620 1962 ,
3658 1898 3745 1953 vel
3773 1915 3894 1953 om-

2273 1971 2402 2025 nino
2431 1973 2765 2043 impossibilc
2794 1982 2996 2043 (rarum
3030 1981 3176 2035 enim
3201 1991 3286 2036 cst
3315 1984 3524 2039 varium
3567 2000 3697 2041 esse
3736 1989 3895 2044 colo-

2272 2075 2385 2116 rem
2411 2063 2670 2131 pecudum
2694 2080 2884 2122 recens
2914 2069 3208 2144 natarum),
3231 2071 3345 2128 hinc
3371 2075 3505 2145 petit
3531 2077 3602 2132 ab
3633 2093 3726 2143 eo,
3750 2080 3895 2135 unde

2274 2152 2514 2221 petitioni
2543 2152 2659 2222 ejus
2689 2154 2868 2210 Laban
2899 2158 3079 2213 statim
3117 2163 3326 2229 annuit,
3359 2175 3413 2218 et
3444 2166 3622 2236 inquit
3649 2185 3664 2221 :
3693 2170 3787 2224 54.
3815 2172 3898 2226 Sit

2264 2243 2422 2313 juxta
2451 2246 2654 2299 verbum
2679 2259 2838 2302 tuum.
2986 2250 3052 2305 Et
3079 2253 3248 2308 divisit
3269 2255 3322 2308 in
3348 2256 3430 2310 die
3452 2257 3546 2312 illa
3577 2261 3760 2315 hircos
3789 2279 3897 2316 ma-

2272 2332 2472 2388 culosos
2498 2345 2544 2390 et
2565 2337 2938 2396 subalbicantcs
2959 2384 2972 2408 ,
3006 2354 3053 2397 et
3081 2361 3254 2400 omnes
3288 2363 3471 2415 capras
3503 2354 3808 2407 maculosos
3849 2365 3897 2409 et

2272 2423 2662 2492 subalbicantes,
2691 2440 2738 2482 et
2771 2447 2919 2486 omne
2961 2437 3099 2503 quod
3138 2447 3246 2490 erat
3280 2439 3332 2490 in
3377 2439 3450 2492 eis
3494 2443 3825 2511 candidum,
3853 2455 3899 2498 et

2275 2531 2423 2570 omne
2442 2520 2580 2588 quod
2598 2531 2705 2574 erat
2739 2524 2941 2593 fuscum
2979 2525 3030 2579 in
3069 2526 3264 2595 ovibus,
3285 2539 3330 2583 et
3361 2531 3499 2584 dedit
3538 2550 3637 2601 per
3681 2551 3898 2591 manum

2277 2607 2501 2676 ﬁliorum
2523 2628 2730 2666 suorum
2759 2631 2777 2668 :
2806 2616 2894 2672 36.
2917 2626 2964 2670 et
2992 2619 3109 2689 fecit
3125 2619 3314 2675 distare
3341 2623 3470 2677 riam
3501 2626 3663 2680 trium
3693 2629 3898 2685 dierum

2276 2697 2406 2752 inter
2431 2716 2490 2753 ea
2511 2712 2556 2754 et
2583 2702 2712 2756 inter
2736 2702 2917 2760 Iacob.
2944 2705 3243 2778 Separawt,
3266 2710 3454 2780 inquit,
3474 2729 3675 2785 greges
3698 2732 3899 2774 secun-

2242 2822 2245 2823 ν
2276 2788 2404 2845 dum
2434 2797 2850 2862 propositionem
2880 2799 2942 2854 .la
2979 2801 3050 2855 ob
3073 2842 3087 2865 ,
3122 2812 3178 2857 et
3205 2802 3352 2858 dedit
3380 2806 3502 2860 liliis
3535 2813 3653 2864 suis
3682 2829 3696 2865 :
3731 2810 3897 2869 Iacob

2278 2893 2445 2938 autent
2486 2888 2623 2955 parit
2669 2891 2886 2958 pecudes
2911 2891 3086 2947 Laban
3113 2893 3356 2966 reliquas.
3389 2897 3724 2965 Qualesnam
3774 2906 3898 2961 ha?

2277 2973 2489 3030 Nullam
2521 2979 2727 3035 scilicet
2771 2982 3030 3040 habentes
3061 2986 3262 3041 coloris
3289 2988 3630 3046 varietatem.
3653 2993 3775 3050 lloc
3802 3010 3898 3050 an-

2278 3075 2385 3120 tem
2437 3077 2605 3124 totum
2646 3070 2842 3128 factum
2895 3085 2998 3143 est,
3031 3088 3087 3132 ut
3128 3077 3306 3148 justus
3327 3081 3504 3151 reipsa
3549 3095 3896 3154 compertam

2279 3156 2502 3214 haberet
2534 3161 2626 3216 Dei
2654 3177 2782 3234 erga
2813 3181 2872 3220 se
2915 3168 3346 3239 providentiam,
3376 3183 3431 3227 et
3465 3172 3652 3229 Lahan
3685 3177 3899 3235 videret

2279 3259 2535 3318 quantum
2562 3252 2657 3307 Dei
2698 3256 2952 3313 auxilium
2983 3258 3207 3315 habere!
3228 3261 3415 3318 Jacob.
3434 3265 3524 3320 37.
3553 3265 3776 3339 Accepit
3797 3287 3899 3323 au-

2279 3347 2377 3393 tem
2405 3340 2593 3410 Jacob,
2629 3344 2818 3414 inquit,
2841 3347 2938 3402 sibi
2993 3350 3183 3420 virgam
3231 3355 3540 3423 styracinam
3581 3359 3803 3412 viridem
3849 3370 3897 3416 et

2276 3432 2657 3502 amygdulinam
2681 3445 2726 3488 et
2753 3438 2968 3507 platani,
3000 3451 3046 3493 et
3068 3442 3393 3499 decorticarit
3417 3443 3582 3501 Iacob
3611 3466 3700 3503 eas
3721 3451 3779 3504 in
3806 3453 3897 3507 de-

2274 3521 2650 3577 corticationetn
2685 3525 2853 3581 albam
2878 3570 2894 3591 ,
2926 3527 3176 3586 abradens
3191 3534 3329 3603 quod
3374 3537 3532 3591 viride
3554 3553 3575 3602 ,'
3600 3545 3895 3610 apparebat

2274 3620 2442 3664 autem
2465 3613 2514 3665 in
2545 3617 2697 3686 virgis
2718 3617 2909 3677 album.
2939 3621 3075 3693 quod
3100 3625 3434 3681 decorticarat
3459 3629 3674 3686 varium.
3696 3633 3794 3688 58.
3822 3633 3892 3690 Et

2274 3704 2516 3771 apposuit
2544 3707 2730 3778 virgas,
2749 3727 2876 3779 quas
2893 3712 3236 3782 decorticarit,
3260 3717 3312 3770 in
3334 3719 3537 3774 canales
3561 3728 3887 3794 aquatorias,

2276 3806 2331 3849 ut
2354 3813 2469 3849 cum
2497 3800 2717 3853 venirent
2738 3803 2952 3872 pecudes
2973 3803 3042 3858 ad
3070 3804 3360 3874 bibendum,
3387 3813 3710 3883 conciperent
3729 3836 3892 3886 pecu-

2273 3885 2362 3942 des
2399 3891 2672 3946 secundum
2705 3895 2889 3964 virgas.
2931 3895 3022 3951 59.
3053 3896 3118 3951 Et
3159 3901 3508 3970 concipit-baut
3546 3885 3771 3974 pecudes
3798 3928 3885 3965 se-

2271 3981 2493 4035 cundum
2523 3984 2688 4053 virgas
2707 4027 2724 4050 ,
2755 3995 2800 4038 rt
2833 3999 3134 4056 pepererunt
3161 3991 3374 4060 pecudes
3395 3993 3663 4061 subalbas,
3698 4016 3884 4054 uincu-

2272 4073 2408 4128 losas
2450 4086 2495 4128 et
2526 4077 2762 4132 cinericio
2802 4079 2971 4133 colore
3025 4098 3253 4151 sparsas.
3288 4087 3412 4140 Ilico
3457 4085 3663 4142 faciens
3699 4091 3886 4160 justus

2275 4179 2380 4220 non
2417 4181 2447 4218 a
2478 4168 2656 4238 scipso
2706 4171 3043 4240 movebatur,
3074 4173 3170 4228 sed
3200 4174 3497 4246 inspirante
3545 4181 3716 4236 menti
3762 4184 3885 4254 ejus

2271 4268 2506 4324 superna
2555 4258 2746 4328 gratia.
2796 4259 2982 4330 Neque
3020 4264 3315 4318 secundum
3364 4277 3568 4323 natura:
3623 4272 3882 4328 ordinem

2270 4359 2388 4402 erat
2417 4349 2559 4418 quod
2591 4349 2784 4417 (iebat,
2833 4353 2930 4408 sed
2979 4355 3130 4410 valde
3176 4358 3527 4426 admirabile,
3560 4372 3617 4416 ct
3665 4373 3883 4421 natura

2271 4438 2486 4493 modum
2520 4444 2924 4500 transcenderis.
2957 4445 3048 4500 40.
3081 4445 3145 4498 Et
3166 4463 3346 4518 agnos,
3375 4449 3580 4520 inquit,
3612 4455 3879 4526 distinxit,

2270 4543 2318 4582 et
2342 4533 2515 4584 statuit
2544 4548 2717 4587 coram
2743 4536 2914 4588 ovibus
2957 4538 3168 4590 arietem
3201 4539 3631 4607 subalbicantem;
3652 4557 3700 4598 et
3727 4564 3884 4604 omne

2270 4623 2464 4675 uarium
2493 4624 2542 4676 in
2572 4626 2748 4680 ovibus
2771 4641 2788 4679 :
2813 4636 2860 4679 et
2880 4629 3131 4695 separavit
3159 4645 3275 4684 oues
3301 4648 3442 4698 suas,
3471 4642 3638 4689 etnon
3673 4640 3881 4695 mis-cuit

2271 4731 2354 4767 eas
2373 4733 2486 4768 cum
2517 4719 2689 4772 ovibus
2717 4718 2910 4773 Laban.
2937 4719 3126 4775 Postea
3157 4725 3279 4793 quia
3311 4726 3490 4779 omnia
3518 4743 3639 4796 qua:
3672 4746 3876 4788 nascc-

2271 4807 2481 4871 bantur,
2513 4820 2667 4864 erant
2701 4813 2819 4864 talin
2849 4814 3023 4883 qualia
3054 4817 3350 4886 proposuit,
3386 4823 3654 4887 separavit
3682 4839 3742 4876 ea
3778 4867 3793 4889 ,
3826 4839 3880 4880 ot

2269 4898 2394 4953 fecit
2423 4901 2521 4954 sibi
2563 4917 2754 4970 greges
2798 4913 3091 4972 separatos.
3136 4907 3224 4959 41.
3252 4905 3470 4962 Factum
3508 4922 3582 4963 est
3613 4925 3791 4967 autem
3827 4919 3880 4970 iu

2269 5000 2490 5062 tempore
2515 5011 2613 5063 quo
2642 4996 2932 5063 concipiunt
2954 5013 3067 5050 oves
3096 5001 3318 5069 gravida.-
3341 5043 3356 5065 ,
3390 5005 3555 5070 posuit
3577 5003 3741 5059 Jacob
3771 5011 3879 5062 vir.

2268 5100 2383 5153 gam
2405 5101 2575 5138 coram
2603 5089 2775 5140 oribus
2797 5089 2846 5140 in
2867 5089 3145 5152 canalibus,
3171 5100 3222 5143 ut
3244 5094 3562 5162 conciperent
3584 5099 3745 5166 juxta
3772 5104 3877 5155 tir-

2270 5192 2382 5246 gas.
2418 5175 2503 5229 49..
2539 5176 2756 5240 Quando
2796 5189 2959 5233 autem
3001 5180 3261 5249 pariebant
3292 5200 3439 5250 ores,
3485 5203 3584 5239 non
3628 5193 3872 5254 ponebat.

2267 5265 2431 5320 Facta
2457 5280 2625 5321 autem
2654 5280 2766 5322 sunt
2796 5287 2895 5324 non
2925 5273 3124 5342 signata
3151 5273 3350 5337 Laban,
3383 5276 3582 5345 signata
3620 5295 3738 5333 uero
3767 5282 3865 5335 Ja-

2265 5360 2353 5414 cob
2377 5379 2396 5426 ;
2424 5362 2512 5415 43.
2541 5373 2584 5414 et
2607 5362 2794 5416 ditatus
2819 5375 2888 5418 est
2915 5366 3064 5418 homo
3086 5369 3232 5420 valde
3260 5370 3422 5422 ualde.
3455 5370 3592 5438 Quid
3628 5375 3739 5427 vult
3766 5377 3870 5431 sibi

2266 5453 2354 5506 illa
2413 5453 3123 5522 repetitio?Alntndantiam
3189 5461 3409 5515 inultam
3471 5463 3779 5533 significat:
3815 5483 3862 5525 et

2265 5559 2385 5600 cum
2431 5560 2536 5599 non
2572 5529 2740 5600 modo.
2779 5548 3024 5614 ditatum,
3053 5551 3146 5606 sed
3199 5563 3248 5607 et
3301 5553 3586 5612 admodum
3635 5561 3867 5618 ditatum

2264 5635 2449 5689 fuisse.
2485 5633 2717 5689 Fuerunt
2747 5640 2886 5693 enim
2914 5641 2988 5706 ci,
3020 5641 3208 5710 inquit.
3244 5660 3426 5713 pecora
3458 5649 3618 5702 multa
3648 5662 3694 5705 et
3720 5656 3868 5708 bOf‘eJ

2263 5739 2308 5781 ct
2334 5727 2462 5780 servi
2486 5737 2534 5781 et
2561 5729 2781 5785 ancilla.
2811 5730 2916 5786 Sed
2955 5731 3073 5788 vide
3101 5734 3187 5788 hic
3216 5735 3404 5790 iterum
3429 5738 3572 5806 jusro
3605 5741 3862 5800 invidiam

2269 5820 2434 5875 nasci.
2471 5820 2521 5875 l.
2557 5822 2754 5874 Audiuit
2798 5838 2937 5879 enim
2959 5861 2975 5888 ,
3007 5825 3208 5896 inquit,
3241 5828 3385 5882 rei-ba
3411 5831 3634 5898 ﬁliorum
3685 5835 3861 5893 [λιιι-..ιη
