4086 6422
180 409 274 465 (97

173 520 446 577 dicentium
466 532 486 573 :
517 515 718 587 Accepit
746 513 907 568 Iacob
935 509 1104 565 omnia
1119 522 1232 580 quae
1246 514 1362 559 sunt
1390 500 1549 571 patris
1578 494 1762 557 nostri,

171 624 221 667 et
249 628 313 666 ea:
344 612 424 665 Itis
453 626 567 681 qua
599 619 716 662 sunt
743 605 902 676 patris
929 602 1088 656 nostri
1118 600 1234 668 fecit
1264 612 1462 651 onmem
1489 595 1621 646 hanc
1648 589 1761 660 glo-

169 704 301 755 rians
344 700 510 771 (Cap.
537 699 649 770 3f).
689 697 820 758 Vide
847 691 1117 764 quomodo
1148 688 1342 744 invidia
1375 686 1612 755 ingratos
1647 681 1766 735 illos

171 792 440 855 reddidit;
471 805 577 844 non
606 789 723 843 illos
741 794 920 840 autem
949 783 1120 838 solum
1141 820 1159 846 ,
1190 778 1285 834 sed
1313 788 1368 831 et
1388 778 1562 844 ipsum
1589 771 1764 828 Laba-

171 900 326 939 num.
361 882 501 936 Vidit
529 881 695 945 enim,
724 879 916 947 inquit,
942 873 1105 929 Iacob
1127 871 1309 942 faciem
1332 866 1508 921 Laban
1527 905 1542 929 ,
1576 872 1624 918 et
1656 876 1771 917 ecce

170 990 279 1028 non
305 981 412 1029 erat
439 987 558 1042 erga
585 986 639 1024 se
664 969 793 1023 sicut
823 967 928 1021 lteri
953 973 1002 1019 et
1027 955 1594 1017 nudiustertius.‘v'erba
1623 951 1767 1006 enim

173 1063 406 1119 ﬁliorum
428 1060 567 1116 illius
595 1066 828 1116 mentem
856 1057 971 1127 eius
998 1054 1358 1112 turbaverant,
1381 1057 1432 1104 et
1448 1045 1768 1102 oblivionem

174 1151 501 1208 induxerant
530 1163 716 1204 eorum
745 1161 865 1217 quas
904 1143 1111 1214 pridem
1138 1141 1322 1197 Laban
1348 1138 1558 1194 dixerat
1586 1135 1651 1189 ad
1681 1133 1772 1188 Ja-

172 1242 279 1297 Cob
305 1240 388 1295 bis
416 1238 595 1296 verbis
623 1255 636 1291 :
666 1235 930 1291 Benedizit
957 1250 1035 1287 me
1065 1231 1201 1286 Deus
1226 1229 1294 1284 ad
1322 1231 1604 1299 ingressum
1628 1234 1772 1279 tuum

175 1331 333 1402 (Gen.
361 1330 451 1387 30.
479 1330 595 1400 27),
618 1337 673 1384 et
690 1328 893 1399 gratias
915 1332 1099 1396 egerat
1120 1323 1368 1387 Domino,
1389 1319 1530 1390 quod
1554 1325 1773 1388 propter

174 1423 466 1478 adventum
503 1419 634 1490 justi
671 1418 951 1474 facultates
988 1431 1100 1471 sua:
1137 1423 1306 1470 auctae
1347 1412 1592 1467 fuerant:
1632 1422 1774 1463 nunc

176 1521 384 1566 mutato
425 1525 519 1578 per
546 1509 774 1563 filiorum
804 1507 948 1561 dicta
996 1507 1177 1559 animo
1206 1513 1262 1559 et
1289 1502 1486 1558 invidia
1517 1499 1766 1570 ﬂagrans,

175 1603 319 1658 forte
346 1601 468 1671 quia
491 1599 706 1654 videbat
731 1599 934 1668 justum
956 1596 1113 1651 valde
1138 1595 1412 1650 abundare
1430 1634 1445 1661 ,
1477 1608 1582 1648 non
1613 1592 1772 1646 talem

179 1708 242 1747 se
271 1693 348 1747 illi
372 1691 664 1747 exhibebat
684 1731 697 1756 ,
723 1690 935 1760 qualem
963 1697 1142 1744 antea.
1187 1687 1325 1741 Vidit
1353 1687 1496 1742 enim
1519 1726 1532 1751 ,
1565 1684 1767 1755 inquit,

176 1781 343 1837 Jacob
371 1782 554 1852 [aciem
575 1780 752 1835 Laban
772 1821 786 1845 ,
809 1789 857 1834 et
883 1795 996 1834 ecce
1016 1795 1116 1833 non
1136 1787 1247 1832 erat
1271 1794 1394 1847 erga
1420 1793 1474 1831 se
1497 1776 1626 1831 sicut
1666 1775 1774 1828 lteri

177 1883 228 1927 et
259 1870 836 1926 nudiustertius.\'idisti
863 1871 992 1939 justi
1019 1884 1262 1940 magnam
1288 1867 1772 1932 mansuetudinem,

178 1973 236 2018 et
264 1963 474 2017 illorum
505 1962 764 2031 ingratum
788 1961 1026 2016 animum
1047 2001 1061 2025 ,
1096 1975 1160 2014 ac
1182 1957 1455 2029 quomodo
1484 1973 1607 2014 cum
1633 1958 1773 2012 iuvi-

177 2052 326 2106 diam
355 2051 496 2106 ferre
537 2065 642 2104 non
675 2058 916 2119 possent,
949 2049 1113 2120 patris
1156 2057 1389 2104 mentem
1419 2049 1773 2119 perturbave-

179 2141 350 2195 runt?
377 2139 526 2206 Vide,
546 2140 775 2195 obsecro
799 2180 814 2205 ,
841 2154 984 2195 nunc
1009 2152 1064 2195 et
1091 2140 1183 2194 Dei
1215 2139 1538 2196 ineffabilem
1564 2139 1777 2194 miseri-

178 2231 444 2294 cordiam,
479 2239 533 2286 et
552 2240 751 2302 quanta
779 2230 1224 2302 attemperatione
1251 2239 1459 2295 utatur,
1481 2246 1602 2286 cum
1633 2230 1778 2286 videt

182 2339 285 2379 nos
315 2340 433 2394 qua:
455 2336 635 2378 nostra
661 2333 785 2378 sunt
817 2323 1017 2379 facere.
1052 2322 1252 2378 Videas
1286 2322 1430 2378 enim
1470 2323 1672 2392 justum
1707 2322 1778 2377 ab

181 2414 290 2469 illis
318 2414 442 2467 odio
471 2412 675 2480 haberi,
709 2412 839 2468 dicit
865 2413 931 2467 ad
957 2411 1120 2468 lacob
1149 2429 1161 2466 :
1192 2413 1244 2467 5.
1277 2410 1542 2467 Revertere
1580 2413 1634 2465 in
1671 2421 1774 2465 ter-

178 2521 296 2559 ram
343 2515 546 2574 patrum
575 2513 798 2569 tuorum,
829 2515 876 2558 et
913 2505 982 2557 ad
1011 2506 1385 2574 generationem
1414 2514 1584 2570 tuam,
1618 2513 1663 2556 et
1689 2520 1775 2557 ero

175 2607 370 2653 tecum.
399 2597 541 2652 Satis
562 2595 654 2651 diu
694 2607 934 2651 versatus
961 2612 1051 2661 es,
1090 2596 1295 2667 inquit,
1321 2598 1371 2651 iu
1407 2605 1546 2651 terra
1578 2595 1774 2650 aliena.

179 2687 315 2744 Nam
343 2705 462 2760 qua:
491 2689 695 2759 pridem
724 2689 816 2744 tibi
846 2690 1085 2759 promisi,
1113 2690 1297 2745 dicens
1315 2730 1330 2752 ,
1371 2687 1626 2742 Reducem
1651 2699 1697 2741 te
1725 2688 1776 2741 in

179 2791 374 2834 terram
408 2790 545 2834 tuam
575 2780 728 2853 (Gen.
760 2781 1004 2850 28.15),
1049 2796 1112 2835 ea
1159 2795 1299 2835 nunc
1342 2795 1509 2849 Opere
1555 2780 1778 2848 implere

180 2871 308 2927 volo
335 2892 348 2927 :
376 2881 646 2928 revertere
696 2874 856 2943 igitur
899 2872 1031 2927 nihil
1078 2872 1316 2935 timens;
1348 2870 1459 2941 Ego
1505 2871 1648 2926 enim
1690 2886 1778 2923 ero

180 2975 368 3018 tecum.
405 2964 473 3019 Ut
501 2965 658 3034 Igitur
691 2964 867 3032 justus
908 2963 1120 3032 segnior
1161 2977 1268 3017 non
1314 2961 1404 3016 fiat
1459 2962 1510 3014 in
1567 2960 1779 3030 proﬁci-

179 3054 418 3119 scendo,
447 3055 539 3108 sed
581 3069 770 3122 magna
806 3053 997 3107 ﬁducia
1037 3052 1138 3106 iter
1177 3052 1435 3121 arripiat:
1469 3051 1588 3105 ideo
1614 3050 1774 3117 dicit,

186 3146 299 3216 Ego
329 3163 414 3199 ero
447 3156 614 3198 tecum
637 3160 657 3198 :
687 3145 777 3214 qui
817 3144 1090 3215 hucusque
1121 3161 1207 3200 res
1237 3156 1353 3201 tuas
1384 3143 1696 3215 gubernavi,
1725 3152 1779 3199 et

180 3237 371 3308 augeri
396 3237 578 3290 curavi
619 3250 803 3290 semen
836 3221 1025 3300 tuum',
1056 3250 1156 3306 ego
1186 3245 1240 3290 et
1268 3236 1321 3290 in
1352 3245 1624 3306 posterum
1672 3234 1778 3289 Ero

181 3337 369 3381 tecum.
402 3327 528 3381 [hee
554 3336 610 3382 ut
635 3327 835 3380 audivit
869 3328 1046 3396 justus
1071 3342 1100 3380 a
1131 3328 1242 3382 Deo
1262 3368 1275 3390 ,
1307 3342 1412 3382 nou
1455 3326 1553 3381 fuit
1603 3328 1776 3397 negli-

179 3433 336 3487 gens,
362 3415 453 3470 sed
478 3417 544 3471 ad
574 3417 674 3471 iter
701 3431 762 3471 se
787 3417 1038 3472 accinxit.
1063 3417 1116 3472 4.
1150 3417 1293 3471 Misit
1320 3418 1473 3482 enim,
1513 3418 1702 3488 inquit,
1732 3427 1776 3471 ct

180 3509 374 3561 vocarit
401 3506 548 3560 Liam
575 3516 624 3560 et
654 3507 847 3562 Rachel
877 3510 929 3562 in
961 3525 1196 3578 campum
1223 3509 1306 3563 ubi
1333 3519 1477 3563 erant
1503 3527 1701 3582 greges,
1730 3521 1775 3564 et

179 3599 312 3652 dixit
338 3599 430 3653 eis.
463 3599 768 3668 Proponere
799 3600 909 3654 vult
941 3602 1254 3657 mulieribus
1292 3601 1635 3670 profectionis
1678 3619 1776 3657 ne-

178 3693 384 3760 gotium
407 3731 421 3753 ,
454 3698 506 3744 et
546 3689 847 3759 significare
877 3691 955 3746 eis
1001 3691 1310 3747 mandatum
1340 3693 1470 3757 Dei,
1513 3703 1568 3748 et
1611 3695 1778 3763 patris

178 3794 307 3848 erga
332 3795 389 3834 se
418 3780 623 3834 odium.
642 3781 695 3835 5.
733 3781 873 3834 Dixit
903 3782 1045 3837 enim
1067 3824 1082 3847 ,
1115 3783 1318 3852 inquit,
1347 3784 1420 3836 eis
1445 3799 1465 3836 :
1503 3781 1660 3837 Video
1685 3799 1776 3853 ego

182 3873 369 3938 facient
400 3873 557 3941 patris
579 3874 748 3937 vestri,
768 3874 905 3942 quod
935 3890 1034 3927 non
1064 3875 1128 3927 sit
1161 3891 1279 3943 erga
1324 3890 1402 3926 me
1430 3875 1557 3928 sicut
1589 3875 1697 3927 lteri
1728 3883 1774 3927 et

179 3961 549 4015 nudiustertius
577 3977 597 4016 :
621 3962 760 4017 Deus
803 3974 970 4016 autem
1017 3963 1178 4032 patris
1209 3965 1305 4017 ntei
1353 3965 1450 4035 fuit
1480 3981 1691 4018 mecum.
1717 3964 1772 4020 6.

181 4051 323 4122 Ipsa
363 4063 529 4108 autem
550 4057 710 4122 scitis,
735 4057 868 4125 quod
901 4059 1078 4110 servivi
1126 4059 1260 4128 patri
1303 4068 1465 4112 vestro
1505 4076 1596 4130 pro
1637 4061 1774 4114 omni

178 4144 314 4197 virili
346 4160 476 4197 mea.
519 4146 571 4198 7.
614 4145 772 4199 Pater
813 4157 980 4201 autent
1019 4159 1180 4202 vester
1220 4150 1545 4204 circumvenit
1579 4144 1693 4216 me,
1727 4161 1775 4204 et

178 4237 387 4287 mutavit
420 4237 694 4290 mercedem
721 4253 883 4290 meant
910 4239 1084 4292 decent
1115 4242 1258 4311 agnis
1293 4241 1331 4305 ¹,
1363 4251 1409 4294 et
1439 4259 1540 4295 non
1566 4243 1703 4294 dedit
1730 4242 1776 4295 ei

179 4325 320 4378 Deus
371 4335 427 4380 ut
479 4342 558 4379 me
605 4327 858 4398 aﬂligeret.
901 4330 954 4384 8.
992 4329 1052 4383 Et
1089 4348 1204 4384 cum
1243 4333 1315 4386 sic
1351 4334 1586 4387 diceret:
1619 4333 1774 4387 Varia

175 4427 325 4470 erunt
357 4433 541 4471 merces
573 4427 659 4470 tua
690 4435 709 4471 :
739 4429 784 4472 et
809 4421 1071 4488 pariebant
1098 4439 1268 4476 omnes
1296 4440 1410 4478 oves
1452 4427 1611 4479 varia.
1645 4425 1772 4481 Cum

175 4516 346 4559 autem
378 4507 561 4560 diceret
589 4525 607 4562 :
636 4509 870 4564 Candida
891 4522 1037 4564 erunt
1073 4531 1258 4568 merces
1289 4525 1376 4569 tua
1398 4532 1417 4570 :
1441 4526 1486 4570 et
1510 4517 1772 4586 pariebant

173 4617 348 4653 onmes
370 4618 484 4655 oves
510 4603 731 4655 candida
754 4619 772 4656 :
803 4604 856 4658 9.
889 4615 934 4657 et
963 4606 1074 4658 tulit
1098 4605 1235 4660 Deus
1278 4610 1448 4662 omnia
1470 4626 1652 4678 pecora
1673 4627 1771 4680 pa-

173 4692 268 4743 tris
294 4693 462 4755 vestri,
493 4702 540 4745 et
561 4693 698 4746 dedit
720 4695 842 4747 mihi
869 4712 946 4748 ea.

247 4783 300 4836 5.
338 4781 469 4836 Vide
496 4785 766 4851 quomodo
796 4796 1081 4857 utrumque
1112 4790 1287 4850 docet.
1315 4801 1368 4846 et
1397 4793 1562 4858 patris
1591 4794 1770 4863 ingra-

173 4881 285 4925 tum
314 4886 436 4940 erga
461 4888 520 4928 se
549 4875 809 4943 animum,
832 4885 887 4931 et
915 4893 1066 4933 suum
1094 4882 1328 4936 studium
1357 4885 1495 4953 quod
1525 4889 1574 4938 in
1598 4886 1771 4939 servi-

170 4973 285 5017 tute
315 4963 630 5019 declaravit.
657 4967 812 5022 Scitis
842 4972 1006 5036 enim,
1041 4973 1213 5042 inquit
1232 5017 1245 5039 ,
1277 4993 1355 5030 me
1379 4994 1473 5047 pro
1502 4977 1637 5030 virili
1658 4993 1770 5030 mea

169 5055 435 5108 servivisse
465 5059 596 5124 patri
629 5070 810 5114 vestro.
843 5062 908 5115 Et
929 5064 1223 5120 declaravit
1264 5078 1514 5136 quantam
1556 5071 1638 5123 sui
1669 5085 1766 5123 cu-

166 5158 284 5198 ram
318 5144 460 5200 Deus
497 5145 776 5212 habuerit,
813 5161 1119 5210 tnonstrans
1167 5171 1458 5225 supernum
1507 5160 1764 5215 auxilium

163 5235 350 5289 omnia
381 5249 662 5305 operatum
703 5240 893 5307 fuisse,
938 5253 993 5300 et
1040 5246 1318 5304 facultates
1360 5249 1559 5306 Labaui
1602 5253 1654 5305 in
1705 5267 1764 5309 se

165 5327 528 5382 transtulisse.
565 5328 700 5384 Tulit
730 5334 874 5386 enim
909 5334 1047 5390 Deus
1075 5341 1245 5392 omnia
1275 5358 1459 5410 pecora
1485 5345 1648 5413 patris
1677 5362 1762 5399 ve-

163 5417 285 5481 stri,
317 5417 508 5488 inquit,
537 5429 584 5473 et
611 5421 750 5476 dedit
782 5425 907 5479 nti/ti
935 5443 1013 5480 ea.
1052 5429 1139 5482 10.
1168 5429 1385 5496 Quando
1409 5445 1577 5488 autem
1597 5438 1767 5490 conci-

234 5599 687 5683 ‘mI‘t-t‘llebrrpojest.
711 5606 854 5655 D’JD
880 5611 1062 5682 mimi.
1104 5618 1185 5665 ulti
1213 5619 1373 5683 aquila
1411 5624 1573 5683 vertit,
1598 5626 1764 5678 decem

162 5663 1763 5750 2511'35"‘,’.‘.:,‘!f."Efffl'jjftaie'iasinteévliiéiieéiéi111371373;

161 5722 884 5851 amnemamnem:
898 5722 1265 5861 satiatem
1285 5722 1413 5806 αὐοα
1435 5746 1642 5809 “iam”

1180 391 1242 445 ΙΝ
1283 389 1432 446 CAP.
1479 383 1670 439 XXXI.
1713 378 1960 436 GENES.
2007 378 2235 434 ll0.\lll..
2281 379 2432 436 [Νη.

3370 381 3473 437 198

1877 489 2078 564 piebant
2102 508 2240 560 oves,
2268 505 2316 548 et
2341 494 2444 547 vidi
2473 493 2635 549 oculis
2658 495 2780 548 meis
2807 497 2859 548 itt
2889 510 3066 548 somno
3085 535 3100 558 ,
3125 503 3171 548 et
3199 508 3310 547 ecce
3345 495 3472 547 Itirri

1877 596 1924 639 et
1952 586 2132 639 arietes
2179 586 2518 640 ascendebant
2566 602 2719 654 super
2746 601 2860 640 oues
2903 595 2950 639 et
2992 601 3214 655 capras,
3245 585 3472 638 subalbi-

1877 688 2046 733 cantes
2093 688 2140 732 et
2189 679 2339 744 varii,
2361 688 2410 732 et
2452 677 2693 732 cinericio
2726 678 2896 732 colore
2912 678 3098 748 sparsi.
3131 677 3220 733 11.
3240 677 3306 732 Et
3346 679 3476 732 dixit

1875 769 2000 822 mihi
2021 768 2232 840 angelus
2260 768 2357 823 Dei
2380 771 2434 824 in
2458 785 2636 823 somno
2656 784 2676 823 :
2695 766 2999 839 Jacob.Ego
3018 776 3187 822 autem
3206 767 3432 821 dicebam
3456 782 3476 822 :

1881 863 2016 929 Quid
2039 862 2156 918 est?
2186 861 2254 916 Et
2283 863 2409 918 dixit
2437 879 2456 917 :
2485 861 2570 918 l2.
2602 862 2786 931 Aspice
2811 861 2973 915 oculis
3003 861 3123 927 tuis,
3155 869 3204 915 et
3232 859 3345 913 vide
3371 861 3477 912 Itir-

1876 973 1962 1011 cos
1990 966 2034 1011 et
2059 957 2241 1011 arietes
2271 956 2598 1011 ascendentes
2618 971 2771 1024 super
2795 970 2978 1025 capras
2999 963 3044 1008 et
3071 969 3210 1018 oves,
3238 952 3475 1006 subatbos

1878 1056 1925 1101 et
1945 1047 2144 1112 varios,
2177 1055 2222 1100 et
2248 1046 2486 1100 cinericio
2518 1046 2688 1100 colore
2723 1060 2929 1114 sparsos
2957 1059 2977 1098 :
3003 1043 3107 1101 vili
3157 1043 3290 1097 enim
3332 1055 3470 1111 qutt-

1877 1153 2089 1208 cumque
2116 1135 2295 1191 Laban
2325 1135 2413 1190 tibi
2450 1135 2763 1209 facit.Vides
2782 1150 2942 1190 omne
2963 1134 3105 1205 quod
3138 1142 3264 1188 tunc
3295 1132 3474 1197 ﬁebat,

1877 1242 2109 1298 superna
2121 1228 2410 1298 contigisse
2428 1227 2758 1299 operatione,
2779 1243 2898 1296 qua:
2913 1226 3041 1297 justi
3062 1226 3276 1282 labores
3294 1239 3476 1282 remu-

1880 1319 2353 1376 nerabaturiNam
2379 1321 2632 1392 quoniam
2653 1319 2744 1375 ille
2771 1320 3007 1390 ingratus
3032 1332 3158 1388 erga
3185 1332 3307 1372 eum
3337 1323 3476 1382 erat,

1881 1412 2142 1482 benignus
2173 1412 2431 1467 Dominus
2451 1411 2653 1481 justum
2693 1409 2922 1465 ubertim
2961 1415 3305 1464 remunerat:
3349 1405 3467 1461 Vidi

1880 1504 2011 1559 enim
2035 1520 2362 1575 quascumque
2387 1504 2566 1558 Laban
2594 1503 2684 1556 tibi
2704 1503 2842 1573 fecit.

1955 1593 2096 1650 Deus
2125 1612 2226 1649 non
2265 1595 2476 1665 despicit
2500 1612 2584 1650 eos
2624 1595 2712 1666 qui
2740 1594 3050 1648 calumniam
3098 1594 3382 1666 patiuntur.
3407 1621 3466 1633 -

1884 1688 2019 1744 llinc
2044 1687 2301 1743 discimus
2332 1686 2630 1755 quomodo,
2667 1687 2884 1757 quando
2913 1687 3104 1756 injuria
3133 1685 3289 1741 nobis
3316 1685 3476 1742 infer~

1884 1789 1987 1846 tur,
2020 1780 2064 1834 si
2095 1781 2355 1835 mansueti
2382 1789 2435 1835 et
2465 1779 2624 1834 mites
2649 1793 2712 1834 ac
2735 1779 3027 1834 tolerantes
3054 1777 3329 1842 fuerimus,
3361 1792 3478 1832 ma-

1880 1870 1986 1941 jori
2043 1879 2098 1925 et
2140 1869 2354 1940 largiori
2404 1869 2605 1924 auxilio
2656 1868 2840 1923 divino
2886 1867 3144 1935 fruamur.
3190 1867 3267 1923 Ne
3325 1867 3479 1938 igitur

1882 1962 2219 2018 obluctemur
2240 1961 2304 2015 iis
2324 1960 2413 2030 qui
2442 1974 2541 2015 nos
2564 1968 2836 2031 premunt,
2857 1969 2910 2015 et
2927 1958 3243 2013 calumniari
3272 1957 3479 2023 volunt,

1882 2052 1978 2108 sed
2025 2052 2262 2107 feramus
2307 2065 2605 2122 generose,
2639 2051 2870 2106 scientes
2912 2050 3153 2105 omnium
3195 2050 3479 2105 Dominum

1885 2158 1984 2198 nos
2031 2159 2135 2198 non
2183 2142 2564 2213 despecturum
2600 2156 2760 2208 esse,
2792 2141 3084 2196 dummodo
3129 2156 3229 2196 nos
3271 2151 3481 2212 gratum

1884 2234 2133 2290 affectum
2156 2245 2208 2290 et
2231 2235 2659 2291 benevolentiam
2684 2235 3135 2291 demonstremus.
3163 2233 3298 2289 Mihi
3315 2237 3478 2299 enim,

1884 2329 2082 2398 inquit,
2113 2328 2334 2381 vindicta
2351 2342 2371 2392 ,'
2397 2344 2488 2399 ego
2532 2328 2825 2392 retribuam,
2856 2326 2978 2380 dicit
3019 2325 3271 2381 Dominus
3299 2327 3479 2396 (Rom.

1889 2419 1974 2474 l2.
2007 2419 2073 2473 l9
2090 2429 2136 2472 et
2157 2419 2305 2473 Deut.
2328 2419 2415 2473 52.
2436 2419 2550 2487 55).
2573 2419 2798 2487 Propter
2827 2419 2927 2472 hoc
2943 2428 2998 2473 et
3025 2417 3194 2472 Jacob
3223 2417 3436 2473 dicebat
3459 2437 3469 2470 :

1887 2509 2008 2563 Non
2039 2510 2175 2563 dedit
2219 2510 2264 2563 ei
2323 2509 2478 2576 Deus,
2510 2519 2564 2563 ut
2607 2509 2843 2580 afﬂigeret
2893 2527 2989 2563 me.
3023 2509 3155 2564 Nam
3202 2510 3326 2579 quia
3372 2510 3486 2578 ipse

1885 2603 2098 2672 privare
2148 2616 2234 2656 me
2281 2601 2522 2656 laborum
2569 2601 2820 2656 mercede
2860 2601 3056 2666 voluit,
3087 2601 3344 2655 Dominus
3376 2609 3482 2653 tam

1885 2695 2104 2749 uberem
2143 2694 2194 2749 in
2251 2707 2338 2748 me
2385 2692 2678 2748 declaravit
2721 2692 3143 2746 misericordiam
3192 2699 3248 2746 et
3298 2693 3473 2760 provi-

1884 2783 2143 2849 dentiam,
2174 2793 2227 2837 ut
2270 2784 2445 2839 omnis
2486 2783 2605 2852 ejus
2649 2783 2948 2838 substantia
2995 2783 3046 2837 in
3092 2797 3181 2838 me
3225 2783 3482 2836 translata

1884 2875 2064 2931 fuerit.
2095 2875 2283 2931 Sciens
2321 2875 2468 2931 enim
2501 2889 2586 2930 me
2615 2875 2760 2929 omni
2805 2874 2983 2929 studio
3012 2874 3296 2942 serviisse,
3335 2875 3480 2928 illum

1884 2976 2061 3022 autem
2114 2981 2220 3021 non
2281 2967 2630 3038 respondisse
2683 2965 2811 3020 mihi
2865 2967 3046 3020 officio
3092 2980 3229 3031 suo,
3281 2974 3480 3020 tantam

1887 3057 2057 3112 nostri
2090 3057 2273 3111 habuit
2301 3073 2508 3112 curam.
2541 3058 2607 3111 Et
2637 3057 2778 3127 quod
2810 3072 2917 3111 non
2945 3056 3060 3110 ha-c
3085 3056 3288 3125 absque
3320 3072 3479 3110 causa

1884 3159 1940 3204 et
1970 3163 2104 3202 vane
2129 3148 2340 3215 dicam,
2370 3163 2543 3218 neque
2571 3157 2776 3203 temere
2819 3162 3089 3214 accusem,
3122 3149 3284 3203 etiam
3312 3148 3478 3201 Deum

1887 3238 2144 3294 habemus
2172 3249 2364 3294 testem
2397 3254 2583 3294 eorum
2626 3255 2746 3308 qua:
2796 3249 2950 3309 pater
2992 3249 3172 3293 vester
3197 3239 3307 3308 egit
3354 3254 3478 3308 ergo
3577 3281 3584 3287 .

1885 3348 1991 3387 me.
2032 3332 2150 3386 Vidi
2191 3332 2343 3396 enim,
2369 3333 2574 3402 inquit,
2605 3347 2932 3402 quaecumque
2961 3331 3049 3383 tibi
3089 3328 3266 3383 Laban
3321 3332 3473 3402 fecit.

1884 3425 2025 3494 quod
2073 3441 2177 3480 non
2219 3425 2391 3479 solum
2447 3424 2751 3480 mercedem
2792 3422 3092 3485 abstulerit,
3124 3420 3219 3476 sed
3258 3428 3314 3475 et
3341 3419 3481 3490 quod

1887 3533 1992 3570 non
2021 3525 2076 3570 ut
2104 3524 2263 3570 antea
2310 3531 2436 3586 erga
2481 3526 2532 3571 te
2581 3529 2723 3569 nunc
2755 3512 2976 3569 afl‘ectus
3020 3514 3109 3578 sit,
3137 3511 3232 3566 sed
3277 3511 3477 3564 aliena-

1884 3609 2019 3662 vcrit
2052 3609 2311 3663 animum.
2345 3610 2430 3664 l3.
2465 3607 2572 3678 Ego
2611 3623 2722 3662 sunt
2750 3605 2886 3660 Deus
2920 3604 3008 3676 qui
3032 3603 3255 3673 apparui
3299 3602 3388 3654 tibi
3431 3601 3482 3654 in

1885 3701 1992 3753 loco
2023 3699 2106 3752 ubi
2136 3699 2382 3752 inunxisti
2433 3698 2557 3751 mihi
2603 3697 2912 3750 columnam.
2961 3693 3018 3748 ln
3070 3692 3388 3748 memoriam
3433 3691 3481 3745 ei

1885 3793 2090 3848 referre
2115 3792 2247 3857 vult,
2277 3808 2396 3862 qua:
2429 3790 2526 3860 ipsi
2556 3802 2681 3844 tunc
2719 3788 2984 3858 pollicitus
3026 3786 3184 3841 fuerit
3205 3827 3219 3850 ,
3251 3785 3436 3839 dicens
3468 3803 3481 3838 :

1885 3885 1950 3939 in
1982 3885 2354 3939 multitudinem
2380 3892 2426 3938 te
2450 3899 2670 3937 crescere
2692 3882 2876 3953 faciam
2918 3889 2963 3933 ct
3003 3877 3290 3932 custodiam
3319 3887 3366 3930 te
3384 3917 3400 3943 ,
3425 3891 3486 3928 ac

1883 3980 2124 4032 reducam
2162 3986 2208 4030 te
2234 3978 2285 4029 in
2322 3985 2508 4030 terram
2538 3985 2674 4027 tuam
2699 3973 2850 4046 (Gen.
2874 3972 2966 4026 28.
2992 3972 3077 4026 M.
3106 3971 3216 4041 15).
3243 3970 3356 4039 Ego
3384 3969 3478 4038 igi-

1885 4083 1991 4137 tur,
2027 4071 2216 4140 inquit,
2244 4069 2332 4139 qui
2381 4078 2507 4123 tunc
2554 4064 2776 4135 apparui
2821 4063 2947 4129 tibi,
2992 4072 3043 4117 et
3097 4061 3482 4131 promissioncs

1885 4165 1976 4218 tibi
2008 4163 2105 4218 feci
2137 4181 2151 4217 :
2182 4176 2281 4232 ego
2310 4162 2469 4216 etiam
2504 4175 2644 4214 nunc
2668 4201 2680 4224 ,
2723 4156 2937 4227 quando
2965 4165 3180 4225 tempus
3206 4154 3351 4208 venit
3377 4167 3482 4221 quo

1882 4272 1946 4312 ea
1977 4271 2097 4325 qua:
2128 4264 2253 4309 tunc
2275 4252 2496 4323 promisi
2526 4266 2689 4321 opere
2711 4247 3029 4318 complenda
3073 4255 3195 4301 sunt
3218 4289 3232 4313 ,
3272 4245 3479 4314 regredi

1883 4359 1933 4402 te
1956 4349 2119 4418 jubeo
2150 4348 2352 4414 absque
2378 4347 2522 4400 omni
2556 4344 2751 4399 mentis
2776 4340 3195 4412 angore.Tecum
3213 4340 3345 4392 enint
3373 4355 3478 4390 ero.

1885 4442 1992 4511 Ego
2021 4459 2134 4495 sum
2163 4441 2300 4494 Deus
2335 4441 2420 4508 qui
2448 4437 2668 4508 apparui
2695 4436 2783 4489 tibi
2808 4435 2860 4488 in
2890 4434 3001 4488 loco
3028 4435 3081 4486 in
3110 4449 3206 4502 quo
3236 4430 3478 4484 inunxisti

1881 4535 2003 4586 mihi
2042 4534 2328 4586 columnam
2362 4529 2454 4600 (a),
2481 4539 2526 4582 et
2558 4527 2735 4581 vovisti
2771 4526 2895 4579 mihi
2923 4533 3112 4577 votum.
3166 4519 3478 4574 Memoriam

1881 4627 1978 4693 ipsi
2021 4623 2240 4679 refricat
2282 4621 2386 4675 voti
2428 4629 2484 4673 et
2526 4617 2936 4689 promissionis,
2975 4627 3134 4683 quam
3179 4619 3477 4680 receperat.

1878 4717 2158 4784 Quodnam
2186 4723 2368 4768 autem
2397 4720 2516 4766 erat
2544 4709 2767 4765 votum?
2791 4708 2866 4762 De
2886 4708 2948 4761 iis
2971 4721 3085 4775 qua:
3109 4705 3235 4758 mihi
3256 4704 3476 4765 dederis,

1877 4809 2097 4861 decimas
2121 4805 2206 4858 tibi
2226 4802 2440 4870 aferant
2462 4799 2615 4873 (Gen.
2644 4798 2734 4855 28.
2758 4798 2875 4868 22).
2901 4796 3165 4864 Quoniam
3192 4804 3318 4849 tunc
3345 4794 3479 4848 nihil

1879 4909 2054 4952 tecum
2108 4895 2373 4950 aﬂ'erebas
2397 4934 2411 4958 ,
2445 4893 2594 4963 quasi
2628 4889 2883 4961 profugus
2928 4888 3031 4942 iter
3073 4887 3276 4941 faciens
3307 4903 3321 4941 :
3351 4900 3474 4939 cum

1876 5001 2053 5046 autem
2107 4989 2201 5044 tibi
2243 5001 2593 5058 apparerem,
2634 4983 2826 5038 vovisti
2874 4989 3096 5046 votum,
3140 4979 3368 5033 dicens:
3404 4977 3480 5029 De

1876 5082 2106 5135 omnibus
2131 5095 2245 5149 qua:
2283 5078 2410 5130 mihi
2451 5076 2670 5140 dederis,
2703 5073 2924 5127 decimas
2963 5070 3094 5124 dabo
3122 5070 3244 5136 tibi,
3267 5080 3393 5121 voto
3419 5076 3475 5120 et

1877 5173 2234 5244 promissione
2284 5169 2576 5238 potentiam
2635 5181 2807 5220 meam
2858 5163 3222 5234 praesignans,
3251 5171 3308 5216 et
3352 5161 3474 5214 fidei

1876 5264 2043 5318 oculis
2077 5261 2374 5331 przevideus
2405 5259 2635 5312 futuram
2685 5257 2780 5311 tibi
2815 5271 2994 5310 rerum
3041 5254 3421 5310 abundantiam
3457 5270 3471 5306 :

1877 5368 2018 5406 nunc
2043 5354 2162 5420 quia
2193 5357 2488 5404 evenerunt
2515 5356 2569 5402 et
2597 5346 2810 5415 impleta
2843 5355 2969 5400 sunt
2996 5360 3116 5414 qua:
3152 5359 3181 5397 a
3212 5359 3299 5398 me
3329 5359 3470 5412 prte-

1874 5445 2013 5498 dieta
2038 5484 2052 5506 ,
2073 5444 2278 5511 justum
2305 5441 2465 5495 fuerit
2495 5449 2552 5494 ut
2583 5447 2638 5494 et
2663 5446 2848 5492 votum
2881 5447 3028 5491 tuum
3059 5433 3468 5503 impleas.Nunc

1875 5552 1991 5606 ergo
2014 5578 2028 5602 ,
2061 5535 2268 5604 inquit,
2298 5548 2469 5603 surge,
2499 5540 2543 5584 et
2586 5529 2823 5602 egredere
2846 5528 2909 5581 de
2937 5537 3076 5581 terra
3117 5527 3235 5593 ista,
3258 5534 3302 5579 et
3342 5525 3469 5579 vade

1934 5692 2008 5755 (α)
2042 5697 2093 5740 tn
2114 5697 2297 5749 Graeco,
2322 5701 2475 5755 επῖλην,
2501 5689 2633 5752 quod
2655 5694 2770 5755 apte
2791 5689 2987 5752 cippum
3007 5691 3246 5755 verteris,
3270 5686 3351 5737 vel
3373 5701 3476 5755 me-

1874 5749 2149 5811 lius,'aram
2188 5764 2206 5800 :
2231 5764 2315 5800 ara
2341 5749 2474 5800 enim
2506 5749 2629 5801 vere
2651 5751 2758 5808 fuit,
2781 5749 2926 5814 quam
2946 5749 3190 5812 religione
3219 5758 3378 5803 motus
3399 5751 3482 5800 in-

1873 5816 2030 5876 uasit,
2057 5821 2108 5864 et
2133 5814 2180 5862 in
2205 5826 2299 5876 qua
2324 5826 2500 5874 preces
2523 5819 2575 5863 et
2597 5821 2706 5863 vota
2732 5813 2912 5864 emisit.
