4086 6422
621 388 742 447 ’⁵699

634 504 688 558 in
707 514 902 557 terram
930 502 1198 556 nativitatis
1224 511 1322 554 tute
1341 542 1354 566 ,
1383 511 1428 554 et
1457 518 1538 555 ero
1567 511 1747 554 tecum.
1784 501 1894 570 Ego
1933 509 1984 554 te
2014 499 2210 568 ubique

632 595 962 661 comitabor,
996 609 1095 664 ego
1126 593 1218 648 tibi
1248 592 1455 647 facilem
1483 593 1759 647 ostendam
1787 593 1925 646 viam
1950 633 1965 658 ,
1992 599 2047 646 et
2087 589 2209 644 nul-

637 686 748 741 lum
796 701 826 740 a
861 685 1115 756 quopiam
1154 684 1405 739 damnum
1433 683 1608 748 feres;
1635 683 1852 738 dextera
1899 683 2047 738 extim
2091 695 2208 735 mea

631 773 827 847 ubique
856 784 908 829 te
934 783 1194 845 proteget.
1227 776 1315 830 14.
1345 773 1469 829 Hcce
1503 775 1762 828 audientes
1793 772 1985 827 Rachel
2011 781 2055 825 et
2076 769 2171 825 Lia
2189 811 2206 838 ,

630 865 868 918 dixerunt
890 865 935 918 ei
961 863 1266 935 :Numquid
1291 875 1361 919 est
1389 865 1532 919 nobis
1578 882 1696 935 pars
1739 864 1817 919 uel
1851 864 2117 918 Ita-reditas
2155 862 2209 916 in

619 952 777 1007 domo
805 953 963 1024 patris
997 955 1197 1008 nostri?
1223 956 1310 1010 l5.
1347 954 1534 1010 Nonne
1562 965 1617 1007 ut
1646 955 1824 1014 alienat
1845 961 2089 1023 reputate:
2116 969 2207 1006 su-

619 1059 740 1097 mus
763 1044 903 1114 apud
927 1044 1086 1131 eum;
1118 1044 1349 1099 Vendidit
1377 1047 1510 1099 enim
1537 1061 1647 1109 nos,
1675 1055 1723 1099 et
1750 1044 2038 1098 devorando
2065 1061 2207 1098 com-

626 1137 978 1207 edit'pretium
1007 1147 1250 1192 nostrum.
1280 1139 1367 1194 16.
1387 1137 1456 1192 Et
1484 1155 1610 1208 quas
1637 1154 1810 1192 omnes
1835 1137 1974 1192 Deus
2001 1137 2209 1192 abstulit

605 1227 828 1281 «divitias
853 1236 904 1281 et
929 1228 1142 1297 gloriam
1170 1245 1202 1280 α
1230 1237 1372 1296 patre
1398 1237 1591 1294 nostro,
1623 1227 1714 1280 tibi
1743 1227 1883 1280 dedit
1911 1243 1930 1282 :
1961 1244 2092 1280 nunc
2111 1227 2210 1298 igi-

625 1329 710 1373 tur
730 1335 1058 1389 quacumque
1078 1319 1260 1373 dixerit
1290 1319 1378 1373 tibi
1399 1319 1538 1373 Deus
1565 1328 1698 1382 tuus,
1724 1322 1826 1390 fac.
1857 1317 1989 1372 Vide
2017 1326 2071 1371 et
2111 1317 2208 1370 has

623 1418 912 1480 sequentes
941 1408 1030 1463 Dei
1061 1409 1365 1476 arbitrium,
1390 1419 1443 1464 et
1491 1410 1777 1464 afferentes
1820 1408 2081 1462 rationem
2122 1407 2207 1461 cui

623 1500 916 1556 contradici
947 1515 1051 1555 non
1081 1502 1272 1571 potuit.
1295 1500 1432 1555 Num
1461 1509 1540 1556 est
1574 1499 1769 1569 aliquid
1794 1513 2079 1553 commune
2106 1513 2208 1552 no-

626 1591 710 1646 bis
734 1633 749 1659 ,
774 1593 944 1658 aiunt,
968 1609 1087 1647 eum
1117 1601 1267 1662 patre
1289 1593 1511 1647 nostro?
1538 1592 1712 1647 Semel
1763 1592 1907 1646 enim
1951 1607 2048 1646 nos
2079 1606 2210 1646 ven-

625 1681 778 1737 didit.
804 1682 1022 1738 Divitias
1049 1693 1095 1737 et
1133 1684 1347 1753 gloriam
1375 1699 1526 1750 quam
1565 1682 1773 1736 abstulit
1807 1681 1948 1737 Deus
1988 1699 2020 1735 a
2065 1691 2209 1752 patre

623 1785 814 1839 nostra,
842 1784 891 1828 et
914 1775 1049 1827 dedit
1077 1774 1162 1826 tibi
1185 1791 1203 1838 ;
1226 1790 1316 1827 nos
1351 1772 1673 1839 habebimus,
1705 1781 1750 1826 et
1779 1773 1876 1841 ﬁlii
1909 1773 2086 1826 nostri.
2123 1771 2201 1825 Ne

622 1879 771 1919 cessa
794 1865 969 1934 igitur.
997 1879 1168 1933 neque
1187 1862 1361 1929 dilfer,
1394 1862 1487 1917 sed
1518 1861 1597 1916 fac
1617 1877 1733 1931 qua:
1756 1861 1850 1917 tibi
1881 1876 1910 1915 a
1943 1862 2052 1915 Deo
2081 1863 2209 1914 Sunt

623 1955 898 2025 imperata.
935 1953 1087 2007 Nunc
1106 1954 1264 2024 igitur
1282 1969 1608 2024 quacumque
1637 1952 1766 2005 dixit
1792 1951 1878 2005 tibi
1908 1950 2045 2004 Deus
2068 1961 2204 2015 tuus,

620 2050 726 2115 fac.
759 2047 844 2100 l7.
874 2045 996 2100 Ηωσ
1030 2056 1083 2099 ut
1111 2047 1304 2100 audivit
1325 2045 1506 2110 Iacob,
1538 2045 1756 2099 surrexit
1780 2054 1826 2098 et
1855 2045 2045 2112 accepit
2084 2061 2208 2098 uxo-

624 2155 706 2192 res
749 2155 868 2192 suas
887 2178 903 2204 ,
936 2148 981 2192 et
1011 2139 1178 2206 ﬁlios,
1211 2147 1258 2191 et
1300 2138 1568 2191 ascendere
1605 2136 1722 2204 fecit
1754 2152 1905 2205 super
1948 2135 2165 2192 camelos
2189 2151 2208 2189 :

620 2228 709 2284 18.
757 2239 803 2282 et
839 2228 1052 2281 abduxit
1085 2229 1256 2282 omnia
1301 2242 1414 2297 qua
1457 2225 1668 2280 habebat
1695 2268 1710 2293 ,
1741 2236 1787 2280 et
1853 2226 2208 2296 supellectilem

623 2334 788 2383 suam,
817 2335 968 2389 quam
993 2317 1292 2387 acquisierat
1313 2318 1364 2371 in
1390 2316 1756 2387 Mesopotamia
1772 2358 1786 2384 ,
1810 2327 1854 2370 et
1881 2318 2050 2371 omnia
2092 2334 2205 2383 sua,

619 2423 674 2465 ut
703 2412 860 2465 abiret
880 2411 948 2464 ad
975 2411 1124 2465 Isaac
1147 2419 1340 2481 patrem
1370 2427 1534 2464 suum.

686 2503 746 2557 Α.
763 2500 810 2554 Ε
828 2503 975 2555 domo
992 2500 1184 2554 Labani
1201 2500 1331 2571 fugit
1347 2500 1535 2563 Jacob;
1553 2515 1663 2569 qum
1679 2504 1851 2569 fugam
1866 2509 2071 2569 sequuta
2087 2501 2207 2565 sint;

617 2592 922 2662 praedicatur
948 2607 1070 2645 cura
1094 2589 1191 2644 Dei
1212 2605 1332 2661 erga
1358 2606 1476 2644 suos
1499 2630 1515 2656 ,
1545 2604 1659 2658 qua:
1697 2590 1748 2642 in
1790 2605 2004 2658 persona
2049 2589 2210 2643 Jacob

619 2683 796 2736 enicet.
821 2711 890 2723 —-
933 2681 1255 2747 Considera,
1298 2680 1561 2747 obsecro,
1605 2678 1966 2734 fortitudinem
2020 2681 2210 2734 anima:

614 2774 781 2844 justi,
821 2783 876 2829 et
920 2771 1187 2844 quomodo
1231 2771 1442 2842 repulso
1470 2770 1614 2825 omni
1663 2773 1856 2827 mentis
1905 2787 2103 2840 angore
2149 2785 2212 2827 ac

549 2861 552 2865 ’
615 2874 800 2930 metu,
871 2864 1121 2919 mandato
1165 2862 1432 2918 dominico
1491 2862 1893 2930 obtemperavit.
1948 2863 2209 2938 Quoniam

614 2957 759 3012 enim
788 2957 918 3011 vidit
941 2957 1077 3011 male
1104 2971 1287 3010 sanam
1316 2964 1545 3010 mentem
1587 2953 1783 3008 Labani
1804 2993 1820 3020 ,
1869 2967 1975 3008 non
2029 2953 2164 3007 ultra
2191 2993 2207 3019 ,

614 3051 752 3106 sicut
777 3050 960 3120 prius,
992 3048 1320 3118 interrogare
1346 3063 1467 3102 eum
1495 3047 1695 3101 voluit:
1728 3045 1822 3100 sed
1851 3045 1991 3116 quod
2038 3047 2209 3115 impe-

614 3150 786 3195 ratum
815 3151 982 3196 erata
1009 3141 1265 3206 Domino,
1296 3139 1547 3208 implebat
1570 3179 1583 3200 .
1614 3147 1668 3193 et
1697 3140 1932 3206 acceptis
1972 3138 2211 3192 mulieri-

615 3229 716 3286 bus
744 3241 797 3285 et
824 3231 1034 3300 pueris,
1067 3230 1168 3285 iter
1194 3229 1435 3298 arripuit.
1467 3227 1553 3282 19.
1584 3227 1760 3282 Laban
1786 3238 1949 3281 autem
1973 3268 1987 3291 ,
2018 3226 2207 3296 inquit,

615 3323 806 3376 abierat
830 3323 897 3376 ad
913 3323 1217 3376 tondendum
1237 3336 1347 3374 oves
1367 3337 1507 3376 suas.
1533 3317 1726 3373 Furata
1745 3329 1908 3374 autem
1930 3329 2000 3372 est
2023 3317 2214 3372 Rachel

615 3415 753 3468 idola
781 3416 939 3482 patris
958 3414 1056 3466 sui.
1082 3412 1264 3483 Neque
1289 3412 1391 3467 bne
1428 3413 1629 3481 absque
1650 3427 1806 3466 causa
1839 3413 1991 3466 nobis
2023 3425 2212 3482 propo-

613 3506 772 3560 situm
798 3514 916 3570 est,
949 3504 1042 3559 sed
1086 3513 1143 3558 ut
1179 3506 1409 3559 sciamus
1433 3505 1698 3573 quomodo
1723 3505 1896 3559 adhuc
1938 3514 2210 3574 paternam

618 3597 874 3652 habentes
926 3596 1401 3660 consuetudinem,
1456 3596 1717 3651 idolorum
1769 3597 1932 3651 cultui
1989 3597 2212 3652 addicta:

615 3695 786 3741 erant.
817 3686 1192 3742 Animadverte
1216 3686 1358 3743 enim
1385 3729 1401 3753 ,
1450 3695 1705 3756 quantum
1737 3688 1820 3741 illa
1867 3688 1918 3741 in
1951 3687 2050 3742 hoc
2096 3699 2210 3742 stu-

615 3776 761 3830 dium
793 3776 1108 3845 impenderit
1131 3819 1146 3841 ,
1171 3793 1291 3832 cum
1319 3776 1452 3831 nihil
1477 3778 1620 3831 aliud
1645 3793 1675 3832 a
1703 3789 1852 3847 patre
1877 3778 2090 3833 auferre
2115 3795 2210 3834 vo-

616 3867 812 3935 luerit,
859 3883 1018 3938 quam
1067 3868 1207 3923 idola
1260 3869 1413 3938 ejus,
1471 3869 1630 3938 idque
1669 3868 1892 3924 faciebat
1940 3870 2214 3938 ignorante

616 3958 731 4012 viro
755 3976 769 4013 :
798 3973 970 4027 neque
995 3959 1136 4014 enim
1163 3958 1249 4012 ille
1274 3959 1375 4013 hoc
1396 3959 1733 4038 permisisset
1761 3960 1891 4012 fieri.
1918 3959 2007 4014 20.
2031 3959 2215 4013 Occul-

617 4051 736 4102 tattit
757 4059 926 4103 autem
950 4090 964 4114 ,
991 4050 1160 4118 inquit
1183 4090 1198 4113 ,
1224 4047 1386 4101 Jacob
1412 4066 1443 4102 a
1470 4048 1645 4103 Laban
1667 4049 1803 4119 Syro
1819 4091 1832 4114 ,
1858 4067 1919 4103 ne
1938 4052 2214 4104 annuntia-

616 4148 755 4192 retur
771 4140 817 4193 ei
835 4139 969 4208 quod
984 4143 1191 4210 fugeret.
1207 4138 1269 4191 2|
1285 4180 1296 4192 .
1315 4137 1381 4193 Et
1401 4140 1632 4194 abscessit
1645 4140 1820 4210 ipsaet
1844 4142 2012 4193 omnia
2032 4141 2211 4210 ipsius,

616 4242 663 4285 et
691 4234 902 4287 transito
930 4234 1084 4302 ﬂuvio
1102 4274 1117 4299 ,
1146 4233 1398 4287 contendit
1430 4235 1496 4286 ad
1523 4245 1741 4300 montem
1777 4235 1996 4289 Galaad.
2048 4234 2178 4290 Vide
2196 4277 2210 4302 ,

616 4322 842 4377 obsecro
863 4363 879 4388 ,
918 4325 1074 4378 etiam
1105 4322 1191 4376 hic
1223 4339 1467 4394 magnam
1513 4324 1607 4379 Dei
1638 4326 2052 4395 providentiam,
2078 4343 2212 4397 quo-

619 4413 814 4480 modo,
843 4413 1010 4468 donec
1044 4414 1223 4484 justus
1270 4415 1449 4484 procul
1477 4415 1803 4484 aufugisset,
1835 4429 1938 4469 non
1979 4417 2218 4484 permisit

620 4514 677 4558 nt
702 4503 879 4558 Laban
910 4505 1048 4559 illius
1076 4519 1344 4560 secessum
1374 4506 1553 4561 sciret.
1601 4505 1692 4560 22.
1726 4505 1904 4560 Tribus
1933 4507 2074 4561 enim
2107 4507 2216 4559 die-

620 4597 712 4648 bus
736 4637 752 4661 ,
778 4595 979 4664 inquit,
1004 4596 1268 4664 prazteritis
1287 4636 1302 4660 ,
1323 4597 1422 4664 ipsi
1447 4595 1623 4650 Laban
1661 4597 1896 4651 innotuit.
1926 4597 2016 4653 23.
2043 4597 2110 4651 Et
2135 4615 2220 4653 as-

620 4688 835 4758 sumptis
858 4687 1086 4741 omnibus
1122 4689 1358 4758 fratribus
1383 4689 1486 4743 suis
1509 4730 1526 4756 ,
1550 4699 1836 4759 persecutus
1873 4699 1947 4743 est
1989 4706 2102 4743 eum
2137 4691 2218 4743 via

536 4799 538 4802 ν
622 4778 818 4831 dierum
855 4788 1077 4846 septem;
1104 4789 1151 4833 et
1189 4789 1522 4850 consequutus
1562 4795 1674 4833 eum
1697 4780 1750 4832 in
1788 4790 1956 4834 monte
1997 4780 2214 4837 Galaad.

623 4869 858 4925 Obsecro
897 4871 981 4926 hic
1005 4886 1215 4942 quoque
1238 4872 1484 4927 attendas
1521 4872 1613 4926 Dei
1640 4872 2046 4942 providentiam.
2087 4873 2217 4928 Nam

628 4962 719 5030 qui
741 4961 910 5027 dixit,
941 4963 1205 5017 Reuertere
1225 4964 1280 5017 in
1307 4973 1489 5018 terram
1514 4972 1682 5030 tuam,
1729 4974 1772 5017 et
1817 4980 1902 5018 ero
1921 4974 2108 5032 tecum,
2134 4965 2221 5019 ille

623 5052 784 5107 etiam
811 5068 952 5108 nunc
975 5067 1125 5108 suam
1163 5054 1393 5109 declarat
1443 5054 1849 5125 providentiam.
1899 5056 2034 5123 Quia
2080 5057 2218 5111 enim

631 5143 759 5197 vidit
788 5143 967 5198 Laban
999 5158 1119 5198 cum
1150 5145 1312 5198 multa
1339 5145 1698 5215 indignatione
1723 5147 1966 5217 persequi
1991 5148 2215 5216 justum,

627 5246 681 5290 et
703 5249 910 5304 pmnam
938 5235 1114 5290 furtivi
1140 5251 1386 5292 secessus
1404 5280 1419 5304 ,
1442 5246 1502 5291 ut
1526 5237 1596 5291 ita
1620 5237 1788 5292 dicam
1814 5280 1827 5303 ,
1855 5247 2187 5307 sumpturum
2205 5280 2220 5305 ,

628 5326 873 5395 apparuit
914 5326 1096 5382 Laban
1135 5339 1292 5383 nocte
1330 5328 1381 5382 in
1409 5343 1617 5383 somno.
1644 5331 1733 5383 24.
1774 5329 1917 5383 Venit
1960 5330 2120 5394 enim,
2145 5331 2223 5385 in-

626 5417 740 5485 quit
760 5455 775 5481 ,
804 5416 938 5472 Deus
957 5419 1028 5472 ad
1049 5417 1223 5474 Laban
1247 5419 1435 5491 Syrum
1457 5421 1508 5474 in
1534 5437 1708 5474 somno
1729 5431 1869 5476 nocte
1887 5463 1900 5486 ,
1925 5431 1971 5476 et
1991 5423 2118 5476 dixit
2158 5425 2222 5478 ei.

633 5505 767 5561 Vide
798 5507 890 5564 Dei
920 5509 1329 5580 indulgentiam,
1360 5511 1628 5581 quomodo
1650 5511 1719 5566 ob
1745 5528 1893 5568 suam
1941 5514 1992 5567 in
2024 5515 2223 5584 justum

631 5595 1016 5663 providentiam
1043 5614 1164 5654 cum
1194 5599 1374 5655 Laban
1402 5601 1722 5670 colloquitur
1751 5620 1764 5655 :
1811 5613 1868 5657 ut
1906 5604 2087 5658 territa
2113 5605 2227 5673 ejus

638 5697 814 5743 mente
835 5690 1085 5760 impetum
1114 5692 1228 5763 ejus
1249 5707 1278 5747 a
1301 5692 1464 5748 Jaeob
1487 5703 1749 5749 coerceat.
1775 5693 1904 5749 Cave
1927 5697 2047 5762 tibi,
2071 5713 2134 5749 ne
2157 5697 2228 5750 lo-

626 5780 1103 5852 quariscumlacob
1124 5782 1279 5838 mala.
1306 5783 1490 5856 Magna
1518 5783 1726 5841 Domini
1752 5785 2065 5856 benignitas.
2094 5787 2228 5856 Quia

1378 385 1436 443 S.
1475 385 1750 444 JOANNIS
1786 379 2257 444 CHRYSOSTOMI
2297 382 2616 443 ARCHIEP.
2655 389 3183 446 CONSTANTINOP.

3823 397 3926 453 500

2319 498 2459 552 enim
2473 500 2674 557 sciebat
2695 517 2820 557 eum
2842 503 2907 557 ad
2931 520 3154 574 pugnam
3180 504 3529 573 contendere,
3556 517 3609 561 et
3629 519 3827 563 contra
3848 513 3930 579 ju—

2313 599 2456 645 stum
2473 591 2745 662 insurgere
2765 595 2918 658 velle,
2935 595 3034 650 hoc
3051 579 3211 651 verbo
3227 607 3456 650 mentem
3474 599 3592 666 ejus
3604 605 3927 669 compescit,

2313 681 2368 728 et
2385 673 2544 730 dicit:
2574 675 2704 731 Cave
2726 677 2831 742 tibi,
2857 694 2918 732 ne
2939 678 3160 745 loquaris
3179 697 3294 732 cum
3311 678 3474 733 Iacob
3495 683 3633 734 nsala
3662 699 3678 735 :
3704 682 3934 750 perinde

2312 777 2376 819 ac
2399 764 2444 819 si
2475 765 2710 820 diceret:
2738 765 2877 823 Cave
2903 782 2970 823 ne
3008 769 3091 823 vel
3118 769 3296 824 verbis
3323 769 3598 824 olfendere
3637 769 3818 825 Jacob
3843 787 3930 826 co-

2313 857 2491 912 neris:
2520 857 2615 913 sed
2653 873 2810 915 serva
2839 860 3066 930 teipsum
3086 901 3100 925 ,
3122 861 3341 940 contine
3367 862 3565 916 malum
3599 861 3748 916 hunc
3779 871 3927 916 tuum

2313 946 2568 1016 impetum
2593 989 2608 1015 ,
2654 951 2945 1020 comprime
2989 949 3220 1007 furorem
3244 993 3260 1020 ,
3288 951 3496 1008 refrena
3524 953 3726 1007 iratum
3778 963 3927 1008 tuum

2311 1036 2546 1092 animum
2563 1079 2582 1102 η,
2611 1053 2674 1094 ac
2711 1055 2779 1096 ne
2802 1041 2886 1095 vel
2910 1041 3074 1096 verbo
3103 1041 3276 1110 ipsum
3323 1044 3641 1097 contristare
3668 1042 3832 1098 velis.
3865 1042 3926 1097 Et

2310 1127 2587 1183 considera
2613 1130 2705 1184 Dei
2742 1130 3102 1186 clementiam.
3130 1130 3243 1185 Non
3271 1132 3545 1200 imperavit
3597 1131 3830 1187 Labano
3875 1144 3925 1187 ut

2311 1219 2375 1274 ad
2405 1220 2617 1291 propria
2654 1231 3037 1288 reverteretur,
3078 1221 3171 1276 sed
3202 1222 3373 1276 solum
3406 1222 3667 1290 prohibet.
3699 1238 3772 1277 ne
3802 1225 3930 1294 quid

2310 1311 2500 1366 durum
2533 1314 2616 1368 vel
2658 1314 2938 1369 molestum
2987 1329 3106 1368 cum
3130 1313 3276 1382 justo
3307 1314 3570 1384 loquatur.
3601 1315 3821 1382 Quare,
3879 1326 3930 1371 et

2311 1411 2528 1472 prepter
2554 1401 2722 1470 quid?
2746 1402 2814 1457 Ut
2842 1402 3011 1457 discat
3041 1418 3134 1472 per
3169 1405 3378 1473 negotia
3402 1385 3454 1458 et
3485 1419 3581 1472 per
3611 1419 3786 1474 opera
3818 1407 3927 1474 ipsa

2305 1491 2511 1562 justus,
2539 1505 2790 1563 quantam
2814 1495 2898 1549 sui
2919 1510 3100 1549 curam
3128 1504 3277 1565 gerat
3304 1496 3459 1550 Deus.
3489 1495 3622 1550 Nam
3652 1498 3700 1550 si
3735 1512 3924 1553 rever-

2310 1598 2401 1639 sus
2425 1584 2609 1639 fuisset
2630 1585 2808 1640 Laban
2834 1627 2848 1650 ,
2873 1587 3011 1640 unde
3043 1585 3171 1640 illud
3199 1586 3445 1640 scivisset
3468 1585 3639 1640 Jacob
3661 1628 3676 1651 ,
3698 1597 3795 1641 aut
3816 1591 3928 1657 ejus

2314 1676 2551 1730 uxores?
2576 1675 2699 1730 Ideo
2727 1677 2982 1745 permittit
3014 1677 3061 1730 ei
3091 1687 3144 1730 nt
3171 1677 3348 1742 abeat,
3383 1686 3436 1730 et
3452 1676 3638 1746 lingua
3667 1692 3772 1731 sna
3799 1693 3926 1732 con-

2313 1766 2520 1821 ﬁteatur
2535 1782 2652 1836 qua:
2672 1767 2809 1822 Deus
2825 1767 2955 1821 dixit
2969 1767 3034 1822 ad
3051 1783 3131 1835 se,
3149 1783 3254 1837 quo
3269 1778 3322 1823 et
3339 1767 3516 1836 justus
3532 1771 3808 1837 majorem
3825 1770 3930 1822 ala-

2310 1858 2551 1912 critatem
2582 1857 2776 1912 habeat
2819 1857 3233 1927 proﬁciscendo,
3269 1857 3623 1927 ﬁduciamth
3653 1858 3928 1928 accipiat,

2311 1957 2361 2004 et
2404 1957 2463 2002 ut
2510 1948 2666 2017 hujus
2732 1963 2926 2003 uxores
2973 1950 2991 1980 ί
3045 1949 3251 2004 discant
3293 1959 3494 2019 quanto
3540 1949 3730 2003 studio
3791 1949 3934 2004 Dens

2311 2042 2550 2094 omnium
2599 2040 2850 2094 Dominus
2893 2040 3146 2096 Jacobum
3197 2051 3381 2104 curet,
3423 2040 3793 2109 rejiciantque
3843 2056 3930 2094 er-

2311 2145 2488 2186 rorem
2551 2141 2864 2199 paternum,
2927 2139 2981 2184 et
3033 2131 3306 2184 imitentur
3351 2131 3590 2199 justum,
3647 2140 3821 2198 atque
3871 2130 3933 2183 ad

2312 2221 2740 2292 cognoscendum
2770 2222 2936 2277 Deum
2968 2221 3320 2276 sufﬁcientem
3349 2221 3655 2276 doctrinam
3686 2220 3820 2275 inde
3847 2236 3937 2274 ac-

2311 2314 2527 2382 cipiant.
2551 2312 2733 2382 Neque
2765 2312 2906 2366 enim
2939 2313 3018 2368 sic
3070 2311 3175 2366 ﬁde
3215 2311 3368 2381 digna
3398 2321 3551 2365 erant
3598 2327 3728 2380 qua:
3771 2311 3940 2364 Jacoh

2310 2405 2520 2460 dicebat
2544 2445 2558 2470 ,
2587 2414 2642 2458 ut
2668 2420 2786 2474 qua:
2810 2419 2841 2458 a
2862 2403 3041 2458 Laban
3073 2402 3409 2466 dicebantur,
3439 2405 3527 2470 qui
3571 2400 3762 2455 adhuc
3792 2401 3937 2455 idola

2312 2498 2537 2553 colebat.
2568 2496 2791 2566 Semper
2811 2497 2952 2551 enim
2974 2495 3264 2550 inﬁdelium
3284 2503 3335 2549 et
3355 2493 3771 2548 adversantium
3791 2509 3940 2548 vera:

2313 2587 2554 2657 religioni
2598 2587 2899 2642 testimonia
2933 2586 3190 2654 majorem
3227 2584 3423 2639 habent
3475 2582 3666 2638 ﬁdem.
3714 2583 3792 2638 Et
3844 2584 3944 2637 hoc

2313 2690 2395 2735 est
2420 2696 2483 2735 ex
2525 2678 2876 2749 omnipotenti
2915 2677 3171 2746 sapientia
3202 2675 3328 2743 Dei,
3355 2689 3476 2730 cum
3508 2675 3767 2729 inimicos
3801 2675 3944 2728 veri-

2312 2772 2436 2828 tatis
2468 2772 2611 2841 ipsos
2642 2779 2806 2825 testes
2835 2769 3071 2823 veritatis
3098 2766 3297 2832 efﬁcit,
3323 2773 3379 2821 et
3421 2781 3516 2820 sua
3550 2766 3741 2835 lingua
3773 2766 3942 2835 ipsam

2316 2863 2529 2918 ﬁrmare
2550 2871 2811 2931 satagunt.
2828 2859 2917 2916 25.
2935 2858 3279 2928 Consequutus
3294 2866 3366 2911 est
3383 2867 3552 2910 autem
3569 2855 3758 2909 Lnban
3784 2855 3942 2909 Jaco-

2314 2953 2451 3007 bum.
2502 2952 2662 3007 Jacob
2691 2961 2858 3006 autem
2897 2951 3009 3021 ﬁxit
3046 2950 3423 3004 tabernaculum
3449 2964 3596 3002 suum
3623 2948 3678 3000 in
3724 2957 3899 3001 monte
3924 2968 3941 3000 .-

2314 3045 2490 3100 Laban
2515 3063 2627 3099 vero
2653 3045 2904 3098 constituit
2940 3047 3122 3114 fratres
3145 3057 3264 3095 suos
3307 3041 3360 3093 in
3387 3048 3554 3092 monte
3582 3038 3821 3092 Galaad.
3853 3037 3944 3090 26.

2314 3135 2458 3192 Dixit
2479 3147 2643 3191 autem
2660 3134 2835 3189 Laban
2858 3133 2924 3187 ad
2938 3132 3098 3186 Jacob
3121 3148 3140 3186 :
3170 3130 3273 3184 Cur
3289 3130 3382 3183 hoc
3404 3129 3610 3200 fecisti?
3638 3127 3781 3182 Vide
3812 3142 3947 3197 quo-

2317 3228 2476 3284 modo
2503 3235 2825 3297 prmceptum
2873 3225 2966 3280 Dei
2994 3237 3242 3293 magnum
3283 3222 3424 3275 illius
3450 3219 3692 3273 calorem
3723 3234 3947 3289 represo

2316 3322 2413 3386 sit,
2441 3323 2496 3374 et
2521 3317 2753 3373 furorem
2774 3314 3062 3370 refrenavit
3086 3331 3100 3366 :
3123 3322 3174 3368 et
3201 3312 3398 3367 idcirco
3423 3324 3544 3365 cum
3567 3325 3770 3380 magna
3794 3325 3948 3363 man-

2316 3411 2591 3468 suetudine
2607 3407 2932 3477 colloquium
2950 3406 3108 3459 habet
3121 3418 3241 3459 cum
3270 3418 3336 3456 eo
3356 3443 3371 3468 ,
3400 3401 3552 3471 quasi
3570 3416 3631 3454 se
3646 3415 3947 3473 excusans,

2316 3514 2368 3558 et
2400 3512 2670 3572 paternam
2699 3497 3036 3552 dilectionem
3053 3510 3175 3565 erga
3207 3494 3351 3548 illum
3380 3492 3686 3546 declarans.
3717 3493 3950 3559 Quando

2316 3595 2459 3650 enim
2489 3605 2719 3661 superna
2765 3585 3098 3659 providentia
3141 3585 3294 3639 nobis
3332 3582 3565 3646 assistit,
3600 3597 3714 3636 non
3769 3583 3947 3636 solum

2320 3685 2585 3739 malorum
2618 3680 2892 3735 hominum
2923 3675 3140 3731 insidias
3187 3673 3421 3742 cil‘ugere
3465 3686 3801 3741 possumus,
3853 3671 3948 3726 sed

2316 3776 2416 3832 etsi
2465 3776 2518 3828 in
2569 3773 2766 3828 bestias
2801 3772 2945 3840 ipsas
2987 3766 3321 3832 incidamus,
3363 3765 3496 3819 nihil
3539 3763 3760 3819 adversi
3790 3765 3950 3820 nobis

2316 3866 2512 3923 evenit.
2542 3864 2788 3920 Omnium
2816 3863 2956 3916 enim
2989 3859 3244 3914 Dominus
3269 3871 3382 3912 sua:
3415 3854 3630 3909 virtutis
3680 3866 3951 3924 praestan-

2318 3962 2446 4015 tiam
2472 3959 2752 4015 declarans
2774 3996 2789 4021 ,
2821 3953 3110 4009 bestiarum
3139 3956 3309 4005 mutat
3333 3955 3580 4002 naturam
3598 3986 3614 4010 ,
3645 3959 3860 4015 easque
3889 3946 3943 3999 in

2318 4068 2446 4109 oves
2473 4056 2780 4106 mansuetas
2799 4044 3139 4101 transformat
3160 4058 3178 4094 :
3202 4055 3308 4095 non
3338 4037 3480 4109 quod
3525 4037 3821 4092 bestialem
3870 4038 3949 4091 eis

2317 4155 2561 4200 naturam
2608 4143 2852 4196 immolet
2874 4179 2888 4203 ,
2931 4134 3025 4190 sed
3054 4134 3265 4189 relictas
3290 4131 3343 4186 in
3370 4139 3556 4185 natura
3586 4142 3684 4183 eas
3707 4170 3724 4195 ,
3759 4129 3947 4183 ovium

2318 4252 2498 4293 mores
2523 4246 2576 4291 et
2603 4244 2848 4289 naturam
2875 4229 3131 4286 exhibere
3158 4225 3370 4296 satagit.
3418 4221 3581 4293 quue
3619 4236 3730 4276 non
3765 4221 3946 4276 solum

2318 4333 2371 4387 in
2399 4331 2525 4386 feris
2543 4328 2664 4400 quis
2691 4326 2874 4382 videre
2906 4324 3137 4394 poterit,
3165 4319 3260 4375 sed
3295 4327 3348 4373 et
3377 4318 3428 4371 in
3453 4316 3740 4371 elementis
3791 4316 3942 4386 ipsis.

2320 4419 2545 4492 Quando
2565 4422 2707 4477 enim
2738 4419 2887 4487 vult,
2913 4427 3039 4472 tunc
3067 4423 3121 4469 et
3143 4414 3406 4469 elementa
3437 4411 3551 4479 ipsa
3582 4407 3804 4463 virtutis
3834 4423 3948 4462 smn

2322 4517 2721 4580 obliviscuntur,
2744 4522 2799 4567 et
2824 4524 2997 4580 neque
3023 4508 3159 4577 ignis
3184 4505 3310 4560 facit
3336 4502 3477 4574 quod
3509 4501 3646 4572 ignis
3677 4500 3848 4555 solet.
3879 4499 3946 4555 Et

2325 4609 2426 4664 hoc
2446 4621 2654 4678 quoque
2673 4606 2880 4661 discere
2902 4600 3099 4672 poterit
3126 4597 3316 4668 aliquis
3338 4604 3443 4650 tam
3467 4595 3520 4648 in
3541 4592 3715 4647 tribus
3733 4593 3943 4661 pueris,

2324 4717 2478 4772 quam
2494 4701 2544 4754 in
2566 4699 2780 4754 Daniele
2797 4695 3015 4768 (Dan.6.
3032 4692 3146 4763 22).
3162 4691 3292 4746 Nam
3316 4689 3454 4744 hunc
3465 4687 3649 4741 leones
3660 4689 3806 4740 sicut
3818 4699 3948 4740 oves

2324 4789 2753 4853 circumdabant,
2781 4797 2834 4843 et
2861 4799 3094 4856 superno
3113 4781 3311 4837 auxilio
3331 4789 3507 4835 retusa
3528 4791 3721 4833 eorum
3747 4775 3952 4831 femi-

2327 4890 2434 4937 tate
2457 4923 2473 4948 ,
2505 4880 2633 4936 nihil
2656 4881 2731 4934 illi
2764 4876 3088 4933 incommodi
3111 4873 3329 4929 dabant.
3357 4870 3487 4925 Nam
3516 4868 3660 4938 quod
3690 4867 3940 4923 ferocita-

2328 4982 2433 5028 tem
2464 4986 2570 5026 non
2598 4977 2909 5026 exercentes
2935 4967 3060 5020 ferte
3079 5007 3093 5030 ,
3127 4979 3246 5019 eam
3275 4971 3451 5016 tamen
3498 4959 3823 5015 retinuerint
3847 5002 3864 5028 ,
3915 4959 3944 5012 ii

2325 5065 2425 5137 qui-
2445 5063 2573 5119 feris
2601 5061 3009 5118 truculentiores
3034 5066 3188 5113 erant
3215 5056 3388 5124 reipsa
3409 5053 3617 5123 experti
3645 5062 3800 5107 sunt.

2401 5156 2455 5211 5.
2499 5155 2610 5208 Hoc
2654 5162 2834 5208 autem
2879 5150 2945 5206 ad
2984 5149 3246 5219 majorem
3286 5146 3498 5201 illorum
3540 5144 3945 5199 accusationem

2335 5249 2535 5304 factum
2561 5254 2644 5301 est
2663 5287 2676 5310 ,
2700 5246 2824 5315 quia
2852 5245 3058 5298 ratione
3090 5239 3348 5310 insigniti,
3377 5235 3696 5292 crudelitate
3735 5233 3942 5289 bestias

2333 5340 2543 5394 ratione
2569 5345 2816 5392 carentes
2836 5334 3140 5389 vincebant.
3185 5329 3540 5396 Tandemque
3579 5326 3758 5394 reipsa
3798 5324 3939 5378 didi.

2333 5438 2522 5486 cerunt
2563 5427 2834 5499 quomodo
2876 5442 2943 5481 ex
2984 5423 3195 5480 Domini
3239 5418 3570 5491 providentia
3617 5415 3750 5470 fera:
3804 5417 3938 5486 ipse

2329 5522 2529 5591 justum
2555 5521 2664 5575 sint
2713 5518 2976 5584 reveritus,
3017 5528 3190 5585 neque
3237 5526 3381 5566 ausa:
3430 5507 3627 5563 fuerint
3669 5507 3791 5577 ejus
3819 5523 3938 5562 cor-

2337 5630 2434 5685 pus
2481 5613 2779 5682 attingere:
2833 5607 2910 5663 illi
2955 5621 3086 5663 vero
3129 5605 3270 5660 feras
3313 5601 3646 5658 immanitate
3692 5615 3925 5670 supers-

2325 5735 2535 5860 “$30:
2582 5731 2728 5796 “88.,
2775 5737 2820 5785 et
2861 5735 2916 5784 ιιι
2958 5729 3106 5795 hujus
3149 5726 3304 5797 filice,
3343 5729 3424 5780 καὶ
3467 5731 3518 5778 αι
3567 5726 3748 5777 τούτου
3793 5731 3938 5789 (tura-
