4086 6430
199 415 296 472 501

196 544 322 592 runt
349 535 462 592 '.Et
508 553 575 592 ne
600 545 846 608 putarent
875 535 990 592 lure
1015 551 1081 592 ex
1103 536 1217 591 visu
1247 535 1367 590 solo
1387 549 1450 589 ac
1471 532 1650 604 specie
1666 531 1801 587 facta

196 643 337 696 esse;
356 643 553 698 pereos
565 631 652 700 qui
669 639 848 698 postea
866 630 918 683 in
938 628 1107 683 laeum
1121 626 1298 697 injecti
1312 635 1435 681 sunt
1447 631 1799 696 agnoverunt,

195 733 292 774 eas
315 734 441 775 cum
466 721 610 789 justo
632 719 746 773 vim
769 720 950 775 ovium
979 717 1444 775 mansuetudinem
1473 716 1726 782 imitatas,
1749 723 1805 770 et

198 818 406 864 natura
444 825 554 865 suae
583 811 778 865 oblitas
807 825 965 866 esse:
1009 825 1132 866 cum
1162 810 1227 864 iis
1267 818 1446 864 autem
1497 808 1588 877 qui
1620 815 1804 877 postea

200 900 385 972 injecti
415 913 540 956 sunt
566 900 821 957 ferociam
845 917 998 957 suam
1023 900 1350 956 exhibuisse.
1384 899 1646 955 Similiter
1667 907 1723 954 et
1750 899 1802 954 in

200 991 420 1047 fornace
443 993 579 1061 ignis
605 991 802 1048 factum
832 1003 914 1049 est
945 992 1173 1064 (Daniel.
1206 993 1286 1060 ὅ).
1319 991 1454 1047 Nam
1484 1006 1578 1046 eos
1603 990 1692 1062 qui
1726 991 1808 1044 in-

199 1093 287 1137 tus
307 1091 462 1138 erant
482 1084 833 1154 reverebatur
850 1085 1199 1149 elementum,
1219 1092 1272 1139 et
1293 1098 1400 1138 non
1424 1085 1611 1139 urebat
1631 1083 1766 1154 ignis
1786 1100 1802 1136 :

198 1173 295 1229 scd
319 1176 474 1246 quasi
497 1175 654 1246 ligata
681 1178 994 1248 operatione
1021 1193 1139 1244 sua,
1164 1178 1237 1232 ita
1259 1175 1392 1232 nihil
1421 1178 1650 1232 nocebat
1676 1190 1805 1246 pue-

199 1281 386 1322 rorum
412 1269 752 1339 corporibus,
781 1279 836 1325 et
860 1285 1032 1340 neque
1054 1269 1278 1340 capillos
1309 1283 1500 1324 eorum
1538 1273 1806 1339 attingere

197 1371 364 1414 ausus
405 1358 526 1426 fuit,
555 1361 705 1432 quasi
745 1361 998 1417 mandato
1043 1362 1270 1432 alicujus
1313 1361 1642 1416 elementum
1682 1374 1812 1429 pro-

200 1449 375 1517 priam
395 1449 674 1508 declarare
710 1452 962 1507 virtutem
1014 1451 1393 1522 prohiberetur
1426 1468 1440 1504 :
1488 1464 1583 1506 eos
1625 1456 1804 1503 autem

198 1541 292 1609 qui
317 1549 468 1596 extra
499 1541 770 1598 fornacem
789 1553 963 1608 erant,
997 1542 1314 1612 absumpsit.
1342 1541 1401 1597 fu
1429 1550 1658 1610 utroque
1687 1554 1805 1594 ma-

198 1645 304 1698 gna
333 1631 424 1686 Dei
457 1633 690 1702 potentia
714 1632 1016 1688 declaratur
1035 1675 1051 1700 ,
1081 1641 1136 1688 et
1162 1633 1283 1703 quia
1311 1630 1384 1687 illi
1414 1632 1558 1686 intus
1587 1645 1804 1686 manse-

201 1729 328 1776 runt
370 1721 563 1790 illzcsi,
592 1732 649 1780 et
691 1723 816 1794 quia
859 1724 950 1794 qui
980 1724 1110 1779 foris
1131 1732 1328 1791 erant,
1373 1722 1670 1793 perierunt.
1718 1719 1808 1776 Sic

199 1810 417 1881 quando
465 1826 699 1882 superno
743 1813 944 1868 auxilio
999 1814 1312 1879 munimur,
1364 1827 1470 1867 non
1501 1811 1678 1867 solum
1723 1809 1808 1865 ef-

201 1900 434 1970 fugimus
485 1903 823 1958 inimicorum
877 1903 1136 1968 insidias,
1201 1902 1299 1959 sed
1347 1903 1450 1958 etsi
1498 1902 1556 1957 in
1605 1900 1808 1956 bestias

203 1992 349 2062 ipsas
370 1990 690 2058 incidamus,
727 1992 860 2049 nihil
885 1994 1114 2064 patimur
1151 2008 1334 2065 grave.
1365 1993 1456 2048 Dei
1495 1993 1640 2049 enim
1688 2006 1808 2046 ma-

202 2097 306 2138 nus
336 2083 605 2151 potentior
640 2093 724 2142 est
756 2085 1044 2151 omnibus;
1091 2086 1205 2155 ipsa
1249 2100 1348 2141 nos
1395 2085 1633 2156 undique
1675 2084 1809 2140 satis

201 2174 394 2240 munit,
411 2183 469 2230 et
485 2174 709 2232 invictos
730 2175 855 2231 facit
879 2194 892 2229 :
920 2176 970 2230 id
984 2177 1127 2246 quod
1148 2177 1272 2232 etin
1288 2175 1435 2247 justo
1455 2175 1558 2231 hoc
1568 2175 1810 2232 declara-

201 2273 318 2319 tum
340 2272 441 2320 est.
473 2263 604 2320 Nam
631 2267 719 2336 qui
751 2275 902 2322 tanto
931 2267 1130 2337 impetu
1156 2266 1621 2336 comprehendere
1641 2265 1807 2322 Jaco-

201 2353 354 2421 bum,
379 2363 435 2410 et
461 2371 677 2426 poenam
704 2355 840 2428 fuga:
867 2356 937 2412 de
962 2372 1030 2412 eo
1057 2373 1274 2413 sumere
1300 2358 1546 2425 volebat;
1576 2373 1683 2414 non
1715 2373 1808 2412 so-

201 2433 326 2498 lum
347 2445 477 2500 nihil
505 2460 757 2516 asperum
785 2457 840 2503 et
867 2447 1063 2502 durum
1092 2448 1352 2504 adversus
1378 2463 1501 2504 eum
1524 2449 1763 2520 loquitur
1786 2490 1803 2514 ,

200 2534 302 2591 sed
327 2536 463 2592 sicut
489 2548 642 2608 pater
677 2538 843 2593 filium
873 2540 1206 2610 compellans
1229 2582 1246 2607 ,
1280 2540 1351 2595 ita
1392 2539 1603 2596 blandis
1631 2541 1810 2596 verbis

201 2627 457 2682 convenit
481 2646 493 2679 :
525 2628 656 2683 dicit
682 2630 828 2686 enim
858 2649 869 2684 :
898 2630 989 2686 26.
1015 2632 1121 2686 Cur
1147 2633 1243 2686 hac
1269 2632 1432 2702 fecisti
1449 2632 1480 2686 .’
1500 2648 1657 2702 quare
1675 2635 1809 2687 clam

199 2719 487 2774 abscessiin
501 2723 528 2774 .’
557 2721 691 2778 Vide
731 2733 928 2793 quanta
972 2726 1236 2780 mutatio:
1286 2725 1406 2781 vide
1447 2726 1719 2797 quomodo
1765 2727 1810 2781 is

198 2811 294 2880 qui
322 2822 381 2866 ut
406 2811 574 2866 bestia
605 2813 927 2880 insaniebat,
962 2816 1145 2870 ovium
1172 2816 1409 2870 imitatur
1437 2818 1808 2872 mansuetudi-

199 2915 349 2955 nem.
383 2901 556 2969 Quare
592 2903 826 2960 clanculo
869 2905 1166 2973 discessisti,
1199 2916 1247 2961 et
1286 2923 1398 2962 mea
1424 2908 1602 2978 furtim
1632 2908 1808 2962 abstu-

200 2991 344 3058 listi,
390 3002 438 3047 et
481 2994 740 3050 abduxisti
785 2997 923 3066 ﬁlias
962 3014 1101 3052 meas
1128 3000 1275 3070 quasi
1323 3001 1547 3070 captivas
1593 2999 1811 3070 gladio?

198 3084 381 3150 Quare
400 3126 416 3152 ,
445 3085 650 3156 inquit,
680 3087 783 3142 hoc
813 3088 1023 3144 fecisti?
1048 3091 1175 3161 quid
1207 3090 1420 3146 tandem
1448 3093 1502 3146 in
1532 3094 1810 3164 proposito

201 3177 482 3232 habuisti?
510 3194 677 3249 quare
721 3181 800 3236 sic
838 3182 1051 3238 occulte
1093 3182 1294 3253 parasti
1331 3181 1675 3239 discessum?
1717 3183 1809 3239 27.

203 3269 348 3323 Nam
375 3271 420 3325 si
445 3273 802 3327 annuntiasses
831 3274 956 3327 mihi
981 3315 996 3339 ,
1028 3291 1144 3328 cum
1170 3291 1354 3346 magno
1383 3275 1576 3331 honore
1598 3285 1645 3330 et
1674 3277 1809 3331 laeti-

201 3361 277 3414 tia
302 3362 508 3434 fuissem
533 3373 582 3418 te
605 3375 958 3434 prosequutus.
988 3366 1281 3422 Enimvero
1309 3366 1353 3422 si
1380 3366 1484 3424 hoc
1507 3367 1809 3439 scivissem,

201 3451 332 3507 Cum
360 3453 565 3507 musicis
583 3495 598 3520 ,
631 3463 678 3508 et
708 3457 961 3525 tympanis
995 3466 1043 3510 et
1074 3457 1273 3510 cithara
1320 3466 1656 3528 prosequutus
1683 3460 1812 3527 fuis-

201 3560 308 3598 sem
325 3554 391 3597 te.
416 3543 506 3599 28.
529 3543 649 3598 Non
665 3561 779 3599 sum
803 3546 990 3617 dignus
1015 3547 1218 3601 habitus
1241 3547 1462 3601 osculari
1479 3549 1618 3616 filias
1639 3565 1809 3604 meas:

201 3651 340 3688 nunc
375 3644 548 3690 autem
590 3637 884 3706 insipienter
927 3638 1089 3708 egisti.
1135 3636 1300 3694 Vides
1350 3639 1624 3709 quomodo
1668 3656 1812 3696 nunc

200 3725 556 3795 semetipsum
595 3728 792 3796 arguit,
843 3736 898 3782 et
941 3744 1037 3798 per
1078 3727 1316 3800 linguam
1361 3743 1515 3785 suam
1572 3729 1808 3800 fatetur,

200 3830 328 3872 sese
354 3817 570 3887 quidem
590 3818 798 3888 jusutm
817 3819 958 3875 male
982 3820 1197 3876 afficere
1225 3829 1469 3892 paratum
1497 3821 1683 3890 fuisse,
1716 3823 1810 3879 Dei

199 3915 385 3962 autem
420 3909 808 3975 providentiam
831 3951 846 3977 ,
878 3924 908 3964 a
936 3911 1213 3968 molimine
1242 3926 1340 3967 suo
1368 3912 1542 3983 ipsum
1578 3913 1810 3983 impedi-

203 3995 370 4052 visse.
397 3997 487 4053 29.
523 3997 714 4066 Potest,
747 4000 937 4071 inquit,
969 4017 1150 4056 manus
1175 4018 1287 4055 mea
1307 4012 1357 4056 te
1389 4003 1610 4075 affligere
1622 4020 1642 4069 ;
1667 4002 1811 4059 Deus

200 4097 374 4144 autem
403 4091 564 4159 patris
589 4092 662 4144 tui
692 4092 800 4146 heri
824 4093 950 4146 mihi
975 4093 1103 4147 dixit
1122 4110 1142 4147 :
1170 4093 1301 4149 Cave
1325 4094 1413 4149 tibi
1443 4095 1562 4166 ipsi,
1594 4113 1658 4150 ne
1679 4101 1811 4167 forte

199 4179 430 4249 loquaris
458 4198 574 4236 cunt
595 4181 758 4238 Iacob
783 4185 937 4238 mala.
971 4184 1156 4256 Cogita
1186 4187 1272 4243 hic
1298 4198 1498 4258 quanta
1522 4205 1644 4245 cum
1680 4206 1809 4246 cun-

201 4272 468 4329 solatioue
486 4273 616 4345 justi
646 4275 842 4331 emissa
871 4275 1069 4332 fuerint
1096 4277 1212 4334 haec
1238 4280 1422 4346 verba,
1445 4289 1501 4336 et
1525 4281 1808 4338 considera

199 4365 475 4434 quomodo
503 4365 588 4421 hic
615 4365 807 4422 effatur
833 4383 953 4439 quae
977 4369 1240 4426 adversus
1260 4372 1464 4442 justum
1486 4373 1806 4441 decreverit,

198 4468 256 4513 et
274 4458 506 4528 qualiter
525 4475 647 4515 eum
668 4462 1131 4532 comprehendere
1155 4465 1397 4531 voluerit,
1424 4480 1590 4536 seque
1618 4467 1810 4524 timore

202 4549 299 4605 Dei
320 4564 349 4603 a
381 4551 536 4606 malis
561 4553 802 4610 consiliis
827 4554 1121 4611 cohibitum
1151 4556 1336 4612 fuisse.
1360 4557 1500 4613 Deus
1528 4561 1688 4628 patris
1712 4563 1806 4628 tui,

200 4641 394 4711 inquit.
427 4640 558 4698 Vide
583 4644 852 4714 quomodo
872 4646 988 4716 ipse
1013 4646 1196 4702 Laban
1219 4663 1324 4703 non
1353 4664 1540 4718 parum
1566 4651 1810 4707 utilitatis

201 4729 328 4786 hinc
348 4734 682 4802 perceperit,
716 4735 1005 4790 maximam
1031 4751 1099 4792 ex
1128 4737 1192 4791 iis
1219 4753 1341 4807 qua:
1378 4739 1480 4794 sibi
1520 4739 1661 4795 dicta
1692 4742 1808 4798 fue-

201 4832 330 4880 runt
357 4825 567 4880 virtutis
598 4826 693 4882 Dei
728 4828 1001 4898 accipiens
1042 4829 1577 4888 demonstrationem.
1612 4834 1806 4890 Verum

197 4917 324 4986 quia
343 4925 400 4972 et
415 4925 491 4982 tu,
514 4917 705 4989 inquit,
726 4920 828 4976 hoc
845 4919 1154 4990 decrevisti,
1173 4933 1226 4979 et
1245 4923 1387 4980 Deus
1402 4934 1485 4982 est
1500 4927 1587 4996 qui
1607 4935 1806 4982 tantam

199 5009 277 5064 tui
297 5024 480 5064 curam
496 5012 653 5081 gerit,
677 5012 766 5067 30.
793 5013 949 5067 Nunc
966 5015 1122 5084 igitur
1142 5015 1303 5069 uade:
1326 5033 1510 5087 magno
1531 5019 1664 5072 enim
1683 5020 1809 5074 desi-

197 5104 342 5158 derio
365 5103 666 5158 desiderasti
679 5106 820 5159 abire
835 5107 887 5160 in
904 5107 1110 5160 domum
1128 5108 1288 5178 patris
1303 5109 1396 5163 tui.
1424 5109 1592 5175 Quare
1607 5111 1808 5180 furatus

196 5211 251 5248 es
271 5195 392 5250 deos
413 5196 586 5264 meos?
609 5195 760 5262 Esto,
791 5197 994 5268 inquit;
1023 5197 1127 5253 hoc
1146 5199 1455 5257 decreveris
1480 5211 1536 5257 ut
1560 5203 1722 5260 abeas
1753 5205 1806 5260 in

195 5285 416 5342 domum
435 5286 598 5357 patris
612 5288 714 5342 tui:
743 5303 907 5358 quare
923 5288 1054 5344 deos
1072 5305 1221 5345 meos
1236 5291 1439 5346 furatus
1454 5294 1547 5348 es?
1567 5295 1612 5349 0
1627 5295 1808 5366 ingen-

199 5388 307 5434 tem
324 5377 710 5448 insipientiam!
737 5380 940 5435 talesne
960 5393 1082 5436 sunt
1102 5382 1174 5436 dii
1196 5383 1294 5451 tui,
1310 5393 1367 5438 ut
1386 5384 1509 5454 quis
1524 5400 1620 5441 eos
1639 5385 1805 5443 furari

194 5471 402 5542 queat?
425 5471 540 5526 Non
569 5472 846 5528 erubescis
883 5473 1103 5539 dicens,
1136 5475 1308 5540 Quare
1347 5479 1546 5547 furatus
1591 5494 1643 5532 es
1684 5479 1805 5534 deos
1839 5463 1844 5480 ’

196 5562 375 5618 meos!
403 5562 534 5618 Vide
560 5574 757 5634 quanta
789 5563 890 5620 fuit
927 5567 1127 5621 erroris
1153 5568 1396 5636 gravitas
1422 5610 1437 5636 ,
1487 5569 1616 5625 dum
1645 5569 1682 5626 ii
1713 5572 1804 5641 qui

197 5655 408 5711 ratione
438 5655 645 5724 praediti
679 5665 858 5724 erant,
901 5657 1154 5714 colebant
1199 5657 1405 5729 lapides
1443 5669 1500 5716 et
1542 5661 1703 5733 ligna.
1737 5661 1804 5718 Hi

241 5761 278 5834 ,ι
313 5755 428 5838 lle:
463 5757 615 5833 verba
639 5759 772 5838 ,Λιιιρ
825 5774 942 5836 vero
975 5760 1451 5838 feras'immanitate
1495 5775 1809 5838 superarunt,

195 5821 519 5932 galeasth
541 5823 636 5870 τῶν
661 5823 834 5885 Θηρίων
875 5821 1008 5888 αὐτῷ
1057 5825 1217 5888 χεῖρον
1265 5828 1516 5894 διέθηκαν,
1542 5821 1725 5881 desunt
1759 5821 1811 5884 ili

1214 418 1284 476 lN
1315 419 1470 476 CAP.
1513 415 1707 474 XXXI.
1749 415 1997 474 GENES.
2040 416 2271 475 1103111..
2313 418 2507 478 LVll..

3415 420 3544 479 502:

1915 542 2038 588 sunt
2065 531 2138 588 dii
2168 535 2242 590 tui
2263 576 2279 603 ,
2310 549 2346 591 ο
2376 532 2581 602 Lahan,
2610 534 2702 606 qui
2730 549 2905 606 neque
2929 548 3054 590 cum
3079 533 3302 590 furaturi
3323 549 3383 592 se
3402 537 3524 607 qu!-

1911 626 2035 682 dam
2056 637 2229 692 erant,
2251 627 2440 697 juvare
2462 641 2522 683 se
2542 627 2873 697 potuerunt?
2895 627 2999 694 Qui
3024 628 3170 684 enim
3192 636 3412 697 possent
3431 629 3522 697 qni

1911 731 1942 772 e
1974 717 2149 787 lapide
2173 727 2298 772 sunt
2323 717 2596 774 confecti?
2634 702 2778 774 Deus
2816 727 2997 774 autem
3034 717 3208 788 justi,
3241 718 3524 789 ignorante

1907 807 2054 877 justo
2074 850 2090 876 ,
2119 809 2379 878 impetum
2405 818 2557 864 tuum
2580 809 2840 865 coercuit.
2873 808 2942 864 Et
2961 823 3069 864 non
3095 809 3300 880 cogitas
3321 809 3524 865 erroris

1913 899 2357 968 magnitudinem,
2404 910 2460 956 et
2487 900 2694 970 justum
2739 899 2866 956 furti
2905 901 3130 970 arguis?
3157 901 3337 968 Quare
3379 901 3540 956 cnim»

1906 989 2088 1058 justus
2117 990 2239 1046 illos
2264 991 2432 1045 furari
2461 991 2719 1046 voluisset
2738 1031 2752 1056 ,
2781 1005 2921 1061 quos
2948 991 3384 1057 abominabatur,
3413 990 3523 1047 imo

1911 1097 2048 1152 quos
2092 1080 2298 1138 sciebat
2325 1096 2446 1138 esse
2485 1097 2650 1138 sensu
2679 1097 2878 1138 vacuos
2927 1083 3179 1153 lapides?
3207 1083 3378 1138 Porro
3407 1083 3524 1139 haec

1909 1186 2034 1226 cum
2079 1171 2318 1227 audisset
2360 1171 2551 1240 Iacob,
2601 1173 2833 1243 primum
2879 1189 3068 1245 magna
3112 1173 3526 1229 mansuetudine

1911 1264 1980 1319 de
2001 1263 2230 1334 objectis
2253 1265 2568 1321 criminibus
2593 1279 2653 1321 se
2682 1276 2893 1335 purgat,
2926 1272 2982 1321 et
3010 1274 3137 1321 tunc
3166 1275 3223 1320 ut
3252 1266 3526 1336 inquimu-

1912 1363 2000 1409 tur
2027 1354 2100 1410 dii
2141 1354 2312 1425 jubet.
2339 1357 2430 1411 3i.
2462 1353 2588 1410 Dixi
2628 1356 2763 1410 enim
2782 1398 2798 1422 ,
2832 1357 3027 1428 inquit,
3055 1373 3120 1411 ne
3148 1360 3279 1427 forte
3315 1359 3527 1428 auferas

1913 1445 2050 1514 filias
2076 1455 2188 1500 tuas
2213 1462 2246 1500 a
2271 1463 2367 1514 me,
2399 1457 2447 1502 et
2475 1448 2647 1501 omnia
2673 1463 2808 1501 mea.
2840 1446 3000 1515 Quia,
3033 1447 3240 1518 inquit,
3271 1446 3524 1504 videbam

1913 1545 1966 1590 te
2011 1552 2117 1590 non
2149 1535 2288 1592 bene
2327 1553 2455 1608 erga
2501 1552 2594 1593 me
2632 1537 2884 1593 affectum
2905 1578 2920 1602 ,
2949 1538 3143 1593 anxius
3184 1536 3255 1591 fui
3287 1551 3356 1592 ne
3387 1535 3527 1592 forte

1912 1630 2189 1685 conareris
2217 1629 2429 1686 auferre
2459 1629 2594 1686 filias
2624 1638 2741 1685 tuas
2770 1639 2827 1686 et
2855 1630 3135 1686 facultates
3161 1645 3333 1693 meas,
3362 1639 3526 1701 atque

1915 1721 2128 1790 privare
2167 1737 2254 1777 me
2292 1722 2451 1788 meis,
2483 1723 2624 1777 sicut
2665 1720 2936 1791 quondam
2986 1719 3179 1776 fecisti.
3232 1719 3334 1775 lsta
3368 1719 3529 1791 igitur

1911 1825 2075 1866 causa
2102 1811 2311 1868 timoris
2337 1811 2498 1878 fecit,
2529 1820 2591 1867 ut
2615 1811 2758 1866 clam
2787 1819 2839 1866 te
2863 1810 3091 1866 abirem.
3121 1809 3390 1865 Caeterum
3433 1808 3523 1865 32.

1914 1900 2068 1971 Apud
2092 1919 2239 1972 quem
2266 1902 2516 1957 inueneris
2543 1902 2664 1956 deos
2689 1911 2822 1967 tuos,
2851 1917 2954 1954 non
2981 1900 3110 1955 vivet
3139 1916 3314 1953 coram
3343 1899 3526 1969 fratri-

1913 1993 2006 2048 bus
2044 1995 2252 2050 nostris.
2283 1993 2443 2049 Vides
2469 1993 2749 2064 ignorasse
2793 1990 2962 2047 Iacob
3006 1991 3204 2045 furtum
3230 2005 3262 2044 a
3292 1988 3529 2045 Rachele

1913 2087 2282 2142 commissum.
2305 2085 2444 2141 Vide
2471 2085 2616 2142 enim
2644 2093 2842 2155 quanta
2865 2083 3182 2138 austeritate
3204 2081 3527 2152 supplicium

1913 2178 2156 2234 decernit
2177 2178 2232 2233 ei
2252 2178 2342 2249 qui
2374 2177 2573 2232 furtum
2602 2175 2918 2231 admiserat.
2950 2173 3107 2244 Apud
3132 2189 3302 2244 quem,
3331 2173 3527 2243 inquit,

1914 2272 2104 2326 inuenti
2133 2267 2343 2342 fuerint,
2385 2286 2486 2324 non
2513 2269 2638 2324 viset
2661 2285 2838 2322 coram
2879 2267 3123 2338 fratribus
3150 2266 3357 2319 nostris.
3411 2264 3528 2319 Non

1915 2362 2089 2416 solum
2110 2402 2127 2429 ,
2159 2363 2370 2432 inquit,
2401 2361 2527 2432 quia
2555 2359 2794 2416 ablatum
2824 2369 2928 2425 est,
2961 2358 3055 2413 sed
3086 2367 3141 2413 et
3179 2357 3303 2428 quia
3331 2356 3530 2415 furtum

1915 2455 2006 2527 qui
2039 2453 2244 2522 fecerit,
2279 2454 2625 2511 manifestum
2649 2455 2732 2510 sui
2761 2453 2948 2524 flagitii
2981 2453 3236 2508 indicium
3266 2449 3525 2523 proferet.

1917 2547 2067 2604 Scias
2091 2549 2136 2602 si
2160 2547 2286 2618 quid
2313 2556 2387 2600 est
2417 2555 2621 2600 tuorum
2647 2547 2790 2614 apud
2819 2562 2918 2610 me,
2941 2554 2990 2598 et
3014 2545 3207 2614 accipe.
3237 2543 3494 2598 Scrutare
3511 2581 3528 2607 ,

1917 2640 2107 2710 inquit,
2143 2653 2270 2693 num
2311 2635 2441 2709 quid
2481 2635 2799 2692 abstulerim
2834 2635 2980 2705 quod
3005 2634 3072 2688 ad
3105 2649 3192 2688 me
3219 2648 3324 2688 non
3368 2632 3532 2702 perti-

1918 2731 2115 2785 nuerit.
2143 2728 2285 2783 Nihil
2311 2727 2455 2783 aliud
2492 2728 2547 2782 in
2573 2741 2660 2782 me
2680 2741 2907 2797 arguere
2939 2725 3163 2796 poteris.
3196 2739 3358 2793 quam
3385 2722 3530 2794 quod

1916 2821 2055 2876 clam
2080 2819 2304 2874 abierim
2329 2836 2344 2872 :
2373 2827 2429 2875 et
2450 2819 2552 2873 hoc
2587 2832 2697 2873 non
2726 2825 2919 2888 sponte
2951 2815 3074 2881 feci,
3101 2814 3197 2870 sed
3221 2814 3530 2884 suspicatus

1917 2911 2255 2978 injustitiam,
2284 2917 2340 2966 et
2369 2910 2568 2964 timens
2593 2922 2663 2964 ne
2690 2907 2859 2962 velles
2884 2905 3101 2961 auferre
3134 2905 3271 2960 filias
3298 2912 3443 2970 tuas,
3475 2911 3532 2958 et

1915 3003 2049 3056 alias
2075 3015 2224 3056 meas
2255 2999 2574 3064 facultates,
2607 3000 2652 3054 si
2689 2999 2742 3053 id
2786 2998 3040 3053 rescires.
3088 2997 3157 3051 Et
3186 3013 3288 3050 non
3325 2994 3531 3067 agnovit

1915 3091 2056 3162 apud
2084 3108 2201 3146 eum
2225 3091 2442 3160 aliquid.
2478 3088 2750 3142 Nesciebat
2774 3099 2944 3142 autem
2967 3087 3132 3141 Iacob
3160 3087 3298 3158 quod
3333 3085 3531 3141 Rachel

1916 3199 2048 3237 uxor
2073 3199 2167 3237 sua
2197 3182 2372 3252 furata
2397 3181 2576 3250 fuisset
2602 3195 2708 3235 eos.
2741 3180 2832 3236 33.
2863 3177 3134 3251 Ingressus
3158 3188 3330 3233 autem
3349 3177 3530 3233 Laban

1917 3283 2171 3328 scrutatus
2199 3281 2272 3326 est
2301 3273 2508 3326 domum
2538 3270 2649 3326 Lia:
2667 3312 2682 3337 ,
2711 3281 2760 3325 et
2785 3287 2888 3324 non
2914 3270 3120 3324 inuenit.
3162 3269 3433 3342 Ingressus
3458 3279 3533 3325 est

1916 3375 2084 3418 autem
2124 3374 2173 3418 et
2217 3365 2271 3417 in
2311 3363 2520 3417 domum
2557 3361 2772 3415 Rachel.
2816 3362 2904 3416 54.
2947 3360 3143 3416 Rachel
3175 3377 3292 3416 vero
3336 3361 3532 3432 accepit

1916 3457 2076 3522 idola,
2104 3466 2149 3510 et
2177 3455 2346 3524 posuit
2373 3470 2434 3508 ea
2458 3454 2629 3509 subter
2653 3463 2930 3507 stramenta
2959 3452 3294 3518 camelorunt,
3325 3462 3372 3507 et
3401 3453 3532 3508 sedit

1916 3566 2069 3620 super
2110 3565 2189 3605 ea.
2223 3549 2290 3603 Et
2329 3548 2461 3602 dixit
2505 3548 2641 3618 patri
2669 3563 2762 3602 suo
2785 3561 2805 3600 :
2835 3547 2924 3602 35.
2969 3543 3054 3600 Ne
3095 3547 3320 3616 grauiter
3353 3545 3540 3616 ‘feras,

1916 3644 2120 3697 domine
2145 3643 2213 3695 mi
2237 3658 2255 3694 :
2283 3657 2385 3696 non
2416 3657 2622 3710 possunt
2651 3655 2860 3709 surgere
2881 3654 3059 3694 coram
3090 3648 3166 3704 te,
3196 3639 3319 3708 quia
3344 3653 3532 3693 secun-

1917 3737 2038 3789 dum
2063 3735 2478 3790 consuetudinem
2502 3733 2772 3788 mulierum
2800 3733 2925 3787 mihi
2945 3741 3039 3787 est.
3065 3732 3341 3788 Scrutatus
3360 3741 3532 3787 autem

1916 3837 1989 3882 est
2018 3826 2196 3882 Laban
2215 3827 2270 3882 in
2295 3834 2398 3882 tota
2418 3826 2570 3880 domo
2592 3825 2722 3896 ejus,
2756 3833 2802 3879 et
2826 3840 2928 3879 non
2957 3825 3166 3879 invenit.

1991 3920 2045 3974 6.
2089 3919 2279 3990 Magna
2327 3916 2579 3973 ltachelis
2627 3915 2868 3983 solertia,
2913 3930 3009 3985 per
3054 3930 3216 3985 quam
3272 3913 3532 3972 deludere

1919 4013 2091 4082 putuit
2118 4010 2418 4065 Labanum.
2449 4007 2686 4063 Audiant
2724 4007 2817 4078 qui
2864 4004 3046 4061 adhuc
3091 4005 3372 4061 erroribus
3407 4007 3533 4061 stfnt

1916 4103 2140 4169 addicti,
2189 4111 2246 4157 et
2293 4095 2656 4156 idololatriam
2711 4098 2892 4170 magni
2949 4096 3172 4162 faciunt.
3236 4096 3422 4152 Posuit
3473 4116 3534 4154 ea

1915 4196 2086 4250 subter
2113 4203 2393 4250 stramenta
2420 4194 2756 4261 camelorum,
2813 4193 3007 4263 inquit,
3053 4201 3098 4249 et
3119 4191 3248 4246 sedit
3268 4208 3424 4262 super
3449 4209 3532 4249 ea.

1917 4289 2054 4357 Quid
2083 4287 2166 4343 bis
2198 4289 2368 4360 magis
2392 4287 2681 4342 ridiculum
2701 4287 2725 4341 ?
2745 4285 2847 4354 Qui
2875 4285 3086 4341 ratione
3119 4285 3326 4356 praediti
3355 4296 3530 4351 erant,

1917 4389 1972 4435 et
2014 4387 2216 4435 tantam
2265 4377 2636 4435 misericordia
2669 4378 2765 4434 Dei
2805 4377 3082 4447 assequuti
3123 4378 3336 4433 fuerant
3360 4377 3532 4450 digni-

1919 4479 2082 4526 tatem
2107 4512 2123 4538 ,
2177 4469 2382 4540 lapides
2425 4485 2590 4526 sensu
2631 4482 2829 4523 vacuos
2870 4476 3062 4545 putant
3098 4467 3358 4525 colendos
3388 4487 3401 4524 :
3434 4486 3534 4527 nec

1920 4561 2084 4630 pudet
2111 4577 2227 4628 eos,
2259 4575 2359 4616 nec
2385 4570 2588 4615 tantam
2610 4574 2800 4615 secum
2833 4569 3085 4630 reputant
3115 4559 3531 4625 absurditatem,

1919 4653 2014 4709 sed
2039 4668 2070 4708 a
2098 4652 2498 4708 consuetudine
2542 4652 2694 4721 quasi
2723 4666 2855 4706 oves
2903 4651 3286 4706 abducuntur?
3330 4650 3534 4708 Idcirco

1921 4741 2115 4795 Paulus
2143 4755 2357 4811 quoque
2378 4739 2622 4795 scribens
2645 4738 2860 4794 dicebat
2895 4758 2907 4792 :
2938 4738 3096 4794 Scitis
3121 4739 3332 4814 quando
3361 4749 3533 4810 gentes

1921 4837 2103 4900 eratis,
2160 4835 2229 4888 ad
2270 4835 2413 4888 idola
2463 4845 2606 4887 mula
2652 4843 2924 4903 utcumque
2973 4833 3300 4891 ducebamini
3361 4841 3534 4889 euntes

1921 4929 1996 5000 (l.
2026 4928 2148 4985 Cor.
2177 4929 2262 4983 η.
2291 4927 2376 5000 2).
2410 4928 2478 4982 Et
2504 4936 2649 4982 recte
2670 4926 2825 4991 dixit,
2860 4926 3030 4980 Muta.
3062 4925 3164 4993 Qui
3191 4941 3404 4991 vocem,
3446 4926 3531 4980 in-

1916 5021 2048 5090 quit,
2085 5020 2294 5075 habetis
2314 5028 2371 5075 et
2406 5035 2582 5083 aures,
2612 5028 2669 5074 et
2694 5019 2919 5073 rationis
2943 5020 3076 5073 estis
3116 5018 3429 5089 participes,
3461 5017 3531 5071 ad

1915 5129 1978 5168 ea
2004 5129 2125 5185 qua:
2169 5112 2375 5168 nullum
2416 5127 2634 5168 sensum
2673 5111 2892 5177 habent,
2924 5111 3064 5166 sicut
3109 5111 3266 5165 bruta
3305 5109 3529 5165 abduci-

1916 5206 2068 5261 mini.
2126 5205 2196 5260 Et
2244 5206 2458 5276 qualem
2504 5204 2596 5274 qui
2625 5204 2760 5258 tales
2797 5212 2925 5258 sunt
2965 5202 3174 5257 veniam
3207 5200 3531 5257 merentur!

1914 5296 2022 5352 Sed
2053 5296 2332 5352 videamus
2353 5296 2624 5366 quomodo
2647 5297 2824 5365 justus
2866 5308 3012 5348 nunc
3062 5292 3314 5347 fiduciam
3360 5306 3525 5348 acce-

1915 5391 2076 5460 perit,
2108 5389 2301 5460 partim
2343 5403 2415 5444 ex
2463 5388 2526 5442 iis
2555 5403 2672 5457 qua:
2729 5386 2911 5441 Laban
2953 5383 3236 5440 confessus
3261 5394 3367 5450 est,
3401 5397 3527 5454 par-

1917 5483 2009 5536 tim
2054 5480 2306 5550 quoniam
2378 5481 2586 5534 nullum
2641 5480 2849 5533 crimen
2898 5487 3084 5533 contra
3132 5490 3192 5531 se
3246 5477 3528 5530 invenerat

1915 5573 2335 5644 reprehensione
2387 5573 2604 5644 dignum
2636 5614 2652 5639 ,
2685 5572 2811 5641 quid
2864 5570 3043 5625 dicit?
3093 5569 3182 5626 36.
3231 5566 3406 5622 Iratus
3456 5577 3530 5622 est

1910 5677 2102 5732 autem,
2134 5666 2326 5737 inquit,
2377 5665 2562 5732 Iacob,
2596 5675 2642 5719 et
2663 5665 2926 5718 contendit
2958 5679 3074 5716 cum
3116 5661 3316 5725 Laban,
3372 5670 3419 5715 et
3442 5661 3528 5713 di-

1912 5761 2008 5814 xit.
2032 5756 2166 5812 Vide
2217 5757 2489 5828 quomodo
2537 5757 2701 5813 etiam
2747 5753 3140 5826 espostulando
3169 5754 3367 5808 animm
3415 5769 3526 5808 suae

1921 5849 2173 5908 virtutem
2202 5849 2422 5923 detegit.
2474 5851 2603 5920 Qua:
2638 5850 2889 5920 injustitia
2922 5864 3052 5917 mea,
3085 5848 3160 5903 vel
3189 5848 3325 5918 quod
3350 5862 3523 5919 pecca-
